4192 6434
737 345 870 414 1291

1877 336 1938 396 S.
1980 332 2268 394 MAXIM!
2300 332 2816 399 CONFESSORIS

3853 345 3996 412 12⁸92

742 468 860 519 Liea:
895 457 1260 533 pbiiosopbiz
1286 450 1746 524 impassibilitatis
1791 459 1846 504 et
1881 450 2140 520 gnostiez
2173 461 2301 500 con-

2411 452 2552 500 κατα
2586 451 2684 519 τὴν
2717 451 3030 522 πρακτικὴν
3067 451 3390 522 ςιλοσοφίαν
3419 453 3690 517 ἀπαθείας
3723 458 3817 507 καὶ
3843 473 3994 522 γνω-

738 548 1115 619 templationis
1150 547 1328 613 imago
1350 552 1456 606 est,
1490 541 1656 611 hujus
1687 550 1749 593 ut
1775 554 1953 610 przco
1973 548 2028 592 et
2050 538 2308 607 baptista,

734 647 964 698 alterius
998 651 1059 695 ut
1083 639 1316 693 eremita
1345 646 1401 689 et
1429 651 1460 689 a
1496 633 1705 689 mundo
1727 632 1948 702 penitus
1969 640 2308 699 segregatus,

734 736 884 788 illius
917 745 1048 785 vero
1108 736 1170 782 ut
1207 725 1396 780 Levita
1426 733 1484 779 et
1533 722 1795 778 samrdos
1835 729 1894 774 et
1924 719 2096 774 divini
2152 718 2308 773 verbi

734 840 1066 896 pmcurwr,
1095 821 1191 876 sed
1225 821 1390 875 etiam
1418 821 1540 889 ejus
1565 832 1685 886 qua
1709 815 1762 868 in
1804 815 1894 869 bis
1936 812 2309 884 deprehendi-

2417 542 2608 610 στικῆς
2636 542 2870 612 θεωρίας
2892 545 3040 596 tactv
3068 543 3235 597 είκὺν
3253 585 3270 610 ,
3317 545 3420 614 τῆς
3451 546 3552 615 μὲν
3581 547 3658 608 ὡς
3686 546 3864 615 κῆρυξ
3895 552 3998 600 καὶ

2417 631 2757 701 βαπτιστὴς,
2811 633 2910 704 τῆς
2956 634 3014 686 δὶ
3064 634 3141 698 ὣς
3178 635 3447 705 ιρημίτης
3497 636 3594 688 καὶ
3634 636 3732 690 τοῦ
3779 638 3998 707 κόσμου

2416 723 2594 792 πάντη
2623 724 3032 794 κεχωρισμένος
3049 765 3065 789 .
3099 726 3198 795 τῆς
3225 725 3281 778 δὲ
3315 727 3393 788 ὡς
3420 726 3654 794 Λευίτης
3687 727 3781 779 καὶ
3809 729 3996 797 ἱερεὺς

2413 815 2509 866 καὶ
2538 813 2674 866 Θεοῦ
2703 815 2881 882 Λόγου
2912 815 3240 886 πρόδρομος,
3275 815 3411 869 ἀλλά
3441 818 3537 868 καὶ
3567 815 3666 885 τῆς
3697 819 3759 868 ἐν
3778 818 3998 880 τούτοις

736 929 826 972 tur
858 914 1150 970 habitualis
1174 912 1494 966 constantiae
1530 924 1595 964 ac
1639 907 1958 963 stabilitatis
1999 904 2301 976 symbolum

2414 909 2558 962 κατά
2586 910 2686 980 τὴν
2713 909 2826 974 Ξξιν
2852 910 3117 980 ἁτριψίας
3144 910 3412 980 σύμϐολον
3436 952 3452 976 ,
3509 912 3586 976 ὡς
3616 914 3724 966 ἀπὸ
3750 915 3996 981 γαστρὸς

736 1021 926 1078 utpote
958 1009 1052 1077 qui
1083 1022 1150 1060 ex
1180 1015 1341 1059 utero
1382 1002 1466 1056 vel
1503 1016 1676 1070 sque
1705 999 1776 1054 ad
1831 1009 2066 1054 mortem
2109 996 2307 1051 anima

735 1102 788 1155 in
818 1102 902 1153 bis
934 1111 1182 1152 tenorem
1218 1094 1510 1148 infractum
1530 1091 1896 1147 conservavit.
1921 1087 2093 1144 David
2118 1097 2306 1142 autem

735 1193 1136 1254 confessionis,
1196 1188 1430 1243 actionis
1483 1195 1649 1254 atque
1704 1180 2186 1250 contemplationis
2248 1188 2306 1234 et

735 1289 849 1355 ipse
879 1287 1054 1352 imago
1085 1291 1189 1343 est,
1215 1289 1274 1333 ut
1300 1277 1541 1333 Judaicz
1567 1275 1744 1330 tribus
1772 1284 1828 1327 et
1855 1281 2043 1341 pastor
2066 1271 2306 1341 prium

733 1388 788 1429 et
818 1386 1003 1444 postea
1029 1389 1144 1430 rex.
1169 1381 1225 1426 et
1277 1369 1690 1438 Allophylorum
1745 1364 2049 1425 confector.
2102 1372 2161 1418 at
2193 1379 2302 1416 non

735 1469 868 1522 item
895 1465 1194 1520 babitualis
1218 1463 1432 1517 illarum
1485 1458 1800 1513 stabilitatis
1837 1456 2170 1526 symbolum.
2195 1454 2306 1508 Ex-

733 1559 872 1614 cidit
911 1557 1062 1610 enim
1115 1564 1239 1624 post
1290 1551 1668 1621 agnitionem,
1734 1548 2036 1602 humanum
2093 1543 2304 1613 aliquid

733 1662 952 1719 passus,
983 1655 1039 1698 et
1067 1642 1291 1696 virtutis
1313 1647 1478 1710 atque
1509 1637 1838 1707 cognitionis
1892 1635 2144 1688 habitum
2190 1647 2304 1686 non

735 1737 979 1796 scrvavit
1010 1735 1380 1788 immutatum.
1411 1729 1778 1796 Quamobrem
1821 1727 2053 1781 fortasse
2103 1741 2207 1780 nec
2234 1724 2303 1779 de

2414 1001 2510 1053 καὶ
2560 1001 2722 1070 μέχρι
2764 1000 2995 1054 θανάτου
3044 1003 3137 1055 τὸν
3170 1005 3229 1056 ιν
3255 1003 3467 1064 τούτοις
3505 1004 3607 1073 τῆς
3630 1005 3808 1074 ψυχῆς
3838 1007 3998 1057 τόνον

2411 1091 2726 1160 ἀμείλικτον
2765 1091 3121 1162 διατηρήσας.
3168 1093 3227 1145 ’0
3255 1092 3313 1144 δὲ
3341 1093 3508 1146 Δαϐὶδ
3547 1093 3998 1163 ἐξομολογήαυς

2413 1179 2665 1249 πράξεώς
2709 1197 2768 1233 τι
2827 1181 2924 1234 καὶ
2967 1181 3202 1250 θεωρίας
3258 1184 3352 1234 καὶ
3397 1183 3560 1245 αὑτός
3615 1185 3763 1236 ἔστιν
3803 1185 3997 1246 slain,

2412 1271 2488 1333 ὡς
2519 1271 2619 1339 τῆς
2652 1271 2947 1339 Ἰουδαϊκῆς
2995 1272 3166 1341 φυλῆς
3213 1275 3309 1325 καὶ
3354 1275 3558 1344 ποιμὴν
3586 1277 3852 1344 πρότερον
3896 1279 3999 1328 καὶ

2414 1363 2639 1434 ὕστερον
2693 1362 2982 1431 βασιλεὺς,
3041 1366 3134 1418 καὶ
3186 1365 3296 1418 τῶν
3325 1365 3639 1432 ἀλλοφύλων
3677 1368 3997 1436 ἀναιρετης.

2410 1456 2471 1508 οὑ
2524 1456 2633 1525 μὴν
2665 1454 2724 1507 δὲ
2775 1457 2870 1508 καὶ
2914 1455 3013 1525 τῆς
3049 1456 3256 1509 τούτων
3288 1457 3434 1510 κατὰ
3460 1457 3557 1527 τὴν
3582 1457 3696 1521 ἕξιν
3724 1459 3998 1528 άτρεψίας

2411 1545 2702 1614 σύμϐολον.
2730 1545 3017 1616 Παρέπεσε
3034 1547 3141 1616 γάρ
3167 1548 3306 1616 μετὰ
3329 1549 3429 1616 τὴν
3449 1549 3999 1618 Enipeu:thng

2413 1637 2569 1690 πινόν
2611 1653 2668 1689 τι
2717 1636 2906 1690 παθὼν
2930 1676 2945 1698 ,
3002 1637 3096 1688 καὶ
3132 1637 3232 1706 τὴν
3257 1637 3370 1703 ἕξιν
3395 1638 3494 1708 τῆς
3523 1638 3728 1706 ἀρετῆς
3761 1639 3859 1691 καὶ
3887 1639 4000 1707 τῆς

2410 1728 2663 1796 γνώσεως
2717 1727 2819 1781 οὑκ
2868 1727 3133 1795 ἐφύλαξεν
3180 1729 3470 1798 ἄτρεπτον.
3528 1731 3620 1783 Διὸ
3662 1731 3828 1800 τυχὸν
3866 1730 3998 1783 οὐδὲ

734 1795 900 1883 Verbi
932 1835 1113 1887 utero,
1148 1823 1678 1893 quomodomagnus
1705 1819 1964 1882 Joannes,
2004 1817 2301 1872 exsultasse

2410 1795 2518 1871 άπὸ
2567 1817 2804 1887 γαστρὸς
2854 1816 2949 1870 τοῦ
2998 1817 3161 1885 λόγου
3219 1795 3623 1889 π-ροσκιρτῆσαι
3669 1795 3999 1889 γέγραπται

733 1928 1016 1982 narratur,
1045 1917 1140 1972 sed
1173 1923 1295 1985 post
1319 1913 1616 1984 perfectam
1661 1911 2076 1980 Allophylorum
2137 1909 2308 1961 inter-

733 2013 1026 2067 necionem
1048 2024 1298 2076 areaque
1329 2006 1755 2066 restitutionem,
1807 2003 1910 2057 hoc
1942 2013 2026 2056 est
2061 2010 2184 2069 post
2219 2015 2305 2052 re-

733 2115 950 2171 pressas
976 2098 1259 2168 passiones
1285 2108 1671 2162 reversamque
1696 2107 1888 2145 rursus
1909 2090 2300 2160 cognitionem.

733 2193 914 2260 Imago
942 2190 1108 2260 igitur
1132 2187 1359 2243 Joannis
1384 2185 1606 2253 quidem
1637 2193 1722 2237 est
1745 2184 1991 2235 omnium
2020 2182 2224 2234 virtute
2250 2190 2306 2232 et

730 2283 1042 2351 cognitione
1078 2294 1177 2349 per
1205 2277 1585 2347 paenitentiam
1607 2275 1661 2328 in
1685 2275 1884 2343 spiritu
1915 2282 2303 2339 generatorum

731 2375 1097 2440 habitumque
1126 2371 1180 2423 in
1209 2369 1296 2422 his
1317 2368 1664 2420 immutatum
1697 2363 1765 2418 ad
1809 2364 1972 2417 ﬁnem
1998 2376 2172 2430 usque
2206 2375 2304 2429 per

733 2477 1091 2536 progressum
1142 2457 1600 2529 perservantium.
1635 2455 1806 2509 David
1865 2470 2002 2507 vero
2055 2454 2300 2506 omnium

732 2566 857 2627 post
881 2554 1216 2624 agnitionem
1266 2547 1725 2618 delinquentium,
1768 2559 2068 2612 rursusque
2116 2541 2301 2611 gaudii

731 2647 904 2703 divini
931 2642 1356 2697 exsultationem
1383 2639 1451 2694 de
1479 2640 1683 2694 virtute
1707 2637 2083 2707 etcognitione
2104 2635 2302 2687 animat

730 2754 831 2810 per
861 2735 1240 2805 pmnitentiam
1273 2731 1678 2790 redueentium.
1722 2729 1910 2798 Itaque
1966 2727 2149 2781 brevis
2181 2740 2302 2779 esse

730 2828 962 2886 studens
994 2842 1224 2897 magnus
1248 2825 1530 2896 magister,
1555 2833 1612 2878 et
1641 2821 1913 2877 sermonis
1933 2820 2043 2873 vim
2072 2821 2126 2872 in
2175 2818 2300 2871 lati—

2409 1911 2552 1962 κατὰ
2601 1908 2693 1961 τὸν
2741 1910 2912 1979 μέγαν
2947 1910 3199 1978 Ἰωάννην
3221 1949 3236 1973 ,
3289 1909 3424 1965 ἀλλὰ
3462 1911 3601 1980 μετὰ
3628 1911 3725 1980 τὴν
3754 1911 3862 1963 τῶν
3890 1912 3999 1963 άλ-

2408 2001 2654 2069 λοφὺλων
2681 2001 2892 2054 τελείαν
2917 2002 3199 2072 ἀναίρεσιν
3228 2003 3322 2054 καὶ
3347 2002 3446 2072 τὴν
3471 2001 3568 2071 τῆς
3595 2001 3828 2054 κιϐωτοῦ
3850 2005 4001 2057 ἀπο-

2409 2094 2771 2160 κατάστασιν,
2828 2096 3075 2148 τουτέστι
3111 2096 3249 2164 μετὰ
3280 2095 3377 2165 τὴν
3405 2095 3516 2148 τῶν
3546 2094 3736 2148 παθῶν
3766 2095 3998 2164 ὑποχώ-

2411 2202 2568 2255 ρησιν
2616 2187 2712 2238 καὶ
2743 2187 2842 2257 τὴν
2874 2186 2973 2254 τῆς
3005 2185 3261 2252 γνώσεως
3304 2181 3461 2249 αὖθις
3491 2186 3769 2239 ἐπάνοδον.
3804 2186 4000 2247 τύπος

2407 2273 2500 2329 οὖν
2531 2278 2680 2329 ἐστιν
2729 2278 2758 2329 ό
2807 2277 2903 2346 μὲν
2940 2277 3192 2345 Ἰωάννης
3239 2277 3459 2330 πάντων
3501 2277 3609 2330 τῶν
3639 2277 3762 2331 κατ’
3783 2278 4000 2346 ἀρετὴν

2407 2368 2500 2421 καί⁵
2533 2368 2736 2434 γνῶσιν
2767 2368 2854 2421 διὰ
2891 2368 3180 2437 μετανοίας
3212 2369 3271 2420 ὲν
3298 2367 3572 2438 πνεύματι
3601 2370 3996 2437 γεννωμένων,

2405 2461 2501 2511 καὶ
2539 2459 2700 2529 μέχρι
2737 2460 2924 2518 τέλους
2974 2460 3063 2512 διὰ
3102 2459 3386 2529 προκοπῆς
3417 2461 3516 2530 τὴν
3546 2461 3604 2511 ὲν
3631 2460 3837 2522 τούτοις
3869 2458 4002 2522 ἕξιν

2406 2551 2676 2622 ἄτρεπτον
2733 2550 3172 2622 διατηρούντων,
3237 2555 3266 2606 ό
3299 2553 3353 2604 δὲ
3402 2551 3568 2605 Δαϐὶδ
3622 2553 3838 2605 πάντων
3874 2551 3998 2604 τῶν

2409 2645 2549 2713 μετὰ
2607 2644 2707 2712 τὴν
2766 2645 3063 2712 ἐπίγνωσιν
3115 2647 3613 2715 παραπιπτόντων,
3680 2647 3772 2698 καὶ
3817 2647 3999 2699 πάλιν

2403 2733 2490 2785 διὰ
2519 2733 2812 2803 μετανοίας
2853 2735 2912 2788 τὸ
2942 2736 3064 2788 κατ’
3084 2737 3289 2807 ἀρετὴν
3318 2738 3412 2789 καὶ
3438 2736 3639 2803 γνῶσιν
3676 2737 3996 2805 ἱπαναγόν-

2403 2842 2511 2876 των
2536 2826 2633 2895 τῆς
2657 2825 2834 2895 ψυχῆς
2857 2826 2956 2896 τῆς
2976 2825 3126 2890 θείας
3150 2829 3323 2897 χαρᾶς
3345 2829 3681 2898 ἀγαλλίαμα.
3709 2830 3998 2899 Σύντομος

730 2918 979 2974 tudinem
1013 2929 1240 2985 pronam
1267 2913 1464 2983 spiritu
1514 2912 1848 2981 restringere
1881 2909 2133 2978 cupiens,
2173 2921 2297 2959 cum

2406 2915 2592 2985 (216
2611 2917 2666 2986 α)
2695 2912 2790 2969 οὖν
2815 2917 3095 2986 ὑπάρχων,
3125 2919 3316 2989 καὶτῷ
3337 2920 3607 2987 πνεύματι
3631 2921 3728 2991 τὴν
3751 2922 3827 2983 είς
3847 2922 3998 2976 πλά-

728 3009 938 3062 Joanne
966 3017 1024 3060 et
1049 3005 1276 3069 Davide,
1306 3003 1516 3075 magnis
1535 3002 1867 3064 duumviris,
1893 3017 1992 3071 per
2011 3001 2300 3068 utriusque

2406 3025 2495 3071 τος
2540 3008 2634 3060 τοῦ
2675 3009 2837 3077 λόγου
2889 3010 3120 3080 δύναμιν
3166 3012 3370 3080 νοερῶς
3417 3013 3702 3076 συστείλας
3744 3015 3772 3066 ό
3807 3013 3998 3082 μέγας

730 3099 980 3154 habitum
1034 3096 1373 3166 comparavit
1429 3095 1600 3148 divini
1648 3093 1852 3163 eloquii
1879 3092 2298 3154 auseultatores,

2406 3100 2746 3165 διδάσκαλος,
2791 3101 3013 3172 Ἰωάννῃ
3049 3103 3142 3154 καὶ
3165 3103 3326 3156 Δαϐιδ
3359 3107 3474 3166 τοῖς
3499 3105 3756 3173 μεγάλας
3789 3106 3997 3175 παρείς

721 3201 990 3260 tanquam
1018 3188 1271 3244 alterutri
1301 3187 1498 3240 horum
1531 3185 1777 3249 omnino,
1806 3183 1884 3238 uti
1946 3182 2187 3246 videtur,
2233 3197 2300 3236 eo

2406 3209 2540 3244 κασε
2596 3191 2684 3244 διὰ
2729 3191 2829 3261 τῆς
2876 3191 3000 3246 καθ’
3020 3194 3280 3262 ἑκάτερον
3325 3194 3494 3258 ἕξεως
3530 3197 3658 3258 τοὺς
3687 3195 3799 3247 τῶν
3821 3196 3998 3248 θείων

727 3283 823 3352 qui
852 3281 1162 3334 luculenter
1181 3280 1248 3333 de
1277 3288 1511 3346 utroque
1551 3276 1960 3330 demonstratus
1987 3284 2072 3328 est
2113 3274 2295 3336 modo,

727 3376 1111 3444 unusquisque
1179 3389 1372 3428 eorum
1422 3372 1515 3440 qui
1553 3371 1639 3441 pie
1700 3371 1890 3423 vivunt
1946 3369 2296 3438 respondeat,

724 3469 879 3538 quasi
909 3468 1115 3522 diserte
1145 3466 1416 3520 clamans:
1441 3463 1766 3530 Quicunque
1794 3461 2042 3514 divinum
2080 3458 2301 3512 virtutis

723 3570 780 3615 et
809 3558 1141 3628 cognitionis
1181 3557 1235 3609 in
1265 3555 1422 3609 vobis
1451 3569 1550 3623 per
1579 3552 1958 3622 paenitentiam
2005 3552 2298 3619 ingenera-

725 3661 842 3706 tum
890 3650 1178 3719 recepistis
1204 3662 1541 3710 sermonem,
1575 3646 1689 3700 sive
1733 3646 1787 3698 in
1827 3643 2005 3714 magni
2067 3643 2297 3697 Joannis

725 3743 950 3798 modum
981 3758 1048 3795 ex
1088 3739 1362 3810 principio
1397 3753 1570 3806 usque
1601 3737 1668 3791 ad
1705 3736 1866 3790 finem
1899 3752 1999 3805 per
2035 3749 2295 3805 progres-

723 3849 847 3889 sum
904 3831 1132 3885 firmiter
1179 3827 1552 3884 conservastis
1608 3825 1945 3879 habitualem
1995 3825 2189 3878 animae
2227 3823 2296 3877 de

724 3923 844 3992 ipso
895 3919 1324 3975 exsultationem
1378 3917 1645 3978 divinam,
1688 3915 1835 3968 nulla
1877 3915 2102 3968 omnino
2135 3915 2295 3968 mali~

723 4012 951 4081 gnitatis
982 4010 1166 4078 specie
1205 4017 1260 4062 et
1285 4007 1589 4076 ignorantia
1614 4005 1904 4062 subactivi.
1943 4006 2058 4060 sive
2085 4005 2140 4058 in
2176 4021 2296 4059 mo-

721 4100 853 4154 dum
908 4098 1049 4151 beati
1099 4095 1342 4159 Davidis,
1395 4095 1559 4147 etiam
1603 4093 1648 4147 si
1694 4093 1997 4148 secundum
2047 4093 2295 4146 divinum

720 4205 944 4246 cursum
975 4188 1133 4242 vobis
1185 4186 1320 4256 quid
1365 4201 1527 4256 grave
1564 4184 1853 4248 acciderit,
1905 4184 2154 4253 gnaviter
2195 4201 2294 4254 per

722 4282 1103 4354 paenitentiam
1123 4293 1346 4350 operam
1380 4277 1505 4331 date
1541 4285 1600 4330 ιιι
1638 4278 1898 4330 virtutem
1935 4285 1991 4330 et
2021 4276 2294 4346 cognitio-

721 4388 848 4426 nem
906 4371 1226 4424 constantiaa
1281 4368 1465 4421 nervis
1524 4376 1580 4420 et
1616 4366 1930 4420 divinorum
1975 4381 2296 4420 sermonum

2401 3282 2594 3348 λογίων
2625 3283 2900 3351 ἀκροατάς
2920 3325 2934 3347 ,
2984 3283 3058 3345 ὡς
3085 3284 3166 3336 ἐνὶ
3196 3285 3412 3345 πάντως
3440 3285 3674 3350 τούτων,
3730 3287 3997 3357 καθάπερ

2399 3369 2552 3440 οἶμαι
2575 3415 2588 3435 ,
2641 3374 2782 3425 κατὰ
2806 3373 2897 3426 τὸν
2929 3376 3013 3441 ἐφ’
3040 3375 3256 3445 ἑκάστῳ
3286 3376 3463 3438 καλῶς
3491 3378 3822 3430 ἁποδοθέντα
3857 3380 3996 3448 τρό-

2401 3479 2532 3524 πον,
2588 3463 2820 3515 ἑκάστου
2849 3463 2960 3516 τῶν
2987 3466 3105 3516 κατ’
3125 3466 3406 3518 εὐσέϐειαν
3435 3466 3656 3529 ζώντων
3686 3469 3994 3537 ἐνισχημέ-

2399 3571 2511 3616 νου,
2563 3555 2728 3606 οἱονεὶ
2769 3553 3064 3624 διαρρήδην
3119 3554 3318 3623 βοῶν⁸³
3370 3556 3562 3624 ὅτιπερ
3614 3558 3823 3618 Πάντες
3873 3559 3996 3610 ὅσοι

2397 3645 2487 3698 τὸν
2514 3644 2657 3697 θεῖον
2687 3645 2784 3715 τῆς
2811 3645 3008 3714 ἀρετῆς
3037 3646 3254 3716 καὶτῆς
3275 3645 3526 3713 γνώσεως
3561 3648 3617 3699 ὲν
3649 3649 3868 3711 ἑαυτοῖς
3904 3649 3997 3701 διὰ

2401 3737 2686 3807 μετανοίας
2732 3736 3087 3805 κυῖσκόμενον
3134 3737 3383 3802 ἐδέξασθε
3413 3738 3607 3805 Λόγον,
3651 3739 3684 3808 ἢ
3719 3740 3868 3791 κατὰ
3901 3739 3999 3791 τὸν

2402 3829 2576 3897 μέγαν
2610 3829 2862 3898 Ἰωάννην
2891 3827 2950 3892 ἐξ
2980 3827 3155 3900 ἀρχῆς
3187 3827 3344 3898 μέχρι
3370 3829 3555 3890 τέλους
3582 3829 3669 3880 διὰ
3697 3829 3998 3897 προκοπῆς

2395 3921 2459 3974 τὸ
2509 3919 2768 3990 ὲπ⁹αὑτῷ
2812 3919 2913 3988 τῆς
2957 3919 3136 3989 ψυχῆς
3196 3919 3339 3971 κατὰ
3386 3919 3487 3989 τὴν
3536 3919 3648 3984 ἕξιν
3692 3921 3998 3988 ἀτρέπτως

2402 4013 2545 4064 θεῖον
2592 4011 2960 4082 διατηρήσατε
3009 4011 3319 4080 σκίρτημα,
3381 4011 3571 4080 μηδενὶ
3619 4011 3680 4062 τὺ
3721 4010 4000 4078 παράπαν

2399 4103 2736 4170 ὑπαγόμενοι
2782 4100 2980 4161 κακίας
3021 4099 3150 4151 είδει
3201 4101 3296 4152 καὶ
3333 4099 3600 4169 ἀγνωσία,
3648 4099 3679 4167 ἢ
3721 4098 3869 4150 κατὰ
3899 4100 4000 4150 τὸν

2399 4195 2670 4264 μακάριον
2712 4192 2915 4253 Δαϐὶδ,
2972 4191 3075 4245 κᾶν
3133 4193 3182 4244 εί
3243 4190 3556 4261 συμϐέϐηκέ
3605 4208 3656 4243 τι
3708 4189 3861 4242 κατὰ
3899 4190 4003 4242 τὸν

2397 4285 2536 4339 Θεῖον
2557 4285 2754 4354 δρόμον
2780 4285 2809 4336 ὑ
2817 4286 2908 4353 μίν
2929 4282 3246 4353 ἀϐούλητον,
3264 4283 3566 4351 φιλοπόνως
3584 4281 3671 4334 διὰ
3693 4283 4001 4350 μετανοίας

2397 4376 2725 4440 σπουδάζετε
2754 4376 2888 4446 πρὸς
2911 4375 3136 4437 ἑαυτοὺς
3154 4373 3255 4444 τὴν
3269 4373 3471 4443 ἀρετὴν
3493 4374 3870 4440 ἐπαναγαγεῖν
3898 4374 4002 4425 καὶ

721 4459 1210 4515 exercitationibus
1238 4458 1303 4512 ad
1332 4473 1429 4512 vos
1460 4458 1757 4521 reducatis,
1796 4469 1960 4526 atque
1986 4473 2054 4511 ne
2078 4457 2294 4527 ignavia

2406 4471 2501 4540 τὴν
2530 4469 2731 4536 γνῶσιν
2759 4467 3041 4538 ὑπομονῆς
3081 4468 3255 4529 τόνοις
3288 4469 3382 4520 καὶ
3410 4467 3584 4535 λόγων
3611 4467 3774 4519 Θείων
3808 4467 4002 4530 ἀσκή-

722 4562 817 4608 aut
844 4553 1092 4606 socordia
1147 4550 1391 4603 divinam
1450 4549 1592 4604 hanc
1628 4551 1682 4603 in
1716 4549 1895 4611 vobis,
1923 4549 2165 4613 virtutis,
2205 4550 2294 4603 in-

2407 4579 2563 4630 μασι,
2600 4563 2696 4614 καὶ
2733 4560 2806 4630 μὴ
2835 4561 2902 4630 τῇ
2936 4559 3184 4630 ῥᾳθυμίᾳ
3211 4561 3327 4619 τοῖς
3351 4558 3578 4611 πάθεσιν
3610 4557 3830 4610 ἔκδοτον
3857 4560 4000 4611 ταὺ-

721 4661 908 4715 quam,
936 4654 991 4698 et
1019 4643 1368 4712 cognitionis,
1399 4657 1581 4696 arcam
1614 4641 1980 4695 destituentes
2007 4656 2069 4694 ac
2089 4641 2297 4695 deden-

2406 4671 2500 4722 την
2547 4656 2646 4722 τὴν
2691 4654 2749 4706 ὲν
2791 4653 2920 4721 ὑμῖν
2966 4650 3155 4714 Θείαν,
3209 4649 3312 4719 τῆς
3355 4649 3558 4718 ἀρετῆς
3581 4649 3724 4716 λέγω
3763 4650 3865 4700 καὶ
3891 4651 4000 4716 τῆς

723 4748 806 4792 tes
831 4736 946 4789 lleli
973 4734 1277 4788 sacerdotis
1327 4734 1469 4787 malo
1514 4733 1909 4796 succumbatis,
1960 4742 2016 4786 et
2063 4734 2295 4788 humero

2406 4747 2696 4814 γνώσεως,
2758 4744 3014 4805 ἐάσαντες
3064 4741 3299 4794 κιϐωτὸν
3347 4741 3410 4793 τὺ
3455 4740 3549 4793 τοῦ
3597 4741 3789 4809 ἱερέως
3827 4741 3999 4792 Ἤλει

722 4829 954 4883 actionis
1003 4826 1250 4896 percussi
1308 4834 1583 4878 retrorsus
1622 4825 1880 4881 cadentes
1922 4826 2066 4880 circa
2110 4826 2296 4896 templi

2407 4837 2716 4906 ὑπομένητε
2745 4835 2945 4897 πάθος,
3003 4835 3098 4886 καὶ
3141 4831 3405 4895 όπισθίως
3436 4832 3699 4894 πεσόντες
3728 4832 3869 4900 περὶ
3894 4833 4002 4894 τὰς

724 4921 779 4974 in
811 4920 991 4975 δειοω
1016 4927 1202 4988 Porus
1231 4916 1636 4970 ίηίθτίίοίδηδίυί
1663 4927 1706 4969 ³ο
2405 4932 2577 4993 πύλας
2607 4929 2699 4981 τοῦ
2730 4927 2858 4981 ναοῦ
2888 4927 2983 4980 τοῦ
3013 4929 3070 4978 ὲν
3096 4926 3296 4996 Σηλὼμ
3325 4925 3666 4995 ἀποθάνητε,
3710 4925 3809 4978 τὸν
3837 4920 4002 4994 ὦμον

2402 5023 2500 5090 τῆς
2528 5019 2779 5092 πράξεως
2810 5018 3207 5088 συντριϐέντες.

792 5110 851 5165 Id
873 5108 1042 5178 quod,
1076 5117 1133 5161 ut
1185 5108 1320 5162 mihi
1349 5108 1587 5172 videtur,
1629 5109 1872 5178 apertius
1913 5110 2298 5166 demonstrans

2474 5114 2673 5182 Ὅπερ,
2709 5112 2784 5174 ὡς
2813 5107 2988 5180 οἶμαι,
3034 5111 3369 5179 σαφέστερον
3407 5109 3680 5162 διδάσκων
3731 5107 3760 5158 δ
3804 5113 4002 5179 μακά-

721 5201 918 5256 beatus
940 5200 1030 5253 hic
1061 5199 1220 5253 Pater
1245 5199 1298 5252 in
1329 5199 1583 5253 oratione
1623 5200 1678 5253 in
1718 5201 1922 5255 Novam
1952 5203 2294 5257 Dominieam

2406 5222 2519 5275 ριος
2570 5197 2725 5264 οὗτος
2767 5201 2953 5270 Πατὴρ
2997 5202 3055 5252 ὲν
3092 5200 3170 5268 τῷ
3199 5200 3277 5262 είς
3306 5198 3404 5268 τὴν
3433 5198 3644 5268 Καινὴν
3690 5198 4002 5268 Κυριακὴν

721 5292 941 5346 habita:
983 5289 1233 5346 «Canere
1264 5307 1414 5356 vero,
1469 5293 1673 5362 inquit,
1715 5293 1947 5349 Domino
1986 5299 2297 5367 novumju-

2407 5298 2552 5365 λόγῳ
2589 5297 2782 5363 φησιν’
2837 5312 2856 5344 ι
2889 5293 3069 5363 ’ᾼδειν
3115 5292 3170 5344 δὲ
3217 5291 3294 5361 τῷ
3353 5291 3542 5360 Κυρίῳ
3589 5285 3743 5361 ᾆσμα
3800 5293 4003 5344 καινὸν

723 5386 920 5439 bentur
947 5393 1193 5446 cantum,
1231 5383 1344 5437 sive
1376 5385 1469 5452 qui
1499 5387 1554 5439 in
1607 5385 1938 5458 Babylonem
1989 5391 2297 5464 malamque

2406 5385 2766 5455 κελευόμεθα,
2805 5385 2915 5437 είτε
2954 5384 3004 5436 οἱ
3036 5385 3114 5446 εἰς
3145 5381 3443 5438 Βαϐυλῶνα
3467 5381 3563 5436 καὶ
3597 5381 3697 5452 τὴν
3735 5383 4004 5452 πονηρὰν

798 5508 820 5536 ι
859 5499 875 5536 1
910 5500 1022 5536 Rnn
1079 5514 1128 5536 ιν
1188 5498 1250 5536 17

859 5499 878 5552 ι
910 5500 1043 5567 Reg.
1079 5514 1152 5560 tv,
1188 5497 1271 5550 l7.

1992 5573 2225 5630 ΥΑΒΙᾸΞ.
2267 5574 2680 5632 LECTIONES.

794 5663 837 5694 ”
867 5661 1000 5716 Cod.
1033 5661 1150 5715 Gud
1185 5701 1197 5724 ,
1229 5661 1275 5715 si
1309 5659 1524 5715 schedze
1553 5678 1664 5716 non
1695 5661 1910 5731 fallunt,
1945 5665 2111 5722 habet
2138 5669 2290 5723 νοῶν.

794 5776 907 5846 (28)
942 5776 1102 5845 Greg.
1140 5774 1268 5830 Nam.
1300 5776 1352 5830 in
1393 5773 1523 5829 Nov.
1568 5776 1802 5848 Βοιπίη.,
1842 5796 1962 5850 cap.
1997 5782 2045 5848 l,
2072 5799 2125 5853 p.
2164 5784 2287 5850 855,
2331 5793 2458 5841 lout.
2483 5785 2522 5839 1.
2547 5783 2684 5852 Opp.
2707 5781 2794 5838 ed.
2824 5779 3026 5835 Bened.
