4192 6434
207 392 334 455 1293

1430 389 1944 451 AMBIGUORUM
1985 389 2233 449 LIBER.

3301 385 3433 451 1294

205 500 466 567 σύγχυσιν
513 497 914 568 κατασυρέντες
958 495 1062 549 ύπδ
1101 496 1200 564 τῆς
1248 496 1542 567 ἁμαρτίας,
1585 497 1778 550 ἔπειτα

1878 498 2257 553 confusionem
2303 507 2525 568 peccato
2591 512 2783 554 sumus
2829 498 3082 565 detracti,
3126 499 3326 557 deinde
3378 503 3431 555 in

201 590 334 661 πρὸς
382 588 739 661 Ἰερουσαλὴμ
765 588 1161 651 ἀνασωθέντες,
1196 588 1358 641 κάκεῖ
1388 587 1488 657 μὲν
1508 588 1571 640 ού
1604 587 1768 641 δυνά-

203 695 351 749 μενοι
381 678 479 749 τὴν
528 678 683 731 θείαν
722 676 872 747 ᾅδειν
914 675 1058 745 ᾠδὴν
1089 676 1165 737 ὡς
1211 676 1304 727 ἐπὶ
1333 674 1436 744 γῆς
1460 674 1768 745 ἀλλοτρίας,

200 768 436 823 ἐνταῦθα
463 769 520 821 δὲ
549 769 677 821 νέαν
703 766 846 839 ᾠδὴν
876 767 971 820 καὶ
1004 765 1284 818 πολιτείαν
1317 766 1620 834 ἱστάμενοι,
1661 765 1769 817 εῐτε

200 861 247 913 οί
284 860 570 930 μείναντες
608 862 665 911 ὲν
703 857 781 928 τῷ
806 855 956 927 καλῷ
986 840 1081 908 καὶ
1126 855 1547 925 προκόπτοντες,
1585 855 1678 906 καὶ
1710 852 1772 906 τδ

203 951 300 1021 μὲν
338 948 761 1018 κατωρθωκότες
806 947 930 1017 ήδη,
974 945 1035 998 τὸ
1079 944 1137 998 δὲ
1184 943 1578 1015 κατορθοῦντες
1620 942 1773 1012 παρά

200 1038 290 1091 τοῦ
319 1035 635 1091 καινοποιοῦ
669 1034 1007 1104 ιίνεύματος.
1032 1051 1049 1083 ι
1090 1032 1277 1085 Ταῦτα
1326 1032 1526 1102 (216
1552 1031 1615 1100 ὑ)
1649 1047 1771 1083 στοι-

200 1126 474 1197 χαστικῶς
504 1124 645 1179 κατά
691 1124 787 1195 τὴν
819 1122 957 1193 ἐμὴν
992 1122 1305 1192 ἀφροσύνην
1343 1120 1642 1190 νενοηκότα
1671 1119 1766 1171 τὸν

197 1216 520 1272 διδάσκαλον
550 1217 717 1286 φάναι
774 1213 1004 1283 νομίζω·
1042 1232 1059 1262 ι
1087 1212 1224 1265 Νυνὶ
1258 1211 1315 1265 δέ
1353 1229 1444 1282 μοι
1488 1210 1640 1275 δέξαι
1669 1210 1769 1281 τὴν

200 1308 397 1378 κύησιν
438 1308 533 1359 καὶ
571 1304 998 1375 προσκίρτησον,
1048 1304 1096 1354 εἰ
1141 1304 1231 1354 καὶ
1271 1300 1346 1372 μὴ
1395 1301 1472 1363 ὡς
1522 1300 1773 1371 Ἰωάννης

198 1400 309 1455 ἀπὸ
344 1398 606 1468 γαστρὸς,
640 1396 753 1450 ἀλλ’
776 1396 851 1457 ὼς
884 1394 1050 1447 Δαϐὶδ
1088 1396 1181 1447 ἐπὶ
1213 1396 1280 1463 τῇ
1311 1392 1649 1446 καταπαύσει
1675 1392 1775 1462 τῆς

199 1487 459 1556 κιϐωτοῦ,
493 1487 572 1557 τῷ
602 1487 722 1540 κατ’
747 1486 903 1550 ἀξίαν
933 1485 1028 1537 καὶ
1057 1484 1211 1551 γένος
1251 1483 1349 1552 τῆς
1383 1482 1611 1553 θεωρίας
1642 1483 1770 1552 τρό-

198 1599 289 1652 πῳ
319 1579 667 1651 συνῃρηκότα
698 1577 798 1648 τὴν
849 1575 958 1630 τῶν
998 1574 1311 1646 εἰρημένων
1354 1575 1608 1645 θεωρίαν.
1640 1574 1776 1627 Φασί⁵

198 1674 311 1743 γὰρ
335 1673 384 1725 οἱ
413 1670 524 1724 τῶν
552 1669 808 1722 τοιούτων
836 1667 1082 1737 ἀκριϐεῖς
1107 1665 1433 1735 ἐπιμεληταὶ
1465 1666 1777 1737 μυστηρίων

198 1763 294 1816 καὶ
335 1760 447 1815 τῶν
474 1761 561 1813 ἐπ’
589 1760 775 1820 αὐτοῖς
804 1755 1191 1825 πνευματικῶν
1216 1753 1391 1821 λόγων
1429 1754 1658 1823 ἐρασταὶ
1681 1753 1775 1804 καὶ

1870 587 2168 642 Jerusalem
2217 603 2410 643 rursus
2439 589 2629 644 salvati
2691 594 2878 661 (atque
2919 589 3031 645 illic
3066 589 3289 659 quidem
3326 608 3435 647 non

1873 679 2153 747 potuimus
2174 680 2422 735 divinum
2444 695 2688 745 carmen,
2716 689 2776 735 ut
2805 681 2860 735 in
2889 689 3033 735 terra
3082 682 3286 747 aliena,
3333 698 3429 737 ca-

1871 779 2023 829 nere,
2050 766 2141 820 hic
2162 776 2345 823 autem
2376 784 2578 823 novum
2604 783 2827 824 carmen
2856 786 3166 841 novamque
3199 772 3325 827 vita:
3349 787 3439 826 ra-

1874 855 2078 909 tionem
2150 855 2512 927 inchoamus),
2572 858 2689 913 sive
2734 857 2830 927 qui
2882 859 3180 916 mansimus
3234 860 3290 915 in
3330 860 3433 915 ho-

1871 956 2030 1001 nesto
2050 955 2215 1016 atque
2243 949 2515 1018 progressi
2561 963 2771 1014 sumus,
2822 948 3019 1018 partim
3042 950 3153 1019 jam
3189 968 3248 1006 re
3290 953 3435 1013 bene

1871 1044 2045 1107 gesta.
2064 1038 2261 1106 partim
2290 1047 2542 1108 gerentes
2561 1039 2743 1094 adhuc
2770 1039 3013 1109 Spiritus
3051 1041 3435 1101 instauratoris

1872 1141 1995 1196 ope.
2021 1146 2040 1178 ι
2066 1126 2191 1182 Haec
2212 1128 2516 1183 secundum
2560 1144 2734 1183 meam
2784 1128 3145 1200 ignorantiam
3188 1133 3436 1202 suspicor

1873 1217 2193 1288 magistrum
2220 1218 2275 1272 in
2304 1219 2488 1274 animo
2510 1218 2770 1274 habuisse
2789 1234 2915 1274 cum
2960 1219 3198 1277 diceret:
3245 1222 3436 1279 «Nunc

1873 1318 2057 1365 autem
2105 1324 2431 1381 conceptum
2475 1310 2660 1380 accipe
2681 1320 2738 1366 et
2758 1313 3037 1380 praesulta,
3072 1322 3131 1369 et
3165 1314 3210 1369 si
3237 1330 3350 1370 non
3375 1325 3438 1371 ut

1871 1398 2110 1454 Joannes
2137 1399 2205 1453 de
2235 1408 2413 1463 utero,
2448 1408 2627 1454 tamen
2667 1407 2728 1453 ut
2752 1400 2921 1454 David
2950 1402 3023 1455 ob
3046 1403 3438 1471 repositionem

1874 1504 2036 1554 arcas,
2064 1506 2083 1540 ι
2138 1497 2194 1542 et
2226 1489 2706 1559 contemplationis
2748 1490 3058 1545 secundum
3114 1491 3435 1562 dignitatem

1876 1586 2042 1647 atque
2065 1592 2241 1647 genus
2268 1578 2435 1632 modo
2460 1578 2735 1633 dictorum
2776 1580 3296 1650 contemplationem
3331 1598 3440 1639 una

1875 1668 2383 1738 comprehendisse.
2414 1667 2519 1734 Qui
2563 1669 2710 1723 enim
2737 1684 2863 1725 cum
2909 1670 3091 1725 studio
3121 1680 3180 1727 et
3221 1689 3353 1728 cura
3384 1675 3438 1729 in

1877 1758 2189 1827 hujusmodi
2220 1758 2497 1829 mysteriis
2521 1768 2832 1823 versantur,
2875 1760 3362 1834 spiritualiumque
3381 1765 3438 1819 in

199 1851 617 1922 φιλοθεάμονες,
647 1846 741 1900 τίον
782 1823 1015 1899 καθόλου
1067 1845 1165 1913 τῆς
1222 1843 1501 1913 Γραφικῆς
1549 1841 1777 1913 θεωρίας

1877 1847 1962 1903 eis
1989 1848 2263 1903 rationum
2303 1855 2575 1903 amatores
2635 1855 2693 1902 et
2739 1857 3092 1918 spectatores,
3125 1823 3441 1923 generalem

198 1939 376 2006 λόγον,
411 1936 508 1989 ἕνα
539 1934 899 2004 τυγχάνοντα,
927 1930 1172 2001 δεκαχῶς
1208 1929 1615 2001 πλατυνόμενον
1639 1928 1774 1982 θεω-

200 2027 435 2101 ρεῖσθαι,
467 2028 637 2096 τόπῳ,
670 2024 869 2096 χρόνῳ,
889 2024 1063 2092 γένει,
1085 2024 1385 2095 προσώπῳ,
1421 2022 1572 2092 ἀξίᾳ,
1607 2022 1776 2092 ἤγουν

200 2118 619 2190 ἐπιτηδεύματι,
652 2120 955 2188 πρακτικῇ,
985 2121 1212 2189 φυσικῇ,
1239 2118 1523 2188 θεολογικῇ
1554 2118 1773 2186 φιλοσο-

199 2212 324 2282 φίᾳ,
371 2209 651 2276 ἐνεστῶτι,
689 2210 785 2262 καὶ
838 2208 1107 2279 μέλλοντι,
1144 2210 1313 2279 ἤγουν
1342 2209 1497 2279 τύπῳ
1529 2212 1622 2261 καὶ
1647 2208 1780 2278 ἀλη-

198 2300 346 2370 θείᾳ,
378 2300 471 2354 καὶ
498 2299 653 2363 αὖθις
686 2300 1053 2370 συναγόμενον
1084 2300 1211 2362 τοὺς
1246 2299 1407 2353 πέντε
1436 2298 1585 2369 τρισὶ
1617 2315 1778 2369 περι-

199 2392 434 2463 γράφειν
463 2392 706 2463 τρόποις,
731 2391 829 2444 καὶ
855 2390 1020 2445 πάλιν
1047 2389 1169 2443 δυσὶ
1192 2390 1318 2453 τοὺς
1344 2394 1514 2461 τρεῖς,
1542 2389 1781 2452 καὶτοὺς

196 2483 294 2537 δύο
328 2484 408 2536 ἐνὶ
436 2481 745 2551 συγκλείειν
774 2480 1053 2544 παντελῶς
1081 2481 1157 2550 μὴ
1186 2479 1577 2552 ἀριθμουμένῳ
1600 2479 1778 2550 λόγῳο

196 2570 311 2629 οἷον
340 2574 466 2636 τοὺς
489 2573 629 2626 κατά
650 2572 839 2643 χρόνον
861 2572 956 2625 καὶ
997 2572 1160 2625 τόπον
1190 2572 1286 2625 καὶ
1325 2570 1482 2640 γένος
1503 2570 1598 2625 καὶ
1622 2572 1783 2640 πρόσ-

194 2683 348 2720 ωπον
374 2666 467 2719 καὶ
492 2664 671 2729 ἀξίαν,
694 2681 853 2718 πεντε
870 2665 1244 2734 τυγχάνοντες,
1267 2663 1345 2726 είς
1359 2663 1507 2734 τρεῖς
1532 2663 1781 2730 συνάγειν

197 2758 329 2820 τοὺς
348 2756 444 2827 τῆς
472 2755 778 2827 πρακτικῆς
799 2757 892 2810 καὶ
928 2758 1161 2826 φυσικῆς
1192 2756 1286 2808 καὶ
1305 2754 1638 2824 θεολογικῆς,
1660 2752 1784 2807 τού·

199 2865 330 2912 τους
359 2848 416 2901 δὲ
446 2847 607 2902 πάλιν
638 2848 791 2916 τρεῖς
827 2846 1005 2910 ὂντας,
1030 2847 1109 2909 είς
1128 2845 1242 2910 δύο,
1265 2846 1391 2909 τοὺς
1414 2846 1475 2898 τὸ
1506 2846 1679 2916 παρόν
1722 2862 1781 2898 τε

202 2937 301 2992 καὶ
331 2936 390 2988 τὸ
409 2936 601 3005 μέλλον
617 2935 1002 3005 σημαίνοντας,
1037 2936 1132 2989 καὶ
1154 2935 1377 2991 τούτους
1409 2936 1490 2999 είς
1513 2937 1605 2989 τὸν
1635 2936 1783 2989 τελε-

205 3027 394 3081 στικὸν
420 3028 514 3080 καῖ⁵
541 3025 764 3089 ἁπλοῦν,
802 3025 877 3089 ὥς
906 3042 1060 3093 φασι,
1112 3027 1205 3079 καὶ
1252 3026 1469 3080 πάντων
1501 3043 1782 3096 περιεκτι-

204 3117 302 3169 κὸν
345 3115 583 3187 ἄρρητον
618 3115 797 3183 λόγον,
844 3113 905 3179 ee
951 3109 1013 3167 οὗ
1067 3114 1212 3167 κατά
1237 3114 1463 3186 πρόοδον
1492 3116 1715 3184 γέγονεν
1747 3118 1780 3187 ἡ

207 3205 472 3276 καθολικὴ
520 3205 629 3258 τῶν
668 3205 776 3258 ὑπὸ
810 3205 1047 3276 θεωρίαν
1070 3207 1169 3275 τῆς
1189 3204 1417 3276 Γραφῆς
1446 3205 1667 3276 τρόπων
1694 3205 1781 3257 δε-

208 3300 337 3361 κάς,
375 3298 469 3351 καὶ
494 3298 576 3360 είς
602 3297 663 3349 δν
704 3298 781 3360 ὡς
809 3295 985 3366 ἀρχὴν
1012 3295 1156 3348 κατά
1187 3295 1537 3366 περιγραφὴν
1572 3298 1606 3367 ὴ
1640 3296 1780 3367 αὐτὴ

205 3389 372 3451 δεκὰς
411 3386 752 3450 ἀνατατικῶς
781 3386 862 3449 είς
899 3385 1105 3456 μονάδα
1135 3385 1302 3439 πάλιν
1323 3385 1642 3455 συνάγεται.
1670 3387 1782 3441 Καὶ

206 3478 355 3532 κατά
400 3478 500 3547 μὲν
550 3476 741 3547 χρόνον
787 3477 816 3528 ὀ
851 3475 950 3545 τῆς
999 3474 1223 3546 Γραφῆς
1270 3474 1557 3544 θεωρεῖται
1600 3474 1779 3542 λόγος,

204 3566 376 3639 ἡνίκα
402 3567 462 3620 τὺ
485 3567 644 3633 [lo-rs,
673 3564 735 3619 τὸ
760 3561 889 3628 Ἦν,
928 3562 991 3617 τδ
1026 3564 1203 3629 Ἔστι,
1232 3562 1294 3616 τὸ
1326 3563 1541 3627 Ἔσται,
1569 3564 1631 3616 τὸ
1667 3562 1781 3635 Πρὸ

205 3658 388 3719 τοῦδε,
414 3645 476 3710 τὸ
511 3656 708 3728 Παρδν,
746 3655 808 3707 τὸ
832 3653 986 3708 Μετὰ.
1017 3654 1157 3718 τόδε,
1186 3654 1281 3706 καὶ
1323 3653 1448 3707 Ἐπὶ
1471 3652 1649 3717 τοῦδε,
1685 3655 1780 3707 καὶ

219 3749 345 3805 ’Δπ’
355 3750 548 3821 ἀρχῆς,
564 3749 624 3802 τὸ
648 3747 940 3819 Παρελθδν,
962 3746 1021 3800 τὸ
1042 3745 1271 3808 Μέλλον,
1300 3744 1581 3807 ἐνιαυτούς
1604 3760 1663 3796 τε
1688 3746 1783 3798 καὶ

208 3844 437 3912 καιροὺς
480 3841 574 3895 καὶ
621 3844 795 3911 μῆνας
844 3840 939 3893 καὶ
980 3836 1279 3907 ἑϐδομάδας
1323 3836 1417 3889 καὶ
1445 3836 1656 3906 ἡμέρας
1690 3836 1783 3888 καὶ

206 3934 413 3996 νύκτας
432 3934 526 3988 καὶ
544 3934 611 3987 τά
632 3931 834 3986 τούτων
856 3931 1019 4002 μέρη,
1043 3929 1136 3984 καὶ
1154 3928 1337 3992 ἀπλῶς
1354 3928 1456 3981 ὅσα
1477 3927 1782 3997 ἐμφαντικὰ

212 4024 409 4095 (217
443 4023 512 4092 α)
544 4022 761 4093 χρόνου,
809 4021 993 4092 δηλοῖ’
1029 4018 1173 4073 κατά
1219 4017 1282 4070 δὲ
1327 4017 1513 4081 τόπον,
1539 4017 1665 4069 ὅταν
1693 4017 1783 4068 ού-

214 4113 381 4187 ρανδν
413 4113 506 4166 καὶ
539 4112 644 4182 γῆν
676 4111 772 4166 καὶ
817 4111 955 4182 ἀέρα
988 4111 1084 4163 καὶ
1109 4108 1407 4174 θάλασσαν,
1435 4107 1780 4177 οἰκουμένην,

209 4202 451 4274 πέρατα,
520 4200 728 4272 χώρας,
792 4200 1011 4270 νήσους,
1065 4197 1273 4259 πόλεις,
1331 4196 1516 4260 ναοὺς,
1567 4193 1781 4264 κώμας,

209 4296 443 4363 ἀγροὺς,
476 4294 602 4364 ὅρη.
637 4294 949 4364 φάραγγας.
977 4292 1151 4356 ὁδοὺς,
1193 4288 1487 4357 ποταμοὺς,
1521 4288 1779 4359 ἐρήμους.

209 4385 433 4456 ληνοὺς,
462 4384 697 4448 ἀλωνας,
746 4382 1099 4451 ἀμπελῶνας,
1141 4381 1236 4433 καὶ
1272 4378 1459 4442 ἁπλῶς
1484 4379 1586 4431 ὅσα
1621 4379 1783 4431 τόπον

1880 1939 2107 1994 tradunt
2156 1938 2459 2008 Scriptura:
2497 1939 2933 2020 contemplanda:
2984 1942 3278 2005 rationem.
3311 1959 3438 1999 cum

1879 2046 1985 2085 una
2017 2031 2110 2097 sit,
2137 2030 2460 2101 decemplici
2491 2030 2654 2086 modo
2705 2030 2963 2085 dill'usam
3004 2033 3265 2102 spectari,
3296 2034 3439 2101 loco,

1881 2133 2144 2192 tempore,
2172 2138 2393 2193 genere,
2418 2138 2677 2192 persona,
2727 2122 3019 2193 dignitate,
3065 2123 3181 2179 sive
3230 2123 3439 2188 studio,

1877 2214 2077 2278 activa,
2102 2214 2362 2278 naturali,
2402 2212 2710 2283 theologica
2739 2212 3110 2283 philosophia,
3145 2214 3443 2284 praesentia

1879 2320 1943 2358 ac
1968 2303 2183 2368 futura,
2216 2304 2329 2359 sive
2362 2304 2537 2373 ﬁgura
2554 2311 2611 2358 et
2655 2302 2909 2367 veritate,
2958 2312 3015 2359 et
3061 2317 3255 2358 rursus
3279 2304 3446 2359 colle-

1880 2402 2023 2449 ctam
2052 2394 2297 2465 quinquc
2357 2391 2541 2446 tribus
2582 2391 3054 2461 comprehendere
3095 2391 3293 2458 modis,
3322 2408 3447 2447 rur-

1880 2500 2083 2555 susque
2108 2484 2325 2540 duabus
2352 2491 2466 2538 tres
2493 2492 2554 2538 et
2579 2482 2718 2537 duas
2748 2497 2857 2537 uua
2886 2481 3171 2538 includere
3217 2485 3446 2538 omnino

1881 2578 2114 2641 ratione,
2168 2591 2292 2647 qua:
2324 2590 2433 2630 non
2468 2582 2824 2629 numeretur:
2874 2575 2955 2630 sic
2995 2574 3279 2646 temporis,
3307 2575 3439 2640 loci,

1880 2668 2394 2739 generis,person:e,
2422 2665 2722 2737 dignitatis,
2767 2679 2894 2720 cum
2941 2665 3185 2736 quinque
3218 2666 3348 2731 sint,
3389 2667 3447 2722 in

1882 2769 1995 2815 tres
2017 2759 2277 2829 colligere
2303 2756 2495 2811 activae
2524 2764 2582 2810 et
2606 2755 2875 2810 naturalis
2898 2766 2956 2811 et
2979 2756 3318 2827 theologicae,
3350 2758 3451 2813 has

1883 2865 2011 2904 vero
2043 2862 2257 2911 rursus,
2292 2861 2416 2901 cum
2436 2855 2546 2902 tres
2567 2846 2698 2910 sint,
2722 2844 2938 2900 induas
2964 2860 3087 2914 qua:
3109 2846 3178 2900 ad
3214 2861 3452 2915 prasen-

1886 2941 2014 2996 tiam
2067 2950 2233 3008 atque
2279 2937 2524 2992 futurum
2574 2944 2858 3007 spectant,
2903 2944 2961 2990 et
2998 2936 3101 2991 has
3137 2936 3357 2991 demum
3393 2937 3450 2991 in

1883 3030 2403 3097 consummatoriam
2421 3038 2478 3084 et
2496 3027 2823 3098 simplicem,
2849 3035 2912 3083 ut
2936 3027 3113 3094 aiunt,
3152 3030 3447 3098 omniaque

1832 3165 1852 3186 ,
1886 3119 2443 3191 comprehendentem
2478 3118 2809 3174 iueﬁ'abilem
2847 3117 3136 3185 rationem,
3174 3118 3320 3173 unde
3352 3133 3452 3187 per

1883 3212 2320 3283 progressionem
2342 3211 2616 3281 generalis
2653 3209 2944 3264 modorum
2977 3209 3081 3265 sub
3107 3210 3451 3279 contempla-

1884 3303 2031 3358 tione
2053 3303 2353 3372 Scriptum
2408 3302 2573 3356 decas
2602 3300 2743 3355 facta
2772 3309 2913 3365 erat,
2957 3310 3018 3355 et
3075 3301 3132 3355 in
3157 3317 3345 3371 quam,
3387 3311 3450 3356 ut

1881 3394 2233 3465 principium,
2257 3390 2776 3461 circumscriptione
2804 3390 3000 3446 eadem
3032 3390 3199 3446 decas
3229 3407 3451 3447 reversa

1882 3487 1937 3541 in
1989 3483 2249 3538 unionem
2302 3496 2497 3535 rursus
2545 3480 2847 3550 colligitur.
2910 3479 3090 3548 Atque
3141 3479 3448 3535 secundum

1883 3583 2099 3643 tempus
2123 3571 2424 3641 Scriptura:
2446 3570 2587 3624 ratio
2626 3575 2929 3638 spectatur,
2952 3582 3080 3623 cum
3119 3566 3449 3637 Aliquando,

1882 3662 2032 3726 Erat,
2062 3663 2179 3725 Est,
2208 3659 2350 3724 Erit,
2380 3658 2523 3714 Ante
2571 3657 2699 3722 hoc,
2733 3657 3000 3721 Praesens,
3036 3657 3165 3711 Post
3218 3656 3344 3721 hoc,
3396 3665 3453 3709 et

1884 3752 1999 3807 Sub
2025 3752 2153 3816 hoc,
2186 3759 2243 3806 et
2271 3749 2355 3805 Ab
2382 3749 2561 3815 initio,
2601 3748 2967 3811 Praeteritum,
3010 3746 3302 3810 Futurum,
3348 3762 3452 3800 an-

1883 3859 1985 3897 nos
2017 3853 2073 3899 et
2105 3850 2455 3912 tempestates
2507 3849 2565 3896 et
2612 3854 2832 3895 menses
2879 3848 2937 3894 et
2987 3838 3365 3894 hebdomades
3395 3845 3454 3892 et

1883 3931 2002 3986 dies
2031 3939 2088 3985 et
2129 3940 2321 3985 noctes
2369 3930 2679 3997 horumque
2723 3936 2928 3998 partes,
2992 3935 3049 3982 et
3083 3927 3453 3996 quodcunque

1884 4022 2206 4092 simpliciter
2238 4031 2455 4089 tempus
2487 4018 2730 4082 denotat,
2789 4015 3093 4087 signiﬁcat;
3147 4016 3453 4072 secundum

1884 4115 2087 4177 locum,
2120 4126 2246 4166 cum
2279 4110 2479 4164 malum
2516 4116 2574 4163 et
2603 4108 2856 4162 tellurem
2888 4114 2946 4160 et
2974 4121 3157 4161 aerem
3187 4113 3245 4160 et
3276 4120 3451 4171 mare,

1885 4213 2107 4266 terram,
2145 4200 2435 4264 terminos,
2472 4199 2751 4268 regiones,
2804 4196 3032 4261 insulas,
3065 4195 3252 4260 urbes,
3301 4195 3451 4262 fana,

1884 4294 2058 4357 vicos,
2100 4306 2287 4361 agros,
2313 4297 2551 4352 montes,
2580 4288 2770 4352 valles,
2796 4287 2930 4351 vias,
2955 4286 3171 4351 fluvios,
3211 4285 3451 4350 deserta,

1884 4386 2060 4447 lacus,
2116 4397 2308 4445 areas,
2356 4381 2539 4434 vineta
2593 4388 2650 4433 et
2707 4378 3034 4447 simpliciter
3085 4376 3453 4446 quodcunque

211 4475 645 4547 χαρακτηρίζειν
684 4472 931 4535 δύναται,
980 4470 1255 4541 σημαίνῃ·
1305 4467 1448 4521 κατά
1496 4466 1651 4535 γένος
1702 4465 1781 4530 δὲ,

1887 4474 2067 4527 locum
2111 4470 2401 4538 exprimat,
2441 4467 2737 4538 signiﬁcat:
2775 4466 3075 4520 secundum
3102 4480 3274 4534 genus
3298 4481 3451 4529 vero,

213 4567 525 4631 καθολικῶς
561 4567 662 4638 μὲν
698 4566 905 4619 ὁπόταν
949 4564 1234 4633 ἀγγέλους,
1282 4564 1443 4635 ἢὸσα
1482 4562 1581 4631 τῆς
1612 4561 1667 4614 ἑν
1692 4562 1784 4613 ού-

214 4660 405 4731 ρανοῖς
432 4657 551 4711 ἐστι
587 4657 695 4711 τῶν
722 4655 927 4727 νοερῶν
952 4653 1153 4708 οὐσιῶν
1180 4655 1613 4726 διακοσμήσεως,
1648 4652 1786 4724 πρὸς

210 4753 279 4806 δὲ
306 4750 401 4805 atat
440 4750 593 4822 ἣλιον
632 4749 727 4803 καὶ
774 4746 1029 4817 σελήνην,
1064 4746 1325 4815 ἀστέρας,
1372 4744 1508 4817 πῦρ,
1555 4745 1651 4799 καὶ
1686 4744 1786 4797 ὅσα

212 4848 283 4897 ἐν
326 4842 468 4914 ἀέρι,
501 4843 560 4895 ἑν
592 4843 685 4913 γῇ,
720 4841 778 4892 ὲν
821 4838 1068 4910 θαλάσσῃ
1106 4837 1361 4907 τυγχάνει
1398 4836 1547 4899 ὄντα,
1579 4836 1613 4905 ἢ
1647 4834 1784 4900 ζῶα,

213 4934 255 5006 ἧ
290 4931 561 5000 ζωόφυτα,
589 4930 624 4999 ἢ
658 4926 822 4996 φυτὰ,
864 4926 959 4979 καὶ
1005 4926 1108 4979 ὅσα
1145 4926 1211 4977 ὲκ
1246 4925 1351 4994 γῆς
1402 4922 1788 4994 μεταλλεύεται

217 5022 321 5077 καὶ
368 5020 584 5090 τέχναις
624 5016 926 5087 ἀνθρώπων
971 5015 1290 5080 ὑποπίπτει,
1338 5014 1433 5069 καὶ
1474 5013 1577 5067 ὅσα
1626 5012 1791 5081 ἕτερα

214 5112 474 5174 τοιαῦτα,
507 5110 678 5182 δηλοῖ,
718 5109 1036 5179 ἰδιοτρόπως
1068 5107 1126 5161 δὲ
1170 5106 1352 5172 πάλιν,
1405 5105 1533 5158 ὅταν
1580 5101 1791 5173 ἀνθρώ-

215 5221 381 5269 πους,
434 5201 584 5272 ἔθνη,
629 5200 813 5265 λαοὺς,
860 5197 1133 5267 γλώσσας,
1173 5196 1366 5267 φυλὰς,
1396 5192 1654 5266 πατριὰς,
1695 5193 1791 5246 καὶ

212 5298 325 5351 ὅσα
352 5292 598 5359 τοιαῦτα,
631 5293 728 5345 σὺν
752 5289 972 5362 ἀριθμῷ
1004 5290 1038 5361 ὴ
1074 5286 1310 5358 ἀριθμοῦ
1334 5286 1504 5357 χωρὶς
1526 5284 1787 5356 ὀνομάζῃο

215 5391 369 5442 κατά
396 5386 683 5457 πρόσωπον
707 5383 786 5446 δὲ,
821 5384 950 5436 ὅταν
989 5381 1139 5435 τόνδε
1168 5379 1257 5433 τὸν
1287 5378 1537 5445 ἄγγελον,
1573 5376 1605 5446 ἢ
1642 5376 1792 5427 τόνδε

215 5478 320 5533 τὸν
348 5476 707 5549 ἀρχάγγελον,
738 5475 771 5543 ἢ
816 5474 1088 5543 Σεραφὶμ,
1123 5470 1157 5541 ἢ
1186 5472 1285 5523 ὅσα
1314 5468 1423 5520 τῶν
1457 5468 1514 5519 ἐν
1543 5467 1794 5538 οὐρανοῖς

219 5570 603 5638 διαιτωμένων
646 5564 847 5637 νοερῶν
885 5563 1105 5628 ούσιῶν,
1146 5560 1205 5625 ἐξ
1238 5560 1503 5629 ὀνόματος
1548 5558 1708 5627 καλῇ,
1760 5558 1792 5625 ἢ

1885 4560 2216 4633 generaliter
2243 4559 2480 4627 primum
2507 4570 2632 4611 cum
2666 4555 2891 4624 angelos
2919 4554 3005 4608 vel
3045 4552 3313 4623 quidquid
3339 4566 3452 4607 cm-

1886 4650 2039 4707 lestis
2096 4656 2183 4704 est
2242 4644 2703 4702 intellectualium
2768 4643 3133 4697 essentiarum
3205 4641 3454 4721 ordinis,

1886 4740 2085 4798 deinde
2110 4755 2242 4795 vero
2259 4739 2425 4795 etiam
2451 4738 2623 4793 solem
2646 4744 2702 4790 et
2727 4736 2933 4799 lunam,
2954 4733 3159 4800 stellas,
3178 4733 3378 4803 ignem,
3400 4740 3459 4787 et

1888 4830 2253 4901 quodcunque
2285 4828 2342 4884 in
2373 4839 2523 4891 aere,
2554 4826 2611 4881 in
2635 4835 2801 4887 terra,
2835 4823 2892 4877 in
2939 4822 3077 4877 mari
3104 4829 3303 4886 exstat,
3338 4820 3457 4875 sive

1888 4922 2164 4985 animalia,
2192 4919 2309 4974 sive
2338 4919 2632 4988 zoophyta,
2655 4917 2787 4971 siva:
2820 4915 3039 4985 plantae,
3077 4924 3136 4969 et
3172 4912 3459 4983 quodcun-

1890 5029 1997 5084 que
2020 5028 2088 5067 οι
2117 5020 2261 5066 terra
2289 5008 2551 5064 eﬁ‘oditur
2577 5008 2902 5077 artibusque
2925 5006 3215 5061 homirnam
3239 5005 3461 5076 subjici-
3544 4994 3551 5001 ’

1894 5115 2005 5168 tur,
2028 5112 2086 5158 et
2117 5114 2457 5172 quacunque
2486 5099 2595 5153 alia
2618 5098 2912 5169 ejusmodi,
2936 5098 3203 5163 ostendit,
3245 5098 3463 5169 specia-

1892 5196 2020 5252 liter
2052 5208 2184 5249 vero
2204 5206 2418 5256 rursus,
2442 5205 2569 5246 cum
2594 5188 2865 5254 homines,
2906 5189 3179 5253 nationes,
3203 5191 3457 5259 populos,

1893 5288 2127 5357 linguas,
2178 5282 2379 5346 tribus,
2431 5289 2642 5351 gentes,
2692 5287 2749 5332 et
2780 5293 2903 5349 qua:
2933 5288 3061 5333 sunt
3109 5278 3329 5349 generis
3353 5279 3460 5332 hu-

1891 5372 2154 5445 jusmodi,
2180 5385 2305 5425 cum
2328 5382 2564 5422 numero
2604 5374 2700 5421 aut
2742 5366 2861 5420 sine
2903 5380 3138 5420 numero
3182 5365 3458 5434 appellat;

1899 5464 2201 5520 secundum
2234 5472 2703 5531 personam‘vero,
2735 5473 2860 5512 cum
2891 5457 3042 5511 hunc
3064 5457 3344 5525 angelum,
3371 5456 3460 5507 vel

1902 5557 2052 5609 hunc
2077 5552 2486 5620 archangelum,
2515 5548 2602 5603 vel
2636 5547 2946 5617 Seraphim,
2987 5546 3072 5601 vel
3123 5560 3463 5616 quaecunque

242 5659 576 5732 ’Δϐραίιμ,ἧ
621 5659 825 5718 Ἰσαὰκ,
856 5656 889 5727 ἢ
936 5652 1149 5718 Ἰακὼϐ,
1180 5653 1213 5724 ἢ
1240 5652 1427 5721 ἔτερόν
1458 5668 1580 5703 τινα
1607 5650 1713 5702 τῶν
1740 5652 1781 5701 ἐς

1902 5643 2355 5701 inlellectualium
2411 5641 2467 5695 in
2516 5641 2655 5696 cmlo
2685 5640 3070 5702 essentiarum,
3108 5638 3329 5693 nomine
3365 5654 3464 5705 ap-

223 5728 511 5825 ἀπαίνῳη
554 5728 706 5822 ᾠόγῳ
744 5751 811 5821 τῇ
856 5748 1047 5818 Γραφῇ
1088 5744 1378 5816 κειμένων,
1433 5741 1502 5796 δι’
1532 5742 1781 5813 ὀνόματος

1905 5738 2091 5810 pellat.
2144 5734 2230 5789 vel
2281 5733 2578 5799 Abraham,
2639 5730 2725 5785 vel
2768 5731 2937 5798 Isaac,
2994 5731 3079 5784 vel
3134 5729 3325 5795 Jacob,
3377 5728 3461 5781 vel
