4192 6434
759 352 892 416 i295

1926 353 1984 409 S.
2027 352 2082 409 Μ
2090 350 2311 411 ᾹΧῘΜΙ
2348 349 2857 410 CONFESSORIS

3856 352 3998 419 1296

754 486 920 538 alium
947 482 1258 554 quempiam
1280 497 1473 537 eorum
1506 483 1601 551 qui
1656 483 1712 537 in
1741 484 2023 552 Scriptura
2072 492 2167 535 aut
2208 483 2324 535 lau-

2430 461 2770 531 παραδηλοῖ·
2804 462 2925 514 κατ’
2962 460 3121 525 ἀξίαν
3146 461 3225 524 δὲ,
3256 465 3417 533 ἡνίκα
3446 464 3749 533 βασιλείαν,
3779 470 3813 539 ἢ
3845 469 4001 537 βασι·

754 571 961 625 dantur
976 581 1072 624 aut
1089 572 1495 639 vituperantur,
1510 570 1734 625 nomine
1750 572 2000 635 denotat;
2025 572 2326 625 secundum

773 661 1099 730 dignitatem
1133 662 1579 730 autem,quando
1608 677 1859 731 regnum,
1884 672 1981 716 aut
2012 678 2215 732 regem,
2235 672 2329 717 aut

756 760 1054 819 pastorem,
1077 759 1172 804 aut
1188 766 1429 820 gregem,
1460 762 1555 805 aut
1578 752 1944 816 sacerdotem,
1962 763 2057 807 aut
2073 754 2328 807 sacerdo-

759 846 917 906 tium,
930 851 1027 895 aut
1044 841 1362 907 agricolam,
1382 852 1477 894 aut
1497 851 1806 909 praetorem,
1826 854 1921 896 aut
1937 843 2323 903 architectum,

756 944 814 987 et
847 933 1174 1001 simpliciter
1203 932 1249 986 si
1266 931 1399 1001 quid
1424 932 1573 985 aliud
1589 948 1784 986 eorum
1804 933 2008 1002 quibus
2027 934 2327 985 humanum

755 1038 929 1094 genus
960 1022 1231 1076 dividitur
1264 1021 1588 1077 studiorum
1632 1033 1691 1076 et
1718 1024 2137 1093 professionum.
2165 1024 2325 1089 Qua:-

753 1128 990 1183 cumque
1010 1112 1158 1168 enim
1175 1112 1420 1180 quinque
1442 1112 1550 1166 illis
1569 1114 1749 1167 modis
1770 1115 2165 1182 comprehensa
2186 1114 2327 1166 ratio

754 1202 1018 1266 ostendit,
1054 1202 1295 1255 essentia
1320 1210 1377 1254 et
1405 1210 1673 1270 potestate
1690 1212 1746 1255 et
1769 1204 2008 1265 actione,
2040 1204 2324 1272 primariis

755 1293 901 1347 circa
936 1306 999 1345 ea
1048 1290 1524 1352 distinctionibus,
1558 1292 1934 1356 consistentia,
1984 1307 2049 1345 ea
2102 1305 2327 1347 movent

753 1382 981 1435 omnino
1012 1388 1108 1435 aut
1128 1388 1441 1442 moventur,
1470 1390 1639 1448 agunt
1664 1390 1760 1433 aut
1792 1391 2050 1450 aguntur,
2076 1391 2327 1451 spectant

754 1481 849 1525 aut
896 1476 1239 1540 spectantur,
1295 1468 1489 1521 dicunt
1542 1476 1638 1521 aut
1669 1468 1954 1535 dicuntur,
1999 1471 2203 1525 docent
2230 1479 2327 1524 aut

755 1563 1049 1623 docentur,
1092 1559 1390 1612 advertunt
1428 1568 1526 1612 aut
1557 1569 1838 1624 avertunt,
1874 1570 1932 1613 et
1976 1562 2322 1630 simpliciter,

753 1660 815 1705 ut
845 1649 1037 1719 paucis
1065 1648 1265 1710 dicam,
1292 1648 1424 1701 dum
1456 1648 1667 1703 faciunt
1702 1658 1797 1702 aut
1850 1650 2159 1717 patiuntur,
2190 1652 2327 1704 acti-

752 1756 873 1795 vam
905 1747 963 1793 et
990 1739 1302 1793 naturalem
1330 1749 1386 1793 et
1419 1739 1783 1807 theologicam
1813 1738 1882 1793 de
1915 1750 2108 1793 mutuo
2132 1756 2321 1794 earum

752 1833 901 1885 inter
917 1846 977 1885 se
996 1846 1140 1884 nexu
1160 1830 1311 1884 varie
1332 1830 1494 1884 nobis
1512 1829 1874 1888 introducunt
1891 1832 2320 1903 philosophiam,

749 1936 875 1975 cum
931 1919 1361 1989 unumquodque
1417 1936 1613 1975 eorum
1676 1921 1939 1975 nimirum
1998 1939 2120 1992 qua:
2176 1924 2321 1979 dicta

750 2023 880 2065 sunt
918 2010 1272 2065 multifariam
1322 2012 1811 2081 contemplationis
1839 2014 1987 2068 circa
2028 2030 2088 2069 se
2139 2016 2318 2084 ipsum

749 2101 1179 2169 cogitationibus
1210 2116 1334 2154 cum
1369 2100 1530 2155 laude
1559 2110 1652 2154 aut
1678 2101 1954 2171 vituperio
1995 2104 2316 2174 accipiatur,

748 2206 986 2261 suasque
1019 2193 1262 2246 rationes
1286 2191 1562 2246 faciendas
1582 2201 1681 2245 aut
1700 2206 1810 2245 non
1834 2192 2128 2253 faciendas,
2160 2203 2319 2247 natu-

758 2283 901 2337 rales
925 2290 1021 2336 aut
1050 2282 1409 2345 innaturalcs,
1449 2282 1822 2351 intelligibiles
1855 2290 1953 2336 aut
1979 2297 2089 2336 non
2117 2284 2321 2338 intelli-

747 2373 947 2443 gibiles
968 2372 1244 2429 ostendat.
1273 2373 1483 2442 Duplex
1505 2372 1677 2437 enim,
1704 2372 1785 2426 uti
1806 2372 1943 2438 dixi,
1959 2373 2316 2447 uniuscujus-

755 2481 863 2533 que
916 2464 1149 2517 rationis
1191 2462 1388 2517 modus
1415 2472 1520 2526 est,
1570 2464 1639 2517 ad
1681 2462 1996 2520 facultatem
2040 2466 2160 2536 ejus
2222 2466 2316 2535 qui

747 2553 1231 2622 contemplationis
1288 2554 1343 2606 in
1400 2554 1481 2607 eis
1534 2555 1971 2623 explorationem
2020 2556 2319 2624 prudenter

749 2646 1008 2707 instituit,
1042 2654 1102 2699 ut
1123 2661 1191 2699 et
1216 2645 1592 2699 faciendorum
1620 2656 1677 2699 et
1707 2647 2039 2700 naturalium
2065 2656 2123 2701 ct
2159 2649 2318 2704 intel-

748 2736 1036 2805 Iigibilium
1063 2736 1340 2789 rationum
1363 2736 1659 2804 positione,
1711 2747 1769 2792 et
1791 2752 1859 2791 ex
1897 2738 2315 2808 phantasiarum

748 2846 857 2883 non
889 2828 1275 2882 faciendarum
1298 2839 1353 2881 et
1375 2828 1770 2882 innaturalium
1802 2838 1859 2883 et
1887 2846 1998 2883 non
2054 2832 2316 2900 intelligi—

749 2921 941 2974 Lilium
965 2918 1318 2988 ademptione
1334 2919 1512 2973 activa
1535 2928 1591 2972 et
1620 2921 1894 2975 naturalis
1924 2928 1981 2975 et
2007 2921 2313 2989 theologica

747 3010 996 3079 pariatur
1030 3009 1137 3078 piis
1166 3008 1537 3079 philosophia,
1570 3010 1655 3063 vel
1689 3011 1837 3079 quod
1878 3010 2024 3065 idem
2054 3021 2160 3075 est,
2217 3013 2314 3066 Dei

748 3115 922 3154 antor.
954 3100 1086 3166 Qua:
1116 3115 1309 3155 rursus
1334 3099 1658 3153 dividuntur
1686 3103 1941 3170 pnesenti
1990 3118 2055 3156 ac
2103 3103 2312 3168 futuro,
2343 3114 2387 3173 ς

747 3204 871 3243 cum
890 3190 1139 3243 umbram
1166 3198 1222 3243 et
1262 3189 1551 3247 veritatem
1595 3190 1856 3255 habeant,
1904 3203 1960 3247 et
2011 3204 2196 3264 typum
2260 3205 2316 3250 et

747 3280 1146 3350 archetypiam.
1183 3279 1342 3346 Quod
1371 3280 1415 3333 si
1444 3283 1715 3351 egregiam
1753 3283 1918 3338 homo
1940 3294 2106 3354 atque
2137 3288 2315 3341 subli—

749 3386 892 3424 mem
922 3371 1028 3425 hoc
1054 3371 1261 3425 saeculo
1287 3371 1452 3425 habet
1483 3372 1799 3428 facultatem
1832 3391 2107 3430 summum
2137 3377 2314 3446 adipi-

747 3460 940 3515 scendi
967 3461 1191 3515 virtutis
1220 3470 1277 3515 et
1304 3461 1637 3530 cognitionis
1665 3474 1719 3517 et
1768 3466 2051 3533 sapientia:
2090 3467 2314 3522 modum

744 3550 1160 3620 ex'cellendique
1186 3551 1417 3606 scientia
1455 3568 1640 3606 rerum
1686 3554 2017 3620 divinarum,
2062 3557 2230 3612 habet
2260 3559 2315 3613 in

747 3651 876 3711 typo
904 3649 959 3696 et
985 3642 1221 3711 imagine
1254 3642 1704 3713 arelietyporum.
1734 3645 1919 3716 Typus
1950 3648 2100 3702 enim
2123 3664 2315 3705 revera

744 3730 928 3785 omnis
976 3740 1167 3785 nostra
1217 3746 1365 3784 nunc
1388 3747 1509 3800 qua:
1552 3744 1811 3789 censetur
1872 3738 2076 3792 veritas
2122 3748 2228 3803 est,
2259 3751 2317 3795 et

748 3824 945 3878 umbra
969 3824 1191 3893 majoris
1221 3823 1453 3879 rationis
1477 3836 1643 3895 atque
1678 3827 1855 3897 imago
1877 3839 1983 3884 cst.
2038 3832 2200 3887 Ratio
2248 3849 2311 3887 ea

745 3931 869 3984 qua:
913 3916 968 3969 in
1001 3915 1275 3969 universis
1330 3916 1384 3971 in
1414 3919 1701 3986 praesentia
1744 3920 1809 3973 ad
1868 3937 2038 3991 usque
2067 3923 2314 3979 futurum

750 4006 915 4067 inest,
956 4004 1343 4057 universorum
1392 4004 1687 4068 conditrix,
1725 4020 1847 4059 cum
1905 4018 2014 4061 tam
2072 4009 2127 4063 in
2187 4020 2316 4079 typo

744 4109 908 4163 quam
960 4094 1015 4147 in
1046 4093 1280 4147 veritate
1307 4094 1459 4157 insit,
1516 4104 1624 4148 tam
1681 4096 1949 4150 exsistere
1985 4097 2314 4167 intelligitur

744 4201 908 4256 quam
936 4185 1132 4248 videri,
1160 4199 1286 4237 cum
1320 4192 1429 4237 tam
1483 4185 1833 4252 praesentiam
1856 4200 2018 4254 quam
2066 4185 2313 4240 futurum

746 4287 857 4329 tam
905 4285 1093 4346 typum
1121 4290 1285 4343 quam
1321 4274 1609 4328 veritatem
1640 4284 1885 4343 superet,
1918 4290 1985 4329 eo
2004 4276 2150 4344 quod
2176 4276 2313 4330 nihil

744 4365 1078 4434 Oppositum,
1116 4363 1265 4433 quod
1288 4378 1473 4417 secum
1522 4378 1627 4416 una
1655 4372 1954 4431 spectetur,
1991 4364 2178 4418 habet.
2204 4363 2313 4433 0p-

2429 552 2545 616 λέα,
2591 552 2625 621 ἢ
2675 553 2931 620 ποιμένα,
2962 554 2994 623 ἢ
3033 553 3289 623 ποίμνην,
3324 556 3357 624 ἢ
3392 556 3563 626 ἱερέα,
3604 558 3637 628 ἧ
3674 561 4002 629 ίερωσύνην.

2426 646 2461 713 ἢ
2495 645 2761 714 γεωργὸν,
2796 645 2828 713 ἢ
2859 646 3183 713 στρατηγὸν,
3219 647 3253 715 ἦ
3283 648 3668 717 ἀρχιτέκτονα,
3696 652 3792 702 καὶ
3812 651 4002 712 ἁπλῶς

2428 733 2562 784 εἴτι
2605 731 2735 785 ἄλλο
2780 732 2891 784 τῶν
2926 726 3008 795 οίς
3049 732 3304 803 διῄρηται
3347 736 3410 787 τὸ
3461 736 3803 806 ἀνθρώπινον
3845 739 4003 804 γένος

2427 822 2848 893 ἐπιτηδεύμασι.
2878 822 3066 877 Ταῦτα
3096 824 3206 894 γὰρ
3233 826 3411 878 πάντα
3442 827 3541 879 ὅσα
3575 831 3687 887 τοῖς
3712 830 3875 880 πέντε
3908 845 4004 879 πε-

2431 917 2723 987 ριεχόμενα
2752 915 2975 985 τρόποις
3015 915 3214 979 ἔδειξεν
3240 919 3270 968 ό
3302 918 3480 985 λόγος,
3520 920 3680 988 οὐσίᾳ
3709 921 3804 971 καὶ
3841 919 4004 970 δυνά-

2430 1024 2520 1076 μει
2539 1008 2631 1059 καὶ
2657 1006 2927 1077 ἐνεργείᾳ,
2948 1008 3065 1069 ταῖς
3087 1007 3218 1076 περὶ
3245 1007 3382 1060 αὐτά
3409 1007 3653 1078 πρώταις
3677 1009 3999 1079 διαιρέσεσι,

2429 1097 2817 1166 συνιστάμενα,
2844 1097 2877 1166 ἢ
2902 1100 3041 1149 κινεί
3062 1098 3277 1160 πάντως
3297 1098 3331 1167 ἦ
3361 1101 3615 1159 κινεῖται,
3637 1099 3670 1168 ἢ
3693 1100 4002 1166 ἐνεργεῖται

2426 1188 2459 1256 ἢ
2502 1190 2731 1257 ἐνεργεῖ,
2763 1187 2797 1257 ἦ
2832 1188 3027 1257 θεωρεῖ
3074 1189 3107 1257 ἢ
3153 1188 3515 1260 θεωρεῖται,ῆ
3548 1189 3699 1241 λαλεῖ
3748 1189 3781 1260 ἢ
3825 1188 4001 1242 λαλεῖ-

2424 1296 2537 1341 ται,
2582 1278 2616 1347 ἢ
2661 1278 2905 1332 διίάσκει
2951 1280 2985 1348 ἦ
3036 1280 3366 1345 διδάσκεται,
3400 1281 3434 1349 ῆ
3462 1282 3763 1349 ἐπιτροπὴν
3795 1280 3830 1348 ἢ
3861 1282 4000 1333 άπο-

2424 1371 2634 1439 τροπὴν
2685 1371 2918 1440 δέχεται,
2963 1374 3059 1423 καὶ
3103 1371 3291 1433 ἁπλῶς
3341 1372 3428 1424 ἵνα
3474 1370 3711 1423 συνελὼν
3754 1371 3916 1433 εἴπω,
3963 1370 3997 1437 ἦ

2426 1458 2684 1513 ποιοῦντα
2714 1460 2746 1528 ἢ
2781 1461 3059 1527 πάσχοντα
3086 1458 3187 1526 τὴν
3226 1458 3537 1528 πρακτικὴν
3574 1459 3761 1527 (217
3787 1459 3854 1524 b)
3898 1456 3999 1508 καὶ

2422 1551 2522 1617 τὴν
2554 1549 2792 1617 φυσικὴν
2841 1555 2936 1601 καὶ
2980 1548 3078 1618 τὴν
3122 1547 3437 1617 θεολογικὴν
3480 1551 3620 1603 κατὰ
3676 1547 3999 1617 συμπλοκὴν

2421 1638 2489 1689 δι’
2522 1638 2768 1708 ἀλλήλων
2813 1636 3071 1700 ποικίλως
3096 1639 3229 1706 ἡμῖν
3260 1636 3611 1708 εἰσηγοῦνται
3651 1636 3998 1707 φιλοσοφίαν,

2421 1730 2653 1782 ἑκάστου
2678 1726 2877 1797 δηλαδὴ
2908 1728 3016 1780 τῶν
3042 1727 3448 1799 ὠνομασμένων
3496 1730 3848 1799 πολυτρόπως
3874 1730 4001 1790 ταῖς

2422 1819 2553 1887 περὶ
2582 1818 2713 1870 αὐτὸ
2745 1817 2889 1870 κατᾶ
2917 1817 3017 1887 τὴν
3051 1817 3285 1888 θεωρίαν
3332 1821 3600 1883 ἐπινοίαις
3636 1819 3939 1879 ἑπαινετῶς
3962 1820 3998 1887 ἢ

2421 1908 2638 1977 ψεκτῶς
2659 1906 3103 1978 λαμὸανομένου,
3134 1911 3231 1963 καὶ
3257 1910 3383 1973 τοὺς
3409 1913 3497 1963 ἐπ’
3526 1911 3677 1981 αὐτῷ
3706 1910 4001 1981 ποιητέους

2420 2001 2453 2070 ἦ
2484 2001 2544 2053 ού
2574 2000 2885 2071 ποιητέους,
2917 2001 2950 2071 ἢ
2983 2004 3249 2069 φυσικοὺς
3271 2003 3305 2073 ἦ
3336 2004 3663 2071 ἀφυσίκους,
3701 2004 3735 2072 ἢ
3766 2003 4001 2070 νοητοὺς

2420 2093 2454 2161 ἣ
2504 2092 2765 2160 ἀνοήτους
2820 2093 3011 2159 λόγους
3061 2094 3429 2160 ὲκφαίνοντος.
3478 2094 3665 2156 Διττδς
3729 2094 3866 2161 γὰρ,
3921 2093 4001 2155 ὡς

2420 2183 2580 2252 ἔφην,
2616 2184 2645 2235 ό
2680 2183 2765 2250 ἐφ’
2793 2183 3009 2251 ἑκάστῳ
3036 2183 3180 2251 λόγῳ
3202 2183 3406 2253 τρόπος
3433 2184 3573 2247 ἐστὶ,
3607 2184 3751 2236 κατὰ
3793 2182 3857 2237 τὸ
3907 2183 4003 2236 δυο

2419 2266 2579 2320 νατὸν
2622 2266 2700 2337 τῷ
2754 2268 3066 2338 ποιουμένῳ
3109 2268 3208 2339 τὴν
3254 2270 3343 2322 ἐπ’
3382 2271 3567 2333 αὐτοῖς
3607 2272 3850 2334 συνετῶς
3896 2274 4002 2341 τῆς

2425 2356 2661 2427 θεωρίας
2707 2356 2968 2424 ἐξέτασιν,
3012 2359 3098 2411 ἵνα
3138 2358 3201 2411 ἐκ
3236 2376 3296 2412 τε
3322 2361 3425 2430 τῆς
3450 2362 3559 2415 τῶν
3592 2363 3867 2432 ποιητέων
3902 2364 4002 2414 καὶ

2420 2448 2669 2516 φυσικῶν
2704 2451 2795 2501 καὶ
2826 2448 3031 2519 νοητῶν
3059 2449 3233 2518 λόγων
3264 2450 3487 2515 θέσεως,
3517 2454 3612 2506 καὶ
3652 2456 3717 2505 ἐκ
3747 2453 3849 2522 τῆς
3888 2453 4002 2505 τῶν

2418 2541 2479 2592 ού
2521 2540 2792 2611 ποιητέων
2831 2542 2925 2593 καὶ
2958 2541 3245 2611 ἀφυσίκων
3276 2544 3372 2595 καὶ
3415 2545 3656 2613 ἀνοήτων
3683 2543 4004 2613 φαντασιῶν

2418 2630 2782 2700 ἀφαιρέσεως,
2812 2631 2845 2699 ἡ
2874 2631 3153 2700 πρακτικὴ
3184 2631 3279 2684 καὶ
3317 2632 3350 2700 ἡ
3386 2634 3588 2701 φυσικὴ
3621 2634 3715 2685 καὶ
3754 2635 3789 2701 ἡ
3826 2632 4005 2686 θεολο-

2419 2721 2551 2787 γικὴ
2585 2718 2919 2789 περιποεηθῇ
2952 2724 3064 2784 τοῖς
3095 2721 3347 2775 εὐσεϐέσι
3380 2723 3689 2791 φιλοσοφία,
3716 2724 3915 2775 ταύτον
3945 2724 4005 2775 δέ

2423 2811 2571 2862 ἔστιν
2620 2812 2817 2876 είπεῖν,
2876 2810 3147 2879 φιλοθεῖα.
3196 2814 3307 2866 Καὶ
3359 2811 3519 2869 αὗται
3547 2815 3604 2868 δὲ
3630 2814 3792 2866 πάλιν
3819 2814 3900 2883 τῷ
3939 2830 4002 2867 τε

2419 2900 2647 2969 παρόντι
2681 2900 2873 2969 καὶτῷ
2898 2901 3145 2970 μέλλοντι
3170 2902 3523 2972 διαιροῦνται,
3550 2905 3627 2966 ὡς
3656 2905 3817 2956 σκιὰν
3838 2905 4003 2974 έχου-

2420 3012 2511 3047 σαι
2544 2996 2638 3048 καὶ
2688 2994 2969 3065 ἀλήθειαν,
3020 2998 3113 3049 καὶ
3154 2996 3324 3049 τύπον
3357 2997 3451 3049 καὶ
3490 2998 3857 3066 ἀρχετυπίαν.
3907 2997 4000 3058 Ὠς

2418 3086 2464 3138 δ’
2504 3086 2568 3139 ἂν
2600 3086 2896 3157 ὑπερφυῶς
2940 3103 3000 3138 τε
3048 3088 3142 3140 καὶ
3194 3087 3413 3157 ὑψηλῶς
3453 3087 3678 3140 δυνατόν
3708 3088 3826 3139 ἐστι
3852 3086 4006 3140 κατά

2417 3177 2509 3228 τὸν
2556 3177 2726 3229 αἰῶνα
2770 3177 2958 3230 τοῦτον
3000 3177 3081 3248 τῷ
3132 3177 3405 3247 ἀνθρώπῳ
3432 3178 3494 3230 τὸ
3522 3179 3826 3249 ἀκρότατον
3858 3176 4006 3245 φθά-

2420 3281 2616 3328 σαντες
2647 3266 2847 3335 μέτρον
2871 3268 2970 3335 τῆς
2998 3268 3201 3337 ἀρετῆς
3230 3270 3325 3321 καὶ
3353 3270 3450 3338 τῆς
3487 3268 3745 3335 γνώσεως
3768 3269 3865 3321 καὶ
3896 3268 4001 3337 τῆς

2421 3358 2611 3425 σοφίας
2660 3358 3043 3426 περιγενέσθαι
3081 3361 3181 3427 τὴν
3218 3359 3330 3412 τῶν
3372 3358 3531 3411 θείων
3573 3360 3912 3429 ἐπιστήμην,
3943 3362 4005 3415 ὲν

2416 3447 2573 3517 τύπῳ
2616 3451 2710 3500 καὶ
2754 3448 2924 3501 εἰκόνι
2970 3450 3076 3501 τῶν
3116 3450 3440 3519 ἀρχετύπων
3486 3449 3625 3503 ἐστί.
3667 3450 3852 3512 Τύπος
3889 3450 4008 3521 γάρ

2417 3541 2564 3590 ἐστιν
2603 3537 2676 3601 ὡς
2732 3537 2951 3609 ἀληθῶς
2995 3541 3144 3592 πᾶσα
3175 3541 3309 3611 παρ’
3348 3540 3507 3609 ἡμῶν
3542 3539 3637 3593 νῦν
3668 3536 3809 3595 εἶναι
3838 3558 4006 3613 νομι-

2419 3630 2622 3699 ζομένη
2666 3629 2915 3699 ἀλήθεια,
2954 3631 3049 3683 καὶ
3100 3632 3230 3684 σκιά
3273 3631 3369 3684 τοῦ
3415 3632 3664 3699 μείζονος
3706 3632 3872 3701 λόγου
3907 3633 4008 3688 καὶ

2418 3723 2603 3777 είκών.
2648 3724 2707 3776 '0
2740 3726 2798 3776 ἐν
2833 3724 2974 3788 ὅλοις
3017 3725 3162 3779 κατά
3196 3721 3481 3797 τὺ⁸παρδν
3523 3725 3659 3795 πρὸς
3705 3727 3768 3780 τὺ
3800 3727 4008 3797 μέλλον

2419 3816 2513 3868 καὶ
2542 3815 2651 3867 τῶν
2698 3815 2836 3869 ὅλων
2870 3817 3152 3885 ποιητικὸς
3184 3817 3340 3886 λόγος
3365 3818 3806 3888 κατανοούμενός
3845 3820 4008 3872 ἔστιν

2418 3907 2493 3969 ὡς
2522 3908 2579 3957 ὲν
2602 3905 2759 3975 τύπῳ
2789 3908 2883 3959 καὶ
2911 3907 3162 3977 ἀληθεία,
3188 3907 3283 3960 καὶ
3323 3905 3399 3960 ῶν
3428 3909 3523 3962 καὶ
3543 3911 3898 3978 φαινόμενος,
3929 3910 4010 3969 ὡς

2419 3996 2565 4066 ὑπὲρ
2592 3996 2653 4048 τὸ
2695 3997 2871 4067 παρὸν
2904 3999 3000 4051 καὶ
3033 3998 3095 4051 τὸ
3122 3998 3317 4068 μέλλον
3349 3998 3446 4063 ῶν,
3497 4001 3594 4054 atat
3641 4000 3786 4070 ὑπὲρ
3820 4000 4010 4053 τύπον

2418 4090 2511 4140 καὶ
2550 4088 2838 4158 ἀλήθειαν,
2868 4089 2948 4158 τῷ
2982 4089 3151 4159 μηδὲν
3180 4089 3327 4158 ἔχειν
3360 4090 3738 4160 ἀντικείμενον
3764 4090 4010 4143 συνθεω-

2420 4180 2706 4249 ρούμενον.
2777 4181 3106 4234 ’Δντίκειται
3160 4182 3218 4235 δὲ
3271 4186 3340 4253 τῇ
3394 4182 3625 4253 ἀληθείᾳ
3662 4182 3724 4236 τὸ
3776 4182 4009 4253 ψεῦδος.

2420 4273 2621 4342 (218
2649 4272 2712 4339 a)
2755 4271 2927 4342 Ὑπὲρ
2986 4273 3245 4343 ἀλήθειαν
3267 4275 3376 4346 άρα
3413 4275 3443 4326 ό
3468 4277 3603 4345 πρὸς
3624 4275 3684 4327 όν
3711 4275 3781 4327 τὰ
3820 4277 4012 4329 πάντα

2420 4363 2717 4430 συνάγεται
2748 4362 2931 4431 λόγος,
2967 4366 3064 4419 καὶ
3097 4362 3275 4430 αὖθις,
3315 4368 3391 4429 ὡς
3423 4367 3712 4439 ἄνθρωπος
3743 4368 3844 4420 καὶ
3870 4366 4012 4431 Θεὸς

744 4454 983 4522 positum
1002 4460 1185 4506 autem
1213 4451 1431 4504 veritati
1461 4460 1546 4504 est
1583 4450 1950 4505 mendacium.
1990 4452 2177 4521 Itaque
2218 4468 2308 4506 ve-

2420 4455 2702 4523 ὑπάρχων.
2738 4454 2832 4506 καὶ⁵
2855 4455 2997 4525 ὑπὲρ
3024 4457 3206 4509 πᾶσαν
3239 4456 3316 4509 ῶν
3355 4434 3573 4527 ἀληθῶς
3600 4457 4014 4527 ἀνθρωπότητά

746 4545 963 4598 ritatem
996 4552 1221 4612 superat
1259 4558 1323 4595 ea
1372 4540 1629 4607 adquam
1687 4542 1942 4595 universa
1976 4543 2311 4611 colliguntur

2416 4559 2477 4594 τε
2514 4544 2608 4594 καὶ
2634 4541 2885 4611 θεότητα.

744 4636 905 4698 ratio,
942 4634 1257 4703 pariterque
1325 4645 1539 4694 rursus,
1609 4640 1669 4684 ut
1718 4630 1882 4686 homo
1920 4641 1976 4686 et
2016 4634 2183 4697 Deus,
2219 4634 2385 4688 etiam
2425 4649 2643 4686 omnem
2689 4648 2878 4687 revera
2940 4633 3338 4689 humanitatem
3398 4646 3455 4689 et
3499 4635 3852 4692 divinitatem
3907 4654 4010 4693 su-

747 4736 922 4795 perat.

813 4818 1165 4881 (lolliguntur
1190 4816 1357 4883 igitur
1392 4818 1606 4886 priores
1666 4816 1891 4885 quidem
1929 4816 2169 4884 quinque
2219 4832 2309 4869 ra-

744 4912 924 4964 tiones
980 4908 1047 4961 de
1096 4908 1393 4962 multifaria
1461 4908 1701 4976 ipsarum
1732 4906 2194 4976 contemplatione
2255 4908 2311 4961 in

740 5001 973 5055 activam
1001 5000 1377 5053 etnaturalem
1403 5010 1459 5052 ct
1490 4998 1849 5067 theologicam
1874 4998 2307 5068 philosophiam,

740 5092 824 5144 hac
849 5103 983 5143 vero
1034 5105 1228 5142 rursus
1256 5089 1309 5142 in
1353 5088 1701 5158 praesentiam
1749 5099 1914 5157 atque
1950 5087 2217 5153 futurum,
2254 5089 2309 5143 id

740 5194 825 5236 est
870 5190 1058 5252 typum
1106 5190 1269 5248 atque
1308 5179 1619 5242 veritatem,
1656 5177 1945 5248 praesentia
1977 5193 2109 5231 vero
2140 5186 2196 5232 et
2225 5178 2311 5231 fu-

742 5286 928 5328 tui-rum
957 5273 1010 5325 in
1030 5271 1357 5340 principale,
1408 5272 1523 5323 sive
1551 5271 1605 5323 in
1642 5270 1934 5331 rationem,
1987 5269 2041 5323 id
2076 5278 2161 5324 est
2185 5268 2308 5323 Ser-

742 5378 984 5424 monem,
1014 5378 1136 5431 quae
1160 5371 1281 5415 erat.
1313 5360 1367 5413 in
1398 5360 1689 5428 principio,
1723 5374 1845 5428 quae
1900 5370 2073 5414 semet
2112 5360 2224 5430 pati
2254 5369 2309 5415 et

739 5452 931 5505 videre
960 5450 1091 5503 facit
1124 5450 1333 5519 eosqu
1368 5449 1453 5502 sui
1494 5448 1645 5518 digni
1686 5447 1815 5502 facti
1864 5448 2090 5514 fuerint,
2127 5458 2184 5503 et
2211 5465 2308 5518 per

739 5559 951 5613 (aqua:
982 5543 1126 5597 dicta
1161 5550 1287 5596 sunt
1321 5556 1538 5595 summo
1561 5556 1686 5593 eum
1717 5541 1901 5595 studio
1926 5541 1993 5595 ad
2031 5558 2150 5596 sese
2183 5544 2307 5607 iter,

738 5643 795 5688 et
815 5634 1076 5688 decadem
1105 5649 1202 5701 per
1232 5633 1379 5700 ipsos
1409 5631 1604 5685 factam
1662 5631 1968 5701 per_ipsum
2022 5632 2309 5687 effecerint

746 5724 1057 5789 nionadetn,
1090 5723 1157 5776 de
1195 5722 1342 5778 omni
1378 5738 1471 5776 eos
1503 5722 1743 5777 motione
1798 5722 2036 5790 passioni
2071 5722 2308 5776 obnoxia

2492 4813 2635 4866 Συνά
2649 4830 2826 4881 γονται
2871 4815 3055 4867 τοίνυν
3090 4816 3138 4866 οἱ
3175 4814 3278 4885 μὲν
3311 4816 3569 4887 πρότεροι
3604 4815 3768 4869 πέντε
3798 4820 4011 4888 τρόποι

2419 4906 2561 4957 κατὰ
2587 4906 2686 4973 τὴν
2714 4906 2801 4958 ἐπ’
2836 4907 3018 4969 αὐτοῖς
3059 4905 3399 4976 πολύτροπον
3426 4907 3661 4978 θεωρίαν
3716 4909 3797 4971 είς
3852 4927 4011 4981 πρα-

2418 4999 2615 5067 κτικὴν
2636 4998 2727 5051 καὶ
2741 4997 2976 5068 φυσικὴν
3002 4998 3099 5051 καὶ
3114 4996 3431 5068 θεολογικὴν
3461 4998 3805 5068 φιλοσοφίαν,
3838 4997 4012 5056 αὗται

2418 5090 2476 5142 δὲ
2515 5089 2681 5143 πάλιν
2707 5092 2788 5152 είς
2812 5089 2877 5143 τὸ
2903 5089 3077 5161 παρὸν
3107 5090 3200 5142 καὶ
3224 5092 3307 5152 είς
3331 5089 3394 5143 τὸ
3426 5091 3640 5160 μέλλον,
3675 5092 3800 5162 ἦτοι
3829 5093 4013 5147 τύπον

2420 5181 2513 5235 καὶ
2564 5180 2846 5252 ἀλήθειαν,
2897 5181 2959 5233 τὸ
3004 5181 3181 5252 παρὸν
3233 5181 3290 5233 δὲ
3341 5181 3437 5234 καὶ
3480 5182 3543 5235 τὸ
3594 5182 3790 5252 μέλλον
3829 5186 3921 5249 είς
3952 5189 4015 5240 τὸ

2419 5271 2671 5341 ἀρχικὸν,
2708 5272 2878 5341 ἡγουν
2910 5270 3002 5325 τὸν
3052 5271 3110 5324 ἐν
3152 5273 3295 5341 ἀρχῇ
3349 5271 3544 5339 Λόγον,
3588 5273 3681 5325 τὸν
3733 5275 4016 5329 ποιοῦντα

2418 5363 2615 5415 παθεῖν
2661 5362 2821 5415 αὑτὸν
2866 5362 2962 5415 καὶ
3013 5362 3143 5415 ίδεῖν
3177 5364 3306 5425 τοὺς
3335 5361 3519 5427 ἀξίους
3562 5363 3731 5417 αὐτοῦ
3758 5370 4017 5437 γενομέ-

2420 5472 2564 5517 νους,
2609 5454 2703 5505 καὶ
2736 5453 2822 5506 διὰ
2854 5452 2966 5505 τῶν
3011 5453 3321 5523 εἰρημένων
3355 5454 3658 5522 φιλοπόνως
3709 5456 3827 5525 τὴν
3869 5459 4015 5527 πρὶς

2418 5528 2579 5593 αὑτὸν
2597 5542 2997 5611 ποιησαμένους
3023 5542 3267 5610 πορείαν,
3289 5545 3383 5597 καὶ¹
3406 5545 3505 5611 τὴν
3526 5543 3592 5597 δι’
3614 5544 3821 5609 αὐτοὺς
3851 5564 4014 5615 γενο-

2421 5633 2589 5701 μένην
2633 5632 2830 5686 δεκάδα
2875 5634 2942 5686 δι’
2980 5634 3139 5687 αὑτὸν
3186 5636 3586 5706 ποιησαμένους
3636 5639 3873 5709 μονάδα,
3914 5644 4014 5709 τὴν

2419 5726 2613 5787 αὐτοὺς
2649 5726 2936 5792 ἐκτινάξαν
2974 5728 3174 5789 παντὸς
3219 5727 3499 5797 ὲμπαθοῦς
3530 5746 3585 5781 τε
3620 5731 3717 5782 καὶ
3761 5733 4011 5801 φυσικοῦ
