4192 6434
226 392 365 457 1297

1454 401 1966 461 AMBIGUORUM
2008 404 2259 463 LIBER.

3318 411 3455 475 1298

214 505 315 559 καὶ
360 505 555 575 νοητοῦ
600 508 922 577 κινήματος,
950 509 1048 561 καὶ
1074 510 1175 579 τὴν
1205 510 1264 563 ἐν
1290 511 1475 583 χάριτι
1511 512 1663 567 θείαν
1692 516 1781 565 αὺ-

1893 526 1942 567 ει
1974 516 2209 568 naturali
2240 526 2296 566 ιιι
2323 515 2675 569 iutelleetuali
2703 518 3061 572 decussuram
3105 518 3454 593 divinamquv

213 596 335 658 τοῖς
366 596 506 649 κατὰ
551 597 653 664 τὴν
702 598 997 670 ὁλόκληρον
1040 598 1156 663 ἕξιν
1215 602 1662 673 ἐμμορφώσασαν
1692 605 1793 672 τῆς

215 686 363 739 κατὰ
390 685 553 754 φύσιν
583 686 736 750 θείας
753 688 1056 760 ἁπλότητος
1087 689 1346 761 ἰδιότητα.
1390 692 1585 746 Ἰστέον
1609 694 1665 747 δὲ
1696 694 1790 746 καὶ

207 773 395 839 τοῦτο,
423 774 507 826 ὅτι
541 773 639 843 τῆς
679 775 779 844 μὲν
803 775 1059 846 προνοίας
1088 780 1116 831 6
1143 776 1302 845 λόγος
1328 782 1396 851 τῇ
1429 783 1659 851 φυσικῇ,
1696 782 1791 835 καὶ

207 864 241 914 6
266 862 367 930 τῆς
395 863 629 935 κρίσεως
652 864 810 933 λόγος
828 867 896 936 τῇ
928 871 1205 939 πρακτικῇ
1237 870 1615 938 κατέσπαρται
1642 871 1789 940 φιλο-

209 954 400 1025 σοφίᾳ,
433 955 575 1009 κατὰ
593 952 728 1020 ’τοὺς
752 958 935 1020 αὐτοῖς
962 958 1278 1028 πρέποντας
1307 961 1565 1031 τρόπους,
1599 956 1682 1025 οἷς
1702 961 1790 1015 διὰ

205 1048 311 1118 τῆς
341 1048 572 1120 θεωρίας
598 1051 707 1104 τῶν
735 1052 905 1107 ὄντων
939 1070 1001 1107 τε
1050 1055 1142 1108 καὶ
1174 1056 1477 1125 γινομένων
1504 1057 1789 1127 ἐμφαίνονο

202 1154 325 1193 ται.
350 1139 556 1204 Ταῦτα,
598 1142 783 1205 καθὼς
816 1144 1052 1215 εἴρηται,
1088 1148 1382 1207 νενοηκότα
1406 1146 1497 1200 τὸν
1526 1147 1788 1218 θεόφρονα

202 1227 402 1282 τοῦτον
446 1229 766 1285 διδάσκαλον
810 1231 966 1303 οἶμαι
988 1233 1033 1265 ⁵⁸
1065 1235 1393 1305 προσφόρως
1434 1238 1560 1298 τοὺς
1589 1237 1793 1304 όνομαο

207 1320 442 1384 σθέντας
470 1320 660 1391 ἁγίους
692 1324 757 1377 ἐκ
787 1322 883 1377 τοῦ
907 1326 1049 1378 κατὰ
1068 1326 1234 1394 γένος
1265 1327 1361 1380 καὶ
1385 1324 1542 1391 ἀξίαν
1576 1326 1784 1398 τρόπου

201 1410 311 1479 τῆς
340 1410 428 1461 ἐπ’
444 1411 631 1475 αὐτοῖς
653 1412 889 1484 θεωρίας
917 1414 1169 1482 καλέσαι,
1196 1416 1286 1469 τὸν
1310 1417 1365 1470 δὲ
1396 1418 1567 1487 μέγαν
1607 1418 1786 1471 Ἰωάν-

199 1517 309 1570 νην
354 1503 450 1556 καὶ
484 1504 547 1556 ἐκ
587 1503 684 1557 τοῦ
717 1505 906 1559 τόπου.
958 1506 1157 1577 Διόπερ
1197 1508 1225 1560 6
1268 1508 1369 1576 μὲν
1413 1506 1565 1574 ἅγιος
1623 1506 1785 1561 Ιωάν-

199 1608 328 1660 νης,
355 1594 429 1656 ὡς
458 1595 556 1664 μὲν
585 1595 761 1665 κῆρυξ
794 1596 1105 1665 μετανοίας,
1140 1596 1389 1667 πράξεώς
1414 1599 1563 1665 ἐστιν
1595 1597 1779 1661 εἰκὼν,

196 1680 281 1743 ὡς
310 1680 367 1733 δὲ
396 1682 993 1753 ἐρημίτης,ἁπαθείας,
1020 1686 1099 1747 ὼς
1119 1686 1349 1755 Λευῖτης
1375 1686 1429 1739 δὲ
1458 1688 1549 1739 καὶ
1581 1690 1778 1757 ἱερεὺς,

199 1772 519 1842 γνωστικῆς
549 1772 805 1845 θεωρίας,
838 1775 915 1839 ὼς
959 1776 1016 1829 δὲ
1045 1776 1140 1829 τοῦ
1174 1777 1335 1845 λόγου
1367 1781 1782 1850 προσκιρτήσας

1899 607 1953 656 in
1988 606 2162 673 gratia
2202 606 2284 657 eis
2312 604 2614 660 secundum
2670 608 2939 675 integrum
2997 609 3240 664 habitum
3293 613 3454 666 infor-

1895 703 2162 748 maturam
2195 695 2392 749 divmze
2410 696 2735 749 naturaliter
2755 697 3123 767 simplicitatis
3158 701 3461 769 proprieta-

1894 792 2025 837 tem.
2062 783 2358 838 Sciendum
2390 795 2575 840 autem
2605 786 2709 839 hoc
2730 802 2947 855 quoque
2968 798 3077 848 est,
3103 790 3463 857 providentiae

1895 873 2160 925 rationem
2186 874 2441 935 naturali,
2468 874 2658 942 iudicii
2685 876 2947 928 rationem
2980 875 3159 929 activa
3183 889 3305 931 esse
3340 877 3463 945 phi-

1890 959 2137 1029 losophia
2175 972 2368 1023 satam,
2394 964 2693 1016 secundum
2721 964 2914 1017 modos
2953 966 3370 1030 convenientes,
3403 968 3459 1021 in

1889 1051 2092 1120 quibus
2111 1067 2210 1121 per
2235 1068 2428 1105 eorum
2455 1068 2576 1121 qua:
2590 1054 2864 1107 exsistunt
2886 1062 2944 1108 et
2966 1055 3102 1109 [lunt
3123 1055 3461 1124 contempla-

1890 1142 2093 1195 tionem
2124 1141 2557 1195 manifestantur.
2592 1142 2726 1206 Hoc,
2767 1142 2847 1198 uti
2878 1142 3013 1207 dixi,
3068 1144 3349 1199 intellectu
3378 1152 3460 1197 at-

1890 1247 1999 1301 que
2056 1234 2293 1287 consilio
2346 1232 2593 1286 divinum
2651 1235 2799 1289 hunc
2846 1235 3087 1289 arbitror
3132 1240 3458 1305 magistrum

1887 1333 2129 1387 sanctos,
2151 1340 2290 1394 quos
2315 1324 2631 1394 appellavit,
2649 1336 3017 1395 congruenter
3048 1342 3117 1381 ex
3142 1325 3309 1379 modo
3328 1340 3461 1379 con-

1887 1415 2252 1483 templationis
2297 1430 2488 1470 eorum
2540 1430 2765 1469 vocasse
2806 1416 3131 1470 secundum
3179 1407 3351 1484 genus
3402 1423 3459 1469 et

1885 1503 2228 1573 dignitatem,
2260 1520 2513 1575 magnum
2562 1519 2694 1559 vero
2722 1505 2989 1560 Joannem
3021 1506 3186 1559 etiam
3235 1506 3304 1560 de
3353 1505 3456 1559 loci

1886 1595 2069 1647 modo.
2094 1595 2275 1659 Quare
2302 1604 2524 1650 sanctus
2546 1595 2807 1659 Joannes,
2835 1604 2895 1648 ut
2951 1597 3293 1665 pmnitentiae
3316 1610 3457 1664 pra:-

1887 1701 1973 1748 co,
2004 1687 2238 1739 actionis
2267 1696 2352 1740 est
2372 1687 2569 1758 imago,
2608 1696 2665 1741 ut
2694 1687 2944 1749 eremita,
2972 1686 3449 1755 impassibilitatis.

1886 1784 1945 1829 ut
1970 1776 2159 1830 Levita
2176 1786 2231 1829 et
2260 1777 2542 1839 sacerdos,
2568 1778 2829 1845 guosticaz
2858 1775 3362 1844 contemplationis.
3396 1782 3460 1829 ut

194 1864 313 1916 ἀπὸ
361 1864 621 1935 γαστρὸς,
663 1866 929 1938 ἁτρεψίας
980 1868 1075 1921 καὶ
1118 1869 1218 1939 τῆς
1269 1870 1389 1921 κατ’
1434 1871 1634 1942 ἀρετὴν
1680 1872 1773 1923 καὶ

1878 1883 2003 1921 vero
2048 1868 2277 1922 rationis
2306 1883 2372 1921 ex
2398 1878 2555 1922 utero
2586 1868 2884 1931 exsultans,
2912 1866 3231 1922 constantia:
3264 1872 3321 1917 et
3361 1865 3459 1918 lia-

198 1953 408 2021 γνῶσιν
454 1954 623 2021 ἕξεὼς
668 1958 785 2010 ἐστι
835 1957 1103 2028 σύμϐολον
1125 1975 1140 1988 ·
1172 1961 1200 2013 6
1226 1959 1283 2013 δὲ
1307 1960 1461 2030 ἅγιος
1488 1961 1674 2026 Δαὸὶδ,
1704 1962 1778 2025 ὡς

201 2045 309 2114 μὲν
359 2046 615 2111 Ἰουδαῖος
878 2048 943 2118 b)
972 2051 1067 2103 καὶ
1101 2052 1327 2122 ποιμὴν,
1368 2053 1468 2122 τὴν
1499 2052 1567 2105 δι’
1589 2052 1780 2121 ἐξομο-
1832 2122 1841 2129 Δ

198 2134 485 2205 λογήσεως
524 2141 836 2209 πρακτικὴν
871 2140 1193 2209 φιλοσοφίαν
1226 2142 1571 2206 είκονίζεται,
1605 2142 1681 2205 ὡς
1723 2141 1778 2194 δὲ

200 2226 456 2295 βασιλεὺς
498 2227 735 2299 Ἰσραὴλ,
766 2231 865 2301 τὴν
899 2231 1243 2303 θεωρητικὴν
1287 2235 1590 2303 εἰσηγεῖται
1620 2250 1781 2303 μυστ-

197 2317 468 2385 αγωγίαν.
528 2318 691 2384 Γένος
744 2319 837 2374 οὖν
892 2322 988 2374 τοῦ
1040 2323 1139 2392 μὲν
1186 2323 1346 2391 ἁγίου
1409 2324 1657 2378 Ἰωάννου
1720 2324 1782 2375 τὸ

196 2408 358 2473 ἔθνος
382 2410 477 2463 καὶ
498 2412 531 2479 ἡ
564 2412 705 2483 φυλὴ
733 2412 791 2478 ἐξ
831 2405 906 2467 ὧν
936 2408 1172 2484 ὑπῆρχε,
1207 2414 1333 2482 ἀξία
1354 2414 1410 2468 δὲ
1435 2415 1496 2467 τὸ
1518 2415 1782 2483 κήρυγμα

201 2500 304 2552 καὶ
340 2501 636 2572 ἱερωσύνη,
677 2502 772 2556 καὶ
807 2503 971 2568 τόπος
1010 2506 1046 2575 ἡ
1078 2506 1282 2576 ἕρημος
1322 2508 1379 2560 ἐν
1465 2506 1649 2574 διῆγε’
1687 2505 1780 2558 τοῦ

196 2590 264 2646 δὲ
289 2593 443 2660 ἁγίου
482 2594 643 2647 Δασὶδ
670 2594 958 2661 ὡσαύτως,
989 2597 1049 2651 τὸ
1077 2598 1176 2668 μέν
1216 2598 1375 2666 γένος
1399 2598 1461 2650 τὸ
1482 2597 1635 2659 ἔθνος
1666 2598 1783 2649 ἐστὶ

200 2681 305 2736 καὶ
336 2686 369 2754 ἡ
402 2684 564 2755 φυλὴ,
595 2685 656 2739 τὸ
686 2686 743 2739 δὲ
766 2688 1126 2758 ἐπιτήδευμα,
1168 2689 1340 2758 ἢγουν
1370 2689 1403 2758 ἡ
1430 2688 1575 2754 ἀξία,
1602 2690 1634 2757 ἡ
1664 2704 1780 2739 ποι-

204 2776 447 2846 μαντικὴ
494 2776 589 2829 καὶ¹
644 2778 676 2845 ἠ
722 2776 988 2846 βασιλεία.
1041 2773 1138 2842 Ak
1175 2779 1458 2853 ἑκάτερος,
1502 2778 1783 2845 ἀναλόγως

201 2864 388 2935 ἑαυτῷ
418 2867 559 2920 κατὰ
576 2868 667 2920 τὸν
700 2868 978 2939 πρέποντα
1007 2868 1163 2937 λόγον
1192 2868 1301 2921 τῶν
1334 2870 1419 2921 ἐπ’
1450 2868 1600 2937 αὐτῷ
1628 2868 1782 2935 λεγο-

205 2956 389 3025 μένων
420 2958 640 3026 τρόπων
681 2958 1080 3028 θεωρούμενος,
1117 2958 1180 3011 τὸ
1213 2959 1282 3013 δι’
1315 2957 1480 3011 αὑτοῦ
1518 2957 1785 3027 δηλούμε-

203 3062 301 3101 νον
331 3066 350 3099 ι
370 3050 690 3114 ἀπταίστως
716 3069 734 3103 ι
767 3051 1069 3121 μυστήριον
1090 3050 1388 3105 δείκνυσιν.

1881 1959 2027 2013 bitus
2056 1958 2273 2013 virtutis
2295 1968 2351 2014 et
2378 1959 2708 2028 cognitionis
2740 1958 3049 2029 symbolum
3084 1964 3205 2012 est:
3236 1965 3460 2009 sanctus

1880 2059 2071 2103 contra
2126 2049 2319 2113 David,
2370 2057 2432 2103 ut
2475 2048 2698 2104 Judaeus
2728 2058 2783 2103 et
2827 2057 3034 2118 pastor,
3063 2048 3295 2101 activam
3357 2061 3454 2115 per

1887 2140 2287 2196 confessionem
2355 2140 2760 2210 philosophiam
2797 2138 3008 2209 ﬁgurat,
3036 2146 3094 2189 ut
3118 2151 3215 2191 rex
3257 2136 3447 2201 Israel,

1880 2231 2355 2300 contemplativam
2389 2230 2693 2284 introducit
2717 2228 3127 2299 mystagogiam.
3149 2225 3334 2281 Genus
3354 2225 3456 2295 igi-

1886 2330 1975 2377 tur
1997 2322 2169 2375 sancti
2191 2321 2420 2375 Joannis
2455 2336 2588 2390 gens
2613 2328 2699 2375 est
2727 2328 2782 2373 et
2818 2320 2997 2373 tribus
3027 2319 3172 2373 unde
3187 2319 3457 2389 originem

1882 2408 2136 2473 ducebat,
2165 2409 2403 2480 dignitas
2425 2424 2555 2462 vero
2584 2409 2920 2478 praeconium
2950 2418 3005 2462 ct
3053 2407 3455 2471 sacerdotium,

1881 2508 1938 2555 et
1967 2501 2121 2553 locus
2142 2499 2425 2553 desertum
2473 2498 2567 2552 ubi
2585 2498 2795 2552 versari
2837 2498 3086 2562 solebat;
3119 2498 3293 2551 sancti
3328 2511 3458 2551 cou—

1883 2601 1964 2645 tra
2012 2590 2233 2644 Davidis
2267 2589 2386 2659 pari
2423 2589 2586 2643 modo
2639 2603 2813 2658 genus
2874 2597 2957 2642 est
2988 2604 3120 2658 gens
3156 2597 3213 2641 et
3260 2586 3456 2649 tribus,

1885 2696 2103 2744 munus,
2128 2680 2182 2733 id
2197 2689 2281 2735 est
2302 2680 2559 2749 dignitas,
2582 2679 2858 2748 pastorale
2877 2678 3115 2733 oﬂicium
3133 2686 3189 2731 et
3209 2691 3454 2746 regnum.

1882 2770 2118 2836 Quibus,
2148 2769 2524 2839 philosophia,
2582 2770 2834 2837 inquam,
2865 2768 3040 2821 activa
3092 2776 3149 2821 et
3210 2776 3458 2821 contem-

1884 2860 2083 2930 plativa
2135 2860 2491 2929 mystagogia,
2541 2859 2585 2913 si
2636 2868 2867 2927 uterque
2910 2857 3018 2912 sibi
3066 2856 3460 2911 convenienter

1884 2949 2186 3003 secundum
2218 2959 2611 3019 congruentem
2638 2949 2927 3003 modorum
2963 2949 3020 3002 in
3061 2948 3143 3002 eis
3194 2946 3435 3000 indicato

1885 3053 2007 3092 rum
2028 3038 2296 3093 rationem
2318 3048 2617 3111 spectatur,
2647 3041 2968 3111 mysterium
3004 3053 3103 3109 per
3130 3046 3304 3093 semet
3336 3052 3420 3089 ma
3438 3064 3456 3076 -

1886 3127 2203 3184 nifestatum
2234 3129 2351 3183 sine
2382 3147 2399 3180 ι
2425 3129 2593 3185 ullius
2617 3130 2921 3185 offensione
2946 3150 2964 3181 ο
3012 3129 3381 3185 demonstrat.

219 3311 323 3371 Ἕκ
353 3315 460 3369 τοῦ
488 3316 675 3371 αὐτοῦ
706 3317 913 3386 λόγου,
946 3320 1033 3383 εις
1056 3318 1123 3371 τὸ
1147 3334 1159 3347 ο
1192 3336 1207 3369 ι
1232 3321 1331 3371 Ἂν
1360 3319 1448 3382 είς
1473 3315 1776 3383 Αἴγυπτον

1880 3311 1963 3366 Ea:
1993 3311 2173 3364 eodem
2198 3325 2462 3374 sermone,
2492 3311 2548 3363 in
2587 3300 2722 3362 iflud
2756 3325 2768 3360 :
2804 3326 2821 3356 ι
2850 3305 2906 3362 Si
2933 3308 2987 3360 in
3019 3306 3307 3377 ﬁgyptunt
3336 3324 3427 3377 pro

274 3406 491 3474 φεύγῃ,
526 3410 843 3477 προθύμως
870 3406 1430 3477 συμφυγιιδεύθητν
1466 3405 1658 3459 καλὸν
1693 3400 1773 3467 τῷ

274 3494 508 3561 Χριστῷ
549 3496 920 3566 συμφεύγειν
960 3493 1317 3563 διωκομένῳ.
1357 3494 1459 3547 Ἂν
1499 3493 1567 3547 ἐκ
1596 3494 1773 3561 Αίγύ-

276 3599 405 3648 πτῳ
441 3578 746 3654 βραδύνῃ,
801 3586 1073 3640 κάλεσον
1111 3584 1301 3639 αὑτὸν
1342 3583 1411 3649 ἐξ
1448 3584 1771 3653 Αἰγύπτου,

272 3675 473 3743 καλῶς
503 3677 632 3731 ἐκεῖ
650 3678 1185 3747 προσκυνούμενον
1207 3678 1340 3748 (29).
1374 3697 1393 3728 ι

278 3870 389 3933 Δεῖ,
419 3870 670 3941 καθάπερ
696 3866 875 3940 οἶμαι,
917 3872 1053 3943 πρὸς
1078 3870 1155 3942 τῷ
1183 3871 1474 3940 γινώσκειν
1502 3873 1579 3935 είς
1604 3873 1770 3939 Αἴγυ-

200 3976 341 4011 τιτον
366 3959 603 4027 φυγόντα
642 3960 734 4012 τὸν
777 3961 980 4030 Κύριον
1010 3962 1105 4014 καὶ
1132 3961 1236 4014 ὑπὸ
1276 3962 1420 4024 τίνος
1448 3962 1773 4032 διωκόμενον

201 4046 349 4098 κατὰ
376 4046 437 4098 τὸ
468 4047 760 4101 ἀκόλουθον
788 4047 1008 4102 είδέναι.
1036 4051 1232 4118 Φεύγει
1278 4050 1459 4103 τοίνυν
1502 4052 1530 4103 6
1571 4053 1772 4123 Κύριος

194 4138 267 4189 ού
299 4137 460 4205 μόνον
487 4137 674 4198 ἁπλῶς
707 4139 787 4201 είς
827 4139 1122 4206 Αἴγυπτον,
1150 4139 1287 4194 ἀλλὰ
1322 4141 1415 4192 καὶ
1445 4140 1548 4192 ὑπὸ
1594 4142 1772 4210 Ἠρώη

195 4226 297 4280 δου
348 4226 697 4295 διωκόμενος,
738 4228 834 4280 τοῦ
892 4229 1195 4299 τηνικαῦτα
1236 4230 1335 4298 τῆς
1380 4230 1639 4294 Ἰουδαίας
1671 4234 1773 4302 γῆς

199 4317 602 4388 βασιλεύοντος.
646 4319 1044 4388 Ἐρμηνεύεται
1068 4320 1122 4373 δὲ
1145 4322 1174 4374 6
1211 4320 1478 4392 Ἡρώδης,
1512 4322 1587 4385 ὣς
1614 4339 1772 4391 φασι,

200 4411 396 4474 πάθος,
446 4412 541 4464 κα)⁵
577 4411 921 4483 δερμάτινος,
970 4413 1068 4466 καὶ
1121 4412 1302 4482 φύσις,
1336 4415 1369 4483 ἡ
1407 4414 1467 4468 δὲ
1501 4415 1775 4482 Αἴγυπτος

199 4501 301 4553 καὶ
343 4501 480 4571 αὐτὴ
507 4502 789 4573 πολλαχῶς
824 4502 1181 4572 λαμϐάνεται,
1209 4503 1351 4557 κατὰ
1379 4502 1481 4567 τὰς
1525 4504 1611 4557 ἐπ’
1636 4504 1773 4575 αὐτῇ

198 4593 314 4646 τῶν
340 4592 693 4665 θεωρητικῶν
722 4595 939 4673 τρόπων
968 4596 1236 4659 ἐπινοίας,
1280 4596 1410 4649 ποτὲ
1439 4597 1538 4667 μὲν
1569 4596 1650 4660 είς
1684 4598 1774 4651 τὸν

1947 3402 2137 3472 fugiat,
2167 3401 2339 3456 alacri
2369 3401 2555 3454 animo
2569 3407 2618 3452 te
2639 3401 2737 3469 ipsi
2757 3398 2894 3469 fuga:
2914 3398 3156 3450 comitem
3180 3396 3415 3467 adjungc
3439 3440 3451 3461 ,

1947 3492 2265 3562 praeclarum
2296 3502 2373 3545 est
2402 3509 2520 3546 cum
2548 3491 2757 3547 Christo
2780 3492 3194 3561 persecutionem
3225 3489 3458 3559 patiente

1946 3584 2142 3655 fugere.
2176 3582 2233 3637 Si
2264 3584 2649 3637 diuturniorem
2686 3582 2741 3634 in
2768 3579 2999 3651 1Eyypt0
3031 3595 3238 3634 moram
3266 3580 3452 3649 faciat.

1946 3694 2009 3730 ea:
2054 3674 2279 3746 zEgypto
2317 3692 2436 3727 eum
2485 3690 2630 3735 voca,
2673 3673 2763 3742 qui
2807 3674 2906 3725 rite
2955 3670 3068 3725 illic
3118 3670 3377 3725 adoratur
3407 3680 3454 3720 et

1948 3769 2163 3823 colitur.
2198 3787 2216 3818 ι

1949 3881 2246 3942 Debemus,
2279 3887 2340 3932 ut
2359 3880 2576 3947 opinor,
2607 3892 2733 3933 cum
2757 3878 3054 3933 Dominum
3084 3877 3141 3931 in
3160 3874 3454 3946 Egyptuiu

1875 3975 2081 4045 fugisse
2111 3976 2372 4037 sciamus,
2406 3989 2569 4029 nosse
2601 3974 2770 4029 etiam
2812 3981 3221 4043 consequenter
3255 3988 3451 4041 quem-

1874 4081 2000 4119 nam
2032 4075 2442 4134 persecutorem
2494 4065 2711 4134 fugerit.
2772 4066 2933 4135 Fugit
2971 4067 3147 4135 igitur
3181 4064 3451 4119 Dominus

1875 4172 1983 4210 non
2006 4156 2185 4209 solum
2221 4154 2552 4223 simpliciter
2584 4155 2640 4207 in
2682 4155 2998 4226 Egypt‘um,
3050 4156 3144 4211 sed
3188 4157 3353 4210 etiam
3385 4155 3455 4208 ab

1876 4243 2111 4308 Herode,
2144 4243 2345 4298 Judaza:
2377 4252 2539 4298 terra:
2575 4252 2706 4299 tunc
2754 4246 3021 4315 temporis
3068 4259 3194 4315 rege
3224 4244 3456 4314 petitus.

1877 4334 2113 4390 Herodis
2144 4348 2300 4397 vero,
2322 4335 2405 4388 uti
2444 4330 2690 4399 tradunt,
2723 4336 3109 4405 interpretatio
3131 4343 3219 4390 est
3246 4337 3449 4403 passio,

1876 4432 1931 4479 et
1956 4424 2244 4494 pelliceus.
2277 4431 2334 4478 et
2367 4433 2592 4487 natura,
2619 4423 2887 4495 Egyptus
2920 4434 3105 4479 autem
3148 4425 3263 4493 ipsa
3315 4424 3453 4478 mul-

1880 4516 2120 4571 tifariam
2168 4516 2410 4570 refertur
2452 4517 2758 4571 secundum
2791 4519 3350 4586 contemplativorum
3395 4516 3450 4569 iu

1880 4622 1945 4662 ea
1970 4607 2258 4661 modorum
2286 4608 2547 4670 rationes,
2598 4608 2760 4661 modo
2817 4610 2883 4663 ad
2924 4617 3249 4678 praesentem
3295 4623 3451 4661 mun-

198 4689 478 4743 ἐνεστῶτα
535 4691 762 4761 κόσμον,
809 4691 940 4744 ποτέ
972 4691 1028 4744 δὲ
1068 4694 1149 4755 είς
1186 4692 1285 4764 τὴν
1313 4692 1517 4763 σάρκα,
1544 4694 1674 4747 ποτὲ
1716 4693 1773 4747 δὲ

1883 4698 2035 4765 dum,
2066 4698 2231 4753 modo
2260 4699 2327 4752 ad
2354 4715 2597 4765 carnem,
2638 4701 2801 4754 modo
2822 4701 2887 4755 ad
2930 4711 3241 4770 peccatum.
3287 4699 3451 4754 modo

198 4777 283 4840 είς
312 4779 410 4847 τὴν
453 4780 753 4851 ἁμαρτίαν,
782 4780 911 4833 ποτὲ
947 4780 1003 4833 δὲ
1026 4782 1106 4843 είς
1137 4782 1237 4854 τὴν
1276 4782 1519 4849 ἄγνοιαν,
1555 4786 1687 4838 ποτὲ
1716 4784 1773 4837 δέ

198 4871 282 4932 είς
308 4871 410 4940 τὴν
437 4871 700 4933 κάκωσιν,
733 4871 857 4925 καθ’
876 4872 944 4943 ἢν
975 4871 1212 4943 μάλιστα
1231 4873 1324 4926 νῦν
1352 4874 1609 4944 ἐπιϐολὴν
1638 4876 1773 4946 πρέ-

197 4978 305 5014 πον
334 4962 483 5014 ἐστὶν
516 4962 837 5030 ἐκδέξασθαι
866 4963 965 5035 τὴν
994 4966 1075 5027 εἰς
1098 4964 1373 5032 Δίγυπτον
1417 4964 1512 5018 τοῦ
1565 4967 1773 5037 Κυρίου

196 5050 398 5116 φυγήν.
450 5050 629 5102 Καλὸν
687 5050 781 5104 οὖν
832 5052 948 5106 ἐστι
1016 5053 1353 5123 συμφεύγειν
1390 5057 1470 5118 είς
1500 5054 1775 5122 Αἴγυπτον

194 5140 279 5210 τῷ
308 5141 552 5212 Χριστῷ,
579 5144 829 5198 τουτέστι
868 5144 948 5217 τῷ
978 5146 1036 5200 ἐν
1070 5146 1203 5218 ἡμῖν
1234 5145 1612 5218 διαγνωστικῷ
1647 5148 1776 5221 θείῳ

194 5233 365 5303 λόγῳ,
387 5234 479 5288 διὰ
509 5238 815 5308 νηπιότητα
838 5237 979 5303 τέως
1010 5239 1349 5312 διωκομένῳ,
1379 5241 1447 5295 δι’
1470 5243 1617 5315 ἡμᾶς
1648 5244 1775 5307 τοὺς

196 5323 322 5374 κατ’
355 5323 522 5376 αὐτὸν
556 5326 946 5396 νηπιάζοντας,
981 5328 1087 5383 ὑπὸ
1127 5330 1221 5385 τοῦ
1252 5330 1585 5402 κρατοῦντος
1615 5331 1775 5402 ήμῶν

195 5410 280 5465 ἔτι
322 5415 418 5467 καὶ
452 5414 828 5483 βασιλεύοντος
856 5418 945 5473 διὰ
982 5420 1090 5474 τῶν
1130 5422 1396 5492 ἐμπαθῶν
1425 5424 1524 5494 τῆς
1570 5424 1776 5495 σαρκὸς

196 5504 518 5574 κινημάτων
551 5505 837 5580 (219a)
872 5509 1058 5581 χοϊκοῦ
1116 5514 1483 5584 φρονήματος,
1543 5514 1625 5577 εἰς
1678 5513 1775 5583 τὴν

1845 4789 1945 4860 _ad
1983 4789 2372 4860 ignorantiam,
2409 4791 2573 4845 modo
2604 4792 2669 4844 ad
2708 4791 3078 4855 vexationem,
3116 4807 3224 4857 qua
3275 4791 3450 4859 potis-

1879 4882 2079 4937 simum
2120 4882 2578 4952 interpretatione
2628 4886 2847 4938 Domini
2894 4885 2947 4938 in
2980 4884 3235 4955 Egytum
3267 4882 3453 4953 fugam

1880 4990 2029 5029 nunc
2058 4975 2311 5044 accipere
2341 4975 2627 5029 debemus.
2661 4977 2991 5030 Prazclarum
3022 4984 3109 5030 est
3134 4975 3304 5044 igitur
3326 4990 3449 5029 cum

1880 5066 2176 5122 Christoin
2212 5065 2503 5138 [Egyptum
2532 5068 2741 5137 fugere,
2784 5068 2838 5122 id
2876 5077 2963 5123 est
3013 5084 3139 5123 cum
3180 5068 3450 5137 dijudica-

1877 5167 1997 5211 torc
2045 5154 2101 5208 in
2140 5153 2301 5209 nobis
2338 5171 2595 5209 sermone
2632 5156 2843 5220 divino,
2899 5165 3123 5226 pr0pter
3165 5155 3452 5209 infantiam

1874 5244 2063 5299 tandiu
2089 5246 2531 5313 persecutionem
2562 5246 2829 5315 patiente,
2858 5256 3085 5316 propter
3110 5262 3212 5301 nos
3250 5249 3347 5316 qui
3384 5264 3452 5300 eo

1878 5330 2115 5385 infantes
2145 5346 2357 5396 sumus,
2396 5333 2843 5401 persecutionem
2872 5333 3117 5403 patiente
3148 5348 3179 5387 a
3237 5342 3453 5387 terrena

1875 5437 1995 5491 qua:
2028 5422 2081 5476 in
2119 5423 2281 5477 nobis
2327 5422 2511 5478 adhuc
2556 5439 2656 5493 per
2708 5431 2893 5479 motus
2939 5424 3126 5479 carnis
3160 5421 3455 5481 aﬂectibus

1875 5514 2143 5571 obnoxios
2167 5516 2486 5570 dominatur
2520 5517 2826 5581 voluntate,
2863 5517 2917 5570 in
2962 5518 3310 5571 vexationem
3351 5528 3451 5585 per

1501 5627 1727 5683 VARI/{'1
1766 5627 2169 5684 LECTIONES.

267 5687 314 5721 “
345 5690 421 5754 ὡς
442 5686 595 5763 οἶμαι
628 5693 788 5749 habet
815 5695 955 5752 liber
975 5697 1227 5767 scriptus.

270 5781 382 5853 (29)
410 5783 571 5855 Greg.
598 5786 726 5841 Naz.
760 5788 849 5843 Ου’.
876 5792 929 5845 ἱη
956 5790 1276 5862 Theophan.,
1302 5809 1420 5861 cap.
1459 5792 1537 5859 18,
1571 5802 1701 5847 tom.
1729 5793 1746 5846 Ι
1805 5793 1967 5863 (ηιμ,
2006 5812 2056 5863 p.
2090 5796 2211 5856 (575,
2244 5794 2375 5849 edit.
2405 5794 2606 5848 Bcucd.
