4192 6434
736 390 788 453 ἷῖ
808 395 820 454 ἓ
837 394 868 458 9
1886 391 1945 451 S.
1990 389 2273 449 ΜΑΧῘΜῙ
2312 387 2821 448 ΞΟΧΞΕΒΞΟΒῘΞ

3879 381 3984 406 P".

3879 381 3984 406 νοτ

3847 379 3986 444 Ῑυ-υ

729 505 964 559 :c‘.ivam
992 545 1007 567 .
1046 503 1222 560 donec
1266 519 1362 574 per
1408 503 1899 572 impassibilitatcm
1945 519 2092 557 mors
2130 503 2289 557 nobis

2409 502 2483 555 5ιά
2533 503 2631 571 τῆς
2678 501 2990 573 πρακτικῆς
3026 499 3295 563 κάκωσιν,
3330 497 3436 560 ἕως
3486 489 3548 550 ού
3589 495 3823 558 θάνατος
3851 499 3986 565 ἡμῖν

729 597 970 652 indicata
997 597 1165 652 fuerit
1196 611 1390 651 eorum
1422 597 1516 665 qui
1557 597 1731 650 divini
1783 598 1836 649 in
1864 596 2024 650 nobis
2071 596 2295 650 infantis

729 688 1017 741 Sermonis
1047 685 1245 740 anima
1273 685 1632 750 insidiantur,
1685 687 1790 740 hoc
1831 697 1917 741 est
1964 703 2157 741 eorum
2198 687 2294 755 qui

728 786 978 830 nostram
1008 776 1313 830 secundum
1346 775 1667 832 Sermonem
1709 778 1766 831 in
1796 779 1909 834 Deo
1952 795 2297 834 consumma-

730 875 845 918 tum
869 866 1037 918 vitam
1064 864 1397 919 mortiﬁcare
1429 865 1681 928 student,
1728 867 2297 935 constitutionemque

726 953 950 1009 Christo
983 964 1448 1018 consentaneam,
1491 956 1608 1008 sive
1662 956 1907 1009 habitum
1949 957 2298 1024 exstinguere

729 1043 937 1099 furiose
967 1055 1260 1111 conantur,
1288 1046 1381 1114 qui
1414 1059 1597 1098 sermo
1628 1044 1850 1098 divinus
1864 1061 1966 1114 per
2013 1059 2196 1098 acrem
2229 1044 2298 1098 de

727 1133 1010 1188 voluntate
1057 1133 1224 1186 animi
1283 1133 1460 1186 nostri
1516 1131 1833 1186 ﬁrmitatem
1887 1142 2143 1201 tanquam
2202 1147 2300 1200 per

729 1224 933 1277 nubem
983 1225 1158 1278 levem
1205 1222 1271 1276 ad
1307 1232 1549 1276 nostram
1577 1221 1867 1293 tEgyptum
1902 1223 2135 1285 accedit,
2175 1238 2298 1276 car-

730 1329 886 1377 nem,
940 1314 1183 1382 inquam,
1229 1324 1285 1367 et
1345 1325 1526 1368 motus
1577 1316 1695 1383 ejus
1757 1324 1811 1367 et
1851 1313 2082 1368 aﬂ‘ectus
2131 1314 2301 1367 veluti

739 1403 1038 1456 simulacra
1085 1402 1334 1470 quaedam
1389 1404 1695 1457 manufacta
1738 1404 1983 1456 concutit
2033 1415 2199 1473 atque
2233 1405 2302 1457 de

731 1493 861 1546 sede
887 1508 982 1546 sua
1019 1493 1210 1563 dejicit
1237 1503 1293 1546 et
1330 1493 1397 1546 ab
1427 1495 1606 1547 anima
1645 1494 1808 1561 plane
1847 1493 2086 1562 repellit,
2123 1508 2306 1564 remo-

732 1583 912 1651 tisque
937 1584 1270 1652 imaginibus
1293 1585 1347 1636 in
1410 1598 1467 1636 se
1513 1584 1715 1651 ipsum,
1773 1590 1836 1636 nt
1879 1583 2062 1648 decet,
2111 1582 2305 1636 adora-

734 1675 939 1727 tionem
977 1673 1305 1726 transducit.
1344 1672 1456 1726 Hoc
1483 1674 1650 1743 igitur
1671 1673 1832 1727 modo
1866 1689 1966 1726 nos
1989 1689 2114 1727 cum
2138 1673 2304 1728 Chri-

732 1775 818 1818 sto
841 1765 1286 1832 persecutionem
1325 1765 1570 1832 patiente
1598 1764 1739 1818 bene
1771 1764 2031 1833 fugimus,
2064 1764 2132 1817 de
2164 1764 2303 1832 fugte

730 1871 858 1910 cum
895 1871 961 1909 eo
995 1855 1262 1908 consortii
1310 1855 1599 1908 vexatione
1632 1867 1828 1923 sponte
1865 1864 2120 1922 suscepta
2155 1870 2296 1923 praz-
2335 1836 2373 1889 Β

734 1945 939 1998 claram
1005 1945 1343 2013 accipientes
1413 1945 1722 2000 mercedem
1779 1945 2295 2013 impassibilitatem.

735 2035 950 2088 Rursus
984 2051 1117 2089 vero
1147 2035 1430 2088 Christum
1458 2051 1523 2090 ex
1546 2033 1780 2104 A-Zgypto
1820 2049 2142 2088 revocamus
2166 2034 2297 2087 dum

732 2126 984 2179 divinum
1019 2126 1074 2178 in
1120 2125 1281 2179 nobis
1319 2125 1736 2196 dijudicationis
1782 2140 2092 2179 sermonem
2129 2124 2298 2178 aﬂ'ec-

733 2217 885 2271 tibus
903 2218 1148 2286 expulsis
1173 2227 1230 2272 et
1261 2217 1507 2272 enecatis
1534 2231 1643 2270 non
1692 2216 1933 2284 patimur
1979 2214 2299 2284 impruden-

735 2315 822 2359 ter
853 2320 1080 2374 operam
1113 2307 1246 2359 dare
1268 2305 1480 2358 artibus
1509 2304 1770 2358 adversus
1796 2318 1859 2356 ea
1881 2317 2003 2371 quae
2023 2318 2131 2355 non
2171 2311 2301 2355 sunt

735 2395 1115 2457 molientibus,
1173 2409 1353 2462 neque
1401 2407 1623 2446 carnem
1672 2405 1982 2445 sermonem
2018 2391 2071 2443 in
2116 2390 2301 2444 nobis-

735 2484 988 2551 metipsis
1018 2485 1195 2537 solum
1233 2485 1416 2553 potius
1455 2498 1617 2552 quam
1669 2483 1725 2536 in
1771 2482 1988 2536 caeteris
2033 2483 2128 2550 qui
2173 2498 2299 2536 cum

737 2575 901 2628 nobis
928 2584 1332 2628 conversantur
1365 2575 1585 2642 agnosci
1617 2574 1873 2628 sinimus.
1925 2573 2040 2626 imo
2073 2573 2302 2640 pulchre

736 2674 791 2716 et
823 2663 1080 2732 religiose
1111 2665 1166 2716 in
1213 2664 1408 2717 activae
1443 2663 1747 2718 secundum
1782 2663 2128 2716 vexationem
2174 2663 2300 2730 phi-

739 2755 1003 2824 losophia:
1038 2755 1234 2809 formis
1276 2771 1376 2826 per
1423 2757 1658 2808 virtutes
1715 2754 2068 2824 praeinstituti
2115 2770 2304 2809 ascen-

738 2846 935 2899 damus
959 2861 1024 2900 ex
1060 2846 1129 2899 iis
1154 2861 1253 2913 per
1275 2845 1796 2914 contemplationem
1832 2844 1899 2898 ad
1933 2860 2124 2899 eorum
2168 2860 2304 2913 quo-

739 2953 860 2990 rum
902 2937 1094 2990 forma:
1141 2937 1257 2990 ista:
1308 2946 1364 2990 et
1416 2937 1680 3006 imagines
1727 2944 1854 2988 sunt
1911 2937 2302 3004 cognitionem,

737 3027 910 3080 veluti
942 3025 1010 3081 de
1038 3024 1271 3096 lEgypto
1300 3027 1482 3094 aliqua
1520 3025 1834 3080 inJudaaam
1855 3025 2086 3093 pulchre
2117 3040 2307 3078 ascen-

738 3119 931 3172 dentes
953 3118 1293 3186 comitesque
1326 3126 1549 3171 nostros
1597 3116 1897 3171 ascendere
1939 3117 2301 3180 instruentes,

739 3219 795 3261 ct
827 3208 895 3261 de
920 3209 1104 3262 carnis
1130 3207 1414 3262 Sermonis
1435 3207 1581 3276 quod
1601 3206 1856 3261 Christus
1890 3206 1964 3260 sit
1991 3206 2304 3276 cognitione

739 3315 839 3366 per
863 3301 1099 3352 activam
1129 3299 1600 3369 transgrediamur
1623 3298 1689 3352 ad
1714 3298 1965 3369 gloriam,
1996 3298 2102 3352 hoc
2131 3297 2307 3351 estad

739 3389 1020 3458 Unigeniti
1046 3389 1192 3458 apud
1223 3389 1438 3444 Patrem
1464 3404 1624 3442 suum
1647 3388 2035 3458 cOgnitionem.
2065 3388 2141 3442 Ita
2171 3403 2308 3458 pra:-

739 3479 887 3532 clare
921 3479 1123 3548 aliquis
1141 3486 1304 3548 atque
1336 3479 1423 3547 pie
1456 3493 1582 3533 cum
1605 3477 1831 3533 Christo
1864 3481 2306 3547 persecutionem

741 3571 978 3638 patiente
1007 3569 1167 3639 fugit,
1197 3578 1252 3622 et
1287 3571 1362 3624 ita
1393 3585 1586 3624 rursus
1618 3585 1746 3623 eum
1773 3580 1994 3625 revocat
2027 3570 2096 3624 de
2124 3570 2306 3624 activa

740 3661 804 3712 ad
839 3661 1364 3730 contemplationem
1387 3669 1444 3715 et
1474 3661 1845 3730 cognitionem
1870 3660 2305 3731 transgrediens,

739 3754 923 3806 uiniiia
956 3769 1080 3806 cum
1124 3769 1378 3808 sermone
1421 3753 1722 3807 secundum
1761 3768 2068 3807 sermonem
2099 3752 2309 3807 faciens

740 3861 840 3914 pro
870 3860 1144 3900 sermone.
1171 3845 1248 3899 Ne
1280 3855 1463 3900 autem
1497 3845 1716 3901 mireris
1756 3845 1903 3914 quod
1944 3844 2212 3915 Egyptus
2253 3845 2310 3899 in

742 3937 1084 3990 vexationem
1151 3936 1458 3990 secundum
1535 3937 1797 3990 virtutem
1857 3937 2167 3990 institutam
2220 3936 2310 3990 hic

744 4039 913 4080 tracta
943 4038 1062 4087 est.
1098 4027 1195 4082 sed
1231 4027 1525 4098 diligenter
1553 4045 1614 4082 ea
1647 4027 1936 4082 considera
1971 4044 2094 4096 qua:
2122 4029 2174 4080 in
2207 4028 2311 4082 Vc-

745 4117 845 4169 tcri
879 4116 1232 4169 Testamento
1271 4126 1565 4170 narrantur
1595 4157 1609 4180 ,
1665 4116 1942 4185 quomodo
1985 4133 2095 4169 non
2130 4117 2308 4170 solum

745 4207 998 4260 lsraclem
1037 4206 1124 4259 illa
1157 4207 1424 4260 lateribus
1464 4205 1825 4260 conficiendis
1869 4205 2180 4270 vexaverit,
2213 4206 2311 4260 sed

744 4297 892 4365 ipsos
915 4295 1196 4366 [Egyptios
1229 4311 1452 4364 quoque
1475 4311 1575 4364 per
1608 4294 1806 4363 Moysis
1833 4293 2229 4362 profectionem
2256 4294 2310 4347 in

745 4387 1030 4440 interitum
1071 4387 1404 4440 cruciaverit
1433 4404 1446 4438 :
1481 4385 1840 4440 Vexationem
1870 4385 2015 4438 enim
2052 4395 2105 4438 et
2157 4394 2309 4437 tene-

2403 595 2614 664 μηνυθῇ
2642 594 2730 647 διὰ
2763 594 2862 663 τῆς
2890 589 3162 653 ἀπαθείας
3187 588 3298 641 τῶν
3328 587 3639 656 ζητούντων
3665 587 3768 656 την
3801 587 3986 656 ψυχήν

2397 685 2493 740 τοῦ
2527 689 2585 740 ἐν
2607 687 2737 756 ἡμῖν
2779 683 3147 754 νηπιάζοντος
3195 679 3480 734 θειοτάτου
3511 679 3698 746 λόγου,
3729 677 3984 731 tantm

2397 777 2509 830 τῶν
2535 777 2636 847 τὴν
2659 777 2819 846 ἡμῶν
2846 775 2989 829 κατά
3025 773 3120 826 τὸν
3143 772 3303 840 λόγον
3341 770 3564 839 θεοτελῆ
3597 770 3745 839 ζωὴν
3773 769 3986 838 νεκρῶ-

2401 885 2494 921 σαι
2524 867 2808 929 θελόντων,
2835 867 2930 919 καὶ
2959 865 3058 935 τὴν
3083 863 3392 934 χριστοειδῆ
3421 863 3777 922 κατάστασιν,
3813 861 3986 929 ἤγουν

2398 959 2537 1024 ἕξιν,
2562 958 2824 1027 ἀφανίσαι
2855 957 3219 1028 μαινομένων,
3239 953 3337 1007 τοῦ
3358 953 3448 1006 διὰ
3473 955 3573 1023 τῆς
3595 952 3754 1023 ἡμῶν
3768 951 3985 1005 ἀδιστά-

2401 1067 2530 1104 κτου
2553 1050 2692 1103 κατά
2719 1050 3039 1119 προαίρεσιν
3071 1047 3378 1117 προθυμίας
3401 1043 3592 1114 ὥσπερ
3626 1043 3717 1096 διὰ
3749 1042 3982 1107 νεφέλης

2401 1139 2610 1210 κούφης
2655 1139 3025 1198 ἐπιϐαίνοντος
3052 1135 3212 1206 ήμῶν
3241 1137 3307 1203 τῇ
3341 1133 3621 1202 Αἰγύπτῳ,
3652 1130 3797 1198 λέγω
3826 1130 3881 1181 δὲ
3913 1130 3982 1196 τῇ

2403 1231 2588 1301 σαρκὶ,
2627 1230 2725 1282 καὶ
2767 1229 2838 1281 τά
2885 1228 3093 1294 ταύτης
3138 1223 3422 1293 κινήματά
3451 1239 3512 1275 τε
3538 1221 3635 1274 καὶ
3676 1219 3982 1287 παθήματα

2401 1321 2592 1389 ῶσπερ
2621 1319 2746 1373 τινά
2799 1318 3152 1388 χειροποίητα
3213 1315 3408 1368 εἴδωλα
3456 1312 3839 1372 κατασείοντος
3886 1311 3982 1362 καὶ

2402 1411 2502 1480 τῆς
2519 1411 2680 1479 ἕδρας
2717 1406 3135 1480 μετακινοῦντὸς
3159 1423 3220 1458 τε
3244 1408 3338 1458 καὶ
3370 1404 3650 1466 παντελῶς
3680 1404 3779 1472 τῆς
3802 1402 3982 1468 ψυχῆς

2403 1499 2820 1568 ἀπωθούμενον,
2875 1499 2968 1551 καὶ
3036 1499 3116 1559 είς
3168 1495 3359 1549 ἐαυτὸν
3413 1494 3549 1563 μετὰ
3604 1494 3706 1559 τὴν
3755 1492 3984 1542 εἰκόνων

2403 1589 2676 1659 ἀποϐολὴν
2702 1589 2931 1651 δεόντως
2951 1589 3279 1658 μετάγοντος
3292 1587 3391 1654 τὴν
3415 1583 3810 1653 προσκύνησιν.
3825 1579 3984 1632 Οὕτω

2407 1680 2506 1747 μὲν
2531 1679 2626 1732 οὖν
2655 1679 3047 1749 συμφεύγομεν
3069 1678 3250 1740 καλῶς
3291 1677 3369 1745 τῷ
3391 1674 3613 1745 Χριστῷ
3641 1673 3982 1740 διωκομένῳ,

2403 1768 2503 1837 τῆς
2539 1770 2638 1821 σὺν
2670 1768 2821 1836 αύτῷ
2870 1769 3048 1835 φυγῆς
3099 1768 3187 1820 διά
3238 1768 3336 1836 τῆς
3379 1763 3624 1816 ἑκουσίου
3679 1759 3982 1820 κακώσεως

2405 1859 2569 1911 καλὸν
2593 1859 2966 1927 λαμϐάνοντες
2996 1857 3192 1926 μισθὸν
3233 1857 3331 1924 τὴν
3365 1854 3656 1907 ἀπάθειαν.
3691 1851 3984 1918 Καλοῦμεν

2403 1951 2460 2003 δὲ
2489 1949 2652 2002 πάλιν
2677 1948 2768 2000 τὸν
2803 1949 3038 2017 Χριστὸν
3064 1947 3124 2009 ἐξ
3150 1946 3428 2013 Αἰγύπτου
3460 1945 3535 2014 μὴ
3570 1945 3767 2005 ἐῶντες
3802 1941 3896 1993 τὸν
3928 1943 3984 1992 ἐν

2405 2043 2538 2111 ἡμῖν
2571 2041 2712 2093 θεῖον
2744 2040 2843 2108 τῆς
2874 2037 3220 2106 διαγνώσεως
3249 2037 3408 2104 λόγον
3441 2036 3578 2103 μετά
3607 2035 3706 2103 τὴν
3734 2033 3847 2084 τῶν
3879 2049 3984 2084 πα-

2406 2130 2515 2183 θῶν
2567 2127 2918 2198 ὑποχώρησιν
2967 2127 3060 2180 καὶ
3107 2127 3320 2179 τελείαν
3381 2127 3650 2195 νέκρωσιν
3683 2126 3805 2186 ταῖς
3843 2121 3986 2174 κατὰ

2405 2219 2516 2271 τῶν
2552 2221 2628 2289 μὴ
2657 2220 2827 2272 ὄντων
2863 2220 3132 2288 μηχαναῖς
3170 2219 3417 2288 ἀνοήτως
3463 2215 3844 2286 προσανέχειν,
3876 2231 3983 2281 μη-

2405 2308 2462 2359 δὲ
2499 2308 2678 2377 σάρκα
2704 2307 2863 2375 λόγον
2903 2309 2961 2360 ἐν
3007 2308 3220 2367 ἐαυτοῗς
3253 2305 3414 2373 μόνον
3444 2303 3476 2372 ἢ
3505 2305 3561 2355 ἐν
3599 2302 3809 2371 ἑτέροις
3853 2301 3987 2367 ἡμῖν

2409 2395 2832 2466 προσομιλοῦσιν
2880 2396 3044 2449 αὐτὸν
3108 2392 3517 2464 συγχωροῦντες
3594 2389 3984 2459 γινώσκεσθαι.

2425 2488 2588 2541 Ἀλλὰ
2626 2487 2809 2549 καλῶς
2835 2503 2896 2538 τε
2923 2485 3019 2538 καὶ
3048 2485 3257 2545 πιστῶς
3285 2486 3343 2535 ἐν
3367 2484 3481 2544 τοῖς
3510 2480 3649 2532 κατὰ
3673 2479 3772 2547 τὴν
3800 2477 3985 2530 κάκω-

2410 2597 2494 2632 σιν
2524 2581 2622 2648 τῆς
2647 2581 2955 2648 πρακτικῆς
2971 2574 3289 2645 φιλοσοφίας
3314 2575 3506 2635 τύποις
3520 2571 3607 2624 διὰ
3631 2568 3740 2622 τῶν
3771 2566 3989 2634 ἀρετῶν

2409 2669 2902 2740 προπαιδευθέντες
2949 2668 3330 2736 ἀναϐαίνωμεν
3371 2668 3435 2718 ἐκ
3480 2663 3684 2715 τούτων
3712 2661 3802 2712 διὰ
3845 2658 3986 2709 θεω-

2411 2763 2533 2832 ρίας
2562 2763 2653 2815 ἐπὶ
2676 2762 2777 2830 τὴν
2802 2755 2877 2814 ὧν
2903 2761 3008 2812 εἰσι
3035 2759 3197 2812 τύποι
3226 2758 3321 2811 καὶ
3358 2756 3803 2826 προχαράγματα
3836 2749 3986 2818 γνῶ-

2412 2867 2514 2913 σιν,
2540 2849 2726 2919 ὥσπερ
2747 2850 2855 2902 ἀπό
2883 2866 3028 2911 τινος
3053 2847 3332 2916 Αἰγύπτου
3362 2848 3441 2907 εἰς
3465 2844 3564 2914 τὴν
3600 2841 3774 2894 Ἰούδα
3804 2839 3990 2900 καλῶς

2410 2941 2792 3003 ἀναϐαίνοντες
2845 2940 2942 2992 καὶ
2992 2939 3117 3001 τοὺς
3175 2939 3272 2990 σὺν
3311 2938 3443 3006 ἡμῖν
3472 2933 3790 2987 ἀναϐαίνειν
3831 2929 3987 2982 διδά-

2412 3047 2657 3093 σκοντες,
2686 3031 2782 3082 καὶ
2809 3029 2918 3082 ἀπὺ
2945 3028 3039 3081 τοῦ
3072 3028 3250 3098 σάρκα
3289 3028 3459 3094 Λόγον
3487 3024 3691 3076 εἰδέναι
3723 3022 3814 3072 τὸν
3849 3021 3991 3088 Χρι-

2413 3123 2535 3173 στὸν
2561 3121 2651 3174 διά
2684 3120 2784 3188 τῆς
2819 3119 3130 3189 πρακτικῆς
3179 3116 3602 3187 μεταϐαίνωμεν
3637 3114 3726 3162 ἐπὶ
3769 3111 3867 3179 τὴν
3897 3109 3988 3160 δό-

2409 3213 2504 3275 ξαν
2531 3212 2628 3281 τὴν
2655 3210 2729 3274 ὡς
2758 3208 3095 3277 Μονογενοῦς
3120 3207 3271 3276 παρὰ
3301 3203 3515 3275 [ἰατρὸς
3542 3201 3724 3270 (219
3744 3201 3794 3268 ὁ)
3817 3197 3990 3252 αὑτοῦ

2406 3302 2629 3370 γνῶσιν.
2663 3299 2821 3352 Οὕτω
2852 3317 2934 3363 τις
2969 3298 3150 3360 καλῶς
3177 3314 3237 3349 τε
3269 3298 3363 3349 καὶ
3393 3294 3632 3354 εὐσεϐῶς
3682 3292 3990 3360 συμφεύγει

2407 3396 2628 3467 Χριστῷ
2671 3375 3010 3464 διωκομένῳ,
3067 3392 3163 3444 καὶ
3210 3390 3354 3443 οὓτω
3415 3387 3582 3439 πάλιν
3611 3383 3774 3438 αὑτὸν
3828 3383 3992 3434 καὶεί

2411 3488 2545 3558 πρὸς
2572 3485 2805 3556 θεωρίαν
2835 3485 2931 3536 καὶ
2968 3483 3172 3550 γνῶσιν
3209 3481 3316 3534 ἀπὸ
3341 3479 3439 3547 τῆς
3473 3476 3784 3546 πρακτικῆς
3816 3491 3991 3542 μετα-

2408 3577 2632 3640 ϐαίνων,
2665 3576 2844 3629 πάντα
2883 3575 3054 3627 ποιῶν
3100 3573 3197 3625 σὺν
3235 3571 3316 3639 τῷ
3341 3571 3488 3639 λόγῳ
3515 3567 3654 3621 κατὰ
3695 3567 3790 3618 τὸν
3828 3565 3994 3630 λόγον

2409 3669 2548 3738 ὑπὲρ
2580 3665 2676 3720 τοῦ
2726 3667 2908 3734 λόγου.
2943 3664 3036 3734 Μὴ
3065 3664 3288 3733 φανήτω
3337 3661 3395 3713 δέ
3452 3677 3534 3712 σοι
3565 3657 3873 3726 παράδοξον
3909 3657 3993 3716 είς

2408 3758 2506 3827 τὴν
2536 3756 2655 3810 κατ’
2676 3755 2876 3826 ἀρετὴν
2905 3753 3175 3823 ληφθεῖσα
3202 3750 3297 3804 νῦν
3333 3753 3368 3820 ἡ
3396 3751 3671 3815 Αἴγυπτος
3713 3745 3991 3804 κάκωσιν,

2411 3848 2524 3900 ἀλλ’
2571 3845 2876 3916 ἐπίσκηψω
2926 3842 3173 3914 ἀκριϐῶς
3225 3844 3338 3903 τοῖς
3391 3839 3534 3894 κατὰ
3593 3838 3690 3905 τὴν
3741 3834 3995 3887 Παλαιὰν

2413 3935 2762 4007 ἱστορηθεῖσι,
2790 3934 2908 3997 πῶς
2945 3935 3007 3986 ού
3043 3935 3208 4003 μόνον
3237 3932 3327 3985 τὸν
3369 3929 3583 3998 Ἰσραὴλ
3605 3927 3791 3989 ἐπίεζε
3831 3926 3994 3977 πλινο

2413 4026 2765 4098 θουργοῦντα,
2807 4025 2946 4078 ἀλλὰ
2998 4026 3093 4077 καὶ
3140 4025 3337 4084 αὐτοὺς
3379 4022 3710 4090 Αἰγυπτίους
3753 4019 3844 4071 διὰ
3892 4020 3995 4085 τῆς

2411 4117 2658 4181 Μωσέως
2698 4117 2994 4188 ἐπιδημίας
3029 4118 3110 4178 είς
3141 4116 3350 4185 φθοράν
3391 4112 3700 4174 ἐϐασάνιζε.
3729 4111 3996 4170 Κάκωσις

2411 4209 2520 4277 γὰρ
2545 4206 2734 4276 ὥσπερ
2758 4206 2852 4258 καὶ
2875 4205 3084 4268 σκότος,
3116 4204 3192 4267 ὠς
3218 4204 3377 4272 ἔφην,
3409 4205 3443 4272 ἡ
3483 4202 3782 4268 Αίγυπτος
3814 4199 3997 4266 ἑρμη-

2413 4298 2646 4352 νεύεται.
2708 4298 2864 4351 Πᾶσα
2920 4297 2976 4348 δέ
3029 4295 3167 4349 κατὰ
3192 4294 3285 4347 τὸν
3312 4294 3497 4346 εἰκότα
3538 4293 3695 4358 λόγον
3720 4289 3997 4360 ἑρμηνεία

2411 4389 2510 4458 τὴν
2555 4389 2851 4457 ἐπαινετὴν
2899 4387 3205 4457 ἐπιδέχεται
3254 4387 3350 4439 καὶ
3377 4386 3478 4454 τὴν
3508 4382 3714 4453 ψεκτὴν
3763 4381 3864 4432 τοῦ
3901 4381 3996 4430 ὑπ’

744 4478 891 4538 bras,
939 4479 1014 4530 uti
1049 4477 1182 4540 dixi,
1209 4476 1496 4547 Egyplum
1521 4476 1976 4544 interpretantur.
2000 4475 2191 4528 Omnis
2216 4490 2312 4527 au-

2417 4477 2627 4530 ἐκείνου
2649 4477 2740 4530 διὰ
2760 4479 2862 4546 τῆς
2887 4475 3116 4543 θεωρίας
3145 4475 3220 4536 ῶς
3253 4475 3346 4527 ἐπὶ
3376 4474 3439 4525 τὸ
3461 4473 3713 4524 πλεῖστον
3748 4471 3994 4522 ἔννοιαν.

747 4577 855 4619 tcm
890 4565 1190 4636 probabilis
1216 4563 1604 4634 interpretatio
1629 4564 1748 4631 ejus
1769 4563 1915 4631 quod
1946 4563 2050 4615 sub
2086 4578 2143 4616 se
2172 4562 2317 4616 cadit

747 4669 855 4713 tam
876 4659 1212 4713 laudabilem
1237 4659 1566 4728 plerumque
1589 4673 1751 4726 quam
1773 4655 2196 4725 vituperabilem
2221 4671 2318 4725 per

746 4752 1275 4821 contemplationem
1325 4750 1569 4806 admittit
1617 4750 2026 4820 cogitationem.
2069 4749 2226 4814 Quod
2273 4751 2316 4804 si

747 4845 931 4898 carnis
964 4843 1106 4897 bene
1137 4842 1370 4896 valentis
1394 4849 1450 4896 et
1502 4840 1918 4911 pinguescentis
1961 4841 2319 4910 passionibus

747 4937 931 4990 anima
955 4936 1236 4989 cruciatur
1263 4943 1319 4987 et
1363 4934 1722 4994 obscuratur,
1775 4932 2040 4985 virtutum
2069 4940 2214 4986 statu
2263 4939 2320 4986 et

748 5026 1082 5095 cognitionis
1121 5022 1524 5078 illuminatione
1576 5020 1986 5084 recedentibus,
2043 5022 2161 5091 pari
2202 5037 2322 5075 om-

749 5116 884 5167 nino
906 5113 1108 5175 modo,
1162 5114 1241 5166 uti
1305 5111 1687 5180 consequitur,
1734 5126 1861 5163 cum
1908 5112 2090 5164 anima
2133 5111 2320 5165 divina

749 5207 1017 5260 virtutum
1059 5205 1469 5274 pulchritudine
1519 5212 1574 5257 et
1615 5203 2017 5257 illuminatione
2047 5203 2321 5273 cognitio-

748 5299 840 5353 nis
871 5306 1124 5352 servetur
1140 5306 1305 5364 atque
1329 5295 1656 5359 illustretur,
1676 5303 1941 5348 externus
1965 5295 2131 5349 homo
2154 5296 2320 5364 perit,

753 5391 886 5444 dum
940 5404 1067 5441 caro
1111 5396 1338 5457 propter
1381 5385 1669 5440 Sermonis
1721 5387 2071 5456 praesentiam
2122 5387 2322 5442 bonam

756 5479 1142 5534 habitudinem
1175 5457 1726 5548 naturalem'abjicit,
1753 5479 1804 5531 in
1838 5494 1945 5547 qua
1971 5478 2320 5544 delitescens,

755 5573 841 5625 vel
886 5572 1071 5640 potius
1108 5587 1365 5640 regnans,
1421 5585 1649 5639 serpens
1700 5571 1754 5623 in
1787 5569 2057 5624 umbilico
2102 5579 2321 5640 potens,

756 5661 906 5714 velut
955 5659 1124 5728 aliqui
1173 5675 1356 5713 rcrum
1409 5659 1770 5728 pulchrarum
1805 5661 2103 5729 dissipator
2129 5662 2321 5716 invisi-

760 5753 887 5809 bilis
909 5753 1142 5818 Pharao,
1175 5753 1424 5821 reptabat
1458 5763 1513 5808 et
1539 5753 1774 5808 animam
1832 5754 2020 5810 delicti
2052 5755 2326 5811 morsibus

2417 4567 2482 4622 Εἰ
2510 4568 2692 4620 τοίνυν
2723 4567 2924 4637 σαρκδς
2955 4564 3288 4634 εύεκτούσης
3344 4564 3439 4617 καὶ
3485 4561 3852 4629 πιαινομένης
3882 4562 3999 4620 τοῖς

2418 4659 2646 4713 πάθεσιν
2676 4659 2710 4727 ἡ
2737 4657 2884 4728 ψυχὴ
2916 4656 3266 4728 βασανίζεται
3297 4654 3392 4708 καὶ
3419 4652 3723 4719 σκοτίζεται
3751 4654 3858 4721 τῆς
3888 4652 3999 4703 τῶν

2418 4749 2632 4821 ἀρετῶν
2662 4747 2830 4812 ’ἐξεως
2863 4750 2956 4801 καὶ
3005 4747 3100 4801 τοῦ
3129 4745 3412 4816 φωτισμοῦ
3438 4747 3537 4815 τῆς
3565 4738 3824 4812 γνώσεως
3863 4745 4000 4794 ὑπο-

2420 4843 2764 4915 χωρούντων,
2789 4841 2881 4894 τδν
2903 4838 3064 4892 αὑτὸν
3093 4838 3292 4908 τρόπον
3316 4836 3535 4897 πάντως
3563 4833 3705 4886 κατά
3732 4833 3796 4884 τὸ
3825 4834 3995 4895 εἰκὸς,

2421 4939 2514 4990 καὶ
2542 4937 2640 5006 τῆς
2691 4932 2870 5003 ψυχῆς
2902 4930 2981 5001 τῷ
3011 4929 3144 4999 θείῳ
3193 4928 3378 4982 κάλλει
3409 4927 3516 4979 τῶν
3545 4925 3760 4994 ἀρετῶν
3794 4927 3894 4977 καὶ
3922 4923 3999 4992 τῷ

2421 5022 2685 5095 φωτισμῷ
2710 5023 2808 5090 τῆς
2839 5019 3094 5089 γνώσεως
3133 5017 3547 5089 φρουρουμένης
3583 5033 3643 5067 τε
3704 5016 3804 5066 καὶ
3854 5013 3999 5084 λαμ-

2422 5114 2790 5185 πρυνομένης,
2818 5113 2846 5164 ὁ
2867 5111 2971 5175 ἔξω
3001 5108 3286 5180 ἄνθρωπος
3315 5101 3712 5175 διαφθείρεται,
3741 5103 3847 5173 τῆς
3877 5121 4003 5172 σαρ-

2423 5207 2519 5268 κὸς
2548 5204 2636 5258 διὰ
2683 5204 2783 5273 τὴν
2818 5199 3114 5270 ἐπιδημίαν
3157 5197 3254 5251 τοῦ
3290 5198 3450 5265 λόγου
3483 5196 3581 5266 τὴν
3630 5195 3876 5265 φυσικὴν
3911 5197 4002 5247 εὐ-

2423 5299 2572 5363 εξίαν
2608 5293 3076 5364 ἀποϐαλλομένης,
3114 5292 3171 5343 ἐν
3201 5285 3654 5366 ᾗκρυπτόμενος,
3698 5287 3907 5355 μᾶλλον
3947 5288 4000 5340 δε

2427 5387 2748 5458 βασιλεύων,
2785 5387 2814 5439 ὁ
2852 5385 2948 5455 τὴν
3009 5385 3100 5436 ἐπὶ
3144 5383 3239 5435 τοῦ
3278 5379 3524 5452 ὀμφαλοῦ
3570 5379 3808 5448 δύναμιν
3863 5381 4002 5448 ἔχων

2424 5483 2657 5553 δράκων,
2689 5475 2802 5532 οἶόν
2828 5496 2911 5539 τις
2939 5477 3046 5529 τῶν
3069 5475 3249 5530 καλῶν
3281 5472 3578 5539 σκεδαστῆς
3601 5470 3802 5541 Φαραὼ
3837 5471 4003 5540 ἀόραο

2424 5590 2538 5635 τος,
2576 5572 2806 5640 διεῖρπε,
2842 5570 2942 5638 τὴν
2969 5567 3148 5637 ψυχὴν
3179 5569 3290 5628 τοῖς
3321 5565 3443 5617 καθ’
3473 5563 3752 5632 ἁμαρτίαν
3785 5561 3999 5631 δήγμα-

2429 5682 2480 5716 σι
2515 5663 2744 5732 βάλλων,
2778 5662 2836 5724 ὃς
2867 5661 2956 5713 διὰ
2987 5660 3084 5712 τοῦ
3127 5659 3270 5712 κατά
3304 5658 3466 5728 μέρος
3507 5657 3570 5708 τὸ
3611 5655 3876 5726 φρόνημα
3904 5659 3999 5720 τῆς

2430 5755 2628 5825 σαρκὸς
2679 5753 2993 5809 σϐέννυσθαι
3028 5753 3167 5807 κατὰ
3199 5751 3296 5821 τὴν
3335 5747 3646 5820 πρακτικὴν
3697 5747 3998 5815 κακουχίαν
