4192 6434
262 388 394 457 ιωι

1488 400 2003 463 AMBIGUORUM
2038 401 2283 463 LIBER.

3354 401 3489 467 13οἢ

257 502 539 573 ὑποχωρεῖ
567 501 789 567 τελείως
823 504 1209 577 νεκρούμενος,
1237 506 1359 562 ουδὲ
1395 507 1541 578 ίχνος
1565 509 1665 579 τῆς
1692 526 1825 563 ποτε

1937 510 2231 571 sauciabat,
2285 511 2380 580 qui
2419 524 2491 564 eo
2532 510 2678 578 quod
2727 510 2912 566 carnis
2946 510 3142 581 partim
3194 511 3488 567 insolentia

257 591 576 661 τυραννίδος
615 594 843 657 είκότως
886 595 1066 662 ἀφεὶς,
1102 596 1245 649 ὥστε
1299 596 1431 669 βοᾷν
1460 597 1551 650 διά
1589 598 1828 668 Χριστοῦ

257 678 521 734 δύνασθαι
542 680 669 744 τοὺς
702 681 802 751 τῆς
838 682 1151 754 ἐλευθερίας
1176 684 1565 755 τετυχηκότας,
1595 688 1691 741 καὶ
1722 686 1830 757 πρὸ

258 770 363 840 τῆς
394 770 592 841 (220
615 772 689 842 a)
716 773 943 843 γενικῆς
981 774 1331 839 ἀναστάσεως
1363 774 1453 828 διὰ
1477 775 1579 845 τὴν
1607 776 1707 846 ἤδη
1737 792 1829 845 γεο

260 864 572 934 τενημὲνην
599 865 785 929 αὐτοῖς
818 866 918 933 τῆς
951 866 1329 936 προαιρέσεως
1358 865 1667 920 ἔθελούσιον
1694 866 1828 921 ἀνά-

263 972 475 1018 στασιν,
508 954 635 1011 Ποῦ
662 970 803 1021 σου,
857 957 1095 1021 θάνατε,
1125 958 1193 1011 τὸ
1224 960 1509 1022 κέντρονς
1541 956 1658 1011 ποῦ
1687 972 1825 1021 σου,

260 1047 401 1116 ᾄδη,
434 1048 501 1101 τὸ
520 1047 719 1114 νῖκος;
746 1048 847 1121 τὴν
869 1050 1066 1120 ἡδονὴν
1090 1049 1341 1116 λέγοντες
1364 1049 1465 1118 τῆς
1490 1048 1690 1119 σαρκὸς
1722 1047 1819 1100 καὶ

263 1138 365 1210 τὴν
398 1139 751 1210 συνημμένην
801 1140 940 1211 αὒτῇ
993 1140 1093 1210 τῆς
1139 1140 1320 1208 ψυχῆς
1350 1139 1415 1191 ὲκ
1461 1138 1562 1205 τῆς
1606 1136 1827 1205 ἀγνοίας

262 1231 501 1300 ἀπάτην,
540 1230 609 1284 δι’
636 1223 714 1285 ὧν
759 1247 891 1284 ποτε
926 1230 1033 1301 πρὸ
1070 1229 1166 1283 τοῦ
1214 1228 1451 1300 Χριστοῦ
1492 1220 1709 1299 ἐρατῶν
1730 1228 1828 1297 τῆς

263 1322 614 1392 ἀνθρωπίνης
654 1321 872 1391 φύσεως
900 1323 931 1375 ὁ
966 1323 1291 1392 παμμίαρος
1315 1319 1559 1383 διάϐολος
1592 1318 1828 1387 ἀφειδῶς

258 1414 505 1485 διετίτρα
544 1413 627 1484 τῷ
659 1414 871 1484 κέντρῳ
892 1414 993 1482 τῆς
1020 1414 1211 1484 ἡδονῆς
1251 1413 1349 1481 τὴν
1386 1411 1497 1465 τῶν
1527 1409 1829 1480 ἀνθρώπιον

262 1505 448 1575 φύσιν,
492 1506 589 1558 καὶ
624 1505 941 1574 φιλονείκως
973 1504 1053 1574 τῷ
1102 1504 1248 1574 ξιφει
1288 1503 1389 1573 τῆς
1430 1500 1645 1570 ἀπάτης
1694 1498 1829 1571 πρὸς

258 1594 544 1650 aut.an
577 1594 750 1667 αὐτὴν
777 1594 1103 1667 ὕπεσὺρετο.

1928 597 1997 651 de
2054 599 2231 650 activa
2277 598 2417 652 mala
2478 598 2810 653 tractatione
2858 599 3229 668 exstinguitur
3256 636 3273 661 ,
3327 597 3491 666 plane

1927 689 2291 742 mortiﬁcatus
2322 688 2551 753 recedit,
2582 689 2724 743 adeo
2756 698 2814 743 ut
2844 704 2914 743 ne
2944 689 3241 759 vestigium
3267 688 3491 756 quidem

1926 780 2174 848 pristinae
2214 781 2631 846 dominationis,
2663 789 2724 834 ut
2770 795 2869 849 par
2915 790 3021 844 est,
3079 781 3392 849 relinquat,
3432 790 3493 833 ut

1928 871 2147 926 liberati
2179 886 2277 939 per
2310 871 2594 927 Christum
2622 871 2841 942 possint
2875 872 2962 925 vel
3007 881 3135 926 ante
3176 872 3491 940 generalem

1926 964 2393 1019 resurrectionem
2432 973 2658 1034 propter
2685 965 3000 1019 ultroneam
3030 961 3333 1017 voluntatis
3368 977 3493 1030 quac

1928 1056 2063 1125 ipsis
2109 1058 2217 1126 iam
2264 1054 2578 1125 contingit,
2615 1054 3089 1109 resurrectionem
3136 1051 3488 1106 exclamare:
3526 1094 3527 1097 η

1931 1146 2026 1201 Ubi
2054 1155 2130 1199 est
2162 1154 2303 1212 tuus,
2340 1162 2369 1198 o
2415 1160 2591 1209 mors,
2625 1145 2920 1198 stimulus?
2970 1144 3061 1197 ubi
3090 1149 3206 1206 tua,
3254 1156 3286 1193 ο
3335 1157 3489 1205 orce,

1926 1236 2146 1289 victoria
2168 1245 2188 1266 ·
2217 1236 2240 1288 ?
2272 1234 2457 1288 carnis
2499 1233 2837 1302 voluptatem
2864 1242 2921 1287 et
2940 1248 3064 1301 quae
3096 1244 3225 1286 cum
3267 1245 3333 1285 ea
3365 1230 3494 1309 jun-

1927 1335 2013 1379 cta
2057 1333 2141 1377 est
2178 1326 2377 1378 animae
2422 1324 2493 1379 de
2540 1322 2850 1394 ignorantia
2898 1320 3148 1376 fraudem
3189 1319 3441 1375 dicentes
3473 1358 3490 1383 ,

1927 1417 2132 1486 quibus
2158 1418 2290 1469 olim
2314 1426 2441 1471 ante
2469 1417 2750 1471 Christum
2796 1415 2855 1469 in
2897 1415 3195 1468 humanam
3233 1422 3491 1467 naturam

1926 1508 2249 1563 dominatus
2271 1508 2641 1577 nequissimus
2664 1507 2920 1563 diabolus
2944 1503 3245 1574 voluptatis
3267 1501 3493 1557 stimulo

1927 1598 2216 1652 hominum
2234 1606 2487 1652 naturam
2510 1598 2738 1653 nimium
2749 1605 3017 1667 quantum
3036 1592 3491 1654 convulnerahat,

1926 1692 1986 1737 et
2030 1684 2385 1740 contentiose
2428 1683 2612 1757 gladio
2650 1684 2864 1741 fraudis
2908 1684 2977 1739 ad
3024 1682 3327 1754 perniciem
3379 1690 3495 1735 tra-

1930 1776 2117 1830 hehat.

267 1970 380 2027 τοῦ
412 1970 599 2026 αὐτοῦ
637 1970 707 2024 ἐκ
744 1970 851 2025 τοῦ
893 1972 981 2037 εις
1019 1970 1093 2025 τὰ
1135 1968 1303 2024 Φῶτα
1351 1969 1559 2038 λόγου,
1600 1966 1686 2029 εις
1725 1974 1824 2016 το·

1937 1954 2183 2025 Ejusdem
2218 1970 2283 2008 ea:
2311 1970 2553 2009 sermone
2575 1956 2634 2010 in
2665 1954 2913 2019 Lumina,
2940 1956 2995 2009 in
3023 1953 3161 2008 illud
3186 1967 3207 2007 :
3246 1968 3267 2003 ι
3303 1950 3361 2006 Si
3380 1950 3495 2021 qui-

336 2078 357 2113 ε
384 2060 568 2128 Είπερ
604 2059 848 2115 ἀσεϐεῖν
888 2060 1116 2126 αὐτοὺς
1150 2060 1272 2114 ἔδει
1309 2059 1568 2122 πάντως,
1600 2054 1829 2122 καὶτῆς

330 2150 439 2205 τοῦ
490 2150 642 2205 Θεοῦ
679 2150 865 2216 δόξης
902 2150 1254 2212 ἀποπεσεῖν,
1303 2152 1391 2215 εις
1432 2149 1649 2203 είδοντα
1695 2162 1831 2201 κατ-

327 2242 684 2309 ενεχθέντας
726 2238 827 2293 καὶ
875 2238 1095 2308 τέχνης
1134 2238 1279 2309 ἔργα
1309 2240 1408 2293 καὶ
1439 2236 1653 2308 χειρῶν
1679 2236 1832 2291 πλά-

328 2344 548 2400 σματα,
584 2329 670 2398 μὴ
704 2328 861 2384 ἄλλο
893 2346 950 2384 τι
977 2330 1106 2384 κατ’
1142 2330 1342 2385 αὐτῶν
1373 2330 1661 2394 εὔξασθαι
1690 2327 1831 2393 τοὺς

329 2420 483 2475 γοῦν
508 2420 787 2489 ἔχοντας,
811 2420 852 2489 ἢ
888 2421 1133 2477 τοιαῦτα
1158 2418 1529 2491 σεϐασθῆναι
1559 2421 1657 2474 καί
1680 2418 1833 2473 οὕτω

333 2510 577 2581 τιμῆσαι
603 2510 737 2581 (30).
771 2528 793 2564 s

330 2622 552 2677 Τούτων
571 2620 1037 2692 ἀναγνωσθέντων
1066 2620 1283 2687 εἴπατε,
1306 2621 1448 2685 τινὲς
1477 2600 1586 2674 τῶν
1616 2621 1832 2693 ἀκροω-

266 2714 445 2785 μένων
507 2714 827 2784 ἑπέσκηψιν
889 2712 969 2785 τῷ
1026 2713 1349 2785 διδασκάλῳ,
1403 2713 1704 2783 φάσκοντες
1758 2712 1837 2784 μὴ

261 2806 470 2859 δίκαιον
513 2798 654 2859 εἶναι
702 2805 832 2870 τοὺς
877 2803 1007 2858 νοῦν
1048 2804 1271 2876 ἔχοντας
1321 2804 1419 2860 καὶ
1464 2803 1837 2873 εὐαηελικῶς

264 2895 364 2967 ζῇν
408 2895 782 2968 προθεμένους
823 2897 967 2952 κατά
1004 2914 1153 2961 τινος
1198 2896 1457 2962 εὔξασθαι
1489 2896 1712 2953 τοιαῦτα
1749 2912 1837 2948 σε-

264 2989 533 3062 σασθῆναι
581 2989 679 3043 καὶ
722 2978 875 3043 ὀὕτω
923 2989 1177 3061 τιμῆσαι.
1223 2990 1367 3061 Πρὸς
1413 2987 1508 3052 οὓς
1556 2987 1687 3059 ἐμὸν
1738 2987 1839 3057 μὲν
1883 3021 1893 3029 ι

261 3080 437 3145 οὐδὲν,
476 3079 507 3133 δ
547 3079 609 3133 δὲ
654 3080 809 3150 παρά
837 3097 984 3144 τινος
1010 3081 1267 3151 γέροντος
1291 3070 1361 3134 ’ἕά
1396 3079 1518 3133 θεῖα
1547 3076 1713 3149 σοφοῦ
1743 3079 1841 3132 καὶ

262 3169 365 3241 τὴν
394 3169 505 3224 τῶν
532 3170 797 3242 Πατέρων
825 3170 955 3242 περὶ
982 3170 1183 3225 πολλοῦ
1226 3170 1550 3243 ποιουμένου
1581 3170 1836 3225 διδασκα-

1998 2045 2117 2099 dem
2169 2045 2383 2098 omnino
2437 2060 2523 2098 eos
2564 2044 2834 2114 impietate
2886 2043 3175 2111 constringi
3221 2048 3379 2109 atque
3424 2038 3496 2092 ad

1997 2132 2289 2188 simulacra
2335 2142 2386 2187 et
2436 2134 2568 2187 artis
2624 2148 2789 2203 opaa
2836 2144 3193 2199 manuumque
3244 2129 3497 2197 ﬁgmenta

1998 2223 2271 2294 prolapsos
2302 2241 2334 2277 a
2358 2223 2453 2277 Dei
2484 2222 2657 2293 gloria
2680 2222 2836 2293 dejici
2863 2221 3158 2292 oportebat,
3189 2218 3320 2274 nihil
3347 2215 3498 2271 aliud

1998 2316 2127 2384 ipsis
2153 2315 2355 2368 cordati
2390 2315 2622 2368 homines
2651 2314 2933 2383 imprecari
2963 2319 3210 2382 possent,
3254 2324 3415 2379 quam
3442 2316 3500 2361 ut

2003 2405 2140 2460 talia
2187 2412 2567 2460 senerarentur
2595 2442 2612 2467 ,
2669 2404 2966 2475 talibusque
3020 2402 3297 2457 honoribus
3332 2401 3502 2470 apice-

2004 2504 2143 2551 rent.
2192 2515 2210 2547 ο

2004 2629 2101 2683 His
2124 2629 2403 2700 perlectis,
2429 2627 2677 2699 quidam,
2710 2626 2941 2698 inquitis
2970 2667 2985 2693 ,
3034 2624 3351 2681 auditorum
3380 2635 3495 2676 ma—

1935 2720 2165 2792 gistrum
2225 2721 2606 2792 improbarunt
2634 2760 2650 2784 ,
2706 2719 2961 2774 homines
3017 2715 3277 2773 cordatos
3336 2721 3504 2783 atque

1936 2810 2255 2881 evangelice
2288 2811 2476 2867 vivere
2507 2810 2797 2881 cupientes
2847 2809 2978 2863 talia
3022 2806 3186 2862 alicui
3214 2801 3497 2873 imprecari

1936 2907 2000 2954 ut
2026 2906 2324 2953 veneretur
2358 2899 2671 2968 talibusque
2704 2896 3013 2953 honoribus
3043 2903 3105 2949 ut
3152 2893 3351 2948 alliciat
3382 2892 3504 2961 jus-

1939 2999 2056 3047 tum
2083 3007 2208 3048 esse
2232 3000 2515 3062 negantes.
2556 2991 2838 3046 Adversus
2866 3003 3004 3059 quos
3025 3001 3127 3058 ego
3165 2984 3390 3056 quidem
3413 2982 3494 3037 ni-

1940 3084 2055 3151 nil;
2098 3081 2246 3154 quod
2286 3098 2415 3137 vero
2452 3097 2483 3137 a
2506 3096 2639 3137 sene
2663 3080 2906 3152 quodam
2959 3078 3275 3134 divinarum
3314 3088 3502 3129 rerum

1939 3176 2187 3244 sapiente
2214 3174 2549 3244 Patrumque
2576 3171 2886 3228 doctrinam
2910 3168 3135 3239 plurimi
3166 3166 3407 3223 faciente
3434 3164 3507 3219 de

262 3257 387 3311 λίαν
426 3258 710 3330 ἐδιδάχθην
761 3259 891 3329 περὶ
935 3259 1150 3323 τούτου,
1203 3259 1373 3329 φημί.
1426 3260 1488 3313 '0
1534 3258 1690 3327 ἅγιος
1746 3258 1841 3312 καὶ

1940 3265 2047 3320 hoc
2071 3265 2268 3321 doctus
2295 3280 2439 3327 sum,
2478 3264 2679 3319 dicam.
2731 3262 2968 3319 Sanctus
2992 3270 3049 3316 et
3089 3260 3287 3314 beatus
3316 3263 3508 3312 noster

264 3347 537 3419 μακάριος
585 3347 777 3420 Πατὴρ
820 3350 982 3420 ἡμῶν
1020 3352 1115 3403 καὶ
1152 3349 1473 3412 διδάσκαλος
1518 3349 1838 3421 Γρηγόριος,

261 3435 313 3495 ὦ
343 3435 511 3507 οὗτοι,
549 3442 647 3510 (ὡς
678 3442 788 3515 γάρ
838 3442 1108 3512 παροῦσιν
1154 3443 1338 3506 αὐτοῖς
1368 3441 1837 3512 διαλεχθήσομαι),

266 3530 604 3603 θεασάμενος
675 3534 803 3597 τοὺς
856 3534 1128 3604 Ἕλληνας
1184 3533 1614 3605 προηγουμένως
1667 3531 1841 3595 οὓτως

264 3623 478 3691 ἀλόγως
544 3623 937 3694 πλανηθέντας,
992 3623 1089 3677 καὶ
1142 3622 1242 3693 τῆς
1296 3623 1427 3694 περὶ
1480 3621 1573 3675 τοῦ
1635 3622 1839 3692 κυρίως

265 3714 422 3779 ὄντος
444 3713 582 3768 Θεοῦ
609 3715 843 3785 πάμπαν
871 3715 1082 3776 ἑννοίας
1105 3712 1471 3784 ἀπαχθέντας,
1497 3712 1837 3782 συμπαθείας

267 3806 420 3877 νόμῳ
464 3805 640 3860 ταῦτα
681 3804 956 3871 διέξεισιν,
996 3806 1083 3858 ἵνα
1111 3807 1176 3859 ἐκ
1214 3808 1315 3875 τῆς
1338 3805 1448 3859 τῶν
1478 3806 1836 3876 σεδασμάτων

269 3895 491 3964 ἀλογίας
535 3913 593 3949 τε
653 3898 748 3950 καὶ
796 3895 1095 3961 εὐτελείας,
1147 3897 1347 3967 μᾶλλον
1392 3898 1450 3951 δὲ
1510 3896 1837 3969 κυριώτερον

271 3984 447 4035 είπεῖν
517 3982 841 4052 βδελυρίας,
912 3984 1083 4056 πολλῇ
1156 3986 1267 4039 τῶν
1334 3986 1837 4058 ὲπιχειρηματικῶν

269 4071 445 4137 λόγων
475 4072 661 4137 αὐτοῖς
709 4073 979 4148 γενομένῃ
1022 4076 1133 4130 τῶν
1177 4076 1535 4148 σεδασμάτων
1563 4079 1838 4147 ἀνασκευῇ

274 4164 447 4234 ῥᾴστη
493 4163 717 4235 γένηται
775 4166 959 4231 αὐτοῖς
988 4168 1127 4237 πρὸς
1170 4168 1494 4241 ὀρθοτομίαν
1538 4170 1574 4239 ἡ
1633 4169 1839 4233 ἄνοδος,

273 4255 499 4325 προσέτι
524 4272 587 4324 γε
618 4256 726 4327 μὴν
758 4257 942 4329 (220
965 4258 1018 4327 b)
1060 4260 1153 4314 καὶ
1185 4260 1324 4329 μηδέ
1354 4278 1475 4315 τινα
1516 4261 1720 4315 τούτων
1747 4279 1845 4315 χα-

272 4343 490 4414 κοδοξίᾳ
510 4346 904 4417 καταωρῆναι,
928 4347 1017 4402 διά
1032 4348 1092 4401 τὸ
1109 4349 1208 4420 τὴν
1243 4350 1462 4420 ἀπάτην
1494 4352 1560 4405 ἐκ
1579 4350 1674 4405 τοῦ
1705 4370 1843 4423 προ-

272 4432 454 4503 χείρου
479 4436 652 4489 πᾶσιν
699 4435 921 4507 εὖδηλον
966 4432 1106 4493 εῖναι
1139 4439 1234 4495 καὶ
1271 4440 1609 4513 εὐφώρατον,
1647 4442 1836 4513 μηδενὶ

273 4523 439 4595 τιμίῳ
467 4524 711 4582 δοκοῦντι
744 4528 1230 4598 συγκαλύπτουσαν
1262 4533 1324 4589 τὸ
1358 4533 1618 4588 λανθάνον
1652 4534 1839 4591 κακόν.

1942 3357 2104 3412 Pater
2129 3365 2293 3426 atque
2327 3355 2590 3426 magister
2622 3354 2942 3424 Gregorius,
2974 3366 3009 3407 ο
3039 3350 3128 3404 isti
3152 3390 3167 3411 ,
3200 3348 3505 3419 (colloquar

1938 3445 2084 3499 enim
2102 3461 2225 3499 cum
2246 3445 2329 3499 eis
2352 3454 2612 3513 tanquam
2630 3444 2676 3497 si
2696 3442 2879 3497 adsint
2904 3442 3125 3496 Graecos
3155 3437 3348 3493 videns
3371 3450 3510 3506 pra:-

1937 3536 2100 3604 cipuc
2128 3535 2340 3589 versari
2372 3534 2428 3588 in
2445 3542 2595 3588 tanta
2618 3533 2830 3587 erroris
2848 3531 3103 3593 stultitia,
3130 3539 3186 3583 ct
3218 3542 3251 3583 a
3276 3528 3509 3582 notione

1939 3628 2059 3695 ejus
2079 3626 2173 3695 qui
2198 3626 2418 3695 proprie
2439 3634 2524 3680 est
2555 3624 2655 3679 Dei
2676 3637 2906 3693 prorsus
2928 3621 3197 3676 abductos
3212 3618 3507 3674 commise-

1942 3715 2173 3769 rationis
2201 3716 2319 3786 lege
2348 3714 2477 3768 talia
2498 3713 2870 3783 persequitur,
2889 3721 2951 3766 ut
2978 3710 3108 3765 inde
3129 3707 3277 3780 quod
3299 3721 3364 3763 ea
3386 3719 3513 3777 quae

1941 3808 2198 3861 coluntur
2224 3805 2441 3860 ratione
2471 3813 2682 3871 carent,
2738 3811 2795 3858 et
2834 3818 2902 3858 ex
2948 3802 3183 3865 vilitate,
3224 3786 3319 3854 aut'
3360 3790 3511 3867 quod

1942 3898 2114 3967 magis
2141 3896 2363 3966 proprie
2397 3904 2485 3949 est
2516 3894 2725 3960 dicere,
2759 3891 3100 3948 scurrilitatc
3126 3902 3343 3951 eorum,
3386 3896 3514 3956 post

1943 3990 2191 4045 crebram
2235 4001 2550 4042 sermonum
2601 3984 2807 4054 quibus
2859 3985 2907 4038 is
2943 3982 3126 4038 cultus
3166 3988 3515 4050 expugnatus

1944 4089 2029 4135 est
2052 4077 2465 4139 refutationem,
2496 4073 2789 4129 facillimus
2811 4073 2893 4128 eis
2912 4071 2981 4128 ad
3002 4082 3209 4127 rectam
3238 4068 3383 4123 viam
3419 4066 3513 4120 fiat

1945 4165 2180 4228 reditus,
2218 4164 2447 4233 insuper
2474 4176 2609 4217 vero
2639 4162 2807 4216 etiam
2837 4177 2906 4215 ne
2944 4161 3070 4230 quis
3101 4161 3305 4213 horum
3346 4171 3516 4226 prava

1946 4256 2210 4328 Opinione
2238 4253 2516 4317 trahatur,
2560 4260 2853 4323 propterea
2881 4252 3027 4321 quod
3060 4250 3211 4305 fraus
3255 4248 3516 4303 omnibus

1949 4352 2023 4406 sit
2059 4350 2113 4403 in
2144 4357 2401 4418 promptu
2437 4355 2494 4399 et
2518 4343 2677 4398 facile
2710 4344 2778 4426 ad
2814 4342 3360 4413 deprehendendum,
3390 4354 3515 4393 cum

1939 4442 2219 4501 neminem
2250 4438 2545 4491 honestum
2568 4435 2775 4489 malum
2800 4433 2949 4505 quod
2984 4433 3273 4489 delitescat
3297 4428 3459 4485 celet.

286 4710 383 4765 Ἐκ
418 4711 525 4766 τοῦ
554 4710 742 4767 αὐτοῦ
769 4711 978 4783 λόγου,
1016 4714 1105 4777 είς
1135 4714 1226 4779 τὸ,
1278 4750 1295 4768 ε
1328 4710 1411 4770 Οὔ
1452 4715 1511 4769 id
1537 4718 1843 4787 κάθαρσις,

1955 4716 2039 4772 Fx
2064 4716 2243 4768 eodem
2274 4729 2534 4775 sermone,
2570 4715 2626 4765 in
2657 4710 2794 4764 illud
2822 4726 2840 4765 :
2885 4725 2905 4759 ι
2944 4707 3110 4762 Porro
3130 4708 3218 4759 ubi
3252 4706 3517 4775 purgatio,

343 4802 667 4874 ἔλλαμψις,
717 4804 1021 4874 “laudem
1054 4805 1123 4859 δὲ
1151 4808 1340 4861 πόθου
1364 4808 1697 4876 πλήρωσις,
1726 4810 1851 4877 τοῖς

344 4893 466 4948 τῶν
485 4895 808 4965 Maeror,
836 4896 875 4966 ἢ
895 4896 1005 4952 τοῦ
1020 4898 1333 4969 μεγίστου,
1360 4897 1400 4970 ἢ
1434 4898 1585 4969 ὑπὲρ
1610 4899 1677 4954 τὸ
1696 4900 1851 4971 μέγα

346 4988 702 5061 ἐφιεμένοις.
734 4990 846 5062 (3i)
892 5009 913 5046 ι

347 5189 517 5245 φασιν
557 5190 607 5244 οι
644 5188 756 5244 τῶν
795 5188 956 5244 θείων
990 5190 1358 5263 ιπιστήμονες
1410 5193 1728 5265 μυστηρίων
1769 5193 1853 5248 ὅτι

2025 4807 2135 4861 illic
2162 4806 2507 4869 illuminatiu,
2531 4802 2854 4858 illuminatio
2888 4809 3066 4853 autem
3093 4797 3337 4853 desiderii
3371 4812 3517 4849 sumo

2026 4917 2115 4955 ma
2150 4908 2247 4964 est,
2296 4899 2361 4953 iis
2417 4898 2597 4966 utique
2640 4895 2731 4965 qui
2776 4894 3135 4947 maximarum
3183 4904 3399 4942 rerum.
3439 4884 3522 4938 rel

2023 4992 2196 5062 potius
2238 4988 2484 5043 maxima:
2521 4986 2599 5040 rei
2630 5025 2647 5050 ,
2705 4992 2863 5054 atque
2919 4982 3051 5036 adeo
3104 4978 3523 5049 magnitudinem

2024 5096 2233 5137 omnem
2250 5078 2573 5149 superantis,
2606 5075 2895 5145 cupiditate
2921 5075 3176 5143 ﬂagrant,
3216 5087 3234 5120 ι

2017 5190 2340 5247 Divinorum
2371 5185 2764 5258 mysteriorum
2790 5183 2960 5255 periti
2981 5181 3250 5237 aliirmant
3271 5178 3366 5232 ubi
3393 5192 3521 5246 pur-

276 5278 407 5333 ἔνθα
454 5279 723 5351 κάθαρσις
761 5280 940 5352 ψυχῆς
976 5282 1013 5353 ἠ
1052 5281 1143 5337 διά
1179 5282 1291 5347 τῶν
1327 5282 1563 5354 ἀρετῶν,
1604 5283 1722 5336 ἐκεῖ
1760 5283 1843 5337 καῖ

1948 5283 2095 5355 gatio
2131 5279 2326 5335 animat
2359 5276 2431 5333 sit
2453 5292 2553 5347 per
2583 5275 2822 5330 virtutes
2852 5273 3019 5336 facta,
3063 5270 3138 5323 ibi
3190 5269 3357 5323 etiam
3399 5266 3517 5320 illu-

277 5370 547 5439 ελλαμψις
604 5373 861 5440 γνώσεως
919 5370 1061 5443 μετὰ
1124 5374 1227 5445 τὴν
1272 5374 1469 5445 εὐσεϐῆ
1524 5373 1634 5428 τῶν
1685 5373 1843 5429 ὄντων

1951 5371 2308 5427 minationem
2333 5365 2667 5438 cognitionis
2692 5374 2821 5437 post
2838 5365 3143 5420 institutam
3166 5360 3312 5429 piam
3331 5373 3521 5411 rerum

277 5460 568 5530 διάσκεψιν
594 5462 971 5532 ἀναφαίνεται,
994 5462 1130 5534 προς
1149 5464 1249 5534 τὴν
1276 5462 1371 5520 τοῦ
1407 5462 1552 5518 θείου
1581 5462 1855 5532 κατανόη-

360 5604 388 5634 ι
414 5590 431 5646 Ι
456 5590 586 5648 Cor.
621 5606 713 5657 xv,
748 5591 836 5647 55.

352 5705 468 5778 (ὅθ)
496 5705 660 5777 Greg.
694 5707 827 5778 Nae.
869 5708 962 5764 ον.
1012 5711 1067 5762 in
1115 5707 1311 5765 Sancta
1352 5709 1597 5770 Lumina,
1639 5724 1759 5778 cap.
1794 5709 1847 5774 6,

292 5775 501 5862 p.680,
531 5775 661 5831 tom.
698 5777 738 5832 Ι.
773 5776 909 5850 Opp.
939 5778 1026 5833 cd.
1060 5778 1259 5835 Bcncd.

1954 5479 2075 5533 qua:
2105 5470 2235 5517 sunt
2266 5458 2771 5517 considerationem
2797 5468 3085 5527 apparere,
3128 5466 3249 5522 quae
3281 5457 3521 5505 mentem

2181 5703 2348 5761 Idem.
2379 5705 2501 5759 ibid.
2529 5718 2649 5775 cap.
2693 5703 2745 5771 8,
2778 5721 2832 5775 ν.
2869 5702 2992 5769 682,
3030 5709 3161 5755 tom.
3195 5699 3236 5754 Ι.
3263 5698 3402 5771 Opp.
3430 5696 3523 5754 ed.
