4192 6434
189 373 327 435 1305
1430 388 1844 452 ΑΜΒΙΟΗΟΝ

1786 394 1947 453 RUM
1984 398 2231 457 LIBER.
3301 404 3441 470 1306

187 481 456 551 ποιηκότα
493 481 600 533 τῶν
647 481 816 535 ὄντων
848 483 1106 539 ἁπάντων
1150 488 1410 561 λαμπρὰν
1461 495 1764 568 ὃιακόσμη-
1796 508 1840 561 Α

1796 508 1840 561 Α
1871 504 2114 560 bonitate
2142 505 2469 560 fabricatum
2499 507 2705 561 clarum
2733 523 2917 563 rerum
2940 510 3322 565 universarum
3344 530 3437 568 or-

188 589 297 638 σιν,
338 573 413 641 μὴ
444 573 680 671 ,αὐτόθεν
711 577 846 646 αὐτῇ
889 581 1178 650 καταφανῆ
1224 586 1477 650 γενέσθαι
1521 591 1642 643 τινὰ
1673 593 1769 645 καὶ

1868 593 2056 647 dinem
2092 605 2258 664 atque
2289 605 2573 651 ornatum.
2611 598 2740 652 inde
2767 584 2913 667 quod
2940 601 3141 670 aliquis
3172 614 3229 657 et
3259 605 3438 671 qualis

184 666 369 715 ὁποῖον
415 658 575 723 εἶναι,
623 665 721 733 τὴν
758 668 885 736 περὶ
932 668 1094 722 τοῦτο
1123 671 1221 741 τὴν
1267 674 1445 729 κτίσιν
1498 678 1591 731 τοῦ
1627 680 1765 734 Θεοῦ

1866 678 2142 755 οεεοιὶρεί
2174 689 2584 742 manifestatum
2615 682 2736 743 esse
2766 729 2780 753 ,
2820 701 3043 759 negant,
3082 702 3139 747 et
3184 678 3438 762 ignoran-

182 754 565 824 διακρίνουσαν
616 755 840 822 ἄγνοιαν
889 759 1156 830 διαίρεσιν
1201 763 1471 833 λέγοντες.
1506 768 1619 840 Τὴν
1659 773 1767 844 γὰρ

1870 778 1999 831 tiam
2038 754 2160 831 eam
2213 795 2319 847 qua
2359 778 2719 855 lnic'conditio
2748 798 2778 834 ιι
2825 783 2937 836 Deo
2967 783 3307 839 discernitur
3348 774 3436 839 di—

183 842 433 909 φυσικῶς
525 844 705 915 (221
733 847 782 915 b)
850 846 1094 917 ἀλλήλων
1166 854 1340 907 ταῦτα
1428 842 1764 925 διαιροῦσαν,

1865 869 2217 924 stinctionem
2236 851 2531 939 appellant.
2557 872 2689 938 Quze
2703 872 2851 925 enim
2868 874 3194 928 naturaliter
3210 891 3272 929 ea
3287 877 3438 929 inter

186 935 457 1003 μηδέποτε
504 935 802 1008 δεχομένην
831 942 909 1010 είς
947 942 1076 1010 μίαν
1101 944 1288 998 οὐσίαν
1321 946 1535 1009 ἕνωσιν,
1570 952 1645 1014 ὡς
1672 953 1765 1005 τὸν

1864 975 1923 1013 se
1951 961 2212 1021 secernit.
2246 977 2310 1014 ac
2338 977 2615 1031 nunquam
2648 965 2703 1018 in
2743 965 3040 1018 essentiam
3084 981 3250 1018 unam
3278 968 3435 1026 coire

182 1023 285 1076 ἕνα
308 1025 399 1075 καὶ
430 1027 521 1077 τὸν
557 1026 721 1079 αὑτὸν
765 1029 837 1096 μὴ
875 1029 1181 1102 δυναμένην
1214 1037 1560 1102 ἐπιδέξασθαι
1608 1022 1765 1111 λόγον

1864 1049 2015 1112 sinit,
2042 1066 2167 1105 cum
2191 1066 2353 1105 unam
2380 1052 2742 1122 eamdemque
2768 1055 3039 1108 rationem
3068 1055 3315 1128 recipere
3343 1074 3437 1110 ne-
3472 1047 3484 1065 ³

182 1114 379 1214 εῐασναν
413 1116 672 1187 ἄρρητον.
704 1120 973 1191 Δευτέραν
998 1123 1074 1186 δὲ,
1104 1126 1228 1180 καθ’
1264 1130 1330 1198 ἣν
1360 1130 1393 1197 ἡ
1419 1129 1506 1182 διὰ
1533 1132 1763 1196 κτίσεως

1863 1148 2049 1206 queat,
2075 1156 2196 1194 eam
2232 1141 2495 1196 indictam
2531 1114 2828 1211 liquerunt.
2859 1146 3127 1207 Alteram,
3170 1114 3435 1214 quamni—

180 1203 243 1256 τὸ
272 1201 411 1258 εἶναι
440 1206 675 1260 λαϐοῦσα
701 1210 963 1278 σύμπασα
983 1213 1143 1281 φύσις
1173 1217 1279 1269 ὑπὸ
1302 1218 1439 1271 Θεοῦ
1470 1220 1763 1291 διαιρεῖται

1865 1244 2021 1283 versa
2070 1246 2192 1298 qua:
2244 1248 2342 1300 per
2388 1223 2765 1288 conditionem
2805 1250 2835 1288 a
2891 1233 3002 1303 Deo
3057 1236 3434 1291 exsistentiam

183 1298 268 1358 είς
299 1298 463 1366 νοητά
494 1300 586 1350 καὶ
632 1302 886 1370 αἰσθητά.
939 1305 1163 1375 Τρίτην,
1208 1310 1328 1361 καθ’
1374 1312 1441 1382 ἢν
1466 1315 1498 1381 ή
1525 1316 1757 1386 αἰσθητὴ

1863 1321 2077 1388 accepit
2107 1298 2301 1376 natura
2331 1325 2643 1379 secernitur
2676 1326 2732 1380 in
2764 1324 3137 1396 intelligibilia
3173 1339 3232 1385 et
3256 1330 3434 1384 sensi-

180 1386 344 1453 φύσις
357 1387 641 1456 διαιρεῖται
660 1391 736 1453 είς
747 1391 975 1461 οὐρανὸν
998 1395 1091 1447 καὶ⁵
1109 1391 1517 1468 γῆν.Τετάρτην
1537 1401 1615 1467 δὲ,
1640 1402 1762 1454 καθ’

1863 1386 2014 1465 bilia:
2049 1411 2315 1478 Tertiam,
2342 1430 2449 1483 qua
2471 1416 2756 1470 sensibilis
2793 1386 2994 1472 natura
3031 1421 3340 1474 secernitur
3375 1423 3430 1475 in

179 1479 247 1548 ἣν
280 1479 311 1547 ἠ
334 1478 403 1547 γῆ
434 1479 718 1551 διαιρεῖται
736 1485 814 1545 είς
831 1485 1160 1555 παράδεισον
1179 1489 1272 1542 καὶ
1290 1491 1637 1561 οἰκουμένην,
1660 1494 1756 1547 καὶ

1860 1502 2060 1558 calum
2114 1517 2180 1556 ac
2224 1478 2450 1557 terram.
2489 1504 2753 1569 Quartam
2803 1506 3076 1575 denique,
3118 1523 3227 1576 qua
3287 1519 3431 1562 terra

178 1569 461 1640 πέμπτην,
496 1571 619 1647 κα.θ⁹
652 1573 720 1643 ἣν
747 1577 775 1627 ό
808 1576 900 1627 ἐπὶ
945 1579 1134 1643 πᾶσιν,
1188 1580 1379 1653 ὥσπερ
1410 1600 1464 1635 τι
1486 1584 1593 1636 τῶν
1621 1586 1759 1638 ὅλων

1860 1594 2251 1667 secernitnr‘in
2299 1594 2615 1663 paradisum
2644 1605 2705 1650 et
2736 1597 2927 1651 orbem
2966 1608 3237 1653 terrarum
3270 1600 3431 1654 'ltabi—

180 1662 646 1716 συνεκτικώτατον
686 1668 1068 1738 ἐργαστήριον,
1118 1673 1213 1724 καὶ
1257 1675 1390 1727 πᾶσι
1458 1678 1570 1738 τοῖς
1617 1675 1757 1731 κατὰ

1862 1684 2106 1748 tabilem,
2137 1662 2194 1740 et
2225 1662 2498 1755 quintium,
2540 1702 2650 1756 qua
2685 1689 2861 1765 homo
2896 1689 2953 1743 in
2978 1691 3266 1745 «omnibus
3311 1700 3430 1745 tan-

178 1753 365 1805 πᾶσαν
386 1753 652 1839 διαίρεσιν
678 1756 869 1827 ἄκροις
894 1760 961 1811 δι’
980 1761 1145 1815 αὐτοῦ
1178 1764 1425 1832 φυσικῶς
1456 1769 1758 1844 μεσιτεύων
1793 1844 1815 1847 ῳ

1793 1844 1815 1847 ζ
1860 1790 2023 1843 quam
2056 1774 2271 1830 officina
2294 1777 2478 1847 aliqua
2505 1779 2821 1833 arctissimo
2870 1781 2955 1833 sui
3003 1781 3245 1845 vinculo;
3304 1784 3430 1836 uni-

174 1838 584 1914 ἀγαθοπρεπῶς
614 1848 763 1907 ,κατὰ
818 1850 1032 1916 γένεσιν
1076 1856 1191 1917 τοῖς
1227 1851 1378 1909 οὖσιν
1412 1840 1759 1930 ἐπεισαχθεὶς
1790 1844 1829 1898 Β

180 1929 462 1951 ζμΔΑγν-γκ
526 1935 548 1951 οι
699 1939 721 1951 ο
893 1939 905 1951 ι
996 1938 1018 1951 ιο
1278 1945 1288 1951 .
1353 1944 1433 1951 -.4-
1634 1950 1637 1951 ,

1790 1844 1830 1898 Β
1860 1882 2018 1921 versa
2058 1850 2373 1951 continens,
2415 1879 2474 1923 et
2504 1871 2798 1936 omnibus,
2844 1872 3153 1927 secundum
3210 1890 3428 1928 omnem

171 1929 466 2000 ἄνθρωπος
521 1935 810 2006 διαιρεῖται
859 1939 939 2001 είς
988 1938 1156 2011 ἄρσεν
1207 1945 1299 1996 καὶ
1348 1944 1518 2015 θῆλυ,
1576 1950 1781 2033 πᾶσανκ

1775 2021 1781 2033 _
1859 1958 2273 2014 distinctionem
2325 1929 2772 2017 extremitatibus
2820 1980 3033 2033 per'se
3101 1966 3430 2019 naturaliter

173 2021 320 2091 ἔχων
348 2022 548 2094 δηλαδὴ
587 2028 833 2093 φυσικῶς
881 2032 1000 2095 ταῖς
1050 2032 1159 2085 τῶν
1190 2036 1375 2106 ἄκρων
1405 2039 1621 2092 πάντων
1661 2018 1781 2109 με->

1773 2019 1781 2048 ’
1861 2050 2180 2119 interjectus
2208 2052 2606 2130 convenienter
2658 2056 2964 2109 secundmn
3012 2057 3428 2125 generationem

174 2115 371 2184 σότησι
425 2115 513 2168 διὰ
573 2116 671 2187 τῆς
722 2118 859 2188 πρὸς
903 2121 971 2173 τά
1018 2123 1162 2192 ᾶκρα
1222 2126 1397 2179 πάντα
1448 2128 1556 2181 τῶν
1613 2129 1756 2183 ἰδίων

1860 2142 2027 2197 rebus
2081 2144 2476 2198 exsistentibns
2544 2146 2728 2199 illatus
2793 2146 3104 2200 secernitur
3182 2147 3236 2200 in
3308 2163 3428 2201 ma-

176 2205 365 2303 μεριῦν
395 2206 648 2277 σχετικῆς
676 2208 932 2277 ἰδιότητος
961 2212 1060 2282 τὴν
1093 2213 1231 2285 πρὸς
1273 2217 1467 2270 ἕνωσιν
1503 2219 1754 2290 δύναμιν,

1856 2233 2135 2287 sculinum
2165 2242 2222 2285 et
2274 2234 2803 2296 femininnm,omni
2854 2237 3105 2303 profecto
3158 2235 3424 2290 extremi-

170 2294 248 2345 δι*
276 2289 340 2367 ἧς
372 2299 400 2349 ὁ
437 2298 575 2351 κατὰ
604 2298 702 2369 τὴν
741 2301 918 2355 αἰτίαν
950 2304 1051 2373 τῆς
1079 2305 1186 2379 τῶν
1230 2306 1576 2379 διῃρημένων
1601 2289 1755 2376 γενέ-

1860 2333 2033 2379 latum
2085 2325 2330 2378 omnium
2365 2326 2756 2381 metlietatibus
2804 2328 3132 2381 naturaliter
3175 2327 3245 2382 de
3297 2342 3426 2396 pro-

174 2403 315 2449 σεως
365 2388 852 2462 συμπληρούμενος
922 2395 1122 2465 τρόπος
1193 2397 1384 2467 ἔμελλε
1455 2403 1549 2455 τοῦ
1612 2403 1755 2457 θείου

1857 2416 2103 2484 priarum
2153 2414 2219 2468 ad
2259 2430 2454 2469 onmes
2501 2415 2879 2470 extremitates
2914 2417 3153 2484 partium
3204 2432 3426 2481 suarum

176 2478 387 2532 σκοποῦ
449 2480 511 2534 τὸ
577 2482 719 2551 μέγα
792 2489 1092 2556 μυστήριον
1154 2490 1375 2563 ἔκδηλον
1435 2494 1505 2546 δι’
1562 2494 1754 2549 ἑαυτοῦ

1857 2478 2084 2559 relativa
2136 2504 2399 2558 facultate
2463 2504 2725 2570 praeditus
2792 2478 3018 2559 uniendi
3083 2478 3426 2573 coeundique

176 2574 539 2641 καταστῆσαι,
596 2573 694 2645 τὴν
736 2577 872 2645 πρὸς
922 2579 1124 2649 ἄλληλα
1174 2583 1282 2635 τῶν
1336 2585 1395 2636 ἐν
1441 2589 1552 2648 τοῖς
1604 2585 1755 2641 οῦσιν

1856 2602 2160 2663 potestate,
2198 2609 2306 2662 qua
2352 2594 2550 2648 modus
2601 2591 2904 2649 secundum
2940 2610 3157 2649 causam
3201 2610 3427 2664 genera-

174 2658 365 2728 ἄκρων
389 2662 721 2731 ἐναρμονίως
749 2664 856 2717 ἀπὸ
885 2667 993 2719 τῶν
1016 2672 1298 2741 προσεχῶν
1330 2674 1423 2726 ἐπὶ
1448 2675 1518 2728 τὰ
1541 2677 1751 2749 πόρρω,

1856 2658 2023 2737 tionis
2051 2658 2244 2736 eorum
2272 2698 2394 2750 qua:
2428 2683 2691 2738 distincta
2719 2694 2849 2738 sunt
2890 2685 3199 2753 completus
3249 2684 3425 2738 divini

174 2752 277 2807 καί
304 2752 409 2805 τῶν
434 2754 670 2822 ἡττόνων
713 2758 805 2809 ἐπὶ
854 2759 921 2811 τὰ
958 2762 1238 2830 κρείττονα
1268 2766 1502 2837 καθεξῆς
1552 2770 1754 2822 ἀνατα-

1856 2782 2111 2837 magnum
2139 2767 2353 2823 consilii
2388 2770 2711 2839 mysterium
2757 2787 2855 2840 per
2884 2752 3031 2826 sese,
3051 2772 3424 2849 patefacturus

174 2842 349 2905 τικῶς
404 2844 719 2913 προϊοῦσαν,
774 2850 855 2911 είς
891 2849 1022 2901 Θεὸν
1059 2852 1489 2925 ἀποπερατὼσας
1538 2858 1750 2914 ἕνωσιν.

1854 2866 1993 2922 erat,
2026 2859 2121 2926 qui
2155 2869 2400 2913 mutuam
2432 2861 2485 2914 in
2514 2862 2681 2929 rebus
2709 2878 2830 2931 quae
2861 2864 3424 2917 exsistunt-extremi-

178 2934 389 2987 Τούτου
428 2936 492 3004 δὴ
536 2938 697 3008 χάριν
737 2937 965 3009 ἔσχατος
1004 2944 1355 3012 ἔπεισάγεται
1399 2950 1511 3011 τοῖς
1539 2943 1689 3001 οὖσιν
1725 2952 1754 3001 ό
1797 3008 1808 3019 ι

1797 3008 1808 3019 ι
1856 2956 2029 3001 latum
2079 2959 2454 3019 congruenter
2496 2968 2524 3005 a
2566 2953 2835 3021 proximis
2877 2954 2944 3007 ad
2994 2955 3260 3009 ulteriora
3285 2994 3298 3017 ,
3339 2970 3425 3023 pe-

175 3022 483 3096 ἄνθρωπος,
515 3029 674 3080 οἱονεὶ
700 3028 996 3101 σύνδεσμός
1027 3050 1110 3097 τις
1134 3037 1364 3103 φυσικὸς
1380 3040 1491 3100 τοῖς
1522 3039 1751 3093 καθόλου

1848 3039 2143 3109 jorumque
2170 3039 2236 3093 ad
2273 3041 2500 3095 meliora
2535 3042 2798 3111 deinceps
2826 3052 2881 3098 et
2917 3058 3016 3113 per
3039 3043 3422 3097 ascensionem

170 3115 267 3168 διὰ
290 3116 399 3169 τῶν
438 3118 654 3189 οἰκείων
686 3120 869 3197 μερῶν
897 3124 1197 3189 μεσιτεύων
1220 3127 1431 3197 ἄκροις,
1464 3129 1558 3181 καὶ
1585 3133 1664 3193 είς
1693 3131 1751 3185 ἓν
1777 3168 1820 3224 C

1777 3168 1820 3224 ο
1854 3130 2297 3197 progredientem
2341 3132 2397 3184 in
2455 3133 2627 3186 Deum
2679 3133 2991 3188 unitionem
3060 3134 3419 3189 determinat.

172 3207 327 3274 ἄγων
352 3208 409 3268 ἐν
441 3208 622 3278 ἐαυτῷ
666 3209 732 3263 τὰ
764 3212 945 3283 πολλῷ
988 3215 1129 3269 κατὰ
1178 3217 1274 3287 τὴν
1304 3219 1465 3288 φύσιν
1507 3220 1751 3289 ἀλλήλων
1779 3207 1820 3224 ν

1779 3207 1820 3224 ν
1854 3221 2062 3276 Idcirco
2089 3223 2348 3277 videlicet
2380 3224 2544 3276 homo
2575 3224 2629 3277 in
2662 3234 2947 3279 creaturas
2976 3225 3207 3279 ultimus
3256 3224 3423 3278 infer-

172 3292 494 3368 διεστηκότα
535 3301 613 3371 τῷ
650 3301 998 3375 διαστήματι,
1042 3306 1131 3361 ἵνα
1160 3309 1258 3377 τῆς
1303 3311 1440 3379 πρὸς
1490 3311 1641 3376 Θεὸν,
1675 3312 1751 3373 ὡς

1853 3324 1969 3378 tur,
2002 3325 2261 3385 tanquam
2313 3318 2577 3372 naturalis
2631 3318 2881 3387 quaedam
2924 3318 3277 3389 generalibus
3322 3334 3422 3387 per

171 3391 365 3456 αἴτιον,
412 3392 481 3444 τὰ
542 3393 722 3446 πάντα
784 3396 1123 3467 συναγούσης
1175 3398 1433 3470 (222a)
1507 3402 1750 3467 ἐνώσεως

1850 3416 2037 3481 partes
2070 3422 2198 3461 suas
2217 3407 2663 3462 extremitatibus
2685 3410 2910 3481 copula,
2941 3416 3109 3478 atque
3137 3409 3194 3461 in
3219 3416 3420 3462 semet—

167 3483 234 3534 ὲκ
266 3482 362 3551 τῆς
411 3482 545 3545 ἰδίας
596 3485 860 3556 πρότερον
890 3487 1194 3557 ἀρξάμενος
1216 3490 1550 3560 διαιρέσεως,
1606 3494 1741 3546 καθ-

1851 3478 1981 3562 ipso
2006 3493 2325 3548 coadunans
2351 3509 2417 3546 ea
2448 3510 2571 3562 quae
2606 3478 2936 3563 naturaliter
2989 3497 3222 3551 multum
3269 3495 3416 3549 inter

168 3574 296 3639 εξῆς
349 3574 438 3626 διὰ
486 3574 598 3626 τῶν
650 3575 834 3643 μέσων
885 3579 1062 3649 είρμῷ
1110 3582 1202 3633 καὶ
1234 3582 1386 3647 τάξει
1438 3585 1748 3653 προϐαίνων

1850 3600 1908 3638 se
1932 3585 2157 3649 distant,
2186 3593 2247 3639 ut
2279 3585 2547 3640 unitionis
2583 3602 2707 3641 cum
2742 3587 2876 3646 Deo.
2925 3587 3187 3657 tanquam
3229 3602 3417 3650 causa,

165 3665 251 3727 εἰς
283 3664 374 3717 τὸν
414 3665 546 3717 Θεὸν
584 3666 725 3737 λάϐῃ
769 3668 830 3720 τὸ
880 3670 1055 3739 πέρας
1090 3671 1189 3741 τῆς
1221 3671 1310 3727 διά
1346 3674 1561 3728 πάντων
1606 3678 1750 3730 κατὰ

1850 3675 2107 3730 universa
2153 3677 2420 3745 cogentis,
2466 3677 2534 3731 de
2588 3678 2814 3747 propria
2842 3679 3210 3735 "distinctione
3259 3690 3419 3748 capto

160 3757 270 3825 τὴν
299 3754 492 3807 ἕνωσιν
538 3756 831 3827 γινομένης
862 3757 1072 3829 ὑψηλῆς
1121 3761 1462 3828 ἀναϐάσεως,
1500 3766 1558 3818 ἑν
1580 3756 1624 3833 ᾧ
1648 3767 1749 3819 οὐκ

1850 3766 2027 3831 initio,
2082 3765 2345 3836 deinceps
2396 3768 2541 3821 serie
2584 3777 2642 3821 et
2685 3768 2881 3822 ordine
2920 3784 3019 3837 per
3072 3769 3250 3823 media
3284 3784 3418 3839 pro-

161 3844 284 3896 ἐστι
333 3844 619 3915 διαίρεσις,
678 3846 777 3916 τὴν
843 3848 1112 3919 μηδαμῶς
1176 3853 1491 3927 ἠρτημένην
1546 3854 1747 3927 δηλαδὴ

1847 3872 2071 3925 gressus
2108 3856 2272 3911 tinem
2314 3856 2659 3911 ascensionis
2710 3858 2766 3911 in
2807 3858 3243 3919 sublimitatem,
3297 3874 3418 3926 quae

161 3933 308 3987 κατὰ
334 3935 425 3986 τὸν
462 3934 869 4006 προηγούμενον
902 3938 1060 4005 λόγον
1101 3941 1200 4010 τῆς
1231 3945 1359 4013 περὶ
1390 3944 1488 4015 τὴν
1534 3946 1747 4014 γένεσιν

1847 3946 2113 4001 unitionis
2140 3948 2315 4016 gratia
2360 3946 2422 4001 fit
2447 3962 2546 4012 per
2579 3947 2860 4013 universa,
2910 3948 3154 4004 inveniat
3188 3948 3241 4000 in
3283 3948 3415 4013 Deo,

158 4025 262 4080 τοῦ
316 4025 603 4095 ἀνθρώπου
657 4027 808 4090 θείας
851 4031 1165 4098 προθέσεως
1203 4034 1343 4085 κατὰ
1384 4036 1446 4108 τὸ
1491 4037 1623 4106 θῆλυ
1654 4040 1746 4091 καὶ

1848 4038 1903 4091 in
1927 4053 2037 4108 quo
2062 4038 2213 4091 nulla
2239 4046 2323 4091 est
2357 4038 2664 4102 distinctio,
2697 4038 2827 4108 dum
2855 4038 3133 4093 sexualem
3164 4038 3414 4091 feminini

158 4120 228 4171 τὸ
260 4116 425 4186 ἄρσεν
457 4116 693 4187 ἰδιότητα
732 4120 797 4187 τῇ
844 4121 971 4188 περὶ
1014 4118 1113 4191 τὴν
1147 4121 1299 4176 θείαν
1348 4101 1556 4194 ἀρετὴν·
1602 4128 1747 4180 ἀπα-

1847 4140 1903 4185 et
1944 4101 2234 4184 masculini
2294 4131 2687 4199 proprietatem
2709 4101 2749 4196 ,Ἰ
2769 4147 2891 4200 quae
2923 4146 2990 4186 ex
3023 4130 3316 4200 principali
3354 4144 3418 4184 ac

161 4207 399 4276 θεστάτῃ
450 4207 633 4291 σχέσει
674 4208 848 4278 πάντη
893 4209 993 4277 τῆς
1036 4210 1252 4278 φύσεως
1300 4215 1743 4285 ἐκτιναξάμενος,

1848 4220 2121 4287 primitiva
2170 4221 2382 4273 ratione
2422 4235 2769 4300 nequaquam
2811 4237 3077 4291 suspensa
3112 4228 3198 4277 est
3241 4236 3272 4274 a
3319 4217 3415 4273 Dei

159 4300 307 4377 ὦστε
358 4276 637 4365 δειχθῆναι
684 4315 743 4351 τε
794 4276 889 4352 καὶ
940 4276 1192 4368 γενέσθαι
1253 4306 1395 4358 κατὰ
1446 4276 1745 4377 τῆν-θείαν

1847 4309 1992 4364 circa
2058 4310 2474 4379 generationem
2532 4282 3157 4381 nominisprnposito,
3223 4309 3414 4363 habitu

159 4374 423 4455 πρόθεσιν
446 4386 734 4456 ἄνθρωπον
762 4387 821 4447 ⁸⁸,
857 4388 1039 4459 μόνον,
1083 4393 1147 4459 τῇ
1176 4394 1317 4445 κατὰ
1346 4394 1409 4447 τὸ
1449 4374 1617 4467 ἄρσεν
1649 4399 1744 4452 καὶ

1845 4398 1989 4453 circa
2022 4374 2269 4452 divinam
2298 4396 2555 4453 virtutem
2588 4401 2748 4468 plane
2780 4374 3077 4468 impatibili
3119 4374 3322 4465 ubique
3359 4404 3416 4450 ct

158 4477 229 4529 τὸ
266 4476 398 4546 θῆλυ
433 4477 775 4547 προσηγορίᾳ
826 4478 901 4549 μὴ
950 4478 1346 4550 διαιρούμενον,
1380 4485 1503 4537 καθ’
1534 4482 1593 4538 ὃν
1646 4490 1737 4541 καὶ
1773 4510 1813 4563 υ

1785 4511 1815 4562 ο
1845 4501 2039 4544 natura
2068 4490 2297 4552 excutit,
2328 4492 2468 4545 adeo
2496 4500 2556 4544 ιιι
2590 4490 2894 4545 secundum
2928 4489 3177 4542 divinum
3208 4503 3440 4557 propo-,

160 4568 589 4637 προηγουμένως
614 4568 906 4638 γεγένηται
950 4570 1108 4639 λόγον
1143 4575 1251 4635 τοῖς
1284 4574 1377 4628 νῦν
1414 4578 1541 4644 περὶ
1573 4579 1737 4633 αὑτὸν

1842 4586 2007 4641 situm
2044 4587 2210 4641 homo
2234 4588 2385 4641 solus
2430 4586 2757 4641 ostendatur
2793 4603 2857 4644 ac
2891 4586 3006 4668 fiat,
3065 4586 3316 4642 feminini
3358 4594 3415 4640 et

157 4654 281 4713 οῦσι
315 4662 566 4741 τμήμασι
594 4659 668 4729 μὴ
701 4661 1079 4731 μεριζόμενον,
1115 4663 1203 4719 διὰ
1230 4664 1329 4733 τὴν
1357 4667 1570 4723 τελείαν
1598 4669 1737 4741 πρὸς

1841 4678 2130 4731 masculini
2165 4676 2534 4748 appellatione
2580 4693 2691 4731 non
2726 4660 3053 4741 distinctus,
3091 4693 3200 4730 non
3243 4676 3415 4746 magis

155 4751 253 4804 τὸν
284 4730 433 4813 ἴδιον,
461 4751 537 4814 ὠς
562 4730 720 4821 ἔφην,
753 4730 910 4820 λόγον
936 4752 1057 4806 καθ’
1082 4755 1141 4807 ὃν
1169 4730 1318 4810 ἐστιν
1347 4758 1548 4825 γνῶσιν
1565 4776 1580 4789 ·
1614 4730 1734 4815 εἶτα

1838 4730 2379 4837 praesentibus‘circa
2415 4785 2543 4823 eum
2571 4768 2914 4825 sectionibus
2956 4769 3011 4821 in
3046 4777 3233 4837 partes
3267 4767 3412 4821 divi-

155 4841 253 4895 τὸν
282 4843 612 4912 παράδεισον
641 4844 735 4895 καὶ
774 4843 874 4913 τὴν
911 4847 1239 4919 οίκουμένην
1276 4849 1364 4903 διὰ
1393 4850 1493 4920 τῆς
1526 4844 1734 4918 οἰκείας

1837 4876 1931 4916 sus
1955 4876 2119 4930 quam
2146 4876 2254 4929 qua
2279 4869 2364 4915 est
2390 4871 2551 4916 antea
2578 4862 2816 4924 ratione,
2843 4870 3067 4931 propter
3110 4861 3407 4931 perfectam

154 4932 533 5002 ἀγιοπρεποῦς
571 4934 796 5006 ἀγωγῆς
832 4934 1041 4999 ὲνὼσας
1073 4937 1203 5006 μίαν
1235 4941 1478 5008 ποιήσειε
1503 4942 1625 5010 γῆν,
1655 4944 1731 5013 μὴ

1836 4951 1902 5005 ad
1931 4951 2232 5021 prepriam,
2284 4953 2362 5008 uti
2391 4952 2852 5017 dixi,‘rationem
2900 4954 3205 5008 secundum
3242 4967 3406 5021 quam

154 5024 544 5097 διαιρουμένην
576 5025 725 5096 αὐτῷ
751 5029 891 5081 κατά
915 5028 1013 5099 τὴν
1058 5030 1167 5082 τῶν
1199 5031 1382 5102 μερῶν
1426 5034 1595 5103 αὐτῆς
1617 5034 1723 5101 διατ

1832 5049 1920 5095 est
1944 5041 2309 5111 cognitionem
2344 5061 2359 5109 ;
2396 5037 2594 5098 deinde
2620 5044 2935 5113 paradisum
2963 5060 3088 5099 cum
3115 5053 3275 5098 terrae
3312 5044 3409 5096 ba-

158 5112 356 5182 φορὰν,
415 5113 553 5167 ἀλλά
610 5114 812 5185 μᾶλλον
874 5120 1270 5193 συναγομένην,
1321 5122 1397 5186 ὡς
1463 5125 1733 5196 μηδεμίαν

1838 5114 2080 5187 bitabilis
2102 5134 2237 5187 orbe
2283 5150 2382 5204 per
2415 5144 2619 5190 castam
2671 5136 3147 5199 conversationem
3188 5136 3407 5189 unitum

114 5216 115 5219 ‘
157 5204 295 5297 πρὸς
346 5205 515 5275 μηδὲν
562 5206 671 5259 τῶν
718 5207 887 5277 αὐτῆς
920 5210 1221 5283 ὑπαγωγὴν
1246 5213 1471 5269 παθόντι
1508 5217 1692 5287 μερῶν
1715 5234 1730 5247 ·

1839 5240 2001 5278 unam
2035 5233 2240 5281 terram
2269 5226 2489 5291 efﬁciat,
2520 5243 2643 5297 qua:
2682 5227 2986 5283 secundum
3013 5228 3253 5297 partium
3284 5228 3404 5294 eius

154 5289 278 5345 εἶτα
298 5295 527 5365 οὐρανὸν
559 5298 653 5350 καὶ
684 5298 788 5369 γῆν
831 5298 1041 5364 ὲνώσας
1060 5300 1148 5355 διὰ
1174 5303 1274 5370 τὴν
1308 5305 1442 5376 πρὸς
1461 5307 1732 5374 ἀγγέλους

1835 5312 2211 5370 diversitatem
2237 5315 2342 5369 sibi
2373 5289 2482 5369 non
2518 5289 2592 5371 sit
2616 5317 2895 5380 distincta,
3054 5318 3236 5386 potius
3268 5332 3401 5369 con-

153 5386 256 5451 τῆς
309 5384 454 5455 ζωῆς
500 5387 664 5439 παντὶ
714 5388 902 5461 τρόπῳ
948 5392 1067 5444 κατ’
1111 5391 1333 5463 ἀρετὴν,
1384 5395 1460 5458 ὡς
1508 5397 1729 5465 ἐφικτὸν

1836 5412 2077 5482 gregata,
2121 5412 2181 5457 ut
2209 5404 2299 5474 qui
2351 5405 2419 5459 ad
2472 5407 2678 5462 nullam
2726 5408 2846 5477 ejus
2892 5384 3129 5477 partium
3168 5407 3403 5487 patiatur

155 5476 485 5546 ἀνθρώποις,
540 5480 845 5551 ταύτότητα
910 5484 1039 5553 μίαν
1096 5485 1371 5556 ποιήσειεν
1423 5486 1728 5558 ἀδιαίρετον

1836 5473 2074 5563 aliquam
2104 5494 2527 5552 subductionem
2557 5515 2571 5550 :
2624 5498 2826 5553 deinde
2864 5499 3065 5554 coelum
3104 5507 3162 5553 et
3196 5484 3397 5555 terram

1406 5643 1637 5699 VARIAS
1680 5646 2089 5703 LECTIONIZS.

250 5722 291 5751 ⁸⁵
329 5721 383 5774 In
420 5724 729 5794 apugrapbo
756 5742 878 5781 meo
906 5728 1088 5783 inveni
1118 5731 1420 5802 ανθρώπου.
