4192 6434
172 362 228 398 ες
240 363 305 427 ’,9

172 408 194 427 L

172 408 194 428 ι.

1394 365 1910 429 AMBIGUORUM
1950 369 2198 433 LIBER-

3273 375 3407 440 1310

170 496 328 547 μενος
418 477 731 548 διαιρέσεως
818 475 1028 543 γίνεται
1106 478 1311 543 τέλειος
1392 480 1679 553 ἄνθρωπος
1711 519 1725 544 ,

1842 482 2124 553 principio,
2154 484 2432 555 perfectus
2458 485 2624 544 homo
2656 486 2735 543 fit.
2760 503 2825 541 ex
2863 486 3024 541 nobis
3054 497 3277 556 propter
3305 504 3408 542 nos

169 573 228 640 ἐξ
256 571 413 643 ήμῶν
440 571 510 625 δι’
533 572 683 641 ἡμᾶς
712 570 837 624 καθ’
873 573 1043 642 ήμᾶς,
1090 572 1269 626 πάντα
1296 571 1367 625 τά
1394 571 1555 642 ήμῶν
1577 572 1730 626 ἀνελ-

167 663 341 726 λιπῶς
367 662 529 734 ἔχων,
560 662 836 734 ἁμαρτίας
879 662 1071 732 χωρὶς,
1110 660 1210 731 τῆς
1237 662 1378 716 κατὰ
1412 659 1575 730 φύσιν
1610 662 1734 716 άκο-

166 752 385 817 λουθίας
429 751 678 823 γαμικῆς
725 751 954 815 ούδὸλως
1008 752 1088 814 εἰς
1129 750 1288 805 τοῦτο
1343 751 1730 822 προώεηθείςο

164 845 303 917 ὁμοῦ
336 862 397 898 τε
429 845 524 898 καὶ
561 842 702 897 κατὰ
741 841 804 896 τὸ
833 842 967 896 αὐτὸ
1000 843 1234 907 δεικνὺς,
1255 841 1332 907 ὡς
1364 836 1543 914 οἶμαι,
1572 842 1735 914 τυχὸν

164 938 244 1000 ώς
280 931 348 1007 ἦν
378 935 473 989 καὶ
500 934 660 997 ἄλλος
685 934 887 1006 τρόπος
912 933 1013 1003 τῆς
1042 935 1120 996 εἰς
1154 934 1360 1005 πλῆθος
1384 934 1493 990 τῶν
1517 934 1734 1006 άνθρώ-

166 1045 289 1081 πων
315 1026 597 1098 αὐξήσεως
633 1023 1086 1094 προεγνωσμένος
1125 1021 1264 1094 Θεῷ,
1308 1024 1358 1077 εἰ
1386 1022 1487 1096 τήν
1514 1024 1736 1095 ἐντολήν

164 1121 199 1173 ὁ
240 1116 456 1187 πρῶτος
498 1114 764 1184 ἐφύλαξεν
810 1112 1095 1183 ἄνθρωπος
1128 1112 1227 1166 καὶ
1253 1112 1392 1182 πρὸς
1435 1113 1737 1183 κτηνωδίαν

163 1213 362 1268 ἑαυτὸν
386 1209 465 1282 τῷ
497 1206 642 1262 κατὰ
675 1204 1030 1276 παράχρησιν
1050 1203 1240 1276 τρόπῳ
1259 1204 1371 1259 τῶν
1398 1203 1616 1259 οἰκείων
1642 1204 1738 1258 δυ-

162 1298 386 1375 νάμιων
424 1300 500 1373 μὴ
541 1297 827 1362 κατέϐαλε,
878 1296 977 1350 καὶ
1021 1295 1124 1366 τὴν
1159 1295 1301 1351 κατὰ
1336 1296 1398 1349 τὸ
1436 1295 1606 1367 ᾱρρεν
1641 1295 1739 1350 καὶ

164 1396 310 1466 θῆλυ
346 1391 613 1463 διαφοράν
643 1407 704 1443 τε
730 1388 828 1443 καί
857 1388 1125 1461 διαίρεσιν
1146 1390 1249 1458 τῆς
1274 1386 1490 1457 φύσεως
1515 1387 1740 1454 ἐξωθού-

165 1501 356 1555 μενος,
380 1478 449 1554 ἦς
479 1480 615 1551 πρὸς
646 1478 709 1533 τὸ
734 1478 1013 1547 γενέσθαι,
1048 1476 1303 1548 καθάπερ
1330 1476 1489 1548 ἔφην,
1521 1475 1738 1547 ἄνθρω-

160 1593 296 1640 πος,
326 1574 556 1636 ούδόλως
596 1568 938 1643 προσεδεήθη
966 1607 981 1630 .
1011 1562 1087 1623 ὧν
1116 1567 1175 1633 δὲ
1207 1568 1336 1622 ἄνευ
1389 1563 1532 1621 εἰναι
1574 1568 1739 1638 τυχόν

161 1669 287 1720 ἔστι
326 1662 578 1719 δυνατόν.
608 1660 794 1715 Ταῦτα
823 1661 904 1722 εἰς
924 1660 987 1713 τὺ
1007 1658 1256 1729 διηνεκὲς
1284 1660 1620 1730 παραμεῖναι
1638 1659 1739 1713 οὐκ

159 1758 403 1824 ἀνάγκη.
433 1755 531 1807 Ἐν
549 1752 661 1821 τὰρ
682 1749 916 1820 Χριστῷ
941 1750 1159 1816 Ἰησοῦ,
1182 1749 1391 1818 φησὶνὸ
1416 1748 1558 1813 θεῖος
1582 1747 1738 1801 Ἀπόο

1834 569 1902 623 ad
1935 586 2056 638 nos,
2086 572 2182 640 qui
2215 575 2399 629 omnia
2421 583 2611 629 nostra
2646 576 2805 644 plene
2833 575 3054 637 habeat,
3083 575 3291 644 peccati
3317 591 3411 629 ex-

1833 675 1981 729 pers,
2013 662 2281 717 naturalis
2312 665 2555 736 coniugii
2584 667 3020 722 convenientiam
3061 682 3409 738 nequaquam

1834 751 1891 805 in
1942 752 2047 807 hoc
2100 756 2465 809 necessariam
2519 755 2733 810 habens
2783 774 2797 810 :
2850 759 3056 824 pariter
3104 767 3163 813 et
3212 756 3409 812 eodem

1836 844 1997 898 modo
2029 843 2329 899 ostendens
2373 844 2624 911 fortasse,
2677 846 2758 901 uti
2792 846 2926 901 mihi
2956 848 3196 911 videtur,
3242 848 3409 902 alium

1836 949 2057 1004 quoque
2084 934 2198 988 Deo
2226 933 2401 989 fuisse
2444 936 2667 991 modum
2700 937 2756 991 in
2785 937 3193 991 multitudinem
3229 938 3411 993 lnere~

1838 1027 2010 1079 menti
2035 1026 2321 1080 hominum
2345 1035 2507 1082 antea
2534 1030 2917 1093 constitutum,
2941 1029 2986 1084 si
3012 1029 3223 1099 primus
3246 1028 3411 1083 homo

1838 1126 2169 1187 praeceptum
2201 1118 2593 1175 custodivisset
2626 1134 2806 1188 neque
2838 1121 2905 1175 ad
2948 1120 3243 1175 brutorum
3295 1119 3415 1174 ani-

1839 1207 2063 1261 malium
2110 1208 2467 1263 stoliditatem
2517 1208 2821 1264 secundum
2859 1209 3143 1266 abusionis
3178 1210 3411 1272 faculta-

1839 1303 1957 1350 tum
2000 1311 2226 1351 suarum
2260 1297 2485 1353 modum
2515 1299 2916 1364 descendisset,
2950 1308 3006 1355 ct
3040 1300 3409 1357 diﬂ‘erentiam

1839 1388 2127 1443 masculini
2170 1404 2237 1443 ac
2282 1389 2529 1444 feminini
2562 1401 2620 1447 et
2651 1392 3008 1447 distinctione
3047 1401 3258 1447 natura:
3288 1407 3413 1447 sus-

1840 1479 2079 1544 tulisset,
2126 1494 2311 1549 quam,
2367 1479 2447 1534 uti
2497 1479 2631 1543 dixi,
2680 1481 2847 1535 homo
2891 1483 2958 1536 ad
2998 1481 3410 1551 generationem

1839 1584 2186 1639 nequaquam
2215 1571 2580 1627 necessariam
2608 1573 2891 1627 habuisset
2912 1574 3223 1644 quibusque
3252 1589 3412 1644 egere

1840 1660 2072 1715 fortasse
2102 1676 2412 1731 possumus.
2462 1663 2537 1717 Ea
2571 1662 2625 1716 in
2672 1673 2998 1733 perpetuum
3048 1664 3256 1719 servari
3302 1680 3414 1718 non

1841 1765 2066 1807 necesse
2116 1762 2222 1808 est.
2269 1752 2408 1806 Nam
2449 1755 2503 1806 in
2545 1753 2751 1807 Christo
2795 1754 2943 1819 Iesu,
2981 1754 3160 1823 inquit
3192 1753 3415 1808 divinus

162 1848 379 1912 στολος,
415 1844 553 1899 οὔτε
580 1841 761 1925 appar
779 1840 921 1893 οὔτε
952 1839 1133 1907 θῆλυ.
1163 1834 1296 1892 Εἰτα
1323 1838 1423 1910 τὴν
1449 1837 1571 1892 καθ’
1590 1838 1740 1908 ἡμᾶς

1842 1845 2159 1915 Apostolus,
2201 1862 2368 1916 neque
2417 1846 2765 1899 masculinum
2810 1862 2981 1916 neque
3026 1846 3335 1915 femininum
3361 1844 3412 1901 ἀ.

163 1941 408 2010 ἁγιάσας
454 1932 782 2004 οἰκουμένην
827 1931 915 1985 διὰ
944 1930 1043 2001 τῆς
1089 1929 1297 1994 οἰκείας
1345 1928 1741 2000 ἀνθρωποπρε-

162 2030 306 2093 ποῦς
346 2024 692 2094 ἀναστροφῆς
728 2022 868 2094 μετὰ
900 2021 1131 2075 θάνατον
1168 2022 1251 2084 εἰς
1275 2020 1367 2075 τὸν
1412 2017 1741 2091 παράδεισον

161 2116 626 2191 άπαραποδίστως
678 2113 866 2184 χωρεῖ,
897 2111 1093 2178 ,καθὼς
1142 2110 1218 2182 τῷ
1270 2110 1444 2182 λῃστῇ
1484 2108 1742 2179 ’ἀψευδῶς

162 2206 559 2283 ἐπηγγείλατο,
592 2206 883 2276 Σήμερον,
925 2205 1126 2275 φήσας,
1179 2202 1295 2271 ἔσῃ
1332 2201 1644 2275 μετ’έμοῦ
1672 2201 1742 2254 ἐν

161 2303 255 2371 τῷ
281 2300 647 2371 παραδείσῳ.
697 2295 979 2363 Ἐντεῦθεν
1003 2294 1079 2359 ώς
1111 2295 1231 2348 κατ’
1260 2294 1426 2348 αὑτὸν
1452 2293 1638 2347 λοιπὸν
1668 2294 1742 2365 μή

167 2397 406 2467 ἐχούσης
450 2391 587 2463 πρὸς
631 2390 725 2444 τὸν
774 2388 1104 2459 παράδεισον
1153 2384 1417 2457 διαφορὰν
1466 2384 1569 2454 τῆς
1619 2383 1743 2438 καθ’

164 2488 323 2557 ἡμᾶς
350 2482 680 2553 οἰκουμένης
706 2480 870 2534 πάλιν
897 2478 985 2531 ἐπ’
1011 2476 1184 2546 αὐτῆς
1212 2475 1389 2546 ἐφάνη
1418 2476 1535 2539 τοῖς
1565 2475 1743 2546 μαθη-
1777 2508 1783 2517 .

161 2581 295 2641 ταῖς
319 2567 776 2643 συνδιαιτώμενος
799 2570 941 2641 μετὰ
965 2567 1065 2639 τὴν
1091 2568 1157 2620 ὲκ
1183 2567 1395 2637 νεκρῶν
1424 2567 1741 2635 ἀνάστασιν,

163 2668 389 2731 δεικνὺς
428 2666 504 2729 ώς
555 2666 590 2733 ἠ
630 2662 705 2732 γῆ
754 2663 853 2733 μία
901 2655 1035 2714 οῦσα
1073 2660 1332 2729 τυγχάνει
1371 2658 1508 2731 πρὸς
1544 2659 1745 2728 ἑαυτὴν

163 2761 501 2832 ἀδιαίρετος,
529 2757 622 2811 τὸν
646 2755 767 2809 καθ’
795 2755 855 2807 ὃν
874 2755 988 2806 ἐστι
1016 2752 1175 2821 λόγον
1200 2751 1302 2820 τῆς
1331 2751 1472 2804 κατὰ
1489 2750 1673 2820 (223
1691 2749 1743 2819 ὁ)

164 2851 272 2921 τὴν
328 2847 593 2919 διαφοράν
643 2843 961 2915 διαιρέσεως
1035 2838 1322 2911 ἐλεύθερον
1378 2838 1740 2905 διασώζουσα.

168 2938 314 2997 Εἶτα
360 2941 449 2994 διά
502 2939 603 3008 τῆς
642 2938 723 2999 εἰς
754 2933 986 3004 οὐρανὸν
1025 2932 1349 3003 ἀναλήψεως
1374 2930 1469 2985 τὸν
1519 2928 1747 3002 οὐρανὸν

166 3030 354 3099 ἥνωσε
376 3026 621 3097 δηλονότι
646 3023 741 3077 καὶ
767 3023 868 3093 τὴν
896 3022 1020 3093 γῆν,
1056 3021 1150 3075 καὶ
1186 3020 1326 3091 μετὰ
1354 3019 1542 3073 τούτου
1569 3018 1616 3052 δ’
1650 3018 1745 3072 τοῦ
1794 3020 1801 3028 ’

1840 1936 2051 1992 Deinde
2078 1942 2271 1991 nostro
2302 1946 2569 1990 terrarum
2603 1936 2737 1991 orbe
2761 1937 3102 1991 sanctilicato
3129 1952 3228 2006 per
3253 1952 3413 1990 suum

1838 2021 1975 2097 ροει
1993 2038 2250 2092 mortem,
2283 2036 2344 2082 ut
2373 2028 2479 2082 fert
2510 2028 2748 2082 humana
2795 2028 3062 2091 conditio,
3091 2028 3325 2083 reditum
3356 2027 3410 2081 in

1839 2117 2156 2188 paradisum
2199 2118 2450 2187 expedite
2498 2119 2842 2187 ingreditur,
2888 2118 3167 2188 quomodo
3210 2118 3412 2173 latroni

1840 2210 2111 2264 veraciter
2138 2209 2502 2275 annuntiavit,
2532 2210 2719 2273 Hodie,
2751 2210 2962 2275 dicens,
2998 2227 3197 2264 mecum
3227 2212 3331 2264 eris
3360 2212 3415 2264 in

1794 2300 2094 2369 ‘paradiso
2124 2300 2179 2353 °l
2216 2299 2345 2354 lude
2390 2315 2513 2354 cum
2550 2300 2618 2354 de
2668 2300 2881 2370 reliquo
2923 2307 3112 2356 noster
3147 2310 3413 2355 terrarum

1844 2389 1997 2444 orbis
2039 2404 2069 2443 a
2110 2389 2366 2460 paradiso
2390 2390 2527 2444 nihil
2561 2390 2658 2445 illi.
2686 2390 2937 2455 distaret,
2982 2405 3175 2445 rursus
3217 2390 3273 2445 in
3315 2390 3419 2445 hac

1845 2490 1990 2536 terra
2024 2480 2280 2550 apparuit
2310 2490 2367 2535 et
2393 2497 2518 2535 cum
2537 2482 2834 2568 discipulis
2865 2491 3223 2538 conversatus
3250 2489 3337 2537 est
3370 2481 3417 2546 ί,

1845 2579 2132 2639 postquam
2179 2569 2248 2624 de
2291 2570 2525 2624 mortuis
2570 2572 2936 2627 resuscitatus
2975 2581 3079 2635 est,
3109 2580 3166 2627 et
3212 2579 3414 2625 terram

1846 2676 2011 2716 unam
2041 2676 2163 2717 esse
2192 2676 2425 2732 eamque
2466 2677 2497 2717 a
2532 2678 2590 2718 se
2619 2663 2735 2732 ipsa
2780 2678 2888 2717 non
2934 2664 3227 2718 discretam
3255 2678 3414 2716 mon--

1846 2751 2059 2817 stravit,
2110 2765 2233 2820 quae
2282 2766 2404 2805 eam
2450 2752 2753 2806 secundum
2790 2767 2955 2821 quam
3009 2760 3095 2806 est
3148 2752 3417 2805 rationem

1846 2843 2197 2898 diﬂ’erentiali
2226 2843 2568 2898 distinctioni
2598 2844 2827 2897 liberam
2858 2850 3061 2898 servet.
3108 2841 3315 2897 Deinde
3362 2843 3417 2895 in

1847 2934 2049 2990 corium
2102 2943 2356 3003 receptus
2410 2933 2549 2989 adeo
2598 2935 2819 2997 caelum,
2868 2934 2949 2987 uti
2996 2942 3245 3003 apparet,
3294 2948 3419 2989 cum

1850 3034 1997 3081 terra
2024 3025 2224 3089 univit,
2258 3024 2494 3095 cumque
2539 3033 2779 3084 terreno.
2810 3025 2968 3095 cujus
3003 3032 3061 3080 et
3099 3025 3337 3079 essentia
3364 3031 3422 3080 et

168 3123 366 3192 γητνου
394 3120 643 3189 σώματος
666 3114 762 3169 τοῦ
787 3116 920 3186 ἡμῖν
946 3110 1220 3184 ὁμοφυοῦς
1245 3129 1305 3164 τε
1333 3111 1425 3164 καὶ
1455 3110 1744 3180 ὁμοουσίου

1853 3128 2045 3173 natura
2074 3117 2267 3173 eadem
2299 3125 2385 3172 est
2426 3131 2548 3186 quae
2597 3127 2807 3180 nostra,
2852 3131 3079 3185 corpore
3126 3115 3181 3170 in
3218 3116 3419 3171 omium

165 3214 430 3284 χωρήσας
476 3213 555 3274 εἰς
614 3207 841 3279 οὐρανὸν
896 3206 1024 3277 μίαν
1072 3205 1236 3259 οὖσαν
1280 3202 1360 3273 τῷ
1407 3202 1527 3255 κατ’
1583 3201 1750 3272 αὐτὴν

168 3304 594 3376 καθολικωτέρῳ
622 3302 767 3371 λόγῳ
803 3300 982 3353 πᾶσαν
1014 3298 1112 3366 τήν
1141 3294 1397 3365 αἰσθητὸν
1435 3293 1599 3363 φύσιν
1642 3294 1750 3346 άπ-

166 3395 369 3461 έδειξε,
408 3396 506 3465 τῆς
553 3392 859 3462 τεμνούσης
903 3388 1072 3470 αιύτῆν
1120 3390 1178 3439 ἐν
1205 3384 1384 3456 ἑαυτῷ
1431 3386 1749 3471 διαιρέσεως

164 3487 513 3559 άμαυρώσας
545 3485 643 3557 τὴν
675 3484 932 3553 ἰδιότητα.
975 3482 1207 3533 Ἔπειτα
1246 3480 1381 3550 πρὸς
1412 3477 1649 3541 τούτοις,
1679 3476 1748 3530 τά

166 3581 413 3647 αἰσθητά
443 3576 626 3632 καὶτὰ
655 3576 825 3646 νοητὰ
857 3572 1092 3643 καθεξῆς
1117 3571 1206 3625 διά
1240 3570 1458 3624 πάντων
1487 3569 1595 3621 τῶν
1628 3571 1748 3621 κατ’

164 3673 406 3745 οὐρανὸν
449 3670 608 3723 θείων
652 3668 748 3723 καί
776 3666 985 3737 νοητῶν
1025 3664 1327 3733 ταγμάτων
1353 3661 1579 3715 διελθὼν
1608 3660 1749 3731 μετὰ

164 3769 276 3834 τῆς
320 3764 495 3834 ψυχῆς
529 3762 625 3816 καὶ
663 3761 756 3814 τοῦ
812 3758 1086 3827 σώματος,
1121 3754 1369 3808 τουτέστι
1402 3752 1613 3814 τελείας
1650 3752 1749 3822 τῆς

165 3857 454 3927 ἡμετέρας
485 3852 720 3922 φύσεως,
751 3850 952 3921 ῆνωσε,
982 3848 1082 3923 τὴν
1128 3846 1267 3917 πρὸς
1308 3845 1370 3898 τὸ
1401 3844 1459 3898 ἓν
1486 3844 1584 3914 τῆς
1622 3843 1749 3912 ὅλης

165 3948 410 4010 κτίσεως
438 3945 582 4000 κατὰ
607 3943 698 3996 τὸν
725 3941 924 4010 ἑαυτῆς
954 3937 1325 4013 άρχικώτατόν
1345 3954 1403 3989 τε
1423 3936 1514 3989 καὶ
1532 3934 1751 3988 καθολι-

161 4037 421 4091 κώτατον
463 4033 621 4103 λόγον
688 4032 968 4086 σύννευσιν
1010 4028 1190 4093 δείξας
1228 4028 1287 4080 έν
1320 4025 1501 4096 ἑαυτῷ
1546 4041 1750 4079 παντε-

164 4130 288 4191 λῶς
315 4128 617 4198 άδιάἱρετόν
652 4142 710 4178 τε
752 4123 849 4177 καὶ
892 4121 1276 4176 ἀστασίαστον.
1319 4119 1429 4173 Καὶ
1457 4117 1609 4179 τέλος
1656 4116 1749 4168 ἐπὶ

164 4220 315 4271 πᾶσι
347 4217 559 4280 τούτοις
603 4213 745 4268 κατὰ
772 4212 872 4283 τήν
916 4212 1162 4265 επίνοιαν
1203 4210 1302 4279 τῆς
1333 4207 1749 4280 ἀνθρωπότητος

163 4304 319 4376 πρὸς
350 4304 511 4356 αὐτὸν
536 4302 747 4371 γίνεται
771 4302 861 4355 τὸν
884 4300 1038 4363 Θεὸν,
1053 4296 1406 4368 ἐμφανισθεὶς
1428 4294 1567 4365 ὑπὲρ
1589 4292 1749 4364 ήμῶν

158 4394 440 4464 δηλονότι,
475 4392 658 4455 καθὼς
709 4392 1043 4463 γέγραπται,
1073 4388 1151 4459 τῷ
1182 4386 1459 4473 προσώπῳ
1486 4384 1581 4440 τοῦ
1612 4383 1748 4438 Θεοῦ

1851 3209 2131 3277 ingressus
2153 3206 2471 3263 sensibilem
2502 3222 2722 3261 omnem
2752 3215 3005 3260 naturam
3040 3222 3165 3261 cum
3189 3220 3419 3276 genera-

1849 3300 1971 3354 liori
2004 3316 2102 3354 sua
2134 3299 2345 3353 ratione
2372 3313 2538 3353 unam
2566 3307 2622 3352 et
2646 3297 2898 3352 eamdem
2924 3312 3047 3351 esse
3075 3296 3417 3352 demonstra-

1846 3390 1952 3453 vit,
1982 3390 2353 3444 distinctionis
2394 3405 2517 3459 quae
2551 3389 2607 3443 in
2654 3388 2951 3457 semetipso
2992 3402 3113 3442 eam
3143 3386 3424 3442 dividebat

1848 3482 2237 3551 proprietatem
2264 3480 2599 3536 obtundens.
2626 3481 2835 3535 Deinde
2872 3480 2941 3534 ad
2966 3480 3104 3543 haec,
3139 3479 3422 3535 sensibilia

1848 3581 1903 3627 et
1949 3570 2333 3641 intelligibilia,
2357 3586 2457 3639 per
2501 3585 2694 3625 omnes
2746 3569 3009 3639 deinceps
3047 3568 3171 3624 coeli
3207 3568 3426 3623 divinos

1848 3675 2013 3733 atque
2041 3662 2415 3732 intelligibiles
2438 3661 2665 3715 ordines
2694 3656 3065 3729 transgressus
3092 3674 3215 3712 cum
3240 3657 3423 3711 anima

1847 3763 1905 3809 et
1934 3769 2183 3823 corpore.
2226 3752 2333 3806 hoc
2375 3760 2461 3806 est
2501 3751 2743 3821 perfecta
2778 3760 2965 3805 nostra
3000 3758 3195 3805 natura
3224 3747 3420 3811 univit,

1848 3853 1903 3899 et
1948 3846 2218 3898 universa:
2263 3843 2595 3898 conditionis
2640 3841 2942 3897 secundum
2986 3838 3420 3910 potentissimam

1850 3950 2003 3989 suam
2025 3942 2079 3988 et
2101 3932 2569 4003 generalissimam
2602 3931 2873 3985 rationem
2904 3945 3028 3984 cum
3055 3928 3265 3983 unitate
3292 3942 3426 3981 con-

1850 4025 2202 4093 spirationem
2242 4024 2295 4077 in
2341 4024 2638 4092 semetipso
2666 4024 2827 4092 plane
2856 4021 3227 4076 indistinctam
3256 4026 3422 4087 atque

1850 4116 2099 4170 stabilem
2145 4130 2265 4169 esse
2299 4114 2643 4168 monstravit.
2677 4113 2854 4181 Atque
2890 4122 3164 4181 postremo
3192 4109 3261 4163 ad
3305 4109 3423 4163 haec

1850 4202 2063 4265 omnia,
2120 4202 2422 4256 secundum
2476 4201 2833 4254 humanitatis
2881 4196 3298 4269 cogitationem,
3353 4194 3420 4250 ad

1850 4294 2029 4364 ipsum
2055 4294 2224 4348 Deum
2257 4292 2491 4357 accedit,
2520 4292 2617 4347 Dei
2645 4300 2703 4347 et
2739 4291 2920 4346 Patris
2943 4289 3119 4345 oculis
3141 4288 3313 4343 nostri
3339 4286 3425 4340 ni-

1852 4386 2074 4449 mirum,
2108 4393 2170 4439 ut
2214 4385 2478 4453 scriptum
2524 4390 2630 4448 est,
2679 4382 2855 4453 gratia
2900 4386 3322 4451 repmsentatus
3361 4387 3424 4432 ut

163 4486 279 4539 καὶ
311 4485 523 4553 Πατρὸς
566 4483 641 4547 ώς
673 4483 981 4553 ἄνθρωπος,
1009 4482 1037 4533 ὁ
1062 4479 1184 4532 καθ’
1214 4466 1527 4548 οἰονδήποτε
1547 4476 1747 4547 τρόπον

1854 4476 2038 4539 homo,
2059 4474 2155 4544 qui
2186 4473 2340 4528 nullo
2366 4488 2605 4541 unquam
2634 4471 2819 4535 modo,
2842 4478 2910 4553 ut
2930 4470 3140 4529 Sermo,
3163 4466 3231 4522 de
3259 4467 3422 4522 Patre

162 4576 450 4648 μηδέποτε
478 4574 573 4629 τοῦ
598 4573 810 4644 Πατρδς
848 4572 925 4636 ώς
950 4570 1121 4639 Λόγος
1145 4570 1479 4641 χωρισθῆναι
1511 4567 1749 4637 δυνάμε-

159 4686 294 4732 νος,
330 4667 624 4739 πληρώσας
654 4666 728 4729 ώς
755 4665 1042 4735 ἄνθρωπος
1076 4663 1223 4734 ἔργῳ
1244 4661 1341 4715 καὶ
1364 4659 1592 4731 ἀληθείᾳ
1618 4660 1747 4714 καθ’

157 4758 431 4830 ὑπακοὴν
463 4757 821 4830 ἀπαράϐατον
850 4757 952 4809 ὅσα
989 4754 1297 4828 προώρισεν
1330 4750 1492 4814 αὐτὸς
1512 4751 1589 4815 ώς
1615 4751 1750 4815 Θεὸς

152 4851 456 4918 γενέσθαι,
483 4850 579 4925 καὶ
602 4847 896 4911 τελειώσας
933 4847 1114 4899 πᾶσαν
1145 4843 1341 4915 βουλὴν
1360 4841 1452 4896 τοῦ
1483 4841 1618 4894 Θεοῦ
1655 4842 1749 4895 καὶ

154 4941 393 5014 Πατρδς
448 4941 589 5011 ὑπὲρ
627 4938 785 5011 ήμῶν
834 4937 942 4991 τῶν
997 4936 1415 5007 άχρειωσάντων
1452 4937 1518 5005 τῇ
1570 4952 1751 5005 παρα-ο

150 5038 377 5107 χρήσει
414 5032 513 5104 τὴν
544 5030 603 5096 ἐξ
646 5028 823 5101 ἀρχῆς
862 5030 992 5099 ἡμῖν
1024 5026 1273 5097 φυσικῶς
1306 5026 1441 5098 πρὸς
1477 5026 1635 5079 τοῦτο
1662 5025 1749 5079 δο-

151 5124 367 5180 θεῖσαν
388 5123 637 5192 δύναμιν,
671 5123 764 5175 καὶ
810 5119 1027 5190 πρῶτον
1056 5118 1262 5182 ἐνώσας
1294 5119 1426 5189 ήμῖν
1454 5118 1681 5180 ἑαυτοὺς
1700 5118 1748 5150 ⁸⁸

148 5220 235 5270 ὲν
267 5212 449 5283 ἑαυτῷ
497 5212 585 5266 διὰ
630 5214 729 5283 τῆς
764 5210 1118 5280 ιάφαιρέσεως
1167 5208 1267 5279 τῆς
1305 5207 1447 5262 κατὰ
1486 5208 1547 5261 τὸ
1582 5209 1752 5280 ἄρρεν

148 5307 275 5363 καὶ
311 5305 372 5358 τὺ
408 5305 540 5376 θῆλυ
578 5304 861 5373 διαφορᾶς,
892 5301 987 5355 καὶ
1017 5300 1138 5354 άντί
1164 5298 1379 5371 ἀνδρῶν
1424 5298 1518 5352 καὶ
1556 5315 1750 5367 γυναι-

142 5396 312 5457 κῶν,
344 5388 425 5457 οἷς
456 5394 485 5445 ὁ
513 5393 612 5462 τῆς
639 5391 957 5461 διαιρέσεως
985 5389 1330 5460 ὲνθεωρεῖται
1360 5388 1594 5459 μάλιστα
1621 5386 1749 5457 τρό-

1850 4568 2062 4624 secerni
2098 4574 2305 4638 potest,
2333 4575 2626 4635 postquam
2657 4572 2719 4618 ut
2764 4547 2928 4617 homo
2959 4575 3127 4630 Opere
3175 4567 3232 4614 et
3268 4558 3422 4613 veri-

1852 4671 1982 4724 tate,
2009 4674 2289 4729 nunquam
2324 4659 2454 4713 lazso
2499 4656 2770 4725 obsequio
2814 4644 3153 4725 quaecunque
3196 4650 3317 4731 fieri
3359 4658 3422 4728 ut

1851 4754 1995 4807 Deus
2038 4748 2526 4821 praedestinaverat
2570 4746 2837 4817 implevit,
2872 4757 3199 4811 omnemque
3230 4740 3323 4795 Dei
3354 4734 3423 4794 ac

1850 4843 2027 4899 Patris
2053 4841 2391 4895 voluntatem
2434 4840 2607 4895 nostri
2652 4837 2825 4909 gratia
2858 4844 3150 4891 exsecutus
3189 4839 3292 4894 est,
3326 4832 3420 4901 qui

1856 4941 2180 5004 potestatem
2208 4930 2538 4985 naturaliter
2564 4927 2725 4983 nobis
2754 4942 2785 4981 a
2815 4923 3088 4996 principio
3118 4923 3169 4975 in
3198 4922 3302 4975 hoc
3329 4920 3425 4973 da-

1854 5035 1964 5080 tam
1993 5022 2256 5079 abusione
2292 5020 2505 5075 irritam
2530 5017 2966 5077 reddideramus,
2998 5021 3160 5081 atque
3184 5011 3420 5080 primum

1855 5131 1956 5170 nos
1989 5128 2112 5168 cum
2154 5110 2313 5165 nobis
2354 5110 2410 5163 in
2450 5108 2745 5176 semetipso
2775 5104 2974 5167 univit,
3006 5100 3313 5155 differentia
3340 5098 3423 5153 fe-

1853 5203 2051 5260 minini
2079 5210 2136 5256 et
2167 5198 2453 5255 masculini
2497 5196 2729 5260 sublata,
2756 5206 2969 5264 proque
2998 5189 3136 5244 viris
3175 5196 3231 5241 et
3268 5186 3427 5240 femi-

1856 5296 1963 5361 nis,
1997 5295 2052 5349 in
2082 5293 2285 5365 quibus
2308 5291 2544 5346 maxime
2577 5286 2901 5343 differentia:
2931 5281 3178 5339 cernitur
3203 5277 3421 5339 modus,

1856 5388 2110 5445 homines
2130 5381 2477 5440 solummodo
2505 5379 2729 5453 proprie
2750 5394 2814 5435 ac
2833 5391 2961 5432 vere
2989 5367 3422 5445 reprresentavit,

2360 5497 2375 5531 3

245 5531 273 5571 ιι
304 5530 478 5587 Galat.
508 5545 585 5595 ιιι,
611 5529 701 5584 28.
754 5539 805 5574 το
831 5528 966 5584 Luc.
990 5543 1178 5593 χχχιιι,
1216 5527 1306 5582 45.
1391 5525 1409 5565 ί
1447 5525 1681 5580 Baruclt.
1716 5542 1796 5591 ιιι,
1830 5526 1921 5580 58.

1447 5634 1682 5723 vanu:
1725 5662 2132 5722 Lecrtouss.

250 5763 298 5796 "
329 5762 716 5835 Apographum
748 5778 926 5819 meum
958 5763 1160 5834 praebet
1193 5761 1328 5833 μετᾶ
1369 5760 1543 5815 τοῦτο.
1619 5761 1664 5791 ⁸ο
1697 5754 2083 5830 Apographum
2122 5753 2287 5810 habet
2312 5751 2542 5814 ἑαυτοῖς.
