4192 6434
764 404 891 468 1311

1921 411 1979 467 S.
2024 408 2307 470 MAXIMI
2348 409 2490 469 (ἒοΝ
2502 411 2856 470 FESSORIS

3872 410 4025 472 131-2

757 513 825 565 ad
867 511 947 565 sui
1000 512 1171 567 instar
1210 512 1278 565 ab
1314 512 1471 565 omni
1519 524 1675 581 parte
1719 513 1980 583 ﬁguratos
2024 516 2338 584 salvamque

2448 530 2563 576 πος,
2597 515 2920 584 ἀνθρώπους
2969 514 3129 584 μόνον
3159 514 3367 586 κυρίως
3393 532 3453 568 τε
3491 514 3584 568 καὶ
3612 514 3827 585 ἀληθῶς
3873 516 4028 568 ἀπο-

755 603 876 671 ejus
914 618 979 656 ac
1023 618 1248 671 prorsus
1295 603 1565 656 sinceram
1618 602 1906 672 imaginem
1938 604 2209 668 ferentes,
2245 605 2334 657 cui

2448 603 2615 667 Βείξας
2658 605 2727 667 δι,
2762 607 2882 657 κατ’
2912 605 3078 657 αὑτὸν
3119 604 3189 657 δι’
3225 606 3348 659 ὅλου
3400 604 3878 675 μεμορφωμένους
3932 606 4032 657 καὶ

757 693 1076 746 nullatenus
1100 693 1207 745 ulla
1235 693 1495 747 interitus
1519 701 1647 747 nota
1677 677 1945 756 adhaeret,
1971 710 2207 763 cumque
2239 710 2338 748 no-

760 785 843 838 bis
868 793 1206 853 propterque
1236 801 1337 839 nos
1361 803 1579 841 omnem
1603 786 1976 841 conditionem
2005 802 2104 855 per
2129 787 2337 842 medias

758 887 945 945 partes
990 886 1051 930 ut
1096 878 1445 946 propriarum
1493 879 1731 947 partium
1780 880 2159 935 extremitates
2189 896 2339 935 com-

760 973 956 1038 plexus
1001 972 1211 1026 circum
1242 988 1361 1028 sese
1408 972 1865 1028 indissolubiliter
1908 974 2053 1027 inter
2091 990 2149 1029 se
2182 973 2339 1028 inne-

762 1069 917 1115 etens
953 1062 1264 1130 paradisum
1289 1072 1342 1117 et
1374 1064 1560 1117 orbem
1593 1074 1883 1129 terrarum,
1914 1067 2114 1120 cmlum
2146 1083 2211 1122 ac
2234 1076 2345 1123 ter-

764 1168 901 1213 ram,
926 1154 1209 1208 sensibilia
1237 1163 1293 1208 et
1315 1154 1705 1225 intelligibilia,
1731 1164 1791 1209 ut
1816 1171 2015 1225 corpus
2036 1166 2092 1211 et
2117 1173 2341 1213 sensum

764 1251 820 1297 et
849 1245 1085 1299 animam
1137 1256 1191 1299 et
1242 1255 1485 1302 mentem
1516 1263 1626 1302 non
1678 1248 1838 1301 aliter
1890 1263 2055 1317 quam
2098 1264 2202 1304 nos
2238 1249 2340 1320 ipsi

762 1330 995 1397 habens,
1044 1334 1248 1403 quibus
1295 1344 1356 1390 ut
1398 1337 1650 1406 partibus
1694 1338 2072 1393 extremitates
2116 1339 2344 1409 singulis

763 1424 1072 1494 quibusque
1101 1441 1229 1481 suas
1271 1430 1603 1497 generaliter
1635 1437 1894 1498 cognatas
1922 1432 2344 1488 accommodans

766 1514 928 1567 modo
970 1529 1137 1584 supra
1185 1516 1424 1572 indicato
1459 1527 1655 1573 cuneta
1704 1520 1817 1573 Deo
1848 1522 2240 1578 convenienter
2286 1526 2341 1579 in

765 1604 1123 1673 semetipsum
1160 1608 1464 1678 recollegit,
1516 1625 1681 1663 unam
1731 1625 1851 1667 esse
1900 1627 2118 1668 omnem
2153 1624 2344 1669 osten-

765 1694 901 1748 dens
929 1696 1325 1762 conditionem,
1350 1700 1812 1770 quemadmodum
1839 1704 2006 1759 alium
2038 1705 2340 1771 hominem,

767 1790 1004 1858 partium
1037 1793 1373 1863 singularum
1411 1806 1602 1850 mutuo
1636 1799 1778 1850 inter
1812 1813 1870 1851 se
1901 1814 2045 1853 nexu
2088 1814 2345 1853 consum—

2437 694 2583 746 σώαν
2621 694 2787 746 αὑτοῦ
2832 696 2923 747 καὶ
2963 694 3245 758 παντελῶς
3288 695 3581 765 ἀκίϐδηλον
3617 695 3717 764 τὴν
3752 693 3951 764 (22‘
3975 694 4033 759 α)

2437 786 2622 838 εἰκόνα
2651 786 2939 855 φέροντας.
2977 782 3047 858 ἦς
3078 786 3203 839 κατ’
3242 785 3434 838 οὐδένα
3470 784 3674 854 τρόπον
3708 785 3865 836 οὐδὲν
3918 784 4034 835 τῶν

2438 881 2643 952 φθορᾶς
2685 881 3082 951 γνωρισμάτων
3109 880 3368 943 ἅπτεται,
3401 879 3496 932 καὶ
3530 879 3630 931 σὺν
3659 878 3789 946 ἡμῖν
3817 878 3923 930 καὶ
3964 875 4034 929 δι’

2438 975 2586 1045 ἡμᾶς
2620 972 2719 1043 τὴν
2753 974 2972 1027 ἃπασαν
3000 972 3179 1026 κτίσιν
3218 973 3307 1025 διὰ
3337 970 3448 1024 τῶν
3476 971 3660 1040 μέσων
3707 970 3784 1031 ὡς
3830 966 4034 1038 μερῶν

2443 1066 2588 1119 ἰδίων
2634 1065 2705 1118 τὰ
2748 1066 2893 1136 ἄκρα
2933 1063 3245 1136 περιλαϐὼν
3278 1063 3371 1117 καὶ
3414 1062 3545 1131 περί
3582 1060 3775 1113 ἑαυτὸν
3807 1058 4034 1119 ἀλύτως

2439 1157 2689 1227 ἀλλήλοις
2714 1155 3042 1225 διασφίγξας
3072 1155 3403 1226 παράδεισον
3430 1155 3525 1206 καὶ
3548 1152 3903 1222 οἰκουμένην,
3934 1151 4037 1202 οὑ-

2443 1250 2606 1321 ρανὸν
2646 1250 2739 1302 καὶ
2785 1250 2913 1317 γῆν,
2962 1247 3197 1319 αἰσθητά
3247 1246 3343 1300 καὶ
3384 1246 3573 1315 νοητά.
3628 1244 3705 1306 ὡς
3736 1242 3903 1311 σῶμα
3936 1244 4035 1293 καὶ

2446 1341 2701 1410 αἴσθησιν
2728 1342 2822 1393 καὶ
2843 1342 3026 1410 ψυχὴν
3061 1340 3183 1395 καθ’
3208 1340 3356 1408 ἡμᾶς
3386 1338 3527 1407 ἔχων
3549 1336 3644 1389 καὶ
3670 1332 3817 1395 νοῦν,
3837 1329 3927 1396 οἷς
3954 1333 4033 1394 ὡς

2447 1433 2637 1502 μέρεσι
2682 1431 2804 1485 καθ’
2834 1431 3067 1484 ἕκαστον
3115 1430 3176 1482 τὸ
3225 1431 3443 1497 ἑκάστῳ
3484 1427 3717 1480 καθόλου
3762 1423 4034 1491 συγγενὲς

2443 1523 2871 1592 οἰκειωσάμενος
2900 1522 3068 1592 ἄκρον
3111 1519 3255 1573 κατά
3288 1518 3379 1571 τὸν
3420 1516 3875 1588 προαποδοθέντα
3903 1512 4036 1580 τρό·

2444 1630 2547 1666 πον
2576 1613 2897 1683 θεοπρεπῶς
2930 1612 2998 1664 τά
3044 1612 3221 1665 πάντα
3262 1610 3345 1671 εἰς
3391 1608 3585 1661 ἑαυτὸν
3612 1603 4036 1673 ἀνεκεφαλαιώ-

2445 1722 2597 1768 σατο,
2636 1705 2767 1773 μίαν
2808 1704 3160 1773 ὑπάρχουσαν
3201 1704 3301 1771 τὴν
3353 1700 3571 1753 ἃπασαν
3598 1696 3781 1750 κτίσιν
3823 1695 4034 1759 δείξας,

2448 1796 2699 1864 καθάπερ
2746 1795 3032 1866 ἄνθρωπον
3088 1794 3270 1853 ἄλλον,
3325 1793 3391 1861 τῇ
3437 1789 3548 1842 τῶν
3583 1789 3769 1860 μερῶν
3823 1785 4035 1853 ἑαυτῆς

768 1890 989 1945 malam,
1027 1898 1091 1937 ac
1130 1884 1498 1941 subsistentia:
1531 1887 1846 1959 integritate
1893 1898 2057 1959 atque
2100 1891 2342 1959 plenitu-

2448 1886 2581 1957 πρὸς
2610 1863 2817 1952 ἄλληλα
2844 1863 3046 1952 συνόδῳ
3077 1879 3580 1952 συμπληρουμένην
3610 1878 3704 1930 καὶ
3729 1876 3873 1947 πρὸς
3903 1876 4037 1929 ἑαυ-

766 1970 895 2024 dine
929 1972 979 2025 in
1009 1989 1065 2029 se
1098 1974 1269 2044 ipsam
1301 1985 1617 2047 vergentem
1659 1988 1822 2051 atque
1852 1981 2227 2049 inclinantem,
2259 2000 2346 2039 se-

768 2060 1008 2115 cundum
1042 2079 1204 2128 unam
1242 2074 1405 2134 atque
1452 2068 1755 2136 simplicem
1792 2079 1956 2139 atque
2004 2072 2344 2129 indefinitam

765 2160 824 2205 et
874 2151 1280 2209 indifferentem
1332 2157 1399 2210 de
1454 2160 1914 2215 non-exsistentia
1965 2164 2346 2233 productionis

766 2246 1175 2314 cogitationem,
1207 2265 1314 2317 qua
1346 2265 1506 2303 unam
1540 2241 1902 2323 eamdemque
1944 2263 2124 2325 potest
2168 2259 2347 2312 omnis

769 2334 1014 2390 conditio
1077 2339 1320 2406 recipere
1380 2343 1643 2396 rationem
1717 2345 1876 2412 plane
1936 2346 2344 2415 indistinctam,

770 2424 917 2493 quod
950 2445 967 2476 ι
992 2426 1111 2481 Non
1136 2427 1303 2483 fuisse
1336 2449 1353 2480 ›
1390 2431 1545 2499 prius
1574 2449 1736 2502 quam
1773 2454 1789 2485 ‹
1822 2436 1954 2489 Esse
1988 2458 2006 2487 ι
2045 2438 2274 2494 habens.

840 2517 1050 2572 Revera
1084 2520 1284 2574 etenim
1333 2522 1436 2576 sibi
1478 2524 1712 2578 invicem
1750 2527 2050 2581 secundum
2084 2530 2346 2599 quidquid

768 2607 1015 2669 omnino,
1050 2609 1211 2661 etiam
1247 2609 1293 2662 si
1338 2626 1447 2664 non
1481 2612 1705 2681 ubique,
1735 2617 2055 2671 coincidunt
2086 2634 2347 2688 quascun-

770 2708 877 2760 que
905 2704 1027 2762 post
1052 2697 1221 2749 Deum
1261 2709 1388 2753 sunt
1410 2701 1869 2773 exsistentiasque
1901 2722 2029 2759 suas
2062 2722 2162 2775 per
2186 2724 2351 2777 gene-

771 2785 1040 2838 rationem
1077 2802 1106 2838 a
1139 2786 1248 2839 Dco
1291 2787 1515 2852 habent,
1547 2806 1671 2845 cum
1710 2808 1894 2847 rerum
1930 2811 2051 2863 quae
2077 2796 2350 2852 exsistunt

769 2874 919 2928 nulla
953 2877 1198 2941 omnino,
1230 2894 1297 2933 ne
1330 2879 1397 2933 iis
1425 2880 1647 2950 quidem
1692 2886 1934 2953 exceptis
1964 2902 2086 2956 qua:
2126 2889 2346 2957 plurimi

768 2965 1101 3021 aestimanda
1130 2978 1279 3032 sunt,
1331 2986 1561 3041 quaeque
1595 2985 1880 3043 superant,
1915 2992 1946 3029 a
1991 2979 2232 3046 generali
2280 2980 2347 3034 ad

770 3074 1042 3112 summum
1070 3060 1300 3130 gradum
1328 3063 1423 3131 qui
1467 3064 1660 3118 habitu
1696 3077 1850 3122 caret
1894 3068 2161 3125 relatio-ne
2191 3080 2348 3125 natu-

2447 1977 2542 2049 τὴν
2576 1976 2838 2032 νεύουσαν
2889 1978 2956 2045 τῇ
3007 1974 3220 2045 όλότητι
3270 1972 3375 2042 τῆς
3411 1970 3719 2042 ὑπάρξεως,
3754 1968 3903 2020 κατά
3931 1966 4037 2037 τὴν

2451 2071 2580 2139 μίαν
2619 2070 2715 2123 καὶ
2744 2067 2925 2137 ἁπλῆν
2948 2067 3043 2119 καὶ
3073 2063 3546 2133 ἀπροσδιόριστον,
3576 2062 3677 2130 τῆς
3720 2062 3788 2113 ὲκ
3816 2057 3913 2112 τοῦ
3957 2060 4036 2127 μὴ

2446 2162 2598 2224 ὄντος
2654 2159 2994 2230 παραγωγῆς
3044 2159 3139 2212 καὶ
3172 2157 3465 2226 ἀδιάφορον
3516 2154 3751 2215 ἔννοιαν,
3805 2150 3936 2203 καθ’
3969 2151 4038 2220 ἢν

2446 2254 2543 2306 ἕνα
2571 2252 2779 2306 καὶτὸν
2812 2251 2975 2306 αὑτὸν
3001 2253 3152 2304 πᾶσα
3201 2252 3235 2321 ἡ
3278 2250 3455 2312 κτίσις
3483 2245 3839 2309 ἐπιδέξασθαι
3870 2244 4041 2297 δύνα⁴

2446 2362 2537 2398 ται
2568 2345 2727 2411 λόγον
2768 2342 3050 2406 παντελῶς
3094 2342 3426 2411 ἀδιάκριτον,
3476 2338 3536 2392 τὸ
3576 2357 3594 2390 ι
3629 2338 3744 2390 Οὑκ
3777 2331 3848 2405 ῆν
3882 2353 3901 2387 ι
3938 2332 4039 2387 τοῦ

2455 2457 2471 2487 ι
2507 2433 2645 2489 εἶναι
2691 2454 2708 2486 ι
2750 2434 3124 2504 πρεσϐύτερον
3168 2432 3386 2503 ἔχουσα.

2519 2528 2708 2580 Πάντα
2726 2524 2834 2595 γὰρ
2865 2526 3008 2579 κατὰ
3035 2525 3127 2579 τὸν
3150 2524 3325 2594 ἀληθῆ
3356 2523 3512 2590 λόγον
3542 2520 3795 2591 ἀλλήλοις
3824 2535 4040 2589 συνεμε-

2449 2619 2641 2671 πίπτει
2694 2617 2819 2671 καθ’
2853 2615 3032 2669 ὁτιοῦν
3070 2615 3310 2677 πάντως.
3352 2616 3400 2667 εἰ
3443 2614 3539 2667 καί
3573 2614 3650 2682 μὴ
3704 2612 3890 2681 πάντη
3916 2652 3933 2675 ,
3971 2611 4043 2661 τὰ

2452 2709 2590 2778 μετά
2618 2709 2750 2762 Θεὸν
2778 2708 2909 2761 ὄντα
2934 2708 3027 2760 καί
3062 2708 3128 2759 ὲκ
3170 2704 3307 2759 Θεοῦ
3357 2705 3417 2758 τὸ
3460 2700 3599 2757 εἶναι
3646 2702 3738 2755 διά
3762 2702 4052 2769 γενέσεως-

2448 2798 2660 2868 ἐχοντα,
2691 2798 2919 2869 μηδενὸς
2950 2795 3180 2851 καθόλου
3214 2796 3324 2849 τῶν
3353 2796 3544 2860 ὄντων,
3584 2794 3721 2864 μηδὲ
3751 2792 3866 2845 τῶν
3895 2792 4044 2859 ἀγαν

2448 2890 2643 2959 τιμίων
2698 2890 2796 2944 καὶ
2862 2888 3321 2960 ὑπερϐεϐηκότων
3382 2888 3484 2957 τῆς
3555 2885 3693 2956 πρὸς
3758 2886 3821 2936 τὸ
3894 2884 4043 2951 ἄγαν

2448 2982 2676 3051 ἄσχετον
2705 2982 2930 3050 γενικῆς
2967 2980 3227 3051 σχέσεως,
3252 2978 3570 3031 παντάπασι
3606 2974 3852 3044 φυσικῶς
3899 2973 4044 3026 ἀπο-

2448 3069 2763 3139 λελυμένου,
2800 3071 2939 3141 μήτε
2972 3070 3079 3141 μὴν
3106 3068 3203 3122 τοῦ
3237 3068 3295 3121 ὲν
3336 3069 3451 3128 τοῖς
3486 3064 3641 3118 οὖσιν
3680 3062 4044 3133 ἀτιμωτάτου

769 3149 959 3203 raliter
1000 3151 1175 3205 libera
1210 3152 1308 3217 sit,
1356 3168 1459 3209 nec
1494 3170 1679 3210 rerum
1718 3159 1908 3227 utique
1956 3161 2342 3218 exsistentium

2448 3164 2545 3232 τῆς
2575 3162 2714 3233 πρὸς
2740 3162 2808 3216 τὰ
2837 3161 3180 3231 ἀτιμιὼτατα
3208 3159 3353 3214 κατὰ
3386 3158 3550 3229 φύσιν
3581 3156 3805 3225 γενικῆς
3835 3171 4045 3208 παντε-

768 3255 838 3294 ne
867 3239 1129 3295 vilissima
1153 3243 1374 3312 quidem
1408 3245 1477 3299 ab
1505 3247 1744 3315 generali
1779 3257 1837 3301 et
1873 3258 2084 3305 naturae
2110 3267 2345 3308 consen-

768 3338 927 3382 tanea
958 3330 1022 3384 ad
1067 3346 1131 3385 ea
1158 3332 1279 3401 quae
1321 3333 1586 3390 vilissima
1612 3346 1742 3390 sunt
1776 3338 2045 3394 relatione
2076 3343 2346 3398 destitua-

767 3428 861 3474 tur
886 3422 1108 3477 omnino
1135 3435 1229 3479 aut
1260 3442 1457 3495 expers
1486 3428 1600 3482 liat.
1630 3428 1984 3502 Quaecunque
2025 3434 2173 3488 enim
2215 3452 2345 3506 pro-

766 3513 907 3583 priis
939 3515 1292 3583 peculiariter
1325 3527 1453 3573 sunt
1494 3520 1909 3578 discriminibus
1960 3525 2107 3580 inter
2154 3543 2212 3583 se
2260 3530 2347 3583 di-

768 3606 990 3673 stincta,
1018 3624 1081 3662 ea
1112 3612 1460 3679 generalibus
1503 3623 1670 3684 atque
1704 3617 2092 3673 communibus
2123 3636 2349 3689 genera-

767 3699 896 3753 liter
937 3702 1318 3760 identitatibus
1348 3716 1479 3761 sunt
1526 3708 1703 3773 unita,
1752 3709 1933 3779 adque
1983 3712 2251 3767 unitatem
2294 3723 2350 3768 et

768 3798 1014 3845 mutuam
1060 3794 1203 3849 inter
1248 3806 1422 3851 semet
1464 3798 1810 3855 identitatem
1844 3803 2084 3871 generali
2115 3804 2349 3873 quadam

768 3873 980 3937 ratione
1009 3893 1219 3940 naturai
1260 3889 1705 3957 compelluntur;
1741 3891 1821 3946 sic
1853 3908 2052 3961 genera
2084 3897 2351 3951 essentia-

768 3972 896 4029 liter
926 3974 1031 4029 sibi
1061 3976 1298 4031 invicem
1328 3981 1481 4034 unita
1524 3981 1793 4036 unitatem
1821 3982 2028 4039 habent
2066 3993 2121 4039 et
2149 3986 2350 4040 identi-

772 4073 937 4119 tatem
986 4076 1043 4120 et
1088 4067 1553 4124 individuitatem.
1600 4071 1751 4125 Nihil
1797 4072 1945 4126 enim
1997 4089 2189 4128 eorum
2230 4091 2352 4146 qua:

769 4158 1102 4213 universalia
1134 4170 1264 4216 sunt
1306 4170 1363 4216 et
1397 4163 1924 4232 comprehendentia
1973 4175 2028 4220 et
2076 4171 2351 4237 generalia

769 4249 884 4302 ullo
927 4250 1090 4304 simul
1121 4266 1245 4306 cum
1277 4251 1358 4307 eis
1389 4253 1555 4308 modo
1591 4254 1928 4311 discernitur
1951 4273 2073 4327 qua:
2104 4262 2349 4329 particu-

772 4340 910 4394 laria
944 4350 1073 4396 sunt
1110 4352 1168 4396 et
1201 4345 1598 4413 comprehensa
1644 4355 1700 4402 et
1727 4349 2008 4418 specialia.
2044 4352 2165 4406 Non
2203 4355 2351 4410 enim

2447 3252 2555 3316 λῶς
2621 3253 3136 3324 ἀπολιμπανομένου
3192 3252 3285 3305 καὶ
3354 3248 3711 3321 ἀμοιροῦντος
3771 3247 4042 3316 σχέσεως.

2448 3344 2635 3399 Πάντα
2678 3345 2787 3416 γάρ
2838 3344 2910 3397 τά
2942 3345 3062 3406 ταῖς
3096 3342 3325 3404 οἰκείαις
3374 3341 3519 3402 ἰδίως
3555 3339 3843 3409 διαφοραῖς
3882 3337 4047 3406 ἀλλή-

2446 3435 2555 3490 λων
2584 3435 3023 3508 διακεκριμμένα
3066 3436 3185 3499 ταῖς
3218 3432 3449 3487 καθόλου
3495 3430 3594 3485 καὶ
3629 3432 3837 3492 κοιναῖς
3890 3446 4045 3497 γενιο

2450 3528 2563 3592 κῶς
2593 3528 2917 3598 ταὺτότησιν
2946 3528 3206 3597 ῆνωνται,
3242 3524 3338 3577 καὶ
3369 3524 3506 3594 πρὸς
3528 3524 3589 3576 τὸ
3624 3522 3682 3574 ἓν
3708 3521 3806 3574 καὶ⁵
3837 3519 4045 3573 ταύτὸν

2449 3620 2703 3690 ἀλλήλοις
2740 3618 2945 3689 γενικῷ
2997 3634 3105 3670 τινι
3159 3615 3307 3684 λόγῳ
3364 3613 3584 3683 φύσεως
3639 3611 4043 3673 συνωθοῦνται,

2448 3702 2561 3761 οἷον
2585 3709 2654 3759 τά
2680 3708 2776 3777 μὲν
2796 3708 2930 3775 γένη
2963 3707 3105 3758 κατά
3137 3704 3237 3774 τὴν
3274 3702 3457 3756 οὐσίαν
3489 3701 3741 3771 ἀλλήλοις
3763 3700 4045 3771 ἑνούμενα

2449 3797 2510 3850 τὸ
2540 3796 2724 3868 (22Ᾱ
2751 3797 2803 3865 b)
2834 3797 2892 3849 ἓν
2929 3795 3044 3866 ἔχει
3079 3796 3173 3849 καὶ
3198 3793 3396 3848 ταύτὸν
3425 3794 3518 3847 καὶ
3550 3793 3887 3862 ἀδιαίρετον.
3928 3792 4037 3844 Οὑ-

2449 3889 2538 3941 δὲν
2572 3890 2683 3959 γὰρ
2712 3888 2821 3941 τῶν
2846 3888 3075 3941 καθόλου
3125 3887 3219 3939 καὶ
3259 3885 3629 3957 περιεχόντων
3670 3884 3768 3936 καὶ
3798 3882 4045 3949 γενικῶν

2450 3982 2562 4041 τοῖς
2601 3980 2693 4031 ἐπὶ
2720 3979 2919 4048 μέρους
2955 3978 3049 4031 καὶ
3091 3981 3504 4049 περιεχομένοις
3536 3976 3630 4028 καὶ
3664 3973 3860 4035 ἱδικοῖς
3903 3991 4042 4026 παν-

2450 4067 2617 4131 τελῶς
2659 4068 3071 4139 συνδιαιρεῖται.
3104 4067 3178 4119 υὺ
3210 4066 3318 4135 γὰρ
3349 4065 3429 4118 έτι
3456 4065 3673 4133 γενικὸν
3700 4060 3846 4116 εἶναι
3878 4062 4041 4117 δύνα-

2451 4178 2539 4213 ται
2584 4159 2647 4211 τὸ
2702 4159 2777 4229 μὴ
2819 4160 3054 4226 συνάγον
3097 4158 3168 4210 τὰ
3217 4158 3521 4230 διῃρημένα
3568 4155 3839 4224 φυσικῶς,
3905 4155 4044 4208 ἀλλά

2454 4248 2937 4325 συνδιαιρούμενον
2983 4249 3187 4313 αὑτοῖς,
3227 4248 3450 4316 καὶτῆς
3479 4247 3687 4311 οἰκείας
3734 4246 4046 4317 μοναδικῆς

2452 4341 2705 4425 ὲνότητος
2758 4341 3133 4410 ἐξιστάμενον.
3177 4341 3294 4393 Πᾶν
3345 4339 3457 4411 γὰρ
3501 4337 3722 4409 γενικὸν
3765 4338 3920 4390 κατά
3954 4338 4045 4389 τὸν

770 4435 1005 4502 amplius
1031 4435 1084 4489 id
1109 4444 1289 4505 potest
1321 4438 1578 4507 generale
1607 4454 1730 4495 esse
1757 4441 1917 4527 quod
1934 4458 1999 4497 ea
2027 4460 2147 4513 qua:
2171 4462 2346 4502 secer-

2453 4434 2650 4485 οἰκεῖον
2687 4431 2845 4499 λόγον
2896 4432 3015 4485 ὅλον
3065 4431 3208 4494 ὅλοις
3245 4430 3570 4500 ἀδιαιρέτως
3604 4430 3719 4492 τοῖς
3768 4429 3871 4481 ὑπ’
3916 4431 4045 4482 αὑτὸ

770 4535 980 4581 nuntur
1013 4529 1340 4584 naturaliter
1382 4546 1577 4601 cogere
1627 4515 2028 4602 nequeatxscd
2072 4553 2177 4591 una
2221 4554 2346 4596 cum

2455 4522 2651 4583 ἑνικῶς
2695 4522 3023 4591 ἐνυπάρχει,
3057 4521 3154 4575 καὶ
3195 4521 3256 4574 τὸ
3283 4522 3327 4552 ⁸⁸
3368 4520 3488 4574 καθ’
3515 4520 3748 4572 ἕκαστον
3792 4520 3925 4571 ὅλον
3959 4523 4044 4572 ἑν-

776 4618 906 4687 ipsis
937 4622 1265 4686 secernitur,
1290 4630 1345 4677 et
1387 4623 1454 4677 de
1494 4625 1873 4695 singularitate
1904 4644 2003 4683 sua
2042 4640 2097 4683 et
2139 4632 2348 4688 unitate

766 4711 1019 4767 decedat.
1053 4712 1225 4769 Omne
1261 4714 1409 4769 enim
1454 4717 1706 4786 generale
1740 4720 2044 4774 secundum
2079 4738 2231 4777 suam
2260 4741 2348 4779 ra-

770 4805 978 4858 vionem
1027 4812 1201 4858 totum
1254 4806 1665 4862 indivisibiliter
1693 4809 1749 4863 in
1779 4812 1908 4865 totis
1950 4812 2054 4867 sibi
2086 4814 2186 4883 ipsi
2216 4808 2348 4870 sub;

767 4894 929 4964 jectis
972 4895 1323 4965 singulariter
1356 4898 1523 4964 inest,
1571 4910 1627 4955 et
1675 4902 1824 4971 quod
1873 4903 2103 4974 singulis
2133 4908 2359 4975 privum-

778 4993 862 5040 est
887 4994 1063 5043 totum
1093 4997 1369 5056 spectatur
1397 4993 1749 5060 generaliter.
1779 4994 2003 5064 Species
2051 5008 2231 5052 autem
2269 5016 2355 5056 se-

772 5077 1013 5131 cundum
1046 5094 1218 5147 genus
1252 5081 1460 5148 pariter
1502 5082 1831 5138 differentiae
1863 5086 2130 5143 varietate
2160 5089 2351 5147 soluta:

702 5230 709 5237 Ι
774 5175 1021 5220 mutuam
1059 5168 1286 5236 capiunt
1334 5169 1700 5225 identitatem.
1751 5174 2042 5230 lndividua
2087 5193 2220 5233 vero
2266 5196 2352 5235 se-

2457 4616 2745 4686 θεωρεῖται
2779 4613 3032 4679 γενικῶς.
3063 4613 3144 4665 Τὰ
3166 4612 3222 4665 δὲ
3252 4612 3366 4681 εἴδη
3398 4613 3539 4665 κατὰ
3568 4611 3630 4663 τὸ
3665 4610 3822 4677 γένος
3855 4612 4044 4663 ὡσαύ-

2454 4723 2560 4769 τως
2586 4705 2688 4773 τῆς
2729 4707 2787 4758 ὲν
2830 4709 2896 4776 τῇ
2943 4705 3179 4775 διαφορᾷ
3230 4704 3506 4766 ποικιλίας
3547 4702 3899 4757 ἀπολυθέντα
3949 4703 4045 4772 τὴν

2455 4797 2593 4869 πρὸς
2622 4796 2829 4868 ἄλληλα
2857 4798 3164 4866 ταύτότητα
3199 4797 3435 4866 δέχεται.
3463 4794 3545 4848 Τὰ
3584 4793 3765 4864 ἄτομα
3791 4793 3858 4847 δὲ
3901 4795 4045 4848 κατά

2457 4889 2521 4942 τό
2559 4886 2697 4950 εἶδος
2726 4891 2827 4961 τὴν
2856 4889 2992 4960 πρὸς
3025 4888 3228 4959 ἄλληλα
3260 4889 3523 4958 δεχόμενα
3550 4886 3830 4956 σύμϐασιν
3861 4886 3925 4941 ἒν
3954 4889 4043 4942 καὶ

2457 4981 2652 5034 ταύτὸν
2694 4980 2944 5051 ἀλλήλοις
2993 4980 3171 5050 πάντη
3217 4980 3545 5049 καθέστηκε,
3576 4981 3641 5048 τῇ
3683 4980 3940 5050 ὀμοιρυῖᾳ
3987 4980 4043 5032 τὸ

2460 5071 2887 5140 ἀπαράλλακτον
2942 5071 3134 5141 ἔχοντα
3169 5071 3262 5125 καὶ
3304 5071 3565 5141 διαφορᾶς
3603 5070 3787 5139 πάσης
3819 5071 4041 5125 ἐλεύθε-

2458 5181 2573 5234 ρον.
2595 5164 2677 5217 Τὰ
2702 5164 2760 5216 δὲ
2794 5163 3181 5235 συμϐεϐηκότα
3223 5162 3363 5217 κατά
3385 5162 3444 5214 τὸ
3469 5160 3840 5231 ὑποκείμενον
3879 5163 4039 5231 illi;—

769 5258 1017 5312 cundum
1045 5251 1285 5329 speciem
1318 5270 1564 5316 mutuam
1599 5278 1786 5318 secum
1818 5267 1957 5335 ipsis
1985 5271 2346 5340 congregatio-

2454 5254 2568 5319 λοις
2608 5254 2976 5325 συγκριθέντα
3014 5253 3077 5309 τὸ
3119 5256 3319 5309 ἐνιαῖον
3368 5253 3481 5323 ἔχει
3505 5291 3522 5315 ,
3562 5251 3643 5322 τῷ
3683 5252 4039 5322 ὑποκειμένῳ

775 5364 900 5403 nem
931 5350 1200 5419 capientia
1235 5368 1405 5407 unum
1437 5353 1692 5425 idemque
1722 5372 1848 5410 cum
1892 5358 2025 5429 ipsis
2060 5359 2206 5415 inter
2237 5377 2346 5417 sese

2454 5344 2734 5408 παντελῶς
2774 5345 2852 5414 μὴ
2895 5344 3349 5415 σκεδαννύμενον.
3393 5343 3505 5397 Καὶ
3563 5342 3775 5413 μάρτυς
3831 5342 4038 5394 tndem

773 5440 983 5511 ubique
1008 5451 1282 5509 constant,
1318 5453 1528 5500 natura:
1556 5449 1949 5506 communitate
1992 5452 2346 5508 immutabili-

2448 5435 2687 5507 ἀψευδὴς
2712 5438 2741 5491 ὁ
2760 5436 2968 5509 ἀληθὴς
3005 5437 3295 5509 θεήγορος,
3322 5438 3352 5492 ὁ
3398 5436 3571 5507 μέγας
3601 5433 3697 5488 καὶ
3725 5433 3893 5501 ἀγιος
3926 5437 4036 5485 Διο-

2045 5611 2279 5667 vitam
2322 5613 2727 5685 LECTIONES.

856 5711 897 5807 ξι
928 5710 1061 5791 Qud.
1090 5712 1229 5767 Gud.
1262 5733 1291 5768 ει
1320 5732 1391 5770 m.
1426 5720 1678 5804 prhabet
1709 5724 1971 5807 ἀπέδειξε.
2069 5726 2115 5757 δ’
2150 5727 2207 5807 In
2228 5728 2361 5807 _cod.
2402 5729 2542 5785 Gud.
2586 5741 2759 5788 exstat
2808 5733 3100 5807 ἐνυπάρχει
3133 5725 3620 5802 πραγματειωδῶς,
3663 5726 3760 5779 καί
3789 5726 3879 5791 τδν
3907 5732 4027 5781 αα·

782 5778 969 5839 llclcvi
998 5798 1115 5837 voc.
1162 5778 1643 5859 πραγματὲιωδῶς,
1677 5796 1820 5864 quod
1855 5778 2120 5865 glossema
2152 5798 2367 5853 videtur
2392 5818 2531 5855 esse.
