4192 6434
168 386 297 454 i313

1407 391 1918 450 AMBIGUUHUM
1963 393 2209 454 LIBER.

3279 399 3422 467 13M

164 503 340 564 ’λύσιος
369 502 398 554 ό
428 501 842 571 ’Λρεοπαγίτης,
875 501 934 555 ὲν
963 505 1042 569 τῲ
1085 501 1216 571 περὶ
1251 501 1460 555 τελείου
1501 506 1593 554 καί
1621 503 1737 565 ἑνὸς

1845 513 2007 558 tatem
2039 506 2230 559 sortita
2273 514 2328 559 et
2356 506 2504 559 omni
2539 522 2569 561 a
2597 507 2915 564 diversitate
2959 510 3285 569 libertatem.
3319 516 3420 571 Ac-

162 589 442 660 κεφαλαίῳ
452 593 552 661 τῆς
564 591 702 660 Περὶ
718 593 892 645 θείων
904 592 1210 660 ὀνομάτων
1230 595 1612 662 πραγματείας
1631 595 1744 660 (55)

160 682 360 733 οὑτωσὶ
389 683 637 748 φάσκων⁹
666 699 683 731 ι
713 680 846 734 Οὐδὲ
873 681 980 752 γάρ
1009 683 1124 734 ἐστι
1155 682 1356 751 πλῆθος
1379 684 1640 752 ἀμέτοχόν
1669 702 1744 754 πη

161 767 252 821 τοῦ
277 769 418 832 ἐνὸς,
439 770 575 824 ἀλλὰ
621 770 680 824 τὸ
717 771 816 840 μὲν
837 769 1006 824 πολλὰ
1033 773 1144 836 τοῖς
1172 771 1393 842 μέρεσιν
1421 771 1480 824 ἒν
1513 772 1590 841 τῷ
1619 773 1744 842 ὅλῳ.

159 859 256 911 καὶ
304 858 368 912 τὸ
403 859 575 913 πολλὰ
607 862 721 922 τοῖς
751 860 1160 932 συμϐεϐηκόσιν
1186 863 1242 914 ἒν
1275 864 1350 933 τῷ
1375 865 1742 935 ὑποκειμένῳ,

158 950 255 1004 καλ¹
283 951 344 1003 τὸ
374 951 544 1004 πολλὰ
565 951 645 1021 τῷ
661 952 878 1023 ἀριθμῷ
897 952 930 1024 ἦ
948 955 1068 1015 ταῖς
1081 953 1372 1023 δυνάμεσιν
1403 954 1461 1006 ἓν
1486 954 1562 1024 τῷ
1590 955 1742 1018 εῖδει,

157 1042 250 1093 καὶ
281 1042 340 1093 τὸ
367 1041 534 1095 πολλὰ
555 1045 664 1104 τοῖς
709 1043 904 1096 εἴδεσιν
953 1041 1010 1094 ἓν
1065 1043 1142 1113 τῷ
1173 1044 1439 1111 γένει,καὶ
1485 1045 1546 1097 τὸ
1577 1045 1745 1098 πολλὰ

157 1132 282 1192 ταῖς
312 1131 554 1198 προόδοις
597 1131 654 1183 ἓν
679 1134 745 1201 τῇ
777 1132 940 1201 ἀρχῇ.
965 1133 1060 1185 καὶ
1086 1112 1236 1186 οὐδέν
1270 1133 1387 1186 ἐστι
1416 1134 1523 1186 τῶν
1575 1135 1746 1188 ὄντων

156 1222 186 1274 ὃ
233 1221 312 1291 μὴ
354 1223 570 1292 μετέχει
615 1239 693 1292 πη
741 1222 836 1274 τοῦ
871 1224 1007 1286 ἑνός.
1047 1241 1066 1274 ι
1103 1225 1212 1276 Καὶ
1242 1224 1460 1289 ἁπλῶς,
1493 1225 1580 1278 ἵνα
1613 1243 1742 1278 συν-

155 1311 300 1364 ελὼν
343 1312 504 1375 εἴπω,
563 1313 782 1366 πάντων
825 1313 936 1366 τῶν
986 1312 1333 1384 διῃρημένων
1363 1313 1458 1366 καὶ
1505 1316 1747 1385 μερικῶν

155 1407 206 1457 οἱ
253 1404 403 1472 λόγοι
449 1407 561 1464 τοῖς
595 1404 702 1457 τῶν
729 1404 959 1458 καθόλου
1015 1406 1106 1458 καὶ
1158 1405 1411 1472 γενικῶν,
1465 1404 1541 1468 ῶς
1588 1423 1742 1476 φασι,

155 1497 510 1566 περιέχονται
565 1495 765 1564 λόγοις,
791 1496 886 1548 καὶ
924 1497 1050 1559 τοὺς
1091 1496 1192 1565 μὲν
1231 1497 1340 1549 τῶν
1371 1499 1744 1569 γενικωτέρων

153 1589 251 1640 καὶ
278 1587 722 1657 καθολικωτέρων
741 1587 930 1655 λόγους
946 1587 1051 1639 ὑπὸ
1067 1590 1166 1658 τῆς
1191 1589 1384 1658 σοφίας
1403 1590 1741 1659 συνέχεσθαι,

152 1680 285 1740 τοὺς
301 1677 359 1730 δὲ
381 1678 490 1732 τῶν
515 1679 757 1750 μερικῶν
787 1678 972 1749 (225
989 1678 1044 1749 a)
1069 1679 1326 1742 ποικίλως
1351 1684 1462 1743 τοῖς
1473 1681 1580 1734 τῶν
1607 1698 1745 1749 γενι-

155 1770 275 1836 κῶν
301 1771 690 1843 ὲνισχημένους
735 1771 840 1823 ὑπὸ
887 1771 986 1841 τῆς
1029 1773 1346 1841 φρονήσεως
1370 1772 1740 1843 περιέχεσθαι,

153 1859 282 1913 καθ’
306 1862 373 1931 ἢν
397 1861 728 1930 ἁπλοὺμενοι
755 1860 1044 1931 πρότερον,
1078 1861 1170 1914 καὶ
1200 1862 1300 1932 τὴν
1321 1862 1380 1914 ἑν
1406 1865 1518 1926 τοῖς
1554 1862 1736 1933 πράγο
1775 1847 1813 1900 Β

156 1968 297 2022 μασι
312 1953 425 2015 τοῖς
453 1951 831 2021 ὑποκειμένοις
853 1951 1180 2016 ἀπολύοντες
1202 1970 1264 2005 συ
1272 1952 1535 2023 μϐολικὴν
1561 1971 1740 2006 ποικι-

149 2042 298 2106 λίαν,
325 2044 540 2115 ὑπὸτῆς
557 2044 748 2113 σοφίας
771 2044 1058 2110 ένίζονται,
1081 2044 1182 2115 τὴν
1203 2045 1288 2107 είς
1308 2044 1614 2114 ταύτότητα
1629 2047 1741 2106 τοῖς

151 2137 540 2204 γενικωτέροις
570 2137 848 2206 συμφυΐαν
873 2135 1174 2206 δεξάμενοι.
1198 2136 1366 2205 Σοφία
1393 2135 1450 2189 δὲ
1480 2135 1574 2189 τοῦ
1603 2135 1740 2190 Θεοῦ

150 2229 248 2280 καὶ
283 2229 495 2299 Πατρὸς
521 2229 620 2283 καὶ
641 2231 904 2301 φρόνησίς
927 2233 1074 2284 ἐστιν
1098 2234 1126 2284 ὁ
1147 2231 1348 2303 Κύριος
1384 2232 1732 2304 ἸησοῦςΧρι-

153 2317 302 2381 om,
337 2318 366 2370 ό
404 2318 498 2371 καὶ
533 2319 600 2372 τὰ
632 2319 865 2374 καθόλου
905 2321 1013 2375 τῶν
1041 2320 1215 2375 όντων
1267 2323 1512 2393 συνέχων
1539 2326 1607 2394 τῇ
1648 2323 1740 2376 δυ-

149 2408 320 2477 νάμει
369 2409 470 2478 τῆς
530 2411 745 2480 σοφίας,
802 2411 896 2466 καὶ
943 2412 1013 2466 τὰ
1065 2415 1501 2486 συμπληρωτικὰ
1532 2416 1738 2469 τούτων

155 2499 301 2570 μέρη
333 2500 602 2571 περιέχων
629 2506 695 2575 τῇ
727 2505 987 2575 φρονήσει
1008 2504 1106 2574 τῆς
1131 2507 1398 2569 συνέσεως
1427 2507 1502 2570 ὡς
1521 2507 1740 2561 πάντων

153 2590 321 2659 φύσει
374 2593 708 2664 δημιουργὸς
739 2595 833 2648 καὶ
872 2594 1199 2666 προνοητὴς,
1225 2598 1320 2651 καὶ
1353 2597 1432 2660 είς
1479 2596 1539 2649 ἓν
1589 2597 1737 2665 ἄγων

151 2680 223 2732 τὰ
246 2679 510 2737 διεστῶτα
530 2682 605 2735 δι’
632 2682 848 2749 ἑαυτοῦ,
867 2684 1071 2737 καὶτὸν
1100 2686 1158 2738 έν
1175 2686 1285 2749 τοῖς
1303 2680 1423 2739 οὖσι
1452 2684 1736 2738 καταλύων

155 2772 418 2843 πόλεμον,
449 2775 544 2828 καὶ
575 2775 712 2845 πρὸς
733 2777 1019 2848 εἰρηνικὴν
1074 2777 1256 2844 φιλίαν
1300 2777 1370 2830 τὰ
1420 2779 1602 2830 πάντα
1642 2778 1737 2830 καὶ

156 2863 470 2935 ἀδιαίρετον
499 2867 735 2921 συνδέων
765 2868 1036 2938 ὁμόνοιαν.
1057 2869 1126 2921 τὰ
1157 2869 1343 2932 ἐντοῖς
1372 2869 1619 2939 οὐρανοῖς
1644 2869 1736 2921 καὶ

153 2955 226 3053 τὰ
281 2957 377 3008 ἐπὶ
407 2959 509 3028 τῆς
551 2960 675 3030 γῆς,
705 2959 887 3024 καθώς
926 2979 1090 3031 φησιν
1129 2964 1157 3014 ὁ
1213 2961 1354 3025 θεῖος
1393 2961 1734 3024 Ἀπόστολος.
1783 2979 1792 2989 ·

1849 594 2088 649 cidentia
2140 611 2271 650 vero
2325 595 2631 650 secundum
2681 600 2984 670 subjectum
3030 603 3264 657 invicem
3316 605 3422 658 sibi

1846 693 2102 738 concreta
2133 685 2409 755 singulare
2438 685 2714 756 quoddam
2753 689 2955 744 habent
2983 691 3130 760 quod
3174 693 3426 765 subjecto

1847 775 2073 829 minime
2120 776 2438 846 dissipetur.
2493 778 2672 848 Atque
2721 781 2877 835 testis
2925 782 3123 838 horum
3177 786 3428 856 locuples

1845 882 2014 921 verax
2051 882 2116 920 ac
2141 866 2362 921 divinus
2383 877 2536 924 vates
2577 886 2807 940 magnus
2836 871 2928 926 ille
2954 881 3011 927 et
3035 885 3257 931 sanctus
3297 877 3424 931 Dio-

1845 959 2036 1028 nysius
2067 958 2224 1014 adest
2256 959 2602 1030 Areopagita,
2649 962 2703 1016 in
2739 963 2919 1032 capite
2961 963 3030 1018 de
3076 967 3325 1035 perfecto
3366 977 3424 1024 et

1849 1065 1959 1102 uno
1997 1051 2182 1118 operis
2212 1049 2288 1104 De
2312 1051 2500 1105 divinis
2535 1053 2827 1107 nominibus
2850 1056 3144 1123 conscripti
3181 1058 3260 1111 sic
3303 1059 3420 1114 dis-

1845 1148 2086 1208 putans:
2123 1159 2141 1190 α
2176 1141 2366 1211 Neque
2405 1142 2552 1195 enim
2587 1144 2884 1198 multitudo
2925 1145 3154 1201 unitatis
3197 1147 3420 1216 quidem

1844 1246 2042 1300 expers
2073 1241 2178 1295 est,
2210 1231 2320 1286 imo
2353 1232 2502 1302 quod
2533 1233 2699 1288 multa
2733 1244 2817 1290 est
2858 1235 3109 1304 partibus
3137 1252 3307 1290 unum
3336 1247 3422 1292 est

1845 1320 1902 1374 in
1936 1329 2072 1386 toto,
2102 1322 2361 1393 quodque
2390 1323 2559 1377 multa
2598 1331 2682 1378 est
2710 1325 3109 1391 accidentibus,
3137 1342 3308 1381 unum
3337 1336 3423 1382 est

1844 1410 1901 1464 in
1935 1411 2206 1482 subjecto,
2252 1412 2514 1483 quodque
2556 1415 2726 1468 multa
2768 1431 3002 1471 numero
3029 1417 3146 1472 sive
3182 1425 3422 1487 potesta-

1845 1499 2014 1565 tibus,
2041 1517 2209 1555 unum
2235 1510 2320 1556 est
2350 1501 2407 1556 in
2452 1501 2660 1571 specie,
2701 1502 2958 1572 quodque
2983 1503 3152 1556 multa
3179 1511 3265 1558 est
3295 1518 3421 1573 spe-

1843 1589 2036 1644 ciebus
2067 1605 2235 1644 unum
2265 1599 2349 1645 est
2377 1591 2432 1645 in
2463 1606 2684 1661 genere,
2721 1591 2980 1662 quodque
3025 1593 3197 1647 multa
3224 1601 3309 1648 est
3340 1595 3422 1648 in-

1843 1682 2160 1746 crementis,
2192 1696 2363 1735 unum
2392 1689 2479 1736 est
2520 1682 2576 1736 in
2617 1682 2911 1754 principio,
2958 1683 3283 1754 nullumque
3325 1700 3422 1740 eo-

1845 1787 1964 1825 rum
1999 1787 2122 1841 qua:
2155 1772 2428 1827 exsistunt
2478 1788 2709 1843 usquam
2759 1782 2854 1828 aut
2902 1790 3146 1845 unquam
3199 1775 3422 1830 unitatis

1842 1870 1928 1917 est
1957 1878 2172 1932 expers.
2207 1883 2225 1914 ι
2257 1864 2436 1933 Atque
2471 1864 2821 1933 simpliciter,
2853 1874 2915 1921 ut
2947 1865 3190 1920 breviter
3214 1866 3417 1930 dicam,

1841 1954 2089 2008 omnium
2140 1954 2526 2009 distinctarum
2582 1963 2640 2009 et
2699 1955 3115 2026 particularium
3179 1957 3420 2011 rationes

1843 2046 2238 2100 universalium
2266 2054 2324 2100 et
2365 2046 2724 2116 generalium,
2761 2055 2820 2100 ut
2854 2047 3064 2111 dicunt,
3111 2047 3420 2101 rationibus

1842 2137 2424 2207 comprehenduntur,
2481 2137 2556 2192 ita
2607 2137 2830 2206 quidem
2886 2147 2947 2191 ut
3012 2137 3419 2207 generaliorum

1838 2229 2118 2300 magisque
2149 2228 2540 2282 universalimn
2570 2228 2812 2283 rationes
2851 2244 2882 2283 a
2916 2227 3208 2297 sapientia,
3243 2227 3417 2297 parti-

1838 2321 2103 2375 cularium
2129 2329 2319 2375 contra
2349 2319 2659 2374 rationibus
2685 2319 3021 2390 generalium
3054 2319 3204 2374 varie
3243 2317 3418 2372 iuba:-

1839 2412 2078 2466 rentium
2131 2412 2370 2466 rationes
2418 2427 2449 2465 a
2494 2410 2786 2481 prudentia
2838 2406 3415 2481 comprehendantur,

1839 2519 1948 2574 qua
2001 2501 2275 2572 explicita:
2336 2502 2490 2571 prius
2537 2502 2945 2574 symbolicaque
3001 2501 3056 2556 in
3105 2500 3420 2556 actionibus

1839 2595 2102 2666 subjectis
2131 2595 2397 2650 varietate
2428 2596 2605 2650 soluta
2637 2611 2667 2649 a
2711 2595 2979 2664 sapientia
3013 2595 3069 2649 in
3115 2609 3284 2649 unum
3318 2608 3414 2648 co-

1837 2694 2063 2756 guntur,
2100 2685 2155 2740 in
2187 2685 2531 2741 identitatem
2563 2700 2689 2740 cum
2736 2685 3174 2755 generalioribus
3216 2699 3418 2754 cogna-

1841 2776 2048 2832 tionem
2091 2776 2322 2846 adeptae.
2353 2777 2634 2846 Sapientia
2667 2784 2850 2830 autem
2881 2775 2977 2830 Dei
3028 2790 3093 2829 ac
3139 2774 3316 2829 Patris
3360 2780 3418 2828 et

1841 2869 2134 2937 prudentia
2174 2877 2261 2922 est
2303 2868 2567 2923 Dominus
2607 2868 2769 2925 Jesus
2813 2866 3090 2932 Christus,
3117 2865 3211 2936 qui
3251 2864 3416 2920 etiam

1843 2960 2176 3014 universalia
2221 2975 2414 3016 eorum
2459 2977 2581 3031 quae
2639 2969 2769 3016 sunt
2814 2960 3097 3031 sapientiae
3147 2969 3418 3030 potestate

157 3050 426 3126 geminet,
456 3063 513 3107 et
537 3052 893 3123 completivas
923 3052 1120 3107 horum
1146 3062 1332 3122 partes
1360 3053 1733 3124 intelligentiae
1767 3051 2058 3121 prudentia
2129 3053 2566 3122 comprehendit,
2601 3064 2663 3108 ut
2728 3063 3051 3108 cunctorum
3095 3052 3420 3107 naturaliter

160 3147 358 3203 artifex
397 3155 561 3215 atque
589 3147 862 3216 provisor,
889 3147 1055 3216 inque
1087 3161 1256 3200 unum
1315 3159 1650 3216 congregans
1709 3159 1809 3213 per
1844 3143 2200 3214 semetipsum
2225 3158 2291 3198 ea
2321 3159 2445 3213 qua:
2486 3144 2712 3206 distant,
2743 3160 2810 3199 ac
2840 3144 3045 3198 bellum
3092 3145 3148 3199 in
3186 3144 3267 3198 eis
3297 3160 3419 3215 quas
3487 3181 3501 3195 ς

159 3240 432 3295 exsistunt
467 3238 788 3310 profligans,
824 3247 880 3293 et
946 3237 1014 3293 ad
1083 3237 1374 3308 pacificum
1439 3251 1685 3292 amorem
1718 3235 2250 3306 inseparabilemque
2296 3236 2649 3292 concordiam
2681 3244 2880 3292 cuncta
2919 3245 3275 3302 connectens,
3307 3246 3417 3292 tam

161 3348 288 3402 qua:
330 3332 386 3387 in
431 3332 586 3387 cmlis
631 3346 795 3402 quam
837 3346 959 3400 quae
1001 3331 1058 3385 in
1091 3339 1237 3386 terra
1275 3331 1321 3394 ε,
1352 3337 1415 3384 ut
1461 3328 1537 3384 ait
1569 3328 1790 3384 divinus
1826 3326 2142 3396 Apostolus.

398 3509 593 3576 ’Ἄλλη
617 3508 707 3574 εἷς
733 3508 800 3562 τὸ
829 3506 976 3562 αὐτό
999 3507 1229 3575 ἄπορον
1259 3507 1493 3574 θεωρία.

237 3618 706 3688 Καινοτομοῦνται
733 3618 897 3672 πάλιν
921 3619 977 3671 αἱ
1005 3617 1222 3685 φύσεις,
1249 3618 1347 3686 τῆς
1381 3617 1479 3686 μὲν
1502 3615 1656 3681 θείας
1673 3619 1739 3672 δι’

163 3711 480 3782 ὰγαθότητα
508 3711 605 3763 καὶ
631 3709 1044 3780 φιλανθρωπίαν
1063 3709 1304 3779 ἄμετρον
1329 3707 1430 3776 τῆς
1448 3708 1572 3761 καθ’
1594 3711 1741 3780 ἡμᾶς

163 3799 308 3854 κατὰ
335 3800 553 3871 Θέλησιν
578 3799 822 3855 ἑκούσιον
848 3800 1121 3870 σαρκικῆς
1145 3799 1440 3868 ὑπερφυῶς
1468 3801 1732 3871 ἀνεχομέο

164 3907 266 3961 νης
285 3891 333 3922 ⁸³
360 3894 690 3963 γεννήσεως,
711 3893 813 3960 τῆς
842 3891 1117 3963 ἡμετέρας
1139 3892 1194 3945 δὲ
1221 3891 1541 3962 παραδόξως
1569 3892 1739 3946 ἄσπο-

165 3998 261 4052 ρον
282 3981 360 4050 τῷ
386 3980 727 4052 σαρκωθέντι
748 3980 869 4051 Θεῷ
896 3981 1032 4050 ξένῳ
1050 3980 1204 4052 παρὰ
1233 3981 1334 4052 τὴν
1364 3981 1526 4050 φύσιν
1551 3981 1741 4052 θεσμῷ

161 4073 267 4140 τὴν
311 4073 546 4141 λογικῶς
586 4073 950 4145 ὲψυχωμένην
981 4072 1337 4144 γεωργούσης
1370 4073 1570 4142 σάρκα,
1600 4073 1740 4126 κατὰ

162 4166 346 4217 πάντα
371 4163 474 4234 τὴν
506 4162 675 4234 αὑτὴν
700 4164 832 4234 ἡμῖν
851 4159 1015 4217 οὖσαν
1038 4163 1132 4215 καὶ
1145 4164 1257 4217 ἀπα
1267 4161 1740 4232 ράλλακτονχωρὶς

162 4255 466 4325 ἁμαρτίας,
495 4254 667 4309 καὶτὸ
684 4255 750 4326 δὴ
775 4254 1227 4326 παραδοξότερον,
1258 4254 1422 4325 μηδὲν
1448 4252 1542 4305 τοῦ
1565 4253 1736 4318 νόμου

160 4345 266 4414 τῆς
297 4344 599 4416 παρθενίας
617 4345 718 4415 τῆς
747 4345 1045 4416 γενομένης
1081 4343 1290 4414 μητρὸς
1317 4343 1404 4397 διὰ
1422 4347 1518 4412 τῆς
1545 4342 1740 4413 γεννή-

164 4453 308 4498 σεως
323 4435 385 4487 τὸ
418 4435 639 4491 σύνολον
662 4436 1008 4506 μειωθέντος.
1033 4435 1368 4504 Καινοτομία
1383 4436 1440 4488 δὲ
1459 4435 1659 4504 κυρίως
1679 4434 1739 4487 οὑ

164 4529 332 4598 μόνον
351 4531 411 4580 τὸ
433 4529 762 4600 γεννηθῆναι
794 4529 1060 4600 χρονικῶς
1085 4526 1224 4581 κατὰ
1251 4528 1430 4596 σάρκα
1465 4529 1557 4579 τὸν
1575 4529 1742 4598 ἀνάρ-

163 4637 280 4693 χως
304 4621 408 4690 ἤδη
421 4621 818 4690 γεγεννημένον
832 4618 1124 4688 ἀφράστως
1141 4620 1205 4670 ἐκ
1222 4617 1316 4670 τοῦ
1347 4615 1482 4670 Θεοῦ
1505 4617 1600 4671 ttat
1625 4619 1709 4670 Πα
1723 4647 1738 4656 -

163 4709 297 4781 τρδς
313 4710 447 4762 Θεὸν
476 4709 670 4777 Λόγον,
694 4709 830 4764 ἀλλὰ
855 4709 950 4762 καὶ
978 4707 1039 4761 τὸ
1074 4707 1254 4760 δοῦναι
1286 4709 1464 4778 σάρκα
1491 4709 1589 4776 τὴν
1606 4709 1742 4778 ἢμε-

160 4801 336 4869 τέραν
361 4798 523 4879 φύσιν
547 4799 676 4854 ἄνευ
699 4799 928 4870 σπορᾶς,
947 4800 1037 4851 καὶ
1053 4799 1115 4852 τὸ
1131 4800 1304 4851 τεκεῖν
1330 4796 1597 4867 παρθένον
1613 4797 1739 4850 ἄνευ

162 4868 397 4961 φθοράς,
451 4890 671 4943 Τούτων
723 4868 830 4962 γὰρ
883 4890 1111 4943 ἕκαστον
1169 4889 1410 4957 φανερὰν
1465 4889 1586 4957 ἕχον
1639 4887 1737 4958 τὴν
1769 4868 1813 4922 D

161 4981 521 5052 καινοτομίαν
557 4982 649 5035 τὸν
679 4981 800 5036 καθ’
826 4981 886 5033 ὃν
929 4983 1154 5050 γέγονεν
1185 4979 1366 5050 (225
1401 4979 1453 5049 b)
1501 4981 1736 5052 άρῤητόν

161 5090 224 5125 τε
241 5074 338 5126 καὶ
362 5074 642 5141 ἄγνωστον
676 5073 833 5140 λόγον
859 5071 1140 5134 παντελῶς
1156 5071 1566 5140 ἀποκρύπτεται
1595 5069 1735 5122 κατὰ

163 5163 368 5216 ταύτὸν
394 5164 490 5216 καὶ
533 5161 906 5224 ἀποδείκνυσι,
948 5161 1010 5215 τὸ
1043 5161 1142 5230 μὲν
1169 5160 1247 5231 τῷ
1274 5159 1416 5230 ὑπὲρ
1453 5159 1614 5228 φύσιν
1641 5161 1736 5214 καὶ

161 5253 372 5323 γνῶσιν
401 5255 607 5324 τρόπῳ,
643 5254 704 5306 τὺ
739 5253 796 5306 δὲ
819 5252 1055 5323 τῷλόγῳ
1078 5252 1181 5321 τῆς
1208 5253 1465 5314 πίστεως,
1499 5245 1542 5317 ᾧ
1558 5251 1735 5304 πάντα

161 5346 234 5400 τὰ
281 5347 425 5417 ὑπὲρ
455 5346 616 5416 φύσιν
677 5345 774 5400 καὶ
837 5331 1040 5414 γνῶσιν
1093 5344 1412 5399 ἁλίσκεσθαι
1470 5343 1736 5411 πέφυκεν.

243 5457 270 5496 ⁸
301 5455 510 5511 Coloss.
550 5473 588 5523 ι,
621 5455 711 5511 20.

1961 3506 2144 3560 Altera
2169 3506 2226 3560 in
2252 3505 2490 3559 eamdem
2522 3505 2862 3574 quaestionem
2899 3500 3292 3572 contemplatio.

1911 3617 2250 3671 lunovantur
2282 3628 2472 3668 rursus
2501 3620 2735 3677 natura),
2768 3610 2974 3675 divina,
3007 3625 3131 3664 cum
3165 3609 3232 3664 de
3260 3609 3418 3665 boui-

1842 3714 1952 3760 tate
1999 3714 2055 3760 et
2109 3706 2376 3785 charitate
2426 3706 2691 3760 immensa
2743 3703 2960 3774 legibus
3013 3712 3224 3757 natura:
3271 3701 3418 3756 solu-

1841 3795 1911 3850 tis
1945 3805 2140 3866 sponte
2188 3812 2286 3866 per
2329 3811 2551 3851 carnem
2599 3795 2896 3851 humanam
2935 3793 3184 3863 generari
3221 3792 3415 3857 voluit,

1840 3897 2051 3954 nostra,
2087 3905 2213 3944 eum
2258 3887 2638 3943 admirandum
2689 3887 2742 3941 in
2786 3887 3009 3941 modum
3050 3901 3269 3941 carnem
3306 3900 3416 3939 non

1839 3989 2035 4046 satam,
2082 3996 2201 4050 quae
2242 3995 2470 4050 prorsus
2510 3994 2634 4034 cum
2670 3986 2855 4033 nostra
2892 3976 3149 4032 convenit
3178 3992 3279 4031 nec
3308 3975 3415 4030 nisi

1840 4071 1945 4126 hoc
1991 4086 2102 4126 uno
2135 4071 2202 4125 ab
2238 4086 2303 4125 ea
2347 4070 2534 4125 dill‘ert
2568 4069 2713 4140 quod
2744 4078 3028 4140 peccatum
3069 4083 3176 4123 non
3214 4067 3414 4138 capiat,

1841 4163 2183 4217 rationaliter
2221 4163 2517 4217 animatam
2565 4162 2746 4216 alieno
2784 4169 2982 4231 prmter
3015 4169 3267 4215 naturam
3296 4160 3413 4213 viu-

1840 4253 1964 4306 culo
1993 4253 2106 4323 D_eo
2130 4252 2222 4321 qui
2248 4267 2378 4306 caro
2405 4251 2581 4306 factus
2609 4259 2693 4306 est
2714 4251 2994 4314 conciliet,
3019 4249 3274 4320 quodque
3303 4265 3417 4305 ma-

1840 4344 1923 4414 gis
1953 4333 2335 4397 admirandum
2384 4353 2487 4408 est,
2539 4343 2611 4397 ita
2655 4341 2934 4404 conciliet,
2983 4349 3043 4394 ut
3084 4339 3416 4410 virginitatis

1840 4436 1961 4506 ejus
1988 4451 2108 4504 quae
2133 4443 2307 4488 mater
2333 4449 2434 4503 per
2457 4435 2865 4505 generationem
2901 4433 3040 4487 facta
3085 4441 3170 4486 est.
3209 4447 3418 4502 nequa-

1840 4539 2003 4594 quam
2032 4523 2353 4576 violaretur.
2389 4522 2673 4576 Innovatio
2704 4531 2884 4576 autem
2919 4521 3142 4590 proprie
3178 4529 3263 4576 est
3304 4536 3416 4576 non

1842 4615 2020 4669 solum
2049 4613 2198 4684 quod
2235 4613 2280 4668 is
2311 4613 2407 4683 qui
2435 4613 2553 4668 sine
2577 4613 2848 4683 principio
2873 4611 3135 4667 inell‘abili
3163 4611 3327 4667 modo
3348 4627 3416 4668 ex

1843 4707 1955 4760 Deo
1982 4720 2046 4760 ac
2073 4705 2234 4760 Patre
2267 4705 2413 4760 Deus
2439 4705 2636 4760 Sermo
2670 4706 2780 4775 jam
2811 4713 3105 4775 generatus
3127 4713 3246 4758 erat
3281 4712 3416 4759 tem-

1845 4799 2105 4869 poraliter
2135 4798 2190 4852 in
2235 4813 2398 4853 carne
2439 4806 2729 4868 generatus
2759 4806 2864 4859 est,
2907 4797 3000 4852 sed
3048 4796 3154 4851 hoc
3193 4812 3417 4867 quoque

1842 4889 1990 4959 quod
2016 4899 2200 4943 nostra
2227 4899 2423 4944 natura
2451 4905 2672 4944 carnem
2701 4889 2818 4942 sine
2844 4888 3049 4942 semine
3081 4887 3333 4958 prtebuit,
3359 4897 3416 4946 et

1843 4981 1990 5052 quod
2020 4982 2173 5052 virgo
2200 4981 2454 5036 inviolata
2480 4981 2714 5050 peperit.
2742 4980 2946 5034 Horum
2978 4980 3125 5034 enim
3155 4979 3414 5049 quodque

1844 5072 2182 5128 manifestam
2216 5073 2512 5142 praeferens
2545 5072 2950 5126 innovationem
2987 5087 3094 5140 qua
3137 5081 3300 5125 natus
3343 5071 3416 5125 sit

1843 5164 2111 5219 rationem
2143 5179 2397 5218 arcanam
2439 5173 2603 5234 atque
2644 5163 2975 5232 incognitam
3021 5161 3244 5216 omnino
3274 5162 3416 5216 celat

1845 5255 2053 5325 pariter
2085 5263 2248 5324 atque
2283 5255 2644 5318 demonstrat,
2677 5255 2911 5308 alterum
2961 5251 3123 5306 modo
3163 5261 3414 5307 naturam

1847 5358 2012 5417 atque
2045 5346 2407 5418 cognitionem
2433 5354 2749 5417 superante,
2776 5346 3006 5400 alterum
3046 5343 3172 5399 fidei
3203 5343 3416 5398 ratione

1438 5553 1668 5607 VARUE
1710 5554 2112 5612 LECTIONES.

240 5642 290 5676 ⁸³
319 5643 380 5700 ln
409 5647 718 5718 apograpbo
747 5654 926 5704 exstat
956 5647 1299 5718 ἀνεχόμενος.

241 5760 358 5832 (35)
390 5761 610 5835 Diouys.
645 5765 846 5836 Areop.
888 5767 962 5823 οι»
1007 5769 1170 5825 diri».
1222 5773 1443 5836 nomiu.,
1501 5771 1786 5840 cup.15,§
1820 5769 1872 5837 Ξ,
1909 5786 1962 5840 p.
1991 5771 2120 5834 ἐ’γῦί,
2161 5779 2291 5825 tom.
2324 5767 2508 5837 l.0pp.
2541 5766 2630 5823 ed.
2665 5765 2802 5821 Ven.
