4192 6434
752 373 888 441 1315
1912 371 1977 432 S.
2018 370 2301 431 MAXIMI
2343 368 2851 429 CONFESSORIS
3880 358 4018 423 1316

750 500 858 554 qua
890 497 1233 554 quascunque
1277 490 1529 536 naturam
1565 488 1730 551 atque
1759 478 2135 551 cognitionem
2170 492 2333 547 supe-
2362 489 2404 545 Α

2362 489 2404 545 Α
2435 476 2594 531 Οὕτω
2650 476 2746 547 μὲν
2799 476 2936 540 οὖν,
2987 476 3106 528 κατ’
3151 472 3253 543 ἐμὲ
3313 471 3519 541 φάναι,
3576 469 3639 522 τδ
3687 470 3897 538 ἄπορον
3941 467 4016 529 ὼς

754 587 879 630 rant
934 575 1285 631 evincuntur.
1351 573 1446 629 Sic
1497 573 1667 644 igitur
1723 571 2085 642 quaestionem
2138 567 2321 638 quoad

2435 566 2664 620 δυνατὸν
2710 564 3050 629 ἐπιλέλυται,
3080 563 3181 616 καὶ
3214 561 3317 615 οὐκ
3343 555 3444 613 οἶδ’
3467 560 3616 622 ὅπως
3649 558 3855 629 ἑτέρως
3886 556 4019 608 αὐτὸ

755 668 873 722 lieri
943 667 1123 737 potuit
1201 665 1433 719 solvisse
1491 664 1627 717 mihi
1683 662 1897 728 videor,
1950 668 2010 716 et
2059 676 2168 730 qua
2225 656 2332 712 alia

2436 658 2541 728 χρὴ
2562 656 2869 722 διεξελθεῖν.
2893 654 3004 725 Τῆς
3034 652 3194 723 σῆςδ’
3223 653 3290 705 ἂν
3313 650 3400 720 εῐη
3432 648 3751 720 φιλοσοφίας
3773 649 3807 709 ἢ
3834 648 4021 715 ἐγκρῖ-

756 760 968 813 ratione
1010 773 1131 811 eam
1197 770 1451 810 enarrem
1519 756 1730 825 ignoro.
1791 752 1859 809 At
1932 760 2041 807 tua:
2101 751 2332 805 fortasse

2436 768 2526 803 ναι
2555 751 2623 805 τὰ
2656 749 2960 821 εἰρημένα,
2993 748 3030 818 ἢ
3059 746 3128 799 τὰ
3148 746 3383 817 κρείττω
3409 744 3539 815 παρ’
3586 742 3793 809 ἑαυτῆς
3838 737 4018 806 σοφώ-

756 850 1115 920 philosopbia:
1156 847 1266 903 erit
1300 855 1394 901 aut
1438 860 1729 901 censuram
1773 859 1935 915 agere
1978 857 2172 899 eorum
2211 854 2334 909 quae

2437 858 2597 910 τερον
2633 839 2876 908 ἐξευρεῖν
2924 853 2985 889 τε
3018 835 3113 889 καὶ
3150 835 3381 904 φράσαι,
3419 832 3517 886 καὶ
3557 826 3885 900 μεταδοῦναί
3934 839 4020 893 μοι

756 916 1052 1011 disputavi,
1076 950 1172 995 aut
1192 940 1422 995 meliora
1450 938 1519 993 de
1543 946 1639 991 tuo
1665 936 1839 1006 ipsius
1866 951 2011 1007 penu
2034 933 2337 1003 sapientius

2441 930 2653 1003 καρπὸν
2681 928 2936 998 γνώσεως
2952 923 3162 995 ὑψηλῆς
3184 923 3280 976 καὶ
3311 921 3479 991 μηδὲν
3494 918 3726 990 ἐχούσης
3750 916 4017 983 ἐπίγειον.

757 1033 1004 1088 invenire
1025 1042 1082 1087 et
1100 1045 1399 1102 exponere,
1420 1037 1476 1084 et
1496 1027 1828 1098 cognitionis
1860 1026 2112 1082 sublimis
2132 1022 2338 1077 omnis—

756 1141 865 1195 que
890 1125 1095 1180 terreni
1122 1140 1278 1194 pura:
1306 1123 1552 1176 fructum
1594 1134 1810 1174 meeum
1837 1116 2265 1175 communicare.

2372 1231 2437 1243 .—

758 1303 1030 1376 Ejusdem,
1092 1318 1156 1355 ea:
1210 1303 1436 1355 secundo
1482 1303 1537 1355 in
1584 1301 1900 1369 baptismum
1949 1312 2217 1359 sermone,
2274 1296 2329 1348 in

2440 1287 2550 1345 Τοῦ
2578 1283 2787 1349 αὑτοῦ,
2834 1282 2904 1336 ἐκ
2950 1280 3059 1334 τοῦ
3106 1282 3193 1346 είς
3247 1278 3315 1332 τὸ
3356 1277 3678 1345 βάπτισμα
3703 1274 3767 1339 β’
3808 1268 4020 1340 λόγου,

828 1362 1057 1448 ἱίίιιάεί
1086 1392 1298 1462 Triplex
1340 1362 1846 1459 nativitatis'genus
1902 1389 2135 1459 agnoscit
2189 1385 2333 1441 Scri-

2504 1381 2593 1443 είς
2628 1377 2718 1441 τὸ,
2772 1394 2791 1427 ι
2849 1372 3117 1442 Τρισσὴν
3143 1370 3436 1439 γέννησιν
3465 1366 3612 1434 ’ἡμῖν
3644 1362 3811 1419 οἶδεν
3840 1366 3877 1415 ό
3914 1364 4022 1415 Λό-

830 1494 1010 1555 ptura,
1042 1486 1272 1554 primam
1304 1499 1366 1537 ea:
1398 1455 1726 1550 corporibus,
1775 1455 2008 1535 alteram
2040 1495 2105 1532 ea:
2160 1478 2333 1547 bapti-

2508 1485 2636 1539 τος,
2670 1465 2784 1532 τὴν
2820 1466 2891 1517 ἐκ
2937 1461 3251 1531 σωμάτων,
3303 1457 3419 1525 τὴν
3473 1458 3541 1510 ἐκ
3575 1455 4022 1522 βαπτίσματος,

826 1592 961 1640 smo,
1016 1576 1230 1628 tertiam
1264 1591 1327 1627 ea:
1364 1574 1763 1627 resurrectione.
1798 1591 1817 1623 ι
1856 1570 2055 1636 Quibus
2087 1544 2330 1639 deinceps
2365 1614 2408 1669 Β

2371 1614 2408 1669 Β
2510 1559 2628 1624 τὴν
2662 1557 2732 1620 ἐξ
2756 1553 3171 1617 ἀναστάσεως
3211 1570 3229 1602 ι
3258 1546 3386 1604 εἶτα
3408 1548 3767 1610 ἐπειπόντος
3787 1544 4026 1605 τούτοις

2571 1652 2637 1669 ,J,
2699 1648 2788 1669 -.-ι
2821 1648 2921 1669 -3.-
2958 1644 3271 1669 _-_---..£_.-.-
3305 1641 3737 1669 ιι-.....-...¹.η..οιι..
3808 1635 4002 1669 “sum

829 1635 1028 1718 addens
1047 1663 1327 1728 nonnulla,
1349 1671 1395 1716 et
1420 1664 1719 1715 nativitates
1744 1663 2101 1731 interpretans
2118 1635 2286 1730 pergit
2313 1675 2334 1712 :
2367 1635 2408 1669 υ

2367 1635 2408 1669 ⁸⁵
2505 1652 2661 1713 τινὰ,
2692 1648 2791 1702 καί
2818 1648 2927 1712 τὰς
2954 1644 3274 1715 γεννήσεις
3300 1641 3757 1713 ἑρμηνεύοντος,
3804 1635 4022 1705 φῆσαι,

837 1775 855 1807 ι
883 1756 993 1810 llas
1015 1771 1173 1825 porro
1194 1762 1411 1807 cunctas
1466 1754 1769 1807 nativitates
1823 1726 2018 1805 honore
2044 1769 2077 1803 a
2118 1726 2336 1804 Christo

2511 1762 2529 1794 ι
2574 1741 2803 1805 Ταύτας
2842 1737 2911 1790 δὲ
2939 1735 3045 1802 τὰς
3081 1734 3403 1806 γεννήσεις
3429 1730 3673 1795 ἁπάσας
3710 1726 3854 1795 παρ’
3891 1726 4025 1825 eap-

830 1866 944 1903 meo
967 1850 1178 1918 aﬁ’ectas
1219 1848 1381 1917 fuisse
1432 1855 1638 1899 constat
1698 1845 1928 1913 primaut
1982 1843 2192 1913 quidem
2243 1858 2336 1910 per

2506 1830 2614 1883 τοῦ
2645 1828 2905 1898 τιμήσας
2937 1824 2968 1878 ὸ
2996 1823 3138 1894 ἐμὸς
3167 1821 3421 1891 Χριστὸς
3441 1820 3735 1889 φαίνεται,
3761 1816 3888 1884 ’thr
3913 1813 4029 1885 μὲν

830 1939 1062 2007 primaut
1090 1936 1244 1989 illuni
1267 1933 1554 1988 etvitalem
1586 1934 2020 2004 insuﬁiationem,
2050 1930 2334 1983 secundant

2505 1923 2585 1989 τῷ
2613 1920 3003 1992 ἐμφυσήματι
3056 1916 3137 1984 τῷ
3176 1916 3384 1986 πρώτῳ
3415 1915 3511 1968 καί
3539 1911 3778 1977 ζωτικῷ.
3813 1910 3937 1976 τὴν
3964 1907 4030 1961 δὲ

830 2044 951 2081 vero
984 2043 1077 2095 per
1108 2027 1535 2079 incarnationem
1561 2033 1609 2076 et
1644 2024 1985 2092 baptismum,
2016 2022 2228 2073 tertiam
2250 2018 2338 2072 de-

2505 2014 2583 2083 τῇ
2625 2012 2930 2081 σαρκώσει
2974 2011 3072 2064 καί
3121 2008 3202 2074 τῷ
3241 2007 3618 2076 βαπτίσματι
3664 2005 3813 2071 ὅπερ
3845 1999 4031 2065 αὐτὸς

829 2120 983 2187 vique
1006 2133 1097 2186 per
1116 2116 1557 2169 resurrectionem
1578 2129 1736 2182 quam
1762 2114 1872 2182 ipse
1901 2112 2204 2180 auspicatus
2228 2117 2336 2173 est;

2508 2106 2891 2169 ἐϐαπτίσατο,
2938 2102 3055 2169 thr
3091 2099 3161 2153 δὲ
3212 2098 3287 2168 τῇ
3332 2097 3667 2154 ἀναστάσει
3713 2090 3790 2165 ἧς
3843 2092 4031 2157 αὐτὸς

839 2210 1116 2271 nimirum,
1162 2210 1293 2260 sicut
1349 2207 1727 2277 primogenitus
1773 2206 1827 2257 in
1863 2203 2044 2256 multis
2085 2202 2337 2271 fratribus

2507 2190 2842 2259 ἁπήρξατο,
2869 2190 2950 2255 ὠς
2983 2188 3220 2259 ἐγένετο
3245 2189 3621 2256 πρωτότοκος
3667 2185 3739 2238 ἐν
3771 2181 4032 2246 πολλοῖς

830 2301 1049 2363 exstitit,
1093 2301 1167 2352 ita
1206 2272 1582 2368 primogenitus
1608 2310 1810 2365 quoque
1853 2309 1917 2347 ea:
1962 2293 2184 2346 mortuis
2219 2290 2339 2359 ﬁeri

2509 2280 2818 2350 ἀδελφοῖς,
2854 2279 3009 2333 οὕτω
3072 2279 3170 2332 καί
3238 2280 3627 2345 πρωτότοκος
3682 2276 3754 2329 ἐκ
3797 2272 4034 2338 νεκρῶν

829 2408 933 2445 non
955 2392 1289 2460 dedignatus.
1317 2410 1335 2440 ι

2511 2374 2790 2445 γενέσθαι
2818 2372 3197 2437 καταξιώσας
3231 2370 3365 2442 (56).
3405 2388 3424 2421 ι

833 2481 1126 2549 Quomodo
1167 2482 1219 2533 in
1256 2481 1379 2535 istis
1418 2480 1642 2534 divinus
1678 2480 1768 2533 hic
1810 2478 2072 2549 magister
2119 2477 2342 2531 uberio-

2512 2484 2639 2547 Πῶς
2672 2485 2731 2538 ἐν
2765 2481 2976 2546 τούτοις
3012 2483 3042 2535 ὁ
3081 2481 3329 2551 θεόφρευν
3374 2473 3529 2544 οὗτος
3580 2476 3915 2539 διδάσκαλος
3941 2476 4033 2530 δο-

762 2590 880 2627 rem
909 2570 1128 2625 videtur
1155 2586 1345 2623 eorum
1379 2585 1500 2638 quae
1530 2577 1691 2622 antea
1712 2567 1929 2621 dixerat
1952 2565 2340 2635 repetitionem

2441 2581 2530 2633 κεῖ
2580 2576 2972 2647 περιττοτέραν
3019 2576 3121 2644 τὴν
3153 2572 3494 2643 ἐπανάληψιν
3527 2572 3638 2625 τῶν
3678 2569 4034 2641 προρρηθέν-

762 2664 1105 2719 instituisse?
1167 2662 1409 2731 'l'ripliee
1458 2661 1666 2715 etenim
1729 2660 2017 2714 nativitate
2069 2658 2338 2721 indicata,
2390 2705 2395 2711 .

2390 2705 2395 2711 ι
2441 2688 2550 2724 των
2578 2668 2943 2739 πεποιηκέναι
2969 2684 2985 2733 ;
3011 2667 3254 2736 Τρισσὴν
3278 2666 3387 2735 γὰρ
3419 2665 3592 2718 εἰπὼν
3621 2665 3909 2735 γέννησιν,
3934 2660 4038 2732 τὴν

762 2754 937 2824 prima
972 2751 1193 2821 quidem
1230 2767 1296 2803 ex
1339 2749 1687 2818 corporibus,
1714 2749 1890 2802 altera
1906 2764 1972 2802 ex
1990 2748 2339 2816 baptismate,

2444 2765 2512 2815 ἐκ
2544 2760 2837 2831 σωμάτων,
2883 2759 2983 2829 τὴν
3025 2762 3089 2810 ἐκ
3117 2758 3520 2828 βαπτίσματος,
3553 2756 3651 2826 τὴν
3683 2755 3746 2819 ἐξ
3782 2753 4036 2808 ἀναστά-

764 2845 925 2899 tertia
959 2860 1027 2897 ex
1050 2842 1477 2903 resurrectione,
1514 2851 1774 2908 tanquam
1798 2840 2025 2902 oblitus,
2052 2855 2151 2906 per
2177 2837 2342 2891 verba

2446 2870 2605 2916 σεως,
2638 2853 2920 2923 ἐπήγαγεν
2954 2850 3146 2919 ὥσπερ
3174 2848 3570 2917 ἐπιλαθόμενος
3599 2846 3690 2900 διὰ
3718 2846 3821 2916 τῆς
3850 2846 4040 2898 δοκοῦ·

761 2952 883 3004 qme
916 2933 1369 3002 superabundare
1409 2930 1702 2984 videantur
1721 2939 1778 2985 et
1803 2939 2054 2999 quartam
2102 2928 2337 2993 addidit,
2368 2959 2410 3015 ρ

2383 2959 2410 3015 3
2446 2959 2545 3011 σης
2579 2942 2841 3012 περιττῆς
2872 2935 3014 2992 εἶναι
3042 2938 3296 3007 φράσεως
3337 2937 3434 2989 καὶ
3471 2935 3763 3005 τετάρτην,
3794 2933 3891 2985 δια
3933 2931 4038 2983 τοῦ

762 3025 981 3079 dicens:
1020 3023 1302 3076 «Primam
1349 3020 1571 3088 quidem
1635 3035 1733 3088 per
1784 3019 2014 3088 primani
2067 3017 2214 3071 illam
2276 3032 2341 3071 ac

2443 3033 2632 3100 φάναι,
2663 3048 2682 3082 ι
2727 3030 2841 3100 Τὴν
2870 3028 2970 3100 μὲν
2997 3027 3077 3097 τῷ
3118 3028 3477 3097 ἐμφυσήματι
3532 3025 3614 3093 τῷ
3665 3023 3878 3094 πρώτῳ
3939 3022 4041 3074 καὶ

760 3115 984 3168 vitalem
1022 3111 1473 3166 insulllationem.
1502 3129 1519 3160 ι
1564 3108 1735 3179 Cujus
1789 3110 1938 3162 enim
1983 3123 2109 3162 cum
2163 3107 2341 3161 tribus

2442 3117 2679 3189 ζωτικῷ.
2714 3138 2732 3170 ι
2771 3111 2879 3181 Ἦς
2908 3116 3016 3187 γὰρ
3043 3117 3185 3187 μετὰ
3209 3115 3316 3167 τῶν
3334 3115 3502 3185 τριῶν
3519 3116 3623 3167 οὐκ
3645 3112 4039 3182 ἐμνημόνευσε

763 3205 992 3274 reliquis
1020 3219 1129 3257 non
1156 3203 1478 3255 meminerat
1520 3198 1927 3262 nativitatibus,
1972 3199 2040 3253 de
2062 3213 2148 3260 ea,
2184 3197 2339 3265 quasi

2441 3211 2753 3281 γεννήσεων
2789 3209 2865 3271 ὡς
2914 3209 3044 3279 περὶ
3072 3206 3464 3278 προλεχθείσης
3512 3207 3799 3274 ἐπήγαγεν
3830 3202 4036 3266 εἰπὼν,

761 3312 927 3365 supra
956 3295 1340 3365 signiﬁcasset,
1368 3292 1583 3346 addidit
1607 3291 1798 3344 dicens
1829 3308 1842 3342 :
1886 3310 1903 3340 ι
1928 3290 2169 3343 Primam
2204 3288 2331 3357 qui-

2449 3322 2469 3353 ‹
2509 3301 2623 3368 Τὴν
2657 3299 2760 3368 μὲν
2786 3296 2865 3367 τῷ
2898 3297 3258 3367 ἐμφυσήματι
3287 3294 3366 3364 τῷ
3390 3294 3594 3365 πρώτῳ
3623 3294 3718 3346 καὶ
3746 3293 3945 3363 (ηε
3979 3296 4037 3362 a)

769 3387 895 3441 dem
919 3402 1018 3456 per
1051 3384 1284 3454 primam
1308 3383 1454 3436 illam
1484 3396 1549 3435 ac
1569 3381 1792 3434 vitalem
1832 3379 2280 3434 insulllationem.
2315 3398 2333 3430 ι

2443 3387 2683 3458 ζωτικῷ.
2722 3405 2740 3438 ι
2783 3387 2910 3448 Πῶς
2949 3386 3044 3438 οὖν
3073 3384 3233 3438 τοῦτο
3273 3384 3397 3437 κατ’
3436 3384 3703 3454 ἀλήθειαν
3739 3386 3983 3454 εἴρηκεν
4010 3383 4041 3435 ό

761 3481 882 3546 Quo
920 3478 1087 3548 igitur
1114 3477 1278 3530 modo
1309 3474 1569 3544 magister
1620 3472 1674 3526 id
1732 3488 1923 3526 revera
1971 3472 2178 3526 dixerit
2206 3472 2343 3526 sciet

2442 3479 2785 3543 διδάσκαλος,
2815 3475 2924 3532 οἶδε
2974 3478 3193 3541 πάντως
3221 3478 3249 3530 δ
3280 3476 3402 3529 κατ’
3433 3476 3639 3547 ἀρετὴν
3685 3476 3842 3544 αὐτῷ
3868 3492 4043 3542 γεγο-

763 3572 926 3641 plane
953 3567 1279 3637 quivirtute
1344 3565 1503 3618 illum
1533 3564 1856 3633 aequaverit,
1910 3579 2013 3617 nec
2067 3563 2256 3633 procul
2312 3579 2339 3615 a

2444 3571 2548 3635 νὼς
2575 3570 2982 3640 παραπλήσιος,
3021 3569 3116 3621 καὶ
3144 3566 3220 3638 μὴ
3257 3567 3450 3639 πόρῥω
3470 3569 3569 3637 τῆς
3602 3565 3772 3620 αὑτοῦ
3802 3567 3947 3637 περὶ
3974 3564 4045 3618 τὰ

770 3660 1022 3729 sapiente
1052 3660 1173 3728 ejus
1200 3672 1387 3711 rerum
1438 3656 1751 3709 divinarum
1789 3656 1986 3724 peritia
2041 3656 2339 3709 abstiterit.

2444 3664 2561 3716 θεία
2596 3662 2767 3731 σοφῆς
2812 3662 3127 3730 ἐπιστήμης
3165 3658 3489 3729 διεστηκώς.
3523 3659 3688 3710 Ὅσον
3724 3657 3770 3709 δ’
3804 3653 3907 3709 οὖν
3936 3658 4044 3724 ἐμὲ

764 3752 871 3805 Sed
897 3761 1172 3820 quatenus
1214 3764 1314 3819 ego
1352 3748 1598 3818 intelligo
1637 3763 1739 3818 pro
1777 3747 1977 3801 inﬁrmi
2031 3747 2343 3802 intellectus

2443 3754 2740 3825 γινώσκειν
2774 3753 2918 3807 κατὰ
2940 3753 3003 3806 τὸ
3021 3753 3125 3821 τῆς
3147 3753 3288 3823 ἐμῆς
3313 3751 3575 3814 ἀσθενοῦς
3599 3750 3848 3813 διανοίας
3868 3748 4045 3819 ἀδλη-

765 3845 873 3897 mei
895 3842 1204 3905 debilitate,
1233 3856 1342 3894 non
1366 3840 1540 3893 otiosa
1574 3839 1798 3893 videtur
1823 3855 1945 3893 esse
2004 3849 2202 3908 quarta
2251 3840 2343 3893 illa

2444 3850 2597 3921 χρὸν,
2633 3848 2736 3901 οὐκ
2779 3841 2934 3917 οἶμαι
2963 3844 3225 3916 περιττὴν
3263 3840 3404 3897 εἶναι
3446 3844 3546 3915 τήν
3574 3843 3919 3914 ἐπαχθεῖσαν
3950 3859 4044 3894 τε·

762 3950 886 4005 qme
908 3932 1259 4003 superaddita
1287 3930 1663 3994 estnativitas,
1706 3930 1818 3983 imo
1847 3930 2031 4000 potius
2066 3929 2342 3999 complere

2442 3944 2651 4011 τάρτην
2690 3938 2968 4009 γέννησιν,
3017 3936 3156 3991 ἀλλὰ
3186 3936 3390 4008 μᾶλλον
3424 3934 3904 4006 συμπληρωτικὴν
3937 3934 4042 4003 τῆς

764 4042 931 4094 supra
957 4025 1159 4078 dictam
1188 4022 1333 4074 illam
1383 4036 1451 4075 ex
1482 4020 1812 4089 corporibus
1848 4020 2215 4079 nativitatem,
2256 4018 2342 4071 in-

2443 4034 2509 4083 ἐκ
2542 4028 2818 4099 σωμάτων
2845 4026 3204 4099 προτεθείσης
3236 4027 3563 4096 γεννήσεως,
3585 4025 3680 4077 καὶ
3706 4024 4047 4094 ἑρμηνευτι-

767 4112 1171 4181 terpretarique
1197 4108 1414 4162 divinas
1446 4108 1500 4161 in
1546 4125 1611 4162 ea
1647 4109 1892 4162 rationes
1913 4125 1975 4161 ae
2004 4107 2216 4161 modos.
2236 4107 2343 4172 Qui

2444 4121 2547 4191 κὴν
2574 4121 2685 4173 τῶν
2713 4118 2803 4173 ἐπ’
2846 4118 2987 4188 αὐτῇ
3039 4116 3201 4169 θείων
3230 4116 3405 4183 λόγων
3446 4133 3507 4168 τε
3552 4116 3647 4168 καὶ
3687 4115 3942 4183 τρόπων.
3968 4115 4046 4191 Δ’0

764 4202 913 4256 cnim
948 4207 1177 4269 propter
1230 4195 1435 4250 laetum
1486 4196 1725 4263 primum
1775 4194 1945 4248 Adam
2002 4195 2167 4246 Ιιοιιιο
2224 4194 2341 4248 lieri

2445 4184 2554 4281 γάρ
2603 4212 2700 4281 τῆς
2741 4184 3011 4279 γενέσεως
3066 4209 3254 4262 ἓνεκεν
3303 4207 3400 4261 τοῦ
3456 4206 3679 4278 πρώτου
3720 4206 3907 4275 Ἀδὰμ
3953 4184 4048 4259 άν-

766 4291 1047 4360 dignatus,
1075 4286 1307 4356 ejusque
1349 4287 1561 4354 peccati
1608 4285 1782 4353 gratia
1818 4286 2067 4354 generari
2103 4301 2210 4339 non
2247 4285 2342 4340 de-
2376 4291 2418 4347 ι)

2391 4293 2418 4347 )
2447 4305 2665 4375 θρωπος
2692 4302 2947 4369 γενέσθαι
2977 4300 3437 4371 καταδεξάμενος,
3461 4302 3558 4353 καὶ
3578 4298 3926 4369 γεννηθῆναι
3944 4299 4046 4368 τῆς

766 4383 1027 4452 dignatus
1042 4388 1148 4443 est,
1181 4395 1278 4447 per
1304 4377 1703 4431 factitationem
1738 4376 1784 4429 is
1824 4394 1977 4430 suam
2001 4379 2066 4431 ad
2103 4378 2342 4448 ριιιιιιιιιί

2449 4393 2616 4449 αὑτοῦ
2647 4392 3013 4462 παραϐάσεως
3050 4391 3212 4461 χάριν
3250 4393 3352 4444 οὐκ
3400 4391 3747 4453 ἀπαξιώσας,
3797 4388 3895 4442 διὰ
3943 4391 4048 4459 μὲν

766 4474 970 4530 cecidit
1012 4471 1565 4531 condescensionem,
1620 4486 1720 4538 per
1752 4472 2163 4540 generationem
2209 4485 2342 4526 vero

2449 4485 2547 4554 τῆς
2575 4484 2843 4551 γενέσεως
2873 4481 2974 4553 τὴν
3008 4483 3143 4552 πρὸς
3171 4482 3262 4535 τὸν
3306 4482 3545 4534 πεσόντα
3592 4479 4044 4548 συγκατάδασιν,

765 4565 1136 4622 voluntariam
1161 4578 1316 4617 suam
1348 4562 1783 4617 exinanitionem
1826 4564 1878 4615 in
1921 4564 2041 4632 ejus
2076 4564 2170 4631 qui
2205 4578 2343 4616 con-

2449 4576 2538 4629 διὰ
2568 4575 2623 4626 δὲ
2652 4574 2752 4643 τῆς
2785 4575 3094 4644 γεννήσεως
3127 4573 3227 4644 τὴν
3276 4574 3414 4642 πρὸς
3443 4574 3537 4625 τὸν
3566 4572 4049 4642 καταδεδικασμέι

766 4661 1061 4715 demnatus
1088 4665 1175 4710 est
1201 4656 1430 4726 gratiam
1467 4655 1808 4723 designavit:
1848 4654 2191 4709 factitatione
2214 4655 2341 4723 qui-

2447 4682 2536 4718 vov
2557 4663 2809 4716 ἑκούσιον
2834 4662 3065 4716 κένωσιν
3096 4661 3409 4725 ἐπεδείξατο
3428 4680 3441 4692 ο
3474 4664 3540 4731 τῇ
3566 4661 3666 4731 μὲν
3688 4660 3917 4729 γενέσει
3948 4680 4049 4730 φυ-

767 4754 894 4808 dem
932 4748 1262 4804 naturaliter
1306 4748 1362 4801 in
1405 4746 1551 4800 idem
1603 4762 1728 4800 cum
1775 4746 1997 4800 homine
2033 4748 2339 4801 secundum

2452 4755 2618 4817 σικῶς
2668 4756 2749 4818 εἰς
2794 4753 2994 4807 ταύτὸν
3031 4753 3110 4823 τῷ
3148 4752 3423 4824 ἀνθρώπῳ
3471 4752 3615 4807 κατὰ
3646 4752 3744 4823 τὴν
3796 4752 4048 4823 ζωτικὴν

766 4844 989 4900 vitalem
1020 4838 1444 4895 insulllationem
1478 4837 1769 4900 deductus,
1826 4839 1972 4892 unde
2007 4839 2103 4892 Dei
2144 4838 2342 4908 imagi-

2449 4846 2714 4915 ἀγόμενος
2746 4845 3064 4916 ἕμπνευσιν,
3096 4844 3156 4909 ἐξ
3181 4840 3247 4916 ἦς
3284 4845 3345 4898 τὸ
3379 4845 3501 4898 κατ’
3529 4845 3714 4899 εἰκόνα
3742 4843 3941 4897 λαϐὼν
3972 4845 4048 4906 ὡς

767 4954 896 4994 nem
925 4943 1143 4999 nactus,
1183 4942 1243 4987 ut
1272 4933 1461 4995 homo,
1491 4931 1801 4984 invenalem
1831 4931 2075 4984 servavit
2118 4947 2339 5001 semper

2451 4936 2734 5004 ἄνθρωπος
2767 4935 3013 5007 ἄπρατον
3052 4936 3321 5005 διέμεινεν
3362 4935 3504 5005 ἔχων
3545 4935 3645 5004 τῆς
3689 4937 4046 5008 ἐλευθερίας,

765 5033 1080 5087 libertatem
1097 5037 1153 5081 et
1171 5024 1590 5094 impeccantiam
1618 5023 1936 5077 inviolatam
1955 5040 1969 5087 ;
1986 5024 2346 5093 generatione

2451 5029 2549 5097 τῆς
2592 5028 3011 5098 ἅναμαρτησίας
3067 5028 3161 5081 καὶ
3216 5029 3521 5098 ἄχραντον·
3554 5032 3620 5099 τῇ
3669 5028 3747 5081 δέ
3784 5032 4048 5099 γεννήσει

766 5132 953 5179 autem
989 5118 1293 5175 secundum
1348 5117 1785 5170 incarnationem
1818 5116 2061 5169 hominis
2089 5116 2343 5170 interitui

2452 5118 2595 5172 κατὰ
2646 5120 2745 5189 τὴν
2798 5118 3079 5187 σάρκωσιν
3134 5119 3235 5188 τὴν
3283 5122 3419 5191 πρὸς
3461 5120 3554 5172 τὸν
3582 5118 3882 5191 ἄνθρωπον
3946 5122 4046 5190 τῆς

767 5212 996 5270 obnoxii
1041 5209 1463 5268 similitudinem
1511 5218 1707 5278 sponte
1757 5210 1811 5262 in
1866 5210 2069 5275 servili.
2098 5209 2343 5277 suscepit

2453 5209 2661 5280 φθορᾶς
2679 5211 2940 5280 ὁμοίωσιν
2979 5212 3243 5275 ἑκουσίως
3272 5211 3361 5264 διὰ
3394 5211 3497 5281 τῆς
3528 5210 3787 5277 δουλικῖκ
3822 5214 4049 5283 μορφῆς

770 5308 944 5361 forma
968 5303 1431 5371 eisdemquecum
1448 5299 1611 5354 nobis
1654 5299 1950 5353 affectibus
1992 5299 2341 5354 naturalibus

2452 5301 2649 5364 ὑποδὺς
2677 5304 2791 5364 τοῖς
2825 5302 3012 5365 αὐτοῖς
3046 5304 3446 5374 παραπλησίως
3470 5306 3605 5374 ήμῖν
3639 5304 3789 5357 κατά
3820 5303 4048 5376 θέλησιν

770 5394 1059 5463 subjacere
1089 5400 1294 5460 praeter
1316 5395 1606 5457 peccatum
1635 5397 1894 5458 tanquam
1928 5388 2227 5452 obnoxius,
2249 5388 2345 5459 qui

2452 5393 2779 5449 ὑποκεῖσθαι
2815 5398 3066 5464 φυσικοῖς
3099 5396 3387 5467 παθήμασι
3423 5398 3593 5468 χωρὶς
3628 5398 3947 5468 ἁμαρτίας,
3973 5399 4045 5457 ὡς

773 5486 893 5539 sine
918 5491 1149 5554 peccato
1172 5489 1314 5543 erat,
1348 5478 1496 5532 ultro
1524 5494 1718 5550 passus
1740 5489 1843 5533 est.
1868 5479 2142 5548 Bipartito
2195 5482 2344 5535 enim

2450 5489 2746 5547 ὑπεύθυνος
2774 5489 2802 5540 ὁ
2830 5489 3233 5560 ἀναμάρτητος,
3262 5490 3539 5561 ἠνέσχετο.
3573 5490 3713 5543 Κατ’
3742 5492 3927 5561 ἄμφω
3943 5493 4046 5561 γὰρ

779 5581 980 5634 second
998 5590 1085 5629 um
1137 5585 1430 5643 utrumque
1465 5591 1531 5629 ex
1578 5575 1829 5644 partibus
1856 5586 1940 5629 est
1984 5577 2344 5646 compositus,

2448 5582 2619 5635 ταῦτα
2665 5583 2808 5652 μέρη
2852 5584 3035 5651 τεμὼν
3069 5584 3132 5634 ἐκ
3177 5582 3357 5653 μερῶν
3396 5582 3680 5653 συνετέθη,
3722 5583 3823 5638 καὶ
3850 5584 4044 5652 γέγονε

849 5740 961 5811 (5(1)
986 5736 1144 5805 Gieg.
1194 5734 1305 5788 Nar.
1355 5732 1477 5788 0r.l
1506 5735 1558 5788 in
1580 5743 1819 5788 sanctum
1844 5734 2136 5807 Baptisma,
2161 5755 2280 5810 cap.
2306 5742 2359 5806 2,
2403 5757 2455 5811 p.
2489 5741 2611 5797 69‘2.
2650 5750 2783 5796 tom.
2821 5742 2859 5796 l.
2889 5741 3027 5808 Opp.
3061 5741 3194 5796 edit.
3226 5742 3428 5798 Bencd.
