4192 6434
178 380 306 448 1317

1400 367 1917 431 AMBIGUORUM
1955 370 2207 432 LIBER.

3274 381 3409 448 1318

172 494 384 556 τελείως
407 491 528 554 νέος
561 487 756 558 Ἀδὰμ,
788 484 881 540 τδν
914 484 1130 556 πρῶτον
1151 486 1263 545 τοῖς
1296 482 1417 537 κατ’
1443 485 1609 551 ἄμφω
1641 487 1732 551 μέ.

1842 492 2035 551 estque
2060 480 2303 551 perfecte
2333 482 2512 540 factus
2531 501 2706 543 novus
2738 486 2934 555 Adam,
2975 491 3215 560 primum
3266 495 3411 552 Ada-

174 600 319 657 ρεσιν
357 582 530 651 ’Δδάμ
580 582 640 633 ὲν
694 577 875 647 ἑαυτῷ
925 575 1109 646 φέρων
1140 574 1433 645 ἀμείωτον.
1476 575 1587 643 Τῆς
1625 576 1736 642 γὰρ

168 674 272 744 πρὸ
322 672 424 742 τῆς
477 668 850 741 παραϐάσεως
900 665 993 719 τοῦ
1029 665 1201 735 ⁹Δδέιμ
1255 664 1523 732 γενέσεως
1584 663 1736 732 νόμῳ

168 758 633 830 συγκαταϐάσεως
678 756 1045 826 ἀνασχόμενος
1096 753 1237 806 κατὰ
1279 752 1378 823 τήν
1426 751 1623 804 πλάσιν
1674 752 1737 804 τὸ

166 852 551 921 ἀναμάρτητον
595 847 843 916 φυσικῶς
876 843 1057 897 λαϐὼν
1103 843 1189 896 διά
1231 843 1328 911 τῆς
1361 840 1732 911 ὶμπνεύσεως,

164 940 224 993 τὸ
254 938 529 1009 ἄφθαρτον
558 937 619 990 οὐ
658 933 980 1006 προσέλαϐε.
1023 932 1220 1003 (226
1256 932 1320 1001 b)
1351 932 1463 1000 Τῆς
1507 930 1564 985 δὲ
1597 929 1737 999 μετά

163 1029 262 1100 τὴν
309 1026 624 1098 παράϐασιν
664 1026 729 1078 ὲκ
785 1024 1083 1093 καταδίκης
1115 1023 1422 1092 γεννήσεως
1465 1020 1606 1074 κατά
1637 1020 1738 1087 τὴν

164 1119 411 1173 ἑκούσιον
460 1118 695 1171 κένωσιν
739 1116 803 1169 τὸ
850 1114 1090 1186 παθητὸν
1127 1111 1376 1181 φυσικῶς
1406 1112 1645 1181 είληφὼς
1677 1112 1737 1164 τὸ

164 1212 543 1285 ἁμαρτητικὸν
573 1212 635 1264 οὐ
670 1207 1133 1280 προσείληφε,καὶ
1161 1206 1368 1273 γίνεται
1399 1206 1517 1268 νέος
1545 1204 1735 1274 Ἀδὰμ,

161 1304 377 1371 γένεσιν
408 1301 702 1371 λαμϐάνων
735 1300 834 1371 τὴν
881 1299 1051 1369 αὑτήν
1084 1297 1467 1367 ἀναμάρτητον
1493 1293 1585 1347 καὶ
1615 1309 1738 1360 γενο

160 1396 371 1465 νήσεως
402 1396 499 1464 τῆς
530 1393 700 1462 αὐτῆς
730 1390 982 1461 παθητῆς
1017 1390 1362 1459 ἀνεχόμενος.
1402 1388 1603 1456 ¹Ἄμφω
1629 1384 1739 1456 γάρ

168 1484 432 1555 ἀλλήλαις
477 1483 697 1546 τελείως
742 1483 870 1551 περὶ
930 1479 1124 1533 ἑαυτὸν
1172 1478 1399 1545 ἐναλλάξ
1446 1480 1560 1543 τοῖς
1612 1478 1736 1531 κατ’

163 1576 333 1645 ἄμφω
386 1576 610 1646 μέρεσιν
661 1572 974 1643 συμπλέξας
1028 1570 1197 1641 ἄμφω
1242 1569 1314 1623 δι’
1369 1569 1615 1639 ἀλλήλων
1666 1571 1734 1639 τῇ

162 1668 401 1736 ἐλλείψει
433 1665 528 1719 τοῦ
560 1684 626 1719 πε
635 1666 688 1737 ρὶ
710 1664 870 1718 έκατέ
880 1679 979 1732 ραν
1000 1662 1172 1733 ἄκρου
1193 1660 1434 1725 δυνατῶς
1460 1660 1734 1727 έξιάσατο,

157 1759 261 1827 τῆς
295 1758 393 1829 μὲν
426 1758 649 1830 πρώτης
675 1758 770 1811 καὶ
794 1756 980 1825 τιμίας
1005 1753 1103 1824 τὴν
1131 1753 1391 1823 δευτέραν
1421 1754 1516 1806 καὶ¹
1543 1752 1738 1822 ἄτιμον

1835 585 1984 623 mum
2020 571 2142 625 istis
2162 572 2469 626 secundum
2499 582 2797 646 utrumque
2824 578 3076 647 partibus
3119 582 3177 636 in
3208 597 3410 640 semet-

1836 659 1955 729 ipso
1985 660 2385 716 circumferens
2415 663 2788 721 imminutum.
2836 668 3220 730 Factitationis
3251 678 3406 732 enim
3481 704 3484 708 λ

1835 766 1958 818 quas
1988 759 2116 806 ante
2155 752 2351 807 Adami
2401 753 2614 823 lapsum
2642 758 2872 829 contigit
2898 760 3018 832 lege
3060 762 3409 835 figurationis

1836 841 2119 897 sustinens
2146 844 2676 901 condescensionem
2732 848 2786 902 id
2815 851 3040 920 quidem
3076 858 3410 913 naturaliter

1835 946 1937 1001 per
1995 932 2424 992 insufﬂationem
2451 939 2666 1008 recepit
2702 948 2762 994 ut
2790 943 2910 999 sine
2960 957 3189 1014 peccato
3236 960 3405 1015 esset,

1837 1022 1933 1077 sed
1972 1022 2557 1094 incorruptibilitatem
2588 1029 2735 1084 haud
2768 1033 2995 1100 pariter.
3021 1035 3406 1097 Generationis

1836 1122 2156 1184 autempost
2190 1116 2405 1186 lapsum
2428 1118 2496 1174 de
2520 1120 2875 1179 damnatione
2911 1125 3177 1184 instituta:
3204 1132 3407 1187 volun-

1838 1203 1975 1257 taria
2001 1219 2101 1259 sua
2125 1205 2503 1264 exinanitione
2550 1212 2782 1268 aﬂ‘ectus
2814 1217 3142 1273 naturaliter
3166 1236 3291 1276 cum
3317 1239 3407 1278 re-

1837 1294 2095 1363 cepisset,
2136 1298 2404 1366 peccandi
2432 1300 2748 1358 facultatem
2788 1321 2896 1360 uon
2954 1306 3117 1364 simul
3176 1314 3403 1383 recepit,

1836 1393 1893 1438 et
1915 1383 1975 1437 fit
2006 1402 2184 1443 novus
2216 1389 2480 1457 Adamus,
2515 1394 2764 1449 eamdem
2809 1397 3069 1454 videlicet
3106 1400 3405 1457 factitatio-

1836 1490 1963 1531 nem
1990 1479 2239 1535 sortitus'
2266 1493 2492 1551 peccato
2534 1485 2801 1552 liberam,
2860 1490 3134 1561 simulque
3169 1509 3405 1564 genera-

1838 1568 2046 1623 tionem
2070 1572 2321 1627 eamdem
2346 1590 2471 1629 cum
2506 1575 2603 1631 illo
2631 1593 2828 1647 passus
2847 1580 3066 1637 effectui
3084 1583 3401 1641 obnoxiam.

1838 1658 2140 1730 Utramque
2172 1664 2381 1717 etenim
2399 1666 2547 1720 circa
2568 1676 2743 1723 semet
2784 1679 2950 1739 atque
2974 1673 3216 1728 vicissim
3240 1676 3406 1744 parti-

1838 1750 1942 1807 bus
1963 1753 2250 1825 utriusque
2272 1756 2511 1826 perfecte
2540 1770 2876 1815 connectens
2903 1763 3174 1820 ambabus
3196 1782 3297 1836 per
3314 1782 3404 1822 se-

172 1810 185 1812 -
215 1810 258 1827 ..
295 1810 329 1829 τν
469 1810 482 1830 .
603 1810 646 1828 ..
722 1810 727 1811 ν
853 1810 866 1825 .
960 1810 977 1817 -
1059 1810 1072 1824 .
1289 1810 1302 1823 .
1638 1810 1651 1822 .

158 1850 484 1920 ποιούμενος
534 1847 807 1917 σωστικήν
858 1863 918 1899 τε
972 1848 1067 1898 καὶ
1113 1845 1504 1915 ἀνανεωτικήν,
1550 1845 1651 1914 τῆς
1678 1842 1732 1895 δὲ

1837 1842 1987 1912 ipsas
2021 1845 2310 1916 utriusque
2371 1850 2737 1905 extremitatis
2783 1852 3001 1908 defectu
3050 1810 3297 1911 mutu'am
3346 1867 3404 1913 et

156 1941 419 2012 δευτέρας
457 1939 556 2010 τὴν
585 1936 811 2009 πρώτην
850 1935 1181 2005 συστατικήν
1210 1951 1268 1987 τε
1297 1937 1394 1988 καὶ
1437 1951 1731 2007 περιποιη-

155 2032 320 2100 τικὴν
342 2030 711 2098 καταστήσας.
742 2027 922 2096 Ἀκρα
945 2023 1004 2076 δέ
1030 2039 1173 2094 φημι
1201 2022 1302 2092 τῆς
1342 2023 1440 2093 μὲν
1465 2023 1729 2091 γενέσεως

156 2118 383 2191 πρώτης
432 2118 528 2171 καὶ
576 2117 763 2186 τιμίας
813 2115 1167 2186 ὑπαρχούσης
1208 2114 1270 2168 τὸ
1309 2114 1604 2185 ἄφθαρτον,
1657 2114 1734 2176 ὠς

156 2210 583 2283 ἀναμαρτησίας
613 2208 778 2278 ἀρχὴ.
803 2208 902 2277 τῆς
936 2208 991 2261 δὲ
1028 2209 1329 2278 γεννήσεως
1362 2207 1438 2268 ὡς
1468 2206 1731 2277 δευτέρας

156 2300 329 2372 οὖσης
360 2301 452 2353 καὶ
478 2301 674 2369 ἀτίμου
701 2299 759 2352 τὸ
780 2299 1177 2369 ἁμαρτητικὸν,
1203 2299 1279 2362 ὡς
1299 2297 1496 2361 παντὸς
1525 2298 1732 2361 πάθους

155 2390 335 2447 αἴτιον
362 2391 460 2445 καὶ
506 2391 733 2461 φθορᾶς.
769 2389 947 2460 Ἀπερ
976 2391 1054 2454 είς
1078 2390 1267 2444 ἑαυτὸν
1303 2389 1446 2443 κατά
1472 2389 1573 2460 τὴν
1605 2389 1727 2458 σάρ-

155 2497 329 2534 κωσιν
355 2478 621 2549 μηδαμῶς
650 2477 889 2548 εἰληφὼς
911 2480 939 2531 ό
956 2479 1145 2549 Σωτήρ
1172 2478 1264 2532 καὶ
1291 2478 1358 2532 τά
1380 2477 1445 2530 δι’
1467 2476 1607 2530 αὺτά
1627 2494 1730 2531 καο

154 2570 520 2641 ταδεξάμενος
549 2568 650 2639 τῆς
683 2569 786 2639 μὲν
814 2568 1081 2637 γενέσεως
1111 2569 1212 2639 τήν
1237 2570 1492 2640 γέννησιν
1537 2586 1731 2622 σωστι-

156 2661 263 2732 κὴν
292 2660 608 2729 ἐποιήσατο,
634 2659 710 2727 τῷ
735 2660 856 2712 κατ’
885 2658 1053 2731 αὐτὴν
1080 2659 1245 2713 πάθει
1285 2658 1606 2731 παραδόξως
1633 2658 1731 2729 τὴν

161 2753 264 2822 τῆς
310 2752 577 2820 γενέσεως
628 2750 937 2820 ἀφθαρσίαν
972 2751 1391 2822 ἀνανεούμενος,
1446 2753 1547 2821 τῆς
1592 2752 1637 2805 δ’
1661 2750 1731 2805 αὖ

164 2848 332 2902 πάλιν
378 2848 683 2916 γεννήσεως
740 2846 836 2914 τήν
885 2845 1098 2914 γένεσιν
1138 2847 1557 2918 περιποιητικὴν
1598 2864 1731 2900 κατ-

163 2940 455 3011 εστήσατο,
486 2940 552 3007 τῇ
585 2936 706 2990 κατ’
734 2935 906 3006 αὐτὴν
947 2937 1331 3007 ἀναμαρτησία
1364 2937 1461 3007 τὴν
1488 2939 1586 3007 τῆς
1612 2954 1734 3005 γεν.

158 3034 370 3103 νήσεως
407 3026 761 3097 καθἀγιάζων
800 3026 1125 3097 ἐμπάθειαν,
1155 3027 1242 3080 ἶνα
1263 3027 1363 3098 τὴν
1393 3029 1491 3097 μὲν
1518 3029 1732 3096 γένεσιν

1833 1933 2187 1991 fortissimam
2210 1938 2395 1993 attulit
2423 1940 2717 2007 medelam,
2757 1946 2921 2000 unius
2965 1955 3021 2000 et
3062 1946 3405 2004 honorabilis

1832 2025 2064 2081 alteram
2099 2036 2156 2082 et
2180 2029 2562 2085 inhonoratam
2608 2031 2817 2089 faciens
2852 2038 3316 2092 conservatricem
3345 2049 3402 2094 et

1833 2119 2263 2185 reuovatricem,
2292 2120 2665 2178 alteriusvero
2687 2125 2929 2194 priorem
2962 2128 3400 2185 constitutricem

1830 2216 1888 2262 et
1935 2209 2209 2265 vindicem
2260 2213 2556 2268 collocans.
2605 2214 2993 2271 Extremitates
3036 2229 3220 2274 autem
3263 2236 3404 2275 voco

1833 2298 2023 2368 prima:
2055 2301 2392 2358 conditionis
2412 2312 2476 2358 et
2501 2304 2844 2361 honorabilis
2905 2307 3402 2380 incorruptibilita-

1833 2398 1967 2455 tem,
1997 2400 2058 2446 ut
2083 2408 2205 2463 qua:
2250 2392 2626 2463 impeccantize
2660 2397 2992 2469 principium
3029 2410 3135 2466 est,
3167 2418 3401 2472 genera-

1832 2483 2001 2538 tionis
2023 2499 2176 2548 vero,
2227 2493 2289 2540 ut
2317 2487 2576 2542 secunda:
2602 2498 2660 2542 et
2695 2488 3119 2556 inhonorabilis,
3160 2493 3402 2551 indolem

1831 2576 2119 2645 peccandi,
2148 2578 2351 2648 quippe
2373 2593 2495 2648 qua:
2529 2580 2711 2634 omnis
2740 2582 3015 2650 passionis
3059 2593 3223 2655 atque
3257 2586 3399 2642 inte-

1834 2666 1973 2720 ritus
2001 2682 2167 2723 causa
2195 2676 2301 2723 est.
2327 2667 2538 2735 Quibus
2566 2686 2596 2724 a
2631 2673 2915 2729 Salvatore
2939 2689 3063 2729 cum
3098 2692 3227 2731 caro
3247 2678 3405 2737 fieret

1832 2772 2177 2828 nequaquam
2237 2761 2499 2830 receptis.
2535 2770 2594 2817 et
2638 2762 2720 2818 eis
2762 2780 2885 2833 quae
2909 2781 3009 2835 per
3040 2781 3103 2822 ea
3144 2778 3275 2823 sunt
3299 2769 3401 2823 ad-

1833 2847 2037 2913 missis,
2062 2849 2400 2905 conditionis
2420 2849 2643 2919 quidem
2666 2854 3079 2921 generationem
3106 2854 3239 2909 fecit
3272 2871 3405 2911 con-

1833 2937 2214 3001 servatricem,
2270 2938 2469 2994 affectu
2513 2941 2633 3010 ejus
2685 2941 2947 2995 nimirum
2999 2943 3293 3011 quemdam
3346 2945 3404 3000 in

1833 3029 2058 3083 modum
2080 3029 2441 3086 faetitationis
2467 3046 2740 3086 renovans
2779 3032 3357 3102 incorruptibilitatcm
3384 3052 3401 3101 ;

161 3121 445 3184 παντελῶς
474 3121 845 3193 ἁνασὼσηται,
876 3119 954 3189 τῷ
983 3118 1101 3172 κατ’
1128 3117 1298 3187 αὐτὴν
1322 3117 1561 3171 θεοτελεί
1592 3119 1732 3189 λόγῳ

1836 3118 1966 3174 item
2014 3120 2389 3190 generationis
2452 3135 2645 3177 rursus
2699 3121 3070 3176 conditionem
3118 3124 3406 3178 constituit

159 3213 262 3283 τὴν
296 3214 456 3281 φύσιν
481 3212 898 3282 διακρατοῦσαν,
928 3210 1030 3281 τῆς
1059 3211 1114 3264 δὲ
1145 3212 1456 3280 γεννήσεως
1483 3210 1581 3282 τήν
1612 3213 1736 3266 ὑπο-

165 3301 441 3369 πεσοῦσαν
489 3305 627 3374 αὐτῇ
672 3302 834 3371 φύσιν
872 3302 961 3355 διά
1002 3301 1101 3371 τὴν
1137 3301 1410 3372 ἁμαρτίαν
1452 3302 1734 3367 παντελῶς

160 3393 529 3466 ἐλευθερώσῃ,
586 3394 663 3464 τῷ
701 3394 824 3446 κατ’
866 3394 1036 3462 αὐτὴν
1071 3393 1203 3455 ἴσως
1230 3395 1343 3456 τοῖς
1374 3393 1582 3457 λοιποῖς
1642 3396 1735 3447 ἐπὶ

161 3485 271 3555 γῆς
303 3484 463 3548 ζώοις
495 3484 776 3555 έπιρῤύτῳ
803 3484 902 3553 τῆς
937 3484 1146 3553 σπορᾶς
1166 3483 1353 3553 τρόπῳ
1388 3482 1463 3554 μή
1497 3501 1730 3555 κρατου-

162 3576 352 3645 μένην.
385 3574 634 3644 Συνάψας
662 3574 755 3627 οὖν
786 3574 999 3640 γένεσιν
1042 3574 1136 3626 καὶ
1163 3562 1359 3627 πλάσιν
1384 3575 1475 3626 καὶ
1498 3575 1734 3644 ἔμπνευ-

161 3681 251 3716 σιν
295 3663 543 3734 φυσικῶς
587 3664 654 3734 τῇ
689 3666 707 3733 (
724 3663 885 3732 227
915 3662 987 3732 a)
1017 3663 1291 3731 σαρκώσει
1317 3662 1411 3714 καὶ
1439 3664 1504 3732 τῇ
1539 3664 1730 3733 γεννή-

161 3772 272 3819 σει,
310 3755 451 3809 κατά
490 3754 659 3824 μόνην
689 3754 929 3807 ἐπίνοιαν
975 3752 1222 3821 ἀλλήλων
1250 3752 1413 3817 δίελε,
1442 3753 1535 3807 καὶ
1562 3755 1730 3824 εὑρή-

160 3862 278 3908 σεις
306 3845 448 3899 κατὰ
488 3846 579 3898 τὸν
633 3846 808 3915 μέγαν
836 3843 1155 3897 διδάσκαλον
1180 3844 1279 3913 τὴν
1305 3844 1570 3914 τετάρτην
1602 3846 1729 3912 γέν-

157 3953 337 4005 νησιν,
383 3934 811 4006 συμπληροῦσαν
862 3934 962 4003 τὴν
1009 3934 1074 3987 ὲκ
1123 3934 1412 4003 σωμάτων,
1454 3934 1547 3987 καὶ
1593 3936 1730 4008 μόνῃ

156 4027 374 4097 ἐπινοίᾳ.
403 4028 498 4096 τὴν
527 4025 621 4079 ἀπ’
658 4024 831 4095 αὐτῆς
856 4023 1151 4095 δεχομένην
1177 4023 1447 4095 διάκρισιν
1476 4024 1616 4079 κατά
1638 4026 1730 4079 τὸν

157 4117 497 4170 ἀποδοθέντα
522 4116 742 4185 τρόπον.
778 4113 938 4184 Λέγω
971 4114 1029 4167 δὲ
1063 4114 1258 4167 ταύτὸν
1282 4108 1422 4169 εἶναι
1452 4116 1550 4186 τὴν
1576 4116 1727 4184 γένε-

158 4223 251 4259 σιν
298 4204 800 4277 προεπινοουμένην
842 4204 1089 4274 φυσικῶς
1119 4205 1221 4274 τῆς
1249 4205 1574 4259 ἐπεισάκτου
1604 4223 1729 4275 γεν-

156 4299 394 4368 νήσεως,
421 4292 489 4369 ἦς
524 4296 653 4351 ἴδιόν
683 4297 802 4350 ἐστι
839 4297 901 4350 τὸ
946 4286 1252 4367 ἐμφύσημα
1300 4297 1363 4351 τὸ
1391 4297 1608 4366 πρῶτον
1635 4299 1729 4351 καὶ

157 4391 412 4457 ζωτικόν.

1835 3212 2131 3274 vindicem,
2187 3212 2551 3281 impeccantia
2602 3213 2724 3283 ejus
2773 3198 2977 3267 statum
3030 3215 3406 3284 generationis

1834 3302 2055 3357 all‘ectui
2119 3301 2421 3356 obnoxium
2479 3304 2848 3368 sanctificans,
2908 3313 2967 3358 ut
3025 3304 3403 3360 conditionem

1834 3392 1994 3461 plene
2039 3391 2243 3446 salvam
2291 3392 2517 3458 faceret,
2545 3393 2745 3448 divinae
2768 3408 2868 3448 sua
2915 3394 3272 3463 perfectionis
3315 3409 3403 3449 ra-

1835 3482 1983 3535 tione
2015 3491 2434 3535 eonservantem
2484 3490 2762 3546 naturam,
2800 3499 2831 3537 a
2875 3484 3231 3554 generatione
3270 3500 3402 3539 vero

1834 3581 2087 3626 naturam
2122 3572 2250 3625 huic
2302 3580 2528 3641 propter
2581 3573 2844 3628 delictum
2894 3574 3194 3643 subjectam
3240 3575 3403 3645 plane

1831 3662 2117 3727 liberaret,
2142 3662 2374 3716 sationis
2402 3662 2586 3726 modo,
2631 3663 2759 3717 inde
2805 3664 3040 3719 fortasse
3082 3666 3313 3736 reliquis
3345 3668 3401 3722 in

1832 3758 1977 3805 terra
2004 3752 2335 3806 animalibus
2363 3752 2686 3818 adventitio,
2710 3768 2820 3808 non
2846 3754 3132 3809 domitam.
3169 3754 3324 3822 Quod
3354 3756 3401 3810 si

1832 3842 2211 3899 conditionem
2243 3853 2300 3898 et
2340 3843 2721 3913 figurationem
2750 3853 2808 3899 et
2843 3844 3266 3900 insufllationem
3300 3861 3401 3900 na-

1834 3935 2087 3989 turaliter
2120 3950 2247 3990 cum
2309 3934 2695 3989 incarnatione
2749 3943 2805 3988 et
2858 3950 2984 3989 cum
3044 3936 3401 4004 generatione

1830 4026 2205 4096 conjunxeris,
2231 4025 2507 4096 distingue
2532 4026 2630 4080 has
2650 4026 2793 4080 inter
2813 4042 2872 4081 se
2901 4026 3016 4081 sola
3045 4027 3397 4097 cogitatione,

1832 4126 1889 4175 et
1916 4118 2189 4180 invenies,
2219 4117 2525 4173 secundum
2547 4132 2800 4187 magnum
2834 4118 3178 4187 magistrum,
3230 4133 3400 4187 quar-

1831 4220 1939 4263 tam
1971 4208 2404 4277 generationem,
2440 4207 2716 4276 complere
2743 4222 2861 4261 eam
2904 4222 3028 4277 quae
3046 4222 3113 4261 ex
3154 4208 3406 4276 corpori-

1831 4299 1936 4352 bus
1958 4297 2036 4361 fit,
2072 4298 2298 4365 solaque
2323 4296 2656 4366 cogitatione
2691 4297 2996 4365 capientem
3045 4295 3204 4353 istam
3242 4295 3311 4349 ab
3340 4310 3400 4349 se

1832 4393 1948 4461 ipsa
1985 4386 2396 4442 distinctionem
2420 4401 2487 4443 eo
2521 4402 2683 4457 quem
2714 4386 2964 4441 enarravi
2995 4386 3180 4441 modo.
3214 4386 3400 4442 Status

157 4489 345 4537 autem
394 4480 532 4536 nihil
563 4480 787 4536 din'erre
857 4480 1229 4537 conditionem
1300 4494 1424 4550 quae
1469 4482 1796 4537 naturaliter
1831 4490 1957 4537 ante
2024 4477 2500 4549 superaddititiam
2560 4477 2709 4533 illam
2752 4476 3186 4548 generationem,
3239 4477 3399 4547 cujus

156 4570 440 4642 peculiare
467 4578 553 4626 est
585 4569 881 4626 insuﬂlatio
909 4570 1083 4641 prima
1118 4578 1282 4640 atque
1316 4569 1518 4635 vitalis,
1553 4571 1734 4626 animo
1774 4570 2104 4641 concipitur.

1754 4693 1823 4706 .-

158 4757 384 4826 Θεωρία
408 4758 496 4823 εις
527 4755 615 4819 τὸ,
654 4773 673 4809 ι
715 4755 986 4825 Τρισσήν
1013 4756 1299 4826 γέννησιν
1324 4757 1467 4826 ἡμῖν
1509 4753 1672 4812 οἶδεν
1701 4760 1732 4811 ὀ

1837 4756 2224 4829 Contemplatio
2270 4759 2326 4811 in
2373 4754 2548 4809 illud:
2592 4771 2609 4804 ι
2637 4751 2849 4822 Triplex
2904 4754 3198 4808 nativitatis
3231 4749 3396 4821 genus

808 4849 1021 4915 Λόγος.
1069 4865 1089 4898 ι

232 4941 343 4994 Καὶ
371 4939 669 5012 συλλήϐδην
713 4938 909 5001 εἰπεῖν,
944 4940 993 4991 εἰ
1023 4937 1230 5008 βούλοιο
1257 4937 1463 5005 γνῶναι
1490 4940 1598 4993 τῶν
1632 4938 1725 4992 τοῦ

155 5030 481 5085 διδασκάλου
543 5030 717 5097 λόγων
768 5029 868 5100 τὴν
922 5029 1231 5099 ἀκρίϐειαν,
1256 5031 1412 5100 ζήτει
1437 5031 1521 5091 τίς
1547 5031 1576 5080 ό
1603 5030 1727 5083 κατ’

154 5121 341 5174 αἰτίαν
370 5120 777 5191 προηγούμενος
804 5121 903 5191 τῆς
946 5118 1234 5191 ἀνθρώπου
1263 5120 1528 5188 γενέσεως
1571 5120 1726 5188 λόγος

153 5216 331 5276 ἐστὶν,
381 5214 411 5267 ό
466 5214 565 5284 τῆς
618 5213 756 5275 ίδίας
797 5213 945 5276 ἐντὸς
1001 5213 1175 5283 μένων
1238 5213 1325 5266 ἀεὶ
1371 5213 1730 5283 μονιμότητος

153 5301 589 5370 ἁνεκφοιτήτως,
624 5301 718 5354 καὶ
749 5302 831 5364 τίς
859 5303 888 5353 ό
914 5302 1052 5355 κατά
1076 5300 1176 5370 τήν
1205 5301 1551 5371 παιδευτικὴν
1581 5303 1729 5355 οἱκο-

154 5392 356 5461 νομίαν
386 5393 482 5461 τῆς
507 5393 813 5463 γεννήσεως
860 5391 1023 5447 αὑτοῦ
1049 5391 1136 5446 διὰ
1166 5392 1265 5461 τὴν
1302 5391 1581 5461 ἁμαρτίαν
1603 5393 1731 5458 τρό-

156 5499 287 5546 πος,
321 5484 349 5535 ὁ
378 5482 529 5546 τέλος
561 5482 701 5553 ἔχων
738 5483 837 5554 τήν
887 5483 981 5537 τοῦ
1026 5483 1547 5553 παιδαγωγουμένου
1582 5484 1730 5554 διόρ-

158 5574 332 5629 θωσιν
363 5577 455 5629 καὶ
486 5575 623 5646 πρὸς
652 5575 742 5629 τὸν
791 5575 948 5645 λόγον
985 5576 1082 5646 τῆς
1123 5574 1288 5628 αὐτοῦ
1322 5574 1587 5643 γενέσεως
1631 5575 1732 5645 τήν

157 5666 376 5721 τελείαν
418 5667 696 5731 ἐπάνοδον,
746 5668 841 5721 καὶ
899 5667 1118 5738 μαθήσῃ
1169 5665 1359 5735 σαφῶς
1393 5664 1509 5728 πῶς
1541 5666 1571 5718 ὁ
1602 5665 1734 5729 Θεὸς

160 5757 457 5829 γενόμενος
511 5757 798 5830 ἄνθρωπος
850 5760 973 5814 κατ’
1026 5758 1194 5829 ἄμφω
1240 5756 1459 5820 τελείως
1518 5757 1731 5826 γέγονε,

2217 4849 2362 4901 nobis
2395 4843 2630 4915 agnoscit
2674 4842 3004 4914 Scriptura.»

1901 4943 2079 5011 thue
2107 4940 2297 5011 paucis
2323 4938 2622 5000 absolvam,
2654 4935 2700 4989 si
2740 4935 2987 5004 magistri
3009 4945 3320 4992 accuratam
3343 4938 3399 4992 in

1833 5031 2166 5102 disputando
2196 5029 2533 5099 diligentiam
2558 5041 2893 5096 cognoscere
2924 5026 3030 5090 vis,
3048 5044 3231 5096 quaere
3253 5044 3401 5097 quae-

1834 5142 1958 5180 nam
1983 5125 2054 5179 sit
2082 5124 2173 5178 illa
2198 5120 2439 5177 hominis
2462 5118 2871 5189 generationem
2923 5121 3217 5175 causaliter
3263 5137 3402 5190 prae-

1835 5217 2036 5273 cedens
2056 5216 2215 5279 ratio,
2248 5229 2368 5284 qum
2392 5213 2448 5290 ip
2472 5206 2569 5267 s'lta
2591 5211 2889 5267 stabilitate
2913 5222 3228 5278 perseverat
3258 5228 3402 5265 nun-

1833 5320 1996 5375 quam
2030 5319 2337 5375 egressura,
2376 5312 2433 5357 et
2486 5303 2612 5371 quis
2647 5302 2719 5356 sit
2749 5299 3119 5371 generationis
3167 5302 3287 5371 ejus
3333 5316 3402 5356 ex

1835 5394 2043 5448 delicto
2078 5391 2386 5448 secundum
2419 5389 2818 5445 institutorium
2847 5388 2932 5442 vel
2982 5387 3398 5457 caStigatorium

1837 5485 1931 5539 Dei
1961 5484 2253 5539 consilium
2278 5482 2496 5545 modus,
2528 5483 2683 5551 cujus
2727 5480 2851 5535 finis
2905 5488 2989 5533 est
3036 5479 3154 5548 ejus
3182 5480 3275 5547 qui
3308 5479 3397 5534 in-

1829 5575 2078 5630 stituitur
2126 5573 2436 5628 emendatio
2495 5572 2678 5640 adque
2732 5569 3004 5624 rationem
3062 5568 3392 5624 conditionis

1831 5681 1944 5721 suae
1984 5665 2260 5735 perfectus
2302 5665 2533 5727 reditus,
2567 5672 2623 5717 et
2671 5662 2981 5717 luculenter
3024 5661 3205 5715 disces
3257 5672 3394 5730 quo-

1832 5757 1994 5814 modo
2018 5758 2161 5814 Deus
2200 5774 2324 5814 cum
2341 5759 2504 5813 homo
2541 5757 2697 5813 fieret
2735 5771 2800 5811 ex
2851 5764 3087 5824 utroque
3119 5753 3395 5825 perfectus
