4192 6434
819 384 949 450 1319

1931 387 1991 445 S.
2031 386 2317 444 MAXIMI
2357 385 2864 451 CONFESSORIS

3935 399 4056 461 13ἓῦ

815 501 988 552 lactus
1014 497 1100 556 sit,
1139 497 1207 550 ad
1234 513 1360 550 cum
1383 511 1546 566 quem
1582 496 1822 551 habebat
1857 512 2051 550 revera
2105 497 2378 550 eomlitia-
2411 511 2424 552 Δ

2447 542 2449 551 ι
2481 502 2614 568 πρὸς
2648 502 2707 554 ὃν
2738 497 2881 571 εἶχεν
2914 503 3128 571 ἀληθῶς
3179 505 3277 574 τῆς
3314 508 3582 573 γενέσεως
3620 509 3783 576 λόγον
3814 509 3913 560 τὸν
3949 512 4054 562 κατ’

817 587 908 640 nis
934 587 1200 640 rationem
1223 586 1393 640 divini
1412 586 1626 639 consilii
1659 587 1879 639 modum
1909 588 2192 654 sapienter
2217 587 2382 640 redu-

821 691 950 730 cens
973 685 1028 730 et
1064 687 1174 730 tum
1188 678 1310 745 jure
1344 676 1706 730 admiraberis
1734 676 1801 730 de
1831 677 2076 744 magistri
2105 677 2381 740 acumine,

821 766 967 835 quod.
1000 782 1061 819 ea
1103 780 1222 832 qua:
1267 765 1595 819 naturaliter
1629 766 1908 819 cohaerent
1933 766 2269 834 cogitatione
2295 781 2383 819 se-

821 875 1048 930 gregans
1078 869 1242 911 totam
1263 858 1510 928 mysterii
1544 859 1589 912 si
1621 857 1768 925 quod
1800 857 1948 910 aliud
1995 856 2164 910 divini
2197 855 2250 907 ia
2283 869 2385 908 no-

821 948 907 1001 bis
930 955 1111 1001 ocutte
1146 947 1514 1000 manil‘estavit
1538 946 1829 999 rationem.
1855 944 2208 1012 Corporaleln
2238 942 2386 994 enim

821 1039 1229 1107 generationem
1255 1039 1409 1091 vitali
1445 1037 1811 1090 insulﬂatione
1836 1047 1892 1090 ct
1922 1034 2301 1088 incarnatione
2332 1032 2388 1085 in

821 1139 1003 1182 mente
1045 1129 1384 1199 distinguens
1409 1129 1740 1198 generatorii
1774 1127 1921 1179 modi
1972 1141 2002 1178 a
2052 1124 2390 1178 conditionis

825 1222 1037 1274 ratione
1061 1221 1427 1274 dill‘erentiam
1457 1221 1690 1274 obscure
1721 1218 2066 1288 significavit.
2101 1216 2248 1282 Quas
2293 1229 2392 1268 no-

824 1322 937 1366 stra
967 1329 1128 1366 causa
1159 1315 1300 1365 Deus
1328 1322 1537 1366 natura:
1572 1322 1887 1375 renovator,
1933 1310 2118 1364 verius
2157 1307 2389 1362 dixerim

824 1405 1573 1474 novator,assumpsit,adque
1596 1404 1887 1473 pristinum
1905 1404 2172 1454 honorem
2195 1401 2383 1452 ineor-

826 1496 1206 1564 ruptihilitatis
1231 1498 1377 1550 illam
1413 1496 1641 1550 adduxit
1665 1511 1761 1564 per
1803 1503 2044 1548 sanctam
2081 1507 2235 1545 suam
2273 1505 2393 1558 quae

825 1587 892 1639 de
939 1589 1096 1641 nobis
1154 1600 1370 1657 sumpta
1433 1599 1488 1641 et
1530 1585 1935 1641 rationabiliter
1980 1585 2221 1639 animata
2274 1592 2394 1636 erat

825 1694 1069 1740 carnem,
1113 1695 1342 1747 eamque
1391 1678 1695 1732 liberaliter
1757 1678 1984 1745 insuper
2043 1675 2392 1729 deiﬁcatione

827 1771 1064 1832 ornavit,
1091 1770 1157 1824 de
1214 1786 1320 1838 qua
1351 1769 1417 1822 ad
1450 1770 1649 1824 animae
1681 1771 1855 1824 instar
1880 1771 1932 1822 in
1977 1782 2205 1836 corpore
2233 1765 2393 1818 inha-

829 1860 1036 1913 bitantc
1067 1860 1167 1928 ipsi
1201 1861 1292 1927 qui
1326 1859 1644 1913 incarnatus
1668 1867 1753 1913 est
1803 1860 1914 1912 Deo
1959 1858 2213 1912 excidere
2247 1854 2394 1909 haud
2429 1846 2470 1899 Β

827 1949 1041 2014 liceret,
1067 1966 1186 2018 qua:
1209 1939 1381 2003 totum
1410 1951 1697 2004 inconfuse
1738 1949 2039 2004 secundum
2089 1947 2393 2001 nnitioncm

826 2042 1163 2100 circumiret.
1204 2058 1409 2111 proque
1435 2043 1609 2111 ipsius
1637 2059 1736 2112 per
1775 2058 1895 2096 eam
1960 2038 2396 2093 manifestatione

753 2117 758 2125 ’
830 2131 1125 2186 intantum
1160 2135 1421 2187 occultari
1454 2134 1723 2202 reciperet
1764 2133 1817 2185 in
1845 2141 2112 2201 quantum
2151 2130 2268 2198 ipse
2301 2145 2398 2196 per

829 2237 947 2275 cam
975 2224 1354 2276 manil’estatus
1387 2233 1443 2278 et
1470 2223 1899 2277 occultationem
1957 2236 2110 2274 suam
2147 2232 2398 2288 egressus

828 2329 948 2368 esse
975 2323 1196 2383 putatus
1230 2324 1349 2370 est:
1382 2325 1440 2369 ct
1491 2315 1622 2384 quid
1649 2315 1793 2384 quod
1834 2311 2212 2368 amirabiiius?
2252 2307 2399 2378 quod

831 2408 1156 2460 naturaliter
1186 2408 1331 2462 Deus
1357 2407 1647 2469 exsistcns,
1668 2417 1722 2459 et
1768 2406 1930 2458 homo
1959 2415 2140 2458 tamen
2175 2412 2402 2455 natura-

829 2498 958 2551 liter
987 2497 1102 2550 lieri
1136 2499 1409 2567 dignatus,
1439 2498 1687 2551 neutrius
1709 2507 1919 2551 natura:
1972 2497 2250 2549 naturales
2289 2511 2400 2546 0m-

831 2591 965 2643 nino
1022 2590 1157 2642 lines
1189 2607 1284 2658 per
1329 2591 1558 2643 alteram
1611 2590 1886 2658 migravit,
1931 2588 2024 2642 sed
2078 2596 2225 2641 totus
2258 2588 2400 2639 Deus

830 2680 1101 2733 cxsistens
1131 2688 1277 2732 totus
1308 2679 1470 2732 homo
1495 2680 1671 2732 fartus
1694 2675 2106 2748 perseveravit?
2147 2691 2214 2727 eo
2253 2673 2399 2742 quod

830 2767 978 2824 Deus
1026 2779 1110 2822 est
1162 2771 1457 2838 quominus
1502 2771 1666 2822 homo
1712 2770 1866 2823 ﬁeret
1910 2783 2019 2820 non
2068 2765 2398 2835 prohibitus,

831 2873 1012 2927 neque
1038 2859 1283 2926 profecto
1304 2873 1370 2912 eo
1392 2858 1539 2927 quod
1564 2859 1726 2911 homo
1756 2857 1931 2910 factus
1958 2865 2042 2910 est
2073 2857 2277 2909 deitate
2305 2855 2404 2908 de-

834 2951 1102 3013 minutus,
1130 2967 1272 3004 unas
1302 2959 1357 3005 et
1386 2951 1530 3004 idem
1572 2958 1722 3004 totus
1757 2965 1857 3018 per
1911 2957 2207 3016 utrmnque
2256 2962 2403 2999 sem-

836 3057 934 3111 per
955 3043 1280 3105 consistens,
1324 3051 1380 3096 et
1401 3050 1583 3095 tamen
1608 3056 1799 3094 revera
1833 3047 2126 3106 utrumque
2149 3048 2205 3092 et
2237 3037 2401 3089 homo

2488 593 2798 646 οἰκονομίαν
2851 595 3028 662 σοφῶς
3081 596 3369 664 ἐπανάγων
3418 598 3639 656 τρόπον.
3674 600 3772 652 καὶ
3802 599 3933 650 τότε
3985 604 4054 651 ἑα-

2490 682 2662 746 ratio);
2689 683 2992 752 θαημάσεις
3021 689 3119 756 τῆς
3160 687 3427 750 συνέσεως
3459 689 3550 741 τὸν
3571 690 3921 750 διδάσκαλον,
3954 691 4055 751 πῶς

2491 773 2558 823 τὰ
2591 774 2731 827 κατά
2760 775 2857 844 τὴν
2891 775 3054 841 φύσιν
3099 778 3423 846 συνημμένα
3457 780 3577 831 κατ’
3610 781 3854 832 ἐπίνοιαν
3881 780 4054 832 διελὼν

2491 861 2583 916 τὸν
2614 863 2734 916 ὅλον
2763 865 2856 916 τοῦ
2891 867 2976 934 ἐφ’
3005 869 3134 937 ἡμῖν
3165 867 3442 923 θειοτάτου
3483 871 3785 942 μυστηρίου
3815 873 4055 941 κρυφῖως

2492 953 2818 1024 διετράνωσε
2859 957 3048 1025 λόγον.»
3073 959 3186 1029 Τὴν
3237 961 3346 1028 γὰρ
3379 963 3440 1013 ἐκ
3492 962 3762 1031 σωμάτων
3812 963 4056 1030 γέννηιιν

2493 1045 2571 1112 τῷ
2603 1045 2818 1115 ζωτικῷ
2850 1048 3205 1118 ἐμφυσήματι
3240 1050 3332 1101 καὶ
3383 1053 3450 1120 τῇ
3484 1052 3762 1120 σαρκώσει
3792 1051 3920 1103 κατ’
3949 1053 4056 1102 ἐπί-

2495 1152 2647 1188 νοιαν
2675 1137 3003 1206 ὲπιμερίσας
3035 1141 3133 1206 τὴν
3180 1139 3424 1211 πρὸςτὸν
3447 1141 3587 1193 κατὰ
3608 1141 3706 1211 τὴν
3732 1141 3956 1208 γένεσιν
3979 1143 4056 1194 λό-

2496 1245 2590 1296 γον
2623 1228 2715 1281 τοῦ
2755 1231 2896 1283 κατά
2941 1232 3039 1301 τὴν
3073 1231 3326 1303 γέννησιν
3383 1234 3585 1302 τρόπον
3628 1233 3901 1301 διαφορὰν
3933 1250 4053 1301 παρ-

2496 1322 2738 1392 ῃνίξατα
2766 1315 2866 1375 Ὧν
2907 1323 3297 1394 ἐπιλαϐόμενος
3351 1324 3416 1378 δι’
3471 1327 3614 1394 ἡμᾶς
3669 1329 3696 1378 ὁ
3748 1325 3848 1395 τὴν
3911 1325 4058 1392 φύσιν

2498 1411 2847 1474 ἀνακαινίσας
2878 1412 3031 1476 Θεὸς.
3067 1413 3266 1481 μᾶλλον
3297 1413 3352 1465 δὲ
3384 1415 3634 1476 καινίσας
3668 1416 3847 1466 εἰπεῖν
3878 1414 4060 1481 ἀληθέι

2501 1517 2711 1568 στερον,
2743 1502 2835 1551 καὶ
2869 1501 3005 1569 πρδς
3036 1500 3097 1552 τὸ
3127 1503 3350 1570 ἀρχαῖον
3393 1502 3585 1564 κάλλος
3620 1502 3787 1570 αὐτὴν
3831 1502 3936 1569 τῆς
3967 1501 4057 1572 ἀφ-

2499 1589 2727 1658 θαρσίας
2751 1588 3046 1656 ἐπαγαγὼν
3065 1590 3153 1643 διὰ
3180 1590 3277 1658 τῆς
3306 1590 3500 1660 (22⁷
3534 1590 3598 1660 b)
3630 1590 3688 1655 ἐξ
3719 1589 3881 1658 ἡμῶν
3912 1588 4058 1653 ἁγία,

2499 1678 2663 1732 αὑτοῦ
2713 1678 2804 1732 καὶ
2833 1678 3066 1746 λογικῶς
3101 1678 3460 1748 ὲψυχωμένης
3509 1678 3730 1746 σαρκὸς,
3766 1678 3866 1729 καὶ
3914 1675 4060 1728 alia?

2501 1769 2911 1840 παρασχόμενος
2943 1770 3078 1839 αὐτῇ
3108 1769 3416 1839 φιλοδῶρως
3463 1769 3562 1836 τὴν
3613 1767 3826 1828 θέωσιν,
3863 1761 3934 1834 ἦς
3976 1780 4059 1833 με·

2496 1864 2751 1914 ταπεσείν
2793 1860 3070 1922 παντελῶς
3127 1861 3410 1930 ἀμήχανον
3447 1856 3595 1927 αὑτῷ
3622 1855 3699 1925 τῷ
3733 1855 4061 1926 σαρκωθέντι

2498 1953 2615 2022 Θεῷ
2645 1954 2822 2023 ψυχῆς
2854 1953 3054 2023 τρόπον
3105 1953 3329 2021 ἐνούσης
3382 1949 3614 2020 σώματι,
3647 1947 3715 2000 δι’
3739 1947 3868 2000 ὅλου
3923 1963 4062 2014 περιρ

2498 2043 2828 2112 χωρήσασαν
2883 2043 3205 2112 ἁσυγχύτως
3255 2044 3395 2094 κατὰ
3424 2041 3520 2112 τὴν
3561 2041 3776 2105 ἕνωσιν,
3825 2040 3927 2090 καὶ
3977 2038 4063 2106 τῆς

2499 2133 2663 2186 αὑτοῦ
2691 2134 2808 2185 κατ’
2836 2134 3000 2201 αὑτὴν
3032 2133 3348 2201 ἐκφάνσεως
3379 2131 3632 2185 τοσοῦτον
3675 2128 4064 2184 ἀντιλαϐούσσν

2500 2225 2559 2276 τὸ
2586 2225 2924 2293 κρύπτεσθαι
2972 2228 3095 2277 ὅσον
3127 2211 3291 2286 αὐτὸς
3320 2225 3386 2277 δι’
3410 2223 3576 2292 αὐτὴν
3604 2222 3798 2290 γέγονε
3839 2219 4065 2290 φανερὸς

2502 2314 2592 2364 καί
2647 2315 2740 2384 τῆς
2784 2314 2988 2376 οἰκείας
3041 2315 3275 2382 φυσικῆς
3336 2313 3695 2381 κρυφιότητος
3755 2307 4065 2376 ἐκϐεϐηκὼς

2503 2406 2790 2475 ἐνομίσθηο
2833 2408 2926 2458 καὶ
2973 2409 3022 2457 τί
3078 2405 3266 2458 τούτου
3315 2402 3766 2476 παραδοξότερον,
3797 2403 3886 2454 ὅτι
3921 2399 4065 2469 φύσει

2502 2497 2634 2558 Θεὸς
2665 2496 2942 2566 ὑπάρχων,
2977 2499 3070 2550 καὶ
3115 2497 3399 2566 ἅνθρωπος
3429 2495 3590 2564 φύσει
3632 2494 3890 2562 γενέσθαι
3948 2510 4065 2545 κατ-

2502 2588 2758 2654 αξιώσας,
2785 2590 3070 2659 οὐδετέρα,
3119 2589 3330 2656 φύσεως
3357 2590 3478 2650 τοὺς
3512 2587 3774 2655 φυσικοὺς
3799 2588 3966 2655 ὅρους
3993 2586 4067 2636 διὰ

2447 2752 2451 2758 1
2501 2683 2600 2749 τῆς
2632 2680 2826 2742 ἐτέρας
2866 2678 3140 2739 πιντελῶς
3167 2677 3536 2746 παρήμειψεν,
3561 2676 3675 2730 ἀλλ’
3700 2677 3816 2738 ὅλος
3846 2675 3981 2737 Θεὸς
4005 2675 4070 2726 ῶν

2503 2771 2622 2832 ὅλος
2663 2769 2952 2836 γενόμενος
3004 2767 3272 2836 διέμεινεν
3321 2765 3639 2836 ἄνθρωποςς
3683 2766 3744 2817 οὐ
3797 2765 3886 2834 τῷ
3944 2761 4069 2817 εἶναι

2503 2859 2634 2922 Θεὸς
2665 2859 2949 2928 ἄνθρωπος
3002 2857 3254 2925 γενέσθαι
3311 2857 3676 2925 κωλυόμενος,
3711 2855 3835 2908 οὔτε
3873 2856 3982 2924 μὴν
4006 2856 4070 2922 τῷ

2503 2951 2752 3022 γενέσθαι
2779 2951 3066 3020 ἅνθρωπος
3094 2949 3188 3002 τοῦ
3223 2946 3364 3002 εἶναι
3395 2950 3526 3011 Θεὸς
3555 2949 3975 3018 ἐλαττούμενος,
4005 2943 4070 3007 εἷς

2506 3045 2594 3098 καὶ
2623 3046 2651 3097 ὁ
2682 3045 2842 3106 αὑτὸς
2875 3044 2994 3105 ὅλος
3045 3043 3113 3095 δι’
3167 3043 3371 3111 ἀμφοῖν
3420 3041 3880 3111 συντηρούμενος,
3918 3039 4071 3109 ἄμφω

835 3146 892 3188 et
916 3136 1079 3196 Deus,
1107 3134 1430 3188 naturaliter
1454 3133 1747 3195 exsistens,
1768 3146 1948 3199 neque
1972 3128 2252 3182 essentiali
2281 3144 2405 3196 par-

2447 3169 2478 3230 :
2508 3136 2753 3205 φυσικῶς
2793 3135 2933 3188 κατὰ
2977 3133 3236 3202 ἀλήθειαν
3279 3132 3564 3203 ὑπάρχων,
3595 3133 3731 3202 μήτε
3765 3132 3847 3200 τῷ
3891 3133 4073 3200 ἀκραι-

839 3226 974 3280 tium
1025 3226 1296 3279 naturalis
1339 3225 1665 3278 dill'erentiae
1704 3222 2017 3291 integritate
2049 3220 2280 3282 divisus,
2308 3234 2404 3272 ne—

836 3334 944 3385 que
969 3318 1349 3387 singularitatc
1372 3315 1694 3370 subslanti:e
1719 3315 2004 3375 confusus,
2025 3327 2131 3364 non
2166 3319 2406 3362 nmtatus

840 3408 896 3462 in
948 3408 1269 3462 inferiorem
1299 3416 1556 3462 naturam
1601 3415 1698 3461 aut
1748 3405 1801 3458 in
1838 3404 1890 3456 id
1928 3402 2074 3471 quod
2123 3417 2231 3454 non
2259 3408 2406 3452 esset

837 3500 1114 3568 delapsus.
1158 3499 1353 3553 Carnis
1397 3497 1581 3566 specie
1630 3505 1686 3550 et
1737 3496 1912 3549 forma
1958 3494 2230 3555 divinum,
2261 3490 2405 3544 haud

837 3605 953 3659 pra:
976 3605 1034 3643 sc
1065 3590 1250 3643 ferens
1272 3589 1589 3652 consilium,
1616 3599 1671 3642 et
1692 3603 1813 3656 qua!
1845 3587 1951 3640 alia
1980 3585 2047 3640 ad
2097 3583 2406 3654 subjectum

838 3678 1132 3747 recipiens,
1163 3678 1568 3732 consummavit
1627 3675 1786 3740 illud,
1821 3675 1914 3729 sed
1963 3675 2136 3742 ipsam
2185 3672 2407 3742 proprie

839 3778 896 3822 et
933 3783 1121 3823 revera
1170 3779 1502 3838 assumptam
1535 3769 1828 3822 humanam
1865 3782 2052 3821 secum
2081 3767 2199 3834 ipso
2251 3774 2410 3817 natu-

839 3873 956 3912 ram
994 3859 1431 3912 substantialiter
1483 3859 1814 3912 eoadunavit
1849 3857 2123 3911 stabiliter
2167 3864 2224 3909 ct
2272 3871 2407 3907 con—

841 3961 1051 4007 stanter
1070 3962 1127 4007 et
1163 3954 1373 4022 integre
1399 3961 1455 4005 et
1504 3951 1966 4020 inseparabiliter,
2010 3959 2178 4017 atque
2217 3962 2408 3999 essen-

842 4042 956 4095 tiali
983 4044 1102 4111 ejus
1131 4043 1342 4096 ratione
1373 4057 1435 4095 ac
1483 4043 1589 4095 line
1632 4056 1700 4093 ne
1731 4040 2073 4094 dilaberetur
2111 4037 2406 4092 continuit.

841 4132 958 4198 Qua
988 4133 1151 4186 etiam
1177 4133 1514 4202 coporalem,
1549 4132 1855 4185 secundum
1903 4141 2151 4184 sanetum
2183 4129 2329 4181 hunc
2355 4135 2411 4181 et

841 4237 1093 4293 magnum
1135 4223 1475 4290 magistrum,
1505 4233 1749 4275 nostram
1783 4219 2196 4289 generationem
2231 4218 2408 4270 hono-

842 4318 1004 4379 ravit,
1029 4328 1085 4368 et
1116 4315 1280 4367 homo
1306 4329 1435 4368 vere
1490 4313 1665 4367 factus
1689 4320 1747 4366 et
1767 4311 2073 4364 humanum
2102 4307 2158 4360 in
2185 4304 2409 4358 modum

841 4415 1157 4479 generatus,
1186 4416 1246 4460 ut
1277 4421 1375 4458 nos
1392 4405 1458 4458 de
1487 4403 1864 4472 generationis
1889 4401 2125 4455 vinculis
2149 4399 2408 4462 solveret,

2508 3230 2628 3295 φνεῖ
2659 3227 2756 3295 τῆς
2787 3225 2908 3278 κατ’
2939 3225 3127 3276 οὑσίαν
3171 3224 3281 3276 τῶν
3329 3223 3510 3296 μερῶν
3547 3224 3782 3292 φυσικῆς
3818 3222 4072 3290 διαφορᾶς

2504 3319 2900 3390 διαιρούμενος,
2941 3318 3074 3388 μήτε
3140 3316 3245 3387 μὴν
3285 3316 3362 3386 τῷ
3410 3315 3595 3385 ἄκρως
3657 3313 3940 3383 μοναδικῷ
3990 3314 4072 3380 τῆς

2506 3411 2857 3472 ὑποστάσεως
2904 3409 3290 3478 συγχεόμενος,
3321 3409 3382 3460 οὐ
3409 3407 3641 3477 τραπεὶς
3669 3407 3752 3469 είς
3783 3405 3892 3476 τὴν
3940 3406 4072 3458 κάτω

2507 3503 2667 3571 φύσιν
2686 3503 2732 3532 ⁸⁸⁵
2762 3503 2856 3554 καὶ
2892 3503 2972 3563 εἰς
2999 3502 3138 3570 ὅπερ
3168 3499 3266 3551 οὑκ
3293 3495 3361 3569 ἦν
3396 3497 3739 3568 μεταπεσών.
3775 3499 3858 3550 Οὑ
3882 3497 4073 3565 φαντα-

2509 3611 2607 3656 σας
2640 3593 2838 3662 σαρκὸς
2873 3591 3003 3645 εῖδει
3046 3591 3141 3643 καὶ
3190 3592 3430 3658 σχήματι
3484 3591 3585 3659 τὴν
3623 3590 3961 3657 οἰκονομίαν,
3993 3589 4072 3640 καὶ

2507 3686 2606 3737 ὅσα
2639 3684 2797 3754 ἑτέρα
2833 3683 2952 3735 καθ’
2984 3683 3346 3751 ὑποκειμένου
3376 3681 3591 3749 λέγεται
3621 3676 3763 3732 εἶναι
3790 3681 3967 3750 χωρὶς
3994 3679 4073 3733 τοῦ

2510 3776 2868 3841 ὑποκειμένου
2896 3773 3097 3839 λαϐὼν,
3137 3775 3345 3842 ταύτην
3388 3773 3728 3843 ἐπλήρωσεν,
3762 3773 3880 3824 ἀλλ’
3921 3772 4072 3841 αὐτὴν

2509 3868 2714 3936 κυρίως
2778 3867 3066 3936 πράγματι
3134 3866 3233 3918 καὶ
3289 3862 3520 3933 ἀληθείᾳ
3578 3862 3676 3932 τὴν
3735 3861 4072 3932 ἀνθρωπίνην

2511 3957 2836 4027 προσλαϐὼν
2889 3957 3053 4024 φύσιν
3103 3957 3315 4024 ἥνωσεν
3369 3954 3548 4024 ἑαυτῷ
3597 3953 3725 4006 καθ’
3779 3953 4072 4006 ὑπόστασιν

2509 4049 2798 4117 ἀτρέπτως
2836 4047 2930 4100 καὶ
2957 4045 3332 4107 ἀναλλοιώτως
3357 4046 3452 4098 καὶ⁹
3472 4044 3760 4113 ἀμειὼτως
3790 4044 3892 4096 καὶ
3920 4043 4072 4095 ἀδιαι-

2514 4139 2705 4207 ρέτως,
2733 4135 2809 4206 τῷ
2839 4139 2956 4188 κατ’
2991 4135 3179 4188 οὑσίαν
3214 4135 3384 4204 αὐτῆς
3410 4133 3555 4202 λόγῳ
3578 4133 3670 4186 καὶ
3698 4135 3811 4203 ὅρῳ
3848 4133 4070 4200 συνέχων

2509 4229 2878 4281 ἀνέκπτωτον.
2922 4225 3058 4279 Καθ’
3080 4225 3148 4296 ἢν
3193 4227 3290 4279 καὶ
3322 4227 3421 4295 τὴν
3447 4225 3511 4278 ὲκ
3535 4225 3807 4294 σωμάτων
3833 4225 3976 4276 κατὰ
3994 4223 4070 4274 τὸν

2511 4320 2666 4386 ἆγιον
2709 4317 2900 4371 τοῦτον
2930 4317 3026 4370 καὶ
3058 4317 3232 4386 μέγαν
3267 4315 3471 4386 (228
3497 4333 3530 4368 a
3547 4330 3565 4383 θ
3593 4315 3919 4369 διδάσκαλον
3950 4315 4069 4382 ἡμε-

2512 4411 2676 4480 τέραν
2720 4408 2946 4478 ἐτίμησε
2995 4407 3271 4476 γέννησιν,
3320 4408 3417 4460 καὶ
3463 4407 3754 4476 γενόμενος
3797 4406 4070 4477 ἄνθρωπος

841 4511 907 4550 ac
932 4495 999 4549 de
1023 4497 1141 4565 lege
1172 4511 1278 4564 qua
1304 4511 1404 4549 nos
1427 4494 1493 4548 ad
1524 4494 1636 4549 leni
1662 4494 1836 4547 instar
1884 4493 1954 4546 ob
1977 4500 2263 4562 peceatum
2298 4487 2408 4543 seri

2447 4492 2488 4550 Β
2513 4503 2730 4573 ἀληθῶς
2774 4503 2869 4556 καὶ
2919 4502 3276 4572 ἀνθρωπίνως
3310 4501 3663 4571 γεννώμενος,
3688 4501 3777 4553 ἵνα
3808 4503 3962 4572 ἡμᾶς
3983 4499 4073 4552 τῶν

840 4593 899 4642 et
926 4587 1078 4640 nasci
1099 4586 1506 4649 consuevimus,
1534 4599 1753 4654 quaque
1777 4585 1832 4637 in
1866 4598 2055 4652 parem
2087 4588 2408 4651 cognatam-

843 4695 950 4751 que
975 4695 1099 4732 enm
1129 4679 1326 4748 plantis
1355 4687 1519 4745 atque
1548 4677 1728 4730 brutis
1775 4675 2104 4729 animalibus
2135 4676 2407 4728 exsisten-

847 4773 976 4826 tiam
1006 4785 1378 4840 procreantur.
1407 4767 1476 4821 Ut
1497 4767 1698 4821 alicubi
1729 4781 1959 4833 magnus
1981 4780 2413 4835 magnorumque

846 4869 1121 4931 spectator
1172 4859 1427 4913 Ezechiel
1461 4858 1647 4911 divina
1705 4858 1959 4928 mysteria
1989 4857 2238 4912 initiatus
2277 4872 2414 4911 cau-

845 4962 1071 5017 samque
1102 4949 1386 5017 praesentis
1407 4947 1550 5001 circa
1594 4945 1872 5000 hominem
1903 4945 1997 4999 Dei
2031 4945 2246 4999 consilii
2277 4945 2414 4998 edo-

845 5049 989 5103 ctus,
1017 5038 1187 5091 veluti
1214 5039 1280 5090 ad
1337 5037 1680 5091 Hierusalem
1729 5035 1895 5089 verba
1927 5035 2135 5090 faciens
2163 5054 2175 5089 :
2207 5035 2412 5101 "wcce,

845 5128 957 5189 ait,
997 5125 1252 5190 Dominus
1284 5127 1408 5179 dicit
1438 5125 1807 5179 Hierusalem:
1864 5125 2037 5178 Radix
2067 5135 2159 5178 tua
2179 5135 2226 5179 et
2253 5143 2413 5196 gene-

846 5219 984 5269 ratio
1028 5226 1119 5270 tua
1165 5218 1228 5270 de
1279 5228 1423 5270 terra
1471 5216 1801 5280 Chananwa,
1853 5225 2007 5286 pater
2055 5225 2174 5270 tuus
2219 5219 2413 5271 Amor-

847 5308 1019 5360 rhwus
1053 5315 1100 5360 ct
1128 5316 1298 5361 mater
1319 5315 1410 5360 tua
1439 5306 1713 5362 Hetthwa:
1748 5309 1804 5360 in
1843 5307 1926 5358 die
1961 5306 2024 5358 de
2047 5323 2153 5374 qua
2179 5317 2309 5360 nata
2339 5323 2414 5371 es,

848 5414 953 5450 non
1010 5396 1202 5470 ligatus
1246 5410 1320 5451 est
1356 5398 1627 5453 umbilicus
1671 5409 1810 5464 tuus,
1857 5409 1904 5452 et
1935 5401 1990 5452 in
2034 5416 2176 5469 aqua
2203 5417 2306 5454 non
2362 5417 2414 5454 es

848 5487 980 5551 (ita,
1007 5504 1099 5542 nec
1126 5487 1238 5542 sale
1263 5490 1442 5556 salita,
1482 5507 1574 5543 nec
1608 5489 1845 5543 involuta
1876 5492 2068 5561 pannis
2095 5507 2112 5544 :
2151 5499 2200 5542 ct
2236 5495 2415 5563 proje-

2515 4591 2729 4660 δεσμῶν
2758 4595 2860 4662 τῆς
2909 4593 3214 4661 γεννήσεως
3246 4591 3612 4662 ἐλευθερώσῃ,
3649 4592 3746 4644 καὶ
3771 4593 3878 4645 τοῦ
3912 4609 4071 4660 παρι-

2517 4683 2761 4753 πλησίως
2792 4684 2987 4753 χόρτου
3023 4684 3414 4750 σπειρομένους
3445 4683 3508 4734 ἐκ
3539 4683 3846 4750 καταδίκης
3878 4684 3964 4735 διὰ
3993 4683 4071 4749 τὴν

2517 4775 2794 4846 ἁμαρτίαν
2829 4773 3061 4842 φύεσθαι
3112 4774 3301 4841 νόμου,
3342 4774 3437 4826 καὶ
3478 4772 3571 4826 τοῦ
3620 4773 3719 4843 τὴν
3746 4773 3928 4845 αὑτὴν
3954 4773 4072 4842 ἔχειν

2517 4869 2703 4935 φυτοῖς
2733 4882 2792 4917 τε
2821 4866 2915 4917 καὶ
2941 4865 3157 4932 ἀλόγοις
3192 4862 3351 4927 ζώοις
3385 4865 3484 4932 τῆς
3515 4863 3650 4933 πρὸς
3681 4863 3743 4915 τὸ
3763 4861 3916 4917 εἶναι
3943 4861 4072 4930 γενέ-

2515 4975 2652 5020 σεως
2699 4958 2800 5024 τὴν
2843 4957 3182 5026 συγγένειαν.
3223 4956 3318 5018 Ὠς
3376 4955 3480 5008 πού
3537 4971 3702 5023 φησιν
3733 4957 3763 5007 ὁ
3792 4957 3972 5022 μέγας
3998 4953 4070 5004 καὶ

2513 5051 2623 5102 τῶν
2655 5049 2905 5119 μεγάλων
2933 5048 3133 5117 θεατὴς
3169 5047 3431 5117 Ἱεζεκιὴλ
3458 5048 3524 5100 τὰ
3548 5046 3668 5099 θεῖα
3705 5045 4073 5116 μυσταγωγοῶ

2525 5159 2683 5210 μενος
2732 5141 2823 5193 καὶ
2864 5140 2964 5208 τὴν
3014 5138 3193 5191 αἰτίαν
3238 5141 3336 5209 τῆς
3384 5137 3480 5191 νῦν
3529 5137 3656 5208 περὶ
3677 5138 3768 5190 τὸν
3806 5137 4070 5207 ἄνθρωπον

2522 5230 2872 5299 ὑπαρχούσης
2923 5228 3233 5297 οἰκονομίας
3294 5227 3770 5296 ὲκπαιδευόμενος,
3825 5228 3910 5290 ὡς
3964 5225 4070 5294 πρὸς

2532 5319 2888 5390 Ἰερουσαλὴμ
2938 5317 3182 5386 φάσκων·
3225 5317 3368 5371 Τάδε
3423 5319 3583 5386 λέγει
3633 5319 3858 5384 Κύριος
3894 5316 3963 5384 τῇ
3994 5317 4066 5368 '15-

2511 5407 2859 5476 ρουσαλὶιμ,
2905 5407 2975 5460 Ἡ
2997 5407 3127 5472 ῥίζα
3179 5423 3296 5460 σου
3331 5409 3425 5462 καὶ
3467 5410 3505 5476 ἡ
3538 5411 3836 5478 γέννησίς
3879 5426 3988 5464 σου
4019 5405 4068 5456 ἐκ

2520 5497 2628 5570 γῆς
2661 5499 2921 5562 Χαναὰν,
2981 5502 3012 5552 o'
3064 5499 3258 5567 πατὴρ
3313 5517 3429 5554 σου
3470 5500 3862 5570 ’Δμοιρραἴος,
3913 5502 3998 5555 καὶ
4039 5493 4065 5558 ἦ

2140 5654 2366 5709 VAllllE
2406 5648 2700 5710 LECTION
2708 5656 2809 5713 ES.

919 5771 966 5803 ³⁸
1005 5769 1062 5824 ln
1090 5769 1402 5842 apographo
1431 5769 1713 5826 cod.Gud.
1739 5785 1860 5826 meo
1891 5779 2058 5825 exstat
2094 5774 2322 5842 τραπεὶς
2354 5775 2447 5846 τὴν
2478 5774 2614 5828 κατὰ
2644 5774 2825 5843 φύσιν,
2857 5785 2986 5830 cett.
