4192 6434
180 392 324 461 1325

1402 394 1913 455 AMBIGUORUM
1948 395 2196 456 LIBER.

3266 390 3397 454 1326

258 504 321 554 Ei
368 501 425 554 δὲ
475 500 554 571 τῷ
595 501 766 574 Ἀδὰμ
815 502 1238 573 ὲνηκολούθησεν
1263 504 1304 534 ⁸⁷
1353 506 1387 572 ἠ
1437 505 1598 574 διπλῆ
1640 508 1734 562 τοῦ

1908 505 2062 571 Quod
2078 507 2122 559 si
2145 505 2351 559 Adamn
2367 512 2762 573 consequenter
2776 500 3005 571 contigit
3018 498 3213 570 duplex
3231 500 3398 554 insuf-

172 594 576 662 έμφυσήματος
603 593 830 663 δύναμις
875 594 1015 648 κατὰ
1043 595 1144 663 τὴν
1174 595 1255 657 εις
1275 595 1335 647 τὸ
1369 589 1506 648 εἶναι
1531 597 1743 664 γένεσιν

176 681 503 753 σύνδρομος,
529 682 584 735 τί
613 683 679 737 ἄν
700 700 783 745 τις
804 683 949 736 εἴποι
974 685 1102 752 οπερ)⁵
1128 681 1224 735 τοῦ
1252 685 1395 736 κατὰ
1412 685 1510 755 τὴν
1536 686 1746 757 ἀνθρω-

173 774 395 841 ⁴τεότητιι
418 772 829 843 συναμφοτέρου
872 773 967 826 τοῦ
1008 772 1143 827 Θεοῦ
1177 774 1270 826 καὶ
1317 776 1564 846 Σωτῆρος
1590 778 1745 846 ἡμῶν

194 863 377 933 Ἰησοῦ
412 862 670 934 Χριστοῦ,
723 863 901 934 ψυχῆς
958 864 1102 933 λέγω
1158 868 1252 919 καὶ
1293 866 1742 938 σὼμτοςςόπερ

173 953 375 1022 κρᾶμα
425 953 569 1006 κατά
616 952 677 1006 τὸ
725 953 948 1007 δυνατὸν
995 956 1296 1025 ἐμφέρειαν
1346 956 1507 1021 σώζει
1544 959 1742 1028 πολλὴν

175 1040 323 1112 πρὸς
368 1041 462 1096 τὸν
512 1040 725 1111 πρῶτον
810 1043 1001 1112 Ἀδάμ.
1066 1045 1276 1115 ’Ὠσπερ
1337 1046 1467 1115 γὰρ,
1518 1048 1591 1109 ὡς
1651 1049 1745 1099 αὑ-

173 1129 277 1191 τός
304 1146 470 1200 φησιν
505 1131 535 1184 ό
583 1130 922 1197 διδάσκαλος,
982 1135 1134 1203 παρὰ
1185 1135 1285 1203 τῆς
1314 1134 1447 1205 ῦλης
1478 1136 1538 1188 τὸ
1586 1137 1744 1205 σῶμα

175 1218 372 1288 (230
392 1219 447 1289 a)
493 1219 676 1273 λαϐὼν
704 1220 734 1272 ὁ
770 1222 921 1286 Θεὸς,
942 1223 1216 1287 νεοτελοῦς
1232 1224 1278 1257 ⁸⁸
1328 1226 1567 1295 δηλονότι
1610 1244 1745 1295 προ-

176 1309 520 1378 ῦποστάσης,
546 1309 678 1381 παρ’
704 1310 897 1365 ἑαυτοῦ
923 1312 978 1365 δὲ
1006 1312 1151 1382 ζωὴν
1174 1314 1369 1379 ἐνθεὶς,
1400 1316 1430 1369 ὃ
1458 1316 1527 1387 δὴ.
1550 1334 1635 1369 νοε
1647 1320 1745 1379 ρὰν

173 1399 360 1469 ψυχὴν
386 1400 480 1452 καὶ
514 1400 698 1453 εἰκόνα
719 1401 855 1454 Θεοῦ
880 1398 1021 1454 οἶδεν
1050 1405 1079 1455 ὁ
1106 1404 1285 1471 λόγος,
1316 1405 1635 1476 δημιουργεῖ
1658 1406 1746 1457 τὸν

176 1490 497 1559 ἄνθρωπον,
526 1490 618 1543 τὸν
637 1491 801 1545 αὑτὸν
823 1492 1024 1558 τρόπον
1048 1495 1141 1547 καὶ
1169 1495 1228 1561 έξ
1242 1496 1507 1566 ὰχράντου
1537 1495 1716 1565 Παρθέ
1731 1526 1742 1534 -

175 1597 279 1633 νου
306 1581 469 1633 οἱονεὶ
490 1580 593 1651 γῆς
620 1582 889 1651 ἀμιάντου
921 1584 983 1635 τὸ
1022 1584 1181 1653 σῶμα
1209 1585 1411 1651 λαϐὼν,
1449 1588 1579 1657 παρ’
1615 1589 1744 1640 ἐαυ-

172 1666 280 1720 τοῦ
304 1668 359 1721 δὲ
390 1667 533 1739 ζωὴν
563 1668 759 1733 ἐνθεὶς,
793 1670 822 1722 ὃ
848 1672 911 1741 δὴ
933 1672 1109 1743 ψυχὴν
1129 1676 1172 1706 ⁶⁹
1196 1677 1389 1747 νοερὰν
1425 1678 1521 1729 καὶ
1564 1676 1745 1731 εἰκόνα

174 1756 321 1811 θεοῦ
345 1753 484 1812 οἶδέν
500 1761 529 1812 ό
546 1760 724 1829 λόγος,
745 1762 808 1815 τὸ
823 1763 1017 1817 ἑαυτοῦ
1038 1764 1374 1836 ἀνθρώπινον
1389 1768 1435 1799 ⁷⁸
1454 1769 1745 1838 ἐδημιούρ-

1846 596 2083 651 nationis
2122 597 2295 649 virtus
2322 609 2659 650 concurrens
2689 594 2756 647 ad
2786 592 3122 647 exsistentia;
3145 606 3401 659 procrea-

1848 685 2074 746 tionem,
2105 682 2237 752 quid
2262 682 2445 737 dicere
2468 681 2592 751 quis
2620 682 2795 736 valeat
2822 681 2889 735 de
2913 681 3025 735 Deo
3044 688 3101 733 et
3124 677 3401 731 Salvatore

1846 783 2035 829 nostro
2075 773 2203 829 Jesu
2257 772 2495 833 Christo,
2528 771 2622 840 qui
2672 770 2975 825 secundum
3004 768 3400 823 humanitatem

1846 874 2144 933 utrumque
2169 862 2355 926 habet,
2388 864 2626 917 animam
2655 860 2912 915 videlicet
2943 868 2999 914 et
3027 860 3250 930 corpus?
3280 873 3403 928 qua:

1845 955 2150 1023 complexio
2177 962 2444 1021 quantum
2469 952 2583 1005 ﬁeri
2616 960 2796 1021 potest
2816 966 3065 1019 magnam
3088 948 3405 1004 similitudi-

1847 1060 1970 1099 nem
2026 1053 2211 1097 servat
2267 1058 2392 1097 cum
2447 1042 2625 1112 primo
2679 1042 2872 1097 Adam.
2931 1040 3401 1107 Quemadmodum

1845 1134 2013 1196 enim,
2070 1134 2214 1187 sicut
2240 1134 2383 1189 idem
2441 1134 2518 1186 ait
2549 1132 2761 1195 doctor,
2814 1150 2843 1187 a
2903 1132 3137 1187 materia
3180 1131 3405 1201 capiens

1846 1241 2044 1293 corpus
2067 1226 2229 1285 Deus,
2251 1240 2371 1294 qua:
2387 1238 2576 1278 recens
2599 1223 2854 1277 videlicet
2876 1222 3208 1277 subsistebat
3223 1229 3402 1285 antea,

1845 1331 1875 1367 a
1900 1330 2105 1369 severo
2140 1316 2305 1369 vitam
2331 1314 2546 1376 indens,
2580 1312 2727 1382 quod
2770 1312 3026 1365 nimirum
3065 1312 3408 1365 intellectua-

1847 1406 1949 1458 lem
1977 1406 2217 1459 animam
2243 1415 2299 1459 et
2327 1406 2619 1473 imaginem
2644 1404 2737 1457 Dei
2772 1404 3058 1472 Scriptura
3113 1402 3404 1471 intelligit,

1846 1493 2123 1546 hominem
2137 1493 2462 1553 eﬂ'ormavit,
2482 1492 2625 1545 haud
2642 1492 2798 1546 aliter
2820 1491 2985 1545 etiam
3006 1505 3072 1543 ex
3092 1489 3407 1543 intaminata

1847 1583 2065 1652 Virgine
2090 1593 2347 1651 tauquam
2369 1582 2687 1635 intemerata
2712 1590 2859 1634 terra
2879 1595 3077 1649 corpus
3098 1594 3406 1642 assumens,

1845 1690 1910 1726 ex
1942 1688 1999 1727 sc
2021 1684 2203 1727 autem
2239 1672 2402 1725 vitam
2432 1670 2646 1733 indens,
2689 1669 2834 1739 quod
2880 1670 3138 1723 nimirum
3169 1669 3406 1723 animam

1850 1763 2271 1818 intellectualem
2330 1771 2389 1815 et
2447 1762 2542 1816 Dei
2596 1761 2879 1830 imaginem
2916 1760 3199 1829 Scriptura
3232 1759 3405 1824 novit,

175 1865 375 1920 γησεν,
415 1849 450 1921 ἦ
493 1850 686 1906 ἑαυτὸν
707 1854 990 1924 ἀτρέπτως
1023 1856 1163 1909 κατὰ
1191 1857 1493 1929 πρόσληψιν
1522 1859 1742 1930 σαρκὸς,

1857 1855 2245 1910 humanitatem
2266 1869 2419 1908 suam
2441 1863 2700 1922 operatus
2714 1863 2817 1917 cst,
2836 1854 2920 1907 vel
2941 1853 3180 1922 seipsum
3209 1853 3408 1906 immu-

175 1940 389 2009 νοερῶς
408 1956 470 1995 τι
498 1941 596 1995 καὶ
619 1942 851 2012 λογικῶς
895 1945 1271 2018 έψυχωμένης,
1318 1949 1386 2001 δι’
1419 1950 1564 2019 ἡμᾶς
1589 1951 1746 2002 ἐκου-

179 2030 419 2095 σίωςώς
450 2033 859 2106 παντοδύναμος
899 2038 1312 2110 δημιουργήσας
1357 2042 1613 2109 ἐποίησεν
1653 2041 1745 2093 ἄν-

176 2119 424 2189 ορωπον.

254 2211 433 2285 ταύτῃ
465 2212 597 2282 γοῦν
628 2216 722 2269 καὶ
750 2219 1120 2289 τετιμηκέναι,
1152 2219 1402 2292 καθάπερ
1430 2217 1602 2291 οἶμαι,
1638 2238 1740 2290 φη·

177 2303 271 2355 σὶν
321 2306 349 2357 ό
384 2305 701 2371 διδάσκαλος
758 2308 848 2362 τὸν
884 2308 1089 2378 Κύριον
1116 2311 1273 2382 ἡμῶν
1307 2312 1398 2363 καὶ
1446 2312 1578 2364 θεὸν
1633 2312 1733 2380 τὴν

177 2394 308 2447 καθ’
334 2397 482 2465 ημᾶς
504 2397 732 2468 τρισσὴν
759 2398 1036 2469 γέννησιν,
1065 2401 1309 2453 τουτέστι
1338 2402 1462 2463 τοὺς
1511 2401 1744 2455 καθόλου

176 2484 418 2552 τρόπους
464 2488 564 2556 τῆς
605 2486 760 2555 ἡμῶν
806 2490 885 2552 είς
931 2489 994 2542 τὸ
1030 2484 1166 2543 εἶναι
1215 2491 1309 2544 καὶ
1333 2490 1456 2543 τὸτί
1494 2486 1558 2543 εὖ
1606 2488 1744 2543 εἶναι

179 2574 279 2627 καὶ
318 2575 406 2628 ἀεὶ
439 2572 575 2630 εἶναι
603 2577 893 2644 γενέσεως,
924 2580 1022 2649 τὴν
1049 2581 1147 2649 μὲν
1180 2583 1245 2634 ἐκ
1283 2581 1575 2650 σωμάτων,
1608 2583 1737 2651 μίαν

178 2660 350 2717 οὖσαν
387 2666 479 2720 τοῦ
513 2669 933 2740 συναμφοτέρου
960 2671 1099 2725 κατὰ
1124 2671 1223 2743 τὴν
1247 2670 1365 2740 ἃμα
1410 2670 1517 2723 τῶν
1567 2674 1747 2744 μερῶν

186 2756 437 2825 ἀλλήλοις
468 2758 820 2830 συνύπαρξιν,
850 2761 1027 2831 ψυχῆς
1082 2761 1226 2830 λέγω
1250 2762 1343 2815 καὶ
1376 2760 1638 2831 σώματος,
1668 2765 1748 2827 εἰς

183 2844 285 2897 δύο
324 2845 727 2917 διαιρουμένην,
787 2848 876 2902 διὰ
914 2850 1005 2902 τὸν
1049 2851 1285 2920 ἑτεροῖον
1336 2852 1433 2919 τῆς
1485 2852 1745 2923 ἐκατέρου

184 2936 456 3002 γενέσεως
483 2938 706 3007 τρόπον,
754 2937 824 2991 δι’
846 2934 915 3011 ἦς
941 2940 1002 2992 τὸ
1042 2935 1180 2995 εἶναι
1228 2940 1596 3012 λαμϐάνομεν,
1643 2943 1743 3012 τὴν

179 3024 239 3077 δὲ
279 3026 343 3078 ὲκ
393 3025 791 3098 βαπτίσματος.
826 3029 948 3082 καθ’
997 3031 1063 3099 ἣν
1093 3030 1154 3083 τὸ
1200 3030 1263 3084 εὖ
1292 3026 1431 3085 εἶναι
1475 3031 1748 3095 πλουσίως

182 3115 573 3186 ὑποδεκόμεθα,
609 3118 711 3189 τὴν
743 3119 801 3173 δὲ
843 3119 902 3184 ἐξ
956 3121 1323 3186 ἀναστάσεως,
1358 3121 1480 3176 καθ’
1505 3123 1571 3193 ἢν
1615 3122 1749 3193 πρὸς

178 3203 245 3257 τὸ
274 3204 362 3258 ἀεὶ
387 3200 525 3258 εῖναι
553 3205 644 3260 διὰ
683 3206 904 3277 χάριτος
947 3208 1409 3278 μεταποιούμεθα.
1479 3210 1745 3281 ’Δκριϐὦς

177 3294 363 3348 τοίνυν
394 3294 475 3349 δεῖ
515 3298 628 3360 τοῖς
670 3296 765 3351 τοῦ
814 3297 1132 3352 διδασκάλου
1158 3300 1338 3369 λόγοις
1377 3302 1739 3370 ἐπισκήπτειν

178 3382 271 3435 διὰ
292 3384 417 3447 τοὺς
445 3385 792 3457 ἑπηρεαστὰς
821 3386 926 3440 τῶν
952 3388 1134 3452 καλῶς
1177 3389 1465 3459 κειμένων.
1517 3391 1599 3459 Τῇ
1640 3392 1747 3460 γὰρ

180 3472 398 3544 ἐπινοίᾳ
421 3474 554 3545 μόνῃ
579 3475 770 3529 διελὼν
796 3477 895 3546 τὴν
944 3479 1011 3531 ὲκ
1061 3478 1333 3547 σωμάτων
1367 3480 1621 3548 γέννησιν
1656 3481 1746 3531 διὰ

177 3564 282 3632 τὴν
313 3563 667 3619 ἀποδοθεῖσαν
692 3566 894 3630 αἰτίαν,
924 3566 1037 3637 ἅμα
1063 3571 1129 3637 τῇ
1156 3568 1412 3639 συλλήψει
1444 3570 1585 3623 κατὰ
1620 3586 1749 3623 ταυ-

179 3653 279 3706 τὸν
326 3655 585 3725 χρονικῆς
636 3656 746 3709 οὐδ’
798 3657 933 3719 ὅλως
989 3659 1164 3728 ῥοπῆς
1228 3660 1746 3731 προεπινοουμένηςν

180 3744 465 3814 εἰληφέναι
522 3747 615 3799 τὸν
663 3746 867 3818 Κύριον
918 3746 979 3800 τὸ
1048 3747 1278 3813 ζωτικὸν
1330 3749 1568 3820 πνεῦμα,
1629 3751 1747 3821 ἢτοι

182 3837 487 3907 ἐμφύσημα
518 3837 661 3892 κατὰ
686 3838 749 3891 τὸ
774 3838 1118 3910 ἀνθρώπινον
1141 3840 1331 3905 αὐτοῦ,
1367 3841 1511 3909 λέγω
1554 3841 1610 3895 δὲ
1651 3844 1749 3910 τὴν

181 3927 376 3996 νοερὰν
406 3928 586 3999 ψυχὴν
610 3930 750 4000 μετὰ
785 3929 881 3983 τοῦ
922 3930 1174 4001 σώματος
1205 3931 1298 3986 τοῦ
1342 3934 1406 3988 ὲκ
1433 3932 1532 4002 τῆς
1552 3934 1748 4004 ἀκράν-

182 4034 280 4068 του
313 4017 587 4087 Παρθένου
611 4021 685 4081 ⁷⁸,
713 4020 809 4073 καὶ
833 4021 893 4072 ού
931 4021 1071 4090 μετὰ
1098 4023 1198 4092 τὴν
1229 4022 1512 4094 σύλληψιν,
1552 4026 1580 4075 ὀ
1610 4024 1751 4076 διδά-

186 4108 382 4171 σκαλος
415 4110 725 4181 διορίζεται.

185 4412 340 4481 Πρὸς
364 4415 506 4482 τοὺς
542 4416 834 4489 λέγοντας
874 4419 1282 4489 προϋπάρχειν
1318 4419 1435 4472 τῶν
1464 4418 1749 4487 σωμάτων

780 4509 886 4576 τὰς
919 4510 1146 4578 ψυχάς.

1848 1947 2090 2001 tabiliter
2134 1945 2435 2001 secundum
2471 1945 2897 2013 assumptionem
2934 1945 3143 2008 carnis,
3194 1944 3411 1999 intelle-

1846 2038 2102 2091 ctualiter
2124 2037 2571 2105 rationaliterque
2605 2036 3111 2104 animatze,propter
3127 2051 3226 2089 nos
3244 2050 3410 2103 spon-

1856 2139 1931 2191 te,
1983 2137 2173 2197 utpote
2202 2128 2553 2198 omnipotens
2613 2126 2895 2190 Conditor,
2940 2126 3216 2181 hominem
3260 2127 3407 2180 t'eeit.

1925 2218 2036 2273 Hoc
2084 2219 2304 2288 quidem
2332 2228 2491 2289 pacto
2530 2229 2587 2273 et
2617 2219 2911 2272 houorassc
2936 2217 3091 2281 dicit,
3116 2218 3261 2272 sicut
3297 2218 3412 2271 exi-

1847 2311 2029 2372 stimo,
2065 2312 2319 2381 magister
2372 2310 2661 2363 Dominum
2687 2309 2927 2363 etDeum
2953 2319 3199 2363 nostrum
3240 2308 3400 2379 tripli-

1848 2415 1963 2455 cem
1997 2409 2245 2455 nostram
2289 2402 2652 2465 nativitatem,
2692 2400 2745 2454 id
2789 2412 2875 2454 est
2904 2401 3187 2470 generales
3221 2401 3414 2457 modos

1847 2490 2221 2559 generationis
2252 2499 2455 2544 nostra:
2491 2492 2545 2544 in
2573 2490 2967 2555 exsistentiam,
3004 2490 3058 2544 in
3089 2492 3285 2545 bonam
3314 2508 3410 2546 ex-

1847 2578 2176 2642 sistcntiam,
2200 2579 2254 2632 in
2270 2589 2531 2633 aeternam
2555 2579 2927 2633 exsistentiam
2953 2581 3410 2650 :generationem,

1850 2668 2101 2734 inquam,
2159 2683 2225 2722 ex
2273 2668 2616 2737 corporibus,
2672 2685 2794 2738 qua:
2850 2686 2955 2723 una
3002 2681 3088 2726 est
3130 2672 3415 2741 utriusque

1849 2757 2147 2811 secundum
2181 2767 2422 2811 mutuam
2452 2760 2686 2828 partium
2708 2759 2850 2814 inter
2869 2774 2926 2814 se
2945 2761 3412 2827 coexsistentiam,

1850 2847 2041 2901 animae
2067 2848 2324 2903 videlicet
2361 2858 2417 2903 et
2462 2849 2744 2919 corporis,
2789 2850 2885 2905 sed
2928 2851 3175 2906 bifariam
3215 2854 3413 2918 divisa,

1850 2948 2072 3007 propter
2102 2940 2379 2994 diversum
2420 2942 2707 3011 utriusque
2753 2945 3122 3013 generationis
3166 2945 3410 3007 modum,

1850 3042 1945 3095 per
1977 3042 2140 3095 quam
2165 3029 2536 3083 exsistcntiam
2590 3031 2921 3100 accipimus;
2961 3033 3189 3088 alteram
3215 3050 3280 3089 ex
3319 3034 3416 3088 ba-

1850 3118 2132 3186 ptismate,
2160 3135 2258 3189 per
2280 3136 2440 3189 quam
2470 3120 2610 3176 bene
2632 3138 2751 3177 esse
2765 3123 2982 3178 abunde
3003 3127 3410 3196 consequimur;

1852 3208 2063 3261 tertiam
2091 3224 2156 3263 ex
2196 3211 2622 3275 resurrectione,
2656 3228 2763 3282 qua
2829 3214 2896 3267 ad
2945 3225 3205 3270 aeternam
3265 3218 3413 3272 exsi-

1858 3299 2119 3353 stentiam
2156 3316 2253 3368 per
2283 3302 2509 3371 gratiam
2538 3315 2960 3360 commutamur.
2986 3307 3286 3376 Diligenter
3311 3310 3413 3381 igi-

1855 3398 1941 3440 tur
1976 3388 2368 3443 attcndendum
2408 3403 2491 3445 est
2568 3394 2752 3448 verbis
2789 3396 3032 3465 magistri
3073 3410 3297 3469 propter
3318 3417 3412 3455 ca—

1855 3474 2213 3543 lumniatores
2270 3494 2460 3533 eorum
2514 3496 2635 3550 qua:
2666 3482 2837 3551 probe
2869 3495 3034 3541 stant.
3095 3488 3219 3543 Sola
3264 3491 3411 3545 enim

1854 3566 2183 3637 cogitatione
2206 3568 2552 3640 distinguens
2598 3574 2940 3630 nativitatem
2972 3594 3038 3632 ex
3065 3583 3411 3650 corporibus.

1850 3667 2071 3724 propter
2097 3658 2313 3711 allatam
2345 3659 2633 3723 rationem,
2665 3663 2828 3717 simul
2859 3680 2982 3719 cum
3028 3672 3413 3739 conceptione,

1852 3761 1919 3799 ne
1952 3747 2212 3817 temporis
2260 3761 2538 3805 momento
2614 3753 2837 3823 quidem
2875 3758 3286 3825 prmintellecto.
3320 3780 3413 3816 ac-

1850 3837 2057 3905 cepisse
2098 3838 2386 3893 Dominum
2440 3843 2659 3897 vitalem
2707 3845 2983 3914 spiritum,
3030 3849 3143 3903 sive
3183 3851 3415 3921 inspira-

1855 3928 2077 3990 tionem,
2134 3945 2233 3997 pro
2263 3931 2603 3988 humanitate
2657 3950 2778 3999 sua,
2822 3937 2925 3991 hoc
2950 3948 3036 3993 est
3066 3941 3301 3996 animam
3330 3944 3417 3997 in-

1856 4019 2220 4074 tellectualem
2250 4038 2356 4077 una
2394 4039 2517 4077 cum
2558 4041 2788 4096 corpore
2818 4043 2886 4082 ex
2922 4029 3269 4087 immaculata
3301 4035 3418 4087 Vir-

1856 4109 2001 4177 gine,
2060 4119 2111 4163 et
2164 4128 2269 4164 non
2304 4122 2425 4182 post
2470 4118 2903 4185 conceptionem,
2964 4118 3156 4178 delinit
3203 4123 3414 4178 doctor.

1857 4415 2051 4468 Contra
2080 4433 2162 4469 eos
2192 4419 2278 4486 qui
2302 4418 2478 4470 dicunt
2504 4422 2709 4474 animus
2738 4432 2863 4475 tmte
2890 4440 3111 4493 corpora
3149 4430 3413 4482 exsistere.

257 4617 414 4680 Τινὲς
462 4618 560 4688 μὲν
600 4622 708 4690 γάρ
734 4638 918 4690 φασιν,
961 4622 1037 4685 ὡς
1093 4622 1197 4692 ἤδη
1234 4622 1521 4691 προλαϐὼν
1572 4621 1734 4691 ἔφην,

1920 4614 2152 4679 Quidam
2212 4615 2360 4668 enim
2427 4615 2639 4677 dicunt,
2688 4616 2769 4669 uti
2812 4618 2923 4687 jam
2971 4619 3230 4688 praelatus
3273 4640 3415 4687 sum,

189 4709 567 4780 atpoﬁnépxsw
610 4712 795 4782 (230
830 4713 881 4783 b)
938 4714 1050 4766 τῶν
1104 4715 1369 4785 σωμάτων
1412 4714 1511 4777 τὰς
1552 4713 1749 4783 ψυχὰς,

186 4797 331 4859 τινὲς
356 4798 403 4829 ⁷³
429 4798 484 4851 δὲ
509 4799 572 4851 τὸ
602 4800 867 4864 έναντίον,
896 4802 1009 4855 τῶν
1052 4801 1241 4872 ψυχῶν
1277 4803 1649 4873 προῦπάρχειν
1675 4803 1743 4855 τὰ

190 4888 437 4958 σώματα.
463 4890 655 4960 Ἡμεῖς
676 4892 732 4945 δὲ
752 4893 852 4963 τὴν
872 4894 1049 4964 μέσην
1068 4895 1184 4949 ὁδὸν
1210 4895 1287 4959 ὡς
1310 4894 1595 4965 βασιλικὴν
1611 4894 1753 4948 κατὰ

186 4983 315 5043 τοὺς
344 4983 589 5053 πατέρας
612 4985 770 5055 ἡμῶν
801 4985 1077 5050 ὁδεύοντες
1107 4985 1230 5039 οὔτε
1259 4986 1604 5057 προῦπαρξιν
1626 4985 1749 5038 οὔτε

198 5073 593 5144 μεθύπαρειν⁷⁸
618 5074 792 5145 ψυχῆς
810 5076 843 5144 ἢ
877 5076 1147 5146 σώματος,
1190 5075 1519 5146 συνύπαρξιν
1541 5076 1597 5129 δὲ
1618 5076 1750 5145 μᾶλ-

194 5164 285 5217 λόν
299 5185 325 5232 εξ
336 5184 368 5217 α
376 5183 494 5236 μεν,
518 5168 617 5231 τὰς
633 5169 717 5237 ἐφ’
735 5168 971 5240 ἑκάτερα
988 5168 1375 5240 φυλαττόμενοι
1392 5167 1663 5235 ἐγκλίσεις
1678 5168 1747 5229 ⁷⁸,

193 5256 289 5307 καὶ
335 5257 472 5325 μήτε
520 5258 785 5329 ἀριστερὰ
837 5261 970 5330 μήτε
998 5260 1147 5324 δεξιὰ
1168 5260 1236 5324 ⁷⁸,
1291 5258 1473 5322 καθώς
1516 5276 1682 5328 φησιν
1717 5260 1751 5327 ἡ

190 5344 322 5414 ἁγία
345 5345 558 5419 Γραφὴ,
586 5350 899 5403 παντάπασι
923 5350 1199 5420 ῥέποντες,
1225 5347 1390 5417 φόϐον
1426 5346 1752 5417 φοϐούμενοι

1852 4712 1980 4756 ante
2000 4717 2235 4771 corpora
2255 4703 2466 4757 animas
2486 4705 2773 4770 exsistere;
2802 4706 2891 4760 alii
2923 4724 3053 4762 vero
3077 4721 3267 4767 contra
3291 4724 3419 4768 ante

1857 4794 2067 4848 animas
2102 4794 2369 4849 exsistere
2416 4809 2667 4864 corpora.
2718 4797 2828 4851 Nos
2876 4807 3059 4854 autem
3100 4802 3279 4857 media
3306 4804 3416 4869 via,

1865 4896 1924 4939 ut
1958 4886 2124 4955 regia,
2156 4886 2459 4939 secundum
2486 4897 2672 4955 patres
2699 4898 2918 4945 nostros
2949 4891 3287 4959 incedentes,
3318 4913 3417 4949 ne-

1854 4992 1962 5046 que
1997 4977 2330 5030 anteriorem
2376 4993 2556 5047 neque
2598 4980 2960 5048 posteriorem
2991 4983 3192 5039 animae
3220 5000 3418 5055 corpo-

1857 5070 2002 5124 risve
2033 5069 2409 5123 exsistentiam
2450 5068 2800 5136 alIirmamus,
2839 5072 2936 5127 sed
2974 5076 3417 5130 coexsistentiam
3514 5124 3517 5127 .

1858 5162 2060 5232 potius,
2089 5161 2478 5216 inclinationes
2502 5162 2556 5215 in
2585 5172 2873 5232 utramque
2900 5174 3107 5233 partem
3140 5177 3414 5231 caventes,

1859 5270 1924 5308 ac
1944 5269 2119 5322 neque
2140 5253 2519 5307 sinistrorsum
2547 5269 2726 5323 neque
2756 5255 3124 5320 dextrorsum,
3147 5268 3205 5311 ut
3230 5268 3416 5313 sancta

1861 5348 2144 5416 Scriptura
2177 5347 2441 5416 loquitur,
2470 5348 2696 5402 omnino
2713 5350 3137 5418 prependentes,
3164 5360 3416 5405 metuen-

1458 5503 1546 5557 γλ
1558 5500 1691 5556 ill/1'1
1734 5501 2135 5555 ιηρτιοκιςδ.

265 5640 310 5716 ⁸7
333 5644 669 5716 έπηκολούση

679 5662 767 5698 sev
795 5647 884 5700 ed.
917 5646 1037 5701 Gal.
1110 5646 1156 5677 “
1181 5645 1422 5698 νεοτελοῦ
1455 5645 1542 5699 ed.
1562 5646 1679 5699 Gal.

1857 5642 2316 5713 οερίινψυχὴνειξ.
2358 5641 2499 5713 Galla
2571 5644 2615 5675 7°
2647 5644 2705 5695 τὸ
2736 5644 3071 5713 ἀνθρώπινον
3093 5645 3285 5698 ἑαυτοῦ
3318 5647 3409 5703 ed.

188 5712 332 5771 Gall.
384 5711 786 5788 ’τἰλτδοηιέοό.
810 5717 953 5788 Gall.
985 5786 993 5788 _
1022 5717 1066 5748 "
1097 5716 1372 5788 παρθένου
1400 5732 1509 5769 om.
1543 5717 1631 5769 ed.
1664 5715 1738 5768 Ga

1875 5716 1919 5744 τι
1950 5712 2237 5788 ἕτεροιῌριιῖ
2269 5711 2407 5788 anan:
2484 5714 2526 5744 τι
2568 5711 2936 5786 προϋπάρχειν
2964 5713 3086 5769 οὔτε
3128 5715 3411 5788 μεθυπάρ·

192 5802 308 5855 χειν
333 5785 420 5841 ed.
444 5784 582 5842 Call.
664 5787 709 5817 "'
738 5786 1110 5855 μετεγκλίσεις
1139 5782 1226 5840 ed.
1262 5786 1398 5841 Gali.
1473 5788 1516 5816 "
1546 5788 1746 5856 ἀριστεε

1857 5785 1973 5853 Lips.
1998 5784 2144 5851 δεξιᾷ
2171 5782 2258 5836 ed.
2293 5782 2429 5835 Gali.
