4192 6434
759 385 894 450 139.7

1904 379 1966 440 S.
2004 378 2290 440 MAXIM'I
2328 378 2839 441 CONFESSORIS

3888 372 4021 435 1228

753 508 839 552 tes
895 504 1069 560 metu,
1118 508 1230 563 quo
1282 490 1416 545 nihil
1467 489 1640 561 magis
1695 488 2058 545 metuendum
2106 500 2213 553 est,
2259 504 2331 544 ne

2442 485 2495 543 οὗ
2523 491 2686 543 πλέον
2710 488 2998 559 φοϐεῖσθαι
3025 488 3179 542 οὐδέν
3224 489 3341 541 ἐστι
3385 486 3790 556 φοϐερώτερον,
3826 487 4022 553 μήπως

754 586 919 650 forte,
964 585 1010 638 si
1044 580 1428 652 praeexsistere
1454 579 1705 633 dicamus
1738 578 2069 647 corporibus
2099 579 2331 641 animas,

754 694 820 733 ac
859 674 1115 747 supplicii
1160 687 1329 727 causa
1382 672 1692 725 animarum
1737 669 1911 725 fuisse
1955 670 2179 725 inventa
2213 685 2337 724 cor-

754 780 916 835 pora,
969 770 1196 833 propter
1242 759 1446 830 flagitia
1498 774 1621 828 qua:
1665 757 1736 811 ab
1785 758 1857 813 iis
1912 768 2041 814 ante
2100 774 2333 829 corpora

753 854 1050 911 commissa
1078 852 1309 916 fuerint,
1340 850 1786 921 praestantissimi
1814 850 2013 905 borum
2044 866 2168 921 qua:
2202 866 2338 906 ocu-

754 946 824 1000 lis
864 944 1112 1014 subjecta
1162 952 1294 997 sunt
1332 951 1389 996 et
1422 941 1759 996 nobilissimi
1798 940 2029 1011 opificii,
2058 958 2159 1012 per
2188 943 2336 1012 quod

754 1036 1079 1106 agnoscitur
1107 1035 1257 1089 Deus
1282 1033 1448 1088 tacito
1476 1038 1760 1104 praemio
1788 1034 2192 1100 manifestatus,
2219 1036 2338 1090 sola

756 1126 962 1196 flagitia
999 1140 1225 1179 causam
1275 1124 1451 1179 fuisse
1498 1124 1624 1194 jure
1672 1125 2046 1195 suspicemur,
2088 1127 2339 1181 necessi.

757 1224 925 1270 tatem
944 1215 1059 1269 Deo
1081 1215 1403 1269 inducentia
1426 1224 1628 1284 praeter
1654 1215 1962 1271 voluntatis
1992 1218 2338 1288 propositum

755 1316 818 1361 ut
865 1306 1230 1363 substantiam
1279 1305 1570 1372 conderet,
1598 1308 1760 1370 cuius
1797 1308 2035 1365 fortasse
2076 1310 2147 1364 ab
2177 1311 2341 1365 initio

755 1411 823 1450 ne
871 1395 1140 1449 rationem
1182 1394 1408 1463 quidem
1469 1394 1734 1450 habuerit
1784 1404 1915 1451 ante
1955 1399 2158 1452 saecula
2206 1414 2335 1453 eum

756 1486 985 1557 reliquis
1022 1488 1319 1541 occultam.
1366 1486 1572 1540 Eorum
1612 1489 1760 1541 enim
1793 1502 1917 1556 qua:
1966 1498 2163 1544 contra
2208 1506 2340 1560 pro-

753 1579 997 1647 positum
1044 1578 1185 1632 fiunt
1227 1578 1403 1632 Deum
1446 1577 1633 1633 dicere
1669 1579 1933 1636 essentia:
1960 1581 2168 1637 habere
2207 1599 2341 1653 pro-

753 1670 1021 1724 ducenda:
1079 1670 1347 1733 rationes,
1390 1684 1503 1722 non
1567 1668 1702 1722 mihi
1760 1669 1986 1724 videtur
2049 1672 2343 1741 prudentis

753 1777 875 1817 esse
911 1762 1109 1832 judicii
1156 1769 1255 1815 aut
1302 1760 1607 1830 opinionis,
1657 1770 1714 1816 et
1753 1772 2036 1833 utcunque
2077 1774 2227 1821 recte
2269 1766 2339 1820 de

753 1852 850 1907 Dei
898 1828 1184 1922 majestate
1214 1828 1535 1918 sentientis,
1567 1852 1662 1921 qui
1694 1854 1846 1909 solus
1880 1828 1999 1910 sine
2035 1855 2340 1911 aﬂectioni-
2371 1828 2415 1885 Β

754 1945 861 1998 bus
914 1953 1000 1998 est
1046 1954 1105 1997 et
1148 1958 1334 2007 verax,
1392 1958 1499 1997 nec
1548 1944 1855 2014 quidquam
1906 1946 1962 2000 in
2015 1948 2338 2004 universum

758 2036 923 2090 habet
950 2036 1105 2104 juxta
1130 2035 1577 2104 prazexsistentes
1606 2037 1660 2090 in
1687 2037 1809 2105 ipso
1841 2054 2029 2093 rerum
2056 2056 2179 2109 qua:
2211 2049 2341 2095 sunt

755 2126 1001 2179 rationes
1033 2125 1183 2194 quod
1224 2140 1420 2179 recens
1448 2126 1543 2190 sit,
1585 2142 1650 2180 ac
1676 2129 1989 2196 prasertim
2016 2138 2214 2185 contra
2243 2147 2340 2186 vo-

755 2217 985 2271 luntatis
1036 2216 1403 2285 propositum.
1460 2216 1672 2272 Cuncta
1723 2218 1873 2273 enim
1939 2221 1993 2275 ei
2054 2232 2339 2293 utcunque

753 2307 1079 2362 exsistentia
1117 2314 1215 2360 aut
1245 2308 1515 2362 cxstitura
1558 2310 1867 2365 secundum
1895 2315 2195 2369 essentiam
2225 2315 2339 2385 jam

752 2407 913 2452 antea
962 2400 1151 2461 volita,
1214 2398 1523 2461 intellecta,
1575 2410 1784 2457 statuta
1836 2402 2095 2471 fuerunt;
2135 2406 2338 2475 cuique

755 2506 889 2545 vero
932 2505 1129 2544 eorum
1167 2503 1289 2558 quae
1324 2497 1456 2543 sunt
1504 2491 1657 2561 juxta
1714 2492 1975 2549 idoneum
2019 2504 2077 2550 et
2130 2511 2338 2567 oppor-

754 2592 953 2636 tnnum
1003 2591 1224 2650 tempus
1269 2583 1567 2636 essentiam
1609 2584 1805 2639 tribuit
1857 2594 1915 2640 et
1948 2588 2335 2644 substantiam.

753 2674 944 2743 Neque
991 2673 1141 2727 enim
1185 2673 1408 2742 quando
1459 2673 1788 2731 efﬁcientem
1832 2679 2121 2749 quidpiam
2162 2681 2336 2735 Deum

753 2764 1028 2828 videmus,
1075 2773 1209 2817 tunc
1258 2778 1482 2833 quoque
1535 2766 1838 2823 voluntatis
1878 2770 2027 2824 circa
2065 2786 2186 2825 eam
2221 2787 2336 2826 rem

755 2856 977 2910 initium
1047 2855 1248 2910 fecisse
1307 2866 1403 2911 aut
1468 2856 1785 2913 intellectus
1839 2869 1936 2913 aut
2003 2863 2340 2932 cognitionis

756 2950 939 3017 ipsum
994 2946 1356 3001 arbitremur.
1399 2948 1593 3005 Absit!
1646 2948 1763 3005 Hoc
1807 2951 1957 3006 enim
2002 2954 2173 3009 multa
2212 2970 2341 3024 pro-

754 3041 899 3092 fecto
933 3038 1278 3092 absurditate
1319 3048 1584 3105 scateret,
1620 3040 1665 3094 si
1697 3043 1845 3110 quod
1901 3044 2047 3099 Deus
2074 3046 2143 3099 ab
2174 3047 2336 3102 initio

754 3138 883 3184 ante
910 3129 1110 3183 saecula
1151 3145 1331 3199 neque
1381 3131 1666 3199 cogitavit,
1702 3141 1799 3185 aut
1842 3136 2039 3191 statuit
2076 3145 2137 3190 ut
2168 3146 2337 3203 esset,
2366 3170 2410 3228 ο

753 3231 850 3276 aut
891 3221 1086 3283 voluit,
1136 3238 1287 3276 nunc
1334 3224 1586 3294 cogitans
1612 3233 1669 3280 et
1716 3236 1970 3282 statuens
2015 3236 2073 3282 et
2115 3230 2331 3295 volens,

753 3314 842 3369 vel
899 3314 1253 3385 resipiscens,
1306 3326 1367 3369 ut
1419 3318 1595 3387 magis
1634 3319 1858 3388 proprie
1887 3319 2106 3389 loquar,
2143 3330 2204 3374 ut
2238 3320 2337 3375 bo-

754 3422 886 3461 num
932 3406 1225 3475 perficeret
1255 3424 1269 3461 :
1301 3424 1371 3462 ne
1401 3408 1580 3464 dicam
1610 3412 1759 3481 quod
1788 3428 1857 3467 ne
1908 3414 2081 3483 ipsam
2111 3415 2335 3484 quidem

753 3512 947 3552 eorum
990 3497 1393 3554 factitationcm
1442 3516 1683 3571 quorum
1732 3504 1976 3559 rationes
2005 3506 2337 3561 anteceden-

757 3599 843 3644 tcr
874 3606 984 3644 non
1030 3590 1252 3654 habeat,
1299 3593 1477 3646 novit.
1531 3594 1649 3648 imo
1684 3604 1884 3650 cuncta
1920 3597 2016 3651 Dei
2051 3598 2336 3655 voluntate

753 3696 852 3749 per
900 3682 1306 3749 prtescientiam
1352 3684 1661 3739 secundum
1702 3685 1972 3741 infinitam
2010 3690 2132 3759 ejus
2164 3690 2337 3746 virtu-

754 3781 862 3826 tem
899 3787 1119 3841 semper
1168 3773 1446 3827 contineri
1506 3775 1814 3842 credimus,
1864 3779 2016 3834 nulla
2050 3796 2109 3835 re
2156 3781 2227 3835 ab
2267 3797 2335 3835 eo

752 3878 977 3933 quoquo
998 3861 1051 3917 id
1077 3862 1240 3925 modo
1270 3863 1430 3920 fieret
1448 3882 1645 3922 recens
1665 3869 1973 3939 excogitata
1996 3881 2054 3925 et
2093 3873 2337 3927 cxsitcn-

752 3957 885 4011 tiam
919 3956 1275 4011 cssentialcm
1306 3957 1637 4027 accipiente.
1664 3960 1853 4031 Neque
1882 3963 2031 4017 enim
2079 3965 2335 4020 existimo

746 4061 849 4101 eos
876 4046 971 4116 qui
1004 4046 1092 4115 pie
1120 4062 1186 4100 ac
1220 4048 1472 4118 religiose
1513 4051 1764 4106 sentiunt
1795 4052 1999 4108 debere
2032 4055 2202 4109 Deum
2232 4072 2333 4125 pu-

754 4148 868 4191 tare
918 4153 1042 4206 quae
1079 4153 1180 4207 per
1225 4141 1709 4210 praecognitionem
1770 4144 1986 4199 infinita
2034 4147 2237 4201 virtute
2276 4148 2332 4201 in

751 4229 936 4298 scipso
974 4230 1282 4283 secundum
1325 4246 1517 4285 eorum
1556 4234 1802 4289 rationes
1838 4238 2329 4305 przecontinentur,

752 4337 819 4373 ea
866 4320 1083 4389 singula
1129 4335 1469 4405 cognoscerg
1514 4338 1613 4391 per
1643 4325 2064 4392 productionem
2094 4329 2160 4386 in
2184 4334 2330 4386 exsi-

2442 583 2819 652 προῦπάρχειν
2843 583 3097 649 λέγοντες
3117 581 3228 634 τῶν
3252 580 3523 649 σωμάτων
3558 580 3657 639 τὰς
3692 577 3903 646 ψυχάς,
3934 580 4026 628 καὶ

2440 675 2712 743 τιμωρίας
2752 675 2940 729 ἕνεκεν
2985 674 3096 727 τῶν
3122 673 3311 742 ψυχῶν
3343 670 3739 741 ὲφευρέσθαιττ
3799 669 3871 721 τά
3921 669 4027 720 σῶ-

2445 784 2614 837 ματα,
2669 765 2762 820 διά
2834 767 2935 837 τήν
2986 764 3477 837 προγεγενημένην
3538 760 3652 813 τῶν
3712 759 4029 827 ἀσωμάτων

2441 861 2661 925 κακίαν,
2724 861 2824 929 τῆς
2869 860 2979 915 τῶν
3033 860 3330 932 ὁρωμένων
3357 855 3673 926 ἐκπρεποῦς
3715 853 4027 925 μεγαλουρ·

2440 952 2587 1020 γίας,
2633 951 2704 1005 δι’
2744 947 2813 1023 ἧς
2854 954 2885 1006 ὁ
2910 951 3046 1014 Θεὸς
3075 949 3407 1015 γινώσκεται
3439 949 3618 1014 σιωπῇ
3678 943 4026 1015 κηρυττόμε-

2439 1061 2552 1107 νος,
2580 1042 2761 1096 αἰτίαν
2790 1041 3016 1103 είκότως
3036 1040 3107 1072 ⁷⁷·
3142 1035 3285 1092 εἶναι
3310 1036 3481 1106 μόνην
3509 1030 3889 1102 ὑποτιθέμεθα
3929 1033 4029 1099 τὴν

2443 1136 2669 1201 κακίαν,
2700 1134 2951 1204 ἀνάγκην
2978 1131 3295 1199 ἐπάγουσαν
3316 1126 3398 1197 τῷ
3431 1124 3552 1195 Θεῷ
3572 1124 3729 1193 παρὰ
3760 1121 4027 1192 πρόθεσιν

2445 1230 2513 1298 ἢν
2545 1229 2647 1282 οὑκ
2685 1226 2983 1295 εὐδόκησεν
3003 1224 3050 1255 ⁷⁸
3082 1221 3275 1275 οὐσίαν
3304 1217 3735 1289 δημιουργῆσαι,
3765 1208 3835 1284 ἧς
3866 1211 4033 1280 τυχὸν

2441 1318 2539 1370 ἀπ’
2565 1318 2745 1387 ἀρχῆς
2772 1316 2897 1369 οὑδὲ
2925 1315 3018 1367 τὸν
3046 1312 3205 1381 λόγον
3231 1310 3349 1379 εχει
3375 1309 3484 1380 πρὸ
3516 1307 3625 1360 τῶν
3646 1304 3866 1359 αἰώνων
3892 1300 4032 1371 μετὰ.

2440 1407 2549 1460 τῶν
2579 1408 2757 1462 ἄλλων
2784 1406 3129 1475 ἀπόκρυφον.
3157 1403 3281 1456 Τῶν
3312 1401 3425 1472 γὰρ
3465 1400 3618 1470 παρὰ
3650 1396 3923 1468 πρόθεσιν
3953 1412 4033 1461 γι-

2443 1502 2691 1573 νομένων
2713 1501 2899 1568 λέγειν
2926 1499 3018 1552 τὸν
3043 1497 3177 1550 Θεὸν
3214 1496 3362 1566 ἔχειν
3402 1493 3531 1555 τοὺς
3570 1492 3673 1560 τῆς
3714 1486 4034 1547 οὑσιῶσεως

2442 1593 2657 1660 λόγους,
2687 1590 2749 1644 οὑ
2786 1606 2878 1660 μοι
2933 1588 3084 1642 δοκεῖ
3136 1584 3369 1655 συνετῆς
3417 1581 3665 1642 διανοίας
3705 1574 3879 1639 εἶναι,
3940 1577 4030 1628 καὶ

2440 1681 2693 1738 ὁπωσοῦν
2721 1679 2779 1734 εὖ
2813 1678 3232 1752 συνῃσθημένης
3261 1674 3402 1729 Θεοῦ
3450 1671 3907 1745 μεγαλειότητος,
3938 1668 4033 1720 τοῦ

2442 1774 2690 1839 ἀπαθοῦς
2728 1775 2824 1827 καὶ
2871 1773 3036 1843 μόνου
3080 1769 3340 1841 ἀληθοῦς,
3401 1768 3495 1820 καὶ
3566 1766 3742 1836 μηδὲν
3807 1763 4029 1832 ἔχοντος

2442 1868 2673 1923 καθόλου
2707 1866 2850 1921 κατὰ
2893 1865 3022 1928 τοὺς
3077 1866 3136 1918 ὲν
3188 1861 3342 1932 αὑτῷ
3399 1859 3669 1931 προόντας
3713 1855 3825 1909 τῶν
3853 1854 4025 1907 ὅντων

2440 1960 2633 2029 λόγους
2678 1958 3015 2029 πρόσφατον,
3066 1956 3163 2009 καὶ
3225 1954 3464 2024 μάλιστα
3531 1949 3685 2020 παρὰ
3741 1947 4030 2015 πρόθεσιν.

2442 2049 2627 2102 Πάντα
2656 2048 2766 2119 γάρ
2797 2045 2947 2116 αὑτῷ
2975 2045 3045 2098 τά
3079 2042 3334 2097 ὁπωσοῦν
3359 2042 3490 2094 ὸντα
3515 2041 3561 2072 ⁷⁸
3603 2039 3638 2109 ἢ
3677 2037 4032 2106 γενησόμενα

2441 2139 2582 2194 κατά
2607 2139 2709 2210 τὴν
2733 2138 2921 2192 οὐσίαν
2938 2133 3332 2205 προτεθέληταί
3363 2150 3427 2187 τε
3449 2132 3545 2186 καὶ
3577 2128 4032 2202 προεννενόηται,

2441 2232 2537 2284 καὶ
2563 2231 2945 2301 προέγνωσται
2967 2245 2981 2259 ·
3022 2228 3256 2280 ἕκαστον
3302 2226 3361 2279 δὲ
3404 2222 3516 2277 τῶν
3547 2222 3723 2276 ὅντων
3767 2219 3916 2274 κατὰ
3944 2219 4036 2269 τὸν

2441 2319 2662 2374 εὔθετον
2674 2319 2720 2352 ⁸ο
2745 2319 2843 2373 καὶ
2876 2319 3184 2389 ἐπιτήδειον
3207 2326 3406 2388 καιρόν
3427 2313 3602 2368 οὑσιοί
3632 2314 3731 2365 καί¹
3747 2311 4035 2381 ὑφίστησι.

2440 2412 2594 2484 Μηδὲ
2630 2412 2740 2483 γάρ
2763 2413 2855 2465 ὅτε
2879 2427 2933 2463 τι
2956 2407 3449 2473 κατασκευάζοντα
3481 2406 3575 2459 τὸν
3624 2404 3763 2457 Θεὸν
3783 2402 4036 2473 ὁρῶμεν,

2441 2507 2564 2559 τότε
2585 2506 2801 2576 καὶτῆς
2828 2506 2960 2577 περὶ
2995 2504 3129 2558 αὑτὸ
3161 2503 3438 2574 θελήσεως
3486 2498 3693 2570 ἦρχθαι
3730 2496 3949 2557 ἐννοίας
3976 2513 4038 2547 τε

2443 2602 2537 2653 καὶ
2568 2598 2824 2667 γνώσεως
2869 2597 3032 2651 αὑτὸν
3063 2595 3381 2667 νομίσωμεν
3400 2594 3468 2646 ³¹.
3516 2593 3762 2659 Ἀπαγε.
3821 2588 4038 2657 Πολλῆς

2442 2688 2551 2760 γάρ
2584 2689 2754 2751 ὅντως
2796 2687 2916 2740 ἐστὶ
2964 2686 3123 2739 τοῦτο
3190 2684 3389 2757 μεστὸν
3440 2681 3696 2744 ἀτοπίας,
3735 2681 3786 2733 εί
3835 2680 3985 2749 ὅπερ
4012 2682 4041 2731 ό

2441 2778 2572 2842 Θεὸς
2597 2778 2826 2848 (231a
2852 2778 2870 2847 )
2902 2778 2963 2841 ἐξ
2993 2777 3169 2847 ἀρχῆς
3200 2776 3307 2846 πρὸ
3338 2774 3453 2827 τῶν
3475 2772 3695 2827 αἰώνων
3741 2775 3885 2841 μήτε
3946 2772 4037 2821 έν-

2441 2869 2662 2938 ενόησεν
2686 2867 2720 2939 ἦ
2748 2867 2890 2936 ἔγνω
2920 2866 2955 2937 ἦ
2985 2867 3243 2938 ὲθέλησιν
3277 2861 3439 2931 εἶναι,
3471 2864 3569 2917 νῦν
3613 2865 3819 2933 νοήσας
3852 2880 3911 2914 τε
3941 2864 4037 2915 καὶ

2443 2958 2676 3029 θελήσας
2700 2961 2797 3013 καὶ
2818 2960 3001 3027 γνοὺς,
3033 2959 3066 3027 ἢ
3108 2960 3413 3027 μεταγνοὺς
3434 2960 3611 3011 εἰπεῖν
3661 2957 4027 3027 οἰκειότερον.

2442 3049 2518 3113 ὡς
2548 3049 2710 3103 καλὸν
2743 3049 3084 3117 ἐξετέλεσενο
3113 3050 3201 3104 ἴνα
3260 3050 3337 3121 μὴ
3379 3050 3525 3118 λέγω
3573 3050 3657 3103 ὅτι
3698 3051 3824 3103 οὑδὲ
3856 3050 4034 3117 αὑτὴν

2444 3133 2519 3193 ὧν
2551 3142 2679 3203 τοὺς
2720 3141 2915 3209 λόγους
2964 3144 3405 3213 προηγουμένως
3461 3143 3561 3195 οὑκ
3598 3143 3733 3212 ἔχει.
3765 3141 4035 3210 γινώσκει

2444 3229 2543 3300 τὴν
2572 3231 2814 3298 ποίησιν.
2889 3229 3052 3284 Ἀλλὰ
3097 3231 3280 3285 πάντα
3323 3234 3390 3302 τῇ
3428 3230 3681 3301 βουλήσει
3736 3231 3834 3284 τοῦ
3887 3230 4033 3284 Θεοῦ

2448 3320 2876 3390 προγνωστικῶς
2895 3320 3039 3373 κατὰ
3080 3320 3179 3393 τὴν
3210 3321 3441 3393 ἄπειρον
3475 3321 3647 3376 αὑτοῦ
3678 3322 3921 3391 δύναμιν
3945 3322 4035 3374 ἀεὶ

2454 3411 2808 3482 περιέχεσθαι
2838 3411 3191 3481 πιστεύομεν,
3246 3413 3474 3484 μηδενὸς
3517 3412 3662 3483 αὑτῷ
3707 3412 3835 3466 καθ’
3886 3414 4033 3465 clov-

2442 3499 2642 3570 δήποτε
2690 3501 2891 3572 τρόπον
2956 3503 3291 3573 προσφάτως
3337 3503 3757 3575 ἑπινοουμένου,
3820 3507 3920 3558 καὶ
3971 3506 4034 3557 τὸ

2442 3583 2584 3641 εἶναι
2623 3590 2766 3643 κατὰ
2784 3589 2886 3658 τήν
2928 3589 3118 3645 οὐσίαν
3153 3591 3549 3661 λαμϐάνοντος.
3585 3593 3738 3661 Μηδὲ
3769 3594 3884 3663 γὰρ
3918 3596 4031 3647 ofs-

2445 3681 2570 3733 σθαι
2612 3681 2722 3733 δεῖν
2739 3681 2785 3712 ⁸⁸
2833 3680 3075 3746 εὐσεϐῶς
3127 3682 3462 3754 φρονοῦντας
3512 3684 3886 3753 ὑπολαμϐάνω
3936 3687 4031 3737 τὸν

2441 3771 2575 3825 Θεὸν
2605 3770 2676 3824 τὰ
2709 3771 2853 3824 κατά
2903 3772 3215 3843 πρόγνωσιν
3251 3775 3708 3846 άπειροδυνάμως
3740 3779 3800 3829 ὲν
3844 3778 4031 3847 ἑαυτῷ

2442 3864 2583 3915 κατὰ
2611 3863 2738 3925 τοὺς
2770 3863 2980 3917 ἑαυτῶν
3014 3864 3204 3934 λόγους
3237 3868 3725 3938 προπεριεχόμενα
3744 3868 3795 3898 ⁸³
3818 3868 4030 3920 ἕκαστα

2443 3954 2739 4023 μανθάνειν
2786 3956 2874 4009 διὰ
2903 3956 3001 4027 τῆς
3055 3959 3140 4021 είς
3170 3958 3232 4011 τὸ
3259 3956 3401 4013 εἶναι
3462 3960 3830 4031 παραγωγῆς.
3878 3961 4029 4013 Ἀλλ’

2440 4047 2575 4115 ἡμῖν
2603 4046 2652 4098 oi
2699 4046 2895 4111 αἰῶνές
2936 4066 2997 4101 τε
3039 4050 3135 4104 καὶ
3163 4051 3215 4103 οἱ
3262 4052 3443 4122 χρόνοι
3483 4053 3622 4107 κατὰ
3654 4053 3747 4106 τὸν
3785 4070 4032 4125 προωρι-

2443 4138 2641 4205 σμένον
2662 4139 2710 4170 ⁸⁸
2741 4139 2839 4192 καὶ
2867 4140 2961 4193 τὸν
2994 4140 3214 4196 εὔθετον
3252 4144 3489 4197 ἑκάστου
3530 4144 3723 4215 καιρὸν
3770 4146 3960 4213 σοφῶς
3981 4146 4029 4176 ⁸⁸

2441 4230 2650 4283 ἕκαστα
2700 4230 3186 4303 δημιουργούμενα
3242 4235 3640 4300 δεικνύουσι⁸⁶,
3678 4238 3779 4290 καὶ
3834 4239 3920 4299 είς
3970 4239 4033 4291 τὸ

2438 4318 2577 4375 εἶναι
2596 4322 2995 4393 προϐάλλονται
3016 4326 3060 4356 ⁸⁷
3085 4342 3100 4356 ·
3133 4328 3276 4381 καθά
3299 4330 3395 4381 καὶ
3419 4328 3661 4398 περὶτοῦ
3690 4330 3831 4383 Λευῖ
3858 4348 4031 4399 φησιν

753 4410 1034 4464 stentiam.
1076 4414 1146 4464 At
1197 4411 1359 4465 nobis
1392 4414 1591 4467 srecula
1630 4423 1686 4467 et
1730 4423 1981 4485 tempora
2024 4421 2329 4476 secundum

2442 4412 2634 4475 όθεῖος
2672 4413 2998 4478 ’Δπόστολος
3034 4417 3236 4471 οὑτωσὶ
3266 4418 3501 4484 διεξιὼν,
3534 4423 3662 4474 Ἔτι
3696 4422 3813 4490 γὰρ
3850 4423 3927 4474 ἐν
3955 4422 4031 4490 τῇ

755 4496 1088 4565 praefinitum
1138 4508 1624 4569 opportunumque
1659 4503 1928 4573 cujusque
1989 4507 2069 4560 rei
2117 4516 2334 4579 tempus

2442 4509 2631 4575 ὀσφύϊ
2650 4507 2757 4561 τοῦ
2780 4511 3006 4577 πατρὸς
3025 4507 3123 4580 ἦν,
3155 4514 3286 4583 πρὶν
3316 4515 3399 4576 εἰς
3425 4516 3486 4567 τὸ
3517 4511 3659 4568 εἶναι
3695 4516 4025 4587 παρελθεῖν.

755 4587 1036 4655 sapienter
1068 4589 1333 4657 quaelibet
1366 4590 1489 4644 ﬁcri
1518 4593 1844 4658 ostendunt,
1878 4607 1935 4649 et
1959 4596 2027 4650 ad
2060 4600 2335 4655 exsisten-

2442 4599 2631 4660 Ὅστις
2685 4598 2914 4669 δυνάμει
2948 4601 3048 4670 μὲν
3074 4600 3120 4632 ⁸⁸
3152 4602 3211 4654 έν
3241 4602 3324 4672 τῷ
3380 4606 3696 4677 πατριάρχῃ
3765 4609 4029 4678 Ἁϐραάμ

756 4679 889 4731 tiam
938 4680 1170 4748 provehi
1208 4698 1221 4733 :
1258 4680 1406 4735 sicut
1454 4680 1621 4736 etiam
1660 4682 1732 4738 de
1766 4685 1896 4740 Levi
1945 4687 2083 4742 dicit
2115 4690 2340 4748 divinus

2444 4690 2733 4759 ὑπάρχων,
2779 4692 2922 4743 κατὰ
2974 4692 3031 4744 δὲ
3068 4692 3159 4745 τὸν
3203 4695 3596 4764 τετελεσμένον
3657 4701 3858 4768 καιρὸν
3925 4705 4030 4772 τὴν

755 4769 1077 4836 Apostolus,
1100 4769 1205 4823 hoc
1232 4771 1397 4823 modo
1419 4770 1682 4840 loquens:
1714 4774 1898 4829 Adhuc
1920 4780 2059 4831 enim
2078 4782 2133 4833 in
2167 4780 2339 4837 lumbo

2442 4783 2580 4851 πρὸς
2628 4781 2690 4834 τὸ
2735 4777 2875 4835 εἶναι
2908 4782 2999 4836 διὰ
3040 4785 3292 4855 κυήσεως
3324 4786 3447 4839 κατ’
3476 4787 3769 4857 ἐνέργειαν
3801 4769 4030 4859 γένεσιν

755 4861 922 4929 patri:
936 4868 1055 4913 erat
1090 4862 1105 4901 ί
1134 4870 1429 4931 antequam
1457 4864 1767 4920 exsisteret.
1796 4867 1900 4933 Qui
1932 4872 2180 4938 potentia
2205 4874 2333 4942 qui-

2442 4872 2643 4938 λαϐὼν,
2676 4874 2855 4945 είρμῷ
2880 4876 2976 4928 καὶ
3002 4876 3157 4940 τάξει
3182 4878 3324 4933 κατά
3347 4878 3450 4950 τὴν
3483 4880 3803 4951 ἀπόρρητον
3828 4886 4032 4953 σοφίαν

756 4952 881 5004 dem
916 4951 971 5004 in
1000 4952 1312 5019 patriarcha
1333 4953 1652 5008 Abrahamo
1688 4958 1983 5023 cxsistens,
2020 4961 2175 5029 juxta
2201 4979 2333 5032 pra:-

2442 4964 2533 5017 τοῦ
2568 4964 2704 5018 Θεοῦ
2744 4966 2812 5018 τὰ
2850 4966 3026 5019 πάντα
3054 4966 3153 5037 τὴν
3198 4969 3336 5039 πρὸς
3376 4970 3440 5021 τὸ
3487 4966 3627 5025 εἶναι
3680 4951 3920 5037 γένεσιν
3945 4978 4031 5030 δέ-

758 5038 972 5092 liuitum
1006 5055 1140 5094 vero
1184 5052 1403 5111 tempus
1443 5058 1544 5112 per
1580 5046 2002 5115 conceptionem
2036 5049 2105 5103 de
2129 5042 2332 5108 effectu

2442 5054 2630 5124 χεσθαι
2667 5058 2808 5109 νοεῖν
2844 5058 2992 5127 ἡμᾶς
3024 5058 3120 5110 καὶ
3154 5038 3433 5114 πιστεύειν
3476 5063 3617 5116 κατὰ
3646 5063 3739 5118 τὸν
3770 5082 4033 5136 προγνω-

754 5136 954 5182 nactus
988 5132 1404 5199 generationem
1443 5133 1501 5186 in
1541 5134 1948 5202 exsistentiam,
1985 5139 2131 5194 serie
2156 5150 2214 5195 et
2251 5158 2335 5197 or—

2443 5146 2641 5201 σθέντα
2667 5148 2858 5216 καιρὸν
2895 5150 3234 5219 ὑπηγάγετο.

753 5220 884 5274 dine
910 5222 1117 5283 omnia,
1156 5224 1552 5291 pmintellecto
1603 5234 1770 5295 atque
1821 5231 2161 5301 praecognito
2200 5242 2471 5305 tempore,
2518 5238 2823 5293 secundum
2864 5239 3201 5297 incﬂ'ahilem
3263 5244 3361 5300 Dei
3399 5245 3723 5318 sapientiam
3765 5253 4029 5323 accipere

752 5315 1089 5370 cxsistentiae
1124 5317 1498 5373 conditionem
1559 5327 1622 5373 ut
1667 5336 1769 5376 nos
1832 5322 2268 5394 intelligeremus
2327 5337 2384 5384 et
2417 5330 2776 5387 crederemus
2817 5334 3113 5404 persuasit.

836 5434 848 5471 i
884 5430 1053 5485 llebr.
1083 5447 1179 5494 vn,
1212 5432 1298 5486 10.

2022 5528 2258 5585 VARUE
2300 5532 2709 5591 LECTlONES.

825 5643 867 5736 ξιτ
893 5642 1602 5736 ξφευρῆισθιαιηθιί.·ρ;111.η
1630 5649 1695 5679 ⁷⁷⁸
1723 5648 1822 5736 εἰς¹
1852 5651 2247 5736 (ιρις-διεξελεξ
2281 5654 2540 5736 cdz‘Gall.
2571 5656 2663 5736 “7'
2696 5659 2994 5736 ηὐδόκησεν
3054 5664 3143 5716 ed.
3205 5664 3341 5718 Call.
3420 5668 3518 5736 ’νῆ
3560 5669 3690 5723 ὄντα
3743 5673 3835 5727 ed.
3886 5674 4031 5734 Call.

2717 5713 2727 5729 ι
2887 5713 2895 5731 ι
3492 5713 3518 5736 .,
3562 5713 3690 5723 ν...
3743 5713 3835 5727 ι...
3888 5713 4031 5734 ιη...

754 5713 1328 5815 ⁸⁰¹ἔνίθετρνιθιξᾶϐειιι.-
1380 5717 2017 5815 "xlroilz‘iﬁouzmttl.10all.
2095 5723 2489 5815 θξδεξριξλὶειη.
2570 5727 3639 5815 ’δέπροπερισχόμεναςῳοιξτ.(πηιϐυιι.
3716 5744 4031 5815 1⁵δόρισμλρςι

754 5784 842 5841 ed.
876 5783 1013 5839 Call.
1106 5782 1149 5815 ⁸⁸
1182 5786 1367 5854 σαφῶς
1398 5787 1484 5840 ed.
1510 5782 1648 5841 Call.
1727 5791 1772 5820 ’”
1803 5790 2039 5846 δείκνυσι
2079 5794 2169 5848 ed.
2203 5794 2342 5849 Call.
2419 5799 2460 5828 ’"
2493 5782 2853 5863 προϐάλλεται
