4192 6434
221 356 360 420 1329

210 562 307 613 καὶ
327 563 620 629 ἐσομένων,
649 563 1003 634 ἢγενομένων
1019 569 1086 631 ⁸⁵,
1114 570 1145 639 ἢ
1170 575 1553 642 γενησομένων
1589 577 1620 646 ἤ
1651 595 1779 646 φαι-

209 650 474 717 νομένων,
506 651 540 720 ἢ
570 655 980 725 ῳανησομένων,
1011 660 1068 710 ἐν
1097 660 1176 728 τῷ
1203 661 1322 729 Θεῷ
1363 668 1780 738 προϋπάρχουσι

210 741 427 807 παγίως
455 742 609 803 ὄντες
652 745 700 796 οί
747 746 918 815 λόγοι,
949 749 1071 802 καθ’
1103 750 1197 814 οὓς
1228 754 1322 806 καὶ
1353 756 1463 808 εἰσὶ
1490 757 1559 809 τὰ
1605 760 1780 814 πάντα

209 835 308 882 καὶ⁵
333 838 588 901 γεγόνασι
617 838 710 890 καὶ
730 837 1073 909 διαμένουσιν
1089 845 1135 876 ⁹⁹
1160 844 1251 898 ἀεὶ
1269 848 1383 909 τοῖς
1405 848 1618 902 ἑαυτῶν
1639 853 1780 906 κατὰ

210 922 473 989 πρόθεσιν
521 925 721 994 λόγοις,
763 929 850 982 διὰ
889 933 1162 1000 κινήσεως
1212 937 1450 1007 φυσικῆς
1491 939 1778 1007 ἐγγίζοντα

215 1015 395 1083 (231
424 1020 477 1078 ὁ)
505 1021 601 1071 καὶ
655 1021 790 1090 πρὸς
857 1023 919 1075 τὸ
963 1019 1101 1078 εἶναι
1159 1026 1360 1095 μᾶλλον
1418 1031 1774 1101 συνεχόμενα,

213 1108 353 1160 κατὰ
382 1108 479 1177 τὴν
512 1111 672 1164 ποιάν
703 1129 764 1164 τε
805 1115 897 1168 καὶ
948 1117 1120 1186 ποσὴν
1145 1118 1246 1186 τῆς
1283 1121 1662 1190 προαιρέσεως
1694 1125 1779 1177 κί-

211 1200 370 1264 νησίν
399 1218 456 1252 τε
482 1203 575 1254 καὶ
615 1205 809 1273 ῥοπὴν,
843 1207 904 1258 τὸ
931 1207 991 1261 εὖ
1016 1209 1083 1260 δι’
1113 1209 1318 1280 ἀρετὴν
1350 1215 1445 1265 καὶ
1497 1214 1599 1284 τὴν
1640 1216 1776 1286 πρὸς

212 1289 305 1340 τὸν
343 1291 496 1358 λόγον
525 1295 645 1346 καθ’
671 1297 730 1348 ὃν
752 1299 900 1350 ἐστιν
950 1299 1304 1371 εὐθυπορίαν,
1335 1302 1367 1372 ἦ
1418 1305 1475 1356 τὸ
1501 1305 1603 1372 φεῦ
1637 1302 1776 1360 εἶναι

209 1378 303 1430 διὰ
330 1383 527 1437 κακίαν
570 1387 664 1438 καὶ
709 1389 808 1456 τὴν
856 1391 1010 1460 παρὰ
1055 1393 1148 1445 τὸν
1199 1394 1354 1463 λόγον
1402 1397 1523 1449 καθ’
1550 1399 1609 1450 όν
1659 1400 1776 1452 ἐστι

211 1474 426 1561 κίνησιν
452 1473 818 1545 λαμϐάνοντα,
853 1483 948 1536 καὶ
991 1485 1271 1552 συντόμως
1300 1489 1474 1540 είπεῖν
1506 1489 1648 1542 κατὰ
1677 1491 1775 1561 τὴν

207 1556 323 1619 ἕξιν
345 1559 376 1622 ἢ
393 1561 492 1629 τὴν
511 1564 762 1634 στέρησιν
776 1571 877 1637 τῆς
892 1570 1072 1624 αὐτῶν
1101 1574 1242 1627 κατὰ
1259 1575 1422 1641 φύσιν
1447 1556 1775 1646 μεθεκτικῆς

205 1646 489 1718 δυνάμεως
509 1653 602 1707 τοῦ
620 1659 894 1722 παντελῶς
923 1663 1227 1731 ἀμεθὲκτου
1241 1667 1380 1720 κατὰ
1401 1667 1564 1736 φύσιν
1589 1669 1770 1741 ὑπάρ-

206 1743 541 1805 χοντο;,·καὶ
579 1748 744 1800 πᾶσιν
773 1750 961 1814 ἁπλῶς
999 1754 1190 1809 ἑαυτὸν
1219 1757 1392 1822 ἀξίοις
1429 1775 1490 1812 τε
1524 1762 1617 1814 καὶ
1640 1764 1771 1815 ἀνα-

1448 375 1682 437 AMBIG
1694 379 1961 440 UORUM
2003 383 2251 444 LIBER.

287 469 510 522 ΙΙὰντων
537 465 629 523 οὖν
660 473 766 526 τῶν
795 475 916 528 κατ’
937 475 1124 531 οὐσίαν
1154 479 1506 550 ὑπαρκτικῶς
1535 486 1706 538 ὄντων
1727 505 1786 540 τε

3322 403 3459 469 1330

1818 496 1859 548 Α
1956 493 2210 548 Omnium
2249 497 2414 565 igitur
2455 514 2638 554 rerum
2671 505 2976 561 secundum
2998 511 3296 567 essentiam
3328 519 3458 572 sub-

1884 584 2217 638 stantialiter
2243 589 2632 645 exsistentium
2657 603 2712 646 et
2750 597 3170 666 exstiturarum,
3213 604 3330 660 sive
3355 621 3456 662 na-

1886 681 2062 727 tarum
2115 676 2232 730 sive
2273 681 2701 746 nasciturarum,
2739 686 2857 740 sive
2908 692 3298 759 apparentium
3338 697 3457 753 sive

1879 764 2344 832 appariturarum.
2379 768 2436 824 in
2483 771 2593 826 Deo
2625 775 3012 843 pmenistunt
3049 782 3330 840 stabiliter
3366 764 3458 841 η..

1881 854 2079 920 tiones,
2121 859 2428 915 secundum
2484 879 2623 932 quas
2665 877 2725 921 et
2755 878 2886 923 sunt
2917 873 3101 927 omnia
3134 882 3193 929 et
3228 875 3457 933 fuerunt

1877 953 1934 998 et
1975 957 2200 1002 manent
2228 963 2452 1019 semper
2496 953 2614 1007 suis
2646 957 2952 1012 secundum
2978 961 3282 1019 voluntatis
3316 979 3454 1034 pro-

1879 1035 2117 1102 positum
2149 1037 2478 1106 rationibus,
2515 1058 2613 1111 per
2636 1047 2940 1103 naturalem
2983 1060 3196 1106 motum
3247 1068 3452 1123 appro-

1877 1125 2202 1195 pinquantia
2244 1139 2302 1185 et
2360 1133 2427 1187 ad
2487 1136 2868 1193 exsistentiam
2925 1142 3100 1212 magis
3151 1153 3451 1211 coarctata,

1876 1219 2179 1274 secundum
2234 1223 2676 1295 qualemcunque
2722 1237 2780 1283 et
2823 1243 3306 1304 quantamcunque
3350 1251 3454 1292 vo-

1877 1307 2104 1366 luntatis
2163 1322 2374 1368 motum
2458 1324 2625 1384 atque
2685 1332 3060 1386 momentum,
3123 1327 3450 1396 accipientia

1877 1398 2018 1454 bene
2063 1416 2188 1457 esse
2238 1419 2338 1473 per
2376 1405 2638 1461 virtutem
2689 1419 3015 1480 rectumque
3061 1414 3127 1467 ad
3180 1417 3450 1472 rationem

1873 1504 1982 1558 qua
2033 1501 2265 1548 utuntur
2321 1495 2448 1561 iter,
2502 1499 2588 1552 vel
2644 1501 2788 1556 male
2827 1516 2948 1558 esse
2995 1514 3222 1574 propter
3251 1508 3448 1562 vitium

1872 1589 1931 1633 et
1966 1590 2174 1636 motum
2218 1583 2270 1637 ei
2303 1600 2412 1653 qua
2450 1596 2684 1642 utuntur
2735 1589 2950 1644 ratione
2979 1593 3342 1658 contrarium,
3369 1603 3446 1660 et,

1876 1681 1935 1724 ut
1970 1673 2159 1741 paucis
2205 1673 2407 1740 dicam,
2460 1679 2768 1734 secundum
2826 1680 3078 1736 habitum
3125 1683 3210 1737 vel
3264 1685 3446 1754 priva-

1876 1764 2080 1818 tionem
2123 1781 2239 1820 suaa
2286 1767 2441 1838 juxta
2493 1779 2745 1825 naturam
2785 1773 3185 1843 participativze
3221 1775 3447 1830 virtutis

207 1827 346 1931 ςίοις
372 1831 491 1885 ὅλον
539 1837 681 1890 κατὰ
713 1838 874 1909 χάριν
918 1842 988 1895 δι’
1026 1842 1256 1914 ἄπειρον
1287 1847 1602 1918 ἁγαθότητα
1632 1870 1772 1922 παρ-

1873 1855 1995 1925 ejus
2024 1857 2121 1926 qui
2171 1827 2334 1927 plane
2365 1827 2844 1931 impartieipabil'is
2871 1827 2958 1920 est
2987 1827 3446 1928 lsecundtunna;

204 1920 512 1988 ἐχοντος⁹¹,
551 1928 643 1981 καὶ
672 1931 770 1999 τὴν
799 1930 893 1984 τοῦ
923 1933 1009 1985 ἀεὶ
1035 1931 1172 1989 εἶναι
1213 1937 1397 2002 καθὼς
1426 1941 1655 2004 ἕκαστος
1681 1943 1772 2011 ὑφ’

202 2013 403 2068 ἑαυτοῦ
441 2017 828 2074 διατέθειταί⁹¹
853 2041 912 2076 τε
944 2026 1038 2078 καὶ
1071 2027 1190 2080 ἔστι
1234 2030 1497 2101 διαμονὴν
1536 2035 1773 2106 ἐμποιή-

202 2120 414 2168 σοντος.
446 2103 540 2172 Ui;
564 2112 598 2180 ἡ
635 2112 732 2166 τοῦ
767 2116 970 2184 κυρίως
995 2117 1148 2182 ὄντος
1173 2123 1266 2174 καὶ
1291 2122 1353 2176 εὖ
1386 2123 1540 2188 ὄντος
1563 2127 1659 2180 καὶ
1683 2103 1770 2181 ἀεὶ

198 2191 356 2252 ὄντος
388 2196 645 2266 ἀνάλογος
676 2201 892 2268 μέθεξις
921 2205 954 2275 ἢ
993 2206 1276 2276 ἀμεθεξία,
1334 2214 1608 2282 τιμωρίας
1656 2217 1767 2269 τῶν

204 2287 497 2354 μετασχεῖν
511 2289 586 2358 μὴ
599 2291 931 2361 δυναμένων,
955 2295 1046 2350 καὶ
1058 2299 1410 2366 ἀπολαύσεως
1420 2305 1534 2358 τῶν
1546 2307 1592 2337 ⁸³
1608 2325 1773 2376 μετα-

201 2379 355 2442 σχεῖν
374 2378 701 2449 δυναμένων,
725 2387 976 2450 ἐπίτασις
996 2392 1111 2443 ἐστι
1139 2393 1234 2446 καὶ
1259 2395 1576 2466 ἑπαύξησις.
1605 2401 1772 2454 Οὐδὲν

201 2467 315 2535 γὰρ
338 2468 400 2520 τὸ
431 2472 692 2540 παράπαν
716 2475 831 2528 ἔστι
867 2480 974 2531 τῶν
998 2481 1168 2536 ὄντων
1194 2480 1255 2538 οὗ
1279 2485 1355 2556 μὴ
1378 2489 1527 2558 παρὰ
1553 2490 1632 2558 τῷ
1652 2491 1771 2562 Θεῷ

202 2559 422 2620 πάντως
451 2562 479 2612 ό
506 2562 662 2629 λόγος
685 2568 1017 2634 προένεστιν.
1039 2565 1139 2624 Ὧν
1170 2575 1226 2627 δὲ
1245 2577 1393 2645 παρὰ
1410 2577 1487 2646 τῷ
1504 2579 1622 2648 Θεῷ
1636 2559 1769 2653 trpe-

197 2652 540 2724 ὓπάρχῡυσιν
573 2655 724 2718 ὄντες
755 2659 853 2728 τῆς
878 2661 1065 2726 οὐσίας
1093 2666 1140 2716 οί
1163 2665 1329 2734 λόγοι,
1352 2668 1554 2723 τούτων
1567 2652 1767 2744 δηλαδὴ

197 2746 346 2798 κατὰ
376 2747 634 2816 πρόθεσιν
653 2746 802 2802 θείαν
832 2751 1047 2816 πάντως
1077 2757 1224 2809 ἐστὶν
1252 2759 1286 2827 ὴ
1317 2759 1550 2825 γένεσις.
1586 2755 1687 2818 Ὧν
1711 2765 1769 2819 δὲ

200 2837 348 2889 κατὰ
378 2839 635 2907 πρόθεσιν
666 2839 992 2896 θείανθὲστὶν
1022 2847 1055 2915 ἡ
1081 2847 1314 2912 γένεσις,
1357 2852 1562 2905 τούτων
1589 2857 1622 2923 ἡ
1647 2859 1767 2908 κατ’

202 2929 398 2979 οὐσίαν
426 2928 657 2999 ὖπαρξις
682 2932 834 2999 μένει
871 2933 1010 3005 πρὸς
1033 2936 1094 2988 τὸ
1125 2937 1200 3007 μὴ
1221 2939 1283 2991 ὃν
1319 2940 1428 2993 ἀπὸ
1476 2943 1572 2996 τοῦ
1615 2945 1768 3008 ὄντος

195 3021 645 3091 ἁμεταχώρητος.
677 3017 776 3076 Ὧν
812 3025 868 3078 δὲ
909 3026 1047 3097 πρὸς
1073 3029 1135 3080 τὸ
1158 3031 1233 3098 μὴ
1258 3030 1317 3083 ὃν
1343 3033 1769 3106 ἁμεταχὼρητος

203 3111 344 3176 μετᾶ
374 3112 472 3180 τὴν
491 3113 706 3178 γένεσιν
752 3117 861 3168 ἀπὸ
892 3119 985 3171 τοῦ
1025 3118 1178 3181 ὄντος
1204 3123 1236 3190 ἡ
1283 3125 1402 3176 κατ’
1437 3127 1625 3180 οὐσίαν
1654 3129 1754 3196 ὑφ·
1792 3159 1836 3216 C

199 3203 434 3270 ἐστηκεν
455 3201 707 3271 ὗπαρξις,
722 3205 928 3259 τούτων
951 3210 998 3260 οἱ
1019 3209 1163 3277 λόγοι
1188 3213 1513 3282 τυγχάνουσι
1542 3215 1760 3286 μόνιμοί

197 3310 260 3345 τε
295 3296 387 3346 καὶ
420 3295 664 3364 βάσιμοι,
704 3298 874 3366 μόνην
904 3299 1121 3369 ἔχοντες
1151 3303 1324 3373 ἀρχὴν
1356 3306 1450 3357 τοῦ
1489 3302 1627 3361 εἶναι
1671 3310 1769 3379 τὴν

198 3381 420 3447 σοφίαν,
448 3382 508 3446 ἐξ
531 3381 598 3455 ἧς
626 3385 720 3437 καὶ
750 3386 816 3438 δι’
848 3387 916 3456 ἢν
961 3388 1287 3458 ὑπάρχουσι,
1332 3393 1429 3445 καὶ
1460 3394 1549 3461 ὑφ’
1579 3391 1647 3466 ἦς
1672 3397 1770 3466 τὴν

199 3474 342 3540 πρὸς
369 3475 431 3527 τὸ
456 3471 596 3528 εἶναι
620 3477 881 3532 δύνασθαι
912 3480 1124 3547 παγίως
1143 3481 1374 3552 δύναμιν
1402 3484 1641 3554 ἔχουσιν.
1670 3482 1770 3543 ⁷ον

195 3565 260 3616 δὲ
295 3567 343 3618 οί
373 3566 520 3634 λόγοι
579 3569 823 3638 μονίμως
874 3571 1181 3642 ὑπάρχουσι
1234 3575 1388 3644 παρὰ
1424 3576 1504 3646 τῷ
1533 3578 1671 3649 Θεῷ,
1697 3611 1770 3620 -

198 3655 298 3706 καὶ
339 3657 374 3723 ἡ
414 3656 543 3725 περὶ¹
572 3657 771 3720 αὐτοὺς
824 3659 919 3712 τοῦ
977 3663 1336 3731 πεποιηκότος
1389 3666 1570 3736 (232
1607 3669 1662 3736 α)
1701 3671 1769 3722 τὰ

201 3745 388 3798 πάντα
423 3747 559 3800 θεοῦ
605 3749 859 3818 πρόθεσίς
895 3752 1042 3805 ἐστιν
1069 3753 1407 3819 ἀδιάπτωτος
1439 3774 1453 3788 ο
1499 3764 1769 3827 χρονικοῖς

197 3841 314 3909 γὰρ
340 3841 373 3908 ἡ
405 3840 499 3892 τοῦ
524 3841 659 3893 Θεοῦ
685 3843 942 3912 πρόθεσις
987 3847 1339 3899 παντάπασιν
1389 3849 1450 3900 οὐ
1487 3853 1765 3923 περιείλη-

197 3948 336 3982 πται
364 3932 616 4001 πέρασιν,
648 3933 771 3986 οὔτε
798 3934 898 4002 μὲν
923 3935 1019 4004 τὴν
1042 3937 1108 3989 ὲκ
1141 3939 1443 4009 μεταϐολῆς
1483 3941 1768 3997 ἀλλοίωσιν

196 4022 505 4092 ἐπιδέχεται
587 4028 699 4088 τοῖς
761 4027 1143 4096 ὑποκειμένοις
1215 4034 1763 4101 συμμεταπίπτουσα,

193 4116 406 4166 τούτων
442 4116 930 4184 ἁναμφηρίστως⁹³
967 4119 1024 4171 al
1057 4120 1320 4190 ὑπάρξεις
1359 4124 1546 4192 σαφῶς
1563 4129 1608 4158 ’⁵
1631 4130 1768 4181 εἰσιν

195 4205 598 4276 ἁδιάφθοροι⁹⁶.
629 4210 697 4261 Ἦ
720 4208 829 4279 γὰρ
865 4206 959 4263 οὖν
987 4210 1130 4264 κατὰ
1163 4213 1422 4281 πρόθεσιν
1469 4217 1640 4270 θέλων
1669 4238 1765 4273 πε-

199 4298 430 4364 ποίηκεν
453 4300 483 4351 ό
511 4299 641 4362 Θεὸς
665 4301 733 4354 τὰ
756 4300 1072 4369 ἀνθρώπινα
1111 4303 1358 4375 σώματα,
1391 4309 1486 4360 καὶ
1522 4310 1672 4379 μένει
1701 4313 1767 4365 δι’

195 4386 367 4438 αὑτὸν
423 4388 558 4456 πρὸς
596 4389 658 4441 τὸ
704 4390 779 4459 μὴ
822 4391 884 4443 ὃν
929 4393 1298 4460 ἀμετάπτωτα
1329 4398 1632 4460 παντελῶς,
1679 4401 1768 4454 ἀεὶ

1873 1955 2078 2013 turam,
2108 1957 2166 2004 et
2206 1949 2568 2006 nihilominus
2608 1955 2822 2010 eunetis
2867 1972 2938 2010 ex
2987 1972 3148 2025 aequo
3198 1957 3442 2026 seipsum

1875 2047 1982 2092 tam
2042 2039 2224 2110 dignis
2277 2058 2441 2111 quam
2510 2043 2753 2114 indignis
2807 2046 3084 2116 integrum
3137 2048 3441 2104 secundum

1873 2131 2102 2200 gratiam
2149 2148 2216 2187 ex
2269 2133 2480 2189 inﬁnita
2523 2136 2771 2192 bonitate
2821 2138 3068 2203 exhibet,
3103 2142 3442 2208 perpetuita-

1872 2232 2093 2291 temque
2121 2225 2455 2280 exsistentia:
2479 2226 2821 2296 inoperatur,
2838 2239 3005 2297 prout
3036 2230 3274 2299 quisque
3302 2247 3334 2286 a
3356 2247 3442 2287 se-

1871 2313 1992 2380 ipso
2017 2312 2252 2369 allicitur
2284 2327 2341 2370 et
2386 2325 2492 2371 est.
2522 2317 2737 2383 Quibus
2769 2335 2901 2375 sane
2933 2336 3064 2376 vere
3095 2322 3441 2389 exsistentis,

1869 2415 1926 2459 et
1971 2407 2111 2462 bene
2160 2408 2500 2473 exsistentis,
2560 2419 2618 2464 et
2672 2426 2892 2481 semper
2946 2413 3264 2469 exsistentis
3303 2431 3442 2470 con-

1868 2508 2128 2554 sentanea
2178 2500 2532 2570 partieipatio
2569 2503 2655 2556 vel
2707 2504 3216 2574 non-participatio,
3248 2521 3441 2561 eorum

1868 2591 1962 2660 qui
1998 2592 2328 2660 participare
2372 2609 2480 2647 non
2509 2604 2761 2662 possunt,
2791 2606 2878 2649 est
2917 2611 3116 2665 poenae,
3157 2605 3217 2651 et
3247 2613 3441 2652 eorum

1868 2682 1964 2750 qui
1996 2691 2248 2750 possunt,
2269 2682 2550 2737 l'ruitionis
2577 2684 2816 2738 intensio
2833 2695 2919 2739 est
2947 2695 3004 2740 et
3022 2686 3440 2742 incrementum.

1868 2771 2106 2826 Omnino
2140 2772 2292 2827 enim
2319 2789 2514 2828 eorum
2547 2790 2670 2843 qua:
2697 2776 2972 2830 exsistunt
3015 2777 3227 2831 nullum
3265 2787 3445 2832 exstat

1870 2865 2034 2933 cujus
2077 2863 2224 2933 apud
2274 2865 2451 2919 Deum
2493 2880 2725 2934 prorsus
2771 2866 2911 2920 ratio
2941 2881 3051 2919 non
3079 2865 3440 2935 praeexsistat.

1867 2953 2114 3020 Quorum
2157 2971 2292 3010 vero
2333 2955 2478 3024 apud
2523 2957 2696 3010 Deum
2735 2958 3126 3026 praaexsistunt
3182 2959 3441 3014 essentia:

1867 3053 2146 3100 exstantes
2173 3045 2440 3108 rationes,
2469 3047 2667 3100 horum
2691 3049 2939 3116 profecto
2963 3047 3268 3102 secundum
3297 3048 3439 3104 divi-

1867 3150 1994 3188 nam
2014 3136 2353 3190 voluntatem
2385 3136 2446 3189 lit
2467 3137 2695 3191 creatio.
2719 3137 2963 3203 Quorum
2982 3154 3116 3193 vero
3136 3140 3440 3194 secundum

1871 3227 2112 3281 divinam
2146 3228 2488 3282 voluntatem
2522 3227 2582 3280 lit
2629 3229 2859 3292 creatio,
2884 3229 3079 3282 horum
3129 3230 3440 3284 essentialis

1870 3317 2190 3372 cxsistentia
2219 3328 2425 3383 manet,
2457 3327 2515 3374 et
2548 3320 2616 3374 ad
2646 3321 3165 3375 non-exsistentiam
3201 3321 3272 3375 ab
3293 3321 3438 3376 exsi-

1871 3409 2069 3464 stentia
2097 3425 2204 3464 non
2231 3410 2447 3465 transit.
2482 3411 2728 3476 Quorum
2756 3426 2889 3464 vero
2930 3410 2998 3464 ad
3030 3410 3440 3465 non-exsisten-

1874 3501 2000 3555 tiam
2026 3512 2149 3571 post
2196 3503 2534 3557 creationem
2580 3504 2650 3556 ab
2695 3503 3015 3557 exsistentia
3085 3519 3193 3557 non
3244 3505 3441 3558 transit

1869 3593 2176 3647 essentialis
2202 3594 2495 3656 exstantia,
2531 3609 2725 3647 eorum
2759 3594 3007 3648 rationes
3055 3595 3282 3648 stabiles
3307 3603 3436 3649 sunt

1869 3693 2033 3752 atque
2085 3683 2271 3745 ﬁrma2,
2301 3683 2526 3737 unicum
2575 3683 2844 3739 habentes
2893 3684 3233 3739 exsistentia:
3282 3685 3436 3754 prin-

1868 3775 2072 3843 cipium
2116 3774 2467 3842 sapientiam,
2509 3792 2576 3829 ex
2599 3791 2707 3842 qua
2737 3786 2794 3829 et
2819 3791 2917 3844 per
2943 3790 3109 3844 quam
3140 3776 3437 3840 exsistunt,

1867 3873 1924 3918 et
1954 3879 1983 3917 a
2013 3879 2119 3932 qua
2159 3864 2419 3917 virtutem
2457 3864 2663 3917 habent
2685 3871 3006 3917 constanter
3057 3870 3120 3916 ut
3159 3878 3281 3916 esse
3309 3879 3437 3931 pos-

1867 3955 1998 4009 sint.
2045 3955 2292 4020 Quorum
2349 3971 2484 4009 vero
2542 3956 2784 4009 rationes
2839 3953 3064 4008 stabiles
3109 3963 3238 4008 sunt
3291 3954 3435 4023 apud

1869 4046 2062 4107 Deum,
2085 4055 2226 4100 —et
2266 4045 2362 4100 Dei
2408 4061 2594 4100 rerum
2637 4054 2965 4100 cunctarum
3004 4045 3306 4100 conditoris
3338 4047 3438 4098 im-

1870 4137 2155 4190 mutabilis
2192 4146 2278 4190 est
2325 4151 2392 4190 ac
2444 4136 2601 4191 ﬁrma
2649 4137 2796 4190 circa
2842 4151 2936 4190 eas
2989 4137 3262 4194 voluntas.
3313 4151 3436 4189 eum

1869 4226 2240 4294 temporaneis
2285 4225 2383 4279 Dei
2427 4225 3148 4293 voluntashaudquaquam
3187 4239 3436 4292 compre-

1871 4319 2038 4371 hensa
2088 4325 2175 4371 est
2228 4317 2523 4378 limitibus,
2567 4331 2746 4386 neque
2777 4317 3140 4370 mutationem
3181 4331 3248 4369 ex
3282 4315 3441 4367 vicis-

1869 4408 2111 4462 situdine
2156 4408 2418 4470 admittit,
2466 4423 2574 4461 una
2617 4423 2741 4461 cum
2798 4406 3062 4474 subjectis
3109 4406 3340 4466 variata,
3372 4433 3441 4443 --

198 4477 428 4529 θέλοντα
450 4473 670 4531 εἶναιτὸ
700 4481 795 4533 σὺν
824 4481 967 4550 λόγῳ
991 4485 1086 4536 καὶ
1131 4486 1294 4556 copia
1322 4488 1468 4540 κατὰ
1503 4490 1767 4555 πρόθεσιν

1876 4501 2071 4554 horum
2123 4500 2412 4554 manifeste
2460 4511 2517 4554 et
2565 4502 2685 4556 sine
2731 4499 3110 4554 controversia
3155 4497 3440 4552 exstantia:

197 4567 446 4637 Θεληθὲν,
480 4570 574 4622 καὶ
601 4571 702 4624 οὐκ
727 4571 880 4624 ἔσται
909 4575 1030 4627 κατ’
1054 4576 1250 4637 αὐτοὺς
1294 4580 1327 4646 ἡ
1363 4581 1633 4649 παντελὴς
1659 4583 1766 4634 τῶν

199 4659 472 4726 σωμάτων
500 4660 635 4729 πρὸς
656 4662 700 4691 ⁸⁷
724 4661 786 4713 τὸ
812 4661 888 4733 μὴ
920 4663 978 4716 ὃν
1015 4664 1358 4733 ἀπογένεσις,
1398 4668 1430 4736 ἢ
1468 4671 1606 4721 κατὰ
1634 4672 1767 4740 πρό-

197 4752 352 4800 θεσιν
405 4750 468 4803 οὐ
516 4752 860 4822 πεποίηκε’θ,
904 4757 999 4808 καὶ
1036 4757 1109 4827 μὴ
1171 4757 1340 4810 θέλων
1388 4760 1757 4830 ἐτυραννήθη,

198 4841 346 4894 κατὰ
381 4843 500 4910 βίαν
553 4845 822 4915 ἀγόμενος
871 4847 1006 4916 πρὸς
1034 4849 1266 4915 γένεσιν,
1309 4843 1386 4904 ὦν
1417 4854 1544 4914 τοὺς
1573 4853 1767 4920 λόγους

198 4932 340 4999 ἔχων
386 4934 446 4985 οὐ
483 4935 770 5001 πέφανται.
824 4938 932 4990 Καὶ
979 4939 1027 4990 εί
1067 4938 1162 5007 μὲν
1210 4941 1566 5010 τυραννηθεὶς
1614 4944 1766 5011 παρὰ

201 5023 465 5088 πρόθεσιν
487 5019 617 5093 ἦλθε
637 5029 681 5058 θ’
720 5027 942 5096 ποιῆσαι
983 5027 1057 5098 μὴ
1088 5028 1257 5082 θέλων
1290 5031 1357 5084 τὰ
1398 5031 1646 5101 σώματα,
1680 5035 1766 5086 λό-

200 5131 301 5178 γος
329 5115 568 5184 δηλονότι
597 5121 693 5171 καὶ
718 5120 880 5187 σοφία
914 5121 1012 5190 τῆς
1053 5123 1259 5176 τούτων
1291 5127 1559 5191 γενέσεως
1607 5126 1766 5178 οὐδα-

203 5205 324 5272 μῶς
385 5209 751 5278 καθηγήσατο.
808 5212 882 5263 Τὸ
931 5212 1040 5280 γὰρ
1096 5215 1247 5285 παρὰ
1298 5217 1566 5285 πρόθεσιν
1617 5217 1766 5274 θείαν

202 5297 505 5367 γινόμενον,
534 5300 694 5369 λόγου
719 5303 813 5356 καὶ
856 5303 1049 5370 σοφίας
1080 5306 1360 5370 παντελῶς
1388 5309 1676 5377 ἐστέρηταί
1707 5327 1768 5362 τε

1870 4590 2095 4644 interitu
2137 4599 2347 4643 carent.
2403 4591 2496 4644 νει
2547 4591 2714 4658 igitur
2758 4589 3062 4644 secundum
3095 4590 3438 4657 propositum

1870 4683 2058 4735 volens
2093 4679 2278 4733 eﬂeeit
2329 4680 2476 4733 Deus
2531 4681 2770 4734 humana
2811 4693 3064 4747 corpora,
3120 4688 3178 4732 ct
3217 4685 3442 4730 manent

1867 4785 1968 4838 per
2016 4785 2143 4823 eum
2189 4770 2258 4823 ad
2307 4770 2830 4824 non-exsistentiam
2861 4783 3094 4838 prorsus
3131 4782 3241 4821 non
3273 4765 3442 4819 decli-

1869 4862 2079 4922 nantia,
2114 4875 2240 4913 cum
2289 4876 2511 4930 semper
2545 4861 2678 4915 velit
2721 4875 2845 4916 esse
2874 4844 3038 4929 lquod
3073 4873 3197 4912 eum
3231 4857 3440 4910 ratione

1867 4965 1925 5007 et
1977 4953 2244 5021 sapientia
2298 4953 2529 5006 velitum
2582 4966 2666 5007 est
2715 4952 3019 5006 secundum
3076 4949 3439 5019 propositum,

1865 5050 1921 5093 et
1957 5040 2028 5092 ita
2077 5055 2184 5092 non
2232 5040 2515 5108 continget
2563 5040 2864 5094 secundum
2911 5053 3010 5092 eos
3057 5037 3214 5106 plena
3245 5051 3443 5104 corpo-

1868 5147 1990 5184 rum
2017 5132 2083 5184 ad
2111 5132 2634 5187 non-exsistentiam
2682 5129 3043 5202 degeneratio
3077 5145 3090 5181 :
3119 5127 3202 5181 vel
3244 5142 3441 5181 secun-

1869 5223 1998 5276 dum
2038 5225 2380 5292 propositum
2414 5241 2521 5278 non
2549 5223 2754 5288 elfecit,
2800 5232 2859 5277 et
2886 5237 2996 5275 non
3033 5220 3228 5275 volens
3260 5219 3438 5272 domi-

1872 5313 2148 5368 nationem
2173 5332 2366 5385 passus
2393 5326 2497 5380 est,
2531 5317 2733 5386 quippe
2759 5315 2809 5368 vi
2843 5323 3066 5368 coactus
3098 5311 3165 5365 ad
3192 5308 3439 5364 facienda

1500 5442 1731 5500 νΑιιιΑξ
1762 5446 2162 5504 LECTIONES.

276 5541 322 5576 ⁸ο
353 5543 384 5612 ἦ
416 5547 720 5614 γενομένων
754 5564 860 5602 non
893 5550 1055 5605 habet
1081 5553 1167 5606 ed.
1200 5553 1337 5609 Gall.

1431 5556 1476 5627 ξ’
1511 5562 1604 5610 καὶ
1634 5559 1978 5627 διαμένουσιν
2001 5580 2107 5617 non
2147 5563 2312 5616 habet
2343 5563 2429 5617 cd.
2463 5565 2603 5618 «ειη.

2678 5569 2718 5595 ιιι
2755 5565 3080 5635 παρέξοντος
3111 5565 3276 5619 hall“
3303 5581 3437 5635 3W"

201 5635 222 5678 ε.
242 5616 469 5694 raphum
499 5618 619 5703 fmll‘.
654 5618 824 5703 illud;
869 5623 920 5702 3’
947 5620 1255 5703 διατέθηται
1285 5625 1374 5676 ed.
1396 5625 1554 5703 _Ga_||.
1630 5631 1676 5658 ’³
1706 5616 1875 5684 Verba
1931 5633 2003 5701 μὴ
2027 5616 2378 5700 δυναμένων,
2425 5633 2518 5685 καὶ
2550 5616 3034 5695 ἀπολαύσεὼςντῶν
3063 5616 3180 5686 ἰιοὴ
3215 5616 3433 5703 ωιιιίιιι-

205 5694 330 5734 wnt
363 5685 413 5736 in
447 5687 532 5740 ul.
571 5687 708 5738 Call.
784 5689 829 5718 ⁹¹⁶
857 5685 1312 5761 ἀναμφιῤῥῆστως
1343 5695 1430 5747 ml.
1462 5697 1598 5749 liall.

205 5753 293 5805 t'd.
333 5755 464 5806 (Sall,
569 5758 612 5786 9"
639 5759 934 5806 πεποίηκεν
959 5761 1048 5806 ml.
1089 5762 1226 5806 (:nlI-
1303 5766 1346 5795 θ’
1383 5760 1540 5806 {amni
1581 5787 1593 5806 .

202 5769 293 5805 Cll.
333 5769 464 5806 ΙιζΙΙΙ,

593 5700 708 5784 Ι;;ι11.
785 5700 829 5769 '_"
857 5700 1598 5784 avagt'lptfzéﬁﬁrwi‘m’l.‘lia”.
1637 5768 1648 5784 Ι
1676 5700 1718 5728 ’⁵⁵
1746 5700 1941 5766 σαφῶς
1962 5704 2112 5757 abest
2144 5701 2212 5756 ab
2244 5703 2309 5756 t‘tl
2365 5704 2478 5758 Galil

569 5759 612 5786 9"
639 5759 934 5827 πεποίηκεν
959 5761 1048 5813 ml.
1070 5759 1228 5816 (λιιι.
1303 5766 1346 5795 θ’
1383 5760 1540 5833 ἦλθεν
1570 5768 1668 5827 ,ριι
1703 5759 1840 5824 Call;

2564 5706 2608 5736 "'
2641 5705 2917 5772 άόιὰιοτςοροι
2943 5704 3033 5758 cd.
3068 5703 3204 5758 Call.
3278 5705 3322 5736 ⁸⁷
3357 5707 3435 5768 είς
