4192 6434
771 370 897 436 1331

1913 372 1973 430 S.
2016 370 2301 429 MAXIM!
2346 368 2860 432 CONFESSOIUS

3860 367 3996 430 133?.

763 499 828 539 ea
860 496 1096 551 quorum
1150 482 1390 536 rationes
1436 478 1641 535 habere
1678 495 1789 535 non
1818 480 1969 534 visus
2009 490 2116 534 est.
2169 481 2248 534 Ac
2285 482 2331 534 si
2364 490 2404 542 Α

2436 481 2529 533 καὶ
2559 480 2937 551 ἠλλοτρίωται.
2966 478 3041 530 Τὸ
3067 477 3124 531 δὲ
3171 477 3331 547 λόγου
3368 479 3461 532 καὶ
3501 480 3699 547 σοφίας
3730 480 4009 543 παντελῶς

763 577 988 647 quidem
1054 575 1486 629 dominationem
1541 588 1735 645 passus
1780 582 1974 628 contra
2027 573 2332 627 voluntatis

762 669 1104 738 [impositum
1130 674 1187 720 et
1218 665 1425 721 invitus
1448 665 1674 721 devenit
1701 665 1772 719 ad
1800 663 2051 719 facienda
2077 678 2331 732 corpora,

760 761 869 828 jam
920 759 1059 813 ratio
1105 766 1163 812 et
1214 757 1485 827 sapientia
1541 757 1892 825 productioni
1938 756 2100 826 plane
2136 769 2330 809 eorum

764 850 934 903 facem
973 865 1083 902 non
1127 850 1385 919 praetulit.
1410 848 1569 916 Quod
1599 849 1746 904 enim
1782 848 1842 902 ﬁt
1866 856 2058 903 contra
2080 846 2330 900 divinum

764 940 1140 1008 propositum,
1190 941 1404 995 ratione
1459 949 1516 994 et
1560 939 1827 1009 sapientia
1873 938 2099 991 omnino
2157 946 2329 999 caret,

764 1027 835 1081 ab
888 1028 1066 1097 iisque
1114 1029 1355 1083 alienum
1399 1040 1535 1084 est:
1586 1037 1642 1083 at
1692 1028 1839 1098 quod
1895 1036 2050 1083 caret
2102 1042 2333 1096 prorsus

765 1118 977 1172 ratione
1025 1126 1082 1173 et
1126 1118 1398 1187 sapientia
1429 1119 1535 1173 hoc
1560 1118 1737 1172 solum
1786 1125 1872 1172 est
1908 1116 2133 1177 malum,
2177 1116 2334 1183 cujus

764 1210 1138 1263 exsistentiam
1183 1208 1414 1263 denotat
1450 1208 1803 1272 inexstantia,
1848 1207 2006 1277 cujus
2046 1214 2333 1259 auctorem

765 1296 937 1351 Deum
961 1312 1030 1350 ne
1053 1298 1296 1367 cogitare
1318 1297 1540 1367 quidem
1564 1297 1727 1352 nobis
1748 1311 1988 1366 unquam
2016 1297 2071 1350 in
2091 1303 2331 1350 mentem

764 1387 970 1449 veniat,
1012 1387 1217 1440 nedum
1245 1387 1417 1455 palam
1449 1386 1656 1449 dicere,
1686 1395 1743 1441 et
1781 1386 2091 1455 perniciose
2119 1386 2329 1440 audere

764 1476 1018 1530 credere.
1060 1478 1132 1530 At
1170 1477 1297 1545 quis
1332 1488 1521 1531 contra
1570 1477 1740 1531 Deum
1778 1477 2121 1549 tyrannidem
2168 1492 2333 1531 usur-

764 1565 997 1633 paverit,
1018 1566 1293 1634 siquidem
1312 1580 1505 1634 passus
1536 1575 1621 1620 est
1642 1581 1786 1631 eam,
1815 1575 1873 1622 ct
1894 1566 1976 1621 fas
2000 1576 2083 1621 est
2107 1568 2333 1621 omnino

764 1664 822 1708 ut
853 1670 981 1709 eum
1022 1664 1214 1710 contra
1240 1656 1587 1725 propositum
1626 1657 1775 1727 quod
1808 1656 1990 1712 noluit
2021 1657 2216 1712 fecisse
2249 1657 2332 1711 di-

764 1746 994 1800 camus?
1043 1747 1112 1800 Et
1156 1746 1435 1815 quomodo
1468 1749 1564 1814 qui
1609 1748 1955 1819 tyrannidem
2002 1763 2198 1820 passus
2248 1757 2333 1803 est

765 1837 911 1890 Deus
958 1837 1089 1900 erit,
1134 1813 1202 1891 es
1261 1813 1593 1893 necessitate
1632 1813 1701 1894 vet
1743 1848 1938 1895 contra
1985 1813 2327 1909 propositum
2363 1813 2404 1868 Β

765 1926 1115 1981 constituens
1150 1926 1207 1980 in
1240 1928 1528 1985 interitum
1562 1945 1752 1985 rerum
1773 1929 2194 1984 conditionem?
2223 1929 2329 1995 Qui

765 2017 1082 2085 hujusmodi
1109 2018 1427 2087 opinionem
1452 2028 1697 2085 tuentur,
1720 2020 1909 2077 dicere
1927 2020 2191 2075 audento.
2222 2022 2332 2075 Aut

763 2106 911 2159 enim
947 2106 1118 2161 Deum
1167 2107 1285 2161 haec
1311 2107 1510 2164 fecisse
1542 2110 1813 2175 dicerent,
1853 2120 1911 2168 et
1954 2112 2328 2183 gravissimam

764 2197 1158 2266 blasphemiam
1190 2199 1567 2266 admitterent,
1603 2203 1985 2259 necessitatem
2012 2205 2124 2258 Deo
2164 2203 2327 2258 indu-

2435 572 2802 642 ἐστερημένον
2850 570 3011 641 μόνον
3034 570 3153 622 ἐστὶ
3193 572 3257 623 τὸ
3284 573 3475 634 κακὸν,
3524 566 3587 625 οὗ
3621 570 3685 623 τὸ
3728 568 3873 625 εἶναι
3904 590 4003 640 χα-

2436 661 2813 733 ρακτηρίζειή
2847 660 3182 731 άνυπαρξία,
3209 655 3417 725 οὗτινος
3454 663 3690 733 ποιητὴν
3736 662 3833 714 τὸν
3874 664 4009 713 Θεὸν

2435 752 2571 821 μήτε
2598 753 2799 804 ἐννοεῖν
2823 751 2957 821 ἡμῖν
2977 750 3188 819 γένοιτο
3210 750 3450 815 πώποτε,
3482 754 3683 822 μήτιγε
3702 752 3770 822 δὴ
3794 752 3810 782 ¹
3829 752 4009 817 λέγειν

2431 843 2758 911 ἀναφανδὸν,
2786 842 2884 896 καὶ
2905 841 3185 895 πιστεύειν
3204 842 3467 912 ὀλεθρίως
3500 842 3730 912 τολμᾷν.
3765 841 3867 904 Τίς
3896 841 3954 893 δὲ
3980 843 4008 891 ό

2434 934 2774 1002 τυραννήσας
2823 932 2915 985 τὸν
2960 932 3119 996 Θεὸν,
3177 933 3338 1003 εῐπερ
3391 932 3819 1003 τετυράννηται,
3874 932 4006 984 παν

2434 1024 2590 1093 θέμις
2641 1024 2779 1087 ὅλως
2833 1024 3010 1077 εἰπεῖν
3058 1023 3283 1093 ποιῆσαι
3342 1023 3495 1094 παρά
3544 1024 3809 1092 πρόθεσιν
3845 1022 3879 1074 ὅ
3931 1022 4006 1091 μὴ

2436 1114 2757 1184 βεϐούληται
2779 1133 2795 1180 ;
2825 1116 2935 1167 Καὶ
2959 1113 3077 1177 πῶς
3103 1116 3135 1168 ὁ
3159 1113 3515 1184 τυραννηθείς
3542 1114 3658 1166 ἐστι
3675 1113 3832 1175 Θεὸς.
3872 1114 4008 1181 πρὸς

2433 1204 2680 1272 ἀνάγκης
2699 1202 3129 1275 ὑφιστῶν-παρά
3177 1202 3439 1272 πρόθεσιν
3461 1203 3555 1254 ἐπ’
3570 1202 3597 1233 ³
3621 1201 3875 1269 ἀπωλείᾳ
3914 1201 4009 1267 γέ-

2433 1309 2582 1346 νεσιν
2602 1292 2979 1362 πραγμάτωνς
3002 1294 3065 1347 Οἱ
3090 1292 3296 1361 ταύτην
3330 1293 3690 1361 περιέποντες
3716 1292 3819 1363 τὴν
3843 1291 4007 1355 δόξαν

2434 1385 2612 1452 λέγειν
2642 1384 3021 1453 τολμάτωσαν.
3056 1386 3125 1438 Ἦ
3156 1384 3268 1454 γάρ
3291 1384 3361 1438 ἂν
3396 1383 3491 1437 τὸν
3524 1372 3659 1435 Θεὸν
3686 1383 3862 1436 ταῦτα
3896 1399 4001 1434 πει

2435 1475 2723 1545 ποιηκέναι
2757 1476 2937 1543 φαῖεν,
2986 1476 3084 1527 καὶ
3132 1474 3203 1527 τά
3238 1472 3474 1543 μέγιστα
3525 1474 4004 1544 βλασφημήσαιεν,

2433 1564 2713 1634 ἀνάγκηνδ
2755 1564 3050 1632 ἐπάγοντες
3104 1562 3187 1632 τῷ
3240 1560 3408 1632 Θεῷ⁸
3454 1561 3679 1630 ποιῆσαί
3747 1578 3801 1613 τι
3851 1562 4004 1628 παρὰ

2435 1654 2693 1727 πρόθεσιν
2714 1670 2729 1685 ·
2761 1653 2794 1723 ἢ
2828 1655 2904 1726 μὴ
2942 1653 3126 1724 (232
3155 1655 3208 1722 b)
3228 1653 3612 1723 πεποιηκέναι,
3636 1652 3732 1705 καὶ
3752 1652 3813 1717 ἐξ
3843 1652 4008 1718 ἀνάγε-

2434 1761 2539 1815 κης
2565 1744 2734 1814 ἀλλην
2752 1745 2929 1816 ἀρχὴν
2956 1742 3313 1814 Μανιχαῖκῶς
3329 1742 3352 1774 ⁸
3380 1740 3485 1813 τὴν
3524 1741 3702 1795 ταῦτα
3736 1740 4008 1793 ποιοῦσαν

2430 1835 2743 1903 εἰσάγοντες
2776 1834 3211 1903 φωραθήσονται.
3258 1832 3523 1896 Πάντως⁷
3562 1833 3673 1903 γάρ
3723 1832 3855 1885 ῐδιὸιε
3889 1833 4006 1883 ἐστι

2429 1926 2539 1979 τῶν
2560 1925 2657 1979 δύο
2703 1926 2880 1997 ἀρχὰς
2911 1925 3171 1997 ἀλλήλαις
3226 1924 3774 1996 ἀντιπαρεξαγόντων
3803 1926 3868 1977 τὸ
3906 1926 4006 1994 τῆς

2430 2017 2828 2089 προῦπάρξεως
2864 2016 3065 2085 δόγμα.
3099 2015 3209 2079 Οὓς
3258 2016 3444 2086 χάριτι
3493 2014 3632 2068 Θεοῦ
3680 2013 3779 2067 τοῦ
3827 2030 4006 2066 παντ-

2430 2107 2726 2178 ελεήμονος
2775 2107 2805 2158 ὁ
2834 2105 3005 2175 βαθὺς
3039 2105 3141 2175 τῆς
3175 2105 3440 2173 ἀφανείας
3477 2105 3642 2174 ζόφος
3686 2102 4011 2174 περιλαϐὼν

2430 2199 2512 2261 είς
2542 2196 2758 2249 τελείαν
2796 2194 3047 2263 ἀπήλασε
3076 2194 3272 2265 λήθην,
3299 2194 3363 2247 τδ
3392 2194 3596 2264 φέγγος
3639 2194 3743 2263 τῆς
3791 2209 4009 2264 κηρυτ-

764 2296 957 2343 centes
1002 2298 1260 2359 tanquam
1288 2291 1497 2361 aliquid
1546 2292 1769 2349 fecisset
1810 2304 2004 2349 contra
2030 2294 2331 2348 voluntatis

2435 2288 2671 2358 τομινης
2700 2286 2807 2340 ὑπὸ
2853 2286 2966 2339 τῶν
2995 2285 3166 2354 ἀγίων
3204 2286 3466 2358 Πατέρων
3509 2283 3672 2357 ἡμῶν
3691 2285 3714 2316 ⁸
3745 2284 4011 2353 ἀληθείας

763 2376 1103 2445 propositum
1125 2395 1142 2431 :
1163 2388 1259 2433 aut
1278 2392 1390 2432 non
1418 2377 1614 2435 fecisse
1637 2380 1905 2445 dicerent,
1938 2390 1995 2436 et
2020 2382 2334 2437 necessario
2437 2379 2500 2433 οὐ
2528 2378 2816 2449 φέροντας.

761 2465 913 2521 aliud
951 2470 1287 2539 principium
1323 2470 1380 2525 in
1424 2471 1649 2527 modum
1698 2472 2142 2537 laniclmorum,
2207 2472 2354 2543 quod
2392 2472 2586 2527 fecerit
2623 2471 2749 2537 hoc,
2802 2471 3156 2526 introducere
3184 2469 3692 2543 deprchendemur.
3734 2471 3875 2527 Nam
3907 2486 4012 2541 pe-

762 2560 993 2615 culiaris
1015 2570 1101 2616 est
1126 2564 1355 2617 omnino
1390 2578 1585 2619 eorum
1616 2567 1714 2636 qui
1772 2566 1884 2622 duo
1942 2566 2220 2622 contraria
2254 2565 2527 2636 principia
2573 2563 2715 2619 inter
2783 2578 2844 2619 se
2888 2564 3246 2620 committunt
3290 2562 3745 2633 praaexsistentiae
3789 2563 4010 2633 opinio.

765 2649 918 2716 Quos
980 2652 1073 2707 Dei
1117 2656 1292 2725 gratia
1332 2657 1834 2713 misericordissimi
1894 2659 2165 2729 profunda
2229 2657 2543 2714 esterminii
2601 2656 2777 2727 caligo
2818 2656 3064 2712 obrucns
3107 2658 3166 2712 iu
3226 2657 3447 2727 plenam
3502 2656 3843 2711 oblivionem
3910 2656 4013 2710 de-

763 2742 947 2805 trusit,
969 2758 1093 2797 cum
1109 2744 1459 2814 splendorem
1479 2747 1787 2816 praedicata:
1804 2764 1835 2803 a
1855 2750 2104 2820 patribus
2120 2750 2325 2805 nostris
2360 2746 2610 2803 veritatis
2659 2746 2805 2802 ferre
2849 2761 2961 2801 non
3013 2756 3258 2816 possent.

836 2832 1006 2886 Miror
1039 2842 1223 2888 autem
1266 2837 1546 2905 quomodo
1592 2838 1737 2903 illos,
1772 2848 1838 2894 ut
1868 2850 2065 2895 caetera
2115 2841 2324 2896 interea

2498 2836 2773 2909 Θαυμάξω
2788 2838 2846 2892 δὲ
2872 2838 2991 2902 πῶς
3020 2839 3240 2903 αὐτοὺς,
3260 2839 3347 2893 τνα
3371 2838 3694 2910 παραλείψω
3715 2838 3739 2870 ⁹
3764 2837 3866 2891 νῦν
3902 2839 4014 2892 ὅσα

761 2924 1014 2977 omittam
1059 2925 1239 2980 multa
1280 2942 1406 2996 qua
1450 2927 1561 2983 diei
1616 2940 1863 2999 possent,
1904 2947 1974 2986 ne
2020 2932 2324 2986 orationem

2434 2928 2663 2998 ῥηθῆναι
2688 2927 2911 2980 δυνατόν
2932 2929 3069 2991 εστι,
3088 2927 3176 2981 διά
3201 2927 3301 2999 τὴν
3323 2929 3673 2998 συμμετρίαν
3692 2925 3787 2979 τοῦ
3811 2927 4011 2995 λόγου,

762 3026 941 3065 meam
970 3012 1182 3102 diutius
1206 3016 1554 3083 protraham,
1579 3033 1772 3073 verum
1795 3019 1999 3076 Christi
2027 3021 2123 3078 Dei
2152 3023 2324 3077 nostri
2355 3044 2398 3102 ο

2430 3019 2493 3073 τὸ
2525 3019 2668 3073 κατά
2696 3018 2931 3089 Χριστὸν
2957 3018 3051 3072 τὸν
3080 3017 3332 3089 ἀληθινὸν
3361 3018 3496 3072 Θεὸν
3525 3018 3688 3089 ἡμῶν
3710 3020 3755 3051 ¹⁹
3784 3022 4013 3090 μυστήο

765 3100 1086 3169 mysterium
1134 3111 1398 3170 provocet
1440 3104 1511 3159 ad
1550 3106 1932 3161 excutiendam
1980 3118 2229 3178 prompte
2260 3125 2327 3163 ex
2368 3100 2383 3102 ’

2432 3127 2565 3180 ριον,
2614 3111 2677 3164 οὐ
2706 3110 2945 3163 δυσωπεῖ
2986 3110 3191 3180 ταύτην
3224 3110 3525 3182 προθύμως
3549 3110 3759 3163 ἑαυτιῖιν
3778 3112 4015 3165 ἐκτινά-

762 3190 949 3243 animo
980 3205 1082 3244 suo
1107 3190 1422 3259 hujusmodi
1452 3197 1801 3251 sententiam.
1828 3197 1883 3252 Si
1909 3200 2154 3253 omnium
2177 3200 2325 3253 enim

2430 3202 2622 3267 ξασθαι
2641 3201 2739 3271 τὴν
2761 3201 2941 3266 δόξαν.
2970 3202 3032 3256 Εί
3056 3201 3166 3272 γάρ
3190 3201 3413 3255 πάντων
3464 3203 3573 3255 τῶν
3599 3203 3755 3257 θείων
3790 3219 4010 3275 μυστ-η-

763 3281 1150 3349 mysteriorum
1168 3284 1480 3340 divinorum
1502 3288 2041 3358 mysteriosissimum
2059 3299 2144 3344 est
2167 3289 2327 3345 Chri-

2430 3294 2562 3364 ρίων
2615 3292 3151 3364 μυστηριωδέστερον
3196 3294 3259 3348 τὸ
3302 3293 3447 3347 κατά
3488 3293 3725 3365 Χριστὸν
3762 3295 4018 3366 ὑπάρχει

760 3370 855 3434 sti,
875 3371 1022 3440 quod
1048 3374 1240 3444 utique
1254 3376 1403 3431 omni
1430 3377 1729 3432 secundum
1747 3394 1964 3434 omnem
1985 3380 2323 3436 intellectum

2431 3386 2750 3455 μυστήριον,
2794 3385 2891 3438 καὶ
2931 3384 3114 3454 πάσης
3140 3386 3242 3455 τῆς
3284 3386 3427 3439 κατά
3459 3387 3643 3441 πάσαν
3687 3386 3903 3441 ιννοιαν
3950 3388 4017 3439 ὲν

759 3463 847 3516 vel
870 3464 1154 3519 exsistenti
1181 3467 1264 3521 vel
1287 3469 1571 3524 exstituraa
1606 3470 1931 3539 perfectioni
1983 3472 2187 3528 limites
2222 3474 2324 3526 im-

2428 3478 2594 3530 πάσιν
2619 3476 2652 3546 ἢ
2675 3477 2843 3545 οὔσης
2864 3477 2898 3547 ἢ
2922 3476 3301 3547 γενησομένης
3330 3476 3675 3549 τελειότητος
3701 3478 4016 3547 ὁριστικδν,

758 3553 935 3620 ponit,
960 3555 1219 3625 quodque
1260 3558 1508 3612 omnium
1555 3559 1789 3614 limitum
1824 3576 1889 3616 ac
1932 3562 2121 3616 finium
2165 3580 2323 3632 repa-

2428 3568 2522 3620 καὶ
2555 3567 2755 3631 παντὸς
2785 3568 2912 3639 ὅρου
2944 3567 3040 3621 καὶ
3087 3567 3325 3636 πέρατος
3355 3568 3614 3639 ὑπεράνω
3663 3568 4014 3639 καθέστηκε,

760 3643 887 3711 gula
929 3646 1363 3715 supergreditur,
1408 3648 1513 3702 hoc
1552 3664 1679 3703 vero
1718 3651 2041 3720 mysterium
2080 3668 2205 3707 cum
2238 3655 2322 3707 in-

2428 3658 2585 3711 τοῦτο
2615 3657 2671 3711 δὲ
2704 3658 2766 3711 τὸ
2790 3660 3090 3728 μυστήριον
3120 3658 3263 3728 μετά
3295 3658 3392 3712 τοῦ
3426 3660 3469 3691 ¹¹
3502 3659 3887 3731 σαρωθέντος
3913 3662 4016 3712 καὶ

761 3743 987 3787 carnato
1035 3749 1101 3788 ac
1132 3736 1374 3804 perfecte
1408 3738 1631 3801 homine
1668 3739 1763 3794 Dei
1815 3741 1995 3796 Verbo
2027 3753 2083 3797 et
2121 3760 2243 3800 esse
2270 3756 2326 3801 et

2428 3748 2650 3811 τελείως
2682 3748 3211 3819 ἐνανθρωπήσαντος
3254 3749 3391 3803 Θεοῦ
3439 3751 3613 3819 Λόγου
3645 3746 3787 3804 εἷναί
3818 3767 3881 3803 τε
3910 3752 4017 3803 καὶ

758 3824 1023 3879 exsistere
1044 3839 1247 3896 corpus
1277 3828 1438 3883 docet
1461 3829 1529 3883 de
1548 3840 1735 3884 nostra
1769 3846 1934 3886 carne
1971 3832 2323 3906 dcsumptum

759 3922 925 3982 atque
967 3916 1131 3970 nobis
1182 3919 1566 3983 cocssentiale,
1618 3921 1833 3976 unitum
1870 3924 1971 3992 ipsi
2023 3928 2323 3983 secundant

760 4005 1145 4071 substantiam,
1172 4022 1297 4061 eum
1325 4024 1436 4077 quo
1467 4019 1524 4065 et
1545 4022 1859 4081 assumptus
1883 4022 1966 4068 est
2001 4016 2055 4069 in
2085 4019 2254 4073 cmlos
2276 4020 2321 4083 ι,

756 4112 917 4164 supra
952 4113 1158 4150 omnem
1185 4100 1542 4169 principatum
1583 4112 1631 4155 et
1660 4113 1968 4171 potestatem
2000 4117 2049 4159 et
2082 4111 2324 4164 virtutem

758 4200 1048 4255 nomenque
1076 4188 1423 4256 quodcunque
1460 4191 1787 4255 nominatur,
1830 4209 1934 4245 non
1961 4194 2113 4247 modo
2139 4197 2195 4249 in
2231 4200 2324 4251 hoc

754 4274 968 4339 arcula,
998 4278 1089 4330 sed
1111 4280 1344 4332 etiamin
1370 4281 1547 4348 futuro
1575 4279 1623 4344 ιι,
1656 4291 1820 4351 atque
1854 4299 1979 4338 cum
2013 4285 2123 4339 Deo
2158 4298 2324 4357 atque

2428 3837 2700 3907 ὑπάρχειν
2726 3837 2971 3892 διδάσκει
3001 3837 3065 3891 τὸ
3094 3838 3255 3909 σῶμα
3279 3840 3341 3892 τὸ
3381 3838 3442 3903 ἐξ
3468 3840 3626 3909 ἡμῶν
3652 3839 3865 3909 ληφθὲν
3912 3841 4017 3893 καὶ

2425 3928 2559 3997 ἡμῖν
2587 3927 2911 3995 ὁμοούσιον,
2968 3927 3248 3997 ἡνωμένον
3298 3928 3452 3999 αύτῷ
3497 3929 3622 3983 καθ’
3671 3930 4014 3986 ὑπόστασιν,

2430 4017 2546 4087 μεθ’
2566 4012 2629 4071 οὗ
2661 4019 2755 4072 καὶ
2774 4018 3048 4088 ἀνελήφθη
3075 4020 3156 4081 εἰς
3176 4020 3463 4090 οὐρανοὺς,
3492 4022 3771 4089 ὑπεράνω
3795 4021 4016 4087 πάσης

2425 4106 2620 4175 ἀρχῆς
2639 4106 2736 4161 και
2752 4106 3039 4173 ἐξουσίας
3068 4111 3165 4161 καί
3189 4108 3500 4179 δυνάμεως
3524 4112 3621 4164 καί
3648 4113 4019 4177 κυριότητος

2426 4198 2522 4250 καὶ
2575 4197 2797 4261 παντὸς
2828 4200 3123 4268 ὀνόματος
3168 4200 3624 4269 ὀνομαζομένου,
3679 4206 3752 4255 οὐ
3807 4206 4020 4270 μόνον

2424 4289 2495 4343 ἐν
2524 4290 2606 4355 τῷ
2636 4288 2804 4344 αιῶνι
2835 4292 3054 4356 τούτῳ,
3108 4291 3269 4346 ἀλλὰ
3322 4292 3421 4345 καὶ
3450 4293 3523 4346 ἐν
3562 4292 3643 4357 τῷ
3682 4292 4014 4362 μέλλοντι.

756 4366 919 4421 Patre
940 4382 1089 4421 nunc
1120 4378 1178 4422 et
1202 4386 1301 4438 per
1325 4372 1672 4427 interminata
1695 4376 1895 4429 szecula
1923 4376 2099 4438 sedet,
2131 4395 2321 4434 omnes
2352 4366 2399 4426 ο

2428 4381 2520 4435 καὶ
2544 4380 2623 4451 τῷ
2640 4380 2758 4451 Θεῷ
2788 4382 2884 4435 καὶ
2908 4382 3081 4451 Πατρὶ
3104 4381 3201 4434 νῦν
3240 4399 3299 4435 τε
3340 4384 3436 4435 καὶ
3459 4384 3542 4445 είς
3566 4383 3693 4445 τοὺς
3732 4383 4017 4453 ἀπείρους

757 4464 1131 4527 transgressus
1164 4461 1335 4514 eteius
1360 4471 1418 4515 et
1456 4467 1713 4533 superior
1747 4467 2007 4521 omnibus
2035 4469 2231 4531 factus,
2266 4483 2323 4526 et

754 4562 951 4602 rursus
991 4550 1197 4614 veniet,
1230 4562 1290 4605 ut
1321 4562 1583 4609 retormet
1610 4567 1775 4626 atque
1807 4558 2079 4614 instauret
2103 4562 2321 4617 univer-

752 4652 898 4701 smn,
938 4648 1266 4710 nostrasque
1306 4645 1517 4700 animas
1540 4647 1717 4701 salvas
1748 4648 1944 4704 reddat
1978 4659 2036 4705 et
2066 4666 2317 4721 corpora,

755 4729 901 4783 sicut
942 4731 1293 4789 credidimus
1313 4745 1370 4789 et
1404 4737 1683 4793 credimus
1731 4755 2056 4810 semperque
2109 4743 2317 4799 utinam

750 4818 982 4874 credere
1029 4837 1466 4889 perseveremus,
1489 4859 1558 4868 —
1581 4829 1707 4898 quis
1734 4839 1844 4883 tam
1876 4842 1961 4886 est
1992 4837 2317 4890 temerarius

749 4916 915 4975 atque
946 4910 1149 4977 audax,
1204 4916 1492 4986 solumque
1533 4919 1848 4988 petulanter
1888 4921 2151 4979 adversus
2183 4942 2315 4980 con-

2424 4471 2625 4529 αίῶνας
2672 4470 3085 4538 συγκαθεζεται,
3140 4472 3351 4534 πάντας
3378 4470 3706 4542 διεληλυθὼς
3738 4472 3873 4534 τοὺς
3914 4474 4015 4523 οὖ-

2427 4564 2642 4633 ρανοὺς,
2699 4564 2795 4616 καὶ
2841 4562 3095 4633 ὑπεράνω
3121 4563 3342 4616 πάντων
3369 4564 3675 4633 γενόμενος,
3705 4563 3807 4615 καὶ
3838 4563 4018 4614 πάλιν

2421 4653 2702 4706 ἐλεύσεται
2725 4655 2816 4706 ἐπὶ
2840 4652 3191 4723 μεταποιήσει
3211 4670 3270 4706 τε
3295 4654 3338 4687 ⁸⁸
3372 4654 3467 4707 καὶ
3515 4653 4016 4722 μεταστοιχειιὶισει

2420 4746 2516 4799 τοῦ
2533 4746 2735 4810 παντὸς
2757 4745 2853 4798 καὶ
2882 4746 3129 4816 σωτηρίᾳ.
3149 4745 3262 4798 τῶν
3289 4746 3577 4816 ἡμετέρων
3600 4745 3796 4813 ψυχῶν
3822 4761 3886 4796 τε
3915 4746 4018 4797 καὶ

2423 4837 2711 4907 σωμάτων,
2763 4836 2946 4900 καθὼς
2973 4837 3377 4906 ὲπιστεύσαμέν
3416 4854 3478 4890 τε
3518 4838 3612 4889 καὶ
3658 4838 4017 4906 πιστεύομεν

2418 4926 2512 4979 καὶ
2539 4928 2617 4988 είς
2638 4928 2724 4979 ἀεὶ
2751 4927 3094 4991 πιστεύοντες
3127 4926 3497 4996 ὃιαμένοιμεν,
3526 4926 3706 4998 (Q33
3729 4929 3792 4995 α)
3822 4956 3900 4965 -
3927 4928 4017 4986 τίς

749 5000 940 5070 spieua
972 5012 1030 5057 et
1072 5008 1361 5063 manifesta
1392 5011 1641 5080 litigandi
1667 5028 1892 5081 gnarus,
1927 5024 1987 5069 ut
2012 5017 2097 5070 vel
2123 5018 2319 5072 leviter

2428 5018 2653 5082 οὖτωςυ
2695 5019 2967 5089 τολμηρός
3013 5020 3129 5072 ἔστι
3164 5020 3258 5072 καὶ
3310 5019 3547 5090 αὐθάδης
3570 5060 3586 5085 ,
3634 5023 3730 5072 καὶ
3762 5020 3915 5088 πρὸς
3941 5023 4015 5073 τά

749 5091 954 5159 cogitet
970 5106 1202 5161 corpora
1232 5095 1300 5149 ad
1326 5102 1847 5156 non-exsistentiam
1872 5119 2112 5174 unquam
2143 5114 2309 5160 trans.

2428 5111 2558 5179 δῆλά
2584 5128 2645 5163 τε
2683 5112 2778 5164 καὶ
2816 5110 3069 5179 προφανῆ
3098 5109 3365 5180 μάχεσθαι
3396 5110 3559 5179 μόνον
3603 5110 3764 5173 εἰδὼς
3790 5114 3838 5142 ³³
3862 5130 4013 5181 προ-

652 5220 659 5225 .
750 5180 916 5244 itura,
960 5184 1115 5252 juxta
1158 5187 1463 5255 profectum
1512 5192 1567 5244 in
1606 5192 1660 5247 id
1694 5195 1844 5263 quod
1895 5196 2199 5265 perfectum
2234 5210 2318 5254 est

2428 5200 2621 5263 πετῶς,
2655 5200 2796 5253 ὥστε
2837 5201 2942 5253 κᾶν
2980 5200 3152 5269 ψιλῶς
3184 5200 3556 5272 ἐνθυμηθῆναι
3607 5200 3851 5271 πάροδον
3905 5180 4011 5271 τὴν

829 5318 842 5368 1
884 5320 1047 5376 Marc.
1089 5338 1197 5388 xw,
1242 5323 1323 5378 l9.
1405 5326 1427 5365 ιε
1460 5326 1659 5397 Ephes.
1694 5346 1729 5392 l,
1773 5330 1861 5384 2|.

2018 5438 2248 5493 VARM".
2285 5440 2686 5495 LECTIONES.

830 5541 1055 5627 ’ξὲτξῖά-
1079 5542 1238 5627 ⁴Ξ³Ηη
1273 5546 1387 5627 5“".-
1420 5549 1691 5627 9'"°"_"='!_-
1727 5552 1777 5627 in
1814 5563 1999 5627 ςινιιοι.
2078 5555 2097 5584 ³
2125 5557 2172 5607 εἰ
2202 5555 2288 5627 ed.
2321 5555 2457 5608 Call.
2498 5557 2553 5627 γε
2583 5556 2757 5627 ἐγω.
2788 5556 2922 5610 Call.
2999 5558 3015 5585 κ
3042 5559 3297 5627 ἀνάγκειν
3334 5558 3422 5614 ed.
3454 5559 3591 5613 Call.
3690 5560 3713 5591 ι
3742 5562 3837 5612 τὸν
3877 5562 4003 5614 θεῦν

880 5612 1041 5699 (ἱειΙΙΛ
1078 5614 1117 5699 η’
1148 5615 1606 5699 Μεινᾳσξῖκῆςεά.
1639 5620 1782 5698 _G:t|l.
1857 5624 2123 5699 ’.πάντων
2152 5626 2239 5699 eti.
2277 5628 2412 5679 Gttll.
2551 5626 2705 5699 ἡμῶν
2744 5628 2831 5699 ςδιΙ.
2876 5628 3015 5699 Gall.
3095 5632 3115 5659 ¹⁹
3144 5611 3321 5699 πάντα
3345 5611 3678 5699 ήπὰρὶιίέίψω
3710 5630 3804 5683 ed.
3848 5631 3991 5688 Call.

752 5681 1132 5772 "ﬁll'7t‘1_9§’l‘l
1159 5684 1411 5772 giliis”.
1449 5681 1456 5684 ⁷
1493 5690 1534 5720 ἰ
1574 5689 1662 5741 τοῦ
1699 5708 1803 5744 om.
1835 5693 1919 5745 t’tl.
1954 5694 2088 5746 Gali.
2168 5697 2206 5725 ¹²
2252 5714 2302 5748 τε
2356 5714 2463 5751 non
2496 5681 2656 5752 hauet
2697 5696 2784 5751 etl.
2825 5698 2961 5751 Gul].
3042 5699 3082 5729 ’³
3109 5698 3249 5751 οὕτω
3292 5699 3378 5753 ed.
3413 5681 3549 5754 dull.
3605 5681 3676 5731 ’⁸⁸
3697 5681 4001 5772 προπετῶς

760 5751 918 5819 μόνον
949 5750 1100 5813 εἱζιὼς
1126 5753 1212 5806 Ctl.
1245 5756 1358 5807 (jnil
