4192 6434
162 387 303 456 1333

1390 398 1901 461 ΛΜΒΙῦυΟΒυΜ
1946 407 2191 465 LIBER.

3252 408 3388 471 1335

154 516 235 564 εις
273 503 334 555 τὸ
364 503 438 573 μὴ
458 503 517 554 ὃν
551 502 693 569 ἕξειν
716 504 758 533 ⁵⁸
789 504 920 559 ποτε
946 504 1012 556 τὰ
1040 503 1289 572 σώματα,
1338 508 1479 560 κατὰ
1509 507 1609 577 τὴν
1639 510 1720 571 εἰς

1836 515 2033 568 entium
2092 516 2463 580 rationalium,
2512 526 2570 571 ut
2622 517 2724 586 ipsi
2769 519 3091 585 loquuntur,
3130 524 3175 572 si
3227 522 3389 576 modo

150 596 213 644 τῑ,
252 594 481 655 τέλειον,
513 592 590 654 ὡς
617 592 813 644 ἐκεῖνοί
844 609 996 659 φασι,
1024 592 1133 645 τῶν
1163 594 1394 661 λογικῶν
1425 597 1727 665 προκοπὴν.

153 682 251 733 τὸν
276 682 479 750 Κύριον
509 680 670 733 αὑτὸν
701 681 795 732 καὶ
824 679 958 733 Θεὸν
981 681 1088 733 τῶν
1116 681 1253 733 ὅλων
1296 682 1567 735 πιστεύων
1593 684 1731 752 μετά

151 772 412 839 σώματος
434 766 685 823 εἶναινῦν
711 787 768 822 τε
792 772 888 823 καὶ
917 772 999 834 είς
1027 773 1243 832 ἀεὶ,τδν
1275 773 1371 825 καὶ
1402 775 1516 836 τοῖς
1550 774 1729 836 ἄλλοις

148 862 256 930 τὴν
298 862 393 912 τοῦ
425 862 757 931 προκόπτειν
796 862 1054 916 δύνασθαι
1085 864 1458 933 παρεχόμενον
1478 864 1726 935 δύναμιν,

149 954 253 1005 καὶ
285 954 487 1016 πάντας
531 955 666 1025 πρὸς
712 954 810 1024 τὴν
841 953 1048 1008 οἰκείαν
1088 954 1267 1018 δόξαν,
1301 956 1378 1018 ὡς
1413 956 1634 1022 ἐφικτὸν
1662 960 1727 1025 τῇ

150 1046 388 1114 δυνάμει
404 1046 501 1114 τῆς
516 1045 996 1116 ἐνανθρωπήσεως,
1015 1045 1277 1113 ἐνάγοντά
1297 1062 1356 1098 τε
1370 1048 1465 1099 καὶ
1492 1063 1730 1116 προσκα-

151 1137 422 1206 λούμενον
452 1138 528 1200 ὡς
557 1138 801 1208 ἀρχηγὸν
826 1139 927 1207 τῆς
947 1138 1167 1190 πάντων
1196 1138 1492 1208 σωτηρίας,
1521 1139 1612 1190 καὶ
1632 1137 1731 1201 τὰς

152 1230 218 1280 ἐν
259 1230 405 1290 ὅλοις
434 1229 873 1299 άνακαθαίροντα
898 1230 942 1264 ¹⁶
973 1228 1226 1299 κηλῖδαςς

245 1319 390 1371 Ἀλλ’
418 1321 516 1389 οὐχ
540 1319 633 1372 ὑπ’
664 1321 889 1373 ἐκείνων
932 1320 1008 1383 ὡς
1057 1320 1241 1373 τύπων
1290 1321 1389 1390 τῆς
1445 1321 1611 1376 αὑτοῦ
1639 1340 1728 1375 τε·

152 1411 458 1478 λειότητος,
518 1412 677 1482 εἰπερ
720 1412 857 1474 ὅλως
889 1411 1049 1464 τοῦτο
1092 1412 1195 1464 κᾶν
1232 1414 1482 1481 ἐννοῆσαι
1524 1414 1728 1483 τολμή-

154 1502 404 1562 σαιενίτ,
439 1502 706 1571 ἀγόμενον
755 1502 889 1571 πρὸς
923 1501 1183 1555 ἀπόθεσιν
1213 1502 1308 1555 τοῦ
1349 1503 1618 1573 σώματος.
1651 1505 1727 1556 Ού

150 1592 272 1661 γὰρ
292 1591 480 1644 ἕπεται
498 1592 633 1662 πρὸς
656 1592 934 1645 τελείωσιν
957 1593 1161 1655 ἄλλοις,
1188 1592 1313 1645 οὔτε
1336 1592 1422 1647 διὰ
1449 1597 1729 1664 προκοπῆς

149 1681 596 1751 ἐνθεωρούμενον
639 1682 753 1752 ἔχει
796 1683 856 1736 τὸ
887 1683 1114 1746 τέλειον,
1143 1685 1173 1736 ό
1200 1684 1359 1749 μόνος
1391 1686 1535 1737 κατά
1564 1687 1728 1754 φύσιν

147 1771 496 1834 τελειότατος
548 1772 643 1824 καὶ
696 1772 877 1841 πάσης
908 1772 1141 1844 ποιητὴς
1195 1774 1557 1845 τελειότητος.
1604 1776 1726 1829 οὔτε

1829 602 2019 657 credat
2060 605 2354 659 Dominum
2398 622 2462 660 ac
2495 606 2669 660 Deum
2699 608 3080 661 universorum
3107 621 3233 661 cum
3266 623 3390 662 cor-

1831 709 1963 761 pore
1999 708 2121 748 esse
2168 708 2224 750 et
2270 712 2418 751 nunc
2468 706 2525 751 et
2582 700 2634 751 in
2682 708 3027 766 perpetuum,
3076 698 3171 768 qui
3222 699 3388 752 etiam

1828 783 1952 835 aliis
1972 784 2301 852 proficiendi
2351 786 2665 841 facultatem
2696 788 3107 857 potentiamque
3138 788 3390 858 largitur,

1828 877 2038 944 quique
2070 892 2266 932 omnes
2299 879 2365 931 ad
2397 880 2677 949 prepriam
2703 879 2953 949 gloriam.
2979 888 3243 949 quantum
3271 880 3391 935 ﬁeri

1830 974 2032 1033 potest,
2061 968 2270 1022 virtute
2308 969 2703 1024 incarnationis
2748 968 2975 1024 adducit
3018 978 3077 1024 et
3106 977 3389 1040 provocat,

1831 1063 1890 1106 ut
1927 1066 2208 1110 auctorem
2232 1056 2429 1111 salutis
2452 1057 2719 1123 omnium,
2759 1068 2816 1113 et
2837 1059 2931 1128 qui
2962 1060 3209 1115 omnium
3244 1076 3393 1115 ema-

1829 1142 1978 1197 culet
2019 1144 2208 1199 sordes
2228 1146 2251 1198 ?

1900 1322 2006 1378 Sed
2044 1340 2223 1394 neque
2257 1325 2327 1378 ab
2371 1326 2479 1380 illis
2529 1337 2589 1381 ut
2636 1329 3045 1397 exemplaribus
3104 1346 3219 1385 sum
3268 1346 3367 1399 per

1831 1414 2107 1478 lectionis,
2151 1416 2195 1469 si
2239 1417 2461 1485 quidem
2496 1434 2722 1487 prorsus
2759 1420 2864 1473 hoc
2912 1420 2995 1473 vel
3027 1421 3263 1491 cogitare
3291 1438 3391 1475 au-

1828 1508 2015 1571 deant,
2059 1508 2340 1563 inducitur
2394 1510 2462 1562 ad
2502 1511 2751 1578 corporis
2803 1512 3230 1581 depositionem.
3272 1514 3391 1567 Non

1828 1596 1975 1649 cnim
2009 1596 2129 1650 aliis
2177 1598 2508 1666 obsequitur
2558 1597 2915 1667 perfectionis
2963 1601 3158 1669 gratia,
3213 1615 3393 1669 neque

1830 1700 1929 1753 per
1981 1686 2287 1754 profectum
2325 1688 2458 1757 quid
2490 1688 2563 1741 sit
2596 1689 2901 1757 perfectum
2958 1698 3229 1758 agnoscit,
3278 1692 3394 1759 ipse

1830 1776 1922 1843 qui
1944 1776 2096 1830 solus
2119 1785 2315 1831 natura
2336 1786 2423 1833 est
2461 1777 2899 1846 perfectissimus
2945 1781 3236 1849 omnisque
3269 1795 3398 1849 pe:-

150 1863 263 1915 σὺν
304 1863 484 1926 ἄλλοις
511 1862 769 1932 ἀναμένει
801 1864 863 1916 τδ
890 1842 1107 1917 τέλειον
1126 1864 1403 1929 δέξασθαι.
1427 1842 1547 1920 κατ’
1575 1868 1728 1920 οὐδὲν

1836 1867 2086 1922 fectionis
2122 1878 2337 1932 auctor,
2391 1884 2568 1938 neque
2612 1884 2737 1923 cum
2784 1870 2909 1923 aliis
2943 1872 3293 1939 praestolatus
3337 1879 3396 1924 u'.

149 1954 339 2007 οὐδενὶ
369 1952 478 2006 τῶν
507 1956 676 2007 ὄντων
698 1954 759 2007 τὸ
780 1953 1009 2009 σύνολον
1034 1957 1113 2020 είς
1141 1956 1204 2009 τὸ
1222 1957 1425 2011 δεῖσθαι
1443 1962 1727 2029 προκοπῆς

148 2046 427 2116 ὑπάρχων
457 2046 661 2116 ὅμοιος,
711 2046 798 2099 ῐνα
827 2046 920 2099 καὶ
950 2047 1110 2109 αὐτὸς
1157 2048 1275 2101 τότε
1324 2048 1419 2102 τοῦ
1481 2048 1729 2119 σώματος

151 2138 261 2205 τὴν
290 2136 453 2203 φύσιν
494 2137 789 2205 ἀπόθηται,
819 2137 908 2190 ὅτε
936 2139 1053 2201 τοῖς
1082 2137 1291 2203 λοιποῖς
1344 2141 1378 2210 ὴ
1432 2141 1516 2193 ἐπ’
1559 2142 1727 2210 ἄκρον

156 2227 417 2299 προκοπὴ
446 2227 544 2298 τὴν
564 2226 659 2281 τοῦ
711 2226 960 2299 σώματος
985 2229 1243 2283 ἀπόθεσιν
1263 2230 1516 2298 γενέσθαι
1549 2248 1727 2291 παρα-

157 2318 436 2382 σκευάζει.
494 2319 649 2375 Ἐπεὶ
696 2320 796 2373 οὐκ
841 2320 923 2373 ἔτι
977 2321 1218 2392 ἀρχηγὸς
1262 2321 1369 2375 τῶν
1408 2321 1729 2391 σωζομένων

156 2412 283 2464 ἐστὶ
299 2412 395 2464 καὶ
415 2410 624 2483 Σωτὴρ,
653 2411 730 2475 ὥς
751 2413 812 2464 τὸ
838 2412 959 2464 καθ’
981 2413 1125 2481 ἡμᾶς
1156 2412 1307 2475 τέλος
1336 2412 1434 2482 τῆς
1461 2412 1729 2481 τελειότηο

156 2519 255 2563 τος
313 2501 589 2571 μυστικῶς
634 2503 721 2570 ἐφ’
756 2501 902 2568 hui
933 2504 991 2554 ἐν
1026 2502 1206 2573 ἐαυτῷ
1241 2502 1317 2573 μὴ
1375 2503 1727 2574 παραδείξας,

156 2593 281 2645 ἀλλ’
310 2590 391 2655 εἷς
436 2592 543 2646 τῶν
570 2593 891 2661 σωζομένων
942 2594 1037 2646 καὶ
1064 2594 1384 2663 ἀρχομένων
1413 2597 1507 2647 καὶ
1540 2594 1729 2662 δεομέ-

160 2703 275 2738 νων
326 2686 489 2739 ἀλλου
537 2684 632 2738 τοῦ
668 2686 1004 2748 δεικνύοντος
1038 2687 1080 2717 ’⁸
1130 2689 1188 2739 ἐν
1223 2687 1399 2757 ἐαυτῷ
1420 2687 1519 2757 τὴν
1547 2689 1630 2755 ἐφ’
1665 2690 1730 2758 ἢν

163 2775 371 2838 πάντες
413 2776 466 2829 oi
505 2775 665 2842 λόγου
712 2776 959 2845 φυσικῶς
1003 2776 1387 2846 μετειληφότες
1424 2776 1730 2844 ἐπείγονται

158 2865 485 2935 τελειότητα
516 2866 612 2919 καὶ
656 2865 820 2928 αὐτὸς
864 2867 1127 2936 ὑπάρχων
1151 2869 1573 2937 ἀναφανήσεται,
1618 2870 1729 2937 υύχ

157 2955 311 3008 οὕτω
341 2955 399 3008 δέ
416 2955 557 3010 τοῦτ’
585 2957 718 3028 ἔχει.
749 2958 952 3024 Πόθεν;
1005 2960 1139 3012 Ούδέ
1162 2960 1259 3028 τῆς
1295 2959 1475 3031 (233
1510 2962 1561 3028 b)
1594 2961 1729 3029 άλη-

160 3046 318 3110 οείας
374 3050 402 3100 ό
445 3047 599 3115 λόγος
651 3048 763 3101 τῶν
816 3047 992 3101 ταῦτα
1032 3050 1073 3081 ¹⁹
1122 3049 1390 3117 λεγόντων
1459 3050 1727 3119 ἀνέχεται.

178 3137 448 3206 Ἀρχηγδν
480 3137 590 3205 γὰρ
634 3137 731 3190 καὶ
780 3137 1070 3206 τελειωτὴν
1108 3138 1209 3206 τῆς
1261 3139 1419 3209 ἡμῶν
1459 3140 1731 3210 σωτηρίας

159 3229 331 3279 αὐτόν
356 3245 518 3298 φησιν
546 3231 575 3282 ό
605 3228 747 3291 θεῖος
800 3228 1143 3295 Ἀπόστολος,
1169 3230 1246 3293 ῶς
1274 3231 1622 3297 σαρκωθέντα
1663 3232 1731 3284 δι’

165 3319 317 3387 ἡμᾶς
353 3317 440 3369 ἵνα
472 3316 572 3387 τὴν
601 3317 755 3387 ἡμῶν
788 3319 1065 3388 ἁμαρτίαν
1111 3321 1169 3372 ἐν
1208 3319 1385 3389 ἑαυτῴ
1424 3320 1727 3393 δαπανήσῃ,

165 3411 264 3461 καὶ
294 3409 392 3478 τῆς
418 3410 536 3462 κατ’
571 3409 772 3479 ἀρετὴν
806 3410 1028 3478 ἀγωγῆς
1066 3410 1257 3464 ἐαυτὸν
1288 3412 1422 3465 πᾶσι
1450 3411 1526 3475 δῷ
1565 3412 1733 3465 τύπον

164 3503 262 3554 καὶ
286 3502 624 3571 πρόγραμμα
669 3503 784 3564 τοῖς
817 3500 1160 3555 πιστεύουσιν
1187 3505 1265 3565 είς
1294 3503 1454 3556 αὐτὸν
1478 3544 1493 3566 ,
1526 3504 1600 3566 ὼς
1633 3504 1682 3555 δι
1704 3535 1718 3543 -

169 3591 442 3651 δάσκαλος
471 3592 673 3660 ἀγαθός
710 3609 768 3645 τε
801 3593 893 3646 καὶ
919 3595 965 3626 ²⁶
1016 3593 1199 3661 σοφὸς.
1228 3595 1294 3647 τά
1338 3595 1505 3665 ῥητέα
1544 3595 1639 3648 καλ⁴
1666 3596 1733 3648 τὰ

166 3682 419 3753 πρακτέα
464 3684 598 3753 πρὸς
629 3683 987 3738 ὑποτύπωσιν
1022 3685 1178 3754 ἡμῶν
1200 3685 1269 3737 δι’
1297 3685 1492 3738 ἑαυτοῦ
1540 3686 1735 3754 πρότε-

167 3794 265 3844 ρον
303 3775 646 3835 ἐκτελοῦντα.
706 3775 1043 3829 ἀποθανόντα
1092 3777 1185 3830 καὶ
1203 3778 1246 3807 ἰ
1288 3778 1593 3830 ἀναστάντα
1643 3778 1736 3829 καὶ

165 3865 547 3935 ἀναληφθέντα
602 3868 681 3929 είς
732 3867 1019 3935 οὐρανοὺς.
1079 3868 1172 3920 καὶ
1216 3866 1549 3920 καθεσθέντα
1599 3870 1738 3938 μετὰ

165 3957 265 4011 τοῦ
306 3958 558 4027 σώματος
607 3959 670 4011 ἐκ
716 3958 908 4025 δεξιῶν
937 3958 1031 4011 τοῦ
1078 3958 1213 4012 Θεοῦ
1262 3960 1355 4013 καὶ
1385 3960 1618 4031 Πατρός,
1649 3961 1735 4013 ἵνα

165 4052 266 4103 καὶ
303 4052 463 4120 ἡμεῖς
494 4050 929 4120 ἀποθνήσκοντες
964 4050 1195 4121 βεϐαίως
1244 4051 1553 4121 ἐλπίζωμεν
1604 4053 1736 4105 ἀνα-

168 4143 381 4211 στῆναι,
424 4143 517 4195 καὶ
548 4142 691 4213 ζωὴν
720 4143 883 4211 ζῆσαι
928 4144 1127 4203 παντὸς
1168 4144 1403 4197 θανάτου
1434 4145 1527 4196 καὶ
1556 4146 1736 4211 πάσης

166 4235 376 4305 φθοράς
423 4235 698 4298 παντελῶς
741 4236 1174 4307 κεχωρισμένην,
1224 4236 1315 4288 καὶ
1360 4234 1736 4303 ἀναληφθῆναι

166 4328 249 4388 εἰς
274 4326 557 4395 οὐρανοὺς,
586 4327 680 4380 καὶ
708 4326 807 4397 τὴν
838 4330 897 4379 ἐν
925 4328 1004 4397 τῷ
1026 4327 1146 4397 Θεῷ
1176 4327 1269 4379 καὶ
1307 4326 1482 4395 Πατρὶ
1528 4326 1615 4378 διὰ
1643 4324 1735 4378 τοῦ

167 4413 299 4467 Υίοῦ
331 4413 494 4466 αὐτοῦ
536 4413 914 4481 μεσιτεύοντος
934 4416 1101 4485 τιμήν
1131 4431 1188 4467 τε
1226 4415 1318 4467 καὶ
1372 4414 1530 4480 δόξαν
1570 4413 1737 4484 λήψε-

1832 1959 1978 2028 quod
2005 1958 2310 2027 perfectum
2332 1969 2417 2014 est
2443 1961 2691 2030 recipiat,
2714 1961 3029 2016 nullatenus
3050 1962 3208 2024 nulli,
3231 1971 3394 2031 quot-

1832 2060 1969 2119 quot
2000 2051 2297 2115 exsistunt,
2335 2050 2532 2105 similis
2566 2056 2837 2106 exsistens
2888 2051 2943 2105 in
2974 2068 3041 2105 eo
3068 2052 3213 2120 quod
3250 2052 3393 2107 indi--

1832 2150 1956 2211 gcat
1999 2142 2272 2211 profectu,
2319 2151 2378 2196 ut
2438 2152 2494 2197 et
2547 2144 2661 2213 ipse
2700 2155 2817 2198 tum
2862 2158 3114 2214 corporis
3145 2153 3396 2199 naturam

1834 2231 2096 2300 deponat,
2149 2232 2372 2301 quando
2405 2234 2635 2302 reliquis
2673 2248 2925 2287 summus
2967 2234 3247 2303 profectus
3277 2250 3398 2289 eoi-

1835 2324 1986 2393 poris
2031 2324 2434 2394 depositionem
2483 2326 2764 2381 conciliet.
2793 2326 3075 2396 Siquidem
3108 2327 3251 2382 haud
3282 2343 3398 2382 am-

1835 2416 1980 2484 plius
2008 2416 2119 2471 dux
2162 2424 2219 2471 et
2254 2416 2506 2472 Salvator
2536 2433 2727 2472 eorum
2774 2419 2870 2488 qui
2919 2418 3202 2473 salvantur
3226 2427 3392 2482 esset,

1834 2506 2034 2575 quippe
2070 2506 2165 2575 qui
2206 2507 2369 2561 ﬁnem
2414 2506 2772 2577 perfectionis
2799 2514 3049 2562 nostrum
3080 2506 3307 2576 mystice
3340 2507 3392 2558 in

1835 2597 2131 2666 semetipso
2172 2597 2342 2653 semel
2380 2611 2490 2650 non
2537 2596 2864 2659 ostenderit,
2910 2596 3007 2651 sed
3038 2610 3229 2649 eorum
3253 2610 3398 2649 unus

1833 2688 1997 2741 etiam
2034 2687 2150 2757 ipse
2199 2695 2461 2741 cernetur
2493 2688 2588 2755 qui
2621 2687 2906 2741 salvantur
2957 2696 3013 2741 et
3064 2686 3132 2741 ab
3162 2686 3270 2739 alio
3313 2700 3401 2739 τε»-

1836 2785 2066 2845 guntur,
2115 2777 2320 2846 quique
2373 2776 2620 2847 indigent
2669 2776 2840 2830 altero
2889 2774 2984 2843 qui
3042 2774 3300 2829 ostendat
3344 2774 3399 2828 in

1838 2869 2019 2936 seipso
2058 2868 2452 2938 perfectionem
2486 2868 2645 2921 istam
2673 2865 2739 2919 ad
2775 2882 2936 2936 quam
2970 2881 3163 2920 omnes
3186 2866 3279 2933 qui
3315 2881 3399 2918 ra-

1841 2956 2008 3009 tionis
2049 2965 2244 3009 natura
2274 2963 2403 3009 sunt
2435 2955 2732 3024 participes
2772 2954 3138 3009 contendunt.
3173 2954 3293 3008 Non
3327 2955 3400 3009 ita

1837 3047 1956 3100 haec
1989 3062 2079 3101 res
2119 3062 2179 3101 se
2229 3046 2414 3101 habet.
2448 3045 2550 3111 Qui
2591 3046 2775 3100 enim?
2806 3046 2917 3101 Nec
2943 3045 3192 3100 veritatis
3220 3060 3403 3101 sermo

1842 3138 1967 3191 talia
2021 3138 2269 3192 dicentes
2294 3137 2511 3191 tolerat.
2549 3138 2847 3191 Auctorem
2884 3137 3031 3189 enim
3056 3146 3110 3191 et
3142 3151 3367 3190 consum

1836 3238 2101 3283 maiorem
2169 3228 2364 3282 salutis
2422 3236 2624 3281 nostra:
2673 3228 2849 3297 ipsum
2903 3227 3139 3297 appellat
3180 3227 3400 3281 divinus

1833 3318 2129 3385 Apostolus
2178 3316 2224 3380 ι,
2283 3327 2475 3386 utpote
2527 3318 2873 3371 incarnatum
2925 3327 3149 3386 propter
3196 3333 3295 3371 nos
3342 3332 3398 3370 ιν

1834 3421 2118 3478 peccatum
2168 3418 2415 3462 nostrum
2484 3409 2537 3461 in
2616 3409 2797 3478 seipso
2850 3408 3178 3472 conﬁceret,
3232 3425 3401 3479 sequ:

1836 3501 2126 3569 imaginem
2151 3500 2418 3569 praeberet
2441 3500 2698 3553 omnibus
2726 3510 2890 3568 atque
2921 3501 3199 3569 exemplar
3234 3501 3399 3555 casti-

1834 3592 1962 3645 tatis
2004 3590 2129 3644 vita:
2175 3600 2231 3644 et
2276 3590 2607 3661 integritatis
2654 3590 2722 3644 iis
2765 3590 2859 3658 qui
2898 3591 3128 3645 credant
3159 3592 3213 3644 in
3251 3608 3399 3645 eum.

1837 3691 1897 3735 ut
1956 3683 2217 3752 magister
2266 3682 2447 3735 lionus
2492 3691 2549 3736 et
2599 3682 2839 3751 sapiens,
2899 3698 2962 3735 ea
3008 3699 3130 3751 qua:
3173 3682 3403 3737 dicenda

1835 3790 2065 3843 qumque
2110 3773 2357 3827 facienda
2390 3774 2501 3827 sint
2532 3772 2599 3826 ad
2628 3772 3071 3828 informationem
3104 3775 3403 3828 institutio-

1836 3881 2071 3934 nemque
2100 3874 2342 3919 nostram
2370 3880 2470 3933 per
2510 3866 2749 3934 seipsum
2782 3865 2941 3934 prius
2998 3865 3401 3934 perﬁcientcm,

1837 3956 2164 4009 morientem
2215 3967 2380 4025 atque
2428 3966 2808 4025 resurgentem
2853 3965 3017 4025 atque
3067 3965 3400 4026 assumptum

1836 4048 1890 4100 in
1946 4049 2135 4110 caelos,
2184 4058 2243 4101 et
2299 4048 2581 4101 sedentem
2623 4062 2749 4100 cum
2786 4063 3016 4116 corpore
3047 4047 3114 4101 ad
3154 4048 3401 4101 dextram

1837 4139 1929 4193 Dei
1963 4154 2024 4191 ac
2051 4139 2233 4191 Patris
2270 4147 2331 4201 πυ,
2367 4146 2425 4191 ιιι
2457 4154 2557 4191 nos
2595 4154 2815 4207 quoque
2848 4138 3147 4191 morientes
3176 4136 3399 4192 ﬁrmiter

1835 4243 2123 4296 speremus
2170 4228 2284 4281 fore
2334 4237 2393 4281 ut
2442 4243 2814 4297 resurgamur,
2855 4228 3130 4296 vitamque
3160 4228 3406 4280 vivamus

1835 4318 2017 4371 omnis
2069 4317 2262 4370 mortis
2316 4317 2606 4385 omnisque
2637 4317 3014 4386 corruptionis
3044 4333 3273 4386 prorsus
3313 4334 3406 4371 cx-

1841 4417 2073 4477 pertem,
2132 4424 2591 4476 essumaliiurque
2652 4409 2708 4462 in
2758 4408 2951 4471 (:(elos,
3009 4424 3073 4462 ac
3124 4417 3405 4477 compotes

166 4502 315 4563 σθαι,
340 4503 434 4555 καὶ
453 4503 552 4572 τὴν
575 4504 673 4556 σὺν
692 4504 841 4572 αὐτῷ
877 4504 1157 4574 μακαρίαν
1184 4505 1275 4556 καὶ
1300 4504 1516 4556 αἰώνιον
1548 4504 1729 4573 μονὴν,

1840 4501 2032 4553 ﬁamus
2082 4500 2134 4552 in
2186 4500 2297 4552 Deo
2342 4509 2399 4553 ct
2445 4500 2623 4561 Patre,
2679 4499 2980 4553 mediatore
3028 4499 3168 4553 Filio
3211 4498 3403 4567 ipsius,

171 4587 420 4658 σώματος
449 4589 507 4643 δὲ
539 4590 662 4643 καθ’
706 4591 886 4643 ὁτιοῦν
912 4593 956 4622 ³⁸
988 4592 1251 4646 ἀπόθεσιν
1296 4593 1371 4663 μὴ
1402 4594 1733 4663 ἐκδέχεσθαι,

162 4681 249 4730 ὅτι
283 4679 414 4748 μηδὲ
439 4682 539 4749 τῆς
574 4680 735 4749 ἀγίας
762 4682 985 4751 Γραφῆς
1012 4685 1041 4735 ό
1069 4684 1227 4750 λόγος
1277 4686 1427 4754 ἡμᾶς
1463 4684 1621 4737 τοῦτο
1660 4684 1739 4736 δι-

164 4771 378 4823 δάσκει.
412 4772 566 4842 Μήτε
596 4773 701 4841 μὴν
718 4774 774 4824 ἐν
800 4773 877 4841 τῷ
899 4774 1126 4845 ἀρχηγῷ
1152 4775 1248 4843 τῆς
1280 4775 1550 4845 σωτηρίας
1582 4775 1738 4845 ἡμῶν

168 4860 480 4931 τεθεάμεθα
512 4861 673 4915 τοῦτο
711 4864 1203 4933 προγεγενημένον.
1240 4865 1438 4932 Εί.γὰρ
1476 4865 1627 4932 φίλον
1668 4861 1738 4935 ἦν

167 4950 317 5020 αύτῷ
343 4951 437 5003 καλ⁵
460 4952 619 5005 τοῦτο
636 4954 885 5021 γενέσθαι
903 4955 968 5017 ’³,
989 4954 1202 5025 πρῶτος
1230 4954 1295 5007 ἂν
1316 4954 1476 5017 αὐτὸς
1493 4955 1549 5007 ἐν
1560 4954 1737 5024 ἐαυτῷ

169 5043 499 5111 προενήργει
550 5044 643 5096 καὶ
680 5044 838 5097 τοῦτο
871 5045 1008 5114 μετά
1057 5045 1165 5097 τῶν
1189 5046 1408 5107 λοιπῶν,
1441 5041 1521 5108 οἷς
1548 5046 1736 5100 ἑαυτὸν

167 5132 234 5182 δι’
281 5133 427 5201 ἡμᾶς
462 5134 537 5195 ὼς
588 5134 970 5205 φιλάνθρωπος
1005 5136 1227 5199 ὑποθεὶς
1256 5138 1377 5191 καθ’
1430 5139 1577 5207 ἡμᾶς
1620 5139 1737 5189 ἐτε-

169 5221 412 5287 λείωσεν,
447 5227 526 5288 είς
559 5226 619 5278 τὸ
677 5229 825 5296 ἡμᾶς
860 5228 999 5298 μετὰ
1047 5229 1155 5280 τῶν
1189 5228 1364 5281 ἄλλων
1406 5230 1483 5292 είς
1509 5229 1733 5282 ’δτοῧτο

168 5312 523 5376 πιστεύοντας
570 5314 835 5378 ἐλπίζειν.
868 5316 992 5378 Πῶς
1046 5316 1123 5379 δὲ,
1167 5318 1328 5387 εἴπερ
1368 5318 1735 5387 ἀνασχοίμεθα

246 5425 263 5465 ι
300 5426 460 5483 llcbr.
494 5445 550 5495 ιι,
584 5430 672 5485 10.
752 5439 787 5461 ·
819 5430 985 5488 Marc.
1016 5448 1123 5497 im,
1167 5433 1248 5487 19.

1841 4591 2067 4645 honoris
2098 4600 2154 4645 et
2183 4592 2389 4660 gloriae.
2424 4591 2836 4659 mansionisque
2883 4591 3055 4645 beata:
3101 4598 3157 4643 et
3186 4601 3404 4644 aeternae

1838 4697 1962 4734 cum
2008 4680 2125 4742 illo,
2177 4681 2430 4746 corporis
2471 4696 2600 4735 vero
2648 4680 3049 4749 depositionem
3096 4681 3248 4734 nullo
3284 4696 3402 4733 om-

1840 4773 1971 4825 nino
2024 4770 2189 4824 modo
2237 4771 2552 4840 patiamur,
2605 4770 3049 4840 quandoquidem
3094 4786 3272 4840 neque
3323 4772 3405 4825 di.

1839 4863 1978 4916 vinte
2007 4861 2308 4930 Scriptura:
2335 4878 2517 4915 sermo
2542 4862 2686 4915 istud
2709 4876 2811 4915 nos
2831 4862 3011 4915 docet.
3040 4861 3227 4930 Neque
3254 4862 3399 4915 enim

1844 4955 1897 5007 in
1933 4952 2156 5021 auspice
2178 4953 2372 5006 salutis
2397 4958 2597 5005 nostra:
2617 4950 2852 5004 vidimus
2885 4950 2989 5004 hoc
3014 4958 3171 5005 antea
3201 4950 3399 5004 factum

1842 5044 2032 5098 fuisse.
2064 5043 2120 5098 Si
2153 5044 2301 5098 enim
2342 5044 2442 5113 ipsi
2472 5043 2773 5112 placuisset
2807 5050 2867 5095 ut
2902 5042 3069 5095 etiam
3095 5041 3199 5096 hoc
3226 5042 3399 5102 ﬁeret,

1837 5136 2047 5204 primus
2082 5137 2272 5206 utique
2309 5140 2421 5206 ipse
2456 5137 2509 5190 in
2556 5151 2615 5191 se
2671 5144 2935 5204 operatus
2978 5133 3191 5195 fuisset,
3236 5142 3302 5187 ct-
3349 5132 3411 5185 id

1835 5244 1959 5281 cum
2014 5229 2244 5298 reliquis
2312 5230 2515 5297 quibus
2575 5229 2820 5297 seipsum
2884 5236 3072 5295 utpote
3129 5226 3404 5293 benignus

1835 5329 2061 5389 propter
2104 5336 2204 5375 nos
2240 5320 2496 5390 subjecit,
2522 5336 2753 5390 quaeque
2804 5317 3105 5373 secundum
3148 5331 3248 5371 nos
3283 5330 3407 5384 per;

1436 5547 1669 5602 VARIJ‘E
1707 5546 2109 5603 LECTIONES.

245 5650 288 5681 ”
306 5652 424 5720 ῆξιν
453 5652 539 5707 ed.
561 5654 723 5709 Gall..
755 5656 850 5709 sed
880 5658 1151 5712 emendat.
1177 5659 1230 5711 in
1256 5665 1439 5711 annot.

168 5724 420 5792 jeeerunt
442 5724 757 5792 τολμήσαις.

1520 5658 1561 5687 ⁸⁸
1586 5658 1999 5728 ἁνακαθάραντα
2027 5657 2112 5711 ed.
2134 5656 2274 5710 Call.
2305 5725 2316 5728 _
2354 5659 2394 5688 ³⁷
2429 5657 2690 5725 τολμῆσαι
2718 5657 2807 5710 ed.
2839 5655 2975 5710 Gall.
2999 5654 3403 5728 Editorescon-

830 5727 870 5757 "'
899 5727 1201 5788 δεικνύντος
1226 5728 1312 5780 ed.
1343 5728 1478 5779 Call.
1543 5728 1584 5757 "
1612 5728 1783 5781 ταῦτα
1820 5722 1907 5780 ed.
1941 5728 2074 5779 Call.
2142 5728 2188 5755 "
2220 5725 2485 5778 Videntur
2517 5722 2629 5779 huic
2655 5743 2752 5794 per
2782 5735 3033 5792 quartum
3061 5740 3245 5778 casum
3267 5722 3395 5794 effe-

174 5790 361 5844 ienda.
384 5790 655 5861 (Editorcs
674 5796 949 5866 Galland.)
989 5798 1026 5829 ²¹
1058 5815 1111 5850 τε
1143 5799 1231 5851 καὶ
1268 5797 1354 5852 cd.
1395 5797 1529 5851 Call.
1575 5799 1619 5829 "
1653 5796 1936 5851 καθότιοῦν
1962 5798 2048 5853 cd.
2080 5796 2217 5851 Gali.
2293 5797 2335 5825 ”
2358 5796 2607 5864 λέγεσθαι
2642 5790 2729 5851 ed.
2758 5790 2894 5858 Gali.
2960 5796 3003 5825 "‘
3027 5794 3119 5847 καὶ
3144 5794 3231 5849 cd.
3261 5793 3396 5846 (Lall.
