4192 6434
758 364 893 427 1335

1919 368 1978 424 S.
2020 365 2271 424 MAXIM
2280 365 2306 423 Ι
2348 364 2861 425 CONFESSORIS

3880 356 4016 420 I336

749 476 902 539 fecit,
952 484 1011 528 ut
1046 491 1148 531 nos
1196 493 1322 531 cum
1371 478 1588 532 ceteris
1640 480 1745 534 hoc
1776 493 2000 548 quoque
2031 479 2325 534 credentes

2443 477 2588 531 τοῦτο
2636 479 2904 548 λεγόντων
2950 477 3342 541 αὐτῶνρκατὰ
3388 474 3480 529 τὸν
3508 475 3665 541 ἆγιον
3711 471 3907 525 τοῦτον
3934 471 4012 523 δι-

748 580 1119 633 sperarcmus.
1148 567 1434 632 Quomodo
1471 570 1644 635 enim,
1693 571 1737 624 si
1788 569 1893 623 hoc
1922 584 2023 623 eos
2064 568 2322 624 dicentes

748 654 1015 721 feramus,
1041 658 1344 712 secundum
1375 671 1633 715 sanctum
1662 661 1809 714 hunc
1833 662 2182 731 magistrum,
2203 677 2325 716 cre-

748 745 947 800 demus
974 747 1024 799 id
1063 749 1208 816 quod
1257 751 1450 805 unitur
1482 753 1617 817 Deo,
1647 754 1815 807 etiam
1852 754 2092 808 salvari?
2127 752 2324 820 «Quod

748 838 920 901 enim,
948 857 966 887 ι
1007 839 1084 893 ait
1118 841 1185 894 ad
1225 841 1555 898 Cledonium
1594 846 1867 911 scribens,
1922 865 1940 897 ι
1973 845 2195 900 unitum
2241 855 2327 901 est

749 931 883 993 Deo,
926 932 1033 986 hoc
1062 933 1234 988 ctiam
1277 936 1544 991 salvator.
1586 957 1604 990 ι
1650 939 1825 994 Porro
1857 939 2079 994 unitum
2102 948 2188 995 est
2214 940 2328 994 Deo

750 1022 933 1076 Verbo
962 1025 1124 1077 simul
1157 1041 1285 1079 cum
1323 1030 1507 1083 anima
1532 1030 1701 1085 etiam
1746 1045 1971 1101 corpus,
2000 1046 2136 1101 ergo
2163 1030 2327 1085 simul

747 1126 874 1163 cum
912 1112 1093 1165 anima
1127 1128 1333 1183 corpus
1362 1132 1585 1187 quoque
1620 1119 1881 1173 salvatur.
1916 1119 1986 1174 Et
2030 1134 2249 1184 rursus,
2280 1119 2326 1173 si

748 1212 1041 1271 pr0pterea
1076 1204 1423 1272 incarnatur,
1457 1209 1613 1278 juxta
1658 1209 1913 1264 divinum
1950 1211 2106 1266 hunc
2130 1210 2334 1266 docto-

750 1310 889 1359 rem,
916 1296 1011 1351 Dei
1037 1297 1303 1363 Verbum,
1331 1309 1392 1355 ut
1420 1310 1475 1355 et
1503 1301 1795 1372 imaginem
1824 1303 1999 1359 salvet
2022 1313 2080 1359 et
2105 1317 2330 1358 carnem

751 1388 1121 1443 immortalem
1155 1391 1369 1455 reddat,
1412 1407 1652 1461 quanam
1685 1394 1900 1449 ratione
1938 1394 1993 1449 id
2044 1394 2191 1464 quod
2227 1396 2336 1448 sal-

747 1490 912 1533 vetur
959 1481 1315 1535 interiturum
1358 1484 1452 1549 sit,
1504 1485 1834 1540 moriturum
1879 1486 1952 1542 sit
1995 1487 2128 1543 item
2181 1487 2330 1558 quod

751 1572 1061 1627 immortale
1100 1572 1366 1628 effectum
1403 1575 1496 1639 sit,
1532 1578 1643 1641 vel,
1696 1585 1758 1631 ut
1790 1578 1967 1648 magis
1999 1581 2226 1649 proprie
2250 1580 2334 1634 di-

750 1681 893 1725 cam.
922 1666 1175 1720 divinum
1213 1667 1475 1724 eli‘ectum
1511 1670 1581 1725 sit
1612 1680 1812 1734 totum,
1845 1672 2124 1728 mediante
2152 1674 2333 1727 anima

751 1756 1115 1812 intellectuali
1167 1758 1522 1815 divinitatem
1568 1762 1718 1816 inter
1746 1771 1803 1817 et
1832 1778 2053 1833 corpus,
2094 1779 2336 1834 praesen-

751 1848 907 1916 tique
946 1850 1099 1903 omni
1134 1850 1408 1907 ineﬂ‘abili
1458 1853 1704 1923 quodam
1746 1855 1913 1909 modo
1965 1856 2335 1911 essentialiter

751 1947 1008 2008 suscepta
1058 1940 1155 1995 Dei
1203 1940 1489 1997 Sermonis
1540 1945 1811 1999 incarnati
1864 1945 2195 2011 substantia,
2236 1946 2331 2017 qui

750 2030 918 2083 etiam
970 2031 1260 2100 proprium
1304 2032 1408 2087 sibi
1449 2050 1651 2104 corpus
1696 2036 1959 2091 cll‘ecerat
2010 2048 2067 2092 ct
2120 2053 2233 2107 pra:
2273 2054 2332 2092 se

752 2120 975 2184 tulerat,
1002 2122 1109 2176 hoc
1139 2122 1396 2192 equidem
1425 2126 1735 2198 intelligere
1776 2144 1885 2181 non
1936 2128 2134 2183 habeo.
2161 2129 2334 2200 Cujus

750 2225 885 2265 vero
928 2212 1007 2266 rei
1061 2214 1260 2284 gratia,
1313 2216 1590 2286 siquidem
1635 2210 1927 2290 ’mysterio
1976 2220 2104 2275 lidci
2151 2223 2332 2277 eccle-

753 2306 989 2362 siasticae
1030 2317 1088 2362 et
1133 2309 1240 2365 hoc
1287 2313 1611 2369 continetur
1651 2314 1871 2385 dogma.
1914 2331 2025 2369 non
2083 2314 2156 2369 sit
2207 2329 2335 2369 cum

753 2398 969 2453 caeteris
1018 2403 1480 2471 comprehensum
1515 2406 1568 2459 in
1599 2408 1853 2478 symbolo
1880 2424 1990 2478 quo
2030 2408 2245 2464 sincera
2280 2416 2338 2461 et

754 2488 1036 2559 inculpata
1093 2494 1541 2553 Christianorum
1592 2499 1730 2555 ﬁdes
1778 2518 1807 2556 a
1850 2503 2057 2555 sanctis
2080 2510 2137 2555 et
2162 2500 2343 2554 beatis

754 2581 1015 2638 Patribus
1052 2588 1262 2644 nostris
1311 2593 1561 2661 exposita
1607 2593 1733 2657 fuit,
1780 2594 2084 2649 identidem
2116 2607 2345 2662 congre-

753 2676 896 2743 gatis
928 2677 994 2731 ad
1046 2679 1380 2739 stabilienda
1429 2685 1615 2740 divina
1665 2696 1868 2743 sancta:
1906 2688 2003 2742 Dei
2038 2695 2094 2742 et
2121 2696 2344 2757 aposto-

754 2765 873 2821 lica:
911 2767 1175 2826 Ecclesiae
1206 2773 1484 2845 dogmata,
1531 2778 1585 2832 id
1618 2781 1969 2850 sapientibus
2024 2780 2212 2836 dicere
2248 2796 2339 2834 re-

756 2858 1090 2929 linquamus.
1127 2862 1235 2919 Sed
1277 2870 1412 2924 satis
1463 2886 1587 2925 csse
1647 2872 1907 2927 existimo
1958 2889 2106 2927 nunc
2149 2879 2341 2927 contra

756 2952 896 3007 istos
965 2957 1081 3011 lucc
1149 2974 1249 3027 per
1293 2961 1698 3032 digressionem
1758 2964 1907 3020 dicta
1968 2965 2163 3019 fuisse.
2222 2962 2342 3018 Jam

758 3040 930 3110 igitur
979 3048 1046 3102 ad
1099 3050 1240 3105 alios
1288 3061 1705 3106 convertamur.

2427 571 2718 636 δάσκαλον,
2779 571 3145 640 πιστεύσομεν
3173 570 3258 622 ὅτι
3298 568 3361 621 τὸ
3397 564 3714 647 ἐνωθὲνιτῷ
3762 561 3888 632 Θεῷ
3922 564 4013 613 καὶ

2429 663 2663 728 σώζεται
2694 666 2780 726 ²⁸;
2834 683 2851 716 ι
2886 664 2954 716 Ὃ
2995 663 3139 732 γὰρ,
3182 661 3317 731 φησὶ
3360 658 3498 730 πρὸς
3546 655 3841 725 Κληδόνων
3882 656 4015 721 γρά-

2428 778 2568 831 φων,
2599 760 2807 829 ἥνωται
2849 756 2930 825 τῷ
2976 755 3118 825 Θεῷ,
3157 753 3323 807 τοῦτο
3344 753 3437 806 καὶ
3486 749 3719 814 σώζεται
3743 748 3791 779 ’⁸
3820 746 3962 813 (38).
3994 769 4010 795 ο

2438 850 2656 921 Ἦνώθη
2687 849 2745 904 δέ
2787 848 2863 917 τῷ
2886 845 3067 916 Θεῷ²⁷
3092 844 3253 914 Λόγῳ
3288 841 3430 914 μετά
3465 840 3567 908 τῆς
3607 838 3790 909 ψυχῆς
3829 839 3928 890 καὶ
3962 836 4018 884 τὸ

2431 946 2614 1015 σῶμα.
2648 942 2791 1014 Ἀρα
2816 940 2955 1012 μετὰ
2974 938 3074 1008 τῆς
3093 938 3276 1008 ψυχῆς
3290 936 3385 989 καὶ
3407 934 3469 988 τδ
3500 932 3660 1003 σῶμα
3684 930 4013 999 σωθήσεται.

2430 1037 2542 1091 Καὶ
2589 1034 2773 1099 πάλιν,
2824 1034 2873 1084 εἰ
2905 1032 2993 1085 διὰ
3034 1029 3197 1083 τοῦτο
3233 1025 3555 1097 σαρκοῦται,
3587 1024 3731 1077 κατὰ
3758 1022 3856 1074 τὸν
3904 1020 4019 1072 Θεό-

2432 1145 2607 1197 φρονα
2636 1126 2830 1180 τοῦτον
2856 1121 3203 1187 διδάσκαλον,
3236 1122 3264 1173 ὁ
3291 1117 3392 1172 τοῦ
3408 1116 3549 1170 Θεοῦ
3577 1115 3775 1182 Λόγος,
3808 1113 3904 1165 ἵνα
3927 1114 4017 1163 καὶ

2432 1221 2531 1293 τὴν
2560 1221 2745 1274 εἰκόνα
2771 1218 2921 1287 σώσῃ
2946 1216 3041 1269 καὶ
3076 1214 3178 1284 τὴν
3207 1212 3388 1282 σάρκα
3442 1208 3769 1277 ἀθανατίσῃ.
3801 1205 3926 1266 πῶς
3959 1203 4020 1254 τὸ

2436 1313 2747 1381 σωζόμενον
2790 1308 3095 1370 ἀπολεῖται,
3121 1305 3214 1359 καὶ
3240 1300 3426 1374 (234
3469 1300 3525 1370 a)
3562 1299 3818 1368 θνήξεται
3852 1294 4019 1347 πάλιν

2433 1408 2493 1461 τὺ
2536 1402 3024 1474 ἀθανατιζόμενον,
3080 1397 3282 1469 μᾶλλον
3319 1398 3377 1449 δὲ
3429 1393 3766 1463 κυριώτερον
3814 1391 4017 1447 εἰπεῖν,

2435 1498 2638 1552 θεωθὲν
2684 1494 2807 1549 ὅλον
2864 1492 2955 1547 διὰ
2998 1491 3173 1562 μέσης
3216 1488 3320 1558 τῆς
3356 1487 3550 1557 νοερᾶς
3584 1484 3763 1553 ψυχῆς
3800 1480 4020 1546 Θεότητι

2439 1584 2835 1658 μεσιτευοὺσης
2877 1581 2972 1636 καὶ
3020 1578 3256 1649 σώματι,
3294 1574 3579 1645 παροῦσαν
3602 1571 3734 1638 ὃλην
3763 1569 4023 1658 ἀρρήτως

2435 1654 2712 1740 οὐσιωδῶς
2735 1675 2785 1708 ’⁸
2811 1675 2914 1743 τὴν
2951 1670 3048 1725 τοῦ
3096 1666 3478 1740 σαρκωθέντος
3526 1664 3831 1716 ὑπόστασιν
3886 1654 4026 1708 Θεοῦ

2436 1773 2612 1839 Λόγου
2634 1764 3019 1837 δεξάμενονθ,
3045 1764 3140 1816 καὶ
3176 1760 3307 1812 ἴδιον
3341 1757 3474 1811 αὐτὸ
3506 1754 3667 1824 σῶμα
3713 1747 4025 1819 ποιησαμὲο

2440 1880 2531 1917 νου
2557 1878 2616 1915 τε
2647 1861 2744 1913 καὶ
2785 1857 3188 1926 ἁποφήναντος,
3221 1852 3321 1905 οὐκ
3347 1851 3457 1920 ἔχω
3482 1848 3733 1901 συνιδεῖν.
3771 1844 3933 1903 Τίνος
3967 1839 4024 1890 δὲ

2439 1957 2620 2028 χάριν,
2656 1953 2819 2022 εἴπερ
2846 1948 2926 2020 τῷ
2973 1946 3261 2019 μυστηρίῳ
3300 1943 3400 2012 τῆς
3428 1931 4028 2028 ἐκκλησιαπικῖγς-πί-

2445 2024 2613 2109 orsu);
2629 2046 2726 2099 καὶ
2752 2043 2914 2096 τοῦτο
2937 2040 3250 2112 περιέχεται
3282 2037 3342 2090 τὸ
3365 2036 3565 2105 δόγμα,
3599 2032 3673 2101 μὴ
3705 2031 3821 2090 τοῖς
3841 2024 4027 2083 ἄλλοις

2442 2133 2900 2208 συμπεριελήφθη
2937 2133 2996 2185 ἐν
3033 2131 3111 2201 τῷ
3138 2128 3400 2199 συμόὁλῳ
3430 2127 3532 2193 τῆς
3566 2121 3710 2175 κατὰ
3744 2119 3847 2188 τὴν
3872 2114 4029 2208 ipsi»

2444 2206 2619 2303 μητον
2672 2228 2857 2281 πίστιν
2902 2224 3011 2280 τῶν
3042 2217 3391 2293 Χριστιανῶν
3435 2215 3707 2277 ἐκθέσεως
3748 2209 3861 2303 ὑπὸ
3919 2206 4034 2258 τῶν

2442 2302 2614 2392 άγῑων
2637 2324 2732 2376 καλ⁴
2759 2318 3105 2391 μακαρίωνπ
3149 2313 3414 2383 Πατέρων
3448 2308 3628 2380 ἡμῶν,
3670 2304 3783 2358 τῶν
3811 2302 3856 2332 ³⁸
3877 2316 4031 2392 etw—

2440 2390 2836 2486 αόροισθὲντων
2869 2408 3010 2463 κατὰ
3039 2408 3265 2476 καιροὺς
3288 2405 3381 2455 ἐπὶ
3420 2398 3711 2473 βεϐαιώσει
3731 2394 3844 2447 τῶν
3869 2390 4036 2444 Θεξων

2438 2483 2538 2580 τῆς
2589 2506 2754 2575 άγὶας
2791 2503 2888 2557 τοῦ
2954 2500 3092 2554 Θεοῦ
3147 2500 3243 2553 καὶ
3285 2491 3655 2560 ἀποπολικῆς

2439 2574 2750 2671 δογμάτων,
2778 2596 2959 2664 λέγειν
2980 2594 3094 2655 τοῖς
3112 2592 3297 2660 σοφοῖς
3330 2583 3752 2653 καταλείψωμεν
3773 2579 3845 2630 ³’.
3883 2574 4032 2671 Ἀλλ’

2406 2694 2635 2764 ¹ἀρκεῖν
2684 2685 2840 2760 οἶμαι
2893 2686 3031 2756 πρὸς
3065 2684 3126 2737 τδ
3155 2681 3327 2753 παρόν
3375 2671 3803 2748 παρεκϐατικῶς
3857 2664 4035 2764 ταυτα

2446 2758 2679 2858 ρἧἧναι
2883 2778 3126 2843 τούτους.
3174 2775 3322 2847 Πρὸς
3353 2773 3410 2827 δὲ
3439 2772 3567 2834 τοὺς
3585 2767 3783 2828 ἄλλους
3811 2758 4039 2830 τρεψὼο

2450 2879 2611 2948 μεοα.

2369 3169 2441 3180 .I—o

834 3224 1029 3282 Contra
1064 3245 1149 3283 eos
1195 3230 1284 3300 qui
1321 3245 1541 3299 corpora
1593 3238 1718 3283 ante
1762 3231 1972 3283 animas
2019 3229 2269 3282 exsistere

2448 3230 2602 3295 11pm;
2625 3222 2769 3286 τοὺς
2803 3220 3095 3290 λέγοντας
3127 3214 3247 3269 τῶν
3273 3209 3493 3281 ψυχῶν
3518 3201 3939 3276 προϋπάρχειν
3967 3197 4046 3251 τὸ

1400 3318 1703 3388 afﬁrmant.

834 3427 963 3481 Post
994 3444 1225 3498 corpora
1258 3428 1526 3485 exsistere
1556 3431 1788 3494 animas,
1817 3445 1853 3483 ο
1880 3430 2006 3495 isti,
2039 3429 2228 3487 dicere
2260 3428 2344 3484 fa-

763 3522 867 3577 cile
914 3532 970 3574 et
1015 3523 1262 3591 cujusvis
1291 3522 1530 3576 volentis
1578 3530 1699 3588 est,
1740 3531 1798 3576 at
1841 3523 2055 3577 ratione
2111 3522 2346 3592 probare

763 3614 909 3685 quod
943 3614 1149 3669 dicitur
1179 3631 1442 3685 perquam
1473 3614 1694 3670 diﬂicile
1727 3624 1812 3669 est
1834 3625 1999 3684 atque
2026 3629 2344 3683 operosum,

763 3708 1045 3777 studiique
1088 3718 1143 3762 et
1167 3708 1465 3777 diligentiae
1506 3709 1561 3761 in
1593 3708 1695 3761 hac
1731 3707 2036 3777 quaesﬁonc
2067 3708 2349 3761 collocatm

765 3798 923 3852 facile
979 3815 1263 3868 nunquam
1304 3799 1531 3854 habebit
1563 3799 1806 3854 fructum
1851 3810 1909 3855 et
1939 3800 2345 3870 probationem.

765 3890 823 3944 Si
860 3891 1007 3945 enim
1059 3892 1110 3946 id
1139 3892 1289 3961 quod
1339 3892 1646 3949 secundum
1695 3908 1795 3947 vos
1858 3893 1914 3946 in
1977 3894 2354 3963 generationis

765 3982 1025 4039 humanae
1060 3986 1290 4040 materia
1322 3986 1549 4055 ponitur
1585 3985 1949 4039 inanimatum
1982 3986 2208 4040 omnino
2242 3996 2349 4051 est,

766 4076 1021 4144 sequitur
1050 4076 1365 4131 necessario
1413 4084 1473 4130 ut
1507 4076 1674 4130 etiam
1706 4075 1890 4129 vitalis
1941 4075 2201 4130 nimirum
2250 4091 2353 4145 po-

768 4169 983 4221 testatis
1015 4168 1172 4237 plane
1201 4169 1274 4223 sit
1305 4184 1521 4238 expers.
1554 4168 1692 4223 Nam
1723 4166 1868 4237 quod
1894 4168 2097 4233 anima,
2128 4184 2356 4239 quoquo

767 4258 933 4311 modo
954 4269 1268 4328 comparata
1292 4259 1479 4324 fuerit,
1506 4270 1681 4325 caret,
1722 4259 1776 4314 id
1800 4259 1952 4313 omni
1980 4260 2133 4314 vitali
2171 4261 2354 4329 priva-

771 4359 888 4403 tum
925 4359 1011 4403 est
1035 4351 1260 4404 virtute.
1289 4350 1447 4417 Quod
1489 4352 1534 4406 si
1569 4352 1750 4405 anima
1786 4351 2017 4420 ejusque
2040 4351 2225 4405 vitalis
2260 4368 2358 4420 po-

769 4441 987 4495 testatis
1020 4451 1077 4496 et
1109 4442 1331 4497 virtutis
1355 4444 1518 4512 plane
1557 4457 1756 4511 expers
1775 4449 1883 4505 est,
1923 4451 2204 4496 mortuum
2237 4457 2357 4496 esse

767 4530 1127 4586 manifestum
1157 4541 1279 4600 est;
1302 4548 1496 4589 verum
1527 4532 1571 4588 si
1610 4541 1891 4587 mortuum
1920 4547 2042 4587 esse
2068 4532 2356 4595 statuitur,

769 4642 951 4695 neque
977 4627 1147 4681 alitur
1168 4644 1348 4699 neque
1374 4628 1599 4692 crescit,
1629 4643 1811 4697 neque
1834 4627 1947 4681 ullo
1980 4626 2147 4681 modo
2175 4626 2328 4682 subsi
2348 4656 2360 4667 -

770 4727 916 4770 stere
945 4720 1169 4787 poterit,
1215 4729 1312 4774 aut
1343 4719 1728 4790 indissipatum
1771 4730 1829 4775 et
1874 4718 2197 4773 indiﬂ'usum
2244 4734 2351 4772 ma-

770 4822 928 4862 nere.
956 4809 1115 4875 Quod
1161 4811 1360 4881 probat
1408 4811 1703 4864 vulnerum
1751 4810 1808 4863 in
1844 4823 2076 4878 corpore
2120 4807 2357 4861 sanatio.

769 4902 904 4969 Qua:
932 4902 1156 4971 quando
1187 4902 1529 4956 medicorum
1564 4899 1662 4954 ﬁlii
1694 4900 1975 4969 attingunt
2009 4908 2283 4953 tentantes
2312 4899 2357 4953 si

772 5008 979 5063 corpus
1010 5003 1290 5047 mortuum
1324 5005 1613 5060 emergens
1653 4989 1955 5059 reperiant,
1983 4988 2355 5043 medicamen-

776 5086 846 5141 tis
876 5102 999 5156 qure
1050 5085 1102 5139 id
1133 5085 1402 5139 devorent
1438 5092 1564 5137 ante
1605 5081 1921 5150 insumptis,
1956 5080 2028 5134 ita
2068 5096 2190 5149 qua:
2229 5080 2356 5134 reli-

776 5174 973 5229 ciendo
996 5175 1213 5244 corpori
1239 5176 1308 5228 de
1337 5173 1564 5227 vulnere
1581 5172 1714 5226 laeso
1740 5170 1938 5225 idonea
1961 5168 2070 5223 sint
2094 5169 2359 5224 adhibent

777 5268 844 5322 ad
877 5269 1307 5338 suppletioncm,
1337 5277 1609 5336 quatenus
1638 5266 1823 5319 vivum
1855 5264 2119 5320 videlicet
2158 5281 2359 5335 corpus

3103 3308 3371 3377 σώματα.

2516 3423 2592 3477 Τὺ
2630 3416 3003 3490 μεθυπὰρχειν
3037 3411 3145 3465 τῶν
3189 3407 3459 3478 σωμάτων
3500 3405 3601 3464 τὰς
3633 3400 3839 3472 ψυχὰς,
3872 3392 3924 3453 ὦ
3947 3392 4045 3452 oc-

2445 3532 2551 3578 τοι,
2581 3512 2763 3580 λέγειν
2818 3506 3040 3560 εὔκολον
3066 3502 3163 3556 καὶ
3194 3499 3289 3553 τοῦ
3322 3495 3647 3567 βουλομένου
3697 3490 3904 3552 παντὸς
3932 3530 3949 3551 ,
3983 3490 4048 3541 τὸ

2447 3609 2506 3662 δὲ
2539 3608 2683 3676 λόγῳ
2719 3597 3095 3672 συστήσασθαι
3142 3595 3205 3648 τὸ
3248 3592 3548 3663 λεγόμενον
3592 3587 3735 3642 πάνυ
3769 3584 4049 3676 δύσκολον

2450 3700 2545 3755 καὶ
2599 3672 2855 3770 ἐργῶδες,
2888 3692 2985 3745 καὶ
3018 3686 3216 3741 οΰποτε
3258 3684 3463 3755 ῥᾴστην
3494 3680 3619 3748 ἐχον
3650 3679 3750 3745 τῆς
3794 3672 4049 3770 σπουδῆς

2448 3792 2546 3864 τὴν
2567 3766 2864 3853 ἀπόδειξιν.
2908 3785 2969 3837 Εἰ
3003 3782 3115 3851 γὰρ
3137 3779 3198 3832 τὸ
3233 3772 3713 3842 καταϐαλλόμενον
3736 3767 3864 3864 καῦῗ
3894 3766 4049 3864 ὐμάς

2452 3857 2531 3948 εἰς
2561 3882 2837 3953 πρόφασιν
2863 3878 2963 3947 τῆς
3002 3871 3352 3943 ἀνθρωπίνης
3384 3865 3655 3937 γενέσεως
3685 3857 4051 3914 παντάπασίν

2452 3977 2603 4029 ἐστιν
2652 3972 2880 4043 ἄψυχον,
2900 3968 2996 4021 καὶ
3029 3964 3264 4034 ζωτικῆς
3285 3961 3531 4031 δηλονότι
3550 3955 3836 4024 δυνάμεως
3860 3952 4051 4018 πάντη

2454 4067 2798 4135 καθέστηκεν
2827 4062 3077 4131 ἄμοιρον.
3122 4057 3197 4109 Τὸ
3250 4053 3361 4124 γὰρ
3400 4050 3578 4122 ψυχῆς
3617 4043 3905 4107 παντελῶς
3948 4043 4053 4111 τῆς

2454 4157 2673 4213 οἱασοῦν
2710 4152 3078 4225 ἐστερημένον
3120 4148 3214 4203 καὶ
3256 4147 3435 4214 πάσης
3472 4139 3716 4208 ζωτικῆς
3750 4136 4055 4207 ἐνεργείας

2456 4252 2603 4304 ἐστὶν
2624 4247 2853 4319 ἔρημον.
2899 4245 2962 4297 Εἰ
2991 4243 3045 4296 δὲ
3072 4239 3251 4311 ψυχῆς
3278 4236 3374 4291 καὶ
3401 4236 3500 4305 τῆς
3528 4232 3648 4286 κατ’
3671 4230 3847 4300 αὐτὴν
3882 4228 4055 4291 ζωτι-

2458 4344 2560 4412 κῆς
2590 4338 2875 4411 δυνάμεώς
2904 4355 2964 4391 τε
2989 4335 3085 4388 καὶ
3118 4330 3400 4402 ἐνεργείας
3446 4323 3727 4385 παντελῶς
3765 4319 4058 4412 καθέστη-

2460 4409 2555 4491 κεν
2583 4409 2833 4505 ἄμοιρον,
2860 4426 3107 4499 δηλονότι
3140 4422 3335 4493 νεκρὸν
3368 4413 3743 4505 τυγχάνει·ῌεὶ
3762 4411 3822 4463 δέ
3836 4409 4059 4505 1:pr»

2460 4527 2592 4581 αὐτὸ
2614 4500 2987 4592 ὗψτιθέμεοα
3012 4513 3175 4577 εῖναι,
3205 4512 3330 4566 οὔτε
3357 4508 3614 4580 τρέφεται
3641 4502 3769 4556 οὔτε
3798 4500 4059 4565 αὒξεται,

2395 4618 2436 4670 D
2466 4618 2573 4674 οὐδ’
2590 4616 2727 4676 ὅλως
2746 4610 3055 4680 ὑποστῆσαι
3077 4606 3391 4675 δυνήσεται,
3416 4599 3511 4653 καὶ
3549 4598 3732 4668 μεῖναι
3760 4591 4061 4653 παντελῶς

2461 4706 2798 4765 ἀσκέδαστόν
2861 4721 2923 4756 τε
2972 4700 3066 4755 καὶ
3122 4698 3430 4767 ἀδιάχυτον.
3493 4688 3805 4759 Τεκμηριοῖ
3877 4684 3939 4737 δὲ
3998 4683 4063 4734 τὸ

2462 4798 2651 4873 (234
2680 4798 2730 4867 b)
2756 4794 2949 4867 λεχθὲν
2982 4795 3010 4847 ὁ
3048 4794 3105 4844 ἐν
3143 4791 3254 4853 τοῖς
3285 4786 3502 4856 σώμασι
3530 4781 3641 4835 τῶν
3694 4776 3878 4830 ἐλκῶν
3925 4776 4061 4827 ἀκε-

2464 4892 2619 4963 σμός.
2654 4887 2847 4942 Ἥνεκα
2876 4885 2985 4956 γάρ
3015 4884 3351 4955 ἐφάπτονται
3378 4877 3586 4932 τούτων
3605 4873 3815 4944 ἰατρῶν
3838 4873 4063 4935 παῖδες,

2462 4987 2512 5038 εἰ
2533 4983 2743 5054 εὕροιεν
2778 4976 3109 5041 ἐπιπολάζον
3141 4974 3299 5044 σῶμα
3323 4971 3537 5042 νεκρὸν,
3557 4972 3671 5032 τοῖς
3697 4966 4065 5021 κατεσθίουσι

2462 5077 2621 5129 τοῦτο
2666 5073 2979 5144 φαρμάκοις
3040 5068 3573 5140 προαναλώσαντες,
3632 5062 3783 5115 οὕτω
3814 5061 3890 5114 τά
3926 5061 4066 5126 πρὸς

2463 5170 2718 5224 ἀνάδοσιν
2743 5167 2840 5221 τοῦ
2876 5164 3250 5226 κοιλανθέντος
3292 5164 3357 5215 ἐκ
3396 5162 3496 5230 τῆς
3526 5156 3767 5225 ὠτειλῆς
3803 5156 4067 5226 σώματος

2464 5263 2851 5316 ἐπιϐάλλουσιν
2891 5260 2972 5323 εἰς
3004 5256 3414 5328 ἀναπλήρωσιν,
3448 5254 3523 5317 ὡς
3574 5250 3669 5305 τοῦ
3715 5249 3935 5315 ζῶντος
3970 5248 4065 5317 δη-

2089 5400 2319 5455 ΥΛΙΗᾹΞ
2358 5399 2769 5455 LECTIONES.

846 5518 893 5548 "
928 5517 1156 5579 ζὼσεται
1188 5518 1278 5573 ed.
1320 5519 1459 5573 Gal].

1548 5519 1592 5550 ”
1622 5518 1854 5582 ζὼσετκι
1888 5519 1976 5573 ed.
2017 5518 2157 5572 Gall.
2233 5518 2278 5548 ’⁷
2317 5517 2425 5587 θεῷ
2457 5534 2569 5571 om.
2600 5517 2690 5571 ed.
2728 5517 2867 5569 Gali.
2943 5518 2989 5549 '5
3016 5514 3289 5587 gemmas;
3316 5513 3369 5587 in
3401 5510 3607 5587 codicis
3630 5508 3885 5587 Gudiaui
3921 5525 4065 5587 mar-

783 5589 907 5657 gine
929 5589 996 5641 ab
1026 5590 1216 5645 eadem
1246 5606 1408 5643 manu
1450 5659 1461 5661 Α
1483 5581 1778 5661 ascriptqu
1808 5591 2047 5661 legitur.
2102 5590 2144 5661 f9
2171 5581 2497 5661 δεξαμένους
2526 5588 2949 5661 suspicabantur
2972 5587 3213 5661 editores
3236 5581 3486 5661 (inllaud.
3566 5582 3609 5612 ³ο
3638 5581 3734 5634 καὶ
3776 5581 4067 5650 μακαρξων

788 5675 893 5712 non
926 5670 1205 5729 comparet
1235 5662 1288 5718 in
1318 5661 1405 5715 ed.
1433 5659 1571 5714 Call.

1654 5661 1697 5691 ³¹
1738 5663 1843 5713 τῶν
1892 5676 2001 5715 non
2039 5659 2205 5713 habet
2236 5660 2323 5714 ed.
2356 5659 2496 5713 Call.

2597 5654 2641 5689 ³ί
2681 5658 3085 5728 καταῖιείψομεν
3112 5656 3199 5710 cd.
3233 5654 3369 5709 Gull.

854 5796 960 5865 (38)
1004 5797 1159 5867 (ἴτυς.
1198 5798 1303 5851 Naz
1359 5798 1526 5868 Epist.
1564 5797 1891 5861 «acu-im,
1920 5813 1965 5865 ν.
2000 5798 2087 5863 87,
2124 5806 2248 5851 tum.
2288 5796 2328 5850 ll
2374 5796 2507 5850 cdil.
2564 5794 2769 5850 Bcued.
