4192 6434
198 355 331 419 1337

1423 356 1935 418 AMBIGUORUM
1975 360 2225 423 LIBER.

3290 368 3425 433 1338

174 453 330 535 ’λαδὴ
373 464 625 535 σώματος
672 465 835 534 φύσιν
887 464 1102 535 ἔχοντος
1132 465 1634 535 ἀναπεμπάξουσαν
1669 465 1761 518 καὶ

1871 478 2063 522 natura
2092 470 2381 539 praeditum
2418 480 2503 526 est
2533 474 2865 529 resarciente
2890 483 2945 528 et
2968 474 3170 529 virtute
3198 480 3428 545 quadam

193 561 423 629 δύναμιν
452 560 551 627 τῆς
588 558 795 621 οἰκείας
845 559 1011 622 ἕξεως
1064 558 1399 628 συστατικήν
1442 576 1503 611 τε
1538 558 1633 612 καὶ
1662 561 1757 611 ὲπ-

192 650 583 719 ανακ).ητικην,
631 649 727 702 τοῦ
772 650 831 702 δὲ
883 650 1079 719 νεκροῦ
1122 648 1283 703 τοῦτο
1316 649 1582 719 μηδαμῶς
1609 650 1759 718 ἐνερ-

194 739 440 807 γοῦντος,
483 739 629 805 ἅπαξ
655 741 1059 810 νενεκρωμένου
1090 741 1184 792 καὶ
1216 739 1493 802 παντελῶς
1523 739 1758 808 ζωτικῆς

194 832 565 902 ἐστερημένον
597 831 900 901 δυνάμεως,
933 832 1027 885 καὶ
1059 831 1148 885 διὰ
1191 829 1352 884 τοῦτο
1400 831 1760 901 άνενεργήτου

193 924 572 991 τυγχάνοντος.
611 923 735 986 Πῶς
780 923 837 975 δὲ
884 924 979 975 καὶ
1015 924 1274 992 στήσεται
1323 923 1386 976 τὸ
1419 921 1579 991 φύσει
1627 937 1758 974 σκε-

192 1016 390 1068 δαστόν
429 1031 491 1067 τε
539 1017 636 1067 καὶ⁵
672 1015 1007 1077 εὐδιάλυτον,
1057 1015 1133 1084 μὴ
1169 1016 1334 1068 οἱονεὶ
1356 1013 1606 1083 θεμελίου
1638 1011 1764 1083 τρόο

195 1125 306 1160 πον
350 1108 467 1161 κατ’
515 1107 761 1161 ἐπίνοιαν
805 1106 1279 1177 προϋποκειμένης
1324 1107 1468 1170 τινὸς
1524 1105 1765 1175 ζωτικῆς

194 1198 501 1268 δυνάμεως,
552 1199 681 1268 περὶ
724 1198 923 1269 ἑαυτὴν
972 1198 1217 1267 φυτικῶς
1261 1198 1659 1269 συγκρινούσης
1703 1213 1764 1249 τε

196 1291 295 1343 καὶ
326 1288 753 1359 διασφιγγούσης
786 1289 848 1342 τὸ
889 1289 1319 1359 σκεδαννύμενον
1338 1329 1353 1353 ,
1386 1292 1444 1342 iw
1541 1289 1601 1343 τδ
1628 1283 1765 1341 είναί

192 1395 259 1431 τε
286 1380 380 1430 καὶ
409 1378 792 1431 εἰδοποιεῑσθαι
836 1378 989 1448 παρὰ
1014 1378 1116 1446 τῆς
1160 1377 1230 1429 τὰ
1254 1377 1351 1433 ὅλα
1373 1378 1552 1446 σοφῶς
1587 1392 1764 1445 τεχνι-

188 1468 459 1539 τευούσης
509 1469 787 1540 δυνάμεως
842 1469 985 1540 ἐχειν
1031 1469 1256 1540 ﬂuxa»);
1314 1472 1404 1524 ’Ev
1455 1463 1500 1537 ᾧ
1543 1468 1651 1537 γὰρ
1700 1465 1766 1521 ἂν

192 1562 488 1631 πράγματι
533 1560 672 1629 μετὰ
714 1561 776 1614 τὸ
799 1560 1057 1631 τεχθῆναι
1086 1563 1369 1633 περίεστιν
1397 1560 1612 1629 άληθῶς
1637 1558 1697 1612 τὸ
1721 1556 1766 1589 ³³

194 1647 341 1704 εἶναι
368 1651 447 1721 τῷ
477 1651 686 1722 σώματι
704 1694 720 1718 ,
766 1653 825 1705 ἐν
863 1652 1060 1724 ἐκείνῳ
1081 1644 1299 1717 πάντως
1329 1652 1553 1714 δικαίως
1578 1650 1646 1704 ἂν
1681 1649 1767 1702 λέ-

192 1758 351 1810 γοιτο
382 1742 525 1812 ἔχειν
567 1744 662 1797 καὶ
713 1743 814 1815 τὴν
847 1743 1021 1815 ἀρχὴν
1064 1743 1166 1813 τῆς
1209 1743 1515 1815 ὑπάρξεως.
1547 1734 1767 1805 Οὐτινος

1870 556 2117 612 habitum
2145 564 2427 631 proprium
2452 566 2833 634 compingendi
2858 566 3280 635 revocandique,
3306 585 3429 622 cum

1870 660 2150 704 mortuum
2184 662 2376 709 contra
2410 671 2612 725 corpus
2637 655 2691 709 id
2719 658 2869 709 nullo
2907 658 3069 711 modo
3098 657 3316 723 eﬂiciat,
3344 675 3429 714 se-

1868 737 1974 789 mel
2008 739 2416 805 mortiﬁcatum,
2449 743 2709 813 vitalique
2740 752 3008 813 potestate
3052 761 3278 815 prorsus
3332 748 3430 801 de-

1868 825 2146 892 stitutum,
2179 838 2236 883 et
2258 830 2743 888 idcircoineilicax.
2780 833 3064 914 Quomodo
3084 852 3216 890 vero
3234 847 3291 892 et
3322 848 3435 891 sta-

1869 915 2117 986 bitquod
2153 930 2346 975 natura
2380 922 2704 993 dissipatum
2735 934 2820 979 est
2841 934 3005 995 atque
3036 927 3187 980 nullo
3212 928 3434 997 negotio

1869 999 2221 1077 dissolvitur,
2263 1027 2387 1066 cum
2440 1023 2697 1083 tanquam
2732 1016 3077 1071 fundamenti
3109 1018 3166 1072 in
3211 1019 3431 1073 modum

1871 1100 2201 1169 cogitatione
2247 1103 2397 1158 nulla
2434 1112 2562 1159 ante
2605 1106 2847 1176 subjecta
2891 1110 2961 1162 sit
2992 1109 3165 1164 virtus
3196 1109 3432 1170 viviﬁca.

1869 1209 1991 1263 qua:
2041 1194 2187 1249 circa
2239 1211 2360 1251 sese
2408 1198 2734 1252 naturaliter
2782 1210 3127 1268 coagmentet
3171 1200 3434 1255 dill‘usum

1872 1294 2037 1354 atque
2062 1288 2420 1357 constringat,
2455 1289 2509 1343 in
2530 1305 2635 1359 qua
2664 1299 2720 1343 et
2746 1290 3065 1344 exsistentia
3100 1300 3156 1346 ct
3178 1293 3435 1347 formatio

1871 1376 1942 1430 ab
1976 1391 2040 1430 ea
2069 1377 2273 1432 virtute
2304 1388 2529 1457 qumst
2568 1381 2828 1436 universa
2868 1382 3143 1450 sapienter
3170 1382 3433 1438 fabricata

1872 1468 2051 1525 inesse
2103 1472 2309 1527 sortita:
2336 1473 2502 1527 sunt?
2538 1473 2596 1527 In
2629 1489 2953 1542 quacunque
2986 1474 3134 1528 enim
3182 1490 3240 1528 re
3281 1483 3433 1544 post-

1871 1574 2037 1629 quam
2094 1559 2231 1615 l'acta
2277 1571 2362 1614 est
2393 1562 2674 1631 generatio
2704 1577 2831 1617 vere
2864 1573 3139 1631 superstes
3171 1571 3255 1617 est
3286 1562 3434 1616 exsi-

1873 1648 2072 1703 stentia
2123 1650 2366 1718 corpori,
2424 1650 2480 1706 in
2528 1668 2594 1707 ea
2646 1661 2794 1706 recte
2842 1654 3067 1708 omnino
3104 1652 3435 1722 principium

1872 1757 2091 1812 quoque
2120 1744 2451 1798 exsistentia:
2474 1745 2652 1799 inesse
2673 1744 2906 1800 dicatur.
2930 1742 3064 1797 Nam
3095 1757 3124 1795 a
3147 1758 3256 1812 quo
3281 1756 3438 1810 sepa-

192 1809 312 1900 γάρ
341 1809 712 1902 τῷήχωρισμῷ
738 1809 1048 1886 διαλύεσθαι
1086 1809 1299 1901 πέφυκε
1326 1809 1399 1886 τὸ
1428 1832 1607 1903 σῶμα,
1646 1832 1766 1887 τού-

1872 1809 2050 1888 ratum
2084 1849 2287 1902 corpus
2311 1835 2651 1899 dissolvitur,
2681 1836 2864 1905 hujus,
2892 1833 2970 1887 uti
3006 1809 3263 1901 apparet,
3308 1809 3432 1885 cum

192 1939 297 1974 του
351 1922 552 1993 δηλαδὴ
578 1925 645 1994 τῇ
693 1921 927 1995 ὑπάρξει
963 1926 1104 1979 κατὰ
1150 1924 1247 1996 τὴν
1284 1925 1497 1994 γένεσιν
1530 1924 1768 1994 εὐλόγως

1871 1925 2185 1979 exsistentia
2227 1925 2281 1979 in
2320 1926 2672 1995 generatione
2698 1926 2863 1980 etiam
2904 1923 3245 1979 eoexstitisse
3274 1923 3435 1993 plane

198 2014 273 2069 ἂν
303 2014 518 2078 πάντως
540 2014 636 2067 καὶ
676 2016 1105 2085 συνυφέστηκεν.

275 2107 339 2160 El
379 2105 436 2159 δὲ
470 2105 681 2171 τούτοις
723 2106 1217 2179 στενοχωρούμενοι
1253 2110 1368 2172 τοῖς
1405 2100 1769 2178 λογισμοῖς.ῶ

196 2192 367 2261 οὗτοι,
405 2198 539 2268 φατὲ
576 2198 651 2269 μὴ
697 2198 892 2268 νεκρὸν
942 2194 1081 2253 εἶναι
1140 2200 1455 2253 παντάπασι
1496 2198 1559 2251 τὸ
1604 2216 1771 2252 κατα-

199 2289 529 2358 ϐαλλόμενον
558 2289 638 2350 εἰς
656 2288 926 2358 πρόφασιν
946 2287 1045 2359 τῆς
1066 2287 1414 2358 ἀνθρωπίνης
1436 2288 1768 2348 συστάσεως.

201 2380 439 2448 ζωτικῆς
487 2380 545 2433 δέ
592 2397 738 2442 τινος
779 2379 906 2447 κΞὶν⁸
935 2378 1118 2442 ποσῶς
1172 2378 1424 2449 μετέχειν
1467 2378 1769 2452 δυνάμεωςν

202 2469 281 2533 ὡς
312 2470 495 2539 ψυχὴν
530 2469 651 2539 ἕχον
690 2468 932 2538 δηλονότι
973 2469 1074 2537 τῆς
1105 2468 1363 2539 τοιαύτης
1392 2467 1773 2538 μεθέξειδυνά·

207 2579 352 2634 μεως
386 2563 571 2633 (χωρὶς
602 2561 709 2631 γὰρ
744 2560 919 2631 ψυχῆς
949 2556 1088 2623 είδος
1117 2560 1263 2629 ζωῆς
1290 2559 1391 2613 οὐκ
1434 2559 1501 2613 ἂν
1542 2558 1627 2629 εἴη
1656 2556 1772 2610 πώ-

204 2671 335 2709 ποτε
366 2652 621 2718 καθάπαξ
666 2654 724 2704 ὲν
775 2654 887 2715 τοῖς
933 2651 1038 2704 ὐπὸ
1069 2650 1231 2719 φύσιν
1268 2634 1635 2718 ἀναγομένοις
1679 2649 1774 2701 καὶ

202 2747 304 2815 τῆς
358 2745 610 2816 οὐρανίου
678 2744 835 2815 δῆλον
888 2744 1204 2812 άεικινήτου
1250 2744 1557 2813 περιφορᾶς
1625 2741 1773 2802 ἐντὸς

204 2836 631 2906 διειλημμένοις,
664 2836 751 2890 ἀεὶ
784 2835 840 2889 δὲ
870 2834 1016 2904 ζωῆς
1042 2828 1182 2898 εἶδος
1207 2832 1334 2887 ἄνευ
1365 2832 1540 2903 ψυχῆς
1572 2831 1633 2885 τδ
1670 2850 1774 2884 ἰτα⁹

207 2929 387 3000 ράπαν
404 2927 503 2980 οὐκ
531 2928 647 2979 ἐστι
668 2926 806 2979 κατὰ
834 2928 935 2995 τὴν
961 2925 1182 2995 λογικὴν
1202 2923 1568 2993 ἀκολουθίαν),
1601 2918 1711 2976 οἷον
1730 2923 1775 2975 δ’

207 3022 277 3074 ἂν
306 3017 621 3072 ὑποτίθεσθε
647 3018 790 3086 ζωῆς
841 3012 981 3080 εἶδος
1017 3016 1079 3069 τὺ
1107 3015 1578 3085 καταϐαλλόμενον
1631 3014 1776 3084 ἔχειν

1867 2027 1952 2071 CSl
1988 2025 2440 2073 consentaneum.

1937 2107 1992 2162 Si
2041 2118 2267 2173 autem,
2320 2125 2355 2164 ο
2406 2110 2518 2173 isti,
2550 2109 2637 2165 his
2688 2107 3249 2179 argumentationibus
3282 2121 3440 2161 coar--

1868 2200 1998 2253 ctati
2047 2200 2194 2269 quod
2242 2201 2481 2256 hominis
2534 2190 2856 2272 procreandi
2906 2199 3078 2270 gratia
3139 2198 3441 2254 seminatur

1883 2299 2159 2345 mortuum
2211 2308 2331 2347 esse
2374 2294 2581 2362 negatis
2610 2332 2625 2357 ,
2677 2292 2896 2346 vitalem
2962 2290 3048 2345 vel
3090 2290 3439 2359 quantulam-

1871 2399 2089 2451 cunque
2149 2384 2406 2439 virtutem
2467 2384 2798 2454 participare
2857 2382 3229 2446 allirmantes,
3292 2381 3439 2452 quod

1871 2476 2106 2529 animam
2143 2475 2399 2530 videlicet
2446 2476 2609 2547 hujus
2670 2468 2893 2529 virtutis
2924 2473 3306 2529 communione
3344 2473 3443 2526 ha-

1874 2566 1999 2621 beat
2054 2566 2204 2637 (sine
2264 2568 2447 2622 anima
2485 2569 2630 2623 enim
2666 2550 2816 2622 nulla
2866 2566 3034 2622 semel
3073 2566 3199 2621 vitae
3226 2564 3441 2635 species

1874 2666 1983 2711 tam
2038 2658 2093 2711 in
2162 2659 2244 2713 eis
2307 2674 2547 2728 unquam
2608 2673 2730 2727 qua:
2786 2657 2842 2712 in
2910 2665 3162 2711 naturam
3231 2657 3443 2725 prolata
3534 2642 3537 2643 ⁷

1872 2764 2033 2819 quam
2060 2765 2182 2817 quae
2209 2729 2263 2802 in
2312 2748 2596 2813 orhe.caali
2630 2762 2845 2817 semper
2884 2740 3085 2801 mobile
3119 2746 3266 2800 intus
3291 2760 3442 2799 eon-

1874 2839 2146 2909 prehensa
2183 2850 2338 2919 sunt,
2386 2826 2719 2908 reperiatur,
2777 2853 2841 2893 ac
2895 2853 3112 2908 semper
3145 2839 3272 2893 vitae
3319 2853 3444 2907 spe-

1875 2932 1988 2986 cies
2017 2931 2319 2986 secundum
2354 2931 2584 2986 rationis
2611 2929 3061 3002 consequentiam
3088 2936 3442 3000 exstatpror-

1875 3038 1971 3077 sus
2004 3023 2153 3077 nulla
2204 3022 2311 3076 nisi
2361 3038 2505 3079 cum‘
2538 3022 2778 3094 anima),
2823 3025 3261 3094 qualemcunque
3320 3020 3446 3074 vita:

204 3108 351 3161 κατὰ
408 3108 506 3177 τὴν
569 3106 852 3176 σύλληψιν,
897 3105 1075 3175 ψυχῆς
1119 3121 1265 3168 τινος
1313 3105 1472 3174 μόνον
1532 3103 1774 3176 ἰδιότητα

1880 3114 2118 3185 speciem
2168 3117 2478 3187 suppopitis
2522 3115 2701 3170 inesse
2747 3115 2803 3169 in
2829 3104 3447 3182 c'onceptionis'propa-

203 3199 526 3268 ὲνεφήνατε,
570 3195 895 3265 συστατικὴν
947 3194 1046 3265 μὲν
1069 3195 1169 3265 τῆς
1218 3198 1277 3248 ὲν
1320 3189 1465 3270 ᾗπέρ
1493 3198 1638 3250 ἐστιν
1693 3196 1779 3249 οὐ·

206 3291 333 3351 σίας
388 3287 747 3359 άφοριστικὴν
782 3287 841 3339 δὲ
893 3286 1002 3339 τῶν
1049 3287 1129 3359 μὴ
1173 3288 1433 3342 τοιούτων
1490 3288 1777 3357 διαφοράν.

206 3380 275 3435 Et
303 3376 359 3432 δὲ
377 3376 558 3449 (235
578 3376 631 3446 a)
663 3374 757 3431 καὶ
784 3374 960 3448 ψυχῆν
985 3376 1127 3446 ἔχειν
1146 3377 1207 3431 τὸ
1229 3376 1466 3448 ἔμϐρυον
1494 3375 1615 3446 βίας
1643 3374 1780 3445 πρὸς

205 3473 271 3526 τὸ
292 3473 407 3524 δέον
439 3471 545 3523 ὐπὸ
578 3469 678 3538 τῆς
709 3469 967 3537 ἀληθείας
988 3468 1289 3538 ὠθούμενοι
1315 3467 1522 3535 λέγετε,
1548 3466 1671 3521 τίνα
1720 3482 1781 3518 τε

206 3566 304 3619 καὶ
335 3564 524 3618 ὁποίαν
560 3561 786 3630 ταύτην,
820 3562 914 3614 καὶ⁵
945 3560 1061 3624 πῶς
1089 3560 1531 3632 θεωρουμένηνῆ
1556 3560 1781 3628 λεγομέο

207 3672 329 3724 νην,
358 3655 500 3723 ὑμᾶς
528 3652 708 3720 λέγειν
735 3651 885 3703 ἐστὶν
912 3650 1206 3703 ἀκόλουθόν
1234 3667 1294 3703 τε
1324 3650 1421 3703 καὶ
1452 3651 1779 3722 πρόσφορον.

210 3747 325 3799 Καὶ
357 3747 406 3798 εί
450 3745 548 3814 μὲν
590 3743 759 3814 μόνην
796 3744 897 3812 τὴν
936 3742 1237 3812 θρεπτικὴν
1274 3759 1333 3795 τε
1369 3743 1464 3795 καὶ
1486 3741 1783 3813 αὐξητικὴν

210 3838 356 3907 ιχειν
391 3836 523 3889 αὐτὸ
540 3831 957 3887 διαϐεϐαιοῦσθε
998 3832 1198 3904 ψυχὴν,
1230 3833 1400 3903 φυτοῦ
1435 3850 1575 3897 τινος
1598 3833 1783 3905 δηλον-

208 3932 295 3983 ότι
353 3929 445 3981 xa‘t
487 3929 588 3980 οὐκ
634 3924 925 3997 ἀνθρώπου
962 3923 1043 3994 τῷ
1089 3924 1233 3996 λόγῳ
1280 3924 1452 3995 τούτῳ
1481 3924 1601 3979 καθ’
1638 3925 1784 3994 ὑμᾶς

208 4025 272 4077 τὸ
307 4024 644 4094 τρεφόμενον
677 4022 771 4077 καὶ
800 4021 1096 4092 αὐξόμενον
1126 4020 1281 4075 ἔσται
1313 4021 1492 4091 σῶμα.
1526 4020 1637 4074 Καὶ
1665 4018 1783 4082 πῶς

209 4115 306 4170 τοῦ
329 4115 497 4184 φυτοῦ
523 4115 706 4184 πατὴρ
728 4116 757 4167 ὁ
780 4113 1066 4185 ἄνθρωπος
1089 4112 1241 4166 ἔσται
1272 4113 1501 4165 συνιδεῖν
1529 4113 1629 4165 οὐκ
1652 4112 1780 4181 ἔχω,

214 4198 387 4261 πολλὰ
426 4206 668 4269 σκοπῶν,
700 4204 760 4271 ἐξ
784 4202 1075 4277 ἀνθρώπου
1103 4203 1385 4267 παντελῶς
1405 4203 1466 4255 τὸ
1489 4202 1627 4256 εἶναι
1642 4202 1784 4256 κατὰ

215 4303 377 4370 φύσιν
408 4300 508 4354 οὐκ
537 4299 772 4369 ἔχοντος.
809 4299 869 4351 Εἰ
902 4297 959 4351 δὲ
998 4296 1097 4367 τὴν
1133 4295 1457 4366 αἰσθητικὴν
1496 4296 1662 4367 μόνην
1705 4294 1784 4364 τῷ

215 4394 442 4464 ἔμϐρύῳ
472 4390 807 4464 προσνέμετε
837 4389 1038 4460 ψυχὴν,
1068 4390 1237 4442 ἵππου
1267 4389 1489 4450 πάντως
1530 4388 1563 4457 ἦ
1597 4387 1716 4457 βοὸς
1747 4387 1780 4456 ἢ

1880 3209 2039 3279 gine,
2093 3208 2288 3262 animae
2318 3207 2551 3276 alicujus
2584 3208 2761 3261 solum
2796 3204 3188 3274 proprietatem
3235 3202 3445 3272 signiﬁ-

1881 3302 2066 3364 castis,
2094 3315 2201 3370 qua
2226 3299 2450 3368 quidem
2470 3313 2536 3352 ea
2564 3299 2618 3352 in
2642 3314 2749 3368 qua
2764 3297 2916 3370 linest
2940 3284 3178 3351 es’sentia
3200 3303 3447 3351 struatur

1881 3401 1939 3446 et
1975 3354 2167 3446 eorum
2194 3354 2317 3460 quae
2366 3406 2477 3444 non
2501 3354 2777 3463 ejusmodi
2824 3396 2954 3441 sunt
2980 3387 3288 3443 diil‘erentia
3313 3385 3448 3439 deli-

1882 3472 2226 3537 niaturJam
2252 3496 2384 3536 vero
2402 3482 2567 3535 etiam
2598 3481 2643 3535 si
2663 3479 2925 3549 embryon
2955 3478 3134 3532 anima
3161 3476 3447 3547 praeditum

1881 3589 2002 3629 esse
2032 3590 2063 3628 a
2094 3573 2323 3627 veritate
2345 3573 2521 3627 coacti
2553 3574 2699 3642 (nam
2728 3571 2932 3626 acriter
2959 3586 3057 3625 vos
3094 3584 3290 3638 urgere
3311 3583 3452 3637 opus

1882 3664 1986 3736 est)
2013 3664 2275 3729 statuitis,
2314 3679 2423 3733 qua
2449 3674 2507 3719 et
2538 3664 2685 3733 quali
2712 3663 2835 3726 ista,
2862 3671 2919 3716 et
2952 3660 3227 3747 qupmodo
3262 3660 3450 3714 obser-

1882 3766 2005 3812 vata
2032 3758 2127 3833 aut
2155 3754 2426 3825 appellata
2454 3754 2858 3809 convenienter-
2889 3752 3138 3821 sequitur
3165 3759 3225 3805 ut
3250 3750 3448 3804 docea-

1884 3850 1974 3903 tis.
2028 3846 2206 3916 Atque
2263 3844 2308 3900 si
2362 3844 2533 3898 solam
2583 3843 2715 3898 illud
2771 3842 3052 3897 nutriendi
3105 3850 3161 3915 et
3216 3840 3449 3910 augendi

1883 3939 2120 3993 animam
2150 3935 2355 3990 habere
2377 3932 2680 3997 allirmatis,
2700 3933 2897 4003 planta:
2922 3932 3156 4001 alicujus
3181 3932 3448 4001 profecto,

1883 4044 1991 4084 non
2052 4026 2311 4089 hominis,
2365 4025 2471 4081 hac
2516 4027 2731 4080 ratione
2776 4024 3079 4080 secundum
3122 4039 3222 4077 vos
3250 4038 3453 4093 corpus

1886 4120 2022 4175 illud
2060 4119 2207 4189 quod
2238 4117 2485 4172 nutritur
2531 4126 2588 4172 et
2636 4126 2869 4186 augetur
2902 4117 3028 4171 erit.
3063 4116 3132 4171 Et
3179 4116 3453 4185 quomodo

1884 4212 2084 4283 planta:
2112 4219 2268 4280 pater
2292 4208 2459 4263 homo
2486 4208 2561 4263 sit
2587 4208 2921 4279 intelligere,
2946 4222 3170 4278 quoquo
3195 4206 3454 4283 conside-

1886 4304 2099 4358 ratione
2128 4310 2334 4367 vertor,
2357 4300 2613 4370 equidem
2630 4316 2740 4355 non
2765 4300 2963 4364 habeo,
2989 4314 3115 4355 cum
3141 4299 3209 4354 de
3230 4280 3454 4352 homine

1885 4394 2046 4463 plane
2074 4392 2452 4447 exsistentiam
2492 4391 2795 4446 secundum
2816 4398 3069 4445 naturam
3100 4405 3210 4443 non
3236 4389 3452 4442 haheat.

215 4489 405 4558 ἑτέρου
442 4484 588 4547 τινὸς
623 4482 731 4536 τῶν
770 4482 1043 4553 χερσαίων
1071 4482 1105 4551 ἢ
1128 4481 1389 4551 ἐναερίων
1422 4479 1576 4543 ζώων
1606 4479 1774 4549 ψυχὴν

1888 4486 1946 4540 Si
1999 4494 2188 4540 contra
2229 4484 2534 4539 sensualem
2565 4483 2736 4537 solam
2774 4481 2828 4536 in
2855 4482 3083 4552 embryo
3125 4482 3304 4535 inesse
3338 4480 3457 4532 ani-

215 4576 355 4645 ἔχων
398 4573 741 4643 δειχθήσεται
786 4570 931 4625 κατὰ
980 4571 1079 4642 τὴν
1126 4570 1386 4641 σύλληψιν
1423 4569 1485 4623 τὸ
1527 4569 1774 4640 ἔμϐρυον.

1885 4586 2029 4626 mam
2058 4571 2404 4635 asseveratis,
2435 4570 2563 4639 equi
2599 4570 2759 4640 plane
2793 4569 2879 4625 vel
2916 4569 3073 4624 bovis
3100 4570 3197 4631 [vel
3226 4569 3456 4623 alterius

216 4663 314 4715 καὶ
368 4663 551 4731 πατὴρ
592 4662 695 4714 οὐκ
733 4659 887 4713 ἔσται
931 4661 1073 4714 κατὰ
1120 4660 1284 4728 φύσιν
1329 4658 1619 4730 ἀνθρώπου
1664 4658 1774 4713 καθ

1885 4663 2118 4733 alicujus
2146 4662 2466 4716 animalium
2493 4662 2838 4716 terrestrium
2877 4669 2972 4715 aut
3001 4659 3307 4714 volatilium
3334 4658 3456 4713 ani-

217 4756 362 4825 ὑμᾶς
390 4754 418 4805 ό
449 4752 754 4822 ἄνθρωπος,
791 4752 932 4805 κατὰ
960 4751 1058 4822 τὴν
1091 4752 1316 4826 πρώτην
1344 4752 1623 4805 σύστασινο
1654 4752 1774 4805 άλλὸ

1888 4769 2031 4809 mam
2068 4753 2271 4807 habere
2299 4752 2564 4823 embryon
2590 4751 2658 4806 de
2683 4752 3041 4820 conceptione
3073 4750 3453 4805 manifestabi-

217 4843 388 4915 φυτοῦ
421 4861 589 4907 τινος,
629 4842 809 4905 καθὼς
839 4842 999 4912 ἔφην,
1033 4844 1068 4916 ἢ
1108 4844 1247 4907 ζώου
1270 4844 1381 4897 τῶν
1414 4845 1506 4898 ἐπὶ
1551 4844 1676 4915 γῆς.
1714 4841 1774 4898 Oi

1889 4856 2000 4912 tur,
2036 4862 2099 4901 ac
2123 4845 2425 4900 secundum
2458 4853 2711 4899 naturam
2743 4844 2981 4899 hominis
3026 4859 3127 4913 per
3161 4858 3260 4898 vos
3293 4843 3457 4898 homo

216 4936 273 4989 τί
303 4935 500 5003 γένοιτ’
532 4932 595 4987 ἂν
624 4931 970 5004 ἀτοπώτερον
1000 4932 1034 5004 ἢ
1085 4934 1616 5006 φρενοϐλαϐἐστερον
1643 4952 1657 5001 ;
1710 4935 1774 4988 Ti

1896 4946 2052 5005 pater
2098 4952 2207 4991 non
2262 4934 2408 5000 erit,
2467 4935 2521 4990 in
2580 4935 2752 5004 prima
2798 4933 3304 5003 coagmentatione,
3361 4931 3456 4987 sed

217 5026 330 5096 γὰρ
362 5025 437 5096 μὴ
475 5024 842 5094 συνυπάρχειν
882 5022 1317 5077 διαϐεϐαιοῦσθαι
1358 5028 1424 5095 τῇ
1465 5024 1656 5097 πρώτῃ
1696 5043 1774 5079 συ·

1896 5029 2093 5099 planta:
2138 5026 2370 5096 alicujus
2391 5067 2406 5087 ,
2460 5025 2541 5079 uti
2572 5023 2842 5088 dicebam,
2876 5023 2962 5077 vel
3006 5022 3320 5077 animalium
3352 5031 3460 5076 ter—

220 5120 413 5173 στάσει
434 5116 542 5168 τῶν
569 5116 738 5169 δντων
772 5115 917 5171 κατὰ
944 5113 1044 5187 τὴν
1066 5117 1297 5170 ἑκάστου
1331 5118 1567 5189 φυσικὴν
1599 5118 1774 5185 διαφο‹

1896 5118 2152 5175 restrium
2177 5118 2427 5189 alicujus.
2460 5117 2529 5171 Et
2559 5114 2691 5185 quid
2733 5115 2839 5169 hoc
2874 5123 3019 5169 esset
3043 5114 3335 5168 absurdius
3366 5119 3461 5167 aut

223 5210 326 5279 95w
363 5206 789 5277 άπαραλείπτως
819 5207 946 5269 τοὺς
974 5206 1209 5269 οίκείους
1236 5208 1335 5277 τῆς
1356 5207 1643 5278 ὑπάρξεως
1671 5210 1774 5277 ὀρι·

1896 5208 2204 5264 amentius?
2234 5207 2354 5262 Non
2379 5206 2526 5261 enim
2569 5205 2904 5260 coexsistere
2942 5205 3102 5274 plene
3131 5219 3254 5258 cum
3283 5203 3461 5273 prima

223 5299 417 5367 σμοὺς,
455 5297 645 5367 φύρειν
668 5298 817 5350 ἐστὶν
857 5298 935 5360 είς
966 5297 1170 5368 ἄλληλα
1199 5296 1269 5351 τά
1306 5298 1503 5362 πάντα,
1550 5299 1645 5351 καὶ
1687 5316 1774 5368 μηι

1892 5317 2084 5359 eorum
2113 5316 2235 5370 qua:
2274 5308 2401 5354 sunt
2444 5297 2841 5367 compositione
2886 5312 2987 5366 pro
3027 5295 3462 5365 uniuscujusque

220 5388 310 5439 δὲν
340 5385 481 5441 εἶναι
514 5389 719 5458 κυρίως
745 5389 854 5443 τῶν
880 5388 1051 5443 ὄντων
1076 5390 1213 5459 ὅπερ
1235 5390 1349 5449 Em!
1372 5408 1431 5442 τε
1458 5391 1550 5443 καὶ
1572 5391 1767 5459 λέγετα

1892 5392 2129 5449 naturali
2155 5389 2461 5445 diﬂ'crcntia
2492 5388 2741 5458 preprios
2762 5386 3047 5442 exstantia:
3080 5385 3216 5439 ﬁnes
3240 5398 3461 5438 asseve-

222 5478 676 5551 διισχυρίζεσθαι.
716 5481 827 5534 Καὶ
867 5480 925 5533 τὸ
962 5480 1028 5551 δὴ
1063 5481 1248 5551 μεῖζον
1300 5480 1492 5545 κακὸν,
1536 5481 1774 5553 διαϐολῆς

1895 5497 2036 5547 rare,
2068 5481 2173 5535 hoc
2224 5479 2407 5536 omnia
2457 5478 2599 5535 inter
2648 5494 2707 5534 se
2736 5476 3073 5533 confundere
3121 5482 3239 5541 est,
3294 5480 3458 5543 atque

1521 5644 1601 5699 γΑ
1611 5646 1754 5703 ΙιΙιιΕ
1790 5644 2195 5704 LECTIONES.

299 5752 344 5788 ⁸³
372 5754 448 5825 τῷ
482 5753 642 5812 habet
673 5756 1042 5829 apographum
1070 5756 1191 5814 cod.
1224 5757 1478 5814 Gudiani.
