4192 6434
779 373 795 434 Ξ
807 376 910 436 339

1968 384 2025 437 2³.
2074 382 2359 439 λῖιὶῖξλίἰ
2399 381 2540 439 (203
2553 382 2741 439 FESS‘
2760 383 2909 439 iiiiS

3904 381 4026 443 13ft}

769 506 959 542 eorum
990 507 1112 560 qua:
1156 504 1365 548 cxstch
1413 496 1625 548 unitum
1679 492 1729 544 ιδ
1772 490 1991 559 proprie
2032 507 2151 544 esse
2201 506 2334 557 quor

2456 492 2553 559 τῆς
2589 492 2741 553 θείας
2792 490 2983 557 σοφίας
3020 506 3076 539 τε
3129 492 3220 541 καὶ
3275 491 3557 560 iuvante);
3614 491 3870 560 ἀρίδηλον
3918 495 4027 560 ἔχεν

768 592 851 633 ρει
877 582 1165 639 ailirmare.
1203 587 1267 639 Et
1293 587 1514 655 gravius
1557 586 1780 643 malum,
1820 582 2019 635 nitina:
2061 582 2344 649 sapientia:

767 684 819 724 at
847 690 932 740 me
964 677 1248 742 potestatis
1270 676 1603 729 calumniam
1640 674 1931 727 maximam
1970 672 2263 725 manifesto
2290 672 2341 725 id

768 764 1050 815 continere
1075 763 1416 831 probabitur.
1448 766 1583 819 Nam
1605 763 1651 816 si
1669 763 1926 816 omniane
1948 761 2345 830 quequomodo

765 855 1162 908 exsistentibus
1190 866 1482 925 antequam
1519 863 1886 921 procreentor
1915 852 2217 905 secundum
2246 852 2340 905 Dei

767 946 1248 1013 praeoguitionem
1309 946 1533 1016 propria
1589 946 1733 998 inest
1788 944 2003 996 ratione
2055 944 2341 1012 perfectio,

764 1044 991 1103 apparet
1021 1038 1167 1104 quod
1202 1038 1367 1091 etiam
1418 1037 1580 1090 simul
1608 1052 1732 1089 cum
1777 1034 2099 1088 exsistcntia
2147 1050 2343 1087 secun-

764 1126 893 1179 dum
929 1130 1206 1197 propriam
1231 1130 1498 1183 rationem
1519 1130 1573 1181 iu
1590 1128 1858 1197 originem
1898 1126 2161 1196 producta
2184 1133 2343 1194 plene

766 1220 880 1286 ipsa
917 1222 1115 1273 virtute
1138 1235 1195 1274 et
1216 1222 1431 1275 actione
1459 1221 1742 1274 habebunt
1780 1218 2193 1288 perfectionem.
2224 1216 2342 1271 Jam

764 1311 807 1361 si
840 1313 1105 1377 perfectio
1137 1313 1282 1366 inest
1312 1312 1613 1367 secundum
1637 1311 1729 1365 Dei
1762 1310 2249 1381 przecognitionem
2286 1310 2340 1363 in

767 1404 930 1456 rebus
948 1406 1360 1467 cxsistentibus,
1391 1404 1484 1458 sed
1514 1403 1857 1472 imperfectio
1890 1401 2193 1455 secundum
2219 1417 2344 1470 pro-

762 1496 1076 1550 ductionem
1124 1498 1178 1550 in
1212 1496 1587 1551 exsisteutiam
1618 1506 1675 1550 et
1710 1497 2005 1564 originem,
2062 1496 2123 1549 iit
2158 1505 2255 1549 aut
2286 1505 2346 1548 ut

766 1603 873 1639 tam:
899 1588 1011 1656 ipsa
1045 1589 1135 1642 illa
1172 1590 1434 1655 sintquze
1486 1588 1818 1657 praecognita
1869 1596 2033 1651 sunt,
2083 1588 2178 1640 sed
2237 1587 2343 1640 alia

765 1695 864 1745 pro
886 1679 1029 1741 aliis,
1060 1688 1149 1733 aut
1185 1688 1244 1733 ut
1279 1678 1495 1749 opiiicis
1527 1679 1632 1731 hoc
1668 1678 1740 1731 sit
1777 1678 2063 1731 manifesta
2100 1676 2345 1730 imbecil-

766 1769 896 1823 litas
929 1780 1095 1838 atque
1127 1779 1343 1838 aperta,
1370 1786 1493 1823 cum
1520 1769 1666 1838 quod
1708 1769 2012 1823 secundum
2044 1766 2343 1838 praecogni-

2449 582 2717 651 μεγίστην
2773 582 2991 642 παντως
3043 581 3409 649 δειχθήσεται.
3462 583 3521 633 Ei
3582 584 3692 649 γὰρ
3730 584 3913 635 πέντε
3965 590 4027 636 τα

2444 672 2695 724 ὁπωσοῦν
2722 672 2853 724 ὄντα
2903 673 3010 741 πρὸ
3071 674 3338 739 γενέσεως
3376 673 3558 724 αὐτῶν
3587 674 3728 724 δια-,ὲ
3770 674 3870 741 τὴν
3912 677 4026 743 rpi-

2444 780 2650 831 γνωσιν
2681 764 2779 815 τοῦ
2817 762 2956 815 Θεοῦ
2988 763 3067 833 τῷ
3097 765 3285 832 οἰκείῳ
3332 766 3477 833 λόγῳ
3524 765 3586 816 τὸ
3635 765 3846 815 τέὶειον
3896 766 4023 831 ξχέι,

2444 858 2692 927 δηλονότι
2725 858 2821 909 καὶ
2870 859 2988 926 ἅμα
3017 858 3097 927 τῷ
3135 855 3274 911 εἶναι
3334 861 3479 912 κατὰ
3527 860 3621 911 τὸν
3676 861 3812 911 ἴδιον
3870 860 4025 925 λόγον

2443 952 2582 1019 πρὸς
2622 952 2840 1016 γένεσιν
2872 953 3233 1021 παραγόμενα
3280 951 3708 1021 ἁπαραλείπτως
3758 953 3900 1019 αὐτῇ
3966 956 4024 1018 τῇ

2442 1040 2696 1110 ἐνεργείᾳ
2718 1040 2777 1092 τὸ
2809 1040 3017 1093 τέλειον
3041 1042 3174 1107 ἔξει.
3215 1044 3277 1094 ΕΞ
3302 1042 3359 1094 δὲ
3388 1043 3451 1094 τὸ
3491 1044 3592 1113 μὲν
3633 1045 3847 1097 τέλειον
3889 1050 4026 1097 κατα

2441 1131 2539 1202 τὴν
2560 1132 2870 1199 πρόγνωσιν
2893 1132 3005 1202 ἔχει
3040 1134 3111 1184 τα
3139 1134 3289 1197 ὄντα,
3321 1136 3461 1187 κατὰ
3482 1136 3538 1187 δὲ
3565 1136 3665 1205 τὴν
3688 1138 3769 1198 εἰς
3797 1139 3860 1189 τὸ
3891 1135 4025 1189 εἶναι

2445 1225 2790 1292 παραγωγήν
2827 1241 2886 1276 τε
2918 1224 3014 1276 καὶ
3040 1224 3255 1291 γένεσιν
3292 1226 3354 1277 τὸ
3386 1227 3597 1288 ἀτελὲς,
3652 1228 3685 1295 ἢ
3734 1228 3839 1280 οῦκ
3890 1230 4024 1281 αὐτὰ

2442 1315 2628 1365 ἐκεῖνα
2668 1313 2917 1365 ἔσταιτά
2966 1315 3413 1383 προγνωσθέντα,
3467 1316 3585 1369 ἀλλ’
3640 1318 3765 1369 καθ’
3821 1319 4027 1387 ἑτέρων

2444 1407 2628 1473 ἔτερα,
2666 1404 2699 1472 ἢ
2754 1404 2849 1457 τοῦ
2893 1406 3230 1475 δημιουργοῦ
3267 1407 3534 1477 πρόδηλος
3580 1410 3834 1462 ἀσθένεια
3875 1410 4027 1461 τοῦτο

2443 1493 2511 1547 ἂν
2547 1493 2633 1563 εἴη
2670 1495 2762 1547 καὶ
2808 1496 3009 1563 σαφὴς,
3066 1498 3141 1566 μὴ
3186 1498 3509 1566 δυνηθέντος
3554 1500 3694 1551 κατὰ
3744 1501 3847 1568 τὴν
3899 1503 4027 1569 πρό-

2445 1602 2647 1652 γνωσιν
2680 1587 2741 1638 τὸ
2782 1588 3133 1658 προγνωσθὲν
3160 1588 3374 1658 ἀθρόως
3402 1592 3517 1659 ἅμα
3546 1595 3611 1661 τῇ
3640 1593 3854 1658 γενέσει
3886 1594 4023 1645 κατὰ

2443 1676 2541 1747 τὴν
2565 1676 2855 1747 ἐνέργειαν
2884 1678 3065 1749 (235
3104 1680 3155 1747 b)
3190 1680 3267 1742 ὡς
3302 1676 3441 1734 εἶναι
3493 1684 3702 1751 πέφυκε
3740 1684 3888 1736 κατὰ
3931 1686 4025 1753 τὴν

2442 1768 2655 1832 οὐσίαν,
2682 1772 3032 1840 παραστῆσαι
3062 1774 3171 1841 πλη
3179 1772 3458 1841 ρὲστατον.

764 1863 968 1914 tionem
1012 1869 1416 1930 przecognosset
1464 1862 1648 1916 statim
1677 1876 1784 1915 una
1830 1877 1954 1916 eum
1989 1860 2342 1931 generatione
2380 1861 2687 1915 secundum
2745 1862 3009 1917 virtutem
3035 1872 3092 1918 et
3122 1864 3416 1929 actionem,
3454 1866 3528 1919 ita
3560 1873 3621 1919 ut
3655 1867 4026 1921 essentialiter

760 1964 1135 2021 comparatum
1189 1962 1295 2018 est,
1368 1954 1682 2024 plenissime
1748 1962 2143 2023 reprazscntare
2224 1967 2333 2006 non
2373 1961 2577 2020 posset.

832 2044 963 2109 Qua:
985 2046 1208 2112 quidem
1236 2054 1558 2115 argumenta
1588 2045 2011 2100 reformidantes
2046 2045 2090 2099 si
2115 2044 2181 2098 ad
2204 2043 2334 2099 illud

2522 2045 2583 2097 Εἰ
2641 2046 2700 2099 δὲ
2754 2046 2979 2110 τούτους
3030 2046 3372 2117 ὑφορώμενοι
3430 2048 3559 2111 τοὺς
3620 2049 3879 2117 ἐλέγχους
3936 2050 4025 2101 ἐπ’

760 2146 1065 2190 extremum
1094 2137 1412 2207 confugitis,
1460 2138 1710 2208 iniquum
1742 2154 1866 2193 esse
1890 2138 2136 2193 dicentes
2191 2136 2339 2206 quod

764 2230 942 2297 imago
969 2240 1133 2298 atque
1157 2245 1281 2299 pars
1305 2229 1492 2283 divina
1521 2230 1973 2299 (intellectualem
2000 2230 2073 2283 ita
2097 2229 2341 2299 appella-

765 2320 835 2374 tis
876 2321 1136 2391 animam)
1165 2338 1291 2375 cum
1323 2323 1562 2376 ﬂuxionc
1591 2332 1755 2392 atque
1802 2322 2027 2377 sordida
2060 2324 2339 2392 voluptate

760 2416 1077 2477 coexsistat,
1108 2424 1163 2470 ct
1187 2414 1473 2470 honestius
1496 2431 1613 2471 esse
1657 2416 2006 2470 statuendum
2054 2424 2174 2485 post
2203 2432 2340 2484 qua-

761 2508 1011 2577 draginta
1032 2507 1418 2576 conceptionis
1456 2507 1578 2561 dies
1606 2507 1875 2561 insinuari
1912 2508 2089 2568 illam,
2130 2517 2340 2561 natura:

760 2598 1011 2667 opificem
1038 2607 1223 2667 aperte
1251 2598 1573 2653 calumniari
1615 2600 1957 2662 videbimini,
2001 2600 2337 2670 argucmini-

760 2708 869 2761 que
905 2691 1051 2761 quod
1101 2690 1439 2745 horrendum
1482 2692 1835 2760 blasphemia:
1879 2692 2063 2760 huius,
2093 2708 2215 2760 qum
2245 2708 2340 2762 pa-

761 2786 869 2839 lam
907 2794 1027 2847 est,
1066 2784 1373 2853 periculum
1428 2798 1536 2837 non
1583 2794 1790 2837 temere
1841 2784 2058 2836 subitis.
2105 2784 2241 2837 Nam
2291 2784 2335 2837 si

760 2876 1178 2930 matrimonium
1201 2876 1406 2929 malum
1433 2882 1541 2937 est,
1570 2875 1707 2927 mala
1731 2885 1837 2938 est,
1866 2884 1925 2928 ut
1955 2884 2199 2943 apparet,
2242 2892 2339 2929 na-

760 2967 951 3021 turalis
979 2982 1200 3036 quoque
1229 2966 1628 3036 procreationis
1663 2966 1747 3019 lex
1774 2982 1787 3018 :
1812 2974 1865 3019 et
1896 2966 1941 3019 si
1974 2966 2114 3019 mala
2161 2976 2245 3020 est
2272 2982 2336 3021 ea

756 3057 1027 3111 naturalis
1069 3056 1474 3126 procreationis
1511 3058 1617 3120 lex,
1668 3058 1834 3111 etiam
1865 3057 1911 3112 is
1949 3057 2205 3111 videlicet
2241 3058 2335 3127 qui

757 3156 1009 3202 naturam
1046 3148 1248 3211 effecit,
1286 3162 1350 3201 ac
1386 3148 1558 3216 legem
1610 3147 1934 3215 procreandi
1971 3147 2022 3201 ei
2062 3146 2240 3211 dedit,
2280 3148 2335 3201 in

756 3239 977 3292 malitia:
1009 3238 1154 3307 apud
1207 3254 1306 3293 vos
1346 3237 1555 3291 crimen
1607 3238 1731 3306 jure
1785 3238 2053 3292 incurret.
2104 3237 2171 3291 Et
2203 3238 2333 3307 quid

757 3330 1082 3385 Manichacus
1107 3338 1163 3383 et
1214 3329 1579 3397 antiquiores,
1623 3330 1667 3382 si
1721 3330 1797 3382 ita
1834 3338 1954 3391 est,
2006 3328 2332 3383 aversamini

2441 2138 2619 2191 ἐκεῖνο
2657 2138 3031 2207 καταφύγοιτε
3088 2138 3419 2203 τελευταῖον,
3466 2140 3769 2207 φάσκοντες
3824 2141 3903 2208 μὴ
3947 2140 4020 2191 δί-

2440 2246 2597 2281 καιον
2625 2225 2767 2282 εἶναι
2793 2230 2855 2281 τὸ
2882 2230 3004 2281 κατ’
3036 2230 3223 2282 εἰκόνα
3252 2228 3389 2282 θεοῦ
3421 2230 3516 2282 καὶ
3554 2229 3700 2282 θεῖον
3735 2228 3905 2295 (οὕτω
3930 2230 4027 2298 τὴν

2439 2317 2633 2386 νοερὰν
2663 2318 2952 2381 καλοῦντες
2994 2318 3195 2388 ψυχὴν)
3222 2318 3407 2388 ρεύσει
3452 2319 3549 2371 καὶ

2441 2411 2824 2481 συνυπάρχειν,
2855 2412 2993 2481 μετά
3020 2411 3077 2463 δὲ
3120 2411 3220 2473 τὰς
3258 2411 3671 2483 τεσσαράκοντα
3698 2412 3798 2480 τῆς
3834 2411 4028 2479 συλλή·

2437 2501 2584 2571 ψεως
2610 2504 2823 2573 ἡμέρας
2866 2502 3316 2571 ὲπεισκρίνεσθαι
3358 2502 3544 2571 λέγειν
3581 2502 4025 2572 εὐσχημονέστε-

2440 2610 2532 2664 ρον
2562 2594 2775 2647 οἰεσθαι
2802 2594 2939 2655 δεῖν,
2969 2594 3065 2646 τὸν
3091 2596 3192 2664 τῆς
3223 2594 3438 2663 φύσεως
3468 2593 3809 2664 δημιουργὸν
3836 2593 4027 2660 σαφῶς

2438 2684 2755 2755 αἰτιώμενοι
2784 2684 3118 2754 φανήσεσθε,
3150 2686 3243 2738 καὶ
3278 2686 3371 2737 τὸν
3414 2684 3665 2738 ἐντεῦθεν
3695 2685 3799 2753 τῆς
3861 2684 4021 2753 βλασ-

2436 2777 2649 2847 φημίας
2697 2777 3136 2846 ἀναφαινόμενον
3189 2777 3414 2840 εἰκότως
3451 2777 3745 2848 ὑπέχοντες
3788 2777 4027 2847 φοϐερὸν

2434 2869 2786 2939 δειχθήσεσθε
2819 2868 3084 2923 κίνδυνον.
3112 2869 3173 2921 ΕΞ
3205 2868 3313 2939 γαρ
3344 2869 3513 2931 κακὸς
3540 2872 3569 2921 ό
3590 2870 3792 2937 γάμος,
3826 2869 4023 2936 δηλον-

2435 2962 2518 3015 ότι
2576 2962 2669 3014 καὶ
2707 2961 2737 3012 ό
2767 2961 2912 3014 κατὰ
2946 2960 3110 3029 φύσιν
3141 2960 3241 3029 τῆς
3280 2959 3550 3028 γενέσεως
3594 2959 3757 3029 νόμος
3798 2976 3814 2989 ο
3872 2960 3925 3011 εἰ
3969 2959 4026 3011 δὲ

2437 3052 2608 3116 κακὸς
2638 3054 2666 3105 ό
2696 3052 2937 3115 τοιοῦτος
2970 3050 3073 3120 τῆς
3102 3051 3244 3104 κατὰ
3294 3050 3461 3119 φύσιν
3511 3052 3780 3119 γενέσεως
3826 3051 4022 3121 νόμος.

2434 3145 2463 3195 ό
2493 3143 2592 3213 τὴν
2630 3143 2791 3213 φύσιν
2845 3143 3089 3214 δηλονότι
3142 3142 3487 3212 πεποιηκὼς.
3550 3143 3646 3194 καὶ
3696 3143 3824 3204 δοὺς
3878 3144 4025 3211 αὐτῇ

2436 3234 2599 3304 νόμον
2654 3234 2947 3301 γενέσεως,
3000 3234 3227 3296 δικαίως
3264 3232 3330 3286 ἂν
3356 3232 3481 3285 καθ’
3515 3235 3664 3303 ἡμᾶς
3696 3234 4025 3301 αἰτιαθήσε-

2435 3341 2545 3376 ται.
2571 3325 2679 3377 Καὶ
2710 3324 2764 3376 τί
2788 3324 2919 3387 τοὺς
2949 3324 3058 3377 ἀπὸ
3089 3323 3369 3386 Μάνεντος
3396 3324 3492 3375 καὶ
3531 3322 3661 3385 τοὺς
3707 3322 3817 3393 πρὸ
3848 3322 4025 3375 αὑτοῦ

757 3420 1065 3482 lueretieos,
1098 3428 1322 3489 propter
1361 3419 1500 3472 hanc
1535 3418 1773 3487 quodam
1810 3418 1994 3481 modo,
2024 3428 2079 3473 et
2116 3419 2331 3473 unicam

2434 3416 2769 3484 αἱρετικοὺς,
2817 3416 3026 3484 ταύτης
3050 3414 3214 3467 ἕνεκα
3260 3413 3466 3484 τρόπον
3521 3413 3646 3466 τινὰ
3696 3414 3792 3467 καὶ
3849 3414 4029 3483 μόνης

753 3526 973 3565 causam
994 3510 1106 3565 duo
1138 3511 1411 3579 principia
1444 3510 1844 3564 substitueutes
1874 3510 2158 3579 Deumque
2212 3510 2333 3563 uni-

756 3617 1039 3657 versarum
1078 3617 1265 3655 rerum
1313 3601 1684 3670 abnegantes,
1728 3612 2017 3669 postquam
2052 3616 2151 3655 vos
2186 3601 2333 3669 ipsos

754 3694 899 3749 idem
921 3694 1065 3763 quod
1098 3693 1201 3755 illi,
1222 3694 1325 3747 etsi
1350 3707 1459 3747 non
1483 3708 1580 3761 per
1609 3692 1826 3755 eadem,
1863 3701 2106 3746 statuere
2131 3692 2331 3761 depre-

754 3786 1068 3840 hendistis?
1093 3784 1250 3851 Quod
1280 3786 1324 3838 si
1365 3785 1698 3855 ltacpropter
1723 3785 2054 3839 eoexsistere
2082 3801 2180 3855 per
2198 3801 2333 3840 con-

752 3880 1065 3947 ceptionem
1106 3893 1231 3931 cum
1293 3893 1525 3946 corpore
1578 3877 1817 3930 animum
1884 3877 2210 3931 rationalem
2274 3887 2331 3931 et

752 3971 1177 4025 intellectualem
1223 3970 1453 4039 pudoris
1502 3978 1652 4023 metu
1702 3970 1889 4023 dicere
1946 3969 2218 4039 refugitis,
2258 3987 2329 4024 ne

752 4067 877 4127 post
926 4059 1291 4128 quadraginta
1339 4059 1564 4129 quidem
1622 4058 1763 4121 dies,
1812 4076 1913 4113 nec
1947 4070 2071 4128 post
2128 4075 2326 4115 novem

750 4150 1094 4219 graviditatis
1142 4164 1380 4214 menses,
1422 4164 1523 4203 nec
1556 4160 1681 4219 post
1709 4151 1879 4219 ipsam
1912 4160 2099 4219 partus
2123 4150 2327 4204 editio-

752 4254 900 4303 nem,
962 4249 1089 4294 ante
1147 4238 1513 4309 quadraginta
1568 4239 1915 4309 purgationis
1948 4239 2067 4294 dies
2106 4249 2326 4310 partum

752 4332 958 4386 habere
1016 4333 1339 4386 rationalem
1384 4342 1550 4401 atque
1602 4333 2034 4386 intellectualem
2088 4332 2324 4385 animam

748 4421 935 4475 dicere
969 4421 1265 4475 audebitis.
1323 4422 1467 4475 Intra
1518 4422 1623 4476 hoc
1666 4423 1812 4476 enim
1846 4431 2061 4491 tempus
2107 4423 2174 4476 ad
2230 4424 2324 4477 Ι)ρί

752 4511 1016 4578 templum
1049 4511 1319 4566 accedere
1344 4512 1539 4565 infanti
1563 4528 1671 4566 non
1697 4513 1849 4575 licet,
1877 4513 2083 4583 quippe
2109 4514 2326 4583 impuro

749 4601 1057 4655 secundum
1095 4603 1232 4673 legis
1280 4603 1644 4657 sanctionem.
1680 4604 1758 4657 lta
1806 4605 2085 4673 reliquum
2132 4614 2219 4659 est
2267 4616 2325 4659 ut

2431 3507 2531 3575 τῆς
2563 3507 2766 3572 αἰτίας,
2797 3507 2893 3560 δύο
2915 3506 3092 3578 ἀρχὰς
3125 3507 3633 3578 ὑποστησαμένους,
3662 3507 3759 3559 καὶ
3795 3507 3892 3559 τὸν
3934 3508 4030 3559 ἐπὶ

2432 3598 2651 3650 πάντων
2703 3597 2838 3651 Θεὸν
2902 3599 3362 3669 ἀρνησαμένους,
3411 3597 3902 3668 ἀποστρεφόμεθα,
3966 3600 4030 3652 τὸ

2430 3689 2563 3742 αὐτὸ
2587 3689 2867 3758 λέγοντας,
2898 3691 2947 3742 εἰ
2975 3691 3069 3743 καὶ
3104 3690 3179 3761 μὴ
3210 3690 3302 3742 διὰ
3333 3689 3443 3742 τῶν
3479 3689 3683 3754 αὐτῶν,
3732 3691 3832 3743 καὶ
3874 3690 4029 3759 ὑμᾶς

2430 3780 2758 3851 εύρηκότεςς
2795 3782 2855 3833 Εἰ
2883 3781 2940 3833 δὲ
2970 3782 3173 3850 ταύτης
3200 3782 3364 3833 ’ἑνεκα
3389 3781 3491 3850 τῆς
3522 3782 3702 3844 αἰτίας
3733 3784 4028 3852 συνυπάρ-

2430 3889 2545 3941 χειν
2573 3872 2649 3943 τῷ
2680 3873 2892 3943 σώματι
2920 3873 3061 3925 κατὰ
3089 3874 3190 3943 τὴν
3222 3872 3487 3944 σύλληψιν
3523 3873 3625 3943 τὴν
3675 3873 3910 3942 λογικήν
3964 3892 4027 3926 τε

2430 3966 2523 4016 καὶ
2549 3966 2742 4035 νοεραν
2764 3967 2943 4036 ψυχὴν
2962 3966 3141 4035 λέγειν
3173 3967 3241 4019 δι’
3262 3966 3525 4037 αἰσχύνης
3555 3966 3842 4021 εὐλάϐειαν
3872 3985 4029 4036 παρ-

2428 4056 2668 4108 αιτεῖσθε
2712 4058 2849 4128 μηδὲ
2912 4056 3050 4127 μετὰ
3097 4058 3508 4128 τεσσαράκοντα
3565 4059 3817 4128 ἡμέρας,
3878 4061 4026 4127 μήτε

2431 4148 2571 4218 μετᾶ
2599 4147 2690 4200 τὸν
2718 4149 3136 4218 ἐννεαμηνιαίον
3160 4150 3261 4219 τῆς
3291 4150 3594 4219 κυοφορέας
3618 4151 3835 4221 χρόνον,
3877 4154 4023 4220 μήτε

2431 4241 2537 4311 μὴν
2574 4241 2714 4311 μετὰ
2746 4241 2837 4294 τὸν
2865 4241 3045 4305 τόκον,
3079 4242 3185 4313 πρὸ
3222 4242 3332 4295 τῶν
3374 4249 3428 4311 μ’
3456 4242 3678 4312 ἡμερῶν
3704 4242 3802 4295 τοῦ
3843 4245 4027 4297 καθα-

2430 4331 2628 4403 ρισμοῦ
2669 4332 2835 4398 φάναι
2873 4331 3171 4402 τολμήσετε
3222 4334 3283 4386 τὸ
3322 4334 3585 4403 γεννηθὲν
3610 4334 3759 4404 ἔχειν
3784 4338 3894 4407 τὴν
3928 4338 4026 4389 λο-

2428 4426 2591 4492 γικήν
2617 4441 2676 4475 τε
2721 4424 2815 4475 καὶ
2862 4423 3056 4493 νοεράν
3111 4425 3313 4494 ψυχήν.
3363 4426 3437 4477 Ού
3478 4426 3587 4493 γὰρ
3636 4426 3910 4494 προσιτὸν
3944 4429 4028 4496 τῷ

2426 4516 2539 4584 ναῷ
2563 4516 2655 4567 τοῦ
2689 4515 2825 4567 θεοῦ
2859 4516 2998 4578 τέως
3023 4516 3139 4568 ἐστί
3161 4516 3223 4569 τὸ
3246 4517 3459 4585 τεχθὲν,
3483 4516 3559 4579 ὡς
3592 4516 3917 4586 ἀκάθαρτον
3946 4520 4028 4587 τῷ

2427 4609 2576 4677 νόμῳ
2612 4606 3003 4677 διοριζόμενον.
3043 4608 3131 4671 Ὠς
3156 4607 3347 4660 λοιπὸν
3380 4609 3542 4677 μέχρι
3573 4608 3672 4675 τῆς
3717 4608 3833 4661 τῶν
3874 4611 4027 4679 ἡμεο

749 4699 878 4745 ante
907 4691 1027 4746 dies
1073 4693 1414 4761 purgationis
1442 4695 1750 4763 completos
1781 4703 1972 4763 partus
2014 4710 2117 4748 nec
2152 4697 2321 4749 ratio-

2434 4700 2539 4768 ρῶν
2579 4698 2673 4751 τοῦ
2715 4699 3057 4769 καθαρισμοῦ
3095 4698 3544 4769 συμπληρώσεως
3603 4701 3679 4769 μὴ
3735 4700 3892 4767 ἔχειν
3962 4702 4027 4753 τδ

750 4783 929 4836 ualent
981 4797 1084 4837 nec
1132 4784 1562 4837 intellectualem
1594 4784 1833 4838 animam
1880 4786 2084 4840 habere
2122 4802 2321 4840 secun-

746 4872 879 4924 dum
914 4874 1413 4940 argmnentationis
1446 4874 1893 4943 probabilitatem
1936 4877 2166 4945 putetis,
2202 4878 2319 4941 sed,

747 4975 807 5017 ut
853 4965 1015 5032 paulo
1042 4976 1204 5020 antea
1258 4966 1393 5030 dixi,
1453 4970 1659 5025 habere
1705 4972 1944 5025 animam
1982 4974 2200 5043 planitie,
2228 4985 2323 5028 aut

747 5055 1086 5108 irrationalis
1119 5056 1371 5111 animalis
1418 5060 1651 5130 alicujus
1704 5062 1773 5115 de
1830 5079 2062 5118 numero
2124 5081 2319 5118 eorum

743 5160 868 5213 qua:
905 5162 1088 5199 rerum
1120 5157 1317 5202 natura
1348 5152 1787 5220 comprehendit.
1827 5154 2150 5226 Cujusmodi
2197 5157 2319 5226 opi-

747 5237 928 5291 nionis
984 5239 1029 5291 si
1084 5239 1221 5295 forte
1272 5240 1400 5295 inde
1428 5239 1783 5300 occasionem
1816 5248 2133 5316 sumpsistis
2169 5250 2317 5318 quod

747 5342 976 5398 magnus
1003 5328 1215 5399 Moyses
1249 5332 1470 5402 scripsit
1499 5335 1568 5388 ab
1597 5350 1665 5389 eo
1700 5352 1897 5405 poenas
1932 5353 2043 5391 non
2069 5354 2191 5393 esse
2227 5356 2318 5394 re-

746 5420 1009 5487 petendas
1060 5423 1153 5491 qui
1188 5424 1468 5491 gravidam
1509 5427 1798 5482 mulierem
1830 5429 2146 5495 cecidisset,
2195 5443 2323 5487 ante

742 5510 1106 5582 quadraginta
1166 5514 1285 5569 dies
1335 5518 1378 5570 si
1425 5527 1652 5588 pr0pter
1693 5521 1905 5590 plagam
1957 5524 2223 5594 embryon
2266 5526 2320 5581 in

744 5600 922 5655 lucem
960 5602 1169 5667 ederet,
1205 5605 1491 5661 sciendum
1538 5618 1622 5663 est
1662 5611 1807 5679 quod
1858 5614 2081 5682 sapiens
2110 5616 2324 5687 Moyses

746 5708 853 5745 non
891 5694 1169 5749 rationalis
1200 5698 1271 5750 ibi
1308 5699 1502 5754 animae
1540 5702 1592 5755 in
1628 5718 1827 5771 corpus
1867 5705 2312 5775 ingrcssum,sc-J

746 5781 1040 5850 perfectura:
1061 5788 1161 5841 sati
1190 5789 1567 5858 figurationem
1601 5794 1810 5850 absolvi
1840 5797 1983 5851 intra
2017 5798 2070 5853 id
2098 5808 2314 5863 tempus

2426 4791 2746 4859 τικτόμενον
2778 4789 2879 4858 τὴν
2908 4788 3143 4859 λογικήν
3176 4807 3237 4841 τε
3268 4790 3363 4841 καὶ
3408 4790 3603 4860 νοερᾶν
3645 4788 3828 4858 ψυχὴν
3874 4793 4028 4843 κατὰ

2428 4883 2517 4936 τὸν
2543 4882 2731 4935 εἰκότα
2767 4881 2927 4949 λόγον
2960 4882 3231 4947 ὑπονοεῖν,
3265 4881 3401 4936 ἀλλά
3436 4898 3601 4944 τινος,
3630 4881 3707 4944 ὡς
3750 4880 3901 4950 ἔφην
3934 4901 4030 4949 μι-

2430 4975 2549 5045 κρῷ
2573 4975 2827 5047 πρόσθεν,
2855 4974 3025 5043 φυτοῦ
3050 4975 3083 5044 ἢ
3116 4973 3256 5038 ζὼου
3290 4972 3489 5042 ἀλόγου
3518 4973 3625 5025 τῶν
3653 4975 3712 5026 ὲν
3733 4976 3857 5035 τοῖς
3896 4973 4026 5026 οὖσι

2427 5067 2848 5137 διειλημμένων.
2889 5068 2952 5119 Εἰ
3008 5066 3065 5119 δὲ
3095 5066 3369 5135 πρόφασις
3407 5065 3594 5136 (236
3629 5064 3686 5134 α)
3740 5064 3883 5133 ὑμῖν
3925 5065 4024 5119 τοῦ

2425 5160 2668 5213 τοιούτου
2702 5160 2864 5229 λόγου
2896 5159 3204 5230 καθέστηκε
3229 5161 3291 5212 τδ
3316 5161 3651 5231 γεγραφέναι
3693 5159 3789 5212 τὸν
3836 5160 4025 5229 μέγαν

2425 5253 2685 5321 Μωῡσῆν,
2708 5251 2864 5313 δίκας
2897 5250 2971 5321 μὴ
3017 5251 3371 5305 ἀπαιτεῖσθαι
3421 5251 3516 5305 τὸν
3574 5251 3869 5320 πλήξαντα
3923 5253 4025 5321 τὴν

2424 5342 2797 5413 κυοφοροῦσαν
2824 5346 3087 5410 γυναῖκα,
3110 5344 3217 5413 πρὸ
3240 5344 3657 5413 τεσσαράκοντα
3688 5344 3935 5414 ἡμερῶν
3974 5348 4025 5397 εἰ

2423 5434 2664 5505 συμϐαίη
2690 5435 2780 5488 διὰ
2818 5428 2919 5505 τῆς
2971 5435 3190 5504 πληγῆς
3240 5436 3413 5505 αὐτὴν
3463 5433 3615 5504 παρά
3666 5434 3761 5488 τὸν
3817 5441 4025 5507 καιρὸν

2421 5527 2726 5581 ἀποθέσθαι
2771 5526 2832 5580 τὸ
2864 5526 3127 5597 ἔμϐρυον,
3189 5527 3363 5579 ἰστέον
3410 5525 3486 5589 ὼς
3536 5525 3599 5579 ού
3652 5525 3759 5595 τὴν
3816 5527 3909 5585 εἰς
3961 5531 4025 5575 τι.

2420 5619 2581 5690 σῶμα
2602 5618 2725 5671 τότε
2759 5619 2858 5689 τῆς
2887 5618 3112 5689 λογικῆς
3144 5619 3323 5689 ψυχῆς
3345 5618 3636 5689 γινομένην
3664 5617 3887 5670 εἴσοδον
3916 5619 4021 5685 sp.-

2424 5713 2632 5780 φαίνων
2661 5714 2689 5764 ό
2717 5712 2878 5779 σοφὸς
2920 5711 3185 5780 Μωῦσῆς,
3218 5712 3353 5764 ἀλλά
3382 5711 3473 5763 τὸν
3521 5710 3732 5763 τέλειον
3770 5711 3886 5763 τοῦ
3922 5729 3990 5763 κα
4010 5739 4023 5749 ο

2426 5804 2782 5869 ταεληθέντος
2816 5805 3190 5872 ἑξεικονισμὸν
3217 5804 3619 5871 ἀπαρτίζεσθαι
3639 5803 3765 5858 τότε
3809 5804 4015 5876 δηλῶ-ιι,
