4192 6434
831 379 965 443 134.1

1980 383 2040 440 S.
2083 378 2365 440 MAXIMI
2404 377 2909 439 CONFESSORIS

3935 378 4059 440 ΒΗ

824 497 1045 563 quando
1069 497 1211 549 Deus
1239 497 1382 549 circa
1417 496 1787 565 suamaliquid
1813 497 2183 550 conditionem
2213 497 2394 548 volue-

2501 495 2768 564 Καθάπερ
2820 497 2914 548 καὶ
2971 499 3056 547 ἐπ’
3104 496 3262 547 ἄλλου
3319 493 3515 554 παντὸς
3565 493 3678 560 ἔχει
3715 491 4055 559 πραγματος,

825 588 895 637 rit
926 587 1188 638 innovare
1222 585 1581 639 Providentiae
1608 589 1779 654 gratia
1817 603 2008 640 eorum
2037 588 2240 654 quibus
2266 602 2391 654 pro-

823 678 1060 734 videtur,
1079 676 1212 728 etad
1232 676 1711 729 demonstrandam
1733 691 1886 728 suam
1903 691 2025 743 qua:
2037 685 2231 727 cuncta
2249 692 2393 728 eom-

824 767 1113 834 prehendit
1126 783 1188 818 ac
1212 776 1455 834 permeat
1471 766 1748 818 virtutem.
1774 765 1848 817 Ita
1875 764 2120 832 profecto
2132 763 2392 816 virtutem

822 859 1090 910 exhibens
1121 858 1512 911 miraculorum
1540 857 1844 924 antiquitus
1865 865 2027 924 atque
2051 865 2391 910 ostentorum

823 949 1240 1014 magniticeutiis
1273 949 1480 1002 ratione
1506 949 1875 1002 innovationis
1899 959 1983 1001 est
2003 963 2152 1011 usus,
2175 963 2299 1000 cum
2323 947 2391 1000 ad

823 1039 1048 1089 alteram
1078 1039 1201 1091 νίιιυ
1230 1041 1468 1104 speciem
1494 1038 1645 1106 juxta
1665 1038 1822 1089 istam
1855 1039 1909 1090 in
1933 1053 2098 1090 carne
2123 1045 2177 1089 et
2201 1038 2394 1090 interi-

826 1128 902 1180 tui
932 1128 1222 1180 obnoxiatu
1243 1129 1462 1180 llenoch
1484 1128 1727 1181 ctEliam
1749 1128 1938 1181 beatos
1967 1128 2115 1181 viros
2137 1129 2396 1181 transfer-

826 1226 910 1268 ret
928 1227 973 1276 ο.
998 1232 1104 1269 non
1134 1218 1414 1270 immutata
1441 1233 1630 1271 eorum
1650 1228 1864 1280 natura,
1895 1220 1991 1272 sed
2016 1219 2394 1272 vicissitudine

827 1305 1146 1357 instituendi
1175 1306 1295 1374 ejus
1339 1305 1905 1375 administrandique;
1939 1323 2061 1361 cum
2092 1323 2289 1376 aquam
2325 1309 2393 1362 ad

825 1394 1255 1460 sulnnergendos
1297 1395 1572 1464 improbos
1607 1398 1661 1450 in
1695 1407 1838 1450 terra
1884 1397 2134 1452 homines
2179 1401 2398 1467 quanti-

827 1495 936 1538 tate
970 1487 1317 1553 multiplicari
1339 1489 1559 1556 juberet
1583 1499 1642 1551 t';
1673 1504 1797 1541 cum
1842 1489 1895 1542 in
1917 1505 2042 1543 arca
2073 1491 2236 1544 simul
2269 1508 2394 1546 cum

826 1577 956 1627 teris
984 1579 1292 1642 agrestibus
1319 1579 1552 1647 primum
1582 1580 1816 1634 navitam
1846 1581 1959 1634 Noe
1993 1582 2158 1635 vitam
2197 1583 2394 1652 degere

828 1665 971 1717 haud
1000 1668 1306 1720 int‘estatam
1339 1668 1653 1721 ostenderet
1677 1679 1703 1717 (1
1727 1688 1741 1732 ;
1763 1684 1888 1722 cum
1921 1671 2194 1724 Abraham
2218 1682 2275 1726 et
2297 1672 2394 1724 Sa-

820 1773 939 1808 ram
997 1774 1218 1823 magnos
1244 1758 1329 1810 sui
1377 1759 1617 1812 cultores
1654 1769 1810 1827 partu
1857 1760 2156 1814 honoraret
2197 1774 2396 1830 praeter

2493 585 2656 650 ήνίκα
2687 587 2928 638 καινίσαι
2965 604 3016 637 τι
3073 586 3195 654 περὶ
3234 585 3332 652 τὴν
3365 583 3561 635 ἑαυτοῦ
3619 583 3795 633 κτίσιν
3849 584 3880 632 ὁ
3932 585 4056 643 θεὸς

2495 674 2729 744 βουληθῇ
2799 677 3054 744 προνοίας
3090 677 3277 726 ’ένεκεν
3322 674 3432 724 τῶν
3490 673 3932 740 προνοουμένων,
3973 676 4056 723 καὶ

2493 765 2774 828 ἐνδείξεως
2803 770 2902 835 τῆς
2937 766 3031 818 ἐπὶ
3060 766 3243 817 πάντα
3277 765 3372 815 καὶ
3397 763 3485 814 διὰ
3520 765 3740 814 πάντων
3766 763 4055 832 διηκούσης

2491 855 2796 924 δυνάμεως.
2830 857 3043 925 ’Ὠσπερ
3083 855 3275 924 ἀμέλει
3323 854 3767 923 παραδοξοποιῶν
3792 856 3913 915 ταῖς
3948 855 4056 906 ἀνέ-

2492 947 2661 998 καθεν
2689 947 2797 999 τῶν
2826 947 3123 1016 θαυμάτων
3152 963 3211 998 τε
3255 948 3352 997 καὶ
3399 945 3639 1013 σημείων
3679 945 4054 1014 μεγαλειότητι

2494 1040 2847 1108 καινοτομίας
2875 1041 3018 1108 λόγῳ
3044 1039 3338 1106 πεποίηκε,
3370 1037 3506 1105 πρὸς
3539 1036 3724 1105 ἓτερον
3754 1032 3896 1098 εἶδος
3924 1037 4054 1104 ζωῆς

2496 1131 2648 1200 παρά
2680 1133 2742 1183 τὸ
2766 1133 2824 1182 ἐν
2855 1132 3018 1200 σαρκὶ
3049 1133 3116 1198 τῇ
3166 1129 3271 1182 ὑπὸ
3318 1129 3526 1197 φθοράν
3572 1129 3949 1196 μεταϐιϐάσας
3978 1130 4056 1179 τὸν

2507 1218 2675 1286 Ἑνώχ
2694 1234 2753 1270 τε
2783 1220 2876 1270 καὶ
2907 1219 2997 1269 τὸν
3037 1218 3222 1268 Ἠλίαν
3272 1219 3396 1277 τοὺς
3449 1215 3772 1284 μακαρίους,
3829 1216 3891 1268 οὗ
3945 1217 4054 1267 κατ’

2494 1309 2776 1361 ἀλλοίωσιν
2809 1309 3042 1374 φύσεως,
3080 1308 3217 1362 ἀλλά
3253 1307 3395 1360 κατά
3430 1307 3626 1376 (237
3664 1309 3732 1373 a)
3780 1307 4053 1375 παραλλα-

2495 1401 2599 1466 γὴν
2619 1401 2718 1467 τῆς
2746 1400 2865 1450 κατ’
2889 1399 3058 1466 αὐτὴν
3082 1397 3308 1465 ἀγωγῆς
3332 1399 3427 1449 καὶ
3445 1399 3786 1466 διοικήσεως,
3807 1397 3956 1465 ὓδωρ
3987 1400 4054 1457 εἰς

2495 1488 2781 1541 ἐπίκλυσιν
2809 1489 2918 1541 τῶν
2961 1489 3056 1540 ἐπὶ
3103 1487 3208 1556 γῆς
3240 1487 3531 1556 μοχθηρῶν
3573 1487 3887 1555 ἀνθρώπων
3931 1485 4051 1537 καθ-

2500 1580 2660 1632 ιστῶν
2690 1579 2769 1649 τῷ
2821 1579 2974 1648 ποσῷ
3000 1577 3419 1640 πολλαπλάσιον,
3466 1579 3525 1630 ἐν
3562 1580 3630 1646 τῇ
3673 1576 3896 1645 κιϐωτῷ
3930 1576 4054 1642 μετᾶ

2497 1670 2707 1740 θηρίων
2755 1671 2964 1740 ἀγρίων
3013 1671 3331 1738 ἀποφαίνων
3381 1670 3474 1722 τὸν
3526 1670 3743 1739 πρῶτον
3801 1668 4054 1735 πλωτῆρα

2497 1757 2622 1810 Νῶε
2645 1759 2856 1812 δίαιταν
2892 1760 3037 1827 ἔχειν
3071 1760 3404 1826 ἀλύμαντον,
3441 1759 3694 1829 Ἀϐραὰμ
3725 1758 3822 1811 καὶ
3848 1758 4056 1827 Σάῥραν

826 1858 1040 1898 a-tau-m
1066 1865 1126 1900 ac
1156 1847 1456 1916 legitimum
1492 1851 1659 1918 prolis
1688 1851 1934 1905 serenda:
1961 1854 2256 1906 terminum
2297 1871 2393 1908 na-

2498 1851 2620 1911 τοὺς
2649 1851 2920 1920 μεγάλους
2949 1850 3113 1903 αὑτοῦ
3160 1851 3498 1921 θεράποντας
3529 1850 3682 1903 παιδὶ
3727 1849 3909 1918 τιμῶν
3938 1851 4054 1917 παρ’

828 1945 962 1987 tum:
1009 1953 1071 1989 ac
1129 1947 1343 2005 tempus
1365 1949 1408 2001 r;
1441 1954 1564 1992 cum
1611 1941 2056 2012 ignem‘dcsuper
2093 1944 2291 1998 cadere
2341 1945 2396 1998 in

827 2030 1107 2080 hominum
1147 2030 1440 2097 impiorqu
1493 2031 1928 2086 sulnnersionem
1980 2035 2199 2103 juberet
2220 2045 2266 2099 ⁸,
2300 2055 2395 2090 ne—

824 2135 1096 2186 quaquam
1140 2132 1318 2173 tamcn
1368 2136 1465 2188 per
1511 2121 1613 2175 hoc
1661 2122 2012 2177 imminutum
2061 2127 2272 2181 ratione
2299 2146 2395 2182 sua

823 2212 1080 2271 naturali,
1116 2228 1240 2264 eum
1281 2215 1403 2264 ruhi
1463 2214 1639 2282 ignem
1684 2231 1790 2268 non
1821 2225 2071 2270 urentem
2117 2220 2260 2272 servi
2311 2222 2392 2274 sui

823 2302 1126 2354 advocandi
1152 2303 1320 2370 gratia
1351 2304 1677 2358 accenderet
1704 2307 1720 2339 ι
1748 2321 1762 2369 ;
1787 2321 1911 2359 cum
1936 2321 2134 2375 aquam
2167 2309 2221 2361 in
2236 2308 2398 2379 Egy-

824 2401 916 2459 pto
978 2392 1032 2444 in
1084 2395 1370 2460 sanguinis
1424 2403 1659 2448 mutaret
1708 2396 2106 2463 qualitatem“,
2143 2409 2394 2453 naturam

823 2497 976 2533 suam
1016 2485 1242 2535 onmino
1290 2501 1399 2536 non
1438 2485 1820 2554 abnegantetn,
1863 2490 2064 2558 quippe
2093 2506 2213 2558 qua:
2254 2508 2393 2560 aqua

825 2583 1073 2626 maneret
1129 2578 1429 2629 secundum
1467 2589 1720 2632 naturam
1773 2584 2026 2648 quamvis
2070 2584 2351 2639 rubefacta
2380 2627 2394 2648 ,

823 2680 1057 2732 cumque
1084 2676 1278 2720 caetera
1311 2668 1570 2722 miracula
1603 2672 1690 2724 illa
1720 2681 1883 2740 atque
1913 2685 2124 2728 ostenta
2163 2678 2394 2744 perﬁce-

824 2766 927 2813 ret.
959 2765 1018 2807 ut
1041 2755 1295 2810 tidelibus
1327 2776 1477 2827 spem
1519 2776 1550 2814 c
1587 2763 1992 2818 calamitatibus
2013 2767 2216 2833 quibus
2245 2769 2393 2821 obsi-

823 2846 1096 2898 debantur
1137 2850 1438 2911 evadendi,
1467 2851 1779 2905 infidelibus
1815 2872 1944 2908 vero
1976 2873 2196 2910 sensum
2231 2861 2394 2912 casti-

824 2937 1002 3001 gantis
1029 2940 1243 2991 virtutis
1289 2957 1401 2994 sua:
1448 2943 1736 3010 praeberet,
1781 2945 1847 2997 ad
1879 2948 2276 3002 dissolvendam
2304 2967 2397 3004 co-

828 3041 948 3077 rum
1006 3027 1151 3080 circa
1207 3029 1374 3082 Deum
1425 3047 1531 3098 qua
1573 3035 1901 3086 tenebantur
1949 3036 2394 3099 iudurationem,

2496 1939 2711 2008 ἠλικίαν
2769 1941 2864 1993 καὶ
2910 1940 3000 1994 τὸν
3060 1943 3446 2010 νενομισμένον
3520 1941 3657 2010 πρὸς
3718 1941 4056 1994 παιδοποιίαν

2495 2031 2622 2099 ὅρον
2669 2049 2728 2083 τε
2789 2032 2883 2083 καὶ
2922 2032 3111 2101 χρόνον
3139 2033 3242 2096 τῆς
3275 2032 3510 2100 φύσεως,
3550 2031 3662 2100 πῦρ
3712 2029 3813 2099 τὴν
3859 2031 3956 2082 ἐπὶ
3999 2033 4056 2081 τὰ

2495 2123 2646 2175 κάτω
2675 2123 2948 2176 ποιεῖσθαι
2982 2125 3154 2193 φορὰν
3197 2126 3278 2185 εἰς
3324 2124 3610 2176 ἐπίκλυσιν
3641 2122 3858 2174 ἀσεϐῶν
3887 2137 4054 2188 παρα-

2497 2215 2802 2281 σκευάζων,
2827 2215 2936 2268 οὐδ’
2967 2217 3101 2278 ὅλως
3129 2216 3223 2268 τοῦ
3251 2216 3394 2270 κατά
3423 2215 3586 2284 φύσιν
3613 2216 3772 2282 λόγου
3797 2213 3886 2266 διά
3911 2213 4060 2266 τοῦτο

2499 2307 2843 2376 μειούμενον,
2901 2306 3002 2374 τῆς
3036 2307 3200 2375 βάτου
3231 2307 3344 2375 πῦρ
3374 2306 3666 2368 ἀκαύστως
3699 2305 3955 2371 ἐξάπτων
3988 2305 4060 2365 εἰς

2493 2398 2594 2466 τὴν
2627 2398 2722 2451 τοῦ
2756 2398 3087 2469 θεράποντος
3122 2400 3482 2468 πρόσκλησιν,
3516 2399 3659 2468 ὕδωρ
3701 2398 3760 2450 ἐν
3802 2397 4062 2463 Αἰγύπτῳ

2495 2490 2634 2558 πρὸς
2667 2491 2900 2559 αἵματος
2936 2490 3292 2559 μεταϐάλλων
3327 2491 3607 2559 ποιότητα,
3639 2490 3738 2558 τὴν
3773 2490 3939 2555 φύσιν
3972 2489 4061 2539 αὐ-

2494 2582 2590 2635 τοῦ
2633 2583 2916 2643 παντελῶς
2959 2583 3030 2650 μί·
3097 2583 3428 2652 ὴρνημένον,
3481 2581 3626 2651 ὕδωρ
3688 2583 3882 2650 μεῖναν
3932 2582 4064 2630 κατά

2495 2675 2660 2740 φύσιν
2713 2675 2813 2728 καὶ
2869 2675 3010 2742 μετά
3050 2673 3149 2744 τὴν
3192 2674 3441 2742 φοίνιξιν,
3505 2674 3599 2724 καὶ
3629 2672 3698 2722 τα
3751 2671 3920 2722 λοιπά
3963 2670 4063 2718 τών

2497 2770 2682 2820 ἐκεῖσε
2714 2768 3010 2836 θαυμάτων
3036 2785 3094 2820 τε
3134 2770 3230 2820 καὶ
3259 2771 3504 2838 σημείων
3525 2765 3811 2821 ἐπιτελῶν,
3842 2765 3985 2831 πρὸς
4012 2765 4066 2812 τ’,

2494 2858 2677 2910 δοῦναι
2728 2861 2840 2921 τοῖς
2907 2861 3006 2928 μὲν
3058 2863 3272 2921 πιστοῖς
3327 2860 3438 2911 τῶν
3495 2862 3835 2929 κατεχόντων
3884 2857 4065 2910 δεινιῖιν

2495 2949 2809 3017 ἐλευθερίας
2836 2951 3048 3011 ἐλπίδα.
3080 2955 3192 3014 τοῖς
3231 2951 3482 3012 ἀπίστοις
3505 2951 3564 3002 δέ
3594 2950 3955 3015 συναίσθησιν
3977 2951 4066 3016 τῆς

2497 3039 2834 3109 κολαζούσης
2905 3041 3210 3110 δυνάμεως,
3267 3043 3405 3112 πρὸς
3453 3044 3717 3096 ἀπόθεσιν
3781 3043 3888 3109 τῆς
3943 3059 4067 3094 κατ-

827 3133 975 3170 mare
1007 3119 1154 3186 virga
1196 3121 1473 3174 dissecans
1496 3133 1659 3190 atque
1689 3141 1843 3192 aqua:
1873 3127 2260 3182 eohmrcntiam
2302 3145 2394 3183 sc-

2498 3133 2727 3200 ἐχούσης
2744 3132 2940 3195 αὐτοὺς
2971 3135 3098 3203 περὶ
3128 3135 3191 3186 τὸ
3229 3134 3385 3186 Θεῖον
3427 3134 3758 3203 πωρώσεως,
3792 3135 4069 3186 θάλασσαν

829 3225 1046 3275 parans,
1079 3211 1151 3262 ita
1177 3220 1238 3264 ut
1257 3215 1324 3264 de
1347 3214 1607 3280 peculiari
1634 3230 1730 3267 sua
1766 3228 1958 3270 natura
1988 3219 2131 3270 haud
2159 3219 2388 3286 degene-

826 3311 993 3360 raret,
1023 3319 1146 3356 cum
1177 3304 1229 3356 in
1263 3314 1660 3373 transgressum
1685 3324 1876 3360 eorum
1905 3311 1996 3377 qui
2030 3320 2252 3380 propter
2274 3327 2392 3366 $854:

826 3392 895 3443 ab
929 3392 1163 3448 instante
1192 3395 1347 3448 hoste
1384 3399 1793 3465 premebantur,
1834 3409 1950 3453 tum
1999 3401 2052 3454 in
2085 3403 2390 3470 repressio-

827 3499 952 3535 nem
996 3502 1186 3538 eorum
1229 3489 1320 3554 qui
1373 3489 1715 3542 nobilitatem
1755 3508 1818 3544 ac
1858 3492 2165 3546 libertatem
2213 3495 2393 3563 impu-

826 3579 1021 3629 denter
1061 3580 1552 3647 persequebantur,
1602 3597 1798 3651 aquam
1846 3585 1992 3652 ligno
2026 3585 2241 3640 dulcem
2269 3589 2394 3642 red-

827 3670 983 3726 dens.
1014 3679 1069 3722 ct
1101 3686 1294 3737 panem
1325 3673 1474 3723 nullo
1496 3685 1679 3727 aratro
1712 3683 1926 3742 partum
1954 3677 2172 3732 coalitus
2200 3681 2394 3747 pluens

828 3775 1030 3810 novum
1061 3771 1224 3829 atque
1264 3762 1624 3831 incognitum.
1658 3773 1714 3818 et
1751 3766 1934 3820 avium
1981 3770 2392 3827 multitudinem

827 3853 1233 3906 esculmitarum
1259 3855 1443 3906 subito
1467 3855 1536 3908 de
1571 3859 1705 3910 mari
1728 3859 2019 3922 ebulliens,
2054 3873 2204 3915 extra
2241 3874 2398 3918 natu-

830 3943 999 3994 ralem
1041 3943 1381 4011 singulorum
1417 3963 1481 3998 ex
1507 3963 1563 4000 se
1594 3965 1704 4014 quo
1731 3949 2009 4003 cohaerent
2045 3953 2294 4006 ordinem
2330 3972 2392 4010 ac

828 4037 1027 4087 seriem
1071 4037 1123 4088 in
1167 4038 1423 4089 solatium
1458 4054 1647 4090 eorum
1690 4042 1781 4108 qui
1816 4042 1868 4093 in
1919 4042 2139 4097 deserto
2169 4047 2395 4102 aliiicta-

828 4125 1052 4188 bantur,
1083 4143 1236 4194 aqum
1259 4141 1484 4182 matrem
1503 4147 1692 4182 saxum
1721 4133 2038 4196 ostendens,
2067 4136 2118 4188 iu
2141 4137 2396 4193 obﬁrma-

832 4216 1032 4269 tionem
1069 4218 1191 4270 tidei
1221 4234 1412 4271 eorum
1433 4221 1526 4288 qui
1566 4221 1616 4273 in
1642 4222 1760 4276 acie
1785 4223 2012 4278 ordines
2041 4226 2390 4292 deserebant,

829 4309 1030 4361 llumen
1061 4309 1361 4362 retundens
1408 4313 1460 4364 in
1500 4313 1704 4366 siccum
1749 4323 2145 4384 transgressum
2187 4321 2257 4388 pii
2294 4337 2392 4389 po-

831 4397 966 4464 puli,
1016 4399 1148 4451 solis
1211 4409 1374 4468 atque
1429 4401 1572 4455 tunae
1619 4419 1841 4457 cursum
1876 4405 2133 4462 inhibens
2166 4410 2394 4466 miriﬁce

3783 3224 3805 3234 Ο
3859 3225 3923 3239 ας

2497 3222 2710 3292 τέμνων
2734 3222 2914 3292 ῥάϐδῳ
2947 3226 3041 3276 καὶ
3077 3226 3138 3276 τδ
3185 3227 3406 3293 συνεχὲς
3441 3225 3674 3278 διαλύων
3715 3224 3810 3276 τοῦ
3858 3225 4066 3285 ὓδατος,

2497 3315 2596 3380 τῆς
2617 3315 2822 3377 οἰκείας
2858 3316 2931 3382 μὴ
2973 3315 3326 3384 ἐξισταμένου
3359 3317 3596 3382 φύσεως,
3650 3317 3730 3378 εἰς
3755 3316 3938 3367 δίοδον
3979 3316 4070 3383 μὲν

2501 3404 2607 3455 τῶν
2629 3405 2695 3456 δι’
2729 3405 2894 3457 αὐτὸν
2922 3405 3293 3474 διωκομένων,
3335 3407 3538 3474 ἐποχὴν
3572 3406 3629 3458 δὲ
3669 3406 3776 3458 τῶν
3813 3408 4071 3466 ἀναιτίως

2498 3494 2806 3549 διωκόντων
2857 3493 2918 3545 τὸ
2951 3495 3172 3560 εὐγενὲς
3225 3496 3320 3546 καὶ
3373 3495 3680 3565 ἐλεύθερον,
3737 3494 3894 3563 ὕδωρ
3941 3496 4073 3562 ξύλῳ

2499 3584 2829 3652 γλυκαίνων,
2853 3586 2943 3637 καὶ
2973 3587 3135 3654 ἀρτον
3158 3587 3424 3654 ἀνήροτον
3463 3583 3758 3654 οὐρανόθεν
3782 3584 3904 3638 ὓων
3931 3585 4073 3650 ξένον

2500 3676 2593 3726 καὶ
2622 3675 2917 3740 ἄγνωστον,
2941 3677 3033 3726 καὶ
3055 3674 3258 3741 πλῆθος
3278 3675 3482 3745 ὀρνέων
3506 3675 3786 3743 ἐδωδίμων
3812 3676 4074 3743 ἐξαίφνης

2498 3767 2597 3832 τῆς
2633 3765 2901 3834 θαλάττης
2936 3767 3241 3835 ἐκὸράζων,
3273 3768 3442 3835 χωρίς
3489 3767 3591 3834 τῆς
3633 3769 3773 3820 κατὰ
3823 3767 3994 3835 φύσιν
4025 3769 4075 3828 ἐξ

2499 3857 2742 3927 ἀλλήλων
2789 3858 3062 3926 διαδοχῆς,
3127 3859 3262 3928 πρὸς
3317 3858 3674 3927 παραμυθίαν
3730 3859 3848 3909 τῶν
3905 3861 3965 3910 ἐν
4016 3863 4075 3924 τῇ

2500 3952 2696 4020 ἐρήμῳ
2737 3951 3214 4014 κακοπαθούντων,
3252 3951 3444 4013 ὓδατος
3475 3951 3688 4020 μητέρα
3723 3949 3827 4018 τὴν
3877 3950 4074 4018 πέτραν

2500 4045 2845 4107 ἀποδεικνὺς,
2903 4045 2983 4105 είς

2500 4137 2677 4202 ἀγῶσι
2725 4136 3246 4199 λειποτακτούντων,
3297 4134 3543 4202 ποταμὸν
3579 4135 3919 4187 ἀνακόπτων
3951 4135 4076 4202 πρὶς

3058 4045 3350 4112 βεϐαίωσιν
3403 4045 3639 4104 πίστεως
3692 4043 3803 4095 τῶν
3867 4045 3929 4094 ἐν
3979 4047 4076 4103 τοῖς

2499 4227 2751 4280 διάὁασιν
2818 4227 3049 4296 ἄϐροχον
3107 4225 3238 4279 λαοῦ
3289 4225 3602 4288 θεοσεϐοῦς,
3657 4226 3820 4294 ἡλίου
3874 4243 3937 4278 τε
3995 4229 4077 4277 καὶ

2503 4319 2730 4388 σελήνης
2783 4319 2980 4389 δρόμον
3029 4318 3244 4386 ἐπέχων
3275 4318 3551 4371 ἀκώλυτον
3593 4317 3952 4386 παραδόξως.
3987 4317 4076 4384 τὴν

2501 4411 2806 4480 ἀεικίνητον
2832 4410 2926 4462 τοῦ
2957 4411 3306 4478 περιέχοντος
3360 4409 3540 4479 (237
3565 4413 3630 4476 (ι)
3670 4410 3845 4475 φύσιν
3884 4412 4076 4475 στήσας

829 4487 979 4539 nullo
1003 4487 1286 4542 obstaculo
1317 4491 1658 4558 impeditum,
1694 4503 1750 4548 ct
1773 4496 1973 4550 sistens
1993 4499 2114 4552 cazli
2150 4509 2398 4555 naturam

2504 4499 2778 4566 ἀκίνητον,
2817 4499 2951 4568 πρὸς
2979 4498 3200 4567 ὄλεθρον
3229 4497 3460 4559 ἀσεϐοῦς
3496 4497 3824 4558 δυναστείας
3858 4498 4076 4566 ἀμαθῶς

827 4606 1046 4658 semper
1082 4593 1419 4646 immobilem
1453 4593 1591 4646 adeo
1625 4605 1685 4648 ut
1710 4596 1934 4650 immota
1965 4608 2155 4662 staret,
2184 4601 2238 4654 in
2271 4618 2400 4670 per-

828 4681 1027 4734 niciem
1068 4682 1248 4750 impiae
1275 4682 1666 4737 dominationis
1690 4725 1704 4747 ,
1754 4686 1866 4740 Deo
1903 4703 1999 4755 per
2039 4689 2399 4758 ignorantiam

827 4771 1000 4825 aciem
1031 4775 1390 4840 opponentis,
1432 4775 1594 4843 idque
1629 4792 1697 4829 ne
1743 4777 1895 4845 prius
1928 4781 2128 4833 ostenti
2153 4783 2400 4839 omnium

827 4862 1001 4914 oculis
1041 4863 1242 4932 objecti
1300 4865 1476 4918 virtus
1502 4877 1744 4920 cessaret
1771 4883 1935 4935 quam
1978 4871 2220 4937 perfecta
2257 4873 2402 4928 foret

829 4951 1033 5012 clades,
1068 4963 1230 5021 atque
1263 4965 1322 5007 ut
1361 4955 1413 5007 in
1453 4964 1735 5024 posterum
1766 4957 2081 5013 obtinerent
2105 4960 2396 5017 haeredita-

833 5056 940 5097 tcm
971 5045 1242 5097 verocitcr
1288 5045 1688 5100 annuntiatam.
1745 5047 1813 5101 Et
1863 5049 2072 5118 reliqua
2123 5062 2397 5122 quotquot

831 5135 976 5188 Deus
1011 5145 1116 5187 tam
1152 5136 1206 5188 in
1243 5145 1385 5189 terra
1421 5139 1780 5205 possessionis
1814 5155 1976 5208 quam
2014 5142 2067 5194 in
2092 5145 2306 5198 caeteris
2340 5146 2395 5200 in

829 5239 969 5292 quas
1020 5224 1182 5277 Israel
1241 5236 1397 5278 vetus
1434 5227 1504 5277 ob
1552 5238 1772 5295 peccata
1806 5229 2084 5292 veniebat,
2143 5233 2395 5288 eﬂ'ceisse

833 5323 1108 5375 narratur,
1135 5316 1279 5368 eirea
1309 5315 1530 5368 modum
1563 5317 1804 5381 virtutis,
1853 5320 1948 5374 scd
1993 5337 2099 5374 non
2136 5322 2282 5376 circa
2311 5340 2396 5378 ra-

835 5405 1038 5458 tionem
1070 5408 1353 5459 exstantia:
1403 5407 1715 5461 innovando
1759 5421 2008 5466 naturam
2047 5428 2241 5467 eorum
2270 5431 2394 5484 qua:

836 5493 1256 5552 innovabantur.
1295 5494 1436 5547 Deus
1477 5495 1678 5549 (ξας-(σὴ.
1717 5497 1775 5550 In
1807 5499 2011 5567 quibus
2056 5502 2313 5557 euntibus
2339 5511 2398 5556 et

836 5589 959 5646 post
991 5597 1111 5647 qua:
1153 5581 1306 5644 illud.
1343 5595 1564 5651 propter
1610 5586 1753 5653 quod
1788 5588 1903 5642 hzec
1951 5600 2080 5644 sunt
2123 5593 2308 5646 omnia
2337 5603 2394 5647 et

903 5703 926 5725 υ
961 5694 1020 5746 ιγ
1058 5693 1184 5757 “pg,
1218 5711 1270 5750 ιι,
1317 5696 1402 5753 il;
1433 5695 1563 5747 Cen.
1600 5714 1650 5755 γ,
1682 5699 1768 5749 ἓξ.

1868 5711 1888 5747 I'
1917 5704 2049 5775 (ira.
2090 5723 2137 5769 ι,
2168 5707 2383 5775 passim.

840 5764 923 5816 ει.
1014 5763 1214 5816 'luxod
1273 5780 1324 5817 ιιι
1389 5765 1419 5816 2

1519 5780 1537 5798 ¹·
1581 5767 1727 5819 lime
1793 5787 1880 5833 ιιι,
1935 5773 1992 5824 l7

2466 5717 2488 5754 'l
2536 5706 2665 5759 Gen.
2712 5722 2798 5767 vn,
2848 5706 3067 5773 ιιιιδιειιιι.

2495 4589 3103 4658 ἀντιπαραταττομένης
3125 4587 3265 4656 θεῷ,
3305 4590 3396 4640 καὶ
3427 4588 3556 4656 πρὶν
3585 4588 3725 4658 λάϐῃ
3764 4589 3953 4656 πέρας
3986 4587 4077 4637 τῶν

2494 4681 2788 4749 δρωμένων
2819 4682 2852 4749 ἡ
2881 4679 3131 4747 δύναμις,
3165 4679 3260 4731 καὶ
3311 4680 3390 4740 εἰς
3439 4681 3779 4746 κατάσχεσιν
3818 4681 3923 4747 τῆς
3954 4680 4075 4747 πορ-

2497 4771 2671 4841 ρωθεν
2718 4771 2966 4838 ἀψευδῶς
2996 4770 3414 4839 ἐπηγγελμένης
3445 4769 3846 4840 κληρονομίας.
3888 4771 3996 4823 Καὶ
4022 4772 4075 4820 τὲ

2495 4862 2657 4916 λοιπά
2685 4865 2785 4916 ὅσα
2828 4863 2892 4934 δὴ
2921 4864 3282 4932 πεποιηκέναι
3317 4863 3556 4930 λέγεται,
3593 4862 3734 4914 κατά
3767 4879 3835 4914 τε
3865 4863 3965 4931 τὴν
3988 4863 4076 4928 γῆν

2498 4955 2598 5024 τῆς
2641 4954 3021 5023 κατασχέσεως
3079 4953 3176 5006 xui.
3231 4954 3327 5014 τὰς
3377 4953 3568 5016 λοιπὰς
3623 4955 3704 5016 είς
3772 4955 3918 5013 ὅσας
3961 4949 4075 5022 ἦ).οε

2497 5050 2893 5117 παρανομήσας
2922 5049 2950 5099 ὁ
2996 5045 3225 5108 παλαιὸς
3266 5045 3506 5115 Ἰσραὴλ,
3551 5047 3677 5115 περὶ
3735 5047 3842 5098 τὸν
3892 5049 4075 5116 τρόπον

2496 5136 2597 5204 τῆς
2626 5134 2928 5204 ἐνεργείας,
2951 5133 3065 5186 ἀλλ’
3090 5134 3150 5186 ού
3179 5135 3307 5204 περὶ
3339 5134 3429 5186 τὸν
3451 5134 3607 5201 λόγον
3638 5133 3740 5203 τῆς
3770 5136 4074 5206 ὑπάρξεως,

2498 5229 2598 5295 τὴν
2635 5225 2797 5294 φύσιν
2826 5227 3230 5294 κσινοτομήσας
3270 5223 3381 5276 τῶν
3425 5225 3954 5294 καινοτομηθέντων
3994 5243 4073 5277 πε·

2501 5319 2731 5386 ποίηκεν
2764 5317 2793 5368 ὁ
2831 5318 2982 5378 Θεός.
3044 5315 3177 5368 Μεθ’
3229 5310 3303 5369 ὧν
3345 5317 3600 5369 ἁπάντων
3635 5316 3737 5366 καὶ
3779 5319 3910 5386 μεθ’
3949 5317 3982 5370 ἃ
4026 5316 4073 5366 τὺ

2499 5410 2566 5462 δι’
2595 5410 2624 5462 ὃ
2651 5409 2830 5462 πάντα
2867 5409 2963 5460 καὶ
3013 5409 3080 5460 δι’
3129 5401 3190 5461 οὗ
3225 5411 3541 5462 καινότατον
3568 5409 3749 5470 ὅντως
3785 5412 4073 5479 μυστήριον

2500 5502 2598 5570 τῆς
2631 5501 2794 5554 αὐτοῦ
2826 5501 3054 5569 δι’ὴμᾶς
3081 5500 3550 5569 ἐνανθρωπήσεως
3583 5501 3929 5565 ἐπιτελέσας
3964 5501 4068 5567 περὶ

2502 5594 2592 5644 τὸν
2638 5592 2860 5662 τρόπον,
2922 5591 3036 5643 ἀλλ’
3095 5593 3156 5644 οὐ
3207 5593 3335 5660 περὶ
3378 5592 3472 5644 τὸν
3527 5592 3712 5659 λόγον.
3772 5594 3880 5662 τὴν
3931 5595 4069 5662 φύσιν

3149 5716 3166 5742 τ
3208 5707 3340 5760 Sen.
3393 5722 3518 5772 xvii,
3573 5707 3655 5758 Π.
3747 5740 3768 5767 ο
3813 5707 3950 5763 Gen.
3981 5721 4065 5763 ιιι,
