4192 6434
194 410 332 476 1345
1432 402 1756 463 AMBIGUC

1856 404 1945 463 .JM
1986 402 2234 461 LIBER.
3298 402 3434 469 1346

186 519 607 589 ὲκαινοτόμησε.
650 516 953 589 προσλήψει
1001 514 1203 586 σαρκὸς
1246 514 1335 567 διὰ
1373 515 1544 583 μέσης
1577 515 1756 591 ’ψυχῆς

1871 529 1971 582 per
1997 513 2167 580 quod,
2228 510 2586 564 novissimum
2639 524 2827 565 revera
2878 509 3196 579 mysterium
3234 524 3432 563 suum.

184 616 404 685 νοερᾶς,
443 615 701 682 ἀβρητως
735 611 958 673 nuntiet;
993 608 1122 660 ἄνευ
1153 607 1381 676 σπορᾶς,
1424 606 1518 657 καὶ
1569 621 1756 675 γεννη-

1864 618 1975 672 quo
2007 618 2229 655 carnem
2281 610 2509 670 propter
2551 616 2650 654 nos
2694 602 2977 670 ingressus
3005 610 3110 659 est,
3142 600 3287 654 circa
3316 617 3437 652 mo-

185 676 303 767 θεὶς
334 676 551 773 ἀληθῦις
577 676 705 756 ανευ
745 701 951 769 φθορᾶς
994 698 1280 767 ἄνθρωπος
1320 696 1550 758 τέλειος,
1586 694 1756 765 ψυχὴν

1866 676 1999 747 (ιύηι
2053 693 2366 762 perticiens,
2430 701 2486 745 at
2529 707 2638 745 non
2672 693 2820 746 circa
2854 690 3147 749 rationem.
3183 701 3435 744 naturam

180 795 382 866 ωεράν
427 796 566 864 μετά
609 793 862 857 σώματος
891 791 950 852 ἐξ
971 789 1144 856 αὐτῆς
1181 788 1281 857 τῆς
1318 786 1600 857 ἀφράστου
1634 785 1756 838 συλ-

1866 783 2174 846 innovavit,
2220 798 2385 836 carne
2416 798 2515 851 per
2549 782 2783 835 mediam
2828 782 3065 834 animam
3097 781 3440 833 intellectua-

184 885 402 955 λήψεως
439 886 710 955 ἐσχηκώς.

186 984 493 1045 conceptus
523 1015 539 1039 ,

1862 874 1969 928 lem
1994 882 2294 942 assumpta,
2324 873 2588 929 ineffabili
2620 873 2855 941 quodam
2889 873 3054 926 modo
3075 872 3195 925 sine
3229 873 3441 925 satione

619 983 677 1029 et
729 982 1023 1044 generatus
1088 984 1217 1024 vere
1269 970 1391 1024 sine
1472 967 1829 1037 corruptione
1896 966 2061 1019 homo
2124 965 2435 1035 perfectus,
2490 966 2729 1021 animam
2812 966 3239 1021 intellectualem
3312 978 3436 1018 tum

181 1082 423 1136 corpore
489 1082 557 1121 ex
611 1066 727 1135 ipsa
791 1081 955 1135 quam
1003 1063 1351 1132 interpretari
1397 1078 1509 1116 non
1550 1062 1698 1130 capit
1738 1059 2096 1129 conceptione
2118 1067 2330 1114 nactus.

185 1334 320 1385 Ὀτι
343 1330 514 1387 πᾶσα
541 1334 728 1402 φύσις
760 1333 838 1397 τῷ
865 1335 1062 1397 οὶκείφ
1095 1335 1256 1404 λόγῳ
1282 1333 1610 1400 διαπαντὸς
1639 1334 1765 1404 ἔχει

98 1424 103 1430 ’
826 1425 894 1477 τὸ
922 1426 1119 1491 τέλος.

255 1536 415 1588 Πᾶσα
448 1534 579 1604 γὰρ,
612 1535 917 1596 καθολικῶς
951 1538 1147 1598 εἰπεῖν,
1179 1536 1360 1603 φύσις,
1391 1537 1553 1606 νοητή
1582 1552 1642 1588 τε
1667 1536 1763 1588 καὶ

177 1628 441 1697 αἰσθητὴ,
466 1628 634 1699 ήγουν
663 1628 810 1697 ἁπλῆ
843 1630 937 1682 καὶ
968 1629 1242 1691 σύνθετος,
1272 1619 1414 1683 ’καθ’
1444 1629 1759 1697 οίονδήποτε

175 1720 388 1788 τρόπον
415 1721 481 1772 ὲκ
515 1720 713 1789 μέρους
752 1720 850 1789 τὴν
894 1721 1031 1791 πρὸς
1054 1720 1115 1772 τὸ
1149 1718 1289 1772 εἶναι
1336 1720 1436 1787 τῆς
1490 1718 1757 1786 γενέσεως

176 1810 383 1879 ἀρχὴν,
412 1809 666 1863 οὐδέποτε
698 1810 935 1879 δέχεται,
962 1810 1084 1863 οῦτε
1122 1810 1227 1880 μὴν
1264 1809 1324 1874 ἐξ
1348 1808 1608 1879 ἡμισείας
1643 1809 1759 1878 μοί-

180 1916 291 1970 ρας
339 1900 668 1968 ὑφίστασθαι
717 1900 964 1953 δύναται.
1034 1885 1174 1953 ’Ἀλλ’
1237 1902 1285 1953 εί
1343 1901 1442 1970 μὲν
1502 1898 1758 1959 σύνθετος

178 1991 351 2058 φύσις
374 1992 543 2056 ἐστὶν,
577 1991 673 2061 ὃλη
700 1990 884 2045 τελεία
913 1991 1139 2054 τελείοις
1171 1993 1285 2053 τοῖς
1327 1989 1549 2053 οἰκείοις
1598 1989 1760 2061 μέρε-

178 2098 275 2134 σιν
306 2082 519 2152 ἀθρόως
549 2083 964 2151 συνυφίσταται,
1001 2082 1075 2153 μὴ
1098 2082 1296 2153 ἔχουσα
1330 2083 1466 2153 πρὸς
1496 2081 1694 2152 ἑαυτὴν
1722 2081 1756 2151 ἢ

178 2173 329 2243 πρὸς
385 2172 593 2242 ἄλληλα
639 2174 747 2226 τῶν
786 2174 845 2238 ἐξ
883 2167 959 2228 ὧν
1003 2174 1120 2226 ἐστι
1164 2172 1347 2245 μερῶν
1396 2172 1496 2243 τὴν
1543 2173 1759 2226 οίανοῦν

178 2265 330 2317 κατὰ
361 2265 453 2317 τὸν
469 2264 661 2336 χρόνον
686 2265 989 2319 διάστασιν.
1024 2266 1087 2319 Ei
1131 2265 1186 2319 δὲ
1214 2264 1360 2336 ἁπλῆ
1400 2264 1563 2332 φύσις
1586 2265 1755 2327 ἐστὶν,

176 2357 357 2427 ἤγουν
402 2359 593 2428 νοητὴ,
642 2358 908 2421 ὡσαύτως
962 2358 1079 2428 ἅμα
1137 2359 1250 2421 τοῖς
1296 2357 1495 2427 ἑαυτῆς
1543 2357 1762 2427 ἀπαρα-

98 2518 102 2526 l
177 2448 424 2511 λείπτως
461 2450 644 2518 λόγοις
670 2451 852 2504 τελεία
893 2450 1121 2513 τελείοις
1163 2450 1377 2520 ἀθρόως
1431 2450 1759 2519 συνυφίστα-

182 2538 317 2591 σθαι
372 2538 611 2606 πέφυκε,
666 2538 862 2609 χρόνου
900 2538 1046 2601 τινὸς
1074 2536 1138 2591 τὸ
1165 2535 1384 2590 σύνολον
1429 2536 1600 2607 αὐτὴν
1645 2534 1757 2587 τῶν

178 2628 405 2679 οἰκείων
424 2627 619 2696 λόγων,
650 2627 901 2697 οὐδαμῶς
944 2626 1335 2699 διακρίνοντος.
1390 2625 1529 2681 Οὔτε
1558 2624 1668 2694 γὰρ
1690 2619 1759 2695 ἦν

176 2733 321 2771 ποτε
356 2718 587 2771 καθόλου
629 2735 713 2782 τις
752 2718 914 2786 φύσις
958 2720 1016 2771 ὲν
1066 2721 1181 2782 τοῖς
1211 2717 1384 2781 οῦσιν,
1428 2718 1552 2771 οῦτε
1589 2717 1757 2782 ἐστιν,

179 2812 312 2865 οὔτε
341 2810 495 2864 ἔσται
543 2812 685 2864 κατὰ
730 2810 821 2864 τὸν
857 2810 1057 2881 ἑαυτῆς
1090 2810 1249 2879 λόγον
1281 2809 1600 2881 ὑπάρχουσα
1623 2810 1761 2878 ὅπερ

179 2902 282 2956 νῦν
312 2902 413 2956 οὐκ
445 2902 613 2966 ἔστιν,
643 2901 769 2955 οῦτε
799 2901 905 2972 μὴν
956 2901 1161 2972 (238
1192 2903 1260 2969 a)
1305 2900 1400 2954 νῦν
1459 2903 1608 2953 ἐστιν
1637 2900 1670 2971 ἢ
1703 2902 1762 2963 ἐς

179 2993 416 3063 ὕστερον
454 2994 608 3046 ἔσται
652 2994 789 3063 ὅπερ
820 2994 922 3046 οὐκ
967 2988 1037 3063 ἦν
1087 2992 1371 3064 πρότερον.
1405 2984 1508 3044 Ὧν
1553 2992 1661 3062 γὰρ
1712 2992 1759 3045 οἱ

181 3086 335 3152 λόγοι
373 3085 522 3154 παρὰ
547 3085 627 3154 τῷ
655 3085 775 3155 Θεῷ
802 3085 920 3155 ἅμα
957 3084 1034 3155 τῷ
1068 3080 1209 3137 εἶναι
1240 3085 1303 3138 τὺ
1343 3083 1551 3137 τέλειον
1579 3083 1758 3154 ἔσχον,

185 3174 393 3229 τούτων
420 3177 455 3246 ἡ
480 3174 624 3229 κατὰ
646 3176 773 3237 τοὺς
802 3176 1040 3238 οἰκείους
1084 3175 1277 3243 λόγους
1315 3176 1621 3245 παραγωγὴ
1666 3175 1762 3227 καὶ

1863 1331 2013 1399 Quod
2055 1335 2223 1389 omnis
2263 1341 2461 1387 natura
2502 1332 2721 1403 propria
2760 1349 2965 1402 semper
3001 1333 3209 1386 ratione
3250 1332 3440 1386 habeat

2556 1425 2739 1492 ﬁnem.

1930 1532 2121 1589 Omnis
2152 1534 2325 1599 enim,
2355 1544 2411 1589 ut
2448 1535 2750 1605 generatim
2785 1536 3000 1604 loquar,
3034 1544 3248 1600 natura,
3278 1536 3441 1592 intel-

1860 1624 2090 1694 ligibilis
2131 1635 2189 1679 et
2232 1625 2544 1688 sensibilis,
2581 1625 2666 1678 vel
2719 1625 2952 1693 simplex
2996 1634 3052 1678 et
3104 1627 3437 1695 composita.

1863 1730 2197 1785 quocunque
2240 1716 2403 1769 modo
2443 1716 2496 1769 id
2537 1724 2643 1779 est,
2673 1731 2739 1769 ex
2780 1725 2934 1783 parte
2973 1732 3255 1784 nunquam
3296 1716 3442 1785 capit

1866 1807 2085 1862 initium
2118 1808 2492 1877 generationis
2524 1808 2579 1861 in
2610 1808 3021 1871 exsistentiam,
3051 1823 3229 1877 neque
3260 1807 3441 1877 profe-

1863 1908 1953 1954 cto
1977 1916 2043 1954 ex
2069 1899 2295 1954 dimidia
2324 1910 2479 1968 parte
2508 1900 2816 1954 subsistere
2846 1909 3060 1968 potest:
3080 1901 3185 1954 Sed
3214 1900 3259 1953 si
3288 1917 3440 1955 com-

1858 1987 2035 2056 posita
2064 1998 2149 2042 est
2180 1995 2402 2050 natura,
2433 1995 2542 2040 tota
2573 1987 2825 2041 subsistit
2849 1988 3091 2056 perfecta
3120 1989 3282 2042 simul
3311 2005 3438 2044 cum

1859 2078 2118 2148 perfectis
2156 2078 2274 2133 suis
2314 2077 2489 2146 ipsius
2529 2078 2841 2147 particulis,
2874 2094 2977 2133 nec
3017 2080 3101 2132 sui
3145 2080 3310 2135 habet
3345 2089 3441 2134 aut

1860 2169 2268 2238 particularum
2317 2184 2386 2224 ex
2437 2170 2640 2238 quibus
2698 2178 2913 2225 constat
2964 2171 3111 2225 inter
3162 2187 3219 2226 se
3272 2173 3438 2226 ullam

1859 2262 2162 2315 secundum
2210 2244 2432 2331 tempus
2476 2261 2816 2317 distantiam.
2857 2262 3061 2317 Verum
3116 2264 3160 2318 si
3198 2264 3440 2333 simplex

1860 2364 2055 2407 natura
2092 2350 2199 2418 est,
2228 2353 2344 2407 sive
2386 2352 2769 2436 intelligibilis,
2804 2354 2918 2424 pari
2960 2356 3125 2410 modo
3165 2372 3272 2409 una
3313 2370 3438 2410 cum

1861 2444 1976 2497 suis
2006 2444 2169 2513 plene
2201 2442 2511 2498 rationibus
2551 2444 2813 2514 perfectis
2852 2446 2966 2515 ipsa
3007 2446 3249 2515 perfecta
3290 2462 3443 2501 sum-

1861 2535 2051 2588 matim
2078 2534 2352 2599 subsistit,
2375 2543 2624 2605 tempore
2648 2552 2876 2606 prorsus
2898 2539 3050 2591 nullo
3080 2555 3109 2593 a
3133 2541 3250 2595 suis
3276 2541 3442 2594 ratio-

1860 2627 2027 2680 nibus
2052 2634 2332 2696 utcunque
2357 2636 2636 2697 separata.
2660 2628 2851 2697 Neque
2878 2630 3024 2683 enim
3050 2638 3169 2684 erat
3198 2647 3438 2700 unquam

1861 2718 2089 2772 omnino
2117 2718 2300 2788 aliqua
2334 2725 2534 2801 natura
2571 2719 2625 2773 in
2660 2720 2741 2775 eis
2774 2736 2895 2790 quae
2928 2721 3225 2787 exsistunt,
3260 2738 3439 2793 neque

1815 2794 1826 2812 ’
1860 2818 1965 2874 est,
1985 2825 2166 2881 neque
2191 2810 2298 2865 erit
2320 2794 2626 2865 secundum
2658 2811 3013 2881 suamjpsius
3036 2814 3304 2868 rationem
3332 2816 3439 2870 tale

1861 2899 1994 2968 quid
2033 2909 2255 2955 exstans
2290 2900 2439 2970 quod
2480 2907 2629 2956 hunc
2670 2916 2781 2956 non
2819 2911 2936 2965 est,
2968 2918 3147 2973 neque
3193 2905 3439 2975 profecto

1863 3002 2009 3041 nunc
2047 2996 2133 3043 est
2169 2997 2265 3043 aut
2303 2990 2359 3044 in
2403 2989 2595 3067 futuro.
2629 2991 2736 3046 erit
2775 2992 2921 3061 quod
2960 3004 3120 3049 antea
3162 3011 3273 3050 non
3314 2996 3436 3050 fuit.

1861 3076 2107 3142 Quorum
2136 3080 2281 3133 enim
2310 3081 2554 3136 rationes
2577 3083 2720 3151 apud
2753 3083 2922 3138 Deum
2952 3086 3115 3139 simul
3144 3102 3268 3139 eum
3294 3089 3438 3141 exsi-

1862 3171 2062 3226 stentia
2094 3170 2486 3241 perfectionem
2516 3172 2867 3239 habuerunt,
2896 3175 3093 3230 horum
3131 3178 3436 3233 secundmu

178 3265 442 3328 οὐσίωσις
471 3265 795 3335 προσθήκης
826 3265 1009 3335 πάσης
1040 3264 1135 3318 καὶ
1166 3264 1457 3334 ἐλλείψεως
1503 3266 1603 3334 τῆς
1625 3265 1756 3335 πρὸς

1863 3279 1990 3316 suas
2020 3264 2259 3317 rationes
2284 3263 2575 3332 productio
2606 3274 2769 3334 atque
2795 3266 2847 3319 in
2875 3268 3170 3322 essentiam
3203 3270 3438 3337 prolatio

178 3356 246 3409 τὺ
280 3353 420 3410 εἶναι
450 3357 590 3428 ὅπερ
615 3357 746 3409 ὄντα
779 3356 1041 3427 τυγχάνει
1086 3357 1366 3421 παντελῶς
1397 3359 1546 3410 ἔστιν
1575 3357 1762 3410 ἀνεπί-

177 3448 391 3512 δεκτος.
456 3449 596 3502 Ἀλλ’
652 3450 844 3522 ἀρκεῖν
900 3445 1052 3519 οἶμαι
1104 3450 1246 3503 κατὰ
1304 3448 1404 3519 τὴν
1442 3450 1535 3502 τοῦ
1596 3448 1789 3516 λόγου

180 3539 533 3609 παρέκϐασιν
568 3540 663 3593 καὶ
694 3541 831 3611 πρὸς
860 3539 1086 3603 τούτους
1115 3539 1184 3593 τὰ
1208 3539 1303 3595 νῦν
1331 3530 1586 3611 ρηθέντα,
1619 3540 1755 3609 πρὸς

177 3631 245 3683 τὸ
275 3631 351 3701 μὴ
380 3632 795 3703 παρασύρεσθαι
826 3632 1024 3703 ῥᾳδίως
1048 3633 1129 3694 είς
1158 3631 1392 3696 ἀτόπους
1412 3631 1570 3696 δόξας
1602 3632 1757 3701 παρᾶ

177 3722 298 3774 τῶν
339 3722 524 3776 πίστιν
564 3723 907 3792 ποιουμένων
947 3723 1048 3793 τὴν
1088 3722 1147 3779 ἐν
1169 3723 1291 3784 ταῖς
1332 3723 1623 3794 κομψείαις
1648 3722 1756 3777 τῶν

177 3813 360 3882 λόγων
388 3816 643 3886 τεχνικὴν
673 3815 1028 3886 πιθανότητα.

172 4119 287 4173 Διὰ
313 4120 370 4173 τί
392 4117 641 4189 συνῆψε
668 4118 744 4189 τῇ
775 4121 1074 4189 σαρκώσει
1095 4125 1211 4190 τὴν
1240 4125 1308 4177 ἐκ
1331 4110 1753 4196 ,βαπτίσματος

569 4209 860 4280 γέννησιν
910 4214 944 4266 ό
980 4211 1367 4281 διδάσκαλος.

253 4321 398 4393 Πρὸς
424 4322 479 4376 τί
521 4322 577 4377 δὲ
620 4324 833 4394 βλέπων
867 4325 962 4379 καὶ
983 4327 1127 4389 τίνος
1156 4327 1342 4381 ἕνεκεν
1382 4332 1447 4400 τῇ
1481 4332 1756 4402 σαρκώσει

173 4413 426 4484 συνῆψεο
454 4416 566 4486 ,τὴν
589 4419 654 4469 ἐκ
685 4417 1056 4487 βαπτίσματος
1092 4420 1347 4489 γέννησιν
1379 4423 1408 4474 ό
1431 4422 1750 4488 διδάσκαλος

1868 3340 2221 3436 additamenti
2250 3355 2431 3408 omnis
2457 3363 2513 3409 et
2536 3354 2786 3411 defectus
2813 3357 2880 3411 ad
2908 3358 3283 3413 exsistentiam
3312 3374 3433 3413 eam

1865 3459 2027 3512 quam
2076 3443 2272 3498 sortita
2318 3454 2447 3498 sunt
2487 3455 2739 3516 expertes
2784 3457 2842 3502 et
2887 3463 2998 3501 non
3047 3464 3294 3519 capaces.
3327 3449 3434 3505 Sed

1859 3534 1998 3589 satis
2042 3550 2163 3589 esse
2209 3525 2407 3605 opinor
2449 3551 2573 3605 qua:
2622 3552 2772 3591 nunc
2815 3539 3117 3593 secundum
3165 3541 3437 3595 sermonis

1857 3624 2251 3694 digressionem
2300 3627 2466 3680 etiam
2521 3615 2814 3704 adversum
2864 3629 2965 3683 hos
3009 3631 3315 3700 disputavi,
3362 3647 3434 3686 ne

1855 3718 2015 3772 facile
2052 3718 2108 3771 in
2140 3717 2408 3772 absurdas
2440 3717 2729 3787 Opinioues
2764 3719 3222 3776 abstraherentur
3253 3723 3321 3777 ab
3350 3723 3435 3779 eis

1854 3808 1947 3877 qui
1990 3807 2346 3863 artiﬁciosam
2381 3807 2831 3877 probabilitatem
2867 3810 2921 3863 in
2959 3826 3276 3867 sermonum
3314 3814 3431 3868 ele-

1853 3900 2055 3969 gantiis
2080 3914 2182 3970 pro
2212 3898 2318 3955 ﬁde
2345 3898 2551 3953 habent
2576 3908 2744 3970 atque
2775 3903 3184 3957 commendant.

1854 4126 2033 4194 Quare
2070 4128 2320 4198 magister
2357 4143 2474 4180 cum
2510 4127 2877 4179 incarnatione
2910 4126 3242 4196 conjunwerit
3273 4142 3434 4197 gene-

2271 4218 2528 4271 rationem
2555 4233 2649 4287 per
2675 4217 3012 4285 baptismum.

1922 4333 2046 4398 Quo
2080 4341 2336 4401 respectu
2372 4341 2428 4385 et
2459 4346 2567 4400 qua
2601 4345 2764 4385 causa
2797 4330 3055 4400 magister
3087 4346 3212 4386 cum
3251 4332 3430 4387 incar-

1856 4427 2079 4479 natione
2119 4423 2469 4494 coujunxerit
2503 4423 2916 4493 generationem
2958 4440 3055 4491 per
3094 4424 3426 4493 baptismum

172 4508 381 4577 (τοῦτο
425 4506 537 4577 γὰρ
574 4510 656 4573 είς
690 4510 790 4579 τὴν
828 4510 1075 4576 ἐξέτασιν
1123 4511 1206 4565 ἔτι
1252 4511 1346 4565 τοῦ
1389 4516 1751 4586 προκειμένου

1857 4517 1985 4583 (hoc
2011 4516 2159 4570 enim
2191 4522 2361 4568 restat
2383 4514 2563 4567 adhuc
2586 4513 2943 4582 quaerendum
2975 4514 3028 4567 in
3056 4514 3159 4568 hac
3182 4515 3429 4585 disputa-

169 4599 424 4652 λείπεται
465 4599 677 4669 λόγου),
729 4602 1011 4671 συντόμως
1072 4603 1150 4666 ὼς
1194 4602 1398 4673 ἔμαθον
1454 4606 1567 4679 ἐρῶ
1612 4608 1750 4660 κατά

166 4689 432 4760 δύναμιν.
488 4692 659 4745 1ιἀσὶν
699 4694 751 4745 ot
803 4695 871 4746 τὰ
912 4693 1031 4747 θεῖα
1065 4694 1343 4763 μυστικῶς
1398 4697 1751 4765 περιέποντες

166 4782 358 4849 λόγια,
384 4783 479 4835 καὶ
511 4784 623 4845 τοῖς
650 4782 1024 4854 ὑψηλοτέροις,
1061 4783 1138 4846 ὼς
1183 4784 1350 4847 εἰκὸς,
1378 4785 1520 4837 αὐτὰ
1544 4782 1752 4854 ’σεμνύ-

166 4890 363 4936 νοντες
413 4872 754 4945 θεωρήμασι,
801 4875 923 4927 κατ’
970 4876 1155 4928 εἰκόνα
1221 4874 1358 4929 Θεοῦ
1414 4875 1534 4927 κατ’
1580 4876 1752 4945 ἀρχὰς

166 4965 513 5036 γεγενῆσθαι
553 4966 647 5019 τὸν
685 4965 993 5037 ἄνθρωπον,
1026 4967 1126 5020 ἐπὶ
1170 4966 1248 5036 τῷ
1299 4966 1515 5029 πάντως
1562 4983 1755 5037 γεννη·

167 5062 343 5129 θῆναι
365 5060 506 5113 κατὰ
532 5060 853 5129 προαίρεσιν
880 5059 1176 5129 πνεύματι,
1210 5060 1305 5113 καὶ
1340 5048 1667 5131 προσλαϐεῖν
1693 5060 1753 5111 τὸ

166 5149 304 5204 καθ’
331 5150 593 5220 ὁμοίωσιν
620 5150 709 5204 διὰ
746 5152 846 5221 τῆς
886 5152 1173 5222 τηρήσεως
1201 5152 1295 5222 τῆς
1353 5151 1503 5214 θείας
1532 5152 1753 5221 ἐντολῆς

164 5240 329 5312 ωὐτῷ
352 5243 805 5313 προσγενόμενον,
841 5239 978 5316 ἵναῇ
1000 5245 1029 5296 ό
1044 5242 1205 5305 αὐτὸς
1224 5242 1319 5297 ἄνθ
1327 5259 1510 5313 ρωπος
1526 5242 1752 5310 πλάσμα

167 5333 282 5403 μὲν
310 5331 405 5385 τοῦ
430 5332 565 5386 Θεοῦ
591 5334 734 5387 κατὰ
762 5333 946 5404 φύσιν,
978 5332 1107 5398 Υίδς
1127 5333 1185 5387 δὲ
1210 5332 1348 5387 Θεοῦ
1381 5333 1476 5386 καὶ
1495 5334 1628 5393 Θεὸς
1664 5332 1753 5385 διὰ

166 5425 499 5496 Πνεῦματος
546 5427 687 5480 κατὰ
732 5428 914 5499 χάριν.
950 5428 1023 5482 Οὐ
1052 5428 1161 5498 γὰρ
1201 5424 1270 5500 ἦν
1314 5428 1540 5481 δυνατὸν
1577 5426 1752 5491 ἄλλως

168 5514 312 5568 Υίδν
327 5515 715 5584 ἀποδειχθῆναι
738 5516 877 5569 Θεοῦ
900 5516 997 5571 καὶ
1019 5516 1153 5571 Θεὸν
1174 5517 1316 5571 κατὰ
1331 5518 1429 5586 τὴν
1452 5518 1517 5570 ἐκ
1531 5518 1753 5588 χάριτος

162 5609 377 5661 θέωσιν
413 5609 503 5661 τὸν
527 5608 820 5678 γενόμενον
845 5608 1153 5678 ἄνθρωπον,
1208 5609 1283 5681 μὴ
1314 5611 1582 5680 πρότερον
1610 5610 1751 5664 κατὰ

164 5701 502 5772 προαίρεσιν
524 5701 858 5771 γεννηθέντα
888 5701 967 5772 τῷ
984 5702 1282 5772 Πνεῦματι,
1299 5703 1388 5756 διὰ
1410 5703 1506 5773 τὴν
1525 5702 1752 5757 ἐνοῦσαν

163 5792 330 5863 αὐτῷ
362 5792 612 5863 φυσικῶς
641 5793 1000 5865 αὐτοκίνητον
1045 5794 1141 5849 καὶ
1173 5794 1468 5851 ἀδέσποτον
1499 5795 1745 5866 δύναμιν.

1854 4607 2059 4675 tione),
2090 4605 2143 4659 id
2175 4605 2422 4660 breviter
2444 4612 2503 4659 ut
2531 4603 2698 4659 didici
2731 4619 2831 4674 pro
2855 4605 3069 4659 viribus
3098 4607 3235 4660 meis
3264 4624 3429 4676 expo-

1854 4713 1999 4751 nam.
2025 4696 2129 4762 Qui
2160 4696 2346 4750 divina
2378 4678 2605 4767 mystice
2633 4702 2873 4749 tractant
2896 4696 3139 4760 oracula,
3167 4712 3231 4750 ac
3259 4696 3430 4750 subli-

1853 4790 2144 4853 mioribus,
2178 4800 2239 4844 ut
2269 4806 2367 4859 par
2397 4797 2504 4852 est,
2535 4788 3096 4858 contemplationibus
3130 4789 3426 4849 honorant.

1854 4883 2132 4936 hominem
2161 4881 2227 4935 ad
2257 4882 2351 4935 Dei
2378 4881 2672 4952 imaginem
2700 4881 2754 4935 in
2783 4880 3058 4950 principio
3079 4882 3282 4935 factum
3307 4898 3428 4937 esse

1855 4973 2109 5036 tradunt,
2132 4988 2257 5027 cum
2291 4973 2457 5042 plane
2491 4971 2794 5028 secundum
2829 4973 3165 5027 voluntatem
3198 4988 3429 5043 gencra-

1855 5073 1943 5118 tus
1980 5072 2125 5119 esset
2165 5064 2374 5134 Spiritu
2394 5105 2409 5129 ,
2440 5072 2497 5119 et
2527 5064 2943 5119 similitudinem
2978 5064 3121 5118 hanc
3151 5064 3427 5132 accepisse

1853 5156 2172 5210 attributam
2225 5164 2455 5226 propter
2500 5166 2778 5210 servatum
2827 5155 2921 5209 Dei
2969 5156 3318 5217 mandatum,
3366 5164 3427 5208 ut

1855 5247 1998 5301 idem
2044 5248 2209 5302 homo
2249 5247 2567 5318 ﬁgmentum
2606 5249 2830 5318 quidem
2872 5250 2945 5304 sit
2983 5248 3080 5303 Dei
3121 5249 3424 5304 secundum

1854 5350 2135 5403 naturam,
2184 5340 2280 5395 sed
2334 5340 2506 5394 Filius
2560 5340 2658 5395 Dei
2713 5352 2771 5395 et
2820 5341 2963 5395 Deus
3010 5356 3110 5410 per
3160 5340 3426 5409 Spiritum

1853 5432 2157 5487 secundum
2194 5431 2442 5502 gratiam.
2478 5432 2597 5488 Non
2636 5433 2785 5487 enim
2829 5434 2989 5487 aliter
3022 5420 3118 5488 Déi
3158 5433 3329 5487 Filius
3363 5448 3427 5487 ac

1852 5525 1997 5578 Deus
2041 5526 2346 5581 secundum
2390 5528 2577 5597 gratiae
2618 5528 3023 5584 deiticationem
3068 5529 3247 5599 potuit
3282 5526 3427 5581 desi-

1852 5616 2004 5684 gnari
2030 5617 2196 5669 homo
2220 5616 2416 5681 factus,
2441 5620 2543 5673 nisi
2575 5630 2733 5673 antea
2760 5620 3062 5673 secundum
3087 5620 3425 5707 voluntatem

1850 5716 1998 5763 esset
2037 5707 2241 5777 Spiritu
2282 5721 2595 5779 generatus,
2627 5712 2699 5763 oh
2736 5727 2858 5766 eam
2899 5726 3063 5780 quam
3102 5710 3425 5765 naturaliter

1854 5799 1908 5853 in
1944 5814 2001 5854 se
2037 5799 2200 5857 habet
2231 5810 2556 5871 potestatem
2592 5802 2752 5858 liberi
2784 5803 3027 5857 arbitrii.
3062 5802 3211 5858 lianc
3256 5801 3424 5870 igitur
