4192 6434
771 360 905 426 1347

1942 356 2000 414 S.
2044 353 2327 412 ΜΛΧΙΜΙ
2369 353 2881 413 CONFESSORIS

3890 364 4026 429 1348

766 474 1020 529 deiﬁcam
1062 481 1227 542 atque
1272 470 1515 526 divinant
1557 478 1612 522 et
1652 467 2069 521 immaterialem
2108 481 2339 536 genera-

2450 467 2677 519 Ἥντινα
2708 465 2955 519 θεοποιδν
2989 467 3079 520 καὶ
3105 468 3255 521 θείαν
3294 473 3387 523 καὶ
3426 472 3589 528 ἄῦλον
3626 475 3905 546 γέννησιν,
3935 481 4021 531 διε

768 566 972 620 tionem
1004 580 1129 620 cum
1159 564 1369 634 primus
1390 562 1555 615 homo
1580 559 1933 621 deseruisset,
1955 558 2084 627 quia
2112 558 2194 611 eis
2221 572 2342 625 qua:

767 656 1083 710 intellectus
1136 662 1264 708 sunt
1311 660 1366 706 et
1417 652 1488 705 ob
1535 652 1823 705 oculorum
1880 649 2076 701 obtutu
2133 656 2340 701 remota

768 748 988 800 interim
1040 745 1197 799 bonis
1246 743 1487 814 praetulit
1533 742 1848 797 sensibilem
1901 740 2237 809 voluptatem
2287 748 2343 791 et

765 838 1137 897 manifestam,
1174 835 1479 905 corporali,
1513 849 1635 903 quae
1672 847 1781 886 non
1819 831 1995 887 nostri
2036 845 2232 900 nempe
2269 830 2343 884 sit

766 930 1013 992 arbitrii,
1050 943 1115 983 ac
1157 927 1429 982 materiali
1471 934 1529 979 et
1565 925 1677 979 fato
1718 923 2072 979 concedenda
2110 938 2340 993 genera-

767 1022 913 1073 tione
936 1021 1250 1083 damnatur,
1270 1020 1419 1089 justo
1443 1016 1536 1071 Dei
1559 1017 1792 1087 judicio,
1817 1016 1908 1085 qui
1937 1025 2130 1085 sponte
2156 1015 2342 1084 pejora

765 1111 1073 1181 pnetulerit
1119 1111 1469 1173 melioribus,
1520 1109 1572 1162 id
1622 1117 1707 1162 est
1753 1108 2161 1178 generationem
2214 1121 2342 1175 pas-

768 1204 908 1256 sioni
940 1203 1242 1273 subjectam
1272 1210 1329 1255 et
1358 1201 1614 1255 servilem
1645 1210 1699 1254 et
1729 1207 1997 1262 coactam,
2031 1198 2086 1250 in
2118 1197 2341 1250 modum

767 1295 1065 1349 bestiarum
1098 1304 1256 1347 teme
1288 1294 1576 1347 brutarum
1609 1299 1665 1343 et
1688 1290 1915 1359 pecudis
1942 1297 2124 1343 mente
2153 1303 2343 1341 caren-

767 1389 860 1447 tis,
894 1386 1198 1455 praetulerit
1243 1384 1484 1439 libertati
1530 1398 1593 1437 ac
1633 1380 1972 1451 generationi
2013 1396 2044 1434 a
2090 1380 2341 1448 passione

765 1479 952 1531 liberae
987 1484 1043 1531 et
1073 1477 1156 1530 sui
1196 1474 1412 1528 arbitrii
1449 1483 1507 1527 et
1538 1481 1760 1535 sanctm,
1792 1478 1956 1538 atque
1994 1483 2095 1538 pro
2130 1468 2343 1523 honore

765 1587 887 1624 enm
928 1571 1038 1623 Deo
1082 1578 1139 1622 et
1178 1568 1369 1620 divino
1419 1574 1477 1620 et
1517 1563 1783 1619 inellabili
1826 1561 2061 1616 mercari
2103 1561 2343 1615 voluerit

766 1676 951 1731 parem
1001 1675 1126 1713 cum
1178 1656 1469 1711 insensatis
1518 1655 1709 1709 bestiis
1751 1661 1808 1708 et
1854 1652 2237 1706 inhonoratam
2287 1650 2341 1703 in

766 1752 1052 1805 materiam
1098 1747 1507 1816 relegationem.
1536 1746 1653 1812 Qua
1693 1744 1972 1797 hominem
2012 1743 2249 1796 liberare
2287 1749 2343 1794 et

2442 559 2503 610 τὸ
2555 562 2892 631 προτιμῆσαι
2950 564 3062 617 τῶν
3119 570 3426 638 νοουμένων
3473 572 3569 624 καὶ
3628 574 3844 643 ἀδήλων
3886 576 4024 637 τέως

2442 648 2664 717 ἀγαθῶν
2731 652 2790 705 τὸ
2844 656 2965 706 κατ’
3017 657 3271 726 αἴσθησιν
3319 661 3555 730 τερπνὸν
3597 665 3694 716 καί
3743 666 4022 734 ἐπίδηλον.

2445 741 2767 811 παραλιπὼν
2812 746 2841 798 6
2885 747 3101 818 πρῶτος
3131 752 3440 822 ἄνθρωπος.
3494 754 3594 827 τὴν
3635 758 3702 810 ἐκ
3751 761 4025 830 σωμάτων

2443 832 2668 898 εἰκότως
2736 837 3098 909 ἀπροαίρετον
3162 845 3257 896 καὶ
3315 845 3505 917 ὑλικὴν
3572 850 3669 902 καὶ
3753 851 4024 922 ἐπίκηρον

2445 926 2461 995 (
2485 926 2649 997 238
2680 929 2749 998 ὁ)
2787 929 2934 999 ἔχειν
2963 934 3383 1000 καταδικάζεται
3408 938 3683 1011 γέννησιν,
3713 942 3884 1005 ἀξίως
3918 946 4026 1013 κρί-

2443 1034 2631 1080 ναντος
2671 1020 2764 1073 τοῦ
2824 1020 2961 1075 θεοῦ
3010 1024 3103 1077 τὸν
3147 1027 3410 1090 ἑκουσίως
3442 1030 3551 1083 τῶν
3600 1033 3935 1102 κρειττόνων
3961 1035 4023 1087 τά

2444 1109 2663 1178 χείρονα
2700 1112 3083 1181 προελόμενον,
3136 1117 3235 1186 τὴν
3294 1119 3519 1189 ἐμπαθῆ
3557 1124 3652 1174 καὶ
3699 1122 3900 1192 δούλην
3932 1126 4022 1177 καὶ

2444 1202 2999 1273 κατηναγκασμένην,
3029 1204 3151 1258 καθ’
3178 1207 3480 1279 ὁμοιότητα
3504 1211 3613 1263 τῶν
3639 1213 3730 1265 ἐπὶ
3768 1217 3878 1283 γῆς
3899 1215 4022 1268 ἀλό-

2442 1308 2555 1359 γων
2588 1310 2646 1345 τε
2680 1296 2774 1347 καὶ
2796 1296 3040 1366 ἀνοήτων
3055 1299 3269 1370 κτηνῶν
3298 1301 3550 1371 γέννησιν
3572 1304 3673 1372 τῆς
3705 1304 4024 1375 ἐλευθερίας

2444 1384 2537 1435 καὶ
2558 1384 2803 1449 ἀπαθοῦς
2835 1388 2928 1439 καὶ
2977 1388 3308 1458 αύθαιρέτου
3354 1393 3447 1443 καὶ
3475 1392 3649 1462 ἁγνῆς
3693 1396 4022 1459 ἀνταλλάξαι

2442 1475 2767 1540 γεννήσεως,
2820 1479 2914 1530 καὶ
2937 1478 3036 1547 τῆς
3075 1477 3173 1531 σὺν
3208 1479 3326 1549 Θεῷ
3360 1482 3454 1534 καὶ
3484 1482 3633 1546 θείας
3664 1486 4021 1540 καὶάνεκλαο

2442 1564 2603 1633 λήτου
2636 1565 2808 1634 τιμῆς
2837 1566 2936 1636 τὴν
2993 1568 3134 1637 μετά
3171 1568 3279 1622 τῶν
3303 1571 3547 1641 ἀνοήτων
3582 1574 3801 1643 κτηνῶν
3825 1576 4023 1642 ἄτιμον

2442 1655 2751 1708 ἀντιλαϐεῖν
2779 1657 3286 1728 συμπαρενύλησιν.
3320 1654 3580 1726 Ἦστινος
3605 1666 3698 1716 τὸν
3733 1664 4023 1735 ἄνθρωπον

2445 1746 2808 1818 ἐλευθερῶσαι
2865 1749 2960 1801 καὶ
3012 1748 3150 1819 πρὸς
3188 1750 3288 1820 τὴν
3338 1749 3491 1804 Θείαν
3522 1752 3820 1823 εὑκληρίαν
3859 1756 4022 1805 ἐπαν-

765 1842 830 1895 ad
875 1839 1267 1913 beatitudinem
1308 1837 1548 1891 divinam
1592 1836 1861 1889 reducere
1894 1833 2084 1887 volens
2125 1832 2338 1894 Sermo,

2450 1842 2673 1906 αγαγεῖν
2702 1838 3025 1908 βουλόμενος
3049 1840 3079 1893 6
3109 1841 3208 1910 τὴν
3239 1819 3402 1909 φύσιν
3444 1843 3550 1896 τῶν
3579 1819 3887 1913 ἀνθρώπων
3929 1844 4021 1915 δηο

768 1947 975 1987 ΙΙΔιΙΙΓὶΕ
1017 1932 1269 1985 humanae
1309 1930 1525 1992 artifex,
1554 1929 1718 1981 homo
1758 1941 1823 1980 ex
1865 1924 2186 1979 hominibus
2214 1937 2343 1976 vere

765 2024 825 2079 fit
858 2034 1020 2093 atque
1056 2033 1351 2093 generatur
1382 2020 1748 2091 corporaliter
1783 2018 1902 2074 sine
1942 2025 2170 2086 peccato
2212 2030 2343 2085 pro-

766 2129 888 2187 pter
917 2117 1215 2176 hominem.
1250 2123 1305 2169 et
1335 2114 1670 2183 baptizatur,
1701 2117 1897 2181 sponte
1926 2108 2155 2163 subiens
2180 2122 2345 2177 gene-

768 2210 1034 2263 rationem
1088 2224 1187 2277 pro
1242 2207 1402 2261 nobis
1458 2206 1514 2259 in
1564 2204 1919 2273 adoptionem
1970 2200 2342 2271 Spiritualem,

767 2300 1136 2354 essentialiter
1162 2299 1307 2353 Deus
1334 2305 1392 2352 et
1416 2297 1511 2352 Dei
1542 2296 1846 2352 secundum
1875 2302 2127 2348 naturam
2151 2290 2343 2354 Filius,

770 2403 829 2445 nt
852 2392 1155 2445 inllrmaret
1178 2389 1524 2460 corporalem
1552 2386 1985 2459 generationem.
2010 2384 2146 2440 Cum
2177 2383 2347 2453 igitur

768 2482 862 2551 qui
897 2496 999 2534 nos
1033 2481 1183 2543 fecit,
1216 2480 1424 2550 quique
1460 2478 1614 2533 solus
1652 2478 1798 2533 Patri
1838 2492 1962 2531 cum
2006 2477 2211 2547 Spiritu
2248 2491 2346 2547 par

768 2582 932 2627 estet
956 2571 1159 2625 deitate
1187 2579 1244 2626 et
1269 2570 1439 2642 gloria
1471 2570 1643 2625 Filius
1671 2577 1727 2624 et
1758 2569 1970 2634 Sermo,
1998 2578 2221 2639 propter
2247 2584 2345 2624 nos

769 2663 913 2733 apud
958 2677 1058 2715 nos
1099 2677 1163 2715 ex
1203 2661 1366 2715 nobis
1399 2676 1531 2715 vere
1568 2661 1734 2714 homo
1776 2660 1867 2723 lit,
1898 2669 1953 2715 et
1989 2659 2346 2729 corporaliter

772 2754 1016 2809 nascitur
1040 2754 1158 2807 sine
1185 2760 1434 2823 peccato,
1457 2762 1513 2807 et
1535 2751 1946 2823 generationem
1978 2750 2046 2806 de
2072 2749 2346 2818 baptismo

771 2848 824 2902 in
868 2848 1224 2917 adoptionem
1265 2846 1608 2916 spiritualem
1653 2862 1753 2917 pro
1797 2846 1959 2900 nobis
2000 2845 2342 2900 subeundam

770 2940 1015 3009 suscepit
1060 2939 1387 2993 naturaliter
1434 2939 1611 3002 Deus,
1657 2938 1865 2992 idcirco
1911 2953 2038 2992 cum
2089 2937 2344 2992 incarna-

772 3029 941 3090 tione,
973 3036 1033 3080 ut
1066 3027 1200 3081 mihi
1233 3026 1479 3090 videtur,
1509 3026 1771 3097 magister
1799 3026 2087 3097 conjunxit
2116 3041 2348 3097 genera-

773 3121 979 3173 tionem
1017 3135 1083 3172 ex
1116 3118 1410 3187 baptismo,
1443 3128 1503 3172 ut
1535 3119 1639 3173 hoc
1670 3116 2012 3173 inﬁrmanda:
2039 3118 2348 3188 expiandze-
2374 3149 2416 3205 (ἶ

770 3227 878 3281 que
912 3210 1211 3280 corporalis
1247 3211 1622 3280 generationis
1655 3210 1830 3281 gratia
1865 3209 2067 3264 factum
2101 3225 2222 3264 csse
2260 3210 2343 3263 in-

775 3303 1116 3372 terpreteris.
1148 3303 1281 3357 Nam
1318 3302 1464 3372 quod
1499 3302 1670 3356 Adam
1710 3301 2144 3371 (generationem
2177 3299 2343 3370 spiri-

774 3395 975 3446 tualem
1006 3392 1057 3445 in
1087 3392 1520 3457 dciﬁcationem,
1548 3391 1804 3463 inquam)
1838 3401 2033 3462 sponte
2065 3389 2344 3453 deseruit,

776 3496 836 3538 nt
868 3485 1141 3554 corporali
1178 3485 1235 3539 in
1269 3484 1553 3540 interitum
1584 3485 1939 3556 generatione
1969 3484 2343 3548 damnaretur,

777 3578 879 3629 hoc
923 3586 1115 3646 sponte
1156 3592 1276 3642 sua,
1309 3586 1371 3630 ut
1411 3576 1590 3631 bonus
1631 3585 1688 3632 et
1724 3577 2008 3631 hominum
2048 3591 2257 3641 amans,
2293 3575 2346 3629 in

775 3680 965 3723 nostro
998 3672 1151 3739 lapsu
1187 3670 1354 3724 homo
1385 3669 1582 3733 lactus,
1607 3684 1776 3738 seque
1811 3670 1989 3737 ipsum
2026 3684 2151 3722 cum
2189 3668 2348 3723 nobis

777 3761 981 3829 pariter
1004 3758 1399 3823 eondcmnans,
1417 3757 1512 3828 qui
1538 3758 1690 3813 solus
1713 3758 1852 3812 liber
1871 3768 1929 3812 et
1953 3758 2073 3812 sine
2096 3768 2345 3829 peccato,

774 3863 831 3906 et
851 3850 1194 3919 corporalem
1218 3851 1627 3920 generationem
1649 3849 1994 3903 subeundam
2017 3850 2343 3919 suscipiens,

780 3945 834 3997 in
872 3957 978 4011 qua
1019 3940 1495 3995 eondemnationis
1538 3947 1745 3993 nostra}
1783 3939 1963 3994 adhuc
1996 3940 2082 3993 vis
2121 3939 2346 4002 inesset,

779 4034 1123 4103 spiritualem
1158 4032 1388 4102 mystice
1420 4031 1833 4101 generationem
1870 4033 2160 4100 reparavit,
2188 4040 2349 4101 atque

778 4125 973 4178 Solutis
1005 4122 1374 4193 generationis
1404 4123 1709 4190 corporalis
1741 4136 1841 4191 pro
1874 4121 2035 4175 nobis
2069 4121 2123 4174 in
2152 4130 2351 4175 semet-

782 4217 901 4283 ipso
933 4214 1169 4267 vinculis
1202 4230 1301 4282 per
1334 4213 1676 4281 spiritualem
1707 4212 2007 4265 voluntatis
2038 4214 2350 4283 generatio-

780 4322 904 4359 nem
940 4304 1132 4367 nobis,
1158 4304 1251 4373 qui
1287 4303 1568 4357 credimus
1605 4301 1659 4355 in
1692 4303 1814 4372 ejus
1844 4317 2076 4365 nomen,
2109 4312 2351 4372 potesta-

783 4410 891 4452 tem
923 4398 1078 4451 dedit
1102 4404 1166 4451 ut
1193 4395 1289 4451 Dei
1318 4394 1415 4448 lilii
1444 4410 1547 4464 pro
1577 4394 1760 4448 carnis
1787 4409 1852 4448 ac
1881 4393 2164 4463 sanguinis
2194 4392 2353 4447 liere-

2447 1931 2783 2001 μιουργήσας
2806 1930 2999 1999 Λόγος,
3029 1931 3315 2002 ἄνθρωπος
3359 1933 3420 1998 ἐξ
3465 1935 3771 2006 ἀνθρώπιον
3804 1936 4026 2006 ἀληθῶς

2444 2022 2656 2090 γίνεταί
2686 2039 2745 2075 τε
2784 2026 2877 2077 καὶ
2909 2026 3169 2093 γεννᾶται
3198 2027 3526 2097 σωματικῶς
3550 2029 3721 2099 χωρὶς
3743 2030 4026 2100 ἁμαρτίας

2443 2113 2532 2166 διὰ
2557 2114 2649 2168 τὸν
2678 2116 2988 2183 ἄνθρωπον,
3013 2118 3107 2170 καὶ
3138 2117 3479 2187 βαπτίζεται,
3513 2121 3611 2189 τὴν
3643 2123 3723 2185 εἰς
3748 2122 4029 2175 υἱοθεσίαν

2445 2210 2825 2281 πνευματικὴν
2885 2209 3029 2277 ὑπὲρ
3100 2211 3256 2282 ἡμῶν
3320 2213 3581 2278 ἑκουσίως
3649 2216 4027 2285 ὑπερχόμενος

2443 2299 2718 2370 γέννησιν,
2752 2304 2781 2355 6
2811 2302 2932 2355 κατ’
2962 2305 3151 2357 οὐσίαν
3187 2303 3321 2368 Θεὸς
3349 2307 3444 2359 καὶ
3486 2305 3623 2359 Θεοῦ
3670 2308 3815 2361 κατά
3864 2307 4030 2376 φύσιν

2446 2390 2595 2454 Υἱὸς,
2651 2393 2731 2456 είς
2769 2392 3031 2464 ἀθέτησιν
3077 2397 3176 2466 τῆς
3225 2397 3291 2449 ὲκ
3351 2396 3620 2466 σωμάτων
3688 2398 4025 2468 γεννήσεως.

2458 2481 2673 2554 Ἐπειδὴ
2699 2484 2879 2537 τοίνυν
2910 2485 2977 2538 δι’
3008 2487 3154 2554 ἡμᾶς
3198 2487 3227 2539 6
3268 2487 3500 2556 ποιήσας
3532 2488 3682 2558 ἡμᾶς
3728 2489 3823 2542 καὶ
3867 2490 4029 2557 μόνος

2445 2573 2523 2641 τῷ
2556 2576 2733 2646 Πατρὶ
2759 2578 2899 2644 μετά
2927 2580 3023 2631 τοῦ
3056 2577 3372 2649 Πνεύματος
3397 2580 3626 2649 όμόθεος
3647 2581 3741 2633 καὶ
3767 2581 4029 2650 ὁμόδοξος

2446 2664 2572 2727 Υἱὸς
2601 2667 2695 2718 καὶ
2729 2667 2899 2735 Λόγος
2948 2667 3070 2721 καθ’
3104 2670 3254 2738 ἡμᾶς
3282 2667 3341 2734 ἐξ
3371 2669 3533 2739 ἡμῶν
3558 2670 3777 2740 ἀληθῶς
3808 2671 4029 2741 ἀνθρω-

2445 2770 2546 2817 πος
2570 2755 2801 2822 γίνεται,
2845 2755 2939 2809 καὶ
2973 2756 3303 2827 σωματικῶς
3350 2759 3609 2825 γεννᾶται
3641 2759 3811 2830 χωρὶς
3840 2760 4029 2829 ἀμαρ-

2444 2839 2586 2906 τίας,
2618 2843 2713 2895 καὶ
2742 2845 2842 2913 τὴν
2863 2845 2928 2896 ὲκ
2953 2842 3328 2914 βαπτίσματος
3358 2847 3438 2908 είς
3470 2847 3743 2900 υἱοθεσίαν
3773 2863 4031 2917 πνευμαο

2446 2932 2603 3002 τικὴν
2631 2932 2773 3002 ὑπὲρ
2802 2933 2960 3002 ἡμῶν
2999 2934 3255 2986 ὑπελθεῖν
3303 2935 3663 3006 καταδέχεται
3710 2937 3973 3005 γέννησιν
4004 2941 4035 2991 6

2448 3023 2609 3091 φύσει
2632 3023 2787 3087 Θεὸς,
2820 3024 2907 3077 διὰ
2933 3024 3089 3078 τοῦτο
3121 3026 3325 3096 συνῆψε
3368 3029 3437 3098 τῇ
3486 3028 3785 3099 σαρκώσει,
3842 3030 4033 3092 καθὼς

2448 3110 2622 3184 οἶμαι,
2657 3116 2755 3184 τὴν
2786 3117 2851 3168 ὲκ
2882 3114 3261 3186 βαπτίσματος
3315 3117 3572 3185 γέννησιν
3614 3119 3645 3170 6
3678 3119 4034 3183 διδασκαλος,

2446 3204 2522 3268 ὡς
2545 3206 2623 3268 εἰς
2649 3206 2906 3277 ἀθέτησιν
2932 3208 3027 3261 καὶ
3059 3207 3215 3262 λύσιν
3254 3208 3354 3277 τῆς
3400 3209 3467 3262 ἐκ
3502 3210 3773 3278 σωμάτων
3803 3212 4033 3279 ἐπινοη-

2447 3295 2605 3364 θῆναι
2637 3299 2963 3369 γεννήσεως.
2999 3298 3179 3371 ’Ὀπερ
3207 3299 3317 3370 γὰρ
3347 3300 3376 3353 6
3412 3300 3584 3370 ’Δδάμ
3628 3300 3803 3371 (λέγω
3832 3302 3889 3355 δὲ
3930 3302 4035 3371 τὴν

2446 3388 2525 3450 εἰς
2552 3387 2748 3439 θέωσιν
2779 3391 2842 3441 ἐκ
2867 3389 3175 3458 πνεύματος
3215 3390 3502 3460 γέννησιν)
3540 3391 3807 3453 ἑκουσίως
3846 3409 4034 3461 παρα-

2446 3478 2619 3531 λιπὼν
2648 3479 2942 3548 γεννᾶσθαι
2986 3482 3317 3550 σωματικῶς
3351 3485 3433 3547 είς
3463 3483 3673 3555 φθορὰν
3699 3484 4033 3554 κατεκρίθη,

2447 3571 2603 3625 τοῦτο
2625 3574 2765 3627 κατὰ
2798 3573 3021 3643 θέλησιν
3058 3575 3135 3638 ὡς
3173 3575 3378 3643 ἀγαθὸς
3421 3578 3516 3630 καὶ
3550 3578 3938 3649 φιλάνθρωπος
3976 3580 4035 3630 ὲν

2446 3661 2525 3732 τῷ
2576 3662 2736 3732 ἡμῶν
2779 3663 3188 3734 παραπτώματι
3221 3667 3515 3736 γενόμενος
3564 3667 3874 3738 ἄνθρωπος,
3933 3668 4036 3719 καὶ

2449 3758 2887 3828 συγκατακρίνας
2910 3760 3041 3829 ἡμῖν
3066 3760 3257 3813 ἑαυτὸν
3283 3760 3568 3825 ἑκουσίως,
3612 3763 3642 3814 6
3680 3762 3843 3831 μόνος
3871 3761 4034 3813 ὲλεύ-

2454 3850 2611 3918 θερος
2662 3848 2755 3901 καὶ¹
2783 3850 3191 3921 ἀναμάρτητος,
3229 3851 3323 3904 καὶ
3349 3851 3449 3920 τὴν
3478 3852 3543 3903 ὲκ
3585 3853 3860 3920 σωμάτων
3904 3868 4038 3919 γεν⁶

2452 3940 2637 4010 (239
2674 3941 2728 4007 a)
2762 3941 2993 4011 νηθῆναι
3021 3942 3456 4013 καταδεξάμενος
3494 3942 3773 4011 γέννησιν,
3825 3945 3885 3995 ὲν
3975 3943 4036 3994 τὸ

2450 4033 2651 4099 κράτος
2714 4033 2925 4103 ὑπῆρχε
2980 4033 3080 4101 τῆς
3127 4034 3285 4103 ἡμῶν
3347 4036 3747 4103 κατακρίσεως,
3817 4036 3919 4104 τὴν
3976 4036 4035 4085 ἑν

2451 4122 2720 4192 πνεύματι
2773 4124 3051 4192 μυστικῶς
3107 4123 3457 4194 διωρθώσατο
3488 4124 3760 4194 γέννησιν,
3795 4126 3893 4177 καὶ
3933 4125 4037 4193 τῆς

2453 4216 2770 4284 σωματικῆς
2800 4215 3110 4283 γεννήσεως
3157 4214 3325 4278 λύσας
3362 4216 3503 4285 ὑπὲρ
3533 4215 3689 4284 ἡμῶν
3743 4219 3801 4268 ἐν
3851 4217 4038 4284 ἐαυτῷ

2452 4308 2518 4360 τὰ
2540 4306 2712 4377 δεσμά
2735 4306 2965 4359 δέδωκεν
2990 4308 3123 4376 ἡμῖν
3151 4307 3399 4370 ἐξουσίαν
3419 4307 3505 4361 διὰ
3522 4307 3622 4375 τῆς
3651 4308 3791 4360 κατά
3814 4308 4038 4377 πνεῦμα

2454 4400 2761 4469 γεννήσεως
2796 4397 2938 4451 κατά
2973 4398 3213 4467 θέλησιν,
3262 4398 3427 4451 τέκνα
3477 4397 3613 4450 Θεοῦ
3659 4398 3783 4450 ἀντὶ
3833 4398 4040 4469 σαρκὸς

781 4506 923 4544 mus.
958 4488 1271 4543 lncarnatio
1306 4486 1474 4556 igitur
1507 4496 1671 4555 atque
1703 4485 2005 4554 corporalis
2036 4484 2189 4554 prius
2222 4500 2350 4554 pro-

2458 4490 2551 4541 καὶ
2582 4489 2813 4557 αἵματος
2850 4487 3103 4554 γενέσθαι
3142 4489 3255 4550 τοῖς
3282 4487 3629 4539 πιστεύουσιν
3657 4488 3739 4549 είς
3770 4486 3837 4538 τδ
3865 4488 4041 4555 δνομα

785 4592 904 4651 pter
955 4594 1132 4633 meam
1180 4576 1587 4631 damnationem
1644 4575 1698 4628 in
1748 4574 1982 4629 Domino
2034 4584 2218 4629 secuta
2271 4582 2357 4628 est

781 4671 1086 4742 generatio,
1119 4679 1176 4723 et
1214 4669 1294 4723 sic
1331 4683 1451 4737 (μιαί
1485 4667 1698 4735 reliqua
1737 4676 1859 4721 erat
1893 4682 1991 4735 per
2024 4666 2354 4736 baptismum

784 4762 1089 4832 spiritualis
1129 4760 1375 4815 insecuta
1416 4766 1503 4813 est
1542 4757 1853 4828 generatio,
1883 4772 1981 4826 pro
2020 4757 2196 4811 salute
2238 4773 2355 4810 mea

786 4849 1087 4903 secundum
1137 4848 1366 4917 gratiam
1408 4856 1465 4901 et
1508 4845 1888 4909 revocatione,
1924 4854 2047 4908 aut,
2082 4854 2145 4898 ut
2186 4846 2359 4915 magis

787 4937 1077 5007 perspicue
1121 4936 1331 5000 dicam,
1367 4935 1685 5000 relietione,
1733 4951 1841 5004 qua
1891 4935 2036 4988 Deus
2081 4935 2229 4989 circa
2273 4950 2360 4989 me

787 5032 1007 5100 cepuIat
1034 5028 1369 5083 exsistentia‘.
1398 5043 1535 5082 mea:
1561 5036 1617 5081 et
1646 5028 1802 5081 bome
1830 5027 2164 5080 exsistentize
2191 5027 2359 5081 ratio-

789 5137 909 5183 nes,
937 5130 994 5174 et
1018 5135 1138 5174 eam
1168 5135 1289 5188 quae
1319 5135 1350 5173 a
1380 5134 1467 5173 me
1492 5119 1633 5173 facta
1661 5127 1782 5172 erat
1811 5118 2002 5171 harum
2033 5117 2360 5172 divisionem

690 5248 693 5251 λ
791 5221 956 5280 atque
998 5210 1313 5264 distantiam
1357 5208 1663 5271 contrahit,
1698 5223 1905 5277 perque
1951 5207 2066 5261 haec
2112 5207 2176 5261 ad
2216 5207 2362 5262 exsi-

789 5304 1008 5358 stentize
1044 5312 1264 5356 aeternae
1302 5302 1572 5354 rationem
1612 5301 1893 5369 sapienter
1931 5299 2241 5368 compellit,
2274 5315 2364 5354 se-

792 5394 1033 5448 cundum
1088 5410 1251 5463 quam
1309 5408 1489 5462 neque
1550 5393 1767 5462 parient
1821 5391 2056 5462 amplius
2114 5392 2366 5446 homines

793 5500 972 5553 neque
1021 5484 1330 5553 parientur,
1363 5499 1485 5537 cum
1530 5497 1723 5536 eorum
1767 5498 1889 5552 qua:
1932 5482 2190 5537 videntur
2230 5481 2367 5537 ordo

794 5575 1041 5645 pariendi
1070 5575 1232 5629 liuent
1264 5575 1506 5644 attigerit
1538 5590 1631 5643 per
1659 5590 1904 5643 magnam
1935 5584 1991 5629 et
2019 5590 2365 5629 communem

796 5668 1297 5732 resurrectionem,
1343 5684 1463 5737 qua:
1513 5669 1565 5721 in
1620 5668 2087 5721 immortalitatem
2144 5678 2369 5735 generet

796 5761 1072 5817 hominem
1120 5761 1423 5818 secundum
1472 5760 1887 5816 subsistentiam
1938 5761 2365 5824 immutabilem,

2457 4579 2643 4633 αὐτοῦ.
2692 4580 2974 4649 Σάρκωσις
3018 4574 3111 4631 οὖν
3140 4578 3234 4631 καὶ
3282 4576 3567 4647 σωματικὴ
3621 4578 3898 4647 πρότερον
3942 4578 4043 4647 τῆς

2459 4672 2599 4742 ἐμῆς
2627 4672 2792 4724 ’ἑνεκα
2823 4669 3199 4740 κατακρίσεως
3245 4669 3338 4721 ἐπὶ
3383 4668 3476 4721 τοῦ
3525 4669 3732 4738 Κυρίου
3781 4686 4041 4739 παρηκοο

2458 4762 2687 4833 λοὺθησε
2710 4762 2984 4831 γέννησις,
3012 4762 3107 4814 καὶ
3136 4761 3309 4824 οὕτως
3348 4762 3381 4830 ἠ
3415 4761 3504 4814 διὰ
3529 4761 3624 4813 τοῦ
3657 4760 4044 4831 βαπτίσματος

2461 4857 2517 4907 ὲν
2538 4854 2808 4924 πνεύματι
2840 4854 3274 4924 παραλειφθεῖσα
3302 4851 3713 4923 ἐπηκολούθησε
3759 4852 4042 4921 γέννησις,

2463 4945 2603 5014 ὑπὲρ
2650 4945 2748 5015 τῆς
2777 4945 2917 5014 ὲμῆς
2950 4943 3093 4996 κατά
3139 4944 3300 5014 χάριν
3343 4944 3619 5014 σωτηρίας
3656 4946 3753 4997 καὶ
3803 4946 4045 5014 ἀνακλή-

2464 5054 2622 5101 σεως,
2667 5036 2699 5105 ἢ
2742 5037 3076 5122 σαφέστερον
3122 5038 3296 5089 εἰπεῖν
3343 5038 3733 5099 ἀναπλάσεως’
3774 5032 3873 5090 οἷα
3922 5056 4047 5090 συν-

2466 5129 2728 5191 άπτοντος
2782 5129 2910 5199 περὶ
2939 5127 3039 5198 ἐμὲ
3079 5128 3174 5181 τοῦ
3207 5127 3342 5181 Θεοῦ
3369 5128 3462 5180 τόν
3494 5146 3554 5181 τε
3598 5129 3693 5181 τοῦ
3748 5124 3901 5183 εἶναι
3950 5148 4047 5199 μου

2464 5219 2622 5287 λόγον
2651 5220 2744 5272 καὶ
2773 5219 2865 5271 τὸν
2887 5218 2982 5272 τοῦ
3019 5214 3078 5271 εὖ
3104 5213 3270 5279 εἶναι,
3304 5220 3397 5272 καὶ
3432 5220 3530 5290 τὴν
3570 5221 3881 5291 γενομένην
3921 5223 4048 5290 παρ’

2465 5310 2601 5380 ἐμοῦ
2631 5310 2835 5363 τούτων
2870 5309 3239 5374 ἑνοποιοῦντος
3274 5311 3449 5380 τομὴν
3476 5312 3573 5364 καὶ
3599 5311 3917 5374 διάστασιν,
3960 5313 4048 5366 καὶ

2466 5400 2552 5452 διὰ
2597 5401 2805 5453 τούτων
2857 5399 2995 5470 πρὸς
3043 5399 3137 5452 τὸν
3174 5398 3268 5453 τοῦ
3317 5401 3406 5453 ἀεὶ
3473 5398 3614 5453 εἶναι
3663 5401 3828 5469 λόγον
3874 5403 4049 5468 σοφῶς

2470 5490 2908 5555 συνελαύνοντος,
2959 5489 3084 5543 καθ’
3131 5490 3191 5542 ὃν
3225 5491 3409 5544 οὐκέτι
3453 5491 3514 5543 τὸ
3569 5492 3757 5561 φέρειν
3809 5493 3929 5546 ἔστι
3963 5494 4051 5545 καὶ

2470 5582 2730 5653 φέρεσθαι
2762 5584 2891 5652 περὶ
2934 5583 3024 5637 τὸν
3077 5582 3385 5654 ἄνθρωπον,
3440 5582 3713 5654 λαϐούσης
3737 5585 3902 5646 τέλος
3931 5586 4051 5654 περὶ

2470 5672 2530 5723 τὸ
2558 5671 2820 5742 φέρεσθαι
2848 5672 2945 5741 τῆς
2988 5673 3095 5725 τῶν
3128 5671 3467 5741 φαινομένων
3496 5673 3816 5744 οἰκονομίας
3848 5674 3941 5726 διὰ
3963 5676 4050 5741 τῆς

2476 5763 2719 5833 μεγάλης
2768 5764 2863 5818 καὶ
2918 5764 3101 5834 κοινῆς
3160 5763 3533 5830 ἀναστάσεως,
3606 5766 3686 5827 είς
3750 5765 4050 5819 ἀθανασίαν
