4192 6434
194 402 329 466 13m

1429 399 1942 462 AMBIGUURUM
1992 402 2231 460 LIBER.

3296 407 3436 470 1350

180 510 455 578 γεννώσης
483 507 574 560 τὸν
612 506 897 577 ἄνθρωπον
947 506 1070 559 καθ’
1103 505 1334 574 ὓπαρξιν
1365 507 1744 573 ἀναλλοίωτον,

1853 525 1960 578 qua
2013 526 2200 564 rerum
2248 510 2548 564 visibilium
2603 523 2800 567 natura
2852 514 3230 570 exsistentiam
3287 523 3429 589 cepit

174 610 236 661 δι’
264 608 325 658 ὃν
349 605 456 658 τῶν
487 602 826 672 φαινομένων
857 604 890 671 ἡ
921 601 1082 670 φύσις
1109 602 1171 654 τὸ
1198 599 1336 653 εἶναι
1362 602 1506 653 κατᾶ
1527 602 1742 669 γένεσιν

175 699 384 768 εἴληφε,
423 696 517 749 καὶ
552 694 674 762 μεθ’
704 687 766 746 οὗ
796 692 1022 762 λήψεται
1059 693 1245 762 χάριτι
1291 692 1353 744 τὺ
1393 694 1509 745 κατ’
1553 693 1744 745 οὐσίαν

177 791 251 860 μὴ
279 788 620 860 φθείρεσθαι.
679 787 818 839 Ἀλλ’
857 787 907 838 εί
947 785 1094 838 δοιιεὶ⁹
1135 786 1247 838 τῶν
1274 785 1579 855 εἰρημένων
1625 785 1746 837 κατ’

123 867 128 871 ’
175 881 440 950 ἐπιτομὴν
467 878 897 949 ἐπιμνησθέντες
930 875 1031 946 τὴν
1060 875 1313 947 δύναμιν,
1359 875 1749 944 κεφαλαιὼσω-

176 989 296 1042 μεν.
340 971 580 1042 Ἔχομεν
602 970 700 1041 τὴν
745 971 809 1022 ἐκ
841 970 1110 1038 σωμάτων
1155 969 1411 1037 γέννησιν
1441 967 1536 1021 τοῦ
1569 968 1750 1036 Σωτῆ-

176 1080 265 1132 ρος
310 1063 469 1132 ἡμῶν
516 1061 640 1114 κατ’
677 1060 923 1113 ἐπίνοιαν
951 1059 1320 1130 διαιρεθεῖσαν
1353 1059 1433 1121 είς
1483 1058 1574 1110 τὸν
1612 1075 1748 1127 προ-

171 1154 474 1223 ηγούμενον
508 1153 607 1222 τῆς
649 1151 866 1219 φύσεως
894 1151 1050 1219 λόγον
1084 1151 1177 1204 καὶ
1203 1151 1282 1212 εἰς
1311 1151 1403 1204 τὸν
1448 1150 1543 1202 νῦν
1588 1146 1746 1211 αὖθις

175 1248 492 1315 ὑπάρχοντα
517 1243 639 1297 καθ’
668 1245 836 1313 ἡμᾶς,
883 1245 963 1304 είς
995 1243 1054 1294 ὃν
1073 1241 1423 1312 ἐτελεύτησε,
1465 1242 1556 1294 καὶ
1586 1241 1750 1293 πάλιν

173 1341 252 1400 εἰς
281 1338 370 1390 τὸν
405 1335 548 1390 κατὰ
595 1335 764 1405 φύσιν
814 1335 915 1404 τῆς
943 1334 1208 1398 γενέσεως
1237 1333 1394 1400 λόγον
1427 1333 1518 1386 καὶ
1551 1334 1631 1392 εἰς
1661 1332 1752 1382 τὸν

172 1431 276 1496 τῆς
304 1427 610 1496 γεννήσεως
639 1427 863 1496 τρόπον,
897 1425 1122 1494 προσέτι
1151 1440 1214 1491 γε
1246 1424 1351 1492 μὴν
1377 1423 1471 1476 καὶ
1500 1424 1580 1484 εἰς
1627 1421 1752 1484 τοὺς

171 1519 466 1588 διαφύρους
521 1517 759 1586 τρόπους
813 1517 916 1584 τῆς
965 1522 1085 1567 κατ’
1135 1515 1323 1566 οὐσίαν
1354 1517 1619 1581 γενέσεως
1651 1514 1752 1579 τῆς

171 1609 356 1679 ψυχῆς
375 1609 470 1662 καὶ
491 1607 588 1660 τοῦ
619 1606 870 1677 σώματος
893 1611 986 1658 καὶ
1021 1607 1468 1676 προσεπιτούτοις
1493 1603 1678 1673 (239
1696 1604 1748 1664 bl

173 1705 253 1764 εἰς
282 1701 378 1770 τὴν
419 1701 547 1754 ἄνευ
575 1701 782 1768 σπορᾶς
814 1698 1075 1766 σύλληψιν
1115 1698 1211 1749 καὶ
1255 1695 1352 1765 τὴν
1386 1696 1515 1748 ἄνευ
1547 1694 1752 1761 φθορᾶς

173 1791 448 1859 γέννησιν.
496 1788 612 1857 Ἐφ’
655 1790 784 1857 ὑμῖν
826 1785 920 1841 οῦν
967 1788 1114 1839 ἐστιν
1142 1786 1218 1849 ῶς
1261 1787 1477 1856 κριταῖς
1519 1785 1752 1844 δικαίοις

169 1883 283 1941 τῶν
332 1883 671 1951 λελεγμένων
707 1879 972 1933 ἐπιϐολῶν
1010 1879 1259 1948 ἑγκρίναι
1309 1876 1408 1947 τὴν
1446 1877 1752 1946 κρείττονα.
1789 1864 1831 1917 Β

177 2057 290 2111 Τοῦ
338 2055 526 2111 αὑτοῦ
547 2056 615 2108 ἐκ
667 2053 773 2108 τοῦ
824 2052 1012 2106 αὑτοῦ
1064 2054 1273 2122 λόγου,
1322 2053 1410 2115 εις
1464 2052 1553 2108 τὸ,
1619 2068 1637 2100 ι
1687 2052 1748 2104 Τί

236 2149 520 2215 φάρμακα
565 2143 885 2211 ἐπιζητεῖς,
939 2142 1012 2196 τὰ
1061 2143 1256 2211 μηδὲν
1301 2141 1643 2207 ὀνήσοντας
1697 2142 1754 2193 τί

243 2239 512 2306 κριτικὸν
564 2234 796 2305 ἱδρῶτα,
849 2235 996 2301 ισως
1064 2233 1439 2304 παρεστῶτος
1493 2233 1602 2286 τοῦ
1655 2232 1754 2298 ἐξ·

241 2330 411 2383 οδίου
434 2344 451 2390 ;
495 2326 607 2398 (39)
633 2345 653 2380 ο

243 2421 437 2483 Τοῦτο,
482 2417 666 2480 καθὼς
713 2417 952 2486 ἔφασκεν
994 2418 1024 2469 ὁ
1064 2415 1332 2487 μακάριος
1380 2416 1580 2486 γέρων,
1621 2414 1755 2485 πρὸς

169 2512 299 2572 τοὺς
331 2507 802 2581 ὑπερτιθεμένους
817 2508 880 2560 τὸ
905 2507 1211 2578 βάπτισμα,
1239 2509 1300 2561 τὸ
1327 2510 1490 2578 ῥητὶν
1512 2508 1756 2560 τέθεικεν

167 2604 198 2655 ὁ
251 2601 594 2664 διδάσκαλος,
659 2599 838 2653 ἑλπίδι
892 2597 988 2652 τοῦ
1043 2597 1304 2668 ζήσεσθαι
1352 2599 1415 2652 τὸ
1475 2599 1753 2670 βάπτισμα

169 2693 488 2764 φιληδονίας
529 2691 717 2745 ἕνεκεν
765 2690 1249 2762 ὑπερτιθεμένους,
1293 2691 1388 2744 καί
1430 2708 1585 2760 φησι,
1639 2711 1658 2743 ι
1689 2692 1755 2744 Τί

168 2787 306 2854 παρ’
346 2782 509 2838 ἄλλου
529 2782 625 2852 δέῃ
656 2781 851 2852 μαθεῖν
870 2781 970 2851 τὴν
989 2781 1190 2846 ἔξοδον,
1213 2780 1309 2834 τοῦ
1338 2779 1455 2852 βίον
1484 2782 1753 2852 δηλονότι,

169 2879 287 2931 αλλ’
326 2877 427 2946 οὑχ
464 2875 540 2938 ὼς
581 2873 682 2944 ἢδη
729 2872 1018 2944 παρούσης
1059 2873 1342 2945 Stationem;
1389 2874 1454 2926 Τί
1488 2875 1756 2944 φάρμακα

171 2967 480 3038 ἐπιζητεῖς,
515 2969 586 3018 τὰ
618 2965 789 3036 μηδὲν
816 2965 1121 3031 ὀνήσοντα;
1156 2966 1209 3017 τὶ
1251 2966 1498 3036 κριτικὸν
1535 2965 1752 3037 ἱδρῶτα,

174 3062 307 3119 ἴσως
356 3055 711 3126 παρεστῶτος
750 3055 844 3110 τοῦ
887 3054 1130 3120 ὲξοδίους
1178 3073 1197 3108 ι
1245 3057 1467 3126 Ἐπειδὴ
1496 3057 1604 3125 γὰρ
1631 3055 1755 3109 τέσ-

151 3133 162 3144 ’
189 3167 350 3218 τιιρας
378 3147 594 3219 ἠμέρας
624 3146 918 3217 κρισίμους
966 3140 1109 3198 εἶναί
1149 3162 1314 3212 φασιν
1343 3146 1544 3216 ἰατρῶν
1568 3147 1754 3207 παῖδες

171 3248 233 3292 έν
264 3244 378 3302 τοῖς
403 3239 760 3309 πυρεκτιῶσι,
817 3238 916 3306 τὴν
944 3240 1009 3304 δ’,
1055 3239 1148 3291 καὶ
1185 3237 1285 3310 τὴν
1327 3238 1392 3302 ζ’,
1435 3240 1529 3291 καὶ
1549 3241 1648 3308 τὴν
1686 3241 1752 3294 θ’.

174 3335 272 3386 καὶ
298 3335 398 3402 τὴν
450 3339 538 3394 ια’,
569 3331 735 3400 τυχὸν
780 3330 838 3383 δὲ
873 3331 968 3385 καὶ
1010 3329 1110 3400 τὴν
1155 3329 1226 3396 ιγ’
1253 3329 1334 3398 (ἐν
1378 3328 1602 3391 ταύταις
1644 3330 1750 3398 γὰρ

171 3427 242 3479 ἄν
282 3425 517 3496 εὖρωσιν
543 3426 601 3476 ἐν
630 3422 708 3494 τῷ
738 3423 1002 3486 νοσοῦντι,
1037 3420 1220 3484 καθὼς
1254 3438 1408 3490 φασι,
1438 3421 1747 3489 νενοτισμέο

168 3534 263 3570 νον
313 3517 372 3582 ἐξ
417 3515 639 3584 ἱδρῶτος
689 3513 750 3568 τὸ
799 3513 962 3582 σῶμα
1005 3510 1367 3582 τεκμηριοῦσι
1421 3510 1605 3582 ζήσειν
1657 3513 1748 3581 τὸν

169 3607 475 3676 κείμενον),
517 3606 603 3659 ἵνα
635 3601 728 3658 οὖν
762 3604 839 3674 μὴ
892 3601 1085 3656 τοῦτον
1113 3603 1466 3672 ἐκδεχόμενος
1509 3603 1539 3654 ὸ
1576 3601 1748 3654 νοσῶν

165 3698 264 3750 τὸν
303 3695 503 3766 ἱδρῶτα
545 3694 896 3756 κακοϐούλως
937 3692 1286 3763 ὑπερτίθεται
1334 3691 1394 3745 τὸ
1445 3691 1746 3761 βάπτισμα.

168 3785 426 3856 περίοδον
487 3784 732 3851 οἰόμενος
792 3782 936 3852 ἔχειν
987 3779 1148 3843 ἐτῶν,
1201 3779 1555 3849 συμϐουλεύει
1604 3781 1746 3833 πάνυ

169 3876 356 3944 σοφῶς
407 3878 438 3927 ὀ
489 3873 802 3935 διδάσκαλος
847 3872 926 3942 τῷ
981 3871 1266 3941 κάμνοντι,
1321 3869 1398 3941 μὴ
1445 3871 1619 3938 τούτῳ
1669 3870 1749 3940 τῷ

169 3967 361 4036 ίδρῶτι
390 3967 611 4036 θαρρεῖν
647 3966 740 4017 καὶ
779 3962 958 4032 μάτην
978 3961 1302 4030 ἐρείδεσθαι,
1335 3960 1560 4014 δυνατοῦ
1600 3961 1748 4024 ὄντος

165 4058 298 4111 ἀντὶ
354 4057 546 4109 τούτου
601 4056 694 4108 τὸν
755 4053 959 4118 ἐξόδιον
1026 4052 1225 4123 ἱδρῶτα
1281 4052 1555 4121 συμϐῆναι
1581 4092 1596 4115 ,
1656 4053 1748 4106 τὸν

168 4146 384 4215 βοῶντα
418 4148 520 4216 τῆς
558 4143 840 4213 παρούσης
887 4141 1033 4210 ζωῆς
1071 4141 1132 4192 τὸ
1183 4140 1354 4204 τέλος,
1408 4141 1496 4193 ἵνα
1539 4142 1634 4210 μὴ,
1669 4142 1748 4203 ὡς

164 4232 349 4296 εἷπον,
382 4234 470 4287 διὰ
517 4233 707 4286 τοῦτον
760 4229 1117 4300 ἀπατώμενος
1156 4231 1184 4282 ὁ
1213 4230 1384 4282 νοσῶν
1423 4229 1515 4282 τὸν
1550 4231 1748 4301 ἱδρῶτα

164 4329 271 4396 τῆς
304 4326 402 4395 μὲν
434 4323 702 4395 προδήλου
735 4323 830 4374 καὶ
859 4320 1008 4382 θείας
1043 4317 1192 4388 ζωῆς
1219 4319 1312 4373 καὶ
1333 4319 1420 4371 ἀεὶ
1465 4318 1750 4389 διαμενούο

167 4435 276 4486 σης
325 4414 778 4484 ἀλλοτριούμενος
824 4411 982 4481 λάθῃ.
1031 4411 1131 4480 τὴν
1177 4409 1236 4462 δὲ
1283 4408 1630 4479 ἀνθρωπίνην
1654 4411 1749 4464 καὶ

164 4507 442 4579 ιπίκηρον
479 4506 572 4558 καὶ
616 4504 834 4565 πάντως
884 4501 1265 4572 λυθησομένην
1316 4502 1514 4572 εὑρεθῇ
1589 4519 1746 4571 περι-

163 4597 345 4661 έπων,
377 4594 688 4666 ἀκράτητον
731 4593 875 4646 κατᾶ
903 4592 1065 4659 φύσιν
1114 4590 1464 4660 ὑπάρχουσαν
1513 4591 1608 4645 καὶ
1659 4592 1748 4644 ἀεὶ

161 4687 261 4740 διὰ
290 4686 498 4755 φθορᾶς
530 4684 622 4736 καὶ
654 4680 995 4744 ἀλλοιώσεως
1021 4679 1276 4750 ῥέουσαν,
1305 4678 1398 4731 καὶ
1432 4678 1627 4732 θᾶττον
1651 4676 1750 4742 τὰς

159 4779 282 4832 τῶν
314 4777 460 4848 ἔχειν
510 4775 839 4847 νομιζόντων
868 4774 1056 4844 χεῖρας
1101 4769 1287 4842 (24.0
1336 4771 1391 4841 a)
1428 4770 1752 4841 διαφεύγου-

163 4886 275 4923 σαν
305 4869 342 4942 ἢ
363 4870 497 4941 ὄναρ
522 4867 896 4922 ἀνυπόστατον
916 4863 1206 4936 βλέποντα.

174 5057 281 5108 Ἐκ
310 5052 418 5107 τοῦ
440 5049 624 5105 αὐτοῦ
651 5050 861 5118 λόγου,
889 5050 978 5114 είς
1004 5047 1094 5107 τὸ,
1127 5065 1147 5099 ι
1191 5049 1274 5100 Οὺ
1304 5046 1414 5116 γὰρ
1451 5047 1748 5115 πολλάκις

238 5144 498 5214 Χριστὸς
549 5141 714 5211 φιλεῖ
745 5140 1170 5208 κλεπτόμενος,
1203 5139 1301 5194 καί
1345 5140 1398 5192 εὶ
1438 5140 1582 5192 λίαν
1615 5139 1746 5194 ἐστὶ

237 5234 681 5305 φιλάνθρωπος.
718 5231 826 5301 (40)
859 5249 878 5282 ι

237 5329 309 5382 Τί
359 5328 586 5397 δήποτε,
619 5324 784 5392 φασὶν
832 5322 1067 5377 ἐνταῦθα
1112 5323 1206 5376 τοῦ
1261 5322 1422 5389 λόγου
1467 5322 1746 5390 γενόμενοί

155 5437 337 5483 τινες,
373 5419 422 5471 εἰ
446 5419 566 5470 λίαν
613 5416 732 5469 ἐστὶ
780 5415 1167 5484 φιλάνθρωπος
1205 5417 1233 5468 ὁ
1265 5415 1415 5478 Θεὸς,
1469 5415 1564 5468 καὶ
1600 5416 1750 5484 πηγὴ

1854 600 2210 665 originalem,
2255 611 2311 656 ct
2359 617 2482 655 cum
2532 620 2638 672 qua
2693 619 2792 672 per
2831 608 3062 674 gratiam
3121 611 3436 675 impetrabit

1856 692 1988 744 illud
2031 702 2089 746 ut.
2134 695 2504 748 essentialitcr
2546 711 2652 749 non
2700 697 2958 750 intereat.
2995 698 3099 752 Sed
3145 701 3189 752 si
3234 701 3431 768 placet.

1850 798 2044 837 eorum
2075 801 2196 852 qua:
2230 786 2638 855 disputavimus
2672 790 2824 842 brevi
2859 791 3000 844 facta
3036 807 3433 846 commemora-

1853 876 2000 929 tione
2025 876 2205 942 capita
2232 878 2564 932 recolamus.
2584 877 2860 934 llabemus
2886 882 3229 950 corporalem
3257 883 3430 936 nostri

1852 968 2156 1022 Salvatoris
2217 970 2630 1038 generationem
2692 973 3026 1049 cogitatione
3088 973 3316 1027 divisam
3376 973 3431 1026 in

1853 1055 2214 1125 principalem
2253 1067 2462 1114 natura:
2496 1060 2769 1113 rationem
2803 1070 2859 1113 et
2891 1062 2946 1115 in
2976 1078 3098 1116 eam
3132 1080 3255 1131 qua:
3287 1079 3434 1118 nunc

1859 1164 2052 1202 rursus
2079 1163 2248 1216 penes
2275 1164 2378 1203 nos
2406 1151 2650 1215 exsistit,
2679 1153 2732 1205 in
2763 1168 2926 1220 quam
2956 1163 3041 1206 est
3072 1164 3352 1218 mortuus,
3375 1163 3434 1210 et

1855 1254 2051 1293 rursus
2073 1238 2309 1292 divisam
2338 1240 2392 1294 in
2420 1244 2726 1297 naturalem
2756 1245 3133 1312 generationis
3164 1245 3432 1300 rationem

1854 1339 1910 1382 et
1937 1330 1989 1382 in
2019 1331 2392 1398 generationis
2423 1333 2667 1396 modum,
2696 1346 2958 1403 praeterea
2982 1336 3148 1390 etiam
3177 1335 3230 1388 in
3255 1335 3434 1390 diver-

1852 1437 1943 1475 sos
1971 1421 2162 1475 modos
2192 1424 2504 1478 essentialis
2532 1426 2764 1495 originis
2798 1427 3000 1482 mentis
3031 1437 3198 1495 atque
3231 1441 3431 1496 corpo-

1855 1512 1962 1574 ris,
1996 1523 2051 1565 et
2092 1513 2145 1566 in
2194 1517 2613 1584 conceptionem
2661 1516 2903 1586 denique
2943 1518 3062 1570 sine
3111 1515 3324 1573 satione
3373 1525 3432 1572 et

1853 1605 2262 1672 generationem
2292 1607 2412 1659 sine
2443 1607 2694 1662 interitu.
2721 1607 2896 1662 Penes
2922 1623 3019 1661 vos
3046 1618 3129 1662 est
3158 1609 3346 1677 igitur,
3370 1617 3431 1664 ut

1854 1707 2025 1761 penes
2054 1709 2244 1764 aequos
2274 1697 2521 1764 judices,
2553 1700 2922 1768 expositarum
2956 1699 3278 1769 Opinionum
3308 1716 3433 1772 quae

1857 1786 2054 1839 melior
2078 1788 2152 1841 sit
2179 1797 2361 1842 vestra
2389 1804 2619 1844 censura
2647 1791 2903 1860 probare.
2939 1858 2945 1864 ν
3062 1785 3064 1791 ⁵

1853 2055 2104 2127 Ejusdem
2136 2077 2199 2114 ea:
2229 2040 2405 2116 cadit»:
2438 2078 2697 2124 sermone,
2724 2061 2778 2116 in
2810 2041 2946 2115 illud
2981 2079 2998 2116 :
3039 2082 3056 2113 ι
3093 2061 3228 2126 Quid
3261 2066 3428 2118 medi-

1923 2163 2163 2206 camenta
2194 2155 2430 2220 δοίητε-ὅσ,
2468 2153 2602 2207 nihil
2648 2154 2969 2224 profutura?
3014 2155 3140 2224 quid
3187 2155 3429 2210 criticum

1921 2243 2186 2310 sudorem,
2215 2260 2330 2296 cum
2361 2244 2581 2312 fortasse
2611 2243 2784 2298 letalis
2808 2245 2987 2298 adsit?
3025 2264 3042 2296 ›

1925 2414 2065 2478 Hoc,
2107 2426 2169 2469 ut
2212 2415 2351 2469 dixit
2396 2409 2594 2472 beatus
2643 2417 2737 2471 ille
2779 2432 2979 2493 senex],
3019 2417 3287 2474 adversus
3331 2434 3431 2476 eos

1853 2508 2040 2576 posuit
2074 2506 2284 2560 dictum
2320 2509 2578 2578 magister
2608 2509 2706 2578 ‘qui
2745 2509 3078 2578 baptismum
3115 2511 3429 2574 (ἥσθη-εμὲ.

1853 2609 1909 2654 et
1933 2615 2029 2668 spe
2052 2600 2177 2654 vitae
2204 2601 2502 2670 voluptatis
2535 2601 2826 2657 lenociniis
2855 2617 2914 2656 se
2947 2603 3214 2657 dedentes
3245 2603 3428 2675 bapti—

1854 2704 2031 2743 smum
2061 2690 2371 2753 din‘errent,
2395 2701 2452 2746 et
2480 2709 2494 2746 :
2529 2711 2548 2744 ι
2576 2691 2719 2759 Quid
2745 2708 2886 2763 opus
2912 2702 3018 2759 est,
3044 2693 3246 2763 inquit,
3269 2703 3332 2750 ut.
3359 2693 3431 2750 de

1854 2783 2002 2835 exitu
2040 2791 2136 2835 tuo
2174 2783 2242 2837 ab
2280 2784 2390 2838 alio
2431 2784 2637 2838 certior
2674 2783 2802 2850 ﬁas,
2843 2803 2861 2835 ι
2903 2784 2956 2839 id
2991 2794 3075 2839 est
3109 2785 3178 2839 de
3222 2805 3240 2836 ι
3276 2785 3430 2843 exitu

1855 2875 2013 2937 vitae,
2045 2889 2109 2928 ac
2140 2890 2247 2929 non
2284 2876 2401 2943 ipse
2436 2875 2619 2943 potius
2648 2874 2718 2930 de
2750 2889 2818 2930 eo
2847 2885 3101 2946 tanquam
3136 2877 3247 2947 jam
3286 2893 3431 2949 prte-

1856 2973 2010 3018 sente
2035 2964 2275 3032 cogitas?
2298 2964 2440 3028 Quid
2467 2964 2868 3019 medicamenta
2892 2965 3112 3034 quaeris,
3139 2966 3278 3020 nihil
3304 2982 3432 3036 pro-

1857 3049 2073 3104 futura?
2105 3050 2246 3115 Quid
2265 3040 2535 3105 ‘critieum
2568 3053 2847 3116 sudorem,
2873 3069 2996 3107 eum
3034 3054 3264 3109 fortasse
3296 3055 3430 3110 leta—

1857 3142 1924 3196 lis
1953 3143 2127 3196 adsit?
2164 3163 2179 3189 ι
2215 3143 2351 3197 (lum
2378 3145 2525 3198 enim
2555 3155 2793 3213 quatuor
2815 3145 2936 3200 dies
2961 3146 3303 3200 medicorum
3329 3147 3425 3202 lilii

1861 3235 1913 3286 in
1951 3235 2394 3291 febricitantibus
2421 3237 2643 3292 eriticos
2673 3253 2795 3292 esse
2830 3239 3048 3303 dicant,
3084 3251 3335 3310 quartam
3371 3252 3427 3296 et

1855 3327 2142 3392 septimam
2180 3335 2235 3380 et
2266 3342 2465 3381 nonam
2503 3337 2559 3383 et
2592 3329 2972 3395 undecimam,
3009 3331 3241 3386 fortasse
3279 3331 3427 3386 deci—

1855 3429 1998 3467 mam
2044 3416 2258 3468 tertiam
2304 3432 2524 3485 quoque
2570 3418 2649 3482 (in
2695 3419 2783 3473 bis
2817 3421 2963 3473 enim
3009 3421 3078 3482 si,
3116 3432 3176 3476 ut
3211 3421 3426 3481 dicunt.

1853 3519 2054 3573 corpus
2079 3505 2279 3560 sudore
2305 3502 2667 3562 madefactum
2700 3513 3000 3579 reperiunt,
3026 3513 3426 3568 convaliturum

1854 3611 1976 3650 esse
2015 3610 2274 3665 a-grntmn
2317 3600 2691 3670 conjectant),
2724 3617 2792 3656 ne
2839 3603 3005 3672 igitur
3047 3605 3194 3660 hunc
3230 3620 3426 3675 exspe-

1853 3694 2008 3737 ctans
2041 3685 2299 3739 sudorem
2336 3687 2586 3742 infirmus
2624 3691 2782 3757 malo~
2805 3693 3036 3763 consilio
3075 3709 3208 3748 usus
3245 3695 3424 3764 bapti-

1854 3788 1970 3828 sma
2014 3775 2262 3838 diﬂ‘erat,
2295 3792 2564 3832 annorum
2607 3779 2863 3847 opinatus
2909 3780 3112 3836 habere
3149 3797 3425 3838 commea-

1857 3874 2002 3928 tum,
2036 3867 2313 3936 sapienter
2339 3869 2535 3922 doetor
2560 3871 2844 3939 aegrotanti
2878 3873 3171 3926 consilium
3200 3875 3314 3937 dat,
3354 3891 3426 3928 ne

1857 3956 1984 4010 huic
2019 3959 2205 4011 sudori
2239 3959 2480 4013 confidat
2511 3971 2566 4014 et
2597 3960 2798 4016 frustra
2833 3962 3120 4030 innitatur,
3147 3979 3273 4020 cum
3305 3965 3425 4019 fieri

1855 4051 2028 4117 possit
2077 4058 2137 4103 ut
2167 4051 2358 4104 niortis
2384 4051 2554 4105 sudor
2575 4052 2695 4120 ejus
2723 4053 2843 4108 loco
2871 4055 3109 4116 eveniat,
3136 4057 3426 4124 przesentis

1854 4142 1976 4194 vitm
2004 4142 2164 4193 linem
2197 4143 2630 4210 prmdicaturus;
2661 4160 2750 4206 ne,
2776 4154 2837 4198 ut
2861 4145 3134 4208 dicebam,
3161 4145 3333 4200 falsus
3357 4163 3425 4199 eo

1852 4243 2122 4300 :egrotans
2164 4234 2364 4286 sudore
2406 4249 2436 4287 a
2479 4244 2629 4288 certa
2672 4244 2728 4289 et
2764 4235 2958 4289 divina
2999 4246 3054 4290 et
3090 4237 3421 4304 sempiterna

1854 4325 1964 4378 vita
2017 4324 2396 4394 imprudenter
2441 4326 2780 4382 abalienatus
2829 4328 3123 4380 humanam
3172 4343 3236 4382 ac
3285 4331 3420 4382 sorti

1855 4413 2144 4468 obnoxiam
2169 4425 2224 4468 et
2246 4430 2470 4482 prorsus
2487 4416 2837 4469 interituram
2871 4431 3069 4470 curans
3089 4415 3423 4480 inveniatur,

1858 4506 2211 4574 impotentem
2249 4505 2575 4559 naturaliter
2603 4521 2667 4559 ac
2684 4521 2900 4574 semper
2926 4521 3026 4574 per
3053 4507 3336 4560 interitum
3366 4517 3425 4561 et

1857 4599 2292 4653 immutationem
2317 4599 2598 4664 ﬂuentem,
2621 4609 2677 4653 et
2699 4601 2934 4654 celerius
2956 4615 3147 4654 eorum
3177 4603 3271 4670 qui
3301 4617 3420 4655 eam

1856 4702 2041 4742 tenere
2070 4689 2175 4742 sibi
2201 4689 2461 4743 videntur
2487 4705 2682 4744 manus
2710 4689 3064 4760 ell'ngientem
3094 4706 3259 4761 quam
3284 4707 3422 4746 vana

1853 4784 2219 4836 somniantem
2251 4781 2432 4836 noctis
2459 4782 2655 4852 imago.

1853 5049 1936 5103 Ex
1966 5050 2141 5103 eodem
2171 5065 2409 5103 sermone
2453 5049 2505 5102 in
2538 5048 2672 5101 illud
2695 5065 2713 5102 :
2745 5069 2762 5099 ι
2801 5048 2917 5102 Non
2945 5051 3081 5101 citint
3107 5065 3244 5116 sirpe
3269 5048 3422 5104 Chri—

1921 5149 2033 5193 stus
2065 5141 2160 5193 sibi
2193 5139 2395 5208 aliquid
2426 5139 2624 5209 subripi
2659 5147 2835 5203 amat,
2864 5141 3073 5192 tametsi
3106 5141 3237 5192 mire
3269 5141 3417 5195 beni-

1921 5249 2051 5302 gnus
2081 5240 2129 5284 et
2159 5231 2343 5301 facilis.
2382 5249 2399 5280 ι

1920 5321 2062 5386 Quid
2093 5320 2334 5385 tandem,
2359 5320 2514 5374 aiunt
2534 5319 2780 5389 quidam,
2805 5335 2929 5375 cum
2958 5321 3010 5374 in
3039 5320 3185 5373 hunc
3214 5321 3420 5374 oratio-

1848 5414 1932 5467 nis
1959 5413 2139 5468 locum
2164 5422 2556 5481 pervenerunt,
2584 5413 2629 5466 si
2655 5412 2812 5466 valde
2838 5412 3111 5480 benignus
3137 5422 3222 5466 est
3249 5413 3413 5477 Deus,

158 5508 588 5582 φιλανθρωπίας
628 5505 1003 5569 ἀνέκλειπτος,
1050 5504 1190 5558 ῶστε
1243 5504 1368 5574 μηδ’
1414 5505 1592 5558 ὁτιοῦν
1647 5505 1751 5557 ὑπὸ

1853 5514 1902 5558 et
1939 5504 2290 5571 benignitatis
2321 5503 2444 5557 fons
2478 5504 2768 5572 perennis,
2797 5503 2935 5557 adeo
2967 5513 3029 5556 ut
3061 5506 3214 5556 nullo
3249 5505 3415 5556 modo

155 5603 279 5658 τῶν
311 5600 631 5670 ἀρυομένων
666 5596 1042 5660 ἐλαττοῦσθαι,
1073 5597 1146 5666 μὴ
1179 5596 1326 5665 φιλεί
1349 5595 1746 5666 κλεπτόμενοςς

156 5690 331 5745 Οὕτω
356 5691 464 5759 γὰρ
505 5687 572 5742 ἂν
606 5686 807 5758 μᾶλλον
853 5687 916 5739 τὸ
953 5685 1337 5758 φιλάνθρωπον
1381 5687 1745 5752 ἐπεδείκνυτο,

238 5811 360 5883 (59)
386 5810 546 5879 Greg.
572 5809 702 5883 Ναιί
730 5809 823 5863 Or.
848 5807 1478 5883 iusaannIlaptisma.
1507 5824 1627 5879 cap.
1659 5809 1747 5874 l2,

157 5904 224 5959 p.
252 5879 390 5949 '699.
425 5892 558 5936 tom.
595 5879 635 5934 I.
665 5879 828 5950 0pp.,
860 5879 993 5934 edit.
1042 5879 1244 5933 Bcned.

1846 5596 2019 5665 possit
2042 5593 2318 5650 exhauriri
2337 5637 2350 5659 ,
2379 5594 2482 5649 sibi
2515 5594 2720 5664 aliquid
2750 5595 2961 5664 subripi
2993 5611 3100 5648 non
3130 5596 3309 5648 amat?
3337 5595 3414 5649 lla

1843 5688 1993 5741 cnim
2022 5687 2192 5755 magis
2217 5688 2462 5743 elucerct
2488 5687 2817 5756 benignitas,
2852 5703 2958 5740 non
2989 5688 3251 5740 exhausta
3288 5687 3416 5742 inde

1848 5808 2036 5932 lx(Mli)
2078 5808 2224 5862 Idem
2247 5807 2398 5875 ibid.,
2421 5823 2540 5878 cap.
2578 5807 2666 5873 53,
2703 5823 2756 5876 p.
2793 5808 2916 5872 τιῑ,
2942 5817 3072 5861 tom.
3102 5805 3120 5861 l
3149 5805 3287 5876 Opp.
3321 5805 3410 5858 ed.

1907 5895 1987 5931 ιιιι·
2040 5923 2044 5928 .

1907 5895 2044 5931 ξιιω.
