4192 6434
756 400 879 462 iflfil

1906 392 1963 449 Β.
2009 389 2195 447 ΜᾹΧΙ
2211 388 2295 447 Ml
2336 386 2845 447 C‘JNFESSORIS

3889 382 4025 447 135?.

749 508 895 576 quod
931 508 1245 561 volentibus
1288 502 1629 573 subripiendi
1673 501 1879 571 aiiquid
1915 501 2075 553 daret
2111 501 2324 558 locum,

2435 498 2507 569 μὴ
2533 499 2927 567 ἐλαττούμενον
2955 498 3044 550 διὰ
3071 497 3167 551 τοῦ
3192 498 3392 552 διδόναι
3416 498 3602 569 χώραν
3628 500 3744 561 τοῖς
3774 498 4023 551 ἐθέλουσι

748 604 1050 671 praesertim
1096 617 1217 655 cum
1256 601 1493 654 salutare
1531 606 1677 651 esset
1712 596 1915 648 furtum
1938 633 1952 653 ,
1984 602 2041 646 et
2076 592 2326 659 quoties-

747 709 965 763 cunque
1002 693 1321 746 voluissent.
1351 689 1590 755 Quibus,
1621 689 1733 742 Deo
1770 699 2075 739 sermonem
2113 683 2328 754 gratifi-

748 794 928 847 eante,
985 783 1378 853 respondemus
1400 782 1545 850 quod
1575 781 1680 833 hoc
1709 779 1886 848 ipsum
1912 785 1996 830 est
2019 775 2328 844 benignita-

753 880 818 931 tis
850 878 1091 945 plenum,
1121 875 1202 927 vel
1230 875 1412 942 potius
1444 873 1559 940 ipsa
1588 869 1916 939 benignitas,
1945 876 2002 922 et
2024 866 2204 936 quoad
2231 880 2328 920 eos

748 966 841 1032 qui
877 965 1083 1032 aliquid
1118 964 1405 1031 subripere
1436 963 1630 1015 volunt
1663 958 1923 1013 salutaris
1967 956 2328 1027 providentia:

749 1054 1245 1106 iuculcntissimum
1277 1062 1661 1121 argumentum
1681 1089 1695 1112 ,
1726 1066 1832 1101 non
1867 1048 2051 1102 sinere
2078 1047 2328 1100 volentes

748 1146 947 1212 sa-pius
1001 1154 1059 1195 ut
1104 1144 1154 1197 ei
1208 1142 1415 1211 aliquid
1470 1140 1808 1210 subripiant,
1853 1154 1921 1192 ne
1966 1139 2139 1201 forte,
2180 1137 2325 1191 facili

746 1236 940 1289 salutis
971 1236 1325 1296 alienatione,
1356 1234 1613 1288 facillima
1647 1234 1738 1287 ﬁat
1765 1242 2170 1301 consequenter
2194 1230 2325 1285 doni

747 1328 1009 1396 abi-actio,
1052 1327 1198 1396 quod
1240 1326 1501 1381 videlicet
1545 1327 1696 1380 nullo
1748 1326 1968 1395 negotio
2012 1323 2325 1394 recuperari

746 1431 941 1487 qneat,
989 1435 1127 1472 neve
1174 1417 1317 1475 ﬁrmi
1374 1434 1439 1473 ac
1491 1419 1705 1473 stabilis
1758 1418 1810 1470 in
1867 1418 2099 1485 pulchro
2149 1425 2327 1471 status

749 1510 922 1579 ignari
958 1511 1265 1564 elliciantur
1289 1512 1381 1579 qni
1412 1510 1617 1563 donum
1646 1508 1981 1577 acceperint,
2007 1506 2139 1561 dum
2170 1507 2327 1562 facile

748 1600 801 1652 in
838 1600 1142 1668 nequitiam
1177 1600 1433 1653 labantur
1462 1614 1654 1652 eorum
1690 1598 1855 1651 animi
1892 1607 2120 1667 propter
2153 1596 2328 1651 facili-

750 1699 913 1744 tatem
949 1691 1311 1759 possessionis
1336 1690 1554 1759 pulchri
1578 1689 1647 1744 de
1671 1689 1881 1744 vilitate
1906 1698 2253 1758 contemptae.

2432 588 2709 653 κλέπτειν,
2742 590 2839 641 καὶ
2876 588 3112 658 μάλιστα
3142 590 3347 659 κλοπὴν
3376 591 3674 660 σωτήριον,
3705 591 3802 643 καὶ
3833 592 4027 653 ὁσάκις

2429 678 2497 732 ἂν
2527 679 2753 732 θέλοιεν.
2786 678 2930 750 Πρὸς
2954 678 3047 742 οὓς
3068 680 3205 732 Θεοῦ
3241 682 3399 750 λόγον
3421 682 3787 751 χαριζομένου
3818 686 4025 752 ῳαμὲν,

2429 772 2620 840 ὅτιπερ
2666 772 2799 824 αὐτὸ
2825 772 2986 825 τοῦτο
3019 772 3431 843 φιλανθρωπίας
3466 773 3677 843 πλῆρές
3705 775 3844 834 ἐντι,
3887 776 4028 843 pii.-

2428 864 2519 916 λον
2579 864 2636 916 δὲ
2682 865 2815 917 αὐτὸ
2882 864 3263 935 φιλανθρωπία
3298 866 3379 928 ⁸⁸,
3430 868 3525 919 καὶ
3593 866 3719 927 τοὺς
3781 868 3915 934 περί
3975 884 4028 916 τι

2431 955 2683 1008 κλέπτειν
2704 957 2750 988 ³⁵
2788 956 3095 1021 ἐθέλοντας,
3146 956 3363 1025 ἀγαθῆς
3409 958 3754 1029 προμηθείας
3798 958 4028 1021 ἔνδειξις

2431 1045 2768 1116 σαφεστάτη,
2805 1047 2868 1099 τὸ
2910 1048 2987 1116 μὴ
3032 1051 3338 1118 συγχωρεῖν
3386 1051 3500 1111 τοῖς
3538 1048 3786 1101 ἐθέλουσι
3818 1046 4029 1098 πολλὰ·

2430 1157 2516 1201 κις
2557 1139 2721 1191 αὐτὸν
2744 1138 3021 1203 κλέπτειν,
3050 1140 3126 1203 ὡς
3166 1140 3234 1193 ἂν
3266 1140 3341 1211 μὴ
3382 1140 3679 1211 προχείρου
3716 1141 4026 1208 τυγχάνον-

2426 1250 2519 1296 τος
2546 1232 2642 1286 τοῦ
2700 1233 3068 1302 σφετερισμοῦ
3108 1234 3206 1301 τῆς
3243 1235 3521 1303 σωτηρίας
3571 1236 3744 1305 ῥᾴστη
3791 1235 4027 1301 γένηται

2430 1326 2573 1378 κατά
2617 1326 2678 1378 τὸ
2712 1326 2860 1388 εἰκὸς
2890 1327 2986 1379 καὶ
3024 1328 3057 1396 ἠ
3103 1327 3199 1379 τοῦ
3254 1328 3597 1398 δωρηθέντος
3643 1327 3911 1394 ἀποϐολὴ,
3950 1326 4028 1385 ὡς

2430 1418 2687 1489 εὐμαρῶς
2721 1419 2883 1473 πάλιν
2912 1418 3186 1489 ληφθῆναι
3214 1420 3540 1490 δυναμένου,
3589 1421 3684 1472 καὶ
3724 1419 3827 1487 τῆς
3862 1421 3923 1470 ἐν
3948 1417 4032 1485 τῷ

2430 1510 2581 1578 καλῷ
2633 1511 2973 1579 ἀμεταθέτου
3015 1512 3111 1566 καὶ
3140 1514 3343 1579 παγίας
3384 1513 3551 1576 ἕξεως
3595 1510 3830 1581 ἀμαθεῖς
3886 1514 4031 1563 ἀπο-

2427 1600 2705 1668 φανθῶσιν
2732 1603 2783 1654 οἱ
2809 1604 3168 1673 τυγχάνοντες
3188 1604 3285 1672 τῆς
3303 1604 3534 1673 δωρεᾶς,
3554 1604 3909 1672 εὐέμπτωτον
3947 1604 4030 1662 εἰς

2428 1692 2629 1745 κακίαν
2658 1694 2759 1762 τὴν
2801 1694 3029 1765 γνώμην
3063 1696 3279 1764 ἔχοντες
3326 1697 3417 1749 διὰ
3450 1696 3551 1764 τὴν
3589 1696 3897 1765 εὐμάρειαν
3924 1694 4030 1762 τῆς

2428 1782 2524 1835 τοῦ
2566 1785 2733 1839 καλοῦ
2764 1789 3032 1859 κτήσεως,
3064 1788 3142 1857 ἰῒῷ
3180 1787 3368 1858 εὐώνῳ
3417 1789 3965 1858 καταφρονουμένης.

749 1978 1007 2048 Ejusdem
1029 1994 1092 2031 ex
1108 1994 1349 2032 sermone
1375 1979 1429 2031 in
1481 1978 1705 2041 Pascha,
1761 1979 1814 2031 in
1849 1976 2017 2032 illud:
2056 1995 2074 2028 ‹
2112 1974 2324 2031 Nudum

2435 1978 2543 2033 Τοῦ
2580 1979 2768 2034 αὑτοῦ
2804 1981 2873 2034 ἐκ
2912 1982 3019 2034 τοῦ
3061 1984 3148 2047 εἰς
3185 1982 3251 2035 τὸ
3292 1980 3509 2047 Πάσχα
3537 1980 3751 2048 λόγου,
3799 1981 3891 2044 εἰς
3933 1980 4027 2040 τὸ,

818 2085 910 2137 per
938 2070 1328 2136 simplicitate»:
1355 2080 1401 2121 et
1426 2069 1589 2121 vitam
1627 2068 1854 2134 artiﬁcio
1900 2077 2190 2130 carentem,
2236 2077 2323 2120 at-

816 2174 918 2229 que
962 2160 1131 2211 omnis
1184 2161 1529 2229 integumenti
1572 2169 1619 2212 et
1668 2160 1983 2212 munimenti
2035 2170 2321 2225 expertem.

818 2248 1003 2302 Talem
1039 2252 1179 2302 enim
1200 2267 1307 2305 esse
1326 2251 1663 2304 conveniebat
1693 2268 1813 2304 eum
1857 2252 1948 2319 qui
1979 2252 2211 2320 primum
2239 2268 2321 2305 es-

815 2348 892 2393 set
921 2348 1150 2394 ereatus.
1179 2359 1197 2390 ι

816 2431 960 2497 Quid
1004 2446 1235 2501 magnus
1293 2430 1396 2484 iste
1428 2430 1620 2484 doctor
1648 2429 1736 2485 his
1780 2431 1968 2485 verbis
1994 2432 2211 2486 occulte
2240 2448 2326 2486 re-

750 2524 897 2576 velet
923 2522 1069 2575 solos
1104 2522 1228 2575 illos
1257 2537 1417 2575 nosse
1438 2522 1527 2575 aio
1548 2522 1644 2590 qui
1671 2522 1791 2591 pari
1825 2538 1950 2577 cum
1968 2538 2035 2577 eo
2064 2523 2237 2593 gratia
2270 2531 2326 2576 et

748 2614 1034 2684 sapientia:
1052 2614 1444 2683 etcognitionis
1459 2623 1586 2668 sunt
1604 2616 1891 2684 impertiti,
1907 2615 2021 2684 qui,
2040 2625 2328 2685 postquam

752 2704 1149 2759 intellectuales
1167 2704 1358 2758 oculos
1386 2704 1452 2758 de
1474 2704 1624 2758 omni
1646 2705 1963 2775 passionum
1988 2716 2041 2760 et
2066 2706 2327 2759 materia-

749 2794 819 2847 lis
849 2794 1083 2848 allectus
1134 2793 1297 2848 sorde
1326 2804 1721 2864 purgaverant,
1765 2796 2097 2866 cognitionis
2128 2796 2181 2850 in
2207 2796 2331 2849 uni-

750 2884 928 2944 versis
954 2900 1096 2939 vera:
1130 2886 1346 2938 radium
1370 2886 1657 2956 percipere
1686 2887 1991 2956 potuerint,
2032 2903 2130 2957 per
2161 2902 2327 2956 quam

750 2976 1024 3047 simplice,
1071 2976 1254 3046 quoad
1297 2978 1419 3047 ejus
1454 2977 1573 3032 fieri
1616 2978 1813 3047 possit,
1862 2988 1919 3032 et
1957 2978 2214 3031 uniformi
2246 2994 2331 3032 ra-

752 3071 901 3125 tione
930 3078 1173 3123 mentem
1200 3085 1230 3124 a
1257 3069 1619 3123 multitudine
1639 3069 1987 3123 retrahentes
2015 3070 2327 3123 universam

753 3178 939 3219 rerum
964 3179 1087 3232 quae
1106 3169 1325 3217 exstant
1363 3162 1653 3217 scientiam
1684 3162 1935 3231 simplice
1961 3162 2328 3231 intelligentia

752 3256 1269 3323 complecterentur.
1308 3254 1419 3308 Nos
1438 3269 1594 3319 vero,
1629 3269 1772 3323 quos
1800 3254 2124 3323 ignorantiae
2149 3255 2331 3309 adhuc

756 3348 1001 3402 tenebrae
1046 3348 1297 3402 veritatis
1352 3346 1711 3416 perceptione
1760 3346 2040 3415 prohibet,
2108 3354 2334 3415 propter

756 3439 961 3492 mentis
987 3440 1137 3492 circa
1165 3439 1281 3492 sola
1308 3437 1631 3491 lluctuantia
1656 3438 2039 3507 agitationem,
2070 3438 2339 3505 quemado

756 3528 982 3581 modum
1031 3544 1209 3583 camus
1241 3528 1509 3582 ambabus
1565 3527 1820 3581 manibus
1844 3526 2172 3596 quisquilias
2205 3542 2335 3596 per-

757 3612 974 3674 tentans
1002 3620 1148 3673 haud
1202 3634 1327 3673 raro
1358 3619 1565 3689 aliquid
1627 3618 1856 3687 pretiosi
1902 3619 2149 3673 invenire
2174 3618 2334 3681 solet,

757 3712 840 3765 sic
877 3727 977 3765 nos
1005 3727 1226 3780 quoque
1248 3726 1373 3764 cum
1402 3721 1590 3764 nostra
1621 3711 1940 3765 inﬁrmitate
1974 3711 2043 3764 de
2069 3711 2332 3780 praesenti

757 3804 1064 3873 qumstione
1106 3803 1316 3872 aliquid
1345 3803 1529 3857 dicere
1564 3803 1937 3874 aggredimur.
1974 3805 2153 3873 Atque
2188 3801 2327 3858 nihil

757 3892 902 3945 aliud
932 3892 1160 3945 omnino
1202 3892 1443 3949 dicimus
1467 3910 1630 3962 quam
1686 3892 1831 3963 quod
1884 3893 2027 3949 Deus
2078 3894 2240 3948 nobis
2280 3893 2335 3948 in

758 4000 954 4039 manus
1009 3984 1242 4049 dederit,
1300 3986 1607 4040 secundum
1641 3986 1788 4055 quod
1840 3987 2106 4055 scriptum
2137 3994 2242 4050 est,
2267 3986 2336 4039 ad

756 4073 985 4126 alendos
1034 4087 1133 4141 pro
1166 4074 1311 4127 virili
1372 4077 1527 4143 parte
1555 4089 1619 4129 ac
1675 4074 1941 4129 facultate
1996 4090 2115 4135 vos.
2152 4085 2337 4143 patres

757 4166 932 4219 bonos
967 4174 1209 4229 nostros,
1251 4165 1307 4219 id
1336 4173 1422 4219 est
1476 4166 1782 4235 simplicem
1828 4172 1886 4219 et
1932 4164 2201 4220 modicam
2233 4182 2335 4217 no-

758 4256 954 4325 bisque
984 4256 1405 4309 convenientem
1427 4254 1977 4325 contemplationem,
2018 4255 2335 4324 intelligen-

756 4348 846 4402 tiae
875 4357 1077 4401 nostrae
1107 4345 1498 4401 contrectabili
1522 4347 1693 4416 magis
1705 4361 1869 4415 quam
1890 4346 2047 4399 lirmo
2070 4354 2335 4413 certoque

759 4439 898 4508 pede
958 4436 1349 4507 progrediente
1411 4438 1663 4490 oratione
1718 4436 2051 4501 institutam,
2100 4454 2333 4508 qua-que

2504 2072 2794 2141 «Γυμνὸν
2833 2071 2907 2138 τῇ
2953 2072 3249 2139 ἁπλότητι
3286 2072 3384 2125 καὶ
3436 2069 3549 2138 ζωῇ
3610 2070 3861 2138 ἀτέχνῳ,
3923 2069 4032 2121 και

2498 2162 2639 2231 δίχα
2695 2165 2917 2229 παντὸς
2967 2166 3457 2232 ἐέτικαλύμματος
3514 2163 3611 2216 καὶ
3672 2161 4028 2229 προῦλήμα-

2498 2271 2621 2319 τος.
2703 2255 2981 2309 Τοιοῦτον
3038 2256 3148 2324 γὰρ
3214 2254 3478 2322 ἔπρεπεν
3541 2251 3695 2307 εἶναι
3764 2258 3873 2306 τὸν
3920 2248 4030 2307 ἀπ’

2494 2347 2709 2415 ἀρχῆς-ο
2743 2348 2855 2417 (41)
2898 2372 2916 2400 ι

2497 2438 2564 2489 Τί
2615 2439 2716 2506 μὲν
2774 2440 2863 2493 διὰ
2925 2440 3134 2494 τούτων
3189 2443 3218 2494 6
3267 2441 3443 2511 μέγας
3494 2432 3649 2503 οὗτος
3700 2435 4029 2497 διδάσκαλος

2429 2527 2675 2595 κρυφίως
2706 2528 3109 2593 ἀποκαλύπτει,
3144 2530 3337 2601 μόνους
3375 2529 3622 2591 ἐκείνους
3648 2528 3847 2581 εἰδέναι
3878 2525 4032 2596 φημὶ

2427 2617 2555 2681 τοὺς
2600 2618 2662 2669 τὸ
2712 2619 2827 2671 ἴσον
2869 2620 3021 2689 αὐτῷ
3073 2623 3173 2691 τῆς
3215 2622 3410 2690 σοφίας
3445 2620 3736 2690 εἰληφότας
3780 2618 3880 2672 καὶ
3925 2619 4031 2687 τῆς

2432 2707 2688 2777 γνώσεως
2740 2710 3009 2779 χάρισμα,
3058 2711 3108 2763 οἳ
3148 2710 3239 2764 διὰ
3269 2712 3331 2762 τὸ
3358 2714 3540 2764 πᾶσαν
3586 2711 3687 2781 τὴν
3733 2712 3797 2763 ἐκ
3830 2709 4031 2761 παθῶν

2436 2801 2531 2851 καὶ¹
2560 2800 2744 2870 πάσης
2796 2800 2989 2867 ὑλικῆς
3047 2802 3422 2871 προοπαθείας
3472 2803 3657 2872 λήμην
3716 2801 4029 2855 ἀποθέσθαι

2436 2887 2544 2941 τῶν
2575 2890 2780 2959 νοερῶν
2819 2891 3089 2961 ὀμμάτων
3132 2893 3232 2964 τὴν
3264 2894 3458 2946 ἀκτῖνα
3486 2894 3583 2963 τῆς
3626 2894 3682 2943 ὲν
3709 2892 3855 2952 ὅλοις
3888 2891 4029 2959 ἀλη-

2437 2978 2564 3042 θοῦς
2598 2980 2852 3047 γνώσεως
2885 2986 3083 3052 χωρεῖν
3111 2984 3471 3054 ἐδυνήθησαν,
3522 2984 3644 3037 καθ’
3667 2985 3735 3052 ἢν
3760 2982 3843 3052 τῷ
3863 2982 4029 3050 ἁπλρ

2440 3072 2580 3123 κατὰ
2610 3071 2669 3123 τὸ
2692 3072 2913 3141 ἐφικτὸν
2940 3074 3035 3126 καὶ
3064 3074 3287 3127 ένοειδεῖ
3313 3074 3458 3145 λόγῳ
3498 3075 3591 3127 τὸν
3614 3073 3739 3127 vo?”
3769 3076 3882 3125 ἀπὸ
3913 3073 4031 3124 τῶν

2440 3158 2652 3212 πολλῶν
2705 3163 3149 3231 περιστείλαντες
3199 3167 3383 3217 πᾶσαν
3431 3167 3529 3235 τὴν
3584 3165 4030 3233 ἐπιστημονεκὴν

2438 3250 2547 3301 τῶν
2610 3250 2808 3322 (240
2854 3253 2918 3320 e)
2981 3252 3152 3307 ὄντων
3211 3255 3357 3327 ἁπλῇ
3422 3256 3638 3309 συνέσει
3696 3255 4031 3325 περιέλαϐον

2437 3341 2664 3409 εἴδησιν.
2708 3343 2870 3410 Ἡμῖν
2905 3342 2963 3395 δὲ
3003 3337 3085 3405 οἷς
3119 3346 3148 3395 6
3195 3344 3359 3413 ζόφος
3396 3345 3475 3398 ἔτι
3508 3349 3607 3415 τῆς
3630 3346 3853 3412 ἀγνοίας
3897 3348 4029 3395 ἐπι-

2438 3432 2667 3501 προσθεῖ
2700 3433 2836 3501 πρὸς
2862 3433 2961 3505 τὴν
2989 3433 3081 3486 τοῦ
3133 3434 3367 3505 ἀληθοῦς
3416 3437 3766 3506 κατανὸησιν,
3804 3436 3899 3487 διὰ
3929 3438 4031 3505 τὴν

2437 3522 2567 3592 περὶ
2608 3523 2747 3592 μόνα
2765 3524 2835 3576 τὰ
2866 3524 3198 3595 σαλευόμενα
3226 3525 3321 3581 τοῦ
3348 3528 3439 3581 νοῦ
3476 3528 3807 3598 συστροφὴν,
3832 3528 4033 3597 ὥσπερ

2435 3612 2637 3681 τυφλὸς
2695 3613 2864 3684 ἄμφω
2929 3614 3009 3669 τὼ
3066 3619 3217 3687 χεῖρε
3276 3619 3511 3689 φορυτὸν
3570 3618 3700 3688 ὕλης
3756 3619 4034 3687 ἀφάσσων

2438 3703 2681 3773 εὑρίσκει
2730 3706 2990 3770 πολλάκις
3018 3725 3070 3760 τι
3119 3708 3229 3761 τῶν
3252 3714 3471 3777 τιμίων,
3492 3708 3663 3770 οὕτως
3710 3708 4035 3777 ἐπιχειροί-

2442 3812 2544 3865 μεν
2597 3796 2692 3849 καλ⁵
2741 3798 2905 3867 ἡμεῖς
2950 3797 3088 3867 μετὰ
3116 3797 3215 3867 τῆς
3269 3799 3479 3851 ἑαυτῶν
3526 3799 3811 3859 ἀσθενείας
3846 3801 4035 3851 εἰπεῖν

2438 3907 2491 3941 τι
2522 3889 2651 3957 περὶ
2681 3888 2776 3941 τοῦ
2829 3891 3193 3960 προκειμένου
3246 3892 3580 3961 ζητήματος.
3616 3892 3726 3944 Καὶ
3754 3892 3823 3960 δὴ
3868 3892 4031 3958 λέγο-

2442 3998 2541 4051 μεν
2568 3980 2696 4035 ἀλλο
2718 3981 2780 4033 τὸ
2800 3981 3063 4052 παράπαν
3095 3982 3247 4036 οὐδὲν
3284 3983 3318 4053 ἦ
3352 3984 3486 4053 ὅπερ
3512 3983 3542 4034 6
3569 3982 3703 4045 Θεὸς
3726 3984 3787 4034 ἐν
3832 3985 4035 4053 χερσὶν

2439 4072 2598 4143 ἡμῶν
2661 4071 2891 4142 παραδῷ
2946 4072 3091 4125 κατὰ
3158 4073 3220 4125 τὸ
3286 4073 3696 4144 γεγραμμένον,
3770 4073 3914 4143 πρὸς
3970 4074 4035 4126 τὸ

2439 4164 2635 4237 θρέψαι
2676 4165 2820 4219 κατὰ
2863 4164 3094 4235 δύναμιν
3139 4165 3297 4236 ἡμῶν
3344 4166 3469 4229 τούς
3520 4166 3716 4227 καλοὺς
3777 4167 4036 4236 πατέρας

2441 4258 2607 4327 ὑμᾶς,
2656 4255 2801 4325 λέγω
2851 4256 2908 4311 δέ
2950 4256 3027 4327 τῷ
3070 4256 3436 4327 ψηλαφητικῷ
3478 4256 3619 4325 λόγῳ
3671 4257 3774 4325 τῆς
3800 4257 3860 4308 ἐν
3893 4258 4037 4325 ἡμῖν

2438 4351 2634 4420 νοερᾶς
2684 4349 2966 4419 δυνάμεως
3019 4349 3227 4403 ἁπλοῦν
3278 4350 3372 4407 καὶ
3420 4348 3713 4420 ἀπέριττον
3758 4348 4037 4419 θεώρημα

2441 4445 2534 4494 καὶ
2585 4443 2717 4511 ἡμῖν
2750 4442 3084 4511 σύμμετρον,
3123 4442 3218 4493 καὶ
3265 4440 3540 4511 πατρικὴν
3571 4438 3824 4506 εὐλογίαν
3858 4456 4037 4509 προσ-

756 4544 1042 4603 paternam
1108 4532 1306 4586 invitet
1332 4531 1801 4597 benedictionem,
1849 4547 1919 4587 ne
1964 4549 2072 4602 qua
2126 4543 2331 4588 natura:

2442 4533 2797 4603 καλούμενον,
2850 4534 3048 4601 μήπως
3074 4531 3263 4599 ἀφυῶς
3289 4532 3382 4585 τὸν
3407 4532 3578 4601 ἀγρὸν
3608 4531 3718 4583 τῶν
3745 4532 4036 4601 αἰσθητῶν

758 4624 985 4679 minime
1015 4624 1413 4678 convenienter
1442 4624 1790 4678 sensibilium
1844 4639 2037 4695 agrum
2092 4624 2334 4678 sensibi-

758 4717 885 4769 liter
921 4716 976 4769 in
1025 4716 1249 4769 modum
1280 4715 1423 4768 Esau
1467 4715 1888 4785 perlustrantes,
1915 4716 1987 4769 ob
2023 4716 2334 4771 tarditatem

759 4816 948 4875 parata
996 4807 1279 4875 privcmur
1306 4807 1478 4876 patris
1507 4806 1686 4860 satiati
1740 4806 2129 4861 benedictione
2160 4816 2211 4873 ν,
2243 4819 2341 4862 aut

761 4913 957 4951 rursus
988 4898 1176 4950 animo
1210 4898 1470 4965 superbia
1510 4898 1657 4949 elato
1712 4898 1976 4968 majorem
2008 4907 2337 4967 potestatem

759 4998 1075 5057 quaerentes
1099 4988 1168 5041 ab
1209 4989 1292 5043 eis
1325 4988 1587 5042 damnum
1621 4988 1955 5059 accipiamus
1975 4988 2335 5058 quinostrum

761 5083 949 5136 adhuc
986 5081 1473 5151 contemplationis
1504 5091 1746 5135 montem
1775 5082 1985 5143 colunt,
2024 5080 2081 5134 in
2114 5081 2337 5135 modum

762 5173 1034 5238 lsrael,de
1057 5174 1263 5242 quibus
1298 5174 1385 5228 lex
1421 5182 1631 5237 narrat,
1656 5173 1803 5241 quod
1845 5172 2166 5242 irruperunt
2210 5172 2335 5242 qui-

761 5268 888 5320 dam
903 5274 959 5320 et
982 5266 1035 5320 in
1063 5277 1305 5321 montem
1325 5266 1777 5328 ascenderunt,et
1797 5264 1970 5319 exivit
1986 5265 2337 5319 Amorrlueus

764 5357 913 5411 illius
934 5358 1137 5413 montis
1161 5358 1338 5412 incola
1366 5366 1531 5426 atque
1579 5356 1890 5411 vulneravit
1920 5372 2017 5412 eos
2049 5370 2094 5410 ι.
2139 5356 2333 5427 Suspi-

835 5510 859 5534 τ
903 5502 1038 5557 Gen.
1075 5519 1237 5565 XX‘II,
1266 5504 1325 5556 3|
1361 5517 1512 5570 seqq.
1594 5510 1617 5536 π
1657 5503 1811 5555 Deut.
1844 5517 1882 5564 ι,
1933 5502 2021 5565 45,
2058 5502 2148 5555 Η.

2433 4621 2707 4691 αἰσθητῶς
2749 4620 2891 4673 κατὰ
2936 4620 3029 4672 τὸν
3074 4618 3246 4673 Ἧσαῦ
3287 4618 3695 4691 περιοδεύοντες
3748 4621 4037 4692 στερηθῶ-

2439 4731 2537 4784 μεν
2581 4712 2669 4766 διὰ
2721 4712 3030 4783 βραδυτῆτα
3081 4714 3183 4782 τῆς
3239 4710 3465 4781 ἑτοίμης
3529 4710 3621 4766 τοῦ
3678 4714 4036 4781 τρεφομένου

2437 4806 2643 4876 πατρὸς
2699 4804 2970 4872 εὐλογίας,
3022 4802 3055 4872 ἦ
3117 4802 3282 4856 πάλιν
3334 4803 3401 4855 δι’
3466 4803 3933 4874 ὐψηλοφροσύνην
3984 4823 4037 4857 τι

2442 4897 2623 4967 μεῖζον
2670 4896 2771 4966 τῆς
2823 4896 3106 4966 δυνάμεως
3162 4897 3319 4966 ἡμῶν
3366 4894 3755 4962 ἐπιζητοῦντες
3802 4900 3871 4949 ἐκ
3924 4898 4037 4949 τῶν

2440 4988 2733 5042 οἰκούντων
2758 4987 2838 5041 ἔτι
2871 4988 2933 5040 τὸ
2961 4988 3084 5055 ὅρος
3118 4988 3276 5059 ἡμῶν
3298 4988 3397 5058 τῆς
3419 4987 3674 5059 θεωρίας,
3721 4988 4038 5059 τρωθῶμεν

2442 5080 2585 5133 κατά
2617 5079 2713 5132 τὸν
2747 5079 2985 5150 Ἰσραὴλ,
3018 5078 3146 5149 περὶ
3176 5073 3253 5133 ὧν
3289 5082 3319 5133 6
3350 5080 3515 5149 νόμος
3539 5078 3706 5149 φησὶν
3738 5080 3822 5133 ὅτι
3851 5098 4037 5150 παρα-

2441 5172 2760 5242 ϐιασάμενοί
2796 5188 2943 5235 τινες
2967 5171 3241 5241 ἀνέϐησαν
3280 5173 3359 5235 είς
3388 5173 3448 5223 τὸ
3490 5171 3638 5241 ὅρος,
3677 5172 3775 5224 καὶ
3803 5172 4036 5243 ἐξῆλθεν

2438 5270 2466 5319 6
2507 5268 2853 5337 ’Δμοιρραῖος
2882 5268 2911 5319 6
2934 5265 3097 5317 οἰκῶν
3128 5268 3187 5319 ἐν
3213 5264 3291 5335 τῷ
3312 5265 3428 5333 ὄρει
3468 5265 3661 5333 ἐκείνῳ
3686 5265 3784 5317 καὶ
3806 5265 4035 5335 ἐτίτρω-

2442 5375 2573 5412 σκεν
2603 5358 2819 5421 αὐτούς.
2870 5357 3117 5411 ’Υπονοῶ
3158 5358 3336 5413 τοίνυν
3371 5358 3451 5412 ὅτι
3478 5356 3577 5427 τὴν
3622 5357 3907 5429 διαφορὰν
3937 5359 4035 5429 τῆς

2041 5611 2283 5666 VARI/li
2326 5613 2712 5668 LECTIONES

858 5710 902 5742 ”
930 5707 1065 5761 Cod.
1100 5707 1239 5760 Gud.
1272 5707 1798 5775 αυτοςιλανθρωπία.

1909 5706 1951 5735 ³³
1999 5708 2125 5774 τε;ρὶ
2164 5706 2223 5758 τό
2251 5723 2300 5756 τι
2328 5706 2577 5758 κλέπτειν
2616 5708 2736 5761 eod.
2768 5706 2908 5759 (2rd.

836 5825 952 5893 (ιι)
985 5822 1130 5876 idem
1164 5822 1313 5875 Orat.
1348 5839 1397 5874 ιη
1436 5831 1601 5876 smn-1.
1642 5821 1866 5885 I’usi'Im,
1898 5835 2019 5888 cap.
2055 5822 2107 5884 8,
2138 5838 2191 5890 ρ.
2226 5821 2348 5887 850,
2388 5831 2516 5874 tom.
2566 5820 2581 5874 Ι
2627 5819 2762 5891 Opp.
2799 5819 2931 5876 edit.
2968 5820 3170 5875 Bened.
