4192 6434
160 385 290 450 1353

1389 395 1900 460 AMBIGUORL'M
1944 403 2188 463 LIBER.

3253 415 3387 481 1354

155 495 260 566 πρὸ
273 493 370 548 τοῦ
431 494 880 567 παραπτώματος
935 499 1187 570 κράσεως
1245 501 1340 556 τοῦ
1384 505 1724 576 ἀνθρωπίνου

1828 527 1923 566 cor
1974 515 2140 584 igitur
2192 515 2339 585 quod
2389 521 2804 588 temperamenti
2851 522 3099 593 corporis.
3150 525 3374 582 humani

152 587 406 654 σώματος
450 588 510 640 ὲν
563 587 640 657 τῷ
687 589 994 660 προπάτορι
1060 591 1232 662 ’Δδάμ
1291 593 1427 663 πρὸς
1473 595 1573 666 τὴν
1628 598 1724 652 νῦν

151 675 534 748 θεωρουμένην
590 681 648 732 ὲν
698 681 834 748 ἡμῖν
878 681 972 734 καὶ
1026 683 1336 751 κρατοῦσαν
1391 687 1725 754 ἐνδείξασθαι

145 767 476 838 βουλόμενος
530 769 705 824 ταῦτά
758 788 924 840 φησιν
984 773 1013 824 ό
1058 774 1379 840 διδάσκαλος
1409 817 1425 842 ,
1478 778 1554 841 ὼς
1603 782 1723 833 τότε

141 859 348 930 δηλαδὴ
408 859 504 913 τοῦ
567 861 853 932 ἀνθρώπου
912 864 1183 928 ἐναντίαις
1247 869 1346 920 καὶ
1398 869 1725 940 φθαρτικαῑς

139 945 394 1015 ἀλλήλων
417 948 560 1000 κατά
585 949 683 1019 τὴν
706 953 904 1018 κρᾶσιν
929 952 1022 1004 τοῦ
1050 953 1299 1024 σώματος
1329 957 1405 1027 μὴ
1443 957 1724 1029 διελκομέ-

139 1053 234 1089 νου
266 1037 556 1110 ποιότησιν
579 1080 595 1103 ,
633 1041 750 1094 ἀλλ’
783 1042 1044 1108 ὡσαύτως
1072 1045 1286 1115 ἔχοντος
1311 1048 1433 1118 δίχα
1468 1051 1598 1120 ῥοῆς
1631 1053 1724 1105 καὶ

136 1130 448 1201 ἀπορροῆς,
497 1133 592 1186 καὶ
635 1133 736 1203 τῆς
783 1134 870 1203 ἐφ’
908 1136 1142 1208 ἑκάτερα
1200 1138 1404 1192 τούτων
1450 1143 1590 1194 κατά
1624 1144 1724 1212 τὴν

137 1225 248 1278 τῶν
304 1225 608 1296 ποιοτήτων
661 1227 1016 1297 ἐπικράτειαν
1077 1228 1335 1298 συνεχοῦς
1384 1230 1723 1296 ἀλλοιώσεως

135 1316 434 1387 ἐλευθέρου
480 1317 839 1386 τυγχάνοντος
865 1359 880 1383 ,
944 1313 1032 1372 οἷα
1090 1321 1154 1391 δὴ
1220 1322 1319 1390 τῆς
1373 1326 1514 1375 κατά
1564 1324 1724 1394 χάριν

137 1404 326 1479 (2‘1
363 1408 440 1476 α.)
474 1408 773 1473 ἀθανασίας
799 1411 900 1462 οὑκ
948 1409 1324 1480 άμοιροῦντος,
1375 1413 1470 1465 καὶ
1499 1413 1598 1484 τὴν
1626 1415 1722 1467 νῦν

136 1499 524 1569 μαστιγοῦσαν
547 1501 708 1554 αὑτὸν
735 1504 844 1564 τοῖς
866 1503 1066 1571 ἑαυτῆς
1095 1503 1342 1573 κέντροις
1387 1504 1594 1574 φθορὰν
1621 1507 1723 1559 οὑκ

134 1589 387 1658 ἔχοντος,
425 1590 542 1643 ἀλλ’
564 1591 756 1660 ἑτέραν
781 1591 1023 1660 δηλονότι
1058 1593 1376 1664 πρέπουσαν
1409 1595 1558 1666 αὑτῷ
1583 1599 1723 1668 κρᾶ-

135 1697 223 1733 σιν
278 1680 379 1734 τοῦ
435 1680 706 1751 σώματος,
763 1683 995 1751 ἀμάχοις
1054 1683 1150 1736 καὶ
1215 1685 1414 1746 ἁπλαῖς
1473 1687 1723 1758 ποιότησι

135 1771 534 1842 συνεχομένην.
584 1771 720 1825 Καθ’
747 1773 813 1842 ἦν
857 1773 1064 1842 γυμνὸς
1101 1769 1169 1844 ἦν
1201 1776 1230 1826 ὀ
1267 1775 1482 1847 πρῶτος
1509 1777 1720 1850 ἀνθρω-

135 1877 264 1924 πος,
314 1862 414 1931 οὑχ
463 1861 539 1924 ὡς
581 1862 820 1932 ἄσαρκος
864 1863 958 1915 καὶ
995 1862 1306 1933 ἀσώματος,
1347 1867 1461 1919 ἀλλ’
1511 1868 1588 1932 ὡς
1623 1869 1722 1940 τὴν
1754 1860 1796 1915 Β

135 1952 458 2023 παχυτέραν
509 1953 610 2022 τὴν
676 1952 854 2021 σάρκα
913 1951 1173 2007 ποιοῦσαν
1220 1956 1313 2007 καὶ
1372 1956 1571 2028 θνητὴν
1624 1961 1720 2013 καὶ

133 2045 436 2100 ἀντίτυπον
471 2045 669 2115 κρᾶσιν
706 2046 807 2098 οὐκ
829 2045 986 2115 ἔχων.
1025 2046 1179 2097 Κατά
1200 2046 1387 2100 τοῦτον
1413 2049 1506 2101 τὸν
1547 2049 1720 2118 μέγαν

135 2135 468 2190 διδάσκαλον
513 2137 754 2206 ἀτέχνως
804 2152 863 2188 τε
919 2135 1014 2204 ἔζη
1062 2137 1138 2206 μὴ
1188 2137 1576 2208 διαπνεόμενος
1621 2139 1720 2210 τὴν

135 2227 291 2292 ἅπαξ
323 2227 598 2289 ούσιωδῶς
629 2228 873 2281 δοθεῖσαν
911 2226 1059 2297 αύτῷ
1093 2230 1329 2298 φυσικὴν
1365 2229 1601 2293 εὐεξίαν,
1625 2231 1720 2284 καὶ

139 2319 440 2390 περιϐολῆς
477 2319 722 2388 ὑπῆρχεν
753 2319 1076 2389 ἀπροσδεὴς,
1118 2320 1205 2373 διά
1251 2336 1310 2371 τε
1351 2321 1452 2390 τὴν
1495 2319 1720 2374 ἐνοῦσαν

139 2409 417 2460 ἀπάθειαν
477 2408 741 2478 αἰσχύνην
800 2409 875 2478 μὴ
933 2407 1281 2477 ὑφορώμενος
1350 2409 1445 2462 καὶ
1510 2410 1570 2462 τὸ
1645 2409 1723 2481 μὴ

140 2503 380 2571 κρυμοῖς
445 2502 540 2554 καὶ
609 2500 866 2554 θάλπεσιν
929 2501 1091 2554 αὑτὸν
1157 2501 1496 2566 ὑποκεῖσθαι,
1558 2503 1624 2555 δι’
1688 2503 1724 2557 ἃ.

140 2590 385 2659 μαλιστα
433 2589 534 2659 τῆς
587 2607 644 2643 τε
705 2590 813 2642 τῶν
865 2591 1029 2642 οἴκων
1086 2592 1180 2643 καὶ
1242 2589 1350 2644 τῶν
1399 2593 1724 2662 ἐσθημάτων

142 2685 442 2754 περιϐολῆς
468 2685 498 2736 ό
529 2685 731 2755 τρόπος
754 2686 868 2748 τοῖς
899 2683 1206 2756 ἀνθρώποις
1240 2688 1602 2757 ἐπινενόηται.

523 2959 717 3024 ’Ἄλλη
746 2957 877 3025 περὶ
906 2956 1092 3012 αὐτοῦ
1124 2959 1354 3026 θεωρία.

219 3072 291 3124 Ἢ
345 3072 554 3142 μήποτε
591 3072 684 3124 καὶ
715 3071 781 3124 ἐκ
826 3071 937 3124 τῶν
967 3071 1063 3124 νῦν
1112 3073 1243 3142 περὶ
1291 3072 1387 3127 τὸν
1432 3074 1718 3146 ἄνθρωπον

1824 601 1955 655 Adae
1987 606 2303 672 propatoris
2346 608 2507 675 quale
2547 609 2714 665 fuerit
2741 622 2869 667 ante
2897 617 3386 683 transgressionem

1824 692 2192 748 differentiam
2241 697 2311 751 ab
2341 714 2408 752 co
2440 701 2586 767 quod
2642 702 2695 755 in
2721 703 2881 759 nobis
2908 702 3072 760 ho'dic
3110 717 3389 775 spectatur

1823 795 1880 839 et
1925 785 2140 839 obtinet
2181 787 2492 856 signiﬁcare
2522 791 2713 846 volens
2765 795 3024 864 magister
3064 796 3181 850 lucc
3231 797 3385 858 dicit,

1823 892 1946 930 cum
1971 877 2063 929 illo
2098 877 2354 933 videlicet
2375 890 2620 950 tempore
2669 883 2837 937 homo
2864 886 3224 953 qualitatibus
3247 904 3384 941 con-

1825 967 2009 1020 trariis
2031 977 2085 1020 et
2109 968 2212 1022 sibi
2239 969 2473 1025 invicem
2501 972 2816 1028 exitialibus
2845 976 3147 1029 secundum
3179 988 3388 1047 tempe-

1824 1069 2129 1112 ramentum
2172 1062 2424 1130 corporis
2454 1079 2563 1117 non
2591 1063 3019 1130 distraheretur,
3047 1067 3142 1120 sed
3168 1069 3388 1136 quietus

1824 1160 2091 1211 maneret,
2127 1151 2196 1204 ab
2215 1153 2362 1205 oluni
2401 1152 2549 1207 [luxu
2576 1165 2633 1208 et
2658 1155 2877 1210 detluxu
2923 1158 3188 1219 intactus,
3223 1167 3278 1212 et
3316 1161 3388 1213 ab

1823 1250 2084 1309 perpetua
2117 1258 2171 1294 Ill
2209 1243 2356 1296 hunc
2399 1243 2622 1298 illumve
2674 1261 2773 1315 pro
2804 1247 3114 1317 principatu
3150 1251 3388 1318 qualitau

1825 1340 1937 1385 tum
1970 1334 2347 1388 immutatione
2371 1336 2533 1400 liber,
2561 1346 2750 1406 utpote
2776 1339 2870 1408 qui
2920 1342 3224 1396 secundum
3258 1359 3385 1412 gra-

1824 1422 1953 1474 tiam
1998 1439 2099 1478 nec
2146 1425 2577 1480 immortalitatis
2627 1438 2772 1483 esset
2840 1445 3061 1498 expers,
3121 1447 3225 1487 nec
3283 1435 3384 1486 ha-

1822 1512 1979 1566 beret
2006 1513 2287 1567 interitum
2321 1516 2414 1583 qui
2466 1531 2615 1570 nunc
2660 1531 2787 1570 cum
2838 1516 3077 1570 stimulis
3123 1519 3386 1589 exagitat,

1822 1617 2014 1657 verum
2043 1603 2191 1658 aliud
2235 1606 2495 1660 nimirum
2532 1607 2790 1663 idoneum
2838 1609 2940 1678 ipsi
2972 1611 3223 1680 corporis
3247 1620 3390 1665 tem-

1823 1704 2224 1761 peramentum,
2269 1697 2637 1752 concordibus
2683 1698 3137 1771 simplicibusque
3157 1701 3390 1770 qualita-

1826 1784 1976 1838 tibus
2022 1786 2409 1840 constrictum.
2475 1786 2791 1843 Secundum
2841 1790 2989 1859 quod
3036 1790 3218 1845 nudus
3272 1800 3389 1845 erat

1824 1878 2036 1948 primus
2056 1878 2240 1941 houw,
2269 1893 2380 1932 non
2394 1880 2549 1948 quasi
2573 1881 2693 1935 sine
2731 1896 2897 1937 carne
2920 1897 2986 1938 ac
3010 1897 3268 1952 corpore,
3290 1882 3387 1936 sed

1825 1978 1888 2023 ut
1921 1970 2164 2024 crassius
2184 1970 2329 2040 quod
2393 1986 2617 2027 carnem
2670 1973 2855 2038 eﬁicit,
2882 1975 3170 2030 mortalem
3197 1983 3256 2030 et
3287 1973 3393 2028 du-

1827 2074 1966 2123 ram,
1998 2067 2496 2130 temperamentum
2529 2079 2638 2117 non
2670 2063 2899 2120 habens.
2937 2063 3256 2120 Secundum
3281 2079 3391 2118 ma-

1826 2166 1991 2220 gnum
2046 2153 2193 2206 hunc
2234 2152 2516 2208 doctorem
2558 2165 2711 2210 certe
2754 2156 2973 2212 vivebat
3025 2157 3098 2211 ita
3142 2165 3204 2211 ut
3246 2158 3389 2212 bona

1826 2243 2074 2311 corporis
2098 2244 2218 2315 ejus
2251 2245 2516 2300 habitudo
2539 2247 2827 2311 naturalis,
2862 2263 2969 2316 qua
2993 2249 3161 2304 semel
3204 2264 3392 2304 essen-

1829 2335 2033 2390 tialitcr
2084 2347 2231 2391 esset
2285 2336 2615 2407 impertitus,
2643 2353 2754 2393 non
2787 2348 3173 2404 evanesceret,
3221 2347 3390 2410 utque

1826 2423 1944 2492 ipse.
1983 2423 2356 2493 integumento
2383 2440 2496 2480 non
2516 2435 2723 2496 egeret,
2757 2442 2884 2482 cum
2906 2427 3076 2482 nullis
3113 2428 3389 2496 passioni-

1822 2515 1926 2569 bus
1953 2515 2227 2579 obnoxius
2255 2517 2522 2585 pudorem
2554 2517 2702 2572 haud
2755 2525 3053 2581 metueret,-
3078 2532 3258 2587 neque
3289 2517 3388 2570 fri-

1822 2606 2048 2674 goribus
2094 2615 2153 2660 ct
2204 2607 2448 2661 acstubus
2499 2607 2782 2676 subjectus
2840 2616 3003 2670 esset,
3051 2621 3286 2676 quorum
3336 2609 3390 2659 in

1822 2693 2017 2762 primis
2059 2709 2225 2749 causa
2255 2693 2521 2748 domuum
2561 2702 2620 2749 et
2655 2694 3116 2749 vestimentorum
3169 2694 3387 2763 integu-

1821 2785 1992 2840 menti
2014 2785 2359 2841 consuetudo
2383 2784 2453 2839 ab
2475 2785 2796 2841 hominibus
2833 2786 3147 2857 echgitata
3178 2796 3282 2841 est.

2082 2961 2264 3014 Altera
2299 2961 2362 3013 de
2387 2962 2566 3014 eodem
2593 2959 2704 3014 loco
2752 2960 3144 3028 contemplatio.

1899 3073 1996 3126 Vel
2032 3070 2265 3125 fortasse
2303 3069 2472 3125 etiam
2491 3085 2559 3125 ex
2588 3069 2673 3125 eis
2708 3083 2831 3140 quae
2869 3068 3036 3150 hodie
3065 3069 3123 3124 in
3169 3069 3394 3125 homine

145 3165 538 3236 θεωρουμένων
562 3164 630 3216 τὰ
665 3162 787 3216 τότε
833 3164 960 3233 περὶ
994 3161 1155 3216 αὑτὸν
1184 3163 1312 3217 ὄντα
1341 3166 1406 3234 τῇ
1444 3167 1724 3236 περιαιρέ-

1830 3170 2152 3232 spectantur
2177 3161 2678 3230 comprehensione
2695 3174 2891 3215 eorum
2927 3173 3050 3228 quae
3075 3175 3225 3216 nunc
3249 3161 3303 3215 in
3324 3177 3396 3215 eo

148 3271 231 3306 σει
272 3254 384 3307 τῶν
437 3253 532 3307 νῦν
587 3254 717 3322 περὶ
770 3252 933 3306 αὑτὸν
987 3252 1155 3305 ὄντων
1207 3253 1633 3323 παραδείκνυσιν
1691 3258 1721 3310 ὁ

142 3346 480 3409 διδάσκαλος.
525 3346 771 3398 Κινείται
813 3345 921 3414 γάρ
964 3343 1059 3396 νύν
1101 3346 1129 3396 ό
1169 3344 1475 3414 ἄνθρωπος,
1529 3348 1562 3416 ἢ
1593 3349 1723 3419 περὶ

146 3438 451 3504 φαντασίας
479 3437 709 3503 ἀλόγους
736 3434 923 3488 παθῶν
953 3435 1010 3498 ἐξ
1038 3434 1250 3504 ἀπάτης
1275 3435 1363 3489 διά
1392 3438 1719 3508 φιληδονίαν,

145 3529 180 3598 ἦ
209 3529 339 3601 περὶ
365 3529 556 3598 λόγους
583 3530 788 3599 τεχνῶν
805 3531 867 3582 ἐκ
885 3529 1256 3599 περιστάσεως
1281 3530 1368 3583 διὰ
1389 3529 1486 3596 τὴν
1509 3531 1719 3601 χρείαν,

145 3618 180 3689 ἢ
221 3620 352 3690 περὶ
403 3620 664 3687 φυσικοὺς
698 3619 890 3688 λόγους
932 3621 995 3672 ὲκ
1036 3620 1130 3672 τοῦ
1173 3620 1338 3689 νόμου
1368 3623 1467 3690 τῆς
1508 3620 1723 3688 φύσεως

145 3711 234 3766 διά
267 3711 525 3782 μάθησιν,
564 3704 640 3764 ὧν
661 3711 816 3764 οὐδὲν
841 3712 961 3765 κατ’
999 3711 1175 3782 ἀρχὴν
1215 3713 1439 3774 εἰκότως
1468 3713 1526 3778 ἐξ
1557 3712 1723 3780 ἀνάγ-

146 3822 251 3874 κης
280 3800 430 3858 εἷλκε
474 3805 564 3857 τὸν
591 3805 896 3874 ἄνθρωπον,
949 3805 1204 3874 ὑπεράνω
1242 3804 1458 3858 πάντων
1500 3804 1725 3874 γενόμε-

147 3912 258 3950 νον.
291 3895 448 3949 Οὕτω
476 3896 584 3967 γάρ
611 3896 847 3966 ἔπρεπεν
885 3891 1022 3948 εἶναι
1060 3896 1152 3948 τὸν
1182 3894 1276 3948 ἀπ’
1307 3895 1501 3965 ἀρχῆς,
1535 3895 1724 3965 μηδενὶ

147 3984 212 4039 τὸ
268 3985 488 4040 σύνολον
537 3983 955 4055 περισπώμενον
995 3983 1102 4036 τῶν
1142 3982 1236 4036 ὑπ’
1281 3984 1466 4046 αὑτὸν,
1513 3984 1547 4049 ἢ
1593 3984 1725 4055 περὶ

147 4074 334 4141 αὑτὸν,
373 4073 408 4144 ἦ
443 4075 565 4128 κατ’
601 4073 783 4134 αὑτὸν,
816 4071 914 4126 καὶ
963 4071 1100 4142 πρὸς
1131 4071 1411 4124 τελείωσιν
1470 4072 1587 4133 ἑνὸς
1631 4071 1727 4140 μό-

148 4181 244 4219 νου
269 4165 685 4236 προσδεόμενον,
724 4163 826 4233 τῆς
879 4162 1016 4232 πρὸς
1047 4164 1137 4215 τὸν
1167 4162 1310 4232 ὑπὲρ
1342 4162 1524 4224 αὑτὸν,
1580 4164 1724 4231 φημὶ

146 4255 207 4309 δὲ
255 4253 350 4309 τδν
390 4254 544 4319 Θεὸν,
595 4252 718 4307 καθ’
768 4252 894 4322 ὃλην
942 4252 1041 4322 τἠν
1098 4250 1442 4321 ἀγαπητικὴν
1495 4249 1724 4320 δύναμιν

149 4351 380 4422 ἀσχέτου
411 4349 704 4418 κινήσεως.
759 4345 1001 4416 Ἀπαθὴς
1048 4345 1154 4415 γάρ
1181 4344 1362 4414 χάριτι
1403 4342 1478 4396 ὢν
1507 4343 1724 4411 ἀπάτην

150 4439 342 4492 παθῶν
399 4436 701 4507 φαντασίας
767 4435 834 4488 δι’
886 4433 1086 4505 ἡδονῆς
1158 4433 1220 4485 οὑ
1277 4432 1570 4502 προσίετο⁹
1629 4433 1723 4484 καὶ

149 4529 454 4602 ἀπροσδεὴς
485 4527 747 4598 ὑπάρχων
797 4527 896 4596 τῆς
948 4525 1074 4594 περὶ
1101 4525 1296 4594 τέχνας
1330 4525 1722 4595 περιστατικῆς

149 4624 395 4692 ἀνάγκης
439 4619 527 4674 διὰ
575 4619 673 4691 τὴν
715 4617 902 4689 χρείαν
951 4615 1234 4686 ἐλεύθερος
1280 4610 1348 4684 ἦν
1373 4632 1386 4644 ·
1435 4614 1529 4667 καὶ
1560 4614 1721 4682 σοφὸς

148 4713 226 4767 ὢν
250 4715 350 4784 τῆς
378 4711 508 4782 περὶ
551 4709 650 4779 τὴν
693 4707 854 4776 φύσιν
883 4707 1114 4776 θεωρίας
1149 4705 1402 4774 ὑπεράνω
1435 4704 1720 4775 καθειστήν

150 4823 237 4860 κει
295 4803 384 4858 διὰ
439 4801 537 4872 τὴν
594 4798 814 4868 γνῶσιν.
876 4797 1041 4850 Οὐδὲν
1089 4792 1182 4850 οὖν
1235 4793 1380 4865 εἶχεν
1439 4797 1467 4848 ό
1509 4795 1722 4864 πρῶτος

149 4896 438 4967 ἄνθρωπος
485 4889 688 4961 μεταξὺ
737 4889 872 4941 Θεοῦ
925 4889 1019 4942 καὶ⁵
1066 4886 1232 4940 αὑτοῦ
1285 4885 1721 4958 προδεδλημένον

151 4987 291 5058 πρὸς
323 4984 548 5054 εἴδησιν,
597 4981 777 5052 (241
816 4978 888 5050 b)
938 4979 1030 5032 καὶ
1077 4977 1284 5031 κωλύον
1319 4977 1485 5031 αὑτοῦ
1529 4976 1626 5046 τὴν
1654 4976 1720 5028 δι’

151 5078 374 5146 ἀγάπης
428 5074 748 5143 αὐθαίρετον
795 5069 940 5124 κατά
995 5071 1094 5139 τὴν
1147 5069 1283 5140 πρὸς
1337 5069 1470 5121 Θεὸν
1513 5067 1722 5135 κίνησιν

151 5165 526 5238 γενησομένην
569 5163 884 5231 συγγένειαν
909 5202 925 5226 ,
979 5163 1074 5214 καὶ
1126 5160 1212 5213 διά
1258 5160 1418 5213 τοῦτο
1468 5180 1485 5211 ι
1521 5161 1723 5229 γυμνὸς

151 5263 220 5331 τῇ
269 5257 536 5326 ἁπλότητι
587 5273 606 5307 ι
662 5251 1078 5323 προσηγορεύθη
1137 5251 1216 5322 τῷ
1275 5251 1599 5320 διδασκάλῳ,
1649 5252 1725 5314 ὡς

153 5349 412 5419 ὑπεράνω
444 5346 625 5417 πάσης
650 5347 749 5416 τῆς
782 5344 923 5396 κατά
945 5343 1106 5412 φύσιν
1137 5343 1397 5413 ὑπάρχων
1423 5341 1721 5412 ζητήσεως,

153 5445 250 5498 καὶ
299 5461 319 5496 ι
353 5442 466 5513 ζωῇ
494 5444 562 5510 τῇ
611 5438 844 5509 ἀτέχνῳ,
877 5457 894 5489 ι
935 5437 1012 5500 ὡς
1057 5437 1236 5505 πάσης
1264 5435 1467 5506 τεχνῶν
1515 5434 1725 5495 ἐνδεοῦς

155 5530 478 5604 καθαρεύων
509 5529 674 5598 ζωῆς,
704 5529 796 5580 καὶ
834 5547 849 5579 ι
879 5527 1000 5598 δίχα
1038 5526 1238 5590 παντὸς
1279 5525 1726 5594 ἐπικαλύμματος

157 5625 255 5679 καὶ
300 5621 705 5694 προϐλήματος,
740 5638 759 5672 ι
795 5613 883 5671 οἷα
929 5617 1028 5688 τῆς
1076 5617 1212 5688 πρὸς
1257 5617 1327 5670 τὰ
1361 5615 1594 5685 αίσθητὰ
1617 5613 1725 5667 τῶν

157 5712 463 5783 αἰσθήσεων
484 5707 762 5780 ὲμπαθοῦς
782 5707 1098 5778 συμπλοκῆς
1118 5707 1400 5777 τυγχάνων
1421 5707 1503 5759 ὲλε
1514 5707 1604 5759 ύθε
1615 5723 1724 5775 ρος,

159 5802 242 5871 εἷς
274 5802 492 5873 ὑπήχθη
520 5801 742 5863 δικαίως
771 5799 1016 5869 ὕστερον,
1056 5798 1302 5870 snsi-{4;
1341 5799 1436 5870 τὴν
1470 5799 1725 5868 ἔλλειψιν,

330 5895 599 5956 Ρηιιοι..
631 5891 745 5952 Ga.
782 5891 938 5953 XCI.

1822 3265 1951 3309 sunt
1977 3253 2248 3315 instituta,
2291 3253 2554 3322 magister
2581 3251 2854 3322 signiﬁcat
2891 3265 2958 3307 ea
2987 3267 3110 3322 qua:
3161 3260 3276 3307 tum
3334 3253 3392 3307 in

1820 3360 1888 3399 eo
1927 3345 2152 3399 fuerint.
2185 3343 2437 3397 Movctur
2485 3342 2637 3397 enim
2683 3356 2832 3396 nunc
2859 3342 3049 3406 homo,
3100 3342 3189 3398 vel
3240 3343 3392 3398 circa

1822 3436 2077 3505 ﬁgmenta
2103 3433 2442 3488 irrationalia
2497 3432 2817 3503 passionum
2862 3448 2963 3502 per
3001 3433 3252 3489 fraudem
3297 3450 3394 3488 vo-

1821 3526 2045 3596 luptatis
2071 3524 2330 3593 cupidine
2366 3523 2647 3588 inductus,
2687 3523 2773 3577 vel
2824 3522 2970 3578 circa
3022 3524 3267 3579 rationes
3303 3541 3393 3579 ar-

1821 3619 1960 3673 tium
1991 3633 2057 3672 ex
2097 3614 2510 3670 circumstantia
2538 3613 2776 3668 utilitate
2808 3613 3094 3679 invitatus,
3119 3615 3207 3670 vel
3244 3616 3389 3671 circa

1822 3708 2108 3763 naturales
2133 3707 2379 3761 rationes
2403 3721 2470 3760 ex
2497 3705 2615 3774 lege
2645 3713 2858 3759 naturae
2897 3705 3235 3775 cognitionis
3270 3723 3390 3777 gra—

1822 3803 1919 3866 tia,
1953 3815 2190 3871 quorum
2220 3798 2358 3852 nihil
2398 3796 2658 3851 videlicet
2679 3797 2734 3850 in
2762 3796 3041 3867 principio
3085 3797 3388 3864 hominem,

1824 3895 1990 3948 rebus
2038 3891 2299 3946 omnibus
2347 3889 2696 3959 superiorem
2743 3888 2949 3944 factum
2977 3929 2993 3954 ,
3044 3877 3390 3948 necessitatis

1821 3985 2043 4039 vinculo
2092 3981 2364 4037 trahebat.
2427 3977 2714 4051 Ejusmodi
2765 3980 2970 4034 etenim
3025 3982 3390 4037 conveniebat

1820 4091 1942 4133 esse
1960 4075 2263 4145 principem
2293 4073 2596 4137 hommem,
2629 4079 2692 4126 ut
2743 4085 2973 4141 prorsus
3011 4073 3083 4127 ab
3124 4074 3278 4128 nullo
3296 4090 3390 4128 eo-

1820 4183 1941 4222 rum
1969 4183 2091 4236 quze
2119 4175 2216 4220 aut
2247 4165 2496 4235 subjecta
2523 4164 2630 4219 sibi
2661 4174 2757 4218 aut
2776 4163 2986 4242 circum
3022 4178 3144 4219 sese
3167 4166 3390 4236 juxtave

1822 4260 2049 4314 haberet
2100 4257 2532 4320 distraheretur,
2591 4263 2648 4310 et
2703 4255 2773 4310 ad
2809 4255 3224 4325 tperfectionem
3280 4274 3390 4313 uno

1821 4351 2000 4405 solum
2035 4348 2328 4416 indigeret,
2362 4345 2416 4400 id
2439 4353 2525 4400 est
2551 4345 2799 4400 motione
2825 4344 2893 4399 ad
2913 4360 3044 4399 eum
3091 4346 3187 4415 qui
3215 4346 3392 4401 homi'.

1823 4457 1950 4495 nem
2005 4447 2251 4508 superat,
2289 4439 2485 4503 Deum,
2535 4437 2787 4507 inquam,
2833 4437 3136 4490 secundum
3169 4452 3390 4493 omnem

1753 4515 1798 4571 Ι)
1823 4531 2110 4586 charitatis
2136 4531 2246 4584 vim
2272 4529 2578 4584 irrevocata
2603 4536 2769 4598 atque
2796 4526 3044 4583 victrice.
3083 4527 3227 4584 Cum
3241 4532 3390 4586 enim

1827 4633 1924 4689 per
1974 4617 2204 4687 gratiam
2248 4615 2602 4685 passionibus
2657 4614 2932 4669 obnoxius
2983 4616 3154 4670 nullis
3220 4627 3388 4680 esset,

1827 4709 2072 4763 iraudcm
2099 4707 2417 4777 passionum
2443 4721 2633 4761 rerum
2666 4704 2912 4759 inanium
2946 4706 3132 4761 studio
3159 4721 3269 4762 non
3297 4709 3392 4761 ad-

1828 4801 2006 4864 misit;
2043 4808 2100 4854 et
2132 4813 2258 4853 cum
2296 4798 2470 4852 nihilo
2503 4797 2794 4866 indigeret,
2830 4796 3032 4851 artium
3066 4814 3284 4868 quoque
3323 4801 3392 4854 ah

1827 4893 2023 4948 infesta
2066 4899 2288 4960 propter
2318 4889 2678 4957 indigentiam
2723 4887 3052 4942 necessitate
3086 4890 3228 4943 liber
3254 4889 3388 4952 fuit;

1825 4993 1882 5039 et
1919 4999 2043 5038 emn
2072 4981 2292 5051 sapiens
2339 4988 2508 5042 esset,
2533 4988 2747 5032 natura:
2787 4979 3250 5048 contemplatione
3273 4991 3394 5035 erat

1827 5075 2081 5144 superior
2103 5073 2279 5126 factus
2303 5084 2402 5139 per
2431 5069 2822 5140 cognitionem.
2847 5069 2993 5124 Nihil
3027 5085 3160 5138 ergo
3182 5071 3394 5139 primus

1828 5167 1995 5220 homo
2055 5165 2196 5218 inter
2249 5163 2421 5216 Deum
2483 5169 2541 5216 et
2591 5161 2984 5231 semeptipsum
3041 5161 3280 5217 habebat
3323 5163 3392 5217 ad

1829 5257 2114 5312 scientiam
2170 5253 2486 5322 obiectum,
2529 5253 2785 5322 quodque
2831 5268 2986 5308 suam
3051 5268 3148 5322 per
3207 5253 3391 5308 chari-

1831 5357 1996 5402 tatem
2029 5345 2394 5399 voluntariam
2447 5344 2752 5398 secundum
2785 5344 3082 5398 motionem
3123 5342 3196 5397 ad
3221 5345 3390 5398 Deum

1832 5440 2069 5493 futuram
2092 5435 2385 5505 impediret
2414 5437 2817 5506 cognationem,
2843 5443 2902 5490 et
2929 5433 3139 5490 idcirco
3165 5455 3183 5486 ι
3210 5435 3392 5489 nudus

1831 5528 2225 5599 simplicitate»
2292 5543 2322 5580 a
2357 5527 2617 5596 magistro
2672 5535 2759 5581 est
2812 5525 3137 5595 appellatus,
3201 5535 3392 5594 utpote

1832 5618 2082 5686 superior
2114 5615 2352 5669 naturali
2409 5615 2685 5670 desiderio
2730 5615 2906 5669 factus
2943 5615 3116 5678 omni,
3153 5625 3209 5668 et
3242 5613 3393 5668 «vita

1833 5707 2065 5762 artiﬁcio
2089 5715 2331 5767 carcute,
2358 5725 2375 5756 ι
2408 5714 2596 5775 utpote
2653 5708 2802 5761 omni
2842 5707 2951 5760 vita
2979 5706 3191 5760 artibus
3254 5705 3394 5759 iudi-

1833 5795 1991 5868 gente
2015 5813 2205 5866 purus,
2237 5805 2291 5851 ct
2322 5815 2338 5848 ι
2363 5798 2542 5852 omnis
2572 5797 2926 5870 iutegumcnti
2977 5808 3033 5851 et
3063 5796 3390 5852 mtmimcuti

2930 5887 3004 5946 '43
