4192 6434
778 416 913 482 1365
1952 403 2012 461 S.
2051 397 2343 459 NAXIMI
2380 397 2433 456 Cl

2393 392 2891 457 CONF-ESSOPJS
3913 374 4048 437 1356

777 542 993 598 expers,
1014 545 1032 576 ι
1063 524 1265 595 quippe
1282 520 1378 592 qui
1400 520 1538 575 liber
1562 527 1680 574 erat
1708 534 1737 572 a
1759 516 2101 572 connexione
2131 512 2349 568 aﬂ'ecti-
2377 518 2422 573 Α

2392 518 2422 571 Α
2450 509 2548 561 καὶ
2585 506 2682 559 τοῦ
2735 505 2949 574 πλήρης
2998 495 3137 552 εἶναι
3194 498 3255 549 τὸ
3307 498 3459 559 κενὸς
3517 497 3739 549 πάντων
3789 490 4047 560 γενέσθαι

903 579 1063 688 plena
1081 579 1339 672 setis-num
1358 627 1482 666 cum
1512 609 1886 671 sensibilibus,
1924 605 2128 677 quibus
2157 612 2346 673 postea

2455 596 2796 663 αὐθαιρέτως
2829 594 3108 661 ἑλόμενος,
3142 591 3293 643 κάτω
3330 589 3619 657 γενόμενος
3663 579 3741 639 ὧν
3786 582 4050 653 ὑπεράνω

777 680 997 781 estjurc
1026 708 1306 770 subactus,
1334 719 1457 757 cum
1476 701 1748 756 defectum
1777 713 1969 767 passus
1982 703 2147 758 esset,
2185 708 2249 746 ac
2277 692 2354 745 lo-

1698 716 1748 753 ιιι
1777 713 1969 767 passus
1982 703 2147 758 esset,
2185 708 2249 746 ac
2277 692 2354 745 lo-
2459 687 2704 759 φυσικῶς
2732 687 2945 754 ὑπῆρχε
2969 680 3351 751 γεγενημένος.

778 818 844 855 co
872 766 1240 870 plenitudinis
1257 766 1503 850 omnium
1531 766 1859 847 vacuitatem
1871 796 2064 858 sponte
2088 784 2390 847 maluisset,
2410 780 2637 835 inferior
2666 777 2918 832 redditus
2934 774 3140 844 quibus
3154 770 3617 825 naturalitcrante
3634 766 4052 837 superiorerat.

2370 901 2439 912 ..ι-

1059 969 1183 1024 Alia
1219 968 1283 1021 de
1313 968 1490 1020 eodem
1531 966 1642 1018 loco
1679 961 2072 1032 contemplatio.

2002 963 2072 1014 io.
2820 956 3015 1019 Ἄλλη
3046 950 3178 1017 περὶ
3204 948 3391 1002 αὑτοῦ
3422 946 3654 1013 θεωρία.

855 1083 957 1139 Vel
983 1082 1216 1137 fortasse
1256 1079 1495 1141 «nudus,
1523 1096 1541 1129 ›
1581 1085 1642 1131 ιιι
1701 1077 1979 1145 magister,
2030 1071 2182 1126 varia
2208 1072 2354 1125 circa

2527 1072 2596 1123 Ἥ
2635 1071 2852 1139 μήποτε
2905 1085 2923 1119 ι
2962 1064 3200 1133 γυμνὸς,
3233 1082 3250 1112 ι
3312 1061 3386 1125 ὥς
3429 1077 3595 1129 φησιν
3638 1058 3667 1109 ὀ
3696 1052 4051 1115 διδάσκαλος,

786 1186 1039 1232 naturam
1087 1170 1548 1240 contemplatione
1594 1176 1651 1222 et
1688 1144 2025 1238 cognitione,
2081 1173 2137 1217 et
2202 1161 2359 1214 «vita

2454 1161 2553 1230 τῆς
2606 1160 2736 1230 περί
2794 1156 2957 1225 φύσιν
3016 1153 3274 1219 ποικίλης
3328 1150 3562 1218 θεωρίας
3618 1146 3714 1199 καί
3765 1144 4052 1212 γνώσεως,

788 1267 1024 1321 artiﬁcio
1062 1274 1301 1325 carente,
1332 1282 1348 1312 ι
1408 1271 1560 1315 extra
1620 1257 1977 1326 multiplicem
2008 1254 2149 1309 circa
2186 1251 2358 1306 actio-

2455 1252 2550 1304 καί
2584 1268 2601 1301 ι
2636 1250 2749 1318 ζωῇ
2780 1251 2847 1318 τῇ
2876 1246 3109 1315 ἀτέχνῳ,
3138 1262 3156 1294 ι
3195 1243 3293 1311 τῆς
3324 1244 3455 1309 περὶ
3488 1239 3687 1310 πρᾶξιν
3717 1237 3816 1289 καὶ
3850 1235 4059 1305 ἀρετὴν

788 1373 915 1412 nem
940 1367 996 1411 et
1025 1356 1284 1408 virtutem
1316 1353 1620 1407 collocatus
1655 1349 1902 1403 fraudem
1929 1344 2234 1399 secundum
2261 1344 2361 1397 ha-

2466 1339 2806 1409 πολυτρόπου
2867 1335 3151 1406 μεθοδείας
3201 1332 3463 1400 ὑπάρχων
3515 1330 3700 1391 ἐκτὸς.
3761 1326 3916 1380 κατά
3961 1326 4058 1394 τὴν

789 1448 966 1501 bitum
1024 1444 1313 1515 possidens
1363 1444 1630 1496 virtutum
1701 1439 1943 1492 rationes
1998 1434 2355 1504 impollutas,

2466 1432 2578 1494 ἕξιν
2610 1430 2749 1499 ἔχων
2776 1428 2905 1489 τοὺς
2930 1425 3039 1478 τῶν
3061 1423 3274 1491 ἀρετῶν
3302 1420 3642 1491 ἁμολύντους
3669 1418 3871 1484 λόγους
3900 1454 3916 1478 ,
3969 1417 4062 1467 καὶ

796 1539 1131 1606 somnusque
1184 1533 1544 1605 integumenti
1590 1540 1647 1585 et
1692 1526 2018 1584 munimenti
2068 1540 2301 1595 expers,
2334 1544 2351 1574 ι

2473 1540 2492 1573 ι
2521 1522 2645 1590 δίχα
2696 1519 2900 1581 παντὸς
2943 1515 3404 1583 ὲπικαλύμματος
3451 1512 3545 1563 καὶ
3587 1509 4013 1579 προϐλήματος,
4040 1525 4056 1554 ι

793 1629 1152 1699 intelligentia
1200 1642 1392 1680 eorum
1447 1639 1567 1692 quae
1598 1622 1855 1676 videntur
1882 1619 2123 1674 sensuali
2155 1618 2238 1677 :ad
2270 1632 2362 1671 co-

2470 1612 2569 1682 τῆς
2617 1613 2703 1663 ἐπ’
2737 1609 3029 1679 αἰσθήσεσι
3089 1606 3200 1658 τῶν
3246 1603 3587 1673 φαινομένων
3632 1599 3875 1661 διανοίας
3926 1598 4064 1666 πῲς

791 1720 1106 1792 gnoscenda
1123 1720 1307 1773 divina
1324 1715 1712 1787 principaliter
1735 1728 1845 1767 non
1867 1726 2056 1781 egens,
2088 1711 2207 1765 solo
2232 1708 2363 1764 sim-

2472 1701 2801 1771 κατανόησιν
2846 1697 2956 1751 τῶν
3001 1696 3161 1750 θείων
3187 1736 3201 1760 ,
3260 1692 3688 1763 προηγουμένως
3718 1691 3783 1743 ού
3812 1687 4061 1760 χρῄζων,

792 1812 934 1881 plicc
989 1808 1281 1865 uniformis
1336 1817 1392 1860 et
1447 1804 1736 1875 simplicis,
1794 1817 2025 1872 quaeque
2056 1799 2360 1855 secundum

2474 1794 2642 1863 μόνην
2668 1793 2771 1860 τὴν
2798 1789 2977 1856 ἁπλῆν
3002 1787 3103 1857 τῆς
3129 1785 3395 1848 ἑνοειδοῦς
3422 1786 3517 1836 καὶ
3545 1783 3726 1851 ἁπλῆς
3751 1784 3851 1835 καὶ
3873 1797 4059 1833 συνεκ-

795 1904 966 1957 Deum
987 1910 1115 1955 sunt
1135 1873 1579 1959 conservatricis,
1606 1895 1828 1949 virtutis
1851 1902 2015 1962 atque
2032 1889 2363 1961 cognitionis

2468 1884 2632 1953 τικῆς
2680 1882 2787 1935 τῶν
2823 1881 2963 1951 μετά
2992 1879 3125 1932 Θεὸν
3160 1878 3364 1948 ἀρετῆς
3394 1893 3455 1929 τε
3502 1874 3599 1928 καὶ
3630 1873 3894 1943 γνώσεως
3925 1874 4066 1941 ἔχων

794 1993 1139 2049 munimento
1193 1998 1441 2050 ornatus,
1506 1985 1652 2055 quod
1685 1983 1922 2038 activam
1981 1991 2037 2035 et
2085 1988 2368 2035 strenuam
2402 1992 2442 2046 Β

2412 1992 2442 2046 Β
2472 1977 2771 2050 προεολήν,
2800 1975 2901 2044 τῆς
2928 1972 3015 2026 ἐπ’
3039 1970 3296 2040 ἐνεργείᾳ
3328 1969 3496 2038 μόνης
3518 1967 3789 2035 κινήσεως
3813 1963 3959 2034 πρὸς
3979 1963 4067 2015 Ex-

794 2087 1059 2137 duntaxat
1077 2080 1376 2132 motionem
1407 2076 1475 2130 ad
1527 2074 1951 2144 patefactioncm
1984 2070 2356 2125 voluntariam

2470 2086 2665 2140 φανσιν
2718 2066 3043 2137 αὐθαίρετον
3094 2064 3421 2134 χρῄζουσαν.
3477 2058 3694 2127 Ἀμέλει
3751 2055 3889 2124 γοῦν
3950 2056 4067 2107 ὅσοι

795 2172 1094 2227 desiderat.
1123 2170 1288 2225 Certe
1332 2167 1650 2238 quicunque
1680 2180 1709 2219 a
1734 2163 1957 2235 generis
1986 2162 2158 2217 nostri
2180 2170 2364 2215 aucto-

2469 2161 2744 2231 φιλοσόφῳ
2768 2159 2914 2228 λόγῳ
2942 2157 3042 2228 τῆς
3070 2155 3167 2209 τοῦ
3198 2152 3543 2238 προπάτορος
3573 2149 3809 2218 ἐγείρειν
3838 2146 4069 2207 ἑαυτοὺς

796 2262 875 2315 ris
924 2261 1079 2329 lapsu
1118 2237 1445 2329 philosopha
1508 2256 1724 2310 ratione
1782 2268 2071 2323 resurgere
2104 2253 2358 2321 cupiunt,

2474 2257 2756 2329 βούλονται
2808 2251 3227 2325 παραπτὼσεως
3250 2291 3266 2314 ,
3329 2237 3549 2319 πρῶτον
3582 2246 3931 2314 ἀπάρχονται
3968 2241 4070 2310 τῆς

795 2350 1035 2420 primum
1082 2346 1435 2416 passionibus
1472 2357 1723 2414 prorsus,
1772 2340 1973 2395 deinde
1999 2339 2364 2410 occupatione

2471 2347 2581 2401 τῶν
2633 2346 2826 2401 παθῶν
2874 2342 3176 2405 παντελοῦς
3218 2339 3585 2410 ἀφαιρέσεως,
3627 2331 3729 2388 εἷθ’
3756 2334 3935 2397 οὕτως
3972 2334 4072 2400 τῆς

798 2443 941 2496 circa
989 2439 1192 2495 artium
1239 2438 1485 2491 rationes
1527 2435 1655 2490 exui
1681 2433 1973 2503 incipiunt,
2005 2447 2069 2486 ac
2102 2431 2367 2500 denique,

2475 2441 2603 2510 περὶ
2648 2438 2775 2500 τοὺς
2820 2436 3011 2505 λόγους
3042 2435 3153 2487 τῶν
3184 2431 3389 2504 τεχνῶν
3416 2428 3674 2501 ἀσχολίας
3697 2468 3712 2490 ,
3767 2427 3867 2479 καὶ
3915 2424 4071 2486 τέλος

798 2542 1089 2603 postquam
1155 2529 1461 2584 naturalem
1513 2542 1678 2596 supra
1733 2524 2255 2594 contemplationem
2310 2538 2369 2578 se

2476 2532 2573 2601 τὴν
2624 2528 2858 2599 φυσικὴν
2913 2524 3329 2598 ὑπερκύψαντες
3378 2522 3613 2591 θεωρίαν
3655 2520 3736 2581 εἰς
3772 2518 3877 2587 τὴν
3906 2515 4073 2569 ᾰῦλον

801 2624 1145 2687 sustulerint,
1177 2612 1677 2676 inI-ilnmaterialem
1706 2616 2081 2688 cognitionem
2104 2616 2370 2685 introspi-

2479 2622 2904 2693 παρακύπτουσι
2954 2618 3157 2689 γνῶσιν
3182 2657 3197 2682 ,
3254 2617 3353 2685 τὴν
3407 2614 3484 2685 μὴ
3520 2599 3754 2683 ἔχουσαν
3785 2607 4074 2668 παντελῶς

800 2715 975 2778 ciunt,
1024 2714 1214 2768 forma:
1266 2724 1435 2766 sensu
1460 2722 1755 2778 expressa,
1786 2707 1872 2763 vel
1917 2707 2143 2778 cogitati
2188 2706 2371 2775 prola-

2479 2714 2731 2785 αἰσθήσει
2761 2710 3113 2782 τυπουμένην
3146 2706 3380 2779 μορφὴν,
3414 2706 3448 2776 ἢ
3485 2704 3667 2774 νόημα
3694 2702 3957 2772 προφορᾷ
3987 2698 4074 2751 λό-

800 2808 953 2861 tione
974 2804 1243 2859 sermonis
1271 2800 1660 2871 comprehensi
1682 2798 1843 2868 plane
1864 2806 2167 2867 expertem,
2183 2810 2375 2866 quem-

2480 2822 2580 2874 γου
2612 2804 2963 2875 χωρούμενον
2984 2840 3000 2865 ,
3062 2799 3245 2861 καθὼς
3294 2798 3353 2862 ἐξ
3394 2797 3570 2867 ἀρχῆς
3600 2794 3695 2846 τὸν
3724 2792 3950 2863 πρῶτον
3980 2791 4075 2843 ἇν-

803 2899 1101 2955 admodum
1134 2899 1281 2952 Deus
1313 2895 1591 2965 principio
1613 2893 1853 2963 primum
1900 2891 2159 2946 eﬂecerat
2201 2890 2377 2944 homi—

2480 2896 2701 2967 θρωπον
2732 2895 2990 2964 ἐποίησεν
3027 2891 3212 2963 (242
3237 2891 3289 2959 (ι)
3320 2893 3348 2943 ὁ
3372 2889 3528 2953 Θεὸς,
3568 2886 3766 2957 γυμνοὶ
3796 2888 3866 2954 τῇ
3898 2883 4078 2937 a316-

804 3009 953 3057 nem,
983 2988 1317 3060 cognitionis
1356 2985 1711 3055 simplicitate
1765 2985 1989 3053 vitaque
2028 2982 2373 3045 indistracta,

2484 3004 2605 3057 τητι
2632 2985 2756 3055 ’τῆς
2802 2983 3056 3053 γνώσεως
3105 2985 3198 3035 καὶ
3236 2984 3300 3051 τῇ
3334 2978 3731 3049 ἀπερισπάστῳ
3764 2976 3879 3045 ζωῇ
3904 3014 3919 3039 ,
3985 2974 4081 3027 καὶ

802 3095 865 3139 et
889 3084 1009 3154 lege
1038 3081 1221 3136 carnis
1244 3079 1573 3134 mortiﬁcata
1599 3075 1734 3131 nudi
1778 3076 1929 3131 iacti.
1962 3075 2235 3131 Haherem
2272 3074 2379 3128 uti-

2484 3079 2551 3146 τῇ
2582 3074 2849 3145 νεκρὼσει
2896 3074 2990 3127 τοῦ
3031 3075 3200 3143 νόμου
3249 3074 3350 3139 τῆς
3382 3070 3585 3139 σαρκὸς
3615 3069 3927 3137 γενόμενοι.
3968 3061 4081 3117 Ἠν

804 3189 913 3242 que
944 3173 1053 3226 alio
1087 3185 1308 3241 quoque
1331 3169 1516 3233 modo,
1551 3178 1609 3223 et
1632 3168 1975 3233 sublimiore,
2010 3168 2078 3223 de
2119 3166 2380 3238 praesenti

2491 3166 2673 3235 μέντοι
2719 3166 2817 3217 καὶ
2847 3166 2969 3217 κατ’
2994 3164 3151 3218 ἄλλον
3179 3163 3380 3232 τρόπον
3416 3160 3764 3229 ὑψηλοτέροις
3791 3157 4083 3226 θεωρῆσαι

808 3265 1117 3334 quaestione
1147 3261 1656 3332 contemplandum,
1679 3261 1775 3315 sed
1799 3276 1947 3315 nunc
1970 3260 2195 3330 quidem
2221 3259 2383 3314 omit-

2488 3256 2550 3309 τὸ
2596 3256 2959 3326 προκείμενον
3009 3255 3256 3326 ἀπορον,
3312 3253 3450 3306 ἀλλὰ
3490 3250 3773 3321 παρείσθω
3816 3254 3887 3302 τὲ
3913 3246 4024 3301 νῦν
4042 3249 4084 3279 ³⁸

808 3367 920 3411 tam
951 3372 1017 3411 ea
1050 3355 1118 3411 de
1151 3368 1319 3410 causa
1345 3367 1510 3423 quam
1543 3351 1705 3407 initio
1730 3351 1896 3423 hujus
1934 3351 2207 3406 sermonis
2262 3361 2387 3403 sum
2413 3349 2456 3408 (Ξ

808 3444 1088 3498 nrzefatus.

2169 3352 2207 3405 is
2262 3361 2387 3403 sum
2413 3349 2456 3408 ο
2488 3347 2556 3400 δι’
2580 3348 2647 3419 ἣν
2680 3347 2989 3418 ἀρχόμενος
3015 3346 3300 3413 τοῦλόγου
3328 3347 3593 3414 προεῖπον
3620 3342 3824 3396 αἰτίαν.

808 3452 1088 3515 praefatus.

810 3622 1064 3696 Ejusdem
1086 3623 1342 3676 sermonis
1372 3622 1427 3674 in
1442 3619 1576 3673 illud
1599 3636 1616 3672 :
1654 3637 1671 3668 ι
1695 3616 1986 3672 Anniculus
2015 3633 2193 3685 porro,
2224 3629 2279 3670 ut
2307 3621 2386 3673 sol

2498 3621 2608 3678 τοῦ
2631 3621 2817 3676 αὐτοῦ
2841 3623 3026 3691 λόγου
3054 3623 3141 3687 εις
3162 3620 3249 3674 τό’
3284 3637 3303 3671 ι
3326 3618 3667 3672 Ἐνιαύσιυν
3690 3615 3775 3679 δὲ,
3804 3615 3889 3682 ὡς
3904 3614 4087 3681 ἦλθον

875 3716 1122 3786 justitim,
1146 3712 1226 3766 vel
1253 3728 1281 3764 e
1327 3710 1454 3763 caelo
1504 3708 1865 3778 progrediens,
1919 3705 2000 3760 vel
2032 3716 2290 3776 quernum
2317 3710 2387 3761 ad

2562 3712 2976 3778 δικαιοσύνης,
3003 3712 3042 3778 ἦ
3064 3710 3294 3765 ἐκεῖθεν
3315 3708 3680 3779 ὁρμώμενον,
3702 3707 3740 3776 ἢ
3763 3705 3847 3771 τῷ
3865 3706 4088 3775 ὀροψέ-

883 3815 1090 3879 partcm
1113 3821 1233 3857 eam
1261 3818 1379 3872 qua:
1414 3800 1576 3854 oculis
1599 3800 1853 3862 cernitur,
1879 3799 2303 3869 circumscriptus
2326 3818 2388 3854 ac
2562 3814 2644 3862 νῳ
2672 3800 3071 3869 grammar:th
3091 3798 3225 3869 (42).
3241 3818 3259 3851 ι

881 3896 1151 3965 deﬁnitus.
1186 3913 1204 3945 ι

886 4007 1055 4062 Multa
1088 4003 1394 4060 Salvatoris
1426 4002 1608 4056 nostri
1635 4010 1764 4055 sunt
1813 4001 2058 4065 nomina,
2088 4016 2152 4055 ac
2202 4003 2385 4056 multi-

2568 3996 2771 4050 Πολλοὶ
2817 3996 2912 4048 τοῦ
2956 3995 3209 4063 Σωτῆρος
3239 3993 3397 4064 ἡμῶν
3430 3994 3569 4045 εἰσιν
3603 3992 3657 4044 αἰ
3688 3990 4085 4061 προσηγορίαι,

817 4095 943 4164 plex
962 4092 1265 4147 secundum
1326 4104 1482 4145 suam
1542 4091 1809 4160 cujusque
1882 4090 2391 4160 interpretationem

2499 4083 2591 4136 καὶ
2650 4080 2990 4149 πολύτροπος
3040 4083 3069 4134 ὁ
3112 4082 3198 4150 ἐφ’
3218 4082 3422 4151 ἑκάστῃ
3458 4082 3601 4133 κατά
3628 4079 3727 4150 τὴν
3755 4079 3937 4148 αὐτῆς
3964 4080 4087 4131 ἐπί-

818 4185 1063 4255 mystica:
1088 4181 1573 4250 contemplationis
1634 4190 1741 4234 stat
1776 4181 1994 4245 modus,
2035 4181 2163 4250 quia
2194 4184 2394 4238 multas

2499 4190 2646 4226 νοιαν
2674 4175 2773 4244 τῆς
2796 4172 2937 4225 κατά
2962 4173 3195 4242 θεωρίαν
3217 4172 3508 4241 ἀναγωγῆς
3534 4171 3839 4240 καθέστηκε
3859 4172 4087 4241 τρόπος.

818 4274 1121 4330 secundum
1187 4274 1496 4326 naturalem
1568 4272 2091 4340 contemplationem
2153 4274 2233 4327 rei
2295 4290 2393 4343 per

2496 4266 2587 4319 διά
2613 4267 2675 4319 τὸ
2710 4266 2911 4329 πολλὰς
2946 4266 3094 4319 κατὰ
3120 4267 3220 4335 τὴν
3244 4265 3487 4335 φυσικὴν
3516 4264 3750 4335 θεωρίαν
3777 4264 3877 4316 τοῦ
3908 4280 4090 4330 παρσ-

817 4365 1130 4434 exemplum
1176 4364 1230 4416 in
1275 4377 1482 4416 nomen
1513 4361 1732 4415 Domini
1776 4371 2007 4433 sumptae
2048 4365 2393 4433 contempla-

2496 4358 2867 4429 δειγματικῶς
2927 4362 3007 4423 εἰς
3055 4358 3431 4429 προσηγορίαν
3481 4357 3577 4411 τοῦ
3618 4358 3829 4427 Κυρίου
3869 4356 4083 4426 λαμϐα-

821 4466 1135 4511 mentorum
1164 4454 1293 4508 licet
1312 4452 1603 4506 admittere
1633 4454 1749 4507 vias
1790 4462 1846 4507 ct
1881 4452 2390 4523 interpretationes.

2501 4450 2728 4520 νομένου
2762 4451 3090 4521 πράγματος
3122 4451 3469 4520 ἐπιδέχεσθαι
3499 4450 3757 4503 δύνασθαι
3786 4449 4089 4516 θεωρημά-

818 4543 1291 4612 Quemadmodum
1339 4543 1588 4612 profecto
1636 4543 1690 4596 in
1722 4544 1973 4611 praesenti
2020 4553 2204 4599 nostra
2244 4561 2395 4613 qua:-

2501 4560 2611 4595 των
2632 4542 2908 4606 ἐπιϐολάς.
2935 4543 3147 4614 Ὥσπερ
3174 4542 3371 4612 ἀμέλει
3398 4541 3577 4595 καὶτὸ
3599 4540 3695 4595 νῦν
3715 4540 4090 4609 προκείμενον

822 4638 1001 4692 stionc
1028 4651 1087 4690 se
1114 4650 1203 4688 res
1234 4634 1419 4687 habet.
1443 4632 1581 4687 Cum
1615 4633 1761 4688 enim
1805 4643 2033 4704 propter
2066 4634 2393 4688 brevitatem

2503 4637 2634 4706 ἡμῖν
2685 4635 2890 4705 ἄπορον
2936 4635 3070 4705 ἔχει.
3135 4635 3373 4697 Πολλοὺς
3401 4633 3513 4705 γὰρ
3556 4634 3715 4695 ὅσους
3746 4631 3975 4685 οὐδέπω
4004 4631 4090 4683 δυ.

823 4727 1069 4783 nondum
1099 4726 1271 4795 possit
1306 4740 1487 4779 sermo
1511 4741 1771 4779 enarrare
1804 4726 2239 4781 innumerabiles
2266 4744 2397 4782 con-
2431 4727 2471 4780 D

2431 4727 2471 4780 D
2501 4727 2663 4780 νατοῦ
2710 4728 3069 4796 τυγχάνοντος
3102 4726 3196 4779 τοῦ
3228 4726 3387 4793 λόγου
3410 4725 3796 4794 θεωρημάτων
3832 4723 3969 4793 περὶ
3997 4722 4084 4774 τοι]

824 4819 1341 4885 templamentorum
1365 4816 1509 4868 circa
1546 4815 1715 4869 solem
1742 4817 1956 4879 modos,
1990 4831 2098 4884 quo
2148 4815 2198 4868 id
2228 4816 2395 4884 magi-

2502 4818 2656 4887 ἡλίου
2709 4820 2946 4887 τρόπους
2994 4817 3249 4870 ἐκθέσθαι
3301 4818 3387 4870 διὰ
3435 4816 3496 4869 τὸ
3545 4816 3838 4883 σύντομον,
3877 4813 4094 4881 καθ’ἥν

823 4922 938 4967 ster
956 4923 1122 4964 sensu
1145 4906 1551 4975 contemplatus
1577 4906 1649 4959 sit
1671 4921 1771 4959 nos
1796 4921 2016 4974 quoque
2058 4907 2396 4975 contemple-

2501 4913 2530 4963 ὁ
2579 4910 2898 4973 διδάσκαλος
2951 4911 3083 4963 αὐτὸ
3129 4910 3372 4962 ἐπίνοιαν
3414 4907 3730 4979 ἐθεώρησε,
3786 4906 3885 4958 καὶ
3933 4906 4090 4975 ἡμεῖς

824 5018 969 5065 mur,
999 5014 1063 5053 ea
1098 4996 1358 5051 nimirum
1394 5011 1516 5065 qua:
1544 4995 1873 5065 complicato
1913 5003 2044 5049 sunt
2069 4994 2213 5049 dicta
2233 4996 2303 5049 ab
2328 5010 2395 5049 eo

2505 4998 2920 5069 θεωρήσωμεν,
2986 4998 3054 5050 τά
3118 4997 3575 5067 συνεπτυγμένως
3638 4992 3791 5063 αὐτῷ
3846 4992 4090 5062 δηλονότι

824 5108 929 5163 pro
958 5088 1104 5143 virili
1130 5098 1283 5157 parte
1316 5086 1674 5155 explicantes.
1725 5086 1915 5138 Annus
1972 5085 2157 5154 igitur,
2193 5101 2395 5140 secun-

2508 5088 2744 5160 ρηθέντα
2795 5089 2936 5141 κατὰ
2968 5088 3197 5157 δύναμιν
3240 5085 3624 5154 ίξαπλοῦντες.
3664 5084 3959 5147 Ἑνιαυτδς
3988 5086 4092 5136 τοι·

825 5182 958 5236 dum
998 5185 1218 5233 sanctos
1266 5185 1323 5230 ct
1346 5176 1624 5244 sapientes
1669 5184 1887 5228 nostros
1942 5174 2221 5238 doctores,
2271 5175 2403 5229 solis

2509 5198 2603 5232 νυν
2626 5179 2745 5232 ἐστὶ
2774 5179 2917 5231 κατὰ
2940 5181 3068 5242 τοὺς
3095 5179 3281 5246 ἁγίους
3308 5177 3405 5232 καὶ
3432 5178 3629 5245 σοφοὺς
3649 5174 3812 5245 ἡμῶν
3836 5174 4092 5228 διδασκά-

824 5280 909 5326 υςι
938 5270 1008 5323 ab
1036 5269 1193 5337 signo
1220 5265 1390 5335 ipsius
1417 5266 1472 5319 in
1496 5265 1711 5334 signum
1742 5264 2028 5327 circuitus,
2055 5264 2400 5333 quintuplam

2510 5271 2636 5331 λους
2682 5273 2714 5338 ἡ
2750 5269 2845 5322 τοῦ
2876 5270 3031 5340 ἡλίου
3066 5269 3174 5323 ἀπὸ
3194 5268 3289 5323 τοῦ
3316 5267 3479 5323 αὑτοῦ
3508 5266 3735 5336 σημείου
3768 5266 3853 5328 εἰς
3878 5265 3948 5318 τὸ
3972 5265 4090 5317 αὐτὸ

826 5359 1133 5416 secundum
1179 5370 1395 5426 tempus
1446 5355 1838 5426 proprietatem
1904 5355 2402 5423 comprehcndens.

2515 5361 2740 5429 σημεῖον
2766 5360 3230 5425 ἀποκατάστασις,
3262 5358 3360 5429 τῆς
3386 5356 3528 5411 κατά
3550 5355 3747 5427 χρόνον
3775 5354 4090 5421 muniis

828 5450 1071 5518 Tempus
1092 5448 1240 5501 enim
1263 5446 1317 5499 in
1343 5445 1487 5499 diem
1510 5454 1565 5498 et
1588 5443 1983 5499 hebdomadam
2008 5455 2063 5498 et
2087 5461 2327 5499 mensem
2352 5457 2407 5499 et

2517 5449 2779 5518 ἰδιότητος
2834 5451 3182 5520 περιεκτική.
3243 5449 3302 5501 Ὁ
3344 5446 3453 5519 γὰρ
3500 5446 3693 5519 χρόνος
3742 5445 3829 5510 εἰς
3881 5444 4090 5516 ἡμέραν

902 5651 952 5684 ³ο
974 5650 1111 5706 Cod.
1142 5650 1284 5706 Gud.
1314 5650 1501 5705 τανῦν.
2108 5578 2340 5635 “Amm
2382 5582 2784 5639 ιδετιοΝΕΞο

898 5788 1015 5862 (42)
1056 5786 1203 5842 Idem
1248 5787 1397 5853 ibid.,
1451 5802 1569 5857 cap.
1624 5788 1709 5853 13,
1748 5804 1802 5859 p.
1840 5788 1963 5857 855,
2009 5798 2140 5844 tom.
2176 5791 2194 5843 Ι
2237 5791 2373 5860 Opp.
2410 5793 2548 5847 edit.
2584 5792 2787 5848 Bcncd.
