4192 6434
140 377 258 438 1357

1353 366 1867 427 AMBIGUORUM
1908 366 2156 427 LIBER.

3224 363 3359 428 1358

134 489 216 539 καὶ
261 483 525 554 ἑϐδομάδα
589 482 681 533 καὶ
728 479 871 550 μῆνα
932 480 1024 532 καὶ
1071 478 1258 548 καιρὸν
1306 480 1402 531 καὶ
1442 476 1688 530 ἐνιαυτὸν

1806 477 1956 538 ieris,
2002 475 2229 539 aestatis,
2262 476 2532 541 autumni,
2583 475 2782 533 hiemis
2822 475 3258 532 vicissitudinem
3301 488 3359 531 et

132 572 402 644 ινερίζεταί
424 590 482 624 τε
508 574 602 626 καὶ
624 574 939 641 συνάγεται·
975 574 1069 625 καὶ
1092 574 1122 624 6
1144 572 1391 634 ἐνιαυτὸς
1410 571 1691 636 ὡσαύτως,

129 668 200 727 εἰς
228 664 376 736 ὥραν
430 663 525 717 καὶ
567 665 783 734 ἡμέραν
837 666 930 718 καὶ
972 664 1244 735 ἑϐδομάδα
1293 666 1388 717 καὶ
1422 664 1568 732 μῆνα
1601 662 1696 715 καὶ

126 758 351 827 καιρὸν,
408 756 665 826 συνεχοῦς
713 759 807 810 καὶ
854 756 1178 811 ἀδιαστάτου
1229 755 1326 824 τῆς
1374 756 1495 808 κατ’
1533 753 1696 807 αὐτὸν

128 847 389 917 μενούσης
415 849 688 919 κινήσεως
712 889 727 914 ,
785 849 914 919 περὶ
938 850 1005 919 ἢν
1036 848 1092 900 αἱ
1122 847 1264 901 κατά
1288 845 1389 917 τὴν
1415 844 1697 899 ἀλλοίωσιν

122 938 412 1007 διαιρέσεις
465 938 838 1009 θεωρούμεναι
880 940 979 1009 τὴν
1012 939 1208 1009 συνεχῆ
1250 939 1344 992 καὶ
1374 936 1697 991 ἀδιάστατον

123 1029 430 1099 ἠρίθμησαν
462 1030 555 1083 τοῦ
582 1031 773 1100 χρόνου
805 1031 1041 1101 κίνησιν.
1086 1030 1149 1084 Εἰ
1176 1030 1239 1101 δὴ
1266 1028 1445 1098 τούτῳ
1470 1028 1548 1098 τῷ
1568 1029 1697 1098 τρό-

123 1138 205 1188 πῳ
249 1122 380 1191 παρ’
417 1123 547 1192 ἡμῖν
602 1123 745 1175 κατά
787 1124 884 1192 τὴν
930 1121 1024 1175 τοῦ
1058 1121 1207 1191 ἡλίου
1242 1120 1414 1191 φορὰν
1454 1119 1698 1182 ἐνιαυτὸς

122 1212 347 1278 γίνεται,
379 1211 617 1274 ἐνιαυτὸς
645 1211 845 1281 δηλαδὴ
873 1208 1079 1280 Κυρίου
1104 1209 1290 1272 δεκτός
1314 1210 1428 1261 ἐστι
1457 1209 1695 1273 πάντως,

120 1301 193 1362 ώς
238 1301 593 1371 γέγραπται,
655 1301 798 1353 κατὰ
847 1302 938 1354 τὸν
980 1302 1078 1369 τῆς
1110 1300 1440 1369 ἀλληγορίας
1472 1300 1695 1369 τρόπον,

121 1395 154 1462 ὴ
187 1393 337 1445 πᾶσα
372 1391 552 1464 (242
572 1392 622 1460 1))
650 1392 758 1444 τῶν
784 1390 996 1445 αἰώνων
1026 1391 1368 1461 παράτασις,
1405 1392 1498 1444 ἀπ’
1524 1390 1699 1460 ἀρχῆς

121 1480 183 1555 ἧς
234 1484 529 1554 εὐδόκησεν
577 1485 605 1535 6
650 1482 783 1546 Θεὸς
833 1482 1093 1535 ούσιῶσαι
1134 1482 1203 1535 τά
1236 1482 1364 1535 ὄντα
1390 1522 1405 1544 ,
1465 1481 1699 1545 καὶτοῖς

126 1577 198 1646 μὴ
246 1576 400 1629 οὖσιν
452 1574 687 1644 ὓπαρξιν
734 1573 916 1628 δοῦναι
943 1611 958 1638 ,
1017 1574 1110 1627 καὶ
1152 1573 1239 1627 διὰ
1280 1572 1383 1641 τῆς
1417 1572 1695 1643 προνοίας,

120 1667 307 1738 ὥσπερ
342 1684 428 1727 τις
457 1666 642 1735 νοητὸς
670 1667 822 1737 ἥλιος
854 1666 952 1735 τῆς
983 1665 1119 1736 πρὸς
1142 1665 1406 1735 διαμονὴν
1438 1664 1695 1734 συνεχού-

124 1776 222 1829 σης
254 1760 316 1810 τὸ
348 1760 455 1811 πᾶν
476 1758 784 1826 δυνάμεως,
844 1755 1330 1824 συγκαταὸατικῶς
1357 1757 1567 1824 ἐφεῖναι
1598 1754 1697 1825 τὴν

120 1849 319 1903 ἁκτίνα
349 1848 674 1920 ἀνεχόμενος
696 1889 712 1913 ,
769 1847 1013 1901 ποικίλαι
1042 1847 1166 1909 τοὺς
1198 1847 1431 1918 τρόπους
1458 1846 1698 1911 ἀξιώσας

122 1943 257 2012 πρὸς
282 1941 677 2013 τελεσφόρησιν
700 1934 775 1994 ὧν
795 1944 907 2003 τοῖς
926 1939 1077 1993 οὖσιν
1098 1938 1315 1993 οἰκείων
1334 1940 1700 2009 κατέσπειρεν

120 2032 343 2097 ἀγαθῶν
377 2034 538 2104 μέχρι
566 2035 663 2106 τῆς
692 2034 908 2089 πάντων
936 2034 1408 2105 ἀποπερατώσεως
1431 2034 1540 2088 τῶν
1567 2033 1700 2089 αἰώ-

123 2140 269 2189 νων,
332 2124 456 2177 καθ’
502 2126 568 2195 ἢν
622 2125 867 2191 συλλέξει
916 2128 1017 2196 τῆς
1056 2126 1263 2190 οἰκείας
1311 2128 1522 2196 σπορᾶς
1573 2126 1701 2191 τοὺς

126 2217 373 2286 καρποὺς,
432 2217 689 2281 ζιζανίων
742 2218 962 2288 ἀμιγεῖς
1017 2217 1114 2271 καὶ
1162 2218 1344 2287 πάσης
1389 2217 1701 2289 ἀχυρώδους

122 2305 292 2375 ἄλνης
346 2308 441 2359 καὶ
488 2308 884 2377 συμφορήσεως
927 2307 1235 2378 καθαροὺς,
1293 2308 1388 2361 καὶ
1420 2307 1450 2358 6
1481 2307 1704 2379 σύμπας

123 2396 219 2463 τῆς
251 2394 363 2448 τῶν
392 2397 727 2467 κινουμένων
755 2398 1023 2469 κινήσεως
1052 2397 1495 2469 περαιωθήσεται
1523 2401 1699 2468 λόγος,

124 2484 402 2539 λαϐόντων
433 2486 543 2540 τῶν
569 2488 735 2554 ἀξίων
760 2487 859 2558 τὴν
884 2487 1303 2561 ἐπηγγελμένην
1331 2490 1430 2558 τῆς
1456 2488 1703 2554 θεώσεως

127 2578 365 2649 ἐσχάτην
392 2582 792 2651 μακαριότητα.
836 2581 1056 2645 (Ἥλιος
1081 2600 1100 2633 ι
1128 2581 1221 2635 οὖν
1257 2600 1276 2633 ι
1306 2581 1651 2653 δικαιοσύνης
1679 2600 1698 2635 ι

127 2671 153 2719 ὁ
174 2668 378 2741 Κύριος
402 2671 860 2742 προσηγόρευται,
885 2672 959 2735 ώς
982 2672 1211 2742 ποιητὴς
1235 2673 1330 2727 καὶ
1352 2673 1707 2743 συντελεστὴς

126 2760 233 2814 τῶν
258 2760 473 2816 αἰώνων
492 2801 507 2825 ,
567 2763 659 2817 καὶ
702 2762 777 2828 ώς
810 2765 954 2836 ἀρχὴ
982 2766 1201 2819 πάντων
1249 2766 1347 2819 καὶ
1371 2766 1560 2831 τέλος,
1612 2766 1708 2819 καὶ

128 2851 223 2920 τῆς
264 2853 584 2921 πεπαπλῆς
634 2856 775 2909 κατά
809 2856 907 2926 τὴν
935 2857 1193 2926 πρόνοιαν
1238 2856 1348 2909 τῶν
1377 2857 1708 2927 προνοουμέ-

131 2953 234 2987 νων
282 2939 460 3009 σοφῆς
504 2940 758 3005 εὐταξίας
800 2944 1134 3014 δημιουργὸς
1160 2982 1176 3008 ,
1232 2945 1325 2998 καὶ
1368 2944 1444 3009 ώς
1484 2946 1709 3016 πληρῶν

128 3028 193 3078 τὰ
230 3028 410 3082 πάντα
462 3030 638 3099 φωτὸς
666 3032 837 3085 ἀῐδίου
880 3036 997 3097 ταῖς
1031 3034 1401 3098 ἀνεκλείπτοις
1431 3035 1710 3098 ἐπιϐολαῖς

1794 582 2001 619 annum
2035 566 2484 634 dividitnratque
2500 567 2877 632 consociatur;
2907 567 3150 635 itemque
3183 582 3360 621 annus

1796 660 1850 712 in
1883 660 2073 714 horam
2101 670 2157 715 et
2179 661 2324 715 diem
2347 671 2403 716 et
2431 661 2831 717 hebdomadam
2855 670 2911 717 et
2929 677 3173 717 mensem
3198 670 3255 716 et
3278 664 3359 715 vi-

1796 750 2198 815 cissitudinem,
2216 752 2346 806 dum
2372 754 2633 808 continua
2653 763 2709 808 et
2736 755 2903 809 nullis
2932 754 3169 809 discreta
3187 752 3363 809 inter-

1796 846 1954 899 vallis
1984 862 2081 914 per
2109 863 2236 901 eum
2282 856 2468 903 manet
2501 848 2694 913 motio,
2720 848 2867 903 circa
2908 865 3073 918 quam
3118 865 3240 919 qum
3264 865 3364 918 per

1798 939 2236 993 immutationem
2292 950 2613 1008 spectantur
2659 940 2999 1004 discrimina,
3041 942 3363 995 continuam

1796 1028 2073 1098 nullisque
2096 1030 2399 1083 intervallis
2420 1030 2750 1101 disjunctam
2768 1031 3034 1100 temporis
3063 1030 3364 1085 motionem

1798 1121 2044 1174 numeris
2066 1120 2429 1188 distinguunt.
2453 1120 2608 1185 Quod
2642 1121 2689 1175 si
2718 1121 2772 1175 in
2796 1121 2943 1175 hunc
2969 1120 3189 1175 modum
3219 1121 3364 1190 apud

1798 1223 1901 1264 nos
1923 1209 2226 1264 secundum
2256 1210 2387 1263 solis
2412 1224 2631 1263 cursum
2653 1209 2711 1263 ﬁt
2736 1226 2933 1273 annus,
2966 1226 3143 1264 annus
3171 1225 3365 1279 nempe

1799 1300 2014 1354 Domini
2040 1299 2394 1368 acceptabilis
2420 1299 2649 1353 omnino
2685 1308 2771 1354 est
2808 1309 2857 1365 γ,
2908 1311 2968 1354 ιιι
2995 1301 3263 1371 scriptum
3289 1300 3367 1354 le-

1799 1390 1946 1459 gitur
1974 1388 2279 1442 secundum
2308 1388 2590 1458 allegoria:
2628 1388 2852 1443 modum
2891 1390 3148 1444 universa
3189 1404 3366 1445 saecu-

1799 1484 1977 1537 lorum
2029 1483 2278 1537 extensio
2328 1498 2393 1538 ac
2413 1482 2608 1548 series,
2640 1498 2671 1537 a
2724 1484 2882 1552 cujus
2930 1483 3201 1552 principio
3254 1483 3368 1538 Deo

1800 1575 2009 1644 placuit
2034 1576 2275 1630 essentia
2308 1591 2508 1631 ornare
2529 1591 2594 1631 ea
2615 1590 2739 1645 quae
2757 1585 2935 1640 erant,
2951 1584 3009 1629 et
3040 1576 3366 1630 exstantiam

1801 1668 1931 1722 dare
1953 1669 2036 1722 eis
2065 1684 2186 1737 quae
2209 1682 2317 1722 non
2340 1677 2520 1734 erant,
2569 1676 2628 1723 et
2656 1682 2755 1738 per
2782 1667 3207 1738 providentiam,
3247 1674 3369 1721 tan-

1802 1775 1966 1830 quam
1991 1758 2378 1814 intellectualis
2406 1759 2578 1829 aliqui
2649 1757 2731 1813 sol
2780 1758 3003 1812 virtutis
3034 1756 3103 1811 ad
3154 1771 3372 1826 perscr-

1802 1851 2037 1906 vandum
2069 1850 2481 1904 universitatem
2499 1848 2857 1913 continentis,
2893 1864 3017 1902 cum
3039 1848 3371 1903 condescen-

1801 1944 1956 1999 sione
1988 1943 2204 1997 radium
2233 1942 2532 1997 immittere
2549 1940 2978 2011 sustinens,'quo
2996 1940 3234 1995 variaret
3252 1954 3373 1993 mo-

1802 2034 1901 2090 dos
1923 2034 1989 2088 ad
2014 2032 2337 2087 maturanda
2361 2048 2425 2087 ca
2451 2033 2591 2087 bona
2621 2047 2744 2102 quae
2764 2030 2932 2086 rebus
2977 2030 3375 2085 exsistentibus

1800 2126 2024 2196 propria
2065 2126 2268 2180 insevit
2296 2139 2470 2194 usque
2500 2124 2631 2177 dum
2668 2123 2852 2179 omnia
2887 2124 3086 2179 saacula
3121 2139 3375 2178 consum-

1802 2227 1946 2273 mata
1967 2218 2195 2281 fuerint,
2231 2233 2343 2287 quo
2379 2225 2627 2286 tempore
2662 2215 2871 2287 proprii
2894 2198 3141 2272 seminis
3164 2216 3378 2272 fruetus

1803 2313 2022 2382 colliget
2050 2310 2250 2365 aloliis
2298 2309 2591 2373 discretos,
2618 2310 2882 2380 omnique
2929 2309 3141 2380 paleari
3191 2311 3373 2379 gluma

1804 2413 1968 2472 atque
2012 2402 2272 2472 congerie
2318 2417 2507 2470 puros,
2565 2401 2808 2471 dumque
2868 2401 3126 2457 universa
3180 2416 3376 2456 eorum

1805 2509 1928 2563 qua:
1951 2500 2242 2547 moventur
2276 2491 2538 2546 motionis
2580 2491 2724 2546 ratio
2760 2490 2931 2545 fuerit
2975 2492 3289 2556 terminata,
3322 2502 3381 2546 ct

1807 2582 1842 2637 ii
1871 2583 1965 2652 qui
1998 2590 2320 2638 meruerunt
2342 2580 2712 2636 deiﬁeationis
2753 2595 3023 2636 summam
3065 2596 3187 2651 qua:
3239 2597 3383 2649 prm-

1807 2674 1987 2730 dicata
2012 2683 2134 2729 erat
2170 2672 2572 2729 beatitudinem
2594 2671 2942 2742 "percipiunt.
2991 2689 3010 2722 ι
3034 2669 3125 2725 Sol
3155 2687 3175 2721 ι
3213 2670 3382 2740 igitur

1815 2763 2079 2835 «iustitiae
2101 2782 2120 2815 ι
2175 2763 2443 2819 Dominus
2483 2762 2813 2832 appellatur,
2853 2769 2915 2816 ut
2945 2761 3124 2816 factor
3160 2769 3219 2816 et
3246 2776 3378 2816 eon-

1809 2864 2112 2910 sununator
2142 2855 2493 2918 saeculorum,
2516 2862 2575 2908 et
2593 2860 2657 2906 ut
2685 2851 3021 2923 principium
3046 2867 3234 2907 rerum
3254 2852 3381 2906 uni-

1809 2962 2093 3001 versarum
2116 2961 2180 3001 ac
2202 2945 2347 3009 linis,
2400 2943 2789 3014 quintuplique
2831 2942 3134 2997 secundum
3193 2941 3385 2996 Provi-

1812 3038 2052 3092 dentiam
2071 3036 2202 3091 boni
2229 3051 2293 3090 ac
2304 3034 2568 3104 sapientis
2598 3035 2654 3088 in
2677 3034 2845 3089 rebus
2871 3034 3075 3103 quibus
3100 3034 3382 3104 provisum

132 3118 226 3186 τῆς
250 3118 614 3191 ἀγαθότητος,
649 3124 745 3175 καὶ
775 3125 900 3187 τοὺς
929 3125 1254 3194 εὐρύνοντας
1282 3125 1416 3195 πρὸς
1442 3126 1707 3197 ὑποδοχὴν

1811 3139 1897 3184 est
1929 3128 2141 3183 ordinis
2167 3126 2497 3181 constitutor
2532 3132 2588 3179 et
2608 3124 2828 3188 artifex,
2858 3132 2917 3180 et
2944 3133 3006 3179 ut
3026 3132 3230 3179 aeterna
3261 3124 3384 3178 luce

134 3211 226 3274 τῆς
280 3211 451 3264 αὐτοῦ
500 3214 777 3284 μακαρίας
816 3217 1033 3279 ἀκτῖνος
1081 3217 1206 3280 τοὺς
1249 3216 1457 3270 ἑαυτῶν
1484 3220 1708 3289 νοητοὺς

138 3302 339 3371 πόρους
369 3303 668 3374 πεπείρους
713 3305 804 3356 καὶ
835 3304 1129 3374 ἐδωδίμους
1162 3306 1239 3376 τῷ
1263 3305 1382 3376 Θεῷ
1412 3307 1505 3358 καὶ
1535 3309 1710 3376 Πατρὶ

133 3393 476 3463 ποιούμενος.
536 3394 595 3446 '0
644 3395 806 3458 αὐτὸς
846 3395 903 3448 δὲ
953 3398 1045 3449 καὶ
1084 3397 1331 3460 ἐνιαυτός
1356 3399 1471 3452 ἐστι
1502 3400 1708 3466 Κυρίου

133 3487 343 3555 δεκτὸς,
377 3490 452 3553 ὠς
481 3489 570 3543 διά
597 3490 816 3544 πάντων
848 3490 956 3544 τῶν
984 3492 1309 3561 σωζομένων
1333 3492 1710 3564 πληρούμενος

135 3580 271 3633 κατά
311 3578 411 3650 τὴν
465 3579 557 3632 ὑπ’
587 3580 753 3633 αὑτοῦ
788 3581 992 3651 νοητῶς
1018 3581 1310 3652 γινομένην
1342 3584 1711 3653 πεντάτροπον

137 3669 386 3738 κίνησιν,
438 3669 514 3731 ὡς
544 3670 726 3723 Ἡλίου
749 3670 1120 3741 δικαιοσύνης,
1150 3672 1340 3741 ἥντινα
1365 3674 1551 3743 νοήσει
1577 3674 1711 3726 πάνθ

137 3775 241 3822 τως
277 3761 311 3813 ὁ
344 3759 552 3831 διδττῆς
579 3761 687 3813 τῶν
713 3760 1053 3830 φαινομένων
1080 3762 1343 3832 ἀκριϐοῦς
1386 3765 1527 3818 κατά
1555 3763 1713 3831 λόγον

140 3852 379 3921 φυσικῆς
420 3852 653 3923 θεωρίας
703 3853 799 3923 τὴν
840 3854 949 3906 τῶν
984 3855 1289 3925 νοουμένων
1336 3857 1713 3927 πνευματικὴν

137 3942 451 4013 ἐπιστήμην
480 3942 887 4013 συλλεγόμενος.
918 3942 1156 3996 Ἐκεῖθεν
1177 3944 1232 3998 δὲ
1251 3963 1267 3996 t
1287 3945 1607 4015 ὁρμώμενος
1621 3946 1663 3978 ³⁷
1690 3966 1709 3999 ο

138 4033 357 4103 εἴρηται
379 4034 454 4103 τῷ
475 4032 775 4104 διδασκάλῳ
794 4033 973 4105 (243
989 4035 1066 4103 a),
1095 4036 1157 4106 σῆ
1180 4033 1257 4105 τῷ
1277 4036 1539 4107 ὁρωμένῳ
1565 4054 1719 4109 περι-

140 4123 388 4193 γραπτδς
409 4164 424 4188 ,
474 4143 491 4173 ,
534 4123 566 4193 ἢ
597 4123 672 4185 ὼς
721 4123 835 4193 φῶς
863 4126 926 4176 ὲκ
955 4124 1151 4192 φωτὸς,
1188 4127 1283 4177 καὶ
1307 4125 1439 4189 Θεὸς
1468 4126 1720 4196 ἀληθινὸς

141 4216 201 4265 ἐκ
244 4214 383 4266 Θεοῦ
431 4215 550 4267 κατ’
573 4215 763 4267 οὐσίαν
797 4214 1050 4285 ἀληθινοῦ
1082 4215 1174 4268 τοῦ
1206 4216 1419 4285 [ἰατρὸς
1449 4218 1720 4289 γεννητῶς

140 4304 463 4375 ὁρμώμενος
484 4344 498 4369 ,
554 4304 587 4377 ἦ
636 4306 711 4367 th;
759 4306 1043 4374 ἅνθρωπος
1074 4308 1102 4358 6
1131 4307 1291 4371 αὐτὸς
1321 4308 1397 4378 τῷ
1427 4309 1549 4363 καθ’
1572 4311 1720 4379 ἡμᾶς

143 4396 407 4465 ὁρωμένῳ
456 4396 556 4466 τῆς
598 4396 816 4464 φύσεως
862 4397 993 4449 εἴδει
1026 4400 1430 4467 περιγραπτὸς,
1467 4398 1718 4470 καθάπερ

1815 3220 2070 3274 universa
2102 3217 2322 3285 replens
2340 3215 2520 3284 plenis
2543 3214 2809 3269 bonitatis
2839 3213 3163 3275 missilibus,
3198 3223 3255 3267 et
3287 3228 3384 3267 eos

1812 3315 1905 3385 qui
1939 3312 2081 3369 beati
2112 3312 2234 3382 ejus
2260 3310 2398 3364 radii
2424 3306 2726 3378 reeipiendi
2760 3306 2936 3376 gratia
2986 3305 3385 3361 intellectualcs

1813 3399 2029 3455 canales
2060 3413 2192 3453 suos
2222 3396 2489 3466 amplient
2535 3403 2783 3449 maturos
2816 3404 2875 3449 et
2927 3393 3241 3449 esculentos
3271 3394 3385 3449 Deo

1814 3500 1870 3544 ct
1905 3489 2053 3546 Patri
2080 3489 2339 3544 reddens.
2362 3487 2512 3542 Idem
2548 3501 2680 3540 vero
2705 3495 2764 3541 et
2799 3500 2979 3540 annus
3028 3485 3247 3540 Domini
3290 3500 3383 3539 ae-

1816 3582 2104 3652 ceptabilis
2134 3590 2237 3645 est,
2268 3588 2328 3633 ut
2357 3595 2455 3649 per
2478 3593 2672 3633 omnes
2701 3578 3103 3648 quiservantur
3123 3591 3385 3632 consum-

1816 3680 1994 3726 matus
2032 3670 2334 3725 secundum
2378 3667 2726 3738 quintuplam
2766 3682 2890 3737 quae
2938 3666 3388 3723 intellectualiter

1816 3759 1877 3814 ﬁt
1903 3759 1972 3812 ab
2001 3774 2089 3824 eo,
2126 3766 2383 3826 tanquam
2410 3756 2639 3827 justitim
2687 3755 2835 3820 Sole,
2864 3756 3189 3823 motionem,
3220 3766 3384 3827 quam

1816 3857 2033 3913 noverit
2097 3858 2258 3926 plane
2307 3857 2626 3925 quicunque
2674 3872 2775 3927 per
2824 3856 3141 3927 diligentem
3173 3859 3387 3913 ratione

1819 3965 2003 4005 rerum
2029 3965 2151 4019 quae
2180 3948 2323 4002 visui
2380 3956 2570 4002 nostro
2629 3948 2859 4018 obiectat
2890 3958 3022 4003 sunt
3079 3950 3385 4004 naturalem

1818 4038 2337 4107 contemplationem
2363 4038 2648 4109 collegerit
2678 4038 3021 4108 spiritualem
3042 4053 3234 4094 eorum
3266 4055 3389 4109 quae

1820 4139 2124 4186 noscuntur
2145 4130 2455 4184 scientiam.
2485 4129 2642 4184 Illinc
2675 4144 2807 4184 vero
2837 4147 2855 4180 ι
2897 4130 3277 4199 progrediens,
3301 4131 3387 4184 vel

1822 4223 1888 4277 ad
1917 4230 2125 4292 partem
2160 4236 2280 4275 eam
2308 4236 2432 4289 quae
2461 4221 2637 4275 oculis
2665 4221 2912 4276 cernitur
2936 4222 3392 4292 circumscriptus

1822 4322 1881 4368 ct
1914 4311 2178 4367 definitus
2204 4329 2221 4361 ι
2262 4325 2293 4363 a
2323 4310 2587 4378 magistro
2621 4310 2928 4379 appellatus
2956 4319 3060 4375 est,
3090 4311 3177 4365 vel
3204 4318 3265 4365 ut
3298 4311 3391 4365 lux

1824 4406 1893 4459 de
1917 4404 2060 4466 lucc,
2112 4412 2170 4456 et
2214 4403 2359 4455 Deus
2387 4416 2555 4455 verus
2601 4401 2670 4455 de
2708 4402 2821 4456 Deo
2859 4402 3228 4457 essentialiter
3258 4418 3392 4457 vero

143 4485 291 4553 ἣλιος
349 4488 378 4539 6
426 4487 491 4539 ὲκ
533 4487 628 4540 τοῦ
674 4487 904 4558 οὐρανοῦ
954 4489 1272 4559 ὁρμώμενος
1304 4490 1380 4561 τῷ
1408 4493 1707 4563 φαινομένη

1824 4495 1984 4548 Patre
2034 4491 2409 4561 generationis
2460 4491 2546 4545 via
2599 4491 2978 4562 progrediens,
3007 4492 3094 4547 vel
3140 4502 3203 4547 ut
3226 4492 3393 4546 homo

142 4575 429 4631 ἱισκοειδεῖ
462 4578 675 4645 σώματι
704 4578 1166 4650 περιγέγραπται.

1825 4586 1969 4640 idem
1998 4584 2092 4654 qui
2156 4583 2211 4636 in
2238 4581 2400 4637 nobis
2435 4580 2658 4636 videtur
2683 4591 2895 4637 natura:
2920 4583 3103 4651 specie
3152 4583 3391 4637 cireum-

147 4667 405 4737 stzriptus,
458 4668 921 4738 quemadmodum
980 4669 1083 4735 sol,
1124 4671 1218 4739 qui
1287 4671 1355 4726 de
1423 4675 1563 4729 cmlo
1626 4678 1986 4747 progrediens
2007 4690 2239 4745 corpore
2283 4675 2438 4729 disco
2477 4672 2643 4730 simili
2689 4682 2988 4743 apparente
3041 4673 3391 4729 circumscri-

147 4762 316 4817 bitur.

162 4938 265 4993 Ἐκ
295 4937 403 4992 τοῦ
432 4938 621 4994 αὑτοῦ
648 4941 833 5009 λόγου
867 4945 952 5008 εἰς
982 4946 1069 4999 τό·
1108 4966 1127 4997 ι
1160 4946 1514 5015 Θαυμαστὸν
1542 4947 1723 5002 οὐδὲν

222 5030 274 5081 ει
319 5029 589 5098 μάλιστα
657 5034 782 5085 κατ’
829 5030 998 5089 οἶκον
1048 5037 1311 5092 ἕκαστον
1372 5036 1723 5106 ἐπιζητεῖται

222 5120 288 5173 τὸ
318 5123 616 5190 πρόϐατον
635 5125 769 5195 (43).
784 5144 802 5177 ι

226 5211 385 5266 Εἴποι
430 5212 474 5265 δ’
514 5215 579 5267 ἄν
620 5232 739 5280 τις,
792 5219 888 5272 καὶ
936 5220 1193 5288 εὐλόγως,
1225 5219 1299 5284 ώς
1328 5216 1500 5291 οἶμαι,
1540 5221 1724 5291 τυχὸν,

156 5304 329 5374 Εἴπερ
360 5298 440 5367 εἷς
469 5304 615 5358 ἐστιν
648 5308 677 5359 6
699 5309 933 5375 Χριστὸς
960 5314 988 5365 6
1011 5312 1099 5365 διὰ
1123 5312 1287 5382 νόμου
1313 5313 1406 5366 καὶ
1434 5312 1729 5382 προφητῶν

156 5392 253 5444 καὶ
298 5392 398 5462 τῆς
446 5393 590 5447 κατὰ
632 5394 730 5466 τὴν
773 5398 950 5451 κτίσιν
1002 5400 1416 5470 μεγαλειότητος
1451 5400 1730 5471 μυστικῶς

234 5513 258 5553 7
294 5506 431 5562 Luc.
462 5523 537 5573 tv,
562 5507 650 5563 l9.

1832 4945 1915 4999 Ex
1943 4944 2119 4997 eodem
2144 4956 2385 4995 sermone
2410 4941 2465 4994 in
2505 4940 2681 4996 illud:
2711 4960 2730 4993 ι
2751 4942 2896 4997 Illud
2933 4948 3146 4999 minime
3188 4949 3394 5002 miran-

1897 5036 2043 5097 dum,
2075 5033 2213 5103 quod
2252 5035 2483 5086 maxime
2531 5048 2625 5102 per
2660 5034 2898 5105 singulas
2944 5036 3123 5091 domos
3173 5041 3281 5093 ovis
3314 5056 3397 5093 re-

1899 5127 2144 5196 quiritur.
2172 5141 2190 5174 ›

1900 5219 2055 5273 Dicat
2087 5229 2219 5269 vero
2245 5214 2448 5283 aliquis
2496 5214 2750 5276 fortasse,
2786 5229 2890 5268 nec
2919 5216 3039 5269 sine
3072 5218 3306 5283 ratione,
3340 5229 3403 5273 ut

1835 5309 1969 5364 mihi
2014 5307 2263 5361 videtur:
2311 5304 2368 5358 Si
2415 5304 2637 5372 quidem
2697 5318 2842 5358 unus
2888 5313 2975 5359 cst
3000 5304 3275 5373 Christus,
3306 5323 3404 5376 per

1836 5402 2011 5471 legem
2035 5406 2091 5453 et
2112 5394 2427 5467 prophetas,
2447 5409 2655 5463 perque
2681 5394 3014 5451 conditionis
3048 5397 3404 5465 magnificen-

1430 5573 1669 5628 VAllIIE
1711 5575 2110 5629 LECTiONl‘ZS.

236 5645 280 5677 ³⁷
310 5645 697 5715 Apographum
728 5645 934 5715 praebet
964 5646 1020 5699 h.
1057 5647 1096 5701 l.
1128 5646 1422 5717 ὁρώμενος.

238 5758 350 5830 (45)
388 5758 539 5815 Idem
591 5760 739 5827 ibid.,
775 5776 894 5831 cap.
934 5761 1018 5827 H,
1068 5775 1120 5828 p.
1157 5760 1281 5825 856,
1330 5768 1459 5813 tom.
1511 5759 1698 5829 lOpp.
1741 5760 1874 5815 edil.
1923 5760 2119 5812 Bent-tl.
