4198 6434
172 398 306 467 1361

1393 397 1907 459 AMBIGUORUM
1948 400 2192 460 LIBER.

3271 401 3408 464 1362

159 536 192 588 ρ
206 535 346 576 δκνις,
365 512 458 567 καὶ
480 510 793 582 ἰδιοτρόπως
814 509 943 571 ἴδιος
962 506 1194 563 ἑκάστου
1210 507 1318 561 τῶν
1340 508 1509 577 ἀγίων
1530 509 1671 562 κατὰ
1684 508 1746 561 τὸ

1851 510 1976 562 fidei
2003 510 2058 562 in
2111 511 2343 580 singulis
2387 511 2630 574 modulo,
2674 518 2879 582 proque
2911 513 3085 584 gratia
3129 527 3254 584 qua
3289 515 3419 567 sub-

158 610 360 676 μέτρον
379 604 476 673 τῆς
491 605 547 657 ἐν
570 602 784 672 ἑκάστῳ
805 601 1058 664 πίστεως,
1077 601 1170 652 καὶ
1197 596 1294 670 τὴν
1313 599 1745 671 ἐπιχορηγουμὲ-

154 710 259 764 νην
284 694 447 764 χάριν
468 691 562 745 τοῦ
588 682 977 762 Πνεῦματος,ιῖ›
1007 689 1105 760 μὲν
1134 688 1326 752 οὑτως,
1365 681 1412 757 ᾧ
1439 689 1498 741 δὲ
1530 687 1722 751 οὑτως,

155 783 550 854 εὑρισκόμενος
583 782 701 846 ὅλος
718 783 811 835 καὶ
831 780 956 850 ὅλῳ,
974 781 1108 834 πάσι
1135 779 1194 834 δὲ
1227 780 1408 834 πάντα
1432 780 1736 850 γινόμενος.

167 960 277 1017 Ἐκ
308 962 416 1016 τοῦ
456 960 644 1016 αὐτοῦ
672 961 858 1030 λόγου
886 962 974 1027 είς
1005 961 1074 1016 τό
1092 977 1105 991 ·
1143 977 1164 1012 ι
1198 960 1390 1014 ὀσον
1418 959 1538 1028 μὲν
1573 975 1723 1026 σαρ-

231 1051 421 1119 κῶὄες
448 1053 555 1107 τοῦ
593 1053 780 1122 λόγου
819 1052 918 1108 καί
945 1054 1254 1121 τρόφιμον,
1286 1052 1436 1120 μετὰ
1473 1051 1590 1104 τῶν
1618 1051 1728 1103 ἐν-

230 1145 498 1198 δοσθίων
525 1145 622 1198 καί
649 1142 769 1197 τῶν
794 1143 1062 1213 κρυφίων
1087 1143 1194 1197 τοῦ
1219 1141 1332 1196 νοῦ
1355 1140 1736 1209 ,βρωθιὲσεται

232 1233 336 1288 καί
355 1237 443 1300 εις
461 1234 648 1302 πέψιν
661 1232 1073 1302 πνευματικὴν
1091 1229 1530 1297 ἁναδοθήσετιιι
1552 1231 1688 1298 (Η).
1713 1246 1733 1280 ι

239 1350 309 1401 '0
338 1349 520 1402 πᾶσαν
557 1345 696 1417 μετά
727 1346 920 1415 σοφίας
949 1346 1112 1414 φύσιν
1135 1345 1446 1415 ὑποστήσας
1464 1345 1616 1407 Θεὸς,
1646 1345 1741 1397 καὶ

159 1438 396 1510 πρώτην
438 1437 649 1510 ἑκάστῃ
694 1437 804 1491 τῶν
846 1436 1083 1505 λογικῶν
1136 1435 1338 1489 οὐσιῶν
1373 1435 1602 1504 δύναμιν
1644 1435 1744 1505 τὴν

156 1529 335 1583 αὑτοῦ
378 1528 583 1597 γνῶσιν
614 1528 863 1599 κρυφίως
902 1528 1210 1596 ἐνθέμενος,
1243 1528 1442 1580 δέδωκε
1475 1528 1571 1580 καὶ
1614 1529 1746 1597 ἡμῖν

153 1621 282 1682 τοῖς
301 1620 578 1682 ταπεινοῖς
603 1618 932 1688 ἀνθρώποις,
949 1619 1026 1681 ὡς
1049 1617 1422 1687 μεγαλόδωρος
1442 1620 1738 1688 Δεσπότης,

158 1713 312 1765 κατά
341 1714 502 1781 φύσιν
544 1711 634 1764 τὸν
668 1713 748 1773 εἰς
769 1709 932 1763 αὑτὸν
958 1710 1124 1763 πόθον
1151 1711 1246 1761 καὶ
1277 1709 1478 1778 ἔρωτα,
1508 1726 1742 1762 συνεπι-

159 1802 376 1868 πλέξας
421 1801 572 1871 αὑτῷ
610 1800 857 1870 φυσικῶς
900 1799 994 1852 τοῦ
1037 1801 1201 1868 λόγου
1231 1801 1330 1869 τὴν
1365 1799 1615 1871 δύναμιν,
1654 1800 1740 1869 ἐφ’

1853 599 2162 655 ministrata
2194 613 2276 656 est
2311 605 2471 657 alteri
2507 605 2630 666 hoc,
2664 604 2817 658 alteri
2859 605 2954 660 illo
3004 605 3190 668 modo.
3227 603 3419 661 omnis

1834 689 1889 743 in
1912 693 2058 746 omni
2086 693 2360 755 inventus,
2391 695 2604 748 cunctis
2631 709 2760 749 vero
2790 702 2988 750 cuncta
3029 696 3284 752 effectus.

1835 961 1914 1016 Ex
1931 961 2108 1011 eodem
2139 974 2376 1011 sermone
2394 959 2446 1011 in
2467 957 2630 1012 illud:
2659 977 2676 1008 ι
2697 958 2960 1027 Quidquid
2976 973 3134 1026 porro
3156 974 3419 1012 corneum-

1906 1063 1952 1103 ct
1991 1049 2309 1102 esculentam
2339 1050 2493 1101 habet
2532 1049 2794 1106 doctrina.
2845 1065 2962 1101 cum
2996 1049 3260 1101 intestinis
3315 1049 3409 1101 ab-

1910 1143 2134 1210 ditisque
2205 1141 2389 1193 mentis
2459 1139 2697 1210 partibus
2752 1140 3069 1203 contedetur,
3132 1149 3291 1207 atque
3341 1139 3412 1192 ad

1909 1231 2242 1300 spiritualcm
2273 1231 2656 1284 concoctionem
2689 1231 2972 1298 digerctur.
2999 1247 3016 1278 ι

1909 1347 2138 1400 Omnem
2199 1358 2323 1396 cum
2395 1342 2659 1411 sapientia
2696 1350 2944 1395 naturam
2998 1340 3090 1409 qui
3152 1339 3414 1410 produxit

1843 1437 2008 1497 Deus,
2041 1443 2095 1488 et
2140 1432 2490 1488 rationalium
2525 1432 2822 1500 unicuique
2877 1429 3240 1484 essentiarum
3287 1429 3412 1498 pri-

1845 1545 1988 1583 mam
2021 1530 2330 1583 facultatem
2362 1527 2576 1580 occulte
2628 1525 2826 1578 insevit
2879 1525 2964 1577 sui
3011 1523 3413 1594 cognitionem,

1849 1620 1895 1674 is
1925 1621 2084 1672 nobis
2116 1617 2422 1672 humilibus
2493 1615 2810 1670 hominibus
2841 1629 3082 1682 quoque,
3113 1620 3175 1667 ut
3211 1613 3414 1666 libera-

1847 1712 2086 1764 lissimus
2111 1709 2392 1769 Dominus,
2415 1707 2660 1760 naturale
2681 1706 2952 1775 quoddam
2977 1705 3060 1758 sui
3078 1702 3414 1760 desiderium

1848 1799 1997 1852 dedit
2031 1807 2193 1864 atque
2217 1810 2480 1856 amorem,
2521 1810 2629 1847 una
2679 1809 2924 1847 connexa
2949 1807 3073 1846 cum
3095 1806 3162 1846 eo
3191 1799 3417 1845 natura-

156 1888 206 1961 ᾧ
241 1894 539 1964 δυνηθῆναι
591 1892 733 1962 μετὰ
777 1891 1059 1962 ῥᾳστώνης
1085 1891 1289 1958 γνῶναι
1339 1893 1464 1954 τοὺς
1506 1892 1743 1960 τρόπους

1849 1889 1973 1942 liter
1998 1887 2256 1940 doctrinzc
2278 1884 2667 1951 facultate,quo
2703 1881 2916 1936 facilius
2945 1887 3169 1950 possent
3216 1892 3418 1948 cogno-

161 1986 272 2054 τῆς
300 1984 392 2038 τοῦ
447 1984 614 2038 πόθου
652 1982 1010 2054 πληρώσεως,
1047 1984 1141 2036 καὶ
1175 1986 1250 2053 μὴ
1282 1983 1744 2053 παρασφαλέντας

160 2078 495 2147 διαμαρτεῖν
521 2070 583 2128 οὗ
615 2077 799 2144 τυχεῖν
828 2072 1229 2142 ἀγωνιζόμεθα.
1258 2075 1412 2126 Κατά
1435 2073 1627 2125 τοῦτον
1650 2073 1744 2125 οὑν

163 2167 488 2236 κινούμενοι
517 2165 609 2218 τὸν
640 2163 805 2218 πόθον
835 2164 963 2235 περί
1014 2182 1072 2217 τε
1118 2164 1219 2233 τῆς
1274 2163 1534 2234 ἀληθείας
1572 2164 1743 2232 αὑτῆς

164 2260 272 2312 καὶ
307 2257 405 2327 τῆς
455 2257 734 2320 εὐτάκτως
764 2258 878 2318 τοῖς
931 2256 1074 2319 ὅλοις
1125 2256 1528 2325 ἐμφαινομένης
1556 2255 1746 2323 σοφίας

165 2367 230 2402 τε
260 2350 355 2402 καὶ
385 2349 706 2418 διοικήσεως
751 2347 934 2417 ζητεῖν
959 2346 1267 2417 ὲναγόμεθα
1295 2347 1504 2400 ἐκείνου
1539 2349 1741 2416 τυχεῖν,

165 2440 264 2494 διὰ
293 2439 499 2492 τούτων
526 2439 858 2508 γλιχόμενοι,
891 2431 952 2491 οὑ
978 2437 1139 2507 χάριν
1157 2437 1248 2489 τὸν
1271 2436 1435 2489 πόθον
1458 2435 1744 2505 ἐλάϐομεν.

169 2532 289 2585 Καὶ
325 2529 482 2583 τοῦτο
532 2530 808 2600 μυστικῶς
857 2530 1156 2595 ἐγνωκότες
1196 2531 1243 2581 oi
1285 2528 1606 2598 φιλομαθεῖς
1653 2529 1750 2582 καὶ

167 2621 450 2691 φιλότιμοι
473 2622 574 2691 τῆς
603 2622 763 2692 exuo;
778 2621 860 2682 ίας
883 2621 1114 2690 ἐρασταὶ
1150 2620 1279 2688 μίαν
1301 2620 1602 2689 ἐστήσαντο
1623 2637 1746 2690 σχο-

168 2713 277 2783 λὴν
312 2715 409 2766 καὶ
433 2712 792 2784 προσεδρείαν
832 2712 1045 2772 ἑαυτοῖς
1076 2711 1178 2779 τὴν
1213 2711 1343 2780 περὶ
1383 2711 1572 2764 τούτου
1603 2710 1751 2778 φιλό-

171 2821 343 2858 πονον
365 2804 620 2875 ἄσκησιν,
662 2802 906 2875 ἀκριϐῶς
945 2801 1040 2855 ὑπ’
1065 2801 1236 2871 αὐτῆς
1266 2801 1371 2855 τῶν
1412 2802 1752 2872 πραγμάτων

169 2895 279 2965 τῆς
323 2893 561 2965 ἀληθοῦς
605 2892 991 2964 καταωήσεὼς
1036 2911 1096 2947 τε
1149 2897 1243 2946 καὶ
1288 2893 1611 2956 ἀκολουθίας
1647 2912 1749 2964 μα-

174 2986 369 3050 θόντες
397 2987 494 3051 ῶς,
530 2986 715 3058 (2η
757 2987 811 3057 b)
857 2986 1014 3056 εἴπερ
1059 2985 1200 3041 κατά
1242 2986 1336 3039 τὸν
1364 2985 1537 3039 αίῶνα
1566 2985 1754 3040 τοῦτον

179 3077 370 3140 ποσῶς
398 3077 466 3132 δι’
504 3078 748 3131 εὑσεσῶν
766 3077 1139 3149 θεωρημάτων
1159 3077 1258 3148 τὴν
1285 3077 1589 3147 μέλλουσαν
1619 3078 1754 3148 ἁλή-

177 3170 340 3222 ίίειαν
365 3170 749 3232 εἰκονίσαιντο,
789 3167 885 3222 καὶ
907 3168 998 3220 τὸν
1029 3167 1195 3222 πόθον
1216 3166 1751 3240 πληροφορήσουσιν,

178 3253 548 3330 ἑτοιμοτέραν
594 3259 670 3322 ὡς
702 3261 817 3322 τοῖς
861 3258 1098 3312 ἐνταῦθα
1143 3259 1326 3323 καλῶς
1356 3259 1759 3328 γυμνασθεῖσαν

177 3345 285 3418 τὴν
309 3347 489 3419 ψυχὴν
527 3348 840 3419 ἐσχηκότες,
876 3347 1088 3418 ἀκμητὶ
1123 3349 1263 3417 μετὰ
1297 3347 1390 3401 τὸν
1419 3346 1532 3417 βίον
1570 3349 1760 3400 τοῦτον

180 3439 280 3494 ἐπὶ
334 3441 434 3509 τὴν
470 3440 776 3508 μέλλουσαν
816 3438 1080 3508 ἀλήθειαν
1133 3437 1568 3508 μεταϐήσονται,
1609 3455 1762 3491 σκια-

183 3531 572 3602 γραφηθεῖσαν
616 3531 798 3594 αὐτοῖς
831 3530 931 3600 ἤδη
978 3528 1161 3592 καλῶς
1206 3530 1294 3584 διά
1328 3529 1439 3582 τῶν
1473 3529 1762 3599 θειοτέρων

181 3623 503 3694 νοημάτων,
537 3623 765 3689 ἄγοντος
785 3621 984 3683 αὑτοὺς
1005 3621 1090 3674 ἐπ’
1108 3620 1276 3690 αὑτὴν
1296 3620 1497 3691 δηλαδὴ
1521 3619 1619 3690 τὴν
1640 3620 1766 3690 ἀλή-

184 3714 346 3767 θειαν
382 3711 475 3766 τοῦ
522 3712 657 3766 Θεοῦ
700 3711 793 3766 καὶ
821 3713 1073 3782 Σωτῆρος
1105 3710 1261 3781 ἡμῶν
1302 3707 1477 3780 Ἰησοῦ
1503 3709 1762 3781 Χριστοῦ,

183 3804 288 3858 καὶ
309 3803 488 3872 ἁπλῆν
531 3803 625 3854 καὶ
655 3801 909 3872 ἀρίδηλον
955 3799 1050 3852 καὶ
1101 3799 1225 3869 δίχα
1269 3797 1450 3868 πάσης
1503 3797 1762 3868 ἀπορίας,

187 3894 537 3967 ωμὸολικῆς
564 3911 625 3946 τε
661 3892 934 3955 ποικιλίας
977 3891 1070 3944 καὶ
1107 3890 1288 3961 πάσης
1333 3887 1766 3959 αίνιγματὼδους

186 3983 490 4053 ἀσαφείας,
519 3982 704 4044 αὑτοῖς
733 3979 1218 4051 παραδεικνύντος,
1243 3979 1630 4050 ἀποδρασάσης
1667 3978 1768 4031 αὑ-

185 4075 308 4137 τοῖς
355 4073 545 4143 ὥσπερ
590 4073 682 4124 ἐπὶ
722 4073 821 4140 τῆς
855 4069 1170 4138 πρακτικῆς
1212 4068 1414 4138 ἀρετῆς
1446 4069 1640 4140 ὀδύνης
1672 4069 1768 4122 καὶ

188 4165 377 4234 λὺπης
404 4165 500 4216 καὶ
528 4162 833 4231 στεναγμοῦ
871 4162 958 4214 διὰ
988 4161 1086 4230 τὴν
1112 4159 1324 4212 τελείαν
1348 4158 1638 4224 ἀπάθειαν,
1677 4158 1758 4211 οῦ-

188 4275 276 4310 τω
317 4257 414 4308 καὶ
449 4256 541 4307 ἐπὶ
569 4254 668 4323 τῆς
694 4252 1040 4322 θεωρητικῆς
1065 4249 1342 4318 γνώσεως.
1377 4249 1644 4319 ἀσαφείας
1665 4248 1769 4302 πά-

193 4365 303 4418 σης
330 4347 422 4400 καὶ
451 4346 708 4414 ἀπορίας,
744 4343 832 4396 δια
861 4343 962 4414 τὴν
1005 4342 1216 4409 σοφίαν,
1249 4341 1642 4410 προστεθείσης
1675 4341 1772 4393 αὑ-

193 4441 337 4500 τοῖς,
362 4436 616 4489 ἐντεῦθεν
636 4433 861 4487 λαϐοῦσι
887 4435 988 4496 τὰς
1013 4429 1396 4493 ὑποτυπώσεις
1413 4431 1601 4499 αὑτης,
1622 4447 1773 4500 τηνι-

1850 1992 2003 2031 scere
2050 1975 2241 2028 modos
2267 1974 2526 2029 desiderii
2570 1973 2854 2042 explendi,
2888 1988 2953 2026 ac
2986 1986 3054 2025 ne
3090 1969 3416 2024 aberrantes

1851 2083 1917 2121 co
1950 2065 2270 2119 exciderent
2291 2064 2435 2133 quod
2469 2063 2727 2130 consequi
2766 2069 3068 2114 certamus.
3104 2059 3217 2112 Hoc
3250 2058 3418 2127 igitur

1852 2157 2127 2209 desiderio
2148 2153 2403 2207 emnmoti
2429 2165 2536 2207 tam
2561 2154 2702 2206 circa
2728 2153 2897 2221 ipsam
2923 2150 3212 2204 veritatem
3253 2163 3416 2217 quam

1853 2248 1995 2299 eirea
2021 2246 2339 2314 sapientiam
2367 2243 3008 2310 administrationemque
3032 2255 3171 2310 quas
3191 2238 3420 2308 pulcher

1855 2335 1907 2388 in
1939 2336 2099 2387 rebus
2123 2333 2391 2387 universis
2418 2332 2729 2385 manifestat
2760 2329 2898 2383 ordo
2946 2328 2999 2381 id
3046 2326 3268 2381 studere
3313 2327 3418 2380 im-

1854 2429 2132 2499 pellimur,
2149 2426 2234 2480 his
2251 2425 2482 2488 incensi,
2504 2434 2563 2477 ut
2581 2423 2728 2477 illius
2749 2429 3030 2490 compotes
3053 2418 3246 2472 fiamus
3262 2417 3419 2486 cujus

1855 2518 2026 2588 gratia
2057 2515 2389 2570 desiderium
2421 2513 2687 2584 cepimus.
2719 2511 2872 2578 Quod
2904 2525 3029 2566 cum
3078 2508 3305 2580 mystice
3333 2506 3420 2560 in-

1857 2607 2167 2661 tellcxerint
2199 2604 2434 2659 studiosi
2461 2613 2517 2658 et
2539 2601 2814 2657 ambitiosi
2848 2599 3096 2655 veritatis
3125 2605 3418 2658 amatores,

1858 2712 2020 2750 unam
2057 2695 2158 2750 sibi
2189 2695 2600 2749 collocaverunt
2625 2692 2868 2746 scholam
2890 2697 2946 2744 et
2979 2687 3147 2743 studii
3183 2687 3422 2741 assidui-

1860 2793 2023 2839 tatem
2041 2799 2266 2854 gnavam
2284 2784 2431 2837 circa
2455 2783 2562 2836 hoc
2579 2780 3052 2842 exercitationem,
3076 2784 3332 2832 accurate
3355 2775 3427 2828 ab

1859 2877 1975 2946 ipsa
1995 2891 2177 2930 rerum
2205 2890 2332 2929 vera
2350 2873 2660 2944 cognitione
2689 2881 2745 2927 et
2787 2871 3028 2942 legitima
3055 2869 3266 2924 ratione
3285 2867 3424 2922 edo-

1859 2967 1955 3030 cti,
1978 2966 2146 3037 quod,
2177 2965 2221 3021 si
2253 2966 2358 3020 hoc
2385 2965 2441 3018 in
2478 2965 2679 3019 saeculo
2723 2965 2963 3017 futuram
2998 2959 3288 3016 veritatem
3325 2974 3427 3028 per

1860 3059 1980 3129 pias
2049 3058 2540 3128 contemplationes
2606 3055 2951 3124 aliquatenus
3004 3051 3424 3122 expressissent,

1861 3150 2198 3204 desiderium
2212 3163 2430 3217 quoque
2453 3147 2739 3207 satiarent,
2765 3153 3052 3214 postquam
3069 3143 3426 3212 paratiorem,

1863 3252 1922 3297 ut
1955 3242 2190 3296 terrenis
2230 3241 2317 3294 his
2360 3239 2527 3293 rebus
2567 3237 2739 3306 probe
2765 3233 3139 3296 exercitatam,
3188 3242 3429 3286 mentem

1862 3335 2006 3389 nacti
2043 3333 2174 3397 sint,
2207 3332 2325 3386 sine
2356 3331 2468 3384 ullo
2494 3330 2683 3383 labore
2719 3335 2843 3397 post
2873 3325 3016 3380 hanc
3045 3324 3212 3378 vitam
3261 3322 3314 3374 in
3341 3320 3430 3375 fu-

1862 3433 2041 3477 turam
2067 3420 2374 3493 perrecturi
2405 3419 2714 3482 veritatem,
2750 3431 2873 3486 quae
2895 3417 3004 3485 jam
3035 3412 3263 3482 pulchre
3297 3408 3433 3480 ipsis

1860 3529 1960 3585 per
1985 3513 2198 3568 divinas
2249 3509 2606 3580 cogitationes
2656 3505 2981 3561 adumbrata
3008 3510 3110 3557 est.
3163 3500 3306 3554 Tum
3337 3513 3434 3553 eos

1863 3604 1930 3658 ad
1987 3604 2158 3673 ipsam
2209 3616 2404 3670 nempe
2439 3597 2729 3653 veritatem
2783 3593 3020 3648 deducet
3049 3593 3194 3646 Deus
3213 3597 3270 3643 et
3310 3587 3433 3642 Sal-

1861 3704 2019 3749 vator
2057 3701 2246 3748 noster
2293 3692 2451 3747 Jesus
2486 3689 2739 3743 Christus
2775 3685 3188 3755 simplicemque
3219 3690 3275 3734 et
3319 3680 3435 3733 cla-

1865 3802 1981 3840 ram
2008 3784 2268 3853 omnique
2303 3781 2620 3837 difficultate
2655 3777 3062 3849 symbolicaque
3086 3772 3353 3826 varietate
3376 3778 3433 3824 et

1864 3879 2013 3935 omni
2043 3877 2379 3932 obscuritate
2412 3873 2645 3928 solutam
2679 3870 2762 3925 eis
2812 3863 3250 3937 repnesentabit,
3281 3870 3431 3931 post-

1865 3986 2028 4042 quam
2067 3966 2378 4038 aufugerint
2414 3979 2531 4028 eos,
2569 3970 2630 4017 ut
2650 3961 2827 4016 activa
2867 3958 3022 4028 pulsa
3041 3955 3267 4019 virtute,
3289 3968 3436 4008 teru—

1869 4079 1992 4118 mna
2031 4071 2087 4116 ct
2113 4061 2269 4114 dolor
2296 4070 2351 4114 et
2382 4057 2636 4127 gemitus,
2667 4055 2738 4107 ob
2772 4051 3066 4122 perfectam
3127 4045 3438 4115 impassibi-

1870 4157 2102 4218 litatcm,
2137 4154 2210 4206 ita
2244 4148 2665 4217 contemplativa
2711 4147 2897 4214 ejecta:
2943 4142 3275 4212 cognitione,
3309 4139 3436 4191 obs-

1871 4247 2081 4300 curitas
2111 4257 2328 4313 quoque
2358 4239 2539 4293 omnis
2563 4247 2619 4292 ct
2671 4235 2941 4304 angustia,
2973 4231 3044 4286 ob
3090 4229 3437 4299 sapientiam,

1873 4337 2020 4392 nuda
2046 4333 2268 4404 quidem
2307 4331 2564 4392 veritate,
2606 4328 2761 4396 cujus
2791 4324 2917 4377 inde
2951 4323 3062 4376 sint
3098 4319 3438 4374 informatio-

1875 4444 1973 4482 nes
2002 4423 2237 4495 capturi,
2293 4421 2360 4475 iis
2417 4419 2686 4489 apposita.
2723 4415 2882 4468 Omni
2912 4413 3081 4474 enim,
3129 4409 3310 4477 inquit
3345 4408 3438 4476 qni

195 4525 381 4578 καῦτα
410 4527 632 4594 γυμνῆς
669 4522 770 4590 τῆς
814 4521 1095 4592 ἀληθείας.
1134 4519 1305 4573 Παντὶ
1343 4519 1473 4588 γὰρ,
1512 4519 1668 4586 φησὶ,
1697 4517 1760 4586 τις

1835 4517 2063 4577 )babet,
2129 4512 2466 4568 desiderium
2521 4508 2775 4561 videlicet
2836 4519 3026 4559 eorum
3075 4517 3196 4572 qua:
3257 4500 3441 4552 futura

196 4620 402 4688 ἔχοντι,
438 4617 680 4686 δηλονότι
711 4614 802 4668 τὸν
835 4614 968 4685 περὶ
997 4613 1106 4665 τῶν
1137 4612 1436 4683 μελλόντων
1469 4610 1652 4671 πόθον,
1687 4610 1776 4662 δο-

197 4710 456 4778 θήσεται,
485 4708 580 4760 καὶ
620 4703 1020 4777 προτεθήσεται
1072 4702 1290 4764 πάντως
1328 4702 1362 4769 ἡ
1395 4699 1502 4752 τῶν
1545 4698 1779 4750 αἰωνίων

196 4799 428 4869 ἀγαθῶν
463 4798 785 4859 ἀπόλαυσις.
823 4793 1085 4856 Πλούσιός
1131 4793 1240 4863 γὰρ
1287 4792 1548 4860 ὑπάρχων
1587 4791 1614 4842 ὁ
1647 4789 1779 4852 Θεὸς

199 4891 365 4963 ἡμῶν
401 4891 659 4944 οὐδέποτε
692 4888 850 4959 λήγει
887 4889 1002 4948 τοῖς
1042 4885 1330 4954 ἀγαπῶσιν
1369 4882 1530 4936 αὑτὸν
1570 4884 1640 4936 τά
1664 4881 1782 4935 θεῖα

197 4984 478 5054 διανέμων
518 4983 670 5054 δῶρα
696 4983 798 5051 τῆς
843 4979 1122 5047 γνώσεως,
1168 4980 1312 5047 ειπερ
1349 4976 1456 5028 οὐδ’
1492 4973 1781 5044 ὀνομάζειν

201 5076 355 5132 κατά
382 5076 473 5128 τὸν
497 5074 672 5128 αἰῶνα
703 5071 891 5125 τοῦτον
919 5069 1213 5138 δυνάμεθα,
1248 5067 1336 5120 διὰ
1359 5068 1419 5119 τὸ
1442 5065 1621 5119 αὑτῶν
1649 5063 1782 5132 ὕψος

207 5171 304 5222 καὶ
340 5166 595 5238 μέγεθος,
613 5165 774 5232 εἴπερ
803 5160 1061 5231 ἀληθεύει
1089 5161 1315 5228 φάσκων
1342 5157 1472 5226 περὶ
1499 5159 1598 5225 τῆς
1629 5153 1784 5224 ἐσχά-

201 5281 309 5334 της
338 5261 740 5332 μακαριότητος
759 5259 786 5310 ὁ
807 5258 978 5327 μέγας
1013 5253 1339 5314 Ἀπόστολος
1365 5250 1621 5318 ὑπεράνω
1644 5263 1782 5300 παν-

203 5356 301 5417 τὸς
331 5353 596 5423 ὀνόματος
623 5347 1028 5419 ὀνομαζομένου
1061 5344 1230 5414 αὑτὴν
1256 5338 1415 5400 εἶναι.
1441 5341 1501 5393 οὑ
1537 5339 1698 5410 μόνον
1723 5339 1782 5390 ὲν

201 5446 288 5516 τῷ
325 5445 482 5498 αἰῶνι
515 5443 710 5513 τούτῳ,
745 5440 879 5497 ἄλλα
920 5438 1015 5493 καὶ
1048 5439 1104 5490 ἐν
1135 5437 1212 5507 τῷ
1245 5435 1494 5506 μέλλοντι
1516 5431 1613 5502 τὴν
1645 5430 1784 5501 μετὰ

205 5540 396 5593 πᾶσαν
447 5537 669 5592 πάντων
727 5535 835 5587 τῶν
880 5531 1232 5603 χαρισμάτων
1269 5527 1531 5598 διανομήν
1582 5542 1639 5577 τε
1688 5525 1782 5577 καὶ

285 5665 310 5696 ο
343 5653 476 5708 Luc.
511 5669 626 5715 vnl,
665 5651 745 5704 l8.
837 5650 865 5690 ὶι
899 5649 1066 5705 llcbr.
1102 5665 1158 5708 ιι,
1185 5647 1236 5701 9.

1878 4620 2025 4667 sunt,
2057 4606 2278 4659 dabitur
2302 4614 2319 4634 ³
2351 4644 2366 4667 ,
2398 4611 2455 4655 et
2487 4611 2793 4669 apponctur
2832 4595 3058 4650 omnino
3108 4601 3440 4646 :eternornm

1879 4699 2148 4752 bonorum
2193 4693 2404 4746 fruitio.
2441 4692 2604 4745 Dives
2621 4689 2768 4743 enim
2802 4701 2927 4740 cum
2951 4694 3138 4738 noster
3169 4683 3240 4735 sit
3278 4681 3440 4738 Deus.

1881 4800 2160 4855 nunquam
2187 4782 2411 4836 desinet
2442 4780 2526 4834 eis
2580 4778 2673 4846 qui
2703 4774 2998 4830 dilexerint
3034 4772 3212 4841 ipsum
3257 4767 3444 4822 divina

1879 4878 2210 4932 distribuere
2231 4887 2460 4926 munera
2482 4867 2831 4939 cognitionis,
2852 4879 2973 4934 quae
2991 4877 3121 4916 sane
3165 4876 3232 4914 ne
3265 4858 3445 4912 nomi-

1881 4985 2011 5025 nare
2034 4966 2250 5036 quidem
2278 4963 2382 5018 hoc
2408 4961 2606 5016 saeculo
2631 4959 2779 5020 licet,
2795 4965 3022 5026 propter
3046 4950 3443 5006 sublimitatem

1878 5075 2071 5115 eorum
2110 5067 2164 5111 et
2193 5051 2650 5123 magnitudinem,
2700 5047 2747 5103 si
2783 5044 3006 5115 quidem
3040 5055 3171 5096 vero
3194 5055 3445 5109 pronun-

1881 5153 1981 5206 tiat
2016 5162 2242 5217 magnus
2261 5142 2572 5212 Apostolus,
2603 5148 2904 5195 extremam
2935 5131 3334 5188 beatitudinem
3359 5130 3443 5183 di-

1883 5256 2014 5296 cens
2043 5237 2192 5293 omni
2218 5249 2327 5304 quo
2353 5231 2668 5286 nominetur
2694 5229 2918 5282 nomine
2935 5223 3276 5293 superiorem
3304 5234 3446 5280 esse,

1888 5348 1996 5386 non
2034 5331 2207 5384 solum
2244 5327 2298 5379 in
2329 5324 2434 5377 hoc
2467 5337 2603 5386 aevo,
2636 5319 2730 5374 sed
2762 5317 2998 5374 etiamin
3026 5311 3257 5367 futuroh
3287 5308 3450 5378 signi-

1891 5426 2059 5479 ficans
2088 5431 2363 5476 summum
2407 5424 2531 5485 post
2563 5414 2818 5468 universa
2867 5408 3010 5463 dona
3063 5405 3252 5475 gratiae
3293 5402 3451 5469 plene

1890 5517 2208 5576 distributa,
2237 5518 2361 5581 post
2385 5508 2580 5564 factam
2600 5503 2997 5567 ascensionem,
3032 5495 3438 5553 manifestatum

287 5767 401 5831 (ιε’)
437 5767 580 5819 Idem
610 5765 728 5819 ibid.
756 5781 875 5830 cap.
920 5764 996 5816 l0.
1044 5779 1093 5829 ιι.
1123 5762 1222 5813 «\‘b'i
1249 5775 1325 5821 sq.
1366 5768 1470 5809 tum
1526 5757 1538 5808 I
1572 5759 1704 5823 “pp.
1753 5751 1882 5805 edit.
1915 5745 2087 5800 liened
