4198 6434
211 367 348 433 1369

1437 384 1954 452 AMBIGUORUM
1993 393 2246 456 LIBER.

3311 398 3450 466 1370

203 481 314 534 λων
340 483 432 535 καὶ
457 482 799 553 αἰνιγμάτων
827 486 1043 556 καὶτῆς
1068 488 1136 542 δι’
1152 490 1457 562 αἰσθήσεως
1481 499 1773 564 ποικιλίας.

1892 506 2030 574 poris
2061 518 2315 576 expertes
2339 507 2665 574 ediscimus;
2701 519 2757 564 et
2786 524 2979 565 rursus
3005 509 3058 564 in
3095 510 3280 566 futuro
3311 514 3422 568 divi

204 571 415 638 νοητῶς
445 588 504 624 τε
550 573 645 625 καὶ
675 575 984 645 άσωμάτως
1021 579 1417 648 μανθάνοντες·
1468 590 1561 640 καὶ
1621 587 1776 655 αὖθις

205 662 348 713 κατά
379 660 469 714 τὸν
525 663 790 732 μέλλοντα
831 666 940 719 τῶν
991 668 1152 722 θείων
1202 673 1555 742 ἀπαγγελιῶν
1603 682 1775 735 αἰῶνα

205 748 542 819 ἑορτάζομεν
567 753 630 804 τὸ
659 754 864 824 πάσχα,
907 757 1000 810 τὸν
1029 759 1330 831 ἀκρότατον
1372 767 1593 834 άμέσως
1632 772 1778 824 ἐσθί-

201 859 357 906 οιτες
401 848 499 916 τῆς
543 848 735 916 σοφίας
783 850 960 920 λόγον,
1017 856 1154 924 πρὸς
1211 858 1270 912 ὃν
1315 865 1775 934 μεταπιηθὲντες

204 936 350 988 κατὰ
371 938 530 1006 χάριν
559 939 855 1010 θεούμεθα.
880 946 981 1016 τὴν
1003 949 1140 1018 πρὸς
1165 949 1292 1004 ἄλλο
1319 955 1503 1026 πάσχα
1526 959 1776 1014 διάϐασιν

203 1026 325 1078 καθ’
351 1027 528 1082 ὁτιοῦν
562 1029 730 1100 ἄλλην
751 1032 853 1085 οὐκ
878 1032 1114 1103 ἔχοντες.
1140 1037 1282 1109 πλὴν
1302 1041 1386 1094 ὅτι
1420 1045 1513 1097 καὶ
1542 1046 1778 1101 ἐνταῦθα

205 1117 476 1186 παροῦσιν
509 1122 641 1190 ἡμῖν
669 1123 895 1179 δυνατόν
918 1127 1035 1181 ἐστι
1068 1129 1203 1201 πρὸς
1226 1131 1326 1204 τὴν
1349 1134 1580 1190 ἑκάστου
1611 1140 1778 1194 κατά-

207 1225 400 1264 στασιν
457 1215 818 1286 εἰκονισθῆναι
885 1220 996 1272 τῶν
1073 1223 1382 1294 είρημένων
1442 1228 1622 1282 τόπων
1678 1232 1778 1302 τὴν

209 1302 468 1373 ίδιότητα.
511 1304 568 1358 '0
593 1308 702 1377 γάρ
740 1309 972 1392 ἑκάστου
1014 1312 1172 1384 ἡμῶν
1202 1314 1315 1386 βίος
1344 1335 1778 1392 χαρακτηριστιο

206 1393 303 1455 κός
336 1395 453 1447 ἐστι
488 1395 582 1448 τοῦ
631 1399 690 1450 ὲν
736 1390 782 1466 ᾧ
825 1400 943 1455 ἐστι
990 1403 1182 1460 τόπου.
1247 1403 1394 1473 οἷον,
1456 1412 1505 1464 εἰ
1543 1390 1643 1481 μέν
1677 1415 1780 1485 τὴν

205 1485 518 1557 πρακτικὴν
571 1489 840 1558 ἀνδρικῶς
885 1496 1262 1566 μετερχόμεθα
1321 1501 1662 1570 φιλοσοφίαν,
1720 1509 1780 1561 ἐν

209 1575 472 1646 Αἰγύπτῳ
512 1579 572 1632 τὸ
608 1581 796 1651 πάσχα
832 1585 1015 1648 καλῶς
1047 1589 1428 1662 ἐπιτελοῦμεν,
1477 1597 1616 1663 μετά
1669 1597 1780 1650 τῶν

207 1670 525 1735 Αἰγυπτίων
598 1673 698 1742 μὲν
771 1674 1132 1746 ὑπάρχοντες,
1207 1682 1307 1736 οὐκ
1371 1685 1658 1752 Αἰγύπτιοι
1721 1689 1780 1742 δὲ

205 1760 592 1829 τυγχάνοντες,
621 1762 699 1827 ὡς
717 1765 774 1818 ἐν
794 1769 957 1837 σαρκὶ
982 1769 1082 1838 μὲν
1107 1771 1282 1837 ὄντες,
1319 1775 1378 1828 οὐ
1428 1778 1570 1831 κατὰ
1600 1780 1780 1845 σάρκα

1878 612 2073 650 narum
2129 599 2610 654 ammntiatiouum
2665 617 2782 654 atro
2823 603 3022 671 pascha
3076 603 3445 661 celebramus,

1875 688 2006 741 dum
2056 698 2356 744 extremam
2410 693 2628 746 edimus
2660 691 2974 746 immediate
3016 689 3299 762 sapientia:
3330 707 3447 746 ser-

1875 797 2118 845 monem,
2179 783 2248 836 ad
2301 800 2465 852 quem
2522 785 2830 854 regenerati
2875 800 2974 852 per
3018 786 3248 854 gratiam
3285 785 3447 838 deiti-

1875 889 2100 938 camur;
2143 889 2244 928 nec
2292 875 2460 928 ullum
2507 876 2575 930 ad
2630 876 2867 930 alterum
2918 877 3116 944 pascha
3149 877 3444 930 transitum

1875 964 2042 1016 alium
2096 965 2381 1027 habentes,
2425 974 2625 1034 praeter
2653 966 2798 1035 quod
2852 965 3016 1019 nobis
3060 966 3227 1020 etiam
3260 966 3313 1019 in
3344 967 3446 1020 hac

1875 1057 1987 1110 vita
2022 1059 2086 1111 ad
2134 1059 2566 1128 uniuscujusque
2601 1071 2801 1114 statum
2843 1060 3115 1124 locorum,
3154 1076 3277 1129 qua:
3305 1060 3444 1124 dixi,

1878 1148 2188 1217 proprietas
2212 1166 2308 1218 per
2343 1151 2634 1221 imaginem
2665 1151 3048 1220 repraesentari
3082 1161 3283 1221 potest.
3311 1152 3445 1206 Nam

1879 1239 2311 1308 uniuscujusque
2345 1251 2590 1295 nostrum
2636 1241 2748 1295 vita
2794 1243 2912 1310 ejus
2955 1242 3012 1295 in
3053 1258 3165 1312 quo
3197 1253 3448 1296 versatur

1877 1328 1981 1381 loci
2009 1329 2166 1396 quasi
2211 1328 2504 1397 imaginem
2554 1330 2781 1399 praebet.
2812 1329 2995 1393 Velut,
3039 1331 3084 1383 si
3117 1329 3443 1399 practicam,

1878 1431 1999 1483 qua:
2031 1416 2254 1480 dicitur,
2300 1417 2702 1487 philosophiam
2754 1418 2974 1472 fortiter
3021 1428 3339 1481 tractamus,
3388 1418 3445 1471 in

1877 1506 2110 1576 [Ἐπιτριο
2169 1509 2372 1576 pascha
2429 1509 2600 1577 probe
2655 1511 2910 1574 obimus,
2967 1510 3112 1564 inter
3162 1508 3446 1578 Aigyptios

1878 1598 2100 1668 quidem
2136 1608 2438 1662 versantes,
2483 1616 2584 1654 nec
2639 1609 2819 1654 tamen
2865 1600 3101 1672 Egyptii
3139 1600 3264 1669 ipsi,
3301 1609 3361 1653 ut
3392 1600 3445 1652 in

1879 1704 2042 1743 carne
2070 1689 2290 1758 quidem
2320 1699 2628 1753 versantes,
2664 1705 2766 1744 nec
2801 1698 2984 1744 tamen
3019 1691 3319 1746 carnaliter
3348 1690 3449 1741 mi-

1882 1783 2124 1835 litantes.
2174 1779 2232 1836 Si
2263 1797 2394 1834 vero
2428 1782 2735 1836 naturalem
2787 1783 2842 1835 in
2875 1782 3072 1851 spiritu
3111 1782 3446 1849 contempla-

205 1849 265 1903 δὲ
297 1854 736 1923 στρατευόμενοι.
788 1858 972 1929 (247
1001 1861 1030 1912 lt
1056 1863 1073 1927 )
1127 1863 1189 1916 Ei
1235 1864 1294 1917 δὲ
1327 1866 1427 1936 τὴν
1457 1869 1692 1940 φυσικὴν
1723 1872 1782 1924 ἐν

1892 1872 2087 1925 tionem
2130 1871 2218 1941 pie
2247 1887 2591 1937 exercemus,
2621 1887 2771 1926 arma
2807 1875 2917 1927 Deo
2951 1872 3111 1926 fortia
3153 1871 3449 1932 reddentes

209 1943 482 2013 πνεύματι
531 1945 765 2018 θεωρίαν
807 1951 1050 2016 εὐσεϐῶς
1091 1953 1490 2028 ἑξασκούμεθα,
1531 1962 1672 2016 ὅπλα
1705 1963 1782 2033 τῷ

207 2034 330 2103 θεῷ
385 2035 587 2090 δυνατά
640 2039 738 2103 τὰς
773 2040 870 2110 τῆς
909 2042 1091 2113 ψυχῆς
1139 2047 1452 2117 ποιούμενοι
1498 2051 1780 2121 δυνάμεις,

207 2124 349 2191 πρὸς
383 2124 706 2195 καθαίρεσιν
745 2130 843 2198 μὲν
880 2132 1256 2203 ὀχυρωμάτων
1284 2138 1378 2190 καὶ
1405 2141 1605 2203 παντὸς
1635 2141 1782 2210 ὑψώ-

210 2230 381 2281 ματος
409 2216 778 2287 ἐπαιρομένου
829 2224 969 2274 κατά
1011 2225 1109 2293 τῆς
1150 2226 1407 2294 γνώσεως
1465 2231 1560 2283 τοῦ
1619 2232 1780 2298 Θεοῦ,

208 2303 446 2375 θεωρίαν
493 2309 550 2361 δὲ
598 2311 706 2363 τῶν
736 2314 939 2383 ἑνιτοίς
986 2311 1105 2369 οὖσι
1155 2323 1542 2390 πνευματικῶν
1584 2323 1779 2390 λόγων,

206 2395 400 2467 ὥσπερ
432 2403 626 2469 γυμνοὶ
682 2404 935 2471 σώματος
961 2408 1058 2462 καὶ
1094 2409 1196 2480 τῆς
1230 2413 1369 2466 κατά
1401 2415 1500 2484 τὴν
1530 2417 1784 2488 αἴσθησιν

209 2489 493 2558 άπατῃλῆς
540 2494 838 2560 φαντασίας
875 2496 1167 2568 ἐλεύθεροι,
1199 2502 1299 2572 τὴν
1329 2505 1464 2574 πρὸς
1493 2508 1590 2569 τάς
1633 2507 1783 2570 θείας

212 2581 549 2648 ἐπαγγελίας
573 2587 892 2650 γνωστικῶς
923 2590 1236 2660 ποιούμενοι
1258 2597 1502 2663 πορείαν,
1529 2600 1696 2666 ἐσμὲν
1725 2603 1783 2653 ὲν

207 2673 278 2739 τῇ
312 2672 523 2742 ἐρήμῳ,
547 2678 613 2744 τῇ
648 2676 840 2730 παθων
870 2678 1034 2747 λέγω,
1077 2683 1170 2734 καὶ
1203 2684 1386 2755 πάσης
1429 2687 1619 2757 ὑλικῆς
1649 2707 1784 2756 φαν-

204 2762 405 2825 τασίας
433 2764 816 2839 καθαρευούσῃ
873 2773 1230 2827 καταστάσει.
1275 2777 1337 2828 ΕΞ
1374 2777 1430 2829 δὲ
1479 2779 1576 2846 τὴν
1607 2779 1784 2831 θεολο-

206 2859 373 2922 γικὴν
433 2859 825 2926 μυσταγωγίαν
859 2861 1120 2933 ἀρρήτοις
1178 2867 1296 2929 νοὸς
1352 2869 1616 2938 κινήμασι
1649 2888 1781 2940 μορ-

209 2946 520 3015 ιραζόμεθα,
549 2949 603 3000 τί
633 2948 694 3000 τὸ
723 2949 924 3014 πλάτος
955 2954 1050 3006 καί⁵
1088 2955 1263 3025 μῆκος
1290 2959 1385 3010 καὶ
1411 2959 1573 3027 βάθος
1601 2964 1693 3014 καὶ
1723 2966 1782 3018 τὸ

211 3038 555 3109 ὑπερὸά).λον
605 3041 681 3105 εἰς
709 3044 860 3112 ἡμᾶς
887 3046 1120 3113 μέγεθος
1154 3050 1254 3118 τῆς
1290 3050 1385 3103 τοῦ
1424 3052 1560 3105 Θεοῦ
1591 3055 1783 3121 σοφίας

1883 1961 2077 2014 auium:
2103 1961 2410 2025 facultates,
2443 1961 2511 2015 ad
2535 1963 2893 2030 expugnanda
2925 1962 3174 2030 przesidia
3201 1976 3451 2015 omnem-

1883 2067 1987 2119 que
2027 2051 2396 2104 summitatem
2429 2061 2620 2105 contra
2654 2052 2748 2106 Dei
2782 2052 3149 2120 cognitionem
3180 2061 3446 2112 erectam,

1882 2152 1936 2194 et
1960 2142 2023 2194 ad
2049 2143 2494 2208 contemplamlas
2516 2144 2831 2211 spirituales
2853 2145 2906 2198 in
2933 2146 3015 2198 eis
3035 2159 3157 2214 qua!
3177 2145 3449 2198 exsistunt

1885 2235 2145 2295 rationes,
2195 2235 2366 2287 veluti
2413 2250 2646 2303 corpore
2697 2235 2830 2288 Illltli
2876 2251 2939 2288 ac
2981 2235 3220 2289 scusuali
3260 2235 3451 2304 imagi-

1884 2327 2122 2379 nationis
2163 2326 2352 2378 fraude
2388 2325 2574 2389 liberi,
2618 2326 2685 2379 ad
2737 2327 2952 2380 divinas
2999 2326 3453 2380 annuntiationes

1882 2416 2129 2486 gnostice
2182 2417 2286 2469 iter
2329 2416 2620 2480 facientes,
2663 2427 2776 2471 tum
2810 2419 2862 2471 in
2895 2418 3112 2471 deserto
3152 2432 3362 2478 sumus,
3394 2417 3450 2469 in

1881 2515 2052 2568 statu,
2108 2508 2352 2574 inquam,
2402 2507 2471 2559 ab
2517 2507 2810 2562 affectibus
2865 2520 2922 2562 et
2965 2510 3113 2563 omni
3175 2509 3446 2562 materiali

1883 2597 2120 2650 vanitate
2151 2611 2311 2664 puro.
2341 2595 2396 2649 Si
2427 2595 2666 2665 denique
2695 2597 3050 2666 theologicam
3083 2597 3449 2651 initiationem

1885 2686 2258 2738 inell‘abilibus
2279 2685 2480 2738 mentis
2509 2685 2844 2740 motionibus
2868 2687 3167 2750 imitamur,
3201 2701 3450 2756 quamam

1882 2779 1952 2829 sit
2009 2776 2240 2830 latitudo
2268 2785 2322 2828 et
2357 2776 2640 2846 longitudo
2681 2786 2738 2831 et
2781 2778 3015 2832 altitudo
3046 2787 3103 2830 et
3135 2773 3450 2833 redundans

1885 2869 1940 2922 itt
1983 2883 2083 2920 nos
2125 2867 2445 2936 magnitudo
2494 2869 2781 2936 sapientia:
2837 2869 2952 2932 Dei,
3009 2871 3189 2938 quoad
3241 2870 3453 2939 possint

1885 2961 2155 3022 homines,
2205 2958 2353 3012 haud
2389 2959 2724 3028 ignorantes,
2757 2961 2812 3014 in
2844 2969 2988 3015 terra
3017 2977 3206 3015 sumus
3234 2977 3452 3016 autum-

1888 3054 2151 3107 Iiationis.
2183 3052 2487 3106 Practiram
2533 3053 2702 3122 igitur
2740 3064 2799 3106 et
2825 3055 3132 3108 naturalem
3162 3061 3218 3108 et
3248 3053 3456 3107 theolo-

210 3131 355 3183 κατὰ
380 3132 438 3184 τὸ
477 3134 700 3201 ἐφικτὸν
739 3136 1049 3207 ἀνθρώποις
1092 3140 1192 3193 οὐκ
1229 3141 1572 3208 ἀγνοοῦντες.
1617 3148 1784 3215 ἐσμὲν

1892 3147 2060 3213 gicam
2104 3143 2508 3213 philosophiam
2555 3158 2654 3211 per
2699 3145 2863 3197 trium
2901 3158 3259 3212 personarum
3297 3143 3456 3197 dill‘e-

207 3226 270 3273 έν
295 3225 360 3293 τῇ
401 3227 470 3294 γῇ
506 3224 607 3294 τῆς
643 3227 1001 3294 ἐπαγγελίας.
1035 3230 1144 3300 Τὴν
1186 3235 1496 3303 πρακτικὴν
1523 3236 1638 3298 οὖν,
1691 3239 1786 3291 καὶ

207 3314 311 3384 τὴν
345 3317 605 3388 φυσικὴν,
639 3320 736 3372 καὶ
771 3321 870 3391 τὴν
909 3319 1223 3392 θεολογικὴν
1270 3324 1588 3394 φιλοσοφίαν
1629 3323 1784 3394 οἶμαι

208 3405 302 3458 διά
333 3407 432 3478 τῆς
458 3408 776 3479 διαιρέσεως
814 3411 922 3466 τῶν
956 3413 1125 3481 τριῶν
1171 3414 1478 3484 προσώπων
1508 3417 1599 3468 τὸν
1639 3418 1784 3470 διδά-

212 3501 414 3556 σκαλον
471 3507 944 3575 παραινίττεσθαι,
994 3508 1064 3562 δι’

211 3594 420 3663 πάσχα.

228 3772 330 3826 Ἐκ
388 3774 492 3827 τοῦ
541 3776 728 3830 αὑτοῦ
772 3779 982 3846 λόγου,
1020 3780 1107 3846 είς
1134 3781 1240 3834 τό⁶
1308 3785 1412 3836 «Ei
1451 3782 1564 3852 μέν
1605 3801 1690 3850 τις
1733 3781 1791 3839 εἷ

300 3866 530 3932 Ῥαχὴλ
566 3866 602 3932 ἣ
647 3868 809 3931 Λεία,
857 3871 1030 3939 ψυχὴ
1095 3874 1494 3940 πατριαρχικίι
1542 3876 1639 3928 καὶ
1682 3893 1789 3944 με·

290 3958 467 4026 γτὶλιτ,
521 3959 618 4011 καὶ
655 3961 726 4012 τὰ
772 3959 992 4014 sidonia
1028 3962 1263 4030 κλέψων
1303 3964 1452 4030 ἅπερ
1493 3964 1570 4018 ἂν
1607 3965 1788 4032 εὕρῃς

287 4051 396 4103 τοῦ
432 4050 549 4102 σοῦ
577 4051 821 4116 πατρὸς,
863 4054 974 4120 οὐχ
1026 4053 1126 4106 ἵνα
1168 4053 1470 4124 φυλάξῃς,
1520 4055 1656 4108 ἀλλ’
1689 4057 1788 4108 ἵνα

287 4142 594 4210 tigna-lam;
616 4159 630 4174 ⁸
670 4145 722 4195 εί
759 4143 828 4194 δὲ
862 4144 1240 4212 Ἰσραηλίτης
1264 4145 1476 4213 σορὸς,
1504 4146 1652 4213 πρὸς
1677 4145 1790 4213 τὴν

289 4233 407 4301 γῆν
448 4232 559 4300 τῆς
581 4233 938 4302 ἐπαγγελίας
956 4236 1304 4304 μετένεγκαι
1339 4236 1506 4307 (47).»

301 4343 502 4412 Ῥαχὴλ
563 4345 682 4414 μὲν,
707 4345 783 4408 ῶς
843 4364 1024 4415 φασιν,
1067 4349 1261 4419 ἀμνὰς
1302 4351 1335 4420 ἢ
1387 4352 1792 4420 atoma/rauca

227 4433 613 4503 ἑρμηνεύεται,
669 4437 791 4506 ἡδὲ
842 4440 992 4498 Λεία,
1030 4440 1374 4508 κοπουμένη
1432 4441 1466 4511 ἢ
1524 4443 1790 4508 κόπωσις

221 4523 604 4593 ἑρμηνεύεται.
665 4528 1013 4596 [Ιοιμαίνεται
1056 4525 1150 4583 οὖν
1199 4531 1293 4582 καὶ
1363 4532 1639 4601 ποιμαίνει
1698 4533 1792 4586 καὶ

220 4615 414 4682 ἄγεται
446 4617 540 4670 καὶ
570 4619 689 4684 ἄγει
712 4620 744 4689 ἡ
772 4620 991 4690 Ῥαχὴλ,
1020 4620 1160 4674 κατὰ
1186 4622 1283 4690 τὴν
1299 4621 1400 4690 τῆς
1423 4623 1793 4692 προσηγορίας

219 4704 473 4774 δύναμιν.
520 4706 718 4777 Ῥαχὴλ
745 4704 839 4762 οὖν
880 4710 996 4763 ἐστι
1026 4712 1176 4763 πᾶσα
1201 4709 1346 4781 ψυχὴ
1387 4711 1716 4782 θεωρητικὴ,
1759 4715 1793 4782 ἡ

221 4795 303 4863 τῷ
328 4795 478 4866 νόμῳ
503 4797 598 4849 τοῦ
637 4798 773 4852 Θεοῦ
813 4800 889 4863 ὡς
929 4801 1108 4871 ἀμνὰς
1160 4804 1550 4874 ποιμαινομένη
1594 4821 1654 4856 τε
1701 4805 1795 4858 καὶ

228 4887 492 4956 ἀγομένη.
558 4889 821 4943 καὶκατὰ
861 4891 952 4944 τὸν
990 4893 1152 4962 νόμον
1190 4893 1284 4947 τοῦ
1315 4894 1449 4947 Θεοῦ
1483 4897 1595 4957 τοῖς
1649 4897 1793 4949 κατά

223 4977 424 5048 πρᾶξιν
456 4979 680 5049 θεσμοῖς
711 4983 1074 5052 ποιμαίνουσά
1119 5001 1177 5036 τε
1227 4985 1319 5038 καὶ
1365 4985 1573 5053 ἄγουσα
1623 4986 1792 5056 αὐτῆς

223 5070 292 5123 τὰ
321 5073 600 5141 κινήματα
631 5075 728 5126 καὶ
756 5076 824 5128 τά
856 5074 1219 5145 διανοήματα,
1271 5078 1366 5132 καὶ
1408 5079 1477 5130 τά
1521 5077 1667 5146 πάθη
1696 5078 1794 5146 τῆς

226 5161 429 5229 σαρκὸς
477 5161 581 5230 τῷ.
613 5163 799 5234 (2η
828 5164 890 5230 a)
945 5166 1152 5235 γονίμῳ
1181 5166 1278 5236 τῆς
1310 5167 1510 5236 ἀρετῆς
1557 5166 1798 5219 ὑποτάσ-

227 5268 399 5304 σουσα
426 5252 587 5314 τέως.
613 5255 704 5306 καὶ
732 5253 906 5317 οὕτως
935 5255 1072 5324 μετά
1107 5256 1206 5327 τὴν
1247 5258 1327 5319 εἰς
1361 5256 1564 5324 γνῶσιν
1593 5259 1798 5310 εἴσοδον

227 5342 509 5407 παντελῶς
566 5345 925 5413 ἀφανίζουσα.
988 5348 1123 5402 Λεία
1175 5349 1232 5402 δέ
1283 5349 1399 5402 ἐστι
1453 5352 1604 5404 πᾶσα
1652 5351 1798 5422 ψυχὴ

228 5433 530 5504 πρακτικὴ.
591 5434 688 5505 τὴν
746 5436 888 5508 ὑπὲρ
936 5439 1136 5510 ἀρετῆς
1195 5438 1393 5509 ἔχουσα
1434 5442 1695 5505 κόπωσιν,
1731 5443 1797 5513 ἢν

233 5521 469 5577 μάλιστα
499 5526 723 5598 πρώτην
755 5531 862 5593 πᾶς
891 5547 974 5593 τις
1005 5530 1105 5601 τὴν
1137 5529 1288 5585 θείαν
1337 5531 1534 5601 μετιὼν
1576 5531 1796 5600 φιλοσο-

387 5657 524 5712 Gen.
557 5675 700 5724 xxxi,
730 5660 815 5716 l9.

1889 3238 2118 3291 rentiam
2156 3253 2184 3288 a
2213 3236 2472 3304 magistro
2493 3235 2786 3304 signiﬁcari
2819 3237 2953 3290 mihi
2981 3236 3222 3300 videtur,
3253 3235 3455 3304 quibus

1886 3329 2283 3382 convenienter
2317 3343 2416 3397 pro
2440 3342 2538 3380 sua
2563 3327 2797 3396 quisque
2823 3327 3081 3382 facultate
3106 3325 3457 3381 intellectuaa

1885 3423 1932 3472 le
1963 3421 2214 3473 comedat
2254 3421 2477 3489 pascha.

1114 3501 1190 3564 ὧν
1241 3511 1521 3579 ἀναλόγως
1587 3513 1815 3577 ἕκαστος
1856 3516 1994 3568 κατά
2031 3515 2130 3585 τὴν
2167 3514 2413 3568 ὑποῦσαν
2460 3514 2611 3585 αὐτῷ
2659 3513 2890 3584 δύναμιν
2951 3514 3015 3567 τὸ
3054 3513 3245 3583 νοητὸν
3286 3509 3454 3564 ἐσθίει

1816 3722 1887 3734 _

1885 3781 1967 3835 κω
1999 3779 2179 3831 eodem
2206 3791 2467 3838 sermone,
2497 3776 2553 3829 in
2586 3773 2721 3828 illud
2755 3791 2774 3828 :
2820 3793 2838 3823 ι
2875 3773 2932 3828 Si
2975 3774 3172 3828 Rachel
3215 3779 3457 3844 quietiam

1954 3890 2026 3936 es,
2063 3879 2157 3923 aut
2187 3870 2302 3931 Lia,
2331 3871 2425 3923 hoc
2454 3879 2528 3921 est
2562 3869 2916 3937 patriarcltica
2950 3878 2997 3920 et
3027 3885 3222 3939 magna
3253 3870 3459 3931 anima,

1956 3964 2121 4034 patris
2150 3976 2350 4030 quoque
2367 3961 2440 4012 tui
2461 3959 2627 4021 idola,
2652 3975 2970 4028 qurecnnque
2987 3959 3263 4020 inveneris,
3285 3959 3460 4011 subri-

1955 4071 2018 4123 pe
2055 4055 2117 4115 i‘,
2153 4068 2256 4103 non
2294 4058 2349 4102 nt
2408 4066 2603 4112 serves,
2635 4050 2727 4102 sed
2755 4057 2808 4100 nt
2837 4048 3054 4112 deleas;
3082 4049 3128 4101 si
3168 4057 3341 4101 autem
3371 4065 3464 4100 sa-

1959 4148 2104 4216 piens
2129 4142 2398 4205 Israelita,
2435 4143 2505 4196 ad
2535 4152 2733 4195 terram
2763 4142 3119 4211 promissionis
3153 4144 3404 4200 transler.
3433 4157 3452 4189 ι

1961 4339 2162 4394 Rachel
2198 4337 2448 4407 quidem,
2498 4345 2559 4388 ut
2603 4335 2848 4397 tradunt,
2903 4351 3042 4402 agna
3097 4333 3180 4386 vel
3243 4348 3463 4401 poscens

1889 4448 2004 4486 oves
2054 4430 2381 4498 explicatur,
2430 4428 2579 4480 Liam
2633 4443 2764 4479 vero
2813 4426 3096 4493 fatigatam
3139 4425 3223 4477 vel
3269 4425 3458 4492 fatiga-

1895 4525 2087 4576 tionem
2137 4521 2596 4589 iuterprclantur.
2648 4519 2897 4573 Pascitur
2951 4519 3118 4586 igitur
3161 4524 3219 4569 et
3264 4515 3462 4584 pascit,

1895 4623 1952 4667 et
1985 4614 2164 4682 agitur
2208 4621 2265 4666 et
2319 4611 2451 4680 agit,
2507 4610 2732 4673 Rachel,
2780 4609 3082 4662 secundum
3115 4607 3268 4661 vocis
3295 4607 3467 4675 signi-

1893 4705 2225 4760 ficationem.
2265 4704 2469 4757 Rachel
2518 4702 2685 4770 igitur
2737 4710 2823 4755 est
2872 4700 3055 4753 omnis
3100 4698 3281 4753 anima
3327 4713 3463 4751 con-

1892 4798 2228 4868 templativa,
2258 4813 2398 4865 qua:
2450 4797 2566 4863 lege
2604 4795 2698 4848 Dei
2739 4807 2995 4864 tanquam
3032 4810 3170 4863 agna
3218 4802 3370 4862 pasta
3408 4799 3466 4846 et

1891 4902 2034 4955 acta,
2083 4899 2139 4944 et
2176 4892 2329 4960 juxta
2383 4891 2555 4959 legem
2613 4889 2704 4941 Dei
2765 4887 3051 4957 praeceptis
3093 4885 3174 4938 eis
3229 4898 3351 4952 qum
3397 4883 3463 4936 ad

1892 4983 2164 5036 actionem
2220 4980 2499 5049 pertinent
2533 4989 2587 5032 et
2617 4978 2791 5048 pascit
2819 4987 2874 5031 et
2903 4977 3014 5047 agit
3038 4975 3314 5029 motiones
3336 4989 3467 5026 suas

1892 5072 2384 5140 Cogitationesque,
2430 5079 2595 5138 atque
2637 5071 2820 5123 carnis
2876 5070 3109 5122 allectus
3141 5065 3462 5121 fecunditati

1893 5162 2118 5216 Virtutis
2177 5161 2399 5215 interim
2450 5161 2692 5229 subjicit,
2737 5159 2988 5227 adeoque
3036 5169 3324 5227 postquam
3375 5156 3460 5208 iu-

1899 5270 2084 5326 gressa
2120 5253 2172 5308 in
2198 5253 2566 5322 cognitionem
2609 5259 2712 5314 est,
2746 5266 2972 5320 prorsus
3011 5249 3330 5318 exstinguit.
3368 5247 3461 5301 l.ia

1899 5357 2081 5401 autem
2128 5355 2211 5401 est
2257 5345 2436 5400 omnis
2477 5344 2661 5398 anima
2715 5352 2938 5398 strenua
2990 5355 3092 5409 pro
3139 5339 3345 5393 virtute
3389 5339 3466 5389 la-

1899 5437 2124 5501 borans,
2157 5451 2320 5505 quant
2347 5435 2528 5488 omnis
2575 5433 2808 5489 maxime
2854 5431 3052 5487 divina:
3103 5427 3467 5500 philosophia:

1899 5542 2136 5588 sectator
2179 5533 2231 5585 in
2266 5529 2675 5585 matrimonium
2704 5528 2844 5599 apud
2871 5543 2932 5582 se
2963 5525 3188 5596 excipit.
3220 5521 3464 5579 Israelita

325 5772 364 5832 ὅ
397 5770 613 5843 )ldem.
646 5775 768 5830 ibid.
793 5790 912 5847 cap.
942 5775 1032 5842 2|,
1060 5791 1115 5846 p.
1153 5777 1276 5844 86l,
1314 5786 1442 5832 tom.
1475 5777 1654 5850 lOpp.
1680 5777 1768 5834 cd.
1811 5781 2014 5836 Bcncd.
