4198 6434
744 370 872 434 1371

1889 369 1950 428 S.
1988 368 2275 428 MAXIM!
2314 367 2822 429 CONFESSURIS

3880 364 4013 432 i372

738 492 923 536 autem
963 480 1184 551 sapiens
1227 489 1313 535 est
1356 494 1513 534 mens
1555 479 1983 550 contemplativa
2008 484 2110 534 aavi
2149 482 2318 549 hujus

2428 480 2555 548 φίαν
2599 480 2856 549 γαμικῶς
2892 479 3269 544 είσοικίζεται.
3328 479 3673 549 Ἰσραηλίτης
3731 466 3817 532 δὲ’
3850 480 4007 546 σοφός

737 575 1105 645 cogitationes
1153 573 1208 626 in
1259 581 1466 627 terram
1510 571 1845 641 cognitionis
1882 571 2225 627 transferens
2256 570 2324 623 ad

736 671 1055 739 exemplum
1091 667 1275 737 magni
1320 666 1469 720 illius
1508 666 1723 730 Jacobi,
1761 665 1858 735 qui
1906 673 2078 719 totam
2116 662 2324 717 Labani

740 761 1107 816 substantiam
1156 758 1227 814 ad
1286 767 1495 813 terram
1559 766 1780 827 patrum
1830 754 2226 826 transportavit
2276 752 2321 806 i.

741 851 1214 916 Quemadmodum
1263 850 1412 905 enim
1447 848 1804 904 admirandus
1837 847 1931 903 ille
1973 846 2234 910 Iacobus,
2263 853 2327 898 ut

743 944 1006 997 traditum
1055 952 1163 1007 est,
1209 943 1393 1012 virgas
1438 940 1807 995 decortieatas
1847 953 2116 1008 aquarum
2160 952 2325 992 cana-

741 1034 885 1087 libus
933 1034 1124 1103 iniecit
1171 1040 1229 1087 et
1265 1030 1561 1100 concipere
1606 1030 1676 1084 ad
1725 1045 1822 1085 eas
1876 1028 2008 1083 fecit
2050 1043 2181 1083 oves
2243 1027 2327 1081 bi-

742 1123 938 1177 bcntcs
980 1124 1027 1187 ι,
1086 1123 1169 1176 sic
1200 1121 1381 1175 omnis
1404 1136 1561 1175 mens
1592 1122 1647 1174 in
1677 1120 1876 1190 spiritu
1915 1119 2325 1189 sapientissima

741 1229 965 1281 quoque
1031 1214 1271 1266 rationes
1326 1228 1513 1266 rerum
1570 1228 1694 1281 qua:
1747 1218 1878 1266 sunt
1926 1210 2232 1265 diviniores
2293 1226 2324 1263 a

741 1304 973 1357 materia
1006 1302 1490 1357 circumvestiente
1521 1302 1828 1357 denudatas
1854 1302 2032 1356 modis
2053 1300 2324 1371 cognitio-

738 1394 827 1446 nis
848 1393 1292 1462 eontemplativis
1308 1393 1556 1463 subjicit,
1581 1402 1633 1447 et
1664 1393 2099 1462 incorporalium
2117 1401 2321 1446 statum

736 1485 976 1538 toi-inure
1014 1500 1292 1553 quemque
1326 1485 1632 1538 discentem
1670 1493 1728 1537 et
1767 1486 1964 1538 animae
1999 1499 2111 1537 sua:
2149 1482 2324 1552 ipsius

740 1579 1012 1633 motiones
1038 1580 1257 1633 edocet.
1299 1577 1619 1632 Patriarcha
1646 1577 1833 1646 itaque
1873 1590 2065 1631 eorum
2097 1574 2323 1644 quidem

738 1669 832 1737 qui
875 1686 971 1737 per
1011 1671 1250 1723 activum
1293 1669 1538 1722 laborem
1575 1667 1765 1723 virtuti
1815 1682 2039 1735 operam
2088 1674 2319 1731 navant,

742 1761 838 1813 Liu
874 1770 982 1824 est,
1031 1769 1223 1814 contra
1271 1774 1466 1814 eorum
1514 1759 1613 1828 qui
1665 1774 1765 1828 per
1830 1758 2143 1811 naturalem
2191 1772 2323 1810 eon-

2426 573 2545 624 ὲστι
2568 570 2693 633 νοῦς
2715 570 3052 641 θεωρητικὸς
3077 570 3146 623 τά
3176 568 3273 623 τοῦ
3302 572 3499 633 αἰῶνος
3532 574 3725 623 τούτου
3761 571 4010 639 νοήματα

2400 662 2563 732 ,πρὸς
2608 664 2709 734 τὴν
2759 664 2944 732 χώραν
2990 662 3092 730 τῆς
3138 662 3395 730 γνώσεως
3442 662 3829 732 μεταϐιϐάζων
3871 662 4010 715 κατὰ

2425 750 2516 803 τὸν
2547 751 2722 820 μέγαν
2757 752 2965 804 ἐκεῖνον
3002 750 3223 815 Ἰακὼϐ,
3278 752 3371 804 τὸν
3394 752 3576 805 πάντα
3608 751 3675 803 τά
3703 749 3801 803 τοῦ
3826 749 4009 803 Λάϐαν

2428 843 2565 913 πρὸς
2607 843 2705 913 τὴν
2733 842 2839 911 γῆν
2864 844 2976 895 τῶν
3013 844 3277 913 Πατέρων
3315 842 3787 913 μετακομίσαντα.
3824 842 4007 894 Καθά-

2428 951 2533 1006 περ
2564 935 2674 1005 γὰρ
2705 936 2909 997 ἐκεῖνος
2934 936 2962 988 ὁ
2989 935 3306 1004 Θαυμαστὸς
3340 933 3539 988 Ἰακὼὸ
3570 934 3865 1005 ίστορικῶς
3914 935 4010 995 τας

2429 1024 2658 1095 ῥάϐδους
2688 1024 2920 1087 λεπέσας
2948 1025 3042 1078 καὶ
3064 1024 3289 1088 ὑποθεὶς
3316 1027 3437 1087 ταῖς
3457 1025 3641 1094 ληνοῖς
3664 1023 3776 1077 τῶν
3801 1024 4005 1077 ὑδάτων

2426 1118 2562 1185 πρὸς
2609 1115 2778 1178 αὑτάς
2836 1118 3102 1187 ὲγκισσᾷν
3134 1116 3307 1168 ὲποίει
3347 1116 3417 1168 τά
3469 1116 3694 1169 πίνοντα
3736 1116 4010 1185 πρόϐατα,

2424 1207 2569 1261 οὕτω
2597 1208 2694 1262 καὶ
2725 1210 2833 1271 πᾶς
2858 1210 2917 1261 ὲν
2938 1208 3214 1277 πνεύματι
3242 1207 3555 1277 σοφώτατος
3579 1207 3703 1270 νοῦς
3731 1207 3834 1275 τῆς
3864 1224 4012 1276 περι-

2425 1303 2686 1373 κειμένης
2740 1302 2873 1371 ὕλης
2926 1302 3054 1365 τοὺς
3098 1301 3207 1354 τῶν
3253 1301 3425 1354 ὄντων
3455 1302 3763 1372 θειοτέρους
3819 1301 4010 1368 λόγους

2424 1394 2852 1464 ἀπογυμνώσας,
2918 1394 3013 1447 καὶ
3043 1396 3157 1456 τοῖς
3203 1395 3348 1446 κατὰ
3385 1395 3484 1463 τὴν
3515 1394 3751 1464 θεωρίαν
3782 1394 4011 1463 τρόποις

2422 1487 2521 1555 τῆς
2550 1484 2803 1554 γνώσεως
2829 1485 3185 1556 ὑποθέμενος,
3213 1486 3315 1556 τὴν
3344 1485 3453 1538 τῶν
3485 1486 3798 1552 ἀσωμάτων
3836 1485 4009 1536 κατά-

2426 1596 2616 1632 στασιν
2671 1577 3033 1647 μορφοῦσθαι,
3093 1577 3220 1640 τούς
3263 1594 3323 1629 τε
3372 1577 3745 1645 μανθάνοντας
3803 1577 4011 1639 πάντας

2424 1672 2515 1723 καὶ⁸
2569 1669 2638 1722 τά
2684 1670 2785 1739 τῆς
2844 1670 3040 1723 ἑαυτοῦ
3104 1671 3284 1738 ψυχῆς
3338 1669 3647 1723 ἐκδιδάσκει
3702 1670 4007 1738 κινήματα.

2423 1761 2780 1832 Πατριάρχης
2807 1758 2901 1813 οὖν
2933 1761 3043 1813 τῶν
3087 1761 3187 1826 μὲν
3220 1760 3311 1813 διὰ
3359 1760 3675 1831 πρακτικῆς
3714 1759 4012 1821 κοπώσεως

742 1854 1162 1922 templationem
1198 1854 1545 1909 rationaliter
1568 1853 1829 1906 virtutem
1860 1853 2073 1916 colunt,
2114 1851 2319 1905 Rachel

2428 1852 2519 1922 τὴν
2816 1820 3229 1922 κατορθούντων
3273 1820 3423 1905 ἐστὶν
3452 1854 3484 1921 ἡ
3521 1820 3674 1913 Λεία,
3701 1849 3813 1902 τῶν
3835 1850 3891 1902 δὲ
3926 1820 4011 1903 διὰ

740 1957 856 2008 est,
905 1955 1096 2015 utpote
1163 1947 1261 2001 Dei
1315 1946 1436 2016 lege
1482 1946 1813 2002 obedienter
1867 1945 2206 2014 gubernata,
2258 1958 2323 1998 ac

741 2037 941 2090 leniter
967 2037 1269 2090 secundum
1296 2051 1418 2090 eam
1452 2037 1787 2104 gubernans.
1822 2035 2028 2089 Eorum
2064 2050 2196 2088 vero
2225 2032 2319 2103 qui

736 2129 888 2196 juxta
940 2126 1469 2195 contemplationem
1510 2126 1861 2195 spiritualem
1917 2131 2114 2194 petunt
2151 2122 2323 2177 subli-

741 2220 987 2271 mitatem
1034 2217 1367 2287 cognitionis
1394 2216 1633 2271 Jacobus
1679 2227 1766 2271 est
1796 2216 1890 2270 ille
1922 2216 2124 2270 eximia
2156 2214 2320 2268 laude

739 2309 1142 2381 pranlicandus,
1190 2309 1295 2362 hoc
1338 2317 1425 2363 est
1471 2324 1664 2363 eorum
1694 2308 1789 2377 qui
1815 2323 1878 2362 ea
1917 2323 2039 2376 qua:
2064 2306 2321 2361 videntur

740 2417 851 2455 non
902 2402 977 2454 ita
1030 2408 1089 2454 ut
1126 2399 1408 2465 videntur,
1442 2400 1538 2454 sed
1569 2408 1629 2452 ut
1675 2400 1981 2455 intellectui
2016 2413 2320 2467 repraesen-

740 2502 929 2547 tantur
966 2493 1272 2562 inspiciunt
1313 2500 1478 2561 atque
1519 2500 1881 2561 cognoscunt,
1938 2503 1995 2547 et
2045 2506 2170 2545 cum
2225 2505 2321 2543 eo-

740 2583 1100 2653 gitationihus
1132 2583 1258 2637 inde
1293 2582 1551 2652 repetitis
1581 2582 1784 2637 divites
1810 2583 1877 2635 ad
1902 2580 2320 2635 immaterialem

739 2685 798 2729 ct
847 2675 1247 2745 incorporalem
1287 2674 1661 2745 cognitionem
1712 2681 2025 2728 transeunt.

740 2848 827 2905 EJ:
864 2850 1042 2902 eodem
1065 2864 1326 2913 sermone,
1369 2849 1423 2901 in
1453 2847 1588 2901 illud
1624 2863 1642 2901 :
1686 2865 1704 2897 ι
1740 2844 1797 2900 Si
1832 2844 2015 2900 Simon
2040 2844 2318 2917 Cyrenazus

1013 2938 1109 3001 sis,
1144 2953 1348 2989 crucem
1388 2934 1534 3000 tolle,
1594 2952 1657 2989 ac
1697 2950 1915 3005 sequere
1950 2933 1992 2989 ι.
2025 2952 2043 2985 ι

814 3133 1004 3187 Simon
1034 3132 1256 3202 quidem
1291 3142 1374 3187 est
1413 3132 1730 3195 obedientia,
1773 3131 2068 3202 Cyrenaeus
2109 3142 2316 3195 autem,

2417 1944 2517 2013 τῆς
2556 1946 2793 2014 φυσικῆς
2816 1944 3049 2014 θεωρίας
3078 1944 3180 2014 τὴν
3208 1942 3411 2013 ἀρετὴν
3435 1941 3674 2011 λογικῶς
3714 1943 4011 2012 μετιόντων

2418 2033 2567 2085 ἐστὶν
2596 2035 2629 2102 ἠ
2680 2033 2905 2102 Ῥαχὴλ,
2944 2033 3020 2091 ὡς
3048 2032 3316 2094 εὐπειθῶς
3344 2033 3591 2102 ἀγομένη
3620 2032 3700 2101 τῷ
3733 2033 3887 2102 νόμῳ
3921 2031 4011 2083 τοῦ

2418 2121 2552 2175 Θεοῦ
2583 2124 2677 2174 καὶ
2712 2123 2904 2192 πράως
2949 2124 3071 2176 κατ’
3123 2123 3286 2175 αὑτὸν
3319 2123 3551 2190 ἄγουσα.
3608 2123 3729 2175 Τῶν
3774 2123 3832 2175 δὲ
3869 2125 4011 2174 κατᾷ

2420 2213 2656 2285 θεωρίαν
2698 2215 3078 2283 πνευματικὴν
3124 2215 3185 2266 τὸ
3238 2215 3370 2283 ὕψος
3418 2215 3871 2285 μεταδιωκόντων
3918 2216 4011 2283 τῆς

2426 2303 2701 2374 γνώσεως,
2766 2304 2961 2357 Ἰακὼϐ
2990 2306 3018 2356 ὁ
3064 2305 3443 2375 πανεύφημος,
3473 2305 3581 2358 τῶν
3614 2305 3691 2374 μὴ
3721 2305 3792 2358 τὰ
3827 2307 4011 2373 φαινό-

2431 2410 2567 2463 μενα
2632 2392 2815 2455 καθὼς
2887 2393 3173 2460 φαίνονται
3242 2395 3545 2459 παντελῶς,
3619 2394 3758 2447 ἀλλὰ
3830 2394 4011 2456 καθὼς

2426 2484 2694 2549 νοοῦνται,
2723 2483 3012 2553 θεωμένων
3048 2502 3107 2536 τε
3151 2485 3247 2539 καὶ
3285 2486 3686 2553 γινωσκόντων,
3734 2487 3826 2538 καὶ
3878 2485 4015 2554 μετα

2426 2576 2534 2629 τῶν
2560 2578 2617 2627 ὲν
2654 2577 2868 2639 τούτοις
2894 2578 3183 2646 νοημάτων
3229 2576 3500 2639 πλουσίως
3539 2577 3678 2647 πρὸς
3713 2577 3814 2647 τὴν
3852 2578 4013 2629 ibim

2408 2668 2523 2721 Ακαὶ
2555 2667 2847 2737 ἀσώματον
2880 2667 3400 2739 μεταϐιϐαζομένων
3430 2668 3651 2736 γνῶσιν.

2429 2847 2530 2900 Ἐκ
2583 2845 2689 2898 τοῦ
2738 2843 2924 2897 αὑτοῦ
2977 2844 3185 2913 λόγου,
3233 2844 3322 2906 είς
3368 2843 3469 2895 τόο
3507 2843 3647 2894 ι’Ἁν
3669 2842 3871 2909 Σίμων
3945 2835 4015 2909 ᾖς

2486 2937 2840 3004 Κυρηναῖος,
2897 2936 3006 2989 τὸν
3066 2938 3337 3004 σταυρὸν
3391 2927 3539 3002 ἆρον
3591 2933 3690 2987 καὶ
3751 2934 4014 2987 ἀκολού-

2497 3034 2691 3096 θησον
2715 3030 2847 3098 (48).
2882 3047 2900 3081 ι

2494 3139 2676 3206 Σίμων
2709 3139 2806 3206 μὲν
2838 3140 3099 3203 ὐπακοη,
3121 3138 3430 3206 Κυρηναῖος
3477 3136 3535 3187 δὲ
3564 3136 3904 3204 ἑτοιμότης,
3943 3135 4017 3197 ὦς

746 3236 805 3279 ιιι
853 3226 1095 3288 tradunt,
1127 3226 1435 3294 explicatur
1467 3235 1689 3295 paratus
1733 3226 1963 3279 animus.
1993 3224 2320 3294 Quicunque

2428 3246 2607 3297 φασιν,
2635 3228 3021 3298 ἑρμηνεύεται.
3058 3226 3260 3298 (248
3283 3228 3344 3295 b)
3377 3228 3489 3289 Πᾶς
3510 3227 3608 3280 οὖν
3630 3228 3850 3297 ἕτοιμος
3882 3231 4018 3297 πρὸς

746 3317 915 3387 igitur
959 3317 1026 3370 ad
1057 3316 1433 3371 obediendum
1458 3315 1762 3386 Evangelio
1799 3325 2047 3385 paratus,
2087 3317 2326 3371 terrenis

745 3406 1092 3462 mortitlcatis
1126 3407 1391 3461 membris
1434 3422 1531 3475 per
1583 3407 1883 3475 practicam
1914 3408 2321 3477 philosoliliiam

745 3514 846 3569 pro
868 3499 1069 3553 virtute
1093 3498 1351 3554 lubenter
1369 3498 1521 3553 subit
1536 3498 1905 3561 vexationem,
1927 3499 2116 3553 Simon
2144 3500 2322 3553 factus

744 3602 829 3643 est
871 3590 1186 3662 Cyrenaeus,
1231 3591 1599 3646 voluntariam
1656 3600 1876 3646 sectans
1932 3592 2214 3653 virtutem,
2270 3593 2324 3644 in

746 3680 995 3735 humeris
1021 3683 1153 3736 dum
1204 3682 1312 3738 fert
1356 3698 1578 3738 crucem
1619 3692 1677 3739 et
1724 3683 2007 3738 Christum
2053 3684 2324 3752 sequitur,

745 3773 1229 3828 conversationem
1303 3774 1429 3829 vitae
1481 3774 1595 3830 Deo
1657 3775 2046 3830 convenientis
2109 3782 2325 3828 terrena

748 3879 976 3931 prorsus
1027 3874 1339 3920 aversatam
1382 3865 1705 3921 ostendens.

748 4034 833 4089 EI
870 4034 1046 4088 eodem
1095 4051 1355 4099 sermone,
1404 4037 1460 4089 in
1512 4035 1648 4089 illud
1682 4052 1701 4090 :
1742 4055 1760 4088 ι
1790 4035 1849 4090 Si
1884 4044 1939 4088 ut
1987 4036 2126 4088 latro
2180 4042 2323 4092 cruci

782 4124 942 4178 simul
962 4125 1159 4194 afﬁxus
1184 4126 1364 4193 fueris,
1390 4136 1446 4179 ut
1469 4126 1551 4179 uir
1574 4127 1789 4196 probus,
1816 4126 1975 4178 Deum
1998 4143 2238 4195 agnosce.
2264 4147 2282 4178 ι

823 4326 984 4380 Latro
1038 4328 1244 4395 probus
1289 4342 1415 4379 cum
1461 4326 1683 4381 Christo
1731 4327 1893 4379 simul
1946 4327 2094 4379 cruci
2138 4327 2328 4383 atlixus

2424 3319 2673 3389 ὑπακοὴν
2706 3319 2800 3372 τοῦ
2836 3317 3194 3385 Εὐαγγελίου,
3234 3318 3330 3370 καὶ
3361 3316 3661 3388 προθύμως
3685 3317 3774 3370 διὰ
3805 3316 4018 3387 νεκρὼ-

2422 3427 2557 3471 σεως
2578 3410 2687 3462 τῶν
2717 3410 2809 3461 ἐπὶ
2838 3409 2943 3477 γῆς
2988 3408 3171 3475 μελῶν
3197 3409 3299 3478 τὴν
3329 3409 3470 3478 ὑπὲρ
3496 3408 3701 3479 ἀρετῆς
3730 3410 3877 3461 κατά
3920 3410 4019 3478 τὴν

2423 3501 2734 3571 πρακτικὴν
2768 3500 3090 3569 φιλοσοφίαν
3129 3500 3504 3571 ὑπερχόμενος
3530 3501 3800 3564 κάκωσιν,
3829 3500 4019 3569 Σίμων

2427 3595 2618 3660 γέγονε
2655 3593 2984 3662 Κυρηναῖος,
3030 3590 3279 3644 ἑκούσιον
3332 3592 3732 3662 μετερχόμενος
3789 3591 4021 3660 ἀρετὴν,

2425 3684 2511 3736 ἐπ’
2541 3684 2708 3754 ὤμων
2741 3700 2802 3736 τε
2840 3683 2932 3737 τὸν
2982 3684 3219 3753 σταυρὸν
3248 3683 3390 3754 ἔχων
3436 3685 3532 3737 καὶ
3572 3682 3889 3737 ἀκολουθῶν
3940 3682 4024 3751 τῷ

2425 3776 2644 3845 Χριστῷ
2689 3775 3101 3846 ἀνεσταλμένην
3145 3775 3428 3837 παντελῶς
3464 3775 3566 3845 τῆς
3606 3774 3711 3845 γῆς
3746 3773 3846 3828 τοῦ
3879 3775 4029 3828 κατα

2426 3867 2560 3920 Θεὸν
2599 3867 2714 3937 βίου
2745 3867 2847 3939 τὴν
2867 3867 3096 3938 ἀγωγὴν
3123 3866 3595 3937 ἐπιδεικνύμενος.

2445 4045 2538 4097 Ἐκ
2592 4042 2698 4097 τοῦ
2737 4044 2926 4098 αὑτοῦ
2977 4044 3187 4112 λόγου,
3236 4046 3325 4109 εις
3366 4045 3472 4098 τό·
3507 4041 3694 4098 «Ἐὰν
3745 4059 4028 4101 συσταυ-

2496 4137 2695 4203 ρωθῇς
2743 4138 2823 4202 ὡς
2879 4136 3140 4204 λῃστὴς,
3193 4138 3275 4203 ὡς
3328 4136 3649 4206 εὐγνώμων
3703 4136 3817 4189 τὸν
3872 4139 4031 4191 Θεὸν

2500 4222 2795 4290 γνώρισον
2817 4223 2945 4293 (49).
2981 4242 2999 4274 ι

2515 4335 2736 4404 Λῃστής
2766 4335 2915 4388 ἐστιν
2953 4336 3253 4407 εὐγνώμων
3279 4336 3754 4408 συσταυρούμενος
3778 4338 3861 4409 τῷ
3889 4341 4030 4411 Χρι-

748 4419 932 4471 omnis
964 4426 1048 4471 est
1093 4418 1257 4471 homo
1297 4418 1390 4486 qui
1443 4434 1542 4487 pro
1570 4418 1811 4486 peccatis
1846 4419 1985 4471 male
2034 4418 2239 4486 patitur
2274 4430 2325 4473 ut

2435 4425 2546 4495 στῷ
2582 4428 2689 4485 πᾶς
2728 4427 3018 4497 ἄνθρωπος
3050 4429 3193 4497 ὑπὲρ
3239 4429 3529 4500 ἁμαρτιῶν
3566 4430 3796 4500 πάσχων
3836 4433 4031 4496 κακῶς

751 4507 1046 4569 obnoxius,
1096 4508 1257 4561 simul
1287 4508 1428 4560 male
1456 4506 1671 4575 patiens
1707 4522 1832 4560 cum
1865 4506 2129 4561 Sermone
2162 4507 2335 4576 ipsius

752 4600 926 4666 gratia
961 4599 1183 4653 innoxie
1232 4600 1373 4653 male
1421 4599 1688 4668 patiente,
1714 4608 1926 4653 etcum
1965 4609 2121 4669 grata
2169 4601 2335 4655 bene-

753 4686 862 4739 ticii
895 4688 1275 4742 recordatione
1306 4688 1510 4751 ferens,
1533 4689 1781 4759 justique
1796 4688 1993 4758 judicii
2028 4692 2331 4746 secundum

751 4778 1159 4847 providentiam
1188 4794 1375 4833 recum
1416 4795 1536 4835 esse
1561 4780 1881 4834 Sermonem
1911 4798 2238 4851 agnoscens,
2280 4795 2335 4839 et

751 4870 973 4937 culpam
1023 4887 1187 4939 quam
1242 4872 1384 4925 male
1448 4871 1709 4941 patiendo
1765 4871 1870 4925 luit
1915 4873 2206 4936 conﬁtens,
2269 4891 2331 4929 ac

754 4978 989 5032 prccans
1008 4973 1067 5016 ut
1086 4964 1283 5018 Sermo
1305 4963 1773 5033 quemadmodum
1798 4966 2052 5033 quamvis
2076 4966 2333 5022 innoxius

755 5056 1069 5123 passionem
1111 5072 1267 5110 suam
1311 5058 1760 5122 communicarit,
1809 5058 1882 5112 ita
1930 5059 2035 5112 sibi
2085 5061 2334 5128 quamvis

755 5147 983 5217 indigno
1034 5164 1136 5217 per
1189 5150 1547 5218 semetipsum
1574 5150 1707 5203 velit
1755 5148 2017 5218 gaudium
2068 5165 2227 5203 suum
2282 5160 2338 5203 ct

759 5240 1190 5293 oblectationem
1218 5240 1654 5304 communicare,
1683 5250 1740 5295 et
1767 5242 2246 5297 mortiﬁcationem
2271 5262 2336 5299 ex

755 5330 1167 5383 circinnstantia
1182 5330 1236 5384 in
1249 5331 1619 5387 voluntariam
1640 5332 1810 5401 ipsius
1822 5333 2082 5387 virtutem
2105 5335 2337 5405 benigne

757 5434 1143 5484 mununerare,
1176 5420 1399 5490 quando
1430 5421 1712 5476 Sermonis
1762 5423 2153 5489 velaminibus,
2214 5443 2336 5495 qum

834 5547 849 5599 ἑ
885 5549 1023 5604 Gen.
1052 5567 1175 5614 xxx,
1206 5555 1431 5623 passim.
1511 5556 1537 5595 Ιί
1572 5556 1707 5611 ibid.

759 5760 799 5818 ί
832 5692 943 5816 (1333
974 5692 1117 5749 Idem
1151 5697 1295 5763 tbid.,
1328 5715 1448 5767 cap.
1474 5698 1561 5765 Ἡ,
1599 5716 1651 5769 ν.
1682 5700 1804 5763 ειη,
1837 5710 1965 5754 tum.
2003 5700 2017 5753 Ι
2047 5703 2179 5769 (ηιμ
2240 5701 2324 5753 od.

806 5776 835 5817 ε
860 5779 906 5815 ιο
953 5802 964 5815 .

806 5776 964 5817 encu.

378 6130 861 6287 ρκ’-’κ

1788 5552 1808 5596 Ῑ
1841 5556 2033 5612 Matth.
2068 5576 2232 5624 xxv“,
2266 5561 2352 5615 5‘2.

2432 4513 2508 4577 ὠς
2556 4514 2878 4577 ὑπεύθυνος,
2938 4514 3018 4586 τῷ
3069 4515 3383 4577 ἀνευθύνως
3438 4517 3506 4569 δι’
3557 4518 3718 4569 αὑτὸν
3770 4535 4031 4571 κακοπα-

2434 4604 2615 4658 θοῦντι
2658 4606 2805 4676 λόγῳ
2842 4606 3284 4675 συγκακοπαθῶν
3328 4607 3423 4660 καὶ
3460 4608 3641 4679 φέρων
3686 4611 3810 4677 μετ’
3858 4611 4029 4679 εὐχα-

2436 4696 2666 4765 ριστίας,
2692 4698 2786 4750 καὶ
2818 4697 2908 4750 τὸν
2936 4697 3078 4751 κατὰ
3110 4697 3369 4766 πρόνοιαν
3400 4698 3500 4769 τῆς
3536 4699 3751 4761 δικαίας
3782 4701 4025 4771 κρίσεως

2433 4787 2606 4855 Λόγον
2634 4788 2863 4841 συνόντα
2890 4789 3181 4859 γνωρίζον,
3217 4790 3313 4842 καὶ
3332 4789 3612 4858 ὁμολογῶν
3643 4790 3744 4859 τὴν
3767 4792 3917 4861 ὑπὲρ
3940 4787 4017 4845 ὧν

2441 4880 2637 4949 πάσχει
2684 4880 2871 4943 κακῶς
2905 4881 3107 4945 αἰτίαν,
3153 4881 3248 4933 καὶ
3289 4881 3458 4935 αἰτῶν
3503 4880 3691 4950 ῶσπερ
3737 4883 3893 4954 αὐτῷ
3930 4885 4025 4936 τοῦ

2440 4971 2645 5035 πάθους
2668 4971 3027 5042 ἐκοινώνησεν
3066 4972 3357 5035 ἀνεύθυνος
3385 4971 3461 5025 ῶν
3502 4974 3530 5025 ὁ
3572 4972 3751 5040 λόγος,
3781 4974 3933 5027 οὕτω
3959 4976 4027 5027 δι’

2442 5062 2634 5115 ἑαυτὸν
2687 5063 2778 5115 τὸν
2822 5063 2980 5131 λόγον
3032 5064 3134 5129 τῆς
3186 5065 3394 5128 οἰκείας
3461 5065 3759 5129 εὐπαθείας
3819 5067 4026 5137 ἀναξίῳ

2440 5154 2764 5222 τυγχάνοντι
2826 5152 3170 5223 μεταδοῦναι,
3216 5155 3312 5207 καὶ
3358 5155 3459 5225 τὴν
3507 5156 3571 5207 ἐκ
3642 5159 4027 5227 περιστάσεως

2443 5245 2711 5315 νέκρωσιν
2744 5246 2825 5309 εἰς
2865 5246 3115 5299 ἑκούσιον
3143 5245 3310 5298 αὐτοῦ
3338 5248 3539 5317 ἀρετὴν
3573 5247 3659 5300 διὰ
3690 5249 3792 5318 τὴν
3821 5251 4028 5317 εὐγνω-

2447 5337 2685 5408 μοσύνην
2708 5338 3049 5407 λογίσασθαι,
3073 5340 3234 5411 ἡνίκα
3255 5340 3353 5409 τῆς
3377 5341 3633 5409 προνοίας
3659 5341 3729 5393 τά
3760 5343 3905 5410 σοφὰ
3931 5342 4026 5396 τοῦ

2442 5428 2603 5497 λόγου
2679 5431 3123 5502 προκαλύμματα
3187 5431 3362 5501 πέρας
3408 5431 3640 5485 λαϐόντα
3703 5432 3809 5503 τῆς
3863 5436 4025 5489 αὐτοῦ

2450 5772 2485 5825 Β
2512 5701 2626 5826 (Sitti
2652 5703 2797 5758 Idem
2835 5704 2980 5766 ibim,
3014 5718 3135 5772 cap.
3163 5701 3251 5765 ιιι,
3281 5718 3334 5772 p.
3364 5700 3486 5765 θυι,
3520 5710 3651 5755 tom.
3679 5702 3720 5756 l.
3757 5705 3903 5772 Upp.
3937 5710 4004 5754 ed

2490 5790 2611 5826 cum
2637 5812 2649 5825 .

2490 5790 2649 5827 CllCll.
