4198 6434
227 365 288 428 11:
301 365 360 427 l3

1456 367 1972 428 AMBiGUOllUM
2015 367 2264 428 LIBER.

3331 362 3470 430 ωτι

223 473 504 572 βασιλείας
537 472 619 572 τδ-
635 473 750 544 φῶς
785 473 927 544 φανῇ
958 473 1021 527 τὸ
1052 473 1397 546 ἀπρόστιτον.
1428 475 1590 530 Οὕτω
1645 495 1796 548 περι-

1899 500 2179 570 sapienter
2211 502 2468 556 induerat
2497 502 2866 572 providentia,
2899 500 3139 571 demptis
3168 503 3318 570 regni
3351 503 3471 571 ejus

225 565 443 618 ίσταται
479 563 630 636 αὐτῷ
669 567 934 634 πάσχοντι
966 564 1033 618 δι’
1055 566 1330 636 ἁμαρτίας
1368 566 1403 637 ὴ
1443 567 1508 620 ὲκ
1538 569 1798 636 περιστά-

224 673 364 719 σεως
392 656 503 710 τῶν
541 657 720 728 μελῶν
745 655 842 710 τοῦ
875 655 1129 726 σώματος
1171 656 1457 728 νέκρωσις,
1497 659 1564 711 δι’
1591 659 1797 727 εὐγνώ-

225 766 388 819 μονος
441 750 798 821 εὐχαριστίας
843 751 926 812 είς
989 749 1313 820 αὐθαίρετον
1379 750 1580 822 ἀρετὴν
1630 769 1797 821 μετα·

221 840 521 908 πίπτουσα,
545 842 667 895 καθ’
699 841 767 912 ἢν
806 841 918 894 τῶν
949 840 1072 896 καθ’
1115 843 1390 912 ἁμαρτίαν
1426 843 1636 895 πολλῶν
1661 845 1800 896 ἁπο-

219 931 480 1002 λυόμενος
553 933 888 1003 ὀφλημάτων
967 931 1106 1003 μετά
1173 931 1269 986 τοῦ
1349 932 1510 1000 λόγου
1573 933 1796 996 δικαίως

220 1027 448 1078 εἴσεισιν
506 1029 588 1090 είς
629 1025 729 1098 τὴν
766 1026 951 1098 χώραν
984 1027 1082 1097 τῆς
1124 1025 1396 1095 γνώσεως,
1433 1028 1574 1098 φημὶ
1611 1028 1670 1080 δὲ
1706 1027 1797 1081 τδν

221 1119 578 1189 παράδεισον,
617 1120 677 1172 ιν
767 1119 1061 1190 γινόμενος
1088 1119 1357 1187 γνώσεται
1377 1119 1476 1188 τὴν
1500 1118 1680 1172 αἰτίαν
1698 1121 1796 1188 τῆς

220 1210 282 1263 ιν
391 1211 770 1282 καθείργμεθα
795 1210 892 1266 νῦν
924 1212 1229 1281 καταδίκης
1271 1212 1366 1266 καὶ
1404 1211 1794 1273 κακοπαθείας.

221 1302 441 1373 Λῃστὴς
487 1301 546 1357 δὲ
594 1301 868 1372 ἀγνώμων
909 1303 1062 1357 ἐστὶν
1099 1305 1127 1356 ό
1155 1303 1225 1356 δι’
1256 1302 1531 1374 ἁμαρτίας
1570 1304 1796 1371 πάσχων

220 1394 411 1457 κακῶς
438 1394 515 1458 ὡς
541 1394 863 1459 ὑπεύθυνος,
892 1396 986 1450 καὶ
1019 1393 1095 1464 μὴ
1126 1395 1406 1465 γνωρίζων
1429 1393 1516 1446 διὰ
1532 1392 1720 1464 (249
1738 1393 1794 1457 a)

219 1485 672 1557 φιλαπεχθήμονα
697 1489 923 1556 γνώμην
960 1485 1051 1538 τὸν
1079 1485 1385 1548 ἀνευθύνως
1423 1485 1562 1555 ὑπὲρ
1612 1483 1798 1552 φιλαν-

219 1578 473 1650 θρωπίας
502 1578 652 1650 αὐτῷ
686 1578 1080 1648 συμπάσχοντα
1113 1580 1210 1648 τῆς
1249 1576 1596 1644 δικαιοσύνης
1620 1575 1793 1644 λόγον,

1897 590 1990 644 lux
2053 592 2330 646 inaccessa
2389 592 2726 662 apparuerit.
2791 593 2884 649 Sic
2947 592 3272 647 circumstat.
3340 607 3465 644 eum

1897 685 2107 752 peccati
2161 700 2326 740 causa
2374 686 2675 756 patientem
2710 686 2958 757 corporis
2993 685 3369 740 membrorum
3399 683 3467 738 de

1895 774 2309 830 circumstantia
2352 775 2726 842 mortiﬁcatio,
2770 793 2890 846 qua:
2930 793 3031 847 per
3083 776 3298 830 ﬁdelem
3342 789 3469 842 gra-

1899 875 2120 932 tamque
2179 866 2431 921 bcnelicii
2481 867 2923 923 recordationem
2977 867 3032 921 in
3101 865 3467 921 voluntariam

1898 963 2144 1008 mutatur
2180 955 2465 1019 virtutem,
2517 973 2639 1026 qua:
2669 955 2872 1012 debitis
2913 956 3123 1025 peccati
3169 953 3357 1008 multis
3383 967 3472 1007 so-

1896 1043 2046 1097 lutus
2083 1043 2137 1096 in
2183 1045 2465 1114 regionem
2497 1044 2834 1114 cognitionis
2874 1057 3001 1098 cum
3049 1041 3314 1096 Sermone
3342 1041 3469 1109 jure

1897 1133 2086 1196 intrat,
2119 1133 2224 1187 hoc
2251 1142 2338 1188 est
2381 1133 2438 1188 in
2469 1133 2806 1203 paradisum,
2851 1132 2949 1187 ubi
3004 1131 3212 1186 certior
3265 1129 3360 1183 ﬁet
3400 1128 3470 1182 de

1896 1237 2060 1278 causa
2111 1231 2314 1278 nostra:
2345 1223 2720 1279 damnationis
2762 1232 2925 1292 atque
2964 1219 3222 1281 miseriae,
3268 1217 3470 1286 quibus

1897 1327 2046 1366 nunc
2103 1321 2360 1380 tanquam
2397 1313 2450 1366 in
2495 1325 2717 1367 carcere
2766 1310 3113 1365 cohibemur.
3165 1308 3330 1360 Latro
3365 1305 3468 1358 im-

1897 1403 2104 1471 probus
2177 1411 2369 1458 contra
2426 1411 2510 1458 est
2559 1403 2654 1472 qui
2722 1399 2952 1472 peccati.
2988 1413 3152 1454 causa
3202 1395 3471 1451 obnoxius

1899 1494 2130 1563 patitur,
2177 1495 2385 1564 quique
2444 1502 2668 1563 propter
2722 1491 3026 1547 voluntatis
3078 1487 3468 1557 malignitatem

1891 1583 2116 1652 justitiaa
2137 1599 2447 1638 sermonem
2465 1598 2574 1637 non
2594 1582 2840 1652 agnoscit
2862 1597 2968 1635 una
2990 1594 3114 1635 cum
3139 1593 3218 1641 se,
3239 1576 3332 1630 sed
3350 1576 3470 1629 sine

218 1668 358 1722 ἀλλά
391 1669 730 1741 βλασφήμως
757 1669 1219 1739 ἀποπεμπόμενος
1248 1667 1340 1720 τὸν
1369 1667 1456 1720 ἐπ’
1485 1666 1636 1736 αὐτῷ
1658 1665 1796 1720 κατά

1897 1675 2080 1742 culpa,
2100 1675 2393 1742 patientem
2420 1690 2519 1744 pro
2541 1674 2879 1743 benignitate
2907 1687 3027 1733 sua,
3050 1672 3159 1724 imo
3183 1683 3307 1723 cum
3334 1679 3468 1720 con-

219 1762 484 1831 πρόνοιαν
516 1762 744 1825 δικαίως
786 1761 1072 1831 ὁρισθέντα
1104 1761 1204 1829 τῆς
1246 1762 1478 1829 κρίσεως
1518 1759 1699 1827 λόγον,
1737 1759 1796 1821 ὃς

1897 1765 2041 1820 vicio
2071 1765 2323 1834 repudiat
2345 1765 2539 1836 judicii
2566 1780 2874 1819 sermonem
2905 1763 3102 1817 merito
3124 1761 3175 1814 ei
3202 1759 3268 1813 de
3289 1757 3472 1828 provi-

218 1850 410 1920 ἐπειδὴ
441 1851 518 1920 μή
557 1849 824 1921 ἐγνώρισε
848 1850 939 1903 τὸν
963 1850 1175 1920 ἀτίμως
1199 1849 1345 1919 αὐτῷ
1372 1849 1511 1902 κατά
1540 1848 1795 1918 βούλησιν

1900 1856 2085 1911 dentia
2103 1857 2394 1912 delinitum
2421 1875 2434 1909 :
2461 1856 2555 1926 qui
2579 1873 2704 1911 eum
2729 1856 3048 1910 Sermonem
3077 1847 3468 1907 contumeliose

219 1941 795 2007 συγκαταδικασθὲντα
852 1940 1012 2009 λόγον
1063 1941 1159 1993 καὶ
1207 1942 1448 2011 ᾐτήσατο
1507 1940 1666 2009 χάριν
1716 1932 1791 1991 ὧν

216 2030 668 2102 ἐπλημμέλησεν,
720 2032 940 2100 ἀερίεται
995 2031 1097 2101 τῆς
1159 2031 1433 2102 βασιλείας
1490 2030 1789 2100 ἀλλότριος,

215 2123 477 2192 οὐδεμίαν
503 2123 598 2179 τοῦ
617 2141 750 2178 ποτε
779 2124 984 2196 ταύτης
1011 2125 1294 2190 τεύξεσθαι
1335 2125 1486 2196 παρὰ
1508 2125 1602 2179 τοῦ
1630 2124 1789 2190 λόγου

215 2212 398 2267 λαϐὼν
421 2217 747 2287 ἑπάγγελον.

574 2392 764 2446 Ἀλλο
791 2393 879 2458 εἰς
903 2391 970 2445 τὸ
991 2391 1138 2446 αὐτὸ
1161 2391 1446 2462 θεώρημα.

288 2503 402 2558 Καὶ
430 2502 591 2556 πάλιν
613 2503 820 2574 λῃστής
854 2506 1002 2556 ἐστιν
1036 2503 1332 2574 εὐγνώμων
1362 2507 1392 2558 ό
1415 2505 1519 2559 κᾶν
1557 2506 1644 2559 ἐπ’
1666 2507 1798 2561 αὐτὸ

215 2591 280 2647 et
301 2593 474 2663 πέρας
501 2593 602 2660 τῆς
636 2591 919 2661 παρούσης
957 2591 1104 2662 αὐτῷ
1132 2593 1421 2662 γενόμενος
1454 2593 1601 2663 ζωῆς
1632 2593 1798 2647 ἐλθὼν

216 2686 300 2748 είς
353 2683 706 2754 συναίσθησιν
771 2683 882 2736 τῶν
927 2682 1434 2754 πλημμεληθέντων
1479 2683 1649 2756 αὐτῷ,
1702 2686 1796 2738 καὶ

217 2775 504 2846 γνωρίζων
556 2775 695 2844 μετά
753 2773 1021 2837 συνέσεως
1082 2773 1174 2826 τὸν
1222 2774 1310 2827 ἐπ’
1360 2774 1510 2846 αὐτῷ
1569 2775 1794 2839 δικαίως

216 2868 525 2938 ὡρισμένον
545 2865 780 2920 ἐνταῦθα
809 2867 907 2935 τῆς
930 2865 1082 2929 θείας
1112 2866 1350 2937 κρίσεως
1375 2867 1793 2936 συντελούμενον

216 2957 372 3029 αὐτῷ
401 2959 579 3025 λόγον,
639 2959 734 3010 καὶ
775 2957 942 3011 αίτῶν
994 2957 1324 3027 συγγνώμην
1370 2959 1678 3029 εἰλικρινῶς
1725 2961 1790 3012 ὲκ

219 3049 421 3118 βάθους
469 3048 646 3118 ψυχῆς
677 3042 752 3101 ὧν
797 3048 1066 3117 ἥμαρτεν.
1141 3047 1437 3118 ’Δγνώμων
1488 3050 1546 3103 δὲ
1588 3050 1792 3121 λῃστής

221 3144 369 3191 ἐστιν
395 3140 424 3192 ό
453 3138 574 3192 κατ’
599 3139 732 3192 αὐτὸ
751 3138 812 3190 τὸ
833 3138 1007 3207 πέρας
1035 3139 1134 3208 τῆς
1165 3140 1450 3210 παρούσης
1469 3141 1620 3211 αὐτῷ
1641 3142 1788 3212 ζωῆς

217 3229 510 3299 γενόμενος
568 3229 662 3283 καὶ
700 3228 792 3281 τὸν
843 3228 986 3282 κατά
1039 3228 1218 3297 ψῆφον
1262 3228 1477 3282 δικαίαν
1513 3229 1608 3283 τοῦ
1651 3231 1787 3283 θεοῦ

216 3321 447 3373 τεθέντα
503 3319 684 3388 σοφῶς
727 3318 824 3372 τοῦ
871 3317 1138 3388 μερισμοῦ
1196 3317 1296 3388 τῆς
1338 3318 1514 3389 ψυχῆς
1545 3320 1652 3372 ἀπὸ
1699 3320 1793 3373 τοῦ

219 3412 472 3480 σώματος
502 3411 666 3480 νόμον
707 3427 770 3463 τε
801 3410 896 3464 καὶ
939 3411 1064 3480 ὅρον
1095 3408 1172 3474 ώς
1221 3408 1298 3482 μὴ
1343 3410 1525 3475 καλῶς
1569 3410 1794 3466 δοθέντα

218 3503 312 3556 δια
343 3502 635 3570 φιλοζωΐαν
667 3501 1042 3573 μεμφόμενος.

576 3681 758 3732 Ἄλλο
784 3683 872 3746 εἰς
893 3682 959 3734 τὸ
980 3681 1127 3737 αὐτὸ
1155 3683 1444 3754 θεώρημα.

245 3861 247 3864 ι
292 3792 404 3846 Καὶ
443 3791 607 3845 πάλιν
641 3793 940 3862 ἐπειδήπερ
979 3793 1210 3858 ἕκαστος
1239 3795 1396 3866 ἡμῶν
1419 3797 1640 3862 διπλοῦς
1685 3800 1800 3854 ἐστι

218 3887 324 3952 τὴν
346 3884 532 3954 φύσιν,
557 3885 623 3939 ὲκ
647 3884 828 3954 ψυχῆς
863 3886 956 3938 καὶ
989 3885 1237 3956 σώματος
1276 3889 1567 3954 συνεστὼς,
1599 3891 1798 3964 λῃστής

219 3978 418 4030 ἑστινό
438 3976 561 4030 καθ’
590 3977 851 4047 ἑκάτερον
873 3977 980 4029 τῶν
1010 3977 1069 4043 ἐξ
1098 3971 1174 4032 ὧν
1205 3979 1506 4050 συνέστηκε
1534 3982 1676 4035 κατά
1700 3986 1798 4053 τήν

220 4066 455 4136 θατέρου
494 4067 656 4137 φύσιν
693 4068 857 4138 νόμον
906 4069 1046 4139 ὑπὲρ
1084 4070 1287 4140 ἀρετῆς
1316 4071 1394 4142 τῷ
1433 4073 1574 4143 λόγῳ
1607 4092 1798 4144 μυστι-

221 4161 339 4223 κῶς
359 4160 853 4232 συσταυρούμενος,
885 4163 977 4214 καὶ
1005 4162 1095 4215 τὸν
1123 4163 1220 4231 μὲν
1249 4163 1350 4233 τῆς
1384 4164 1586 4236 σαρκὸς
1612 4167 1794 4236 νόμον,

221 4251 414 4322 ὥσπερ
450 4251 742 4321 ἀγνώμονα
778 4250 980 4324 λῃστήν
1021 4251 1102 4320 τῷ
1128 4251 1271 4322 λόγῳ
1298 4255 1398 4324 τῆς
1424 4257 1624 4325 ἀρετῆς
1647 4259 1796 4310 ἀντι-

222 4344 517 4407 πίπτοντα,
544 4345 634 4398 τὸν
653 4344 708 4397 δὲ
733 4343 827 4396 τοῦ
857 4343 1167 4412 πνεύματος
1193 4344 1353 4414 νόμον
1375 4345 1526 4398 ὥσπε
1536 4365 1567 4416 ρ
1594 4347 1798 4416 λῃστὴν

220 4437 367 4506 ἔχων
394 4435 731 4503 εὐγνώμονα,
755 4433 958 4486 καὶτὸν
985 4434 1210 4503 Σωτῆρα
1235 4435 1407 4501 Λόγον
1427 4435 1512 4486 διά
1531 4436 1637 4487 τῶν
1660 4437 1796 4488 κατὰ

220 4524 325 4594 τὴν
352 4523 662 4596 πρακτικήν
687 4523 926 4593 τρόπων,
966 4519 1067 4574 κᾶν
1109 4519 1358 4574 ὲπίπονοι
1400 4516 1556 4586 ὦσιν,
1597 4523 1794 4574 ἀποδε-

1819 2336 1886 2350 ἰ-

1907 1964 2114 2027 secum.
2141 1959 2311 2005 etsua
2337 1948 2511 2019 ipsius
2539 1957 2756 2018 sponte,
2787 1947 3208 2001 condemnatum
3243 1956 3352 1994 non
3380 1953 3473 1991 co--

1897 2049 2117 2109 gnosset
2138 2056 2240 2095 nec
2263 2041 2587 2095 delictorum
2607 2054 2832 2094 suorum
2854 2037 3070 2092 veniam
3098 2032 3418 2103 rogavisset,
3438 2045 3471 2081 e

1898 2147 2067 2200 regno
2101 2132 2342 2201 ejicitur,
2379 2141 2439 2186 ut
2461 2131 2693 2194 alienus,
2716 2130 2923 2184 nullam
2949 2140 3187 2195 unquam
3210 2138 3267 2176 se
3284 2120 3474 2175 civita-

1897 2230 2006 2277 tem
2022 2225 2140 2296 ejus
2157 2232 2504 2293 recepturum
2519 2237 2642 2277 esse
2659 2222 2841 2276 laetum
2857 2226 3180 2286 accepturus
3194 2211 3470 2268 nuntium.

2257 2397 2381 2453 Alia
2431 2398 2487 2452 in
2531 2396 2670 2452 idem
2709 2392 3109 2463 contemplatio.

1962 2515 2142 2578 Atque
2185 2509 2386 2563 iterum
2418 2508 2559 2562 latro
2603 2506 2813 2577 probus
2842 2513 2927 2558 est
2961 2501 3080 2572 qui,
3130 2499 3299 2555 etiam
3336 2497 3380 2552 si
3416 2499 3468 2551 in

1896 2603 2014 2672 ipso
2047 2603 2269 2657 demum
2321 2601 2430 2654 ﬁne
2467 2599 2757 2670 prmsentis
2798 2597 2945 2658 vitae,
2983 2591 3137 2647 venit
3180 2592 3234 2644 in
3276 2604 3472 2660 pecca-

1895 2703 2078 2748 torum
2102 2707 2331 2748 suorum
2356 2690 2780 2761 reputationem,
2811 2685 3225 2754 prudenterque
3254 2681 3474 2750 agnovit

1895 2784 2127 2839 verbum
2172 2783 2347 2838 divini
2397 2781 2589 2852 iudicii
2639 2781 2694 2833 in
2746 2793 2803 2832 se
2857 2776 2949 2830 hic
3005 2780 3469 2832 consummatum,

1893 2875 2040 2946 quod
2071 2875 2122 2930 ci
2156 2874 2354 2930 merito
2385 2882 2505 2927 erat
2555 2869 2873 2930 deﬁnitum,
2905 2867 3110 2936 quique
3140 2863 3353 2919 sincere
3400 2875 3468 2914 ex

1892 2969 2086 3023 intimo
2132 2967 2302 3023 corde
2335 2982 2530 3022 eorum
2559 2980 2681 3034 qua:
2711 2962 3012 3031 deliquerit
3042 2959 3261 3014 veniam
3307 2957 3466 3027 petit:

1889 3061 2175 3128 lmprolms
2213 3066 2406 3112 contra
2464 3058 2607 3111 latro
2671 3062 2757 3110 est
2807 3053 2900 3122 qui
2945 3052 3030 3105 vel
3073 3052 3129 3104 in
3181 3050 3300 3118 ipso
3348 3047 3474 3102 vitae

1899 3150 2182 3218 praesentis
2224 3151 2332 3202 line
2371 3147 2470 3201 Dei
2510 3147 2686 3216 legem
2734 3158 2799 3197 ac
2852 3142 3230 3196 deﬁnitionem
3277 3139 3474 3192 anima:

1901 3257 1932 3295 a
1966 3255 2196 3309 corpore
2253 3237 2593 3307 separandze,
2647 3235 2898 3305 quamvis
2945 3235 3093 3303 justo
3135 3230 3345 3300 judicio
3401 3244 3468 3282 ac

1902 3333 2182 3400 sapienter
2233 3330 2524 3392 sancitam,
2577 3327 2703 3382 vitae
2761 3339 2948 3379 amore
3014 3333 3276 3392 tanquam
3331 3320 3472 3375 male

1901 3423 2207 3478 institutam
2249 3421 2552 3490 vituperat.

2273 3686 2396 3742 Alia
2443 3689 2497 3740 in
2543 3687 2681 3740 idem
2726 3681 3117 3752 contemplatio.

1969 3802 2149 3871 Atque
2190 3815 2384 3855 rursus
2422 3815 2547 3854 cum
2591 3807 2842 3852 nostrum
2879 3793 3259 3863 unusquisque
3290 3786 3504 3859 dupli--

1900 3910 2019 3949 cem
2089 3893 2293 3947 habeat
2345 3901 2623 3954 naturam,
2681 3905 2747 3943 ex
2793 3887 2971 3941 anima
3028 3896 3190 3952 atque
3245 3891 3519 3947 corpore'

1899 3984 2228 4046 consistens,
2252 3983 2391 4036 latro
2413 3991 2498 4036 est
2516 3980 2608 4049 qui
2637 3977 2940 4032 secundum
2970 3984 3258 4039 utramque
3282 3983 3473 4021 eorum

1897 4089 1962 4128 ex
2009 4069 2212 4141 quibus
2257 4077 2472 4124 constat
2521 4081 2621 4136 pro
2657 4064 2883 4118 alterius
2911 4071 3107 4114 natura
3153 4059 3328 4123 legem
3373 4069 3476 4120 pro

1898 4165 2105 4217 virtute
2149 4175 2275 4215 cum
2331 4160 2599 4212 Sermone
2653 4153 2882 4223 mystice
2932 4148 3080 4204 cruci
3120 4145 3373 4213 aﬂigitur,
3419 4146 3478 4195 et

1902 4255 2084 4308 carnis
2115 4253 2339 4322 quidem
2384 4250 2557 4319 legem
2609 4244 2779 4300 veluti
2832 4240 3142 4310 improbum
3202 4237 3472 4288 latronem

1900 4344 2120 4399 virtutis
2162 4340 2402 4396 sermoni
2449 4337 2814 4396 obnitentem,
2871 4332 3099 4401 spiritus
3134 4343 3267 4381 vero
3295 4327 3470 4392 legem

1901 4434 2069 4490 veluti
2097 4433 2330 4503 probum
2375 4431 2644 4483 latronem
2672 4426 2863 4486 habet,
2889 4423 3097 4490 quique
3129 4418 3471 4472 Salvatnrrm

1902 4526 2221 4580 Sermonem
2268 4537 2367 4590 per
2418 4518 2673 4588 practiem
2706 4512 3072 4585 philosophia:
3119 4507 3334 4564 modos,
3371 4505 3473 4557 etsi

221 4617 477 4687 χύμενον,
551 4609 596 4682 ᾧ
642 4613 1047 4684 συνεισέρχεται
1102 4611 1350 4682 γεγηθὼς
1412 4615 1491 4674 είς
1545 4613 1638 4666 τὸν
1692 4614 1790 4681 τῆς

1897 4629 2097 4684 magno
2121 4627 2246 4667 cum
2278 4611 2465 4665 labore
2497 4608 2608 4661 sint
2635 4601 2936 4673 conjuncti,
2977 4599 3196 4666 recipit,
3233 4609 3475 4663 quorum

220 4705 462 4776 εὐωχίας
501 4705 666 4759 τόπον
700 4704 794 4757 τὸν
827 4704 1011 4773 πάσης
1045 4704 1348 4774 κατάκορον
1390 4703 1664 4772 γνώσεως,
1700 4703 1794 4756 τοῦ

219 4797 368 4851 κατὰ
437 4795 616 4866 σάρκα
688 4794 1034 4865 φρονήματος
1092 4792 1373 4857 παντελῶς
1444 4792 1798 4863 ἀπηλλαγμὲ-

220 4906 336 4953 νος.

429 5092 630 5166 (249
647 5092 699 5162 b)
736 5094 926 5149 Ἄλλο
953 5094 1035 5158 εις
1061 5092 1126 5146 τὸ
1150 5091 1295 5145 αὐτὸ
1317 5089 1603 5160 θεώρημα.

300 5207 408 5260 Καὶ
448 5206 603 5270 αὖθις
649 5205 852 5277 λῃστής
898 5207 1046 5258 ἐστιν
1105 5200 1403 5272 εὐγνώμων
1450 5200 1479 5252 ὁ
1527 5197 1799 5261 καταξιῶ·

220 5299 343 5362 θεὶς
381 5298 828 5369 συσταυρωθῆναι
855 5295 1075 5367 Χριστῷ
1104 5294 1192 5348 διὰ
1221 5289 1517 5354 παντελοῦς
1548 5290 1641 5343 καὶ
1679 5289 1799 5342 ὁλο-

219 5387 436 5459 κλήρου
474 5389 581 5441 τῶν
620 5387 810 5442 παθῶν
835 5386 1178 5456 νεκρώσεως,
1199 5385 1292 5438 καὶ
1315 5383 1500 5449 δεξιῶς
1533 5381 1684 5450 αὐτῷ
1709 5398 1798 5433 συ·

221 5477 655 5548 σταυρούμενος.
704 5476 952 5531 τουτέστι
1013 5475 1150 5547 μετά
1195 5474 1354 5543 λόγου
1404 5474 1498 5528 καὶ
1544 5471 1798 5540 γνώσεως

220 5569 414 5624 πᾶσαν
444 5568 655 5633 διεξιὼν
684 5568 907 5642 ἀρετὴν,
949 5568 1044 5623 καὶ
1082 5566 1431 5638 ἀπρόσκοπον
1486 5565 1650 5618 πᾶσιν
1707 5564 1792 5618 ἀν-

296 5727 341 5763 ·
370 5721 504 5780 ibid.
539 5724 626 5778 58.

1903 4708 2065 4761 simul
2136 4702 2448 4771 ingreditur
2501 4699 2660 4751 Izrtus
2718 4696 2772 4748 in
2834 4688 3219 4747 oblectationis
3267 4687 3476 4746 locum,

1905 4795 2052 4849 omni
2097 4790 2411 4859 cognitione
2449 4785 2734 4849 refertum,
2767 4779 2973 4837 carnali
3014 4793 3180 4834 sensu
3214 4790 3278 4829 ac
3323 4774 3477 4842 cogi-

1907 4885 2113 4938 tatione
2165 4881 2328 4952 plane
2372 4879 2658 4932 liberatus.

2290 5078 2408 5132 Alia
2438 5078 2491 5129 in
2521 5074 2656 5126 idem
2699 5070 3092 5141 contemplatio.

1977 5202 2150 5266 Atque
2175 5207 2364 5246 rursus
2393 5190 2534 5243 latro
2557 5186 2763 5256 probus
2793 5192 2877 5238 est
2909 5185 2954 5237 is
2981 5183 3075 5251 qui
3106 5196 3228 5236 cum
3258 5179 3479 5233 Christo

1899 5291 2062 5347 simul
2095 5285 2244 5342 cruci
2294 5281 2433 5351 alligi
2467 5278 2666 5332 meruit
2711 5293 2809 5346 per
2854 5276 3067 5345 plenam
3100 5285 3262 5342 atque
3298 5273 3478 5340 perle-

1897 5393 2039 5436 ctam
2073 5377 2383 5449 passionum
2432 5370 2931 5429 mortificationem,
2977 5367 3182 5436 quique
3233 5365 3298 5417 ad
3343 5364 3478 5416 dexo

1899 5486 2034 5530 tram
2066 5471 2184 5539 ejus
2215 5476 2300 5521 est
2330 5465 2479 5520 cruci
2511 5463 2702 5518 allixus
2733 5471 2792 5524 ιη,
2825 5460 2931 5513 hoc
2972 5466 3058 5512 est
3085 5456 3176 5525 qui
3215 5471 3340 5508 cum
3385 5468 3475 5506 ra-

1897 5565 2042 5620 tione
2075 5570 2128 5616 ct
2164 5557 2476 5630 cognitione
2527 5569 2744 5608 omnem
2795 5549 3140 5621 persequitur
3188 5546 3473 5609 virtutem,
