4198 6434
754 390 889 454 Ιῖῖῑθ

1917 382 1980 438 S.
2020 378 2306 437 ΜΛΧῐΜῐ
2343 379 2854 442 CONFESSORIS

3888 394 4019 459 1380

751 512 1083 568 summatnr,
1106 519 1137 557 a
1170 516 1281 571 quo
1310 500 1506 554 Sermo
1534 492 1919 563 suimctipsins
1938 493 2184 546 cultores
2204 491 2332 547 libe-

2444 496 2729 563 ροόμενος,
2751 492 2963 563 οὗτινος
2994 501 3275 574 ἐλευθεροῖ
3289 509 3419 571 τοὺς
3450 510 3649 564 ἑαυτοῦ
3673 511 3953 573 θιασώτας
3992 517 4017 567 ὁ

750 608 855 655 rat,
879 610 1045 664 supra
1082 592 1267 647 omnia
1298 587 1620 658 temporalia
1653 602 1751 640 eos
1777 584 2005 639 omnino
2031 583 2328 637 eollocans.

748 689 933 740 Altera
968 700 1099 739 vero
1148 683 1316 738 Maria
1355 689 1441 734 est
1476 680 1659 732 omnis
1689 677 1871 731 anima
1904 675 2331 743 contemplativa

750 794 872 845 qua:
926 791 1069 829 vera:
1104 772 1437 842 cognitionis
1482 784 1587 839 Ope
1632 766 2005 835 cognitionem
2044 780 2169 818 cum
2204 762 2333 815 Scr-

751 884 912 921 monc
964 883 1060 935 per
1106 865 1336 935 gratiam
1386 862 1489 916 sibi
1543 859 1817 929 quzcsivit.
1864 856 2081 910 Salome
2123 863 2327 917 autem,

748 977 911 1028 quam
958 961 1394 1027 interpretantur
1438 954 1650 1011 Pacem,
1689 951 1773 1004 vel
1820 949 2209 1008 Plcniuimam,
2243 954 2331 1000 est

748 1053 929 1105 omnis
974 1052 1157 1104 anima
1193 1047 1541 1119 passionibus
1573 1043 1806 1112 abjectis
1855 1050 2069 1110 pacata,
2102 1048 2160 1093 et
2204 1054 2331 1107 pra-

746 1146 1010 1197 cticarum
1066 1144 1330 1195 virtutum
1380 1137 1537 1205 copia
1593 1136 1779 1189 carnis
1822 1134 2058 1203 cogitata
2104 1131 2330 1200 spiritus

746 1236 852 1304 legi
884 1235 1202 1303 subjiciens.
1236 1248 1333 1300 per
1375 1229 1747 1297 expletionem
1784 1240 1915 1279 vero
1945 1223 2329 1292 contemplati-

746 1340 940 1378 varum
983 1322 1353 1392 spiritualium
1389 1317 1781 1385 cogitationum
1816 1329 2001 1368 rerum
2036 1329 2158 1382 qua:
2186 1312 2330 1365 exsi-

746 1422 901 1469 stunt
933 1413 1302 1482 cognitionem
1334 1428 1434 1481 pro
1476 1411 1618 1463 virili
1663 1410 1939 1479 sapienter
1968 1407 2330 1476 comprehcn-

746 1509 883 1561 dens
908 1514 1084 1575 parte.
1105 1505 1313 1559 Joanna
1339 1513 1545 1565 autem,
1569 1518 1690 1571 qua:
1711 1501 2019 1570 explicatur
2048 1498 2324 1559 Columba,

2436 586 2633 653 Λόγος,
2666 589 2887 652 πάντως
2944 593 3146 658 αὐτοὺς
3205 598 3464 669 ὑπεράνω
3515 601 3689 667 τιθεὶς
3742 604 3855 656 τῶν
3916 607 4017 657 ὑπὸ

2434 678 2643 745 Χρόνον.
2691 680 2756 733 Ἡ
2800 683 2858 735 δὲ
2905 685 3043 754 ἀλλη
3080 688 3271 759 Μαρία
3302 694 3422 745 ἐστὶ
3448 696 3598 748 πᾶσα
3627 697 3774 767 {mlh
3809 698 4018 767 θεωρη-

2430 771 2583 835 τικὴ,
2611 770 2700 824 διὰ
2728 775 2982 840 γνώσεως
3008 779 3243 847 ἀληθοῦς
3267 784 3367 855 τὴν
3392 786 3529 855 πρὸς
3558 789 3653 839 τὸν
3680 790 3839 855 λόγον
3876 792 4015 843 κατὰ

2431 860 2594 930 χάριν
2622 868 2939 939 κτησαμένη
2974 872 3319 939 συγγένειαν.
3355 878 3589 949 Σαλώμη
3620 881 3676 933 δέ
3703 883 3873 943 ἐστιν,
3896 884 4015 950 ita;

2433 950 2799 1043 lppqvetista:
2858 960 3086 1027 Εἰρήνη
3123 963 3155 1033 ἢ
3198 969 3614 1037 "ingenim.
3658 975 3811 1025 πᾶσι
3868 974 4015 1043 ψυχὴ

2430 1038 2521 1143 διέε
2570 1042 2671 1110 μὲν
2700 1044 2996 1143 (251))
3040 1051 3143 1120 τῆς
3184 1054 3458 1125 ἀποϐολῆς
3490 1059 3601 1111 τῶν
3628 1062 3819 1113 παθῶν
3862 1038 4015 1132 eis};

2432 1136 2685 1192 νεύουσα,
2717 1136 2813 1186 καὶ
2852 1139 2919 1207 τῇ
2962 1143 3252 1210 περιουσία
3288 1146 3399 1197 τῶν
3447 1152 3774 1218 πρακτικῶν
3800 1154 4015 1223 ἀρετῶν

2429 1222 2492 1273 τὸ
2522 1225 2779 1294 φρόνημα
2800 1231 2900 1298 τῆς
2932 1232 3135 1300 σαρκὸς
3164 1236 3588 1303 καθυποτάξασα
3618 1242 3697 1310 τῷ
3734 1244 3888 1311 νόμῳ
3930 1244 4011 1296 τοῦ

2432 1314 2767 1383 πνεύματος,
2804 1318 2892 1371 διὰ
2932 1320 2991 1372 δὲ
3037 1323 3140 1391 τῆς
3184 1324 3521 1393 πληρώσεως
3555 1329 3665 1381 τῶν
3696 1333 3840 1383 κατὲ
3877 1333 4012 1384 Θεω-

2431 1406 2555 1476 ρίαν
2587 1411 2979 1477 πνευματικῶν
3009 1416 3298 1483 νοημάτων
3326 1418 3429 1487 τὴν
3467 1420 3577 1473 τῶν
3611 1423 3785 1474 ὅντων
3812 1425 4013 1489 γνῶσιν

2430 1498 2572 1550 κατά
2621 1498 2683 1551 τὸ
2730 1499 2959 1555 δυνατὸν
3021 1506 3204 1573 σοφᾶς
3241 1509 3631 1578 περιλαϐοῦσα.
3679 1514 3908 1566 Ἰωάννςι
3958 1517 4011 1568 δέ

745 1600 952 1653 animal
982 1600 1138 1662 mite,
1178 1599 1304 1653 bilis
1333 1611 1532 1666 expers
1557 1606 1614 1649 et
1643 1594 1964 1659 lecundnm,
1999 1594 2180 1648 omnis
2211 1592 2329 1645 ani-

2428 1592 2596 1651 ὲστιν,
2637 1592 2762 1661 ἣτις
2803 1596 3167 1665 ἑρμηνεύεται
3200 1602 3545 1668 περιστείὰ,
3567 1604 3628 1655 τὺ
3663 1608 3839 1673 πρᾶον
3874 1607 4011 1669 ζῶον

745 1705 833 1743 ma
882 1697 967 1743 est
1008 1704 1129 1757 qua:
1182 1702 1280 1756 per
1332 1686 1815 1741 mansuetudinem
1860 1684 2014 1739 exuit
2059 1682 2322 1742 allectus,

2428 1685 2521 1735 καὶ
2562 1684 2754 1753 ἄχολον
2788 1688 2883 1740 καὶ
2925 1688 3243 1758 πολύγονον,
3278 1694 3429 1745 πᾶσα
3472 1695 3619 1767 ψυχὴ
3647 1697 3735 1749 διά
3768 1700 4009 1768 πραότη-

745 1790 911 1849 atqne
934 1779 1160 1848 spiritus
1182 1780 1235 1832 in
1260 1779 1573 1849 cognitione
1598 1777 1990 1833 fecunditatem
2022 1774 2324 1827 ferventem

2431 1789 2519 1834 τος
2550 1774 2611 1826 τὸ
2643 1775 2889 1844 ἐμπαθὲς
2928 1778 3264 1850 ἀποθεμένη,
3291 1783 3384 1835 καὶ
3411 1783 3512 1854 τὴν
3535 1786 3593 1837 ἐν
3615 1787 3819 1853 γνώσει
3850 1788 4011 1839 πολοο

746 1874 931 1927 hahet.
981 1873 1073 1927 [lae
1126 1882 1311 1927 autem
1365 1888 1526 1927 mane
1580 1872 1735 1936 ﬂent,
1782 1871 1891 1924 hoc
1934 1877 2020 1924 est
2064 1869 2332 1937 lacrymas

2431 1865 2617 1932 γονίαν
2658 1867 2752 1920 τοῦ
2793 1869 3107 1940 πνεύματος
3148 1873 3414 1943 διάπυρον
3464 1875 3685 1945 ἔχουσα.
3741 1872 3917 1930 Λῦται
3956 1880 4010 1931 δὲ

744 1965 1023 2035 gnostieas
1075 1962 1456 2033 profundunt,
1508 1962 1639 2017 dum
1692 1962 2015 2017 Sermonem
2074 1968 2330 2030 quaerunt

2428 1956 2756 2027 δακρύουσιν
2803 1960 3056 2032 ὄρθριαι,
3113 1965 3363 2018 τουτέστι
3425 1966 3641 2037 δάκρυα
3708 1970 4008 2037 προχέοντι

742 2058 924 2111 onmis
954 2057 1176 2111 virtutis
1207 2065 1265 2110 et
1305 2056 1636 2127 cognitionis
1670 2070 1946 2109 summum
1996 2052 2325 2123 principem.

2428 2051 2724 2116 γνωστικά,
2759 2052 3027 2122 ζητοῦσαι
3066 2055 3161 2109 τὸν
3205 2056 3390 2127 πάσης
3421 2059 3624 2129 ἀρετῆς
3653 2077 3711 2112 τε
3742 2063 3842 2113 καὶ
3870 2062 4009 2128 γνὼ-

744 2152 808 2203 l-It
850 2151 1039 2220 prima:
1066 2149 1259 2203 vident
1298 2148 1536 2218 lapidem
1570 2148 1638 2201 de
1666 2148 1833 2217 janua
1863 2143 2099 2216 sepulcri
2143 2142 2329 2197 subla-

2428 2156 2566 2204 σεως
2610 2142 2992 2213 ἀρχικώτατον
3039 2148 3234 2217 Λόγον.
3283 2152 3396 2204 Καὶ
3443 2152 3663 2223 πριῖιτον
3704 2154 3879 2222 ὁρῶσι
3922 2156 4011 2208 τὸν

742 2250 882 2306 tum,
915 2244 1021 2297 hoc
1042 2249 1128 2296 est
1151 2240 1506 2294 obscuritatis
1535 2238 1819 2293 Sermonis
1844 2253 1965 2307 qua:
1991 2234 2145 2291 cordi
2173 2234 2327 2287 incu-

2428 2229 2575 2284 λίθον
2607 2234 2672 2286 ὲκ
2697 2235 2797 2305 τῆς
2836 2236 3009 2308 θύρας
3039 2240 3280 2310 ἠρμένον
3308 2242 3403 2295 τοῦ
3438 2245 3732 2314 μνημείου,
3758 2248 4011 2299 τουτέστι

740 2337 835 2392 bal
870 2334 1313 2397 indurationem;
1345 2331 1547 2385 deinde
1594 2331 1837 2400 angelos,
1874 2329 1980 2383 hoc
2027 2336 2112 2383 est
2160 2335 2322 2380 nutu-

2428 2325 2525 2397 τὴν
2551 2326 2910 2400 ἐπικειμένην
2942 2334 3009 2402 τῇ
3050 2333 3249 2404 καρδία
3276 2334 3375 2403 τῆς
3405 2336 3675 2404 ἀσαφείας
3702 2337 3799 2390 τοῦ
3835 2340 4010 2406 Λόγου

742 2428 885 2481 rales
917 2439 1100 2479 rerum
1136 2438 1258 2493 quae
1288 2421 1563 2476 exsistunt
1594 2420 1649 2473 in
1679 2418 1873 2489 spiritu
1902 2418 2164 2481 rationes,
2195 2415 2322 2471 Ser-

2428 2415 2687 2485 πώρωσιν
2765 2417 2887 2475 εἷτα
2932 2425 3062 2489 τοὺς
3113 2426 3415 2493 ἀγγέλους,
3456 2428 3701 2479 τουτέστι
3763 2431 3892 2489 τοὺς
3954 2433 4009 2482 ἐν

739 2536 958 2573 nionem
1006 2533 1191 2572 rerum
1228 2516 1613 2570 universarum
1643 2526 1865 2567 causam
1910 2510 2073 2565 tacite
2116 2507 2321 2580 praedi-

2428 2511 2703 2582 πνεύματι
2743 2514 2857 2567 τῶν
2894 2515 3066 2569 ὄντων
3116 2520 3385 2587 φυσικοὺς
3434 2519 3651 2586 λόγους,
3696 2525 3879 2592 σιωπῇ
3910 2541 4011 2593 κη-

737 2619 948 2664 cantes.

2430 2600 2724 2671 ρύττοντας
2744 2604 2836 2658 τὸν
2866 2607 3151 2662 παναίτιον
3175 2610 3369 2679 Λόγον.

1090 2790 1213 2845 Alia
1241 2789 1295 2843 in
1325 2786 1537 2858 angelos
1571 2782 1966 2855 contemplatio.

2681 2787 2860 2840 Ἀλλο
2886 2787 3158 2860 θεώρημα
3178 2793 3265 2857 είς
3290 2793 3432 2860 τοὺς
3458 2796 3777 2865 ἀγγέλους.

814 2902 908 2958 Vel
959 2918 1130 2958 sacrae
1176 2901 1474 2970 Scriptura:
1518 2912 1802 2954 sermones
1846 2895 1941 2966 qui
1989 2904 2322 2965 apertiorem

2498 2898 2569 2949 Ἠ
2598 2898 2726 2961 τοὺς
2764 2898 2958 2966 λόγους
2987 2903 3089 2969 τῆς
3124 2904 3287 2971 ἁγίας
3334 2906 3581 2976 Γραφῆς,
3609 2912 3709 2979 τὴν
3748 2914 3881 2982 περὶ
3916 2914 4010 2966 τοῦ

739 2996 824 3051 eis
849 2996 917 3050 de
949 2994 1174 3050 Christo
1216 3002 1276 3047 ut
1307 2994 1418 3047 Deo
1448 3000 1503 3046 et
1530 2991 1771 3053 homine,
1800 2988 1855 3041 id
1899 2997 1984 3041 est
2011 2986 2081 3041 de
2112 2986 2324 3040 theolo-

2428 2989 2661 3060 Χριστοῦ
2700 2990 2777 3053 ὡς
2819 2991 2956 3045 Θεοῦ
3005 2994 3103 3045 καὶ
3149 2995 3463 3065 ἀνθρώπου,
3510 3001 3680 3069 ἧγουν
3719 3002 3820 3072 τὴν
3881 3006 4011 3073 περὶ

740 3090 826 3158 gia
860 3099 1023 3156 atque
1055 3085 1243 3140 divino
1278 3082 1675 3137 incarnationis
1708 3079 1943 3135 consilio
1982 3078 2192 3147 praebet
2235 3079 2323 3131 in-

2428 3080 2703 3149 ῡεολογίας
2733 3085 2829 3135 καὶ
2867 3086 3206 3152 οἰκονομίας,
3238 3091 3570 3161 τρανοτέραν
3610 3094 3805 3157 αὑταῖς
3846 3114 4011 3166 παρε-

740 3178 1215 3249 terpretationem.
1259 3176 1434 3231 Unum
1468 3175 1614 3227 enim
1666 3180 1857 3225 narrat
1899 3169 2183 3237 Scriptura
2224 3182 2322 3224 eas

2428 3173 2686 3241 χομένους
2742 3172 2972 3229 ἔννοιαν.
3027 3177 3163 3228 Ἕνα
3221 3178 3329 3247 γάρ
3368 3196 3534 3250 φησιν
3577 3184 3606 3235 ὁ
3644 3182 3803 3250 λόγος
3837 3186 4009 3247 αὑτὰς

739 3270 941 3323 vidisse
974 3268 1138 3337 capiti
1172 3275 1468 3329 astantem,
1512 3274 1569 3319 et
1620 3265 1853 3317 alterum
1890 3262 1957 3316 ad
1997 3262 2185 3332 pedes.
2224 3261 2321 3315 Et-

739 3360 887 3412 enim
912 3358 1007 3428 qui
1037 3356 1202 3426 capiti
1234 3364 1411 3411 astare
1442 3355 1730 3424 theologia:
1758 3368 2069 3407 sermonem
2098 3361 2323 3421 propter

738 3452 945 3506 Christi
1008 3452 1304 3513 deitatem,
1360 3448 1597 3518 pedibus
1656 3456 1836 3501 astare
1896 3445 2322 3515 dispensationis

742 3553 969 3616 propter
998 3543 1453 3604 incarnationem,
1481 3548 1535 3595 et
1556 3539 1650 3609 qui
1668 3537 1875 3593 Christi
1903 3538 2127 3608 quidem
2159 3546 2321 3607 caput

741 3636 1082 3691 divinitatem
1115 3635 1255 3705 ejus,
1301 3632 1468 3703 pedes
1498 3631 1898 3686 humanitatem
1940 3630 2059 3700 ejus
2098 3628 2317 3694 dixerit,

740 3728 788 3783 is
818 3742 849 3783 a
876 3741 1008 3782 vero
1032 3741 1143 3779 non
1166 3723 1471 3779 aberrabit.

1086 3990 1210 4045 Alia
1238 3991 1293 4043 in
1331 3987 1538 4043 eosdem
1576 3985 1968 4055 contemplatio.

810 4107 906 4164 Vel
954 4105 1208 4169 fortasse,
1255 4102 1401 4157 circa
1437 4099 1655 4171 pictatis
1693 4114 2002 4153 sermonem
2051 4098 2325 4155 motiones

741 4202 795 4256 in
824 4196 1161 4253 conscientia
1205 4193 1433 4264 angelos
1464 4206 1607 4255 esse,
1644 4197 1867 4260 propter
1898 4189 2196 4258 perfectam
2225 4206 2324 4244 ne-

739 4292 928 4362 quitiae
968 4299 1023 4345 et
1068 4286 1388 4359 ignorantiae
1418 4283 1836 4353 depositioncm,
1883 4282 2325 4337 intcllectualiter

740 4386 824 4441 eis
856 4381 1216 4453 praedicantes
1245 4376 1528 4433 Sermonis
1554 4376 1625 4428 ob
1659 4374 1959 4444 nequitiam
1989 4373 2118 4429 olim
2155 4373 2210 4427 in
2237 4374 2320 4444 ip-

740 4475 818 4530 sis
880 4470 1193 4527 utortilicati
1264 4467 1747 4523 resurrectionem.
1808 4465 1985 4534 Atque
2046 4475 2324 4535 postremo

742 4566 923 4637 ipsum
968 4562 1158 4616 vident
1203 4559 1526 4615 Sermonem
1569 4557 1717 4611 clare
1758 4555 1841 4611 eis
1884 4555 2321 4619 manifestatum,

740 4659 862 4714 sine
914 4654 1178 4728 symbolis
1240 4663 1298 4709 et
1346 4652 1715 4723 imaginibus,
1772 4659 1936 4719 atque
1992 4647 2319 4719 intelligibili

742 4747 944 4821 gaudio
972 4746 1275 4817 replentem
1313 4742 1711 4799 intellectuales
1739 4756 1928 4797 earum
1958 4756 2174 4797 sensus.

744 5026 829 5083 Ea:
860 5026 1039 5078 eodem
1072 5038 1330 5088 sermone,
1359 5022 1415 5075 in
1444 5018 1580 5075 illud
1609 5036 1627 5073 :
1659 5038 1677 5071 ι
1708 5018 1926 5074 Petrum
1949 5017 2030 5073 vel
2058 5017 2320 5073 Joannem

814 5120 1026 5173 imitare
1073 5123 1096 5151 ³
1121 5155 1137 5180 ,
1169 5114 1239 5168 ad
1276 5111 1579 5182 sepulcrum
1625 5127 1873 5183 prepara,
1911 5110 2070 5164 simul
2104 5128 2167 5164 ac
2204 5127 2321 5164 cer-

813 5208 967 5329 :latim
1011 5220 1247 5271 currens,
1285 5212 1443 5272 atque
1484 5201 1702 5255 honesta
1735 5199 2073 5255 wmulatione
2104 5210 2321 5256 conten-

851 5293 959 5328 ens.
994 5294 1011 5325 ι

851 5293 959 5328 cm.
994 5294 1011 5325 ι

814 5387 1010 5442 Petrus
1034 5382 1259 5455 quidem
1292 5391 1377 5439 est
1404 5381 1583 5437 omnis
1607 5381 1771 5436 homo
1804 5383 1899 5452 qui
1929 5381 2052 5437 ﬁdei
2080 5384 2135 5437 in
2164 5382 2322 5438 Chri-

742 5491 886 5536 stum
918 5479 1319 5532 lirmamentum
1342 5490 1441 5545 per
1462 5473 1588 5529 vita:
1617 5474 1883 5528 rationem
1915 5473 2020 5529 sibi
2046 5475 2317 5543 acquirit;

740 5573 980 5629 Joannes
1006 5585 1136 5623 vero
1176 5567 1271 5637 qui
1301 5576 1528 5638 propter
1569 5565 1796 5621 multam
1841 5564 2318 5621 mansuetudinem

807 5695 832 5724 ι
864 5683 1023 5738 Joan.
1053 5696 1142 5739 xx.
1168 5680 1229 5751 ,5.

2428 3264 2734 3330 ἑωρακέναι
2774 3266 2911 3335 πρὸς
2938 3269 3007 3337 τῇ
3043 3269 3277 3339 κεφαλῇ,
3300 3272 3395 3324 καὶ
3428 3272 3526 3325 ἕνα
3549 3274 3686 3343 πρὸς
3715 3279 3830 3338 τοῖς
3858 3278 4005 3331 ποσί.

2427 3353 2571 3421 Πρὸς
2604 3356 2671 3423 τῇ
2721 3356 2930 3427 κεφαλῇ
2967 3358 3077 3427 γὰρ
3143 3355 3287 3412 εἶναι
3322 3361 3413 3413 τὸν
3462 3363 3561 3431 τῆς
3606 3364 3889 3431 θεολογίας
3916 3366 4008 3418 λό-

2433 3461 2529 3512 γον
2580 3445 2668 3499 διά
2719 3446 2819 3517 τὴν
2872 3449 3101 3520 θεότητα
3155 3451 3251 3504 τοῦ
3303 3454 3567 3524 Χριστοῦ,
3600 3457 3739 3526 πρὸς
3792 3458 3853 3511 δὲ
3895 3462 4010 3522 τοῖς

2426 3538 2553 3591 ποσὶ
2580 3539 2669 3592 τὸν
2696 3540 2798 3610 τῆς
2828 3543 3144 3614 οἰκονομίας
3166 3544 3255 3598 διὰ
3278 3545 3377 3617 τὴν
3405 3548 3705 3616 σάρκωσιν,
3738 3551 3834 3603 καὶ
3868 3552 4007 3621 Χρι-

2422 3629 2549 3681 στοῦ
2583 3630 2682 3699 μὲν
2712 3633 2952 3706 κεφαλὴν
2984 3634 3085 3707 τὴν
3117 3635 3346 3707 θεότητα
3379 3638 3568 3707 αὐτοῦ,
3600 3642 3767 3706 πόδας
3812 3643 3872 3695 δὲ
3908 3644 4011 3715 τὴν

2419 3718 2816 3796 ἀνθρωπότητα
2843 3726 3009 3780 αὐτοῦ
3036 3727 3210 3798 λέγων
3232 3747 3316 3794 τις
3342 3730 3436 3784 τοῦ
3464 3732 3673 3796 εἰκότος
3697 3732 3799 3804 οὐχ
3823 3734 4010 3805 ἀμαρ-

2417 3812 2667 3881 τήσεται.

2698 3998 2889 4053 Ἀλλο
2926 3999 3197 4071 θεώρημα
3218 4004 3306 4069 είς
3329 4003 3470 4072 τοὺς
3495 4006 3741 4072 αὐτούς.

2500 4104 2568 4156 Ἥ
2601 4105 2763 4175 τυχὸν
2794 4107 2894 4171 τὰς
2928 4110 3071 4164 κατά
3106 4113 3410 4183 συνείδησιν
3433 4116 3562 4182 περὶ
3589 4116 3684 4169 τὸν
3716 4117 3881 4181 λόγον
3909 4120 4013 4188 τῆς

2424 4194 2708 4259 εὐσεϐείας
2761 4199 3007 4269 κινήσεις
3062 4199 3205 4255 εἶναι
3258 4202 3387 4266 τοὺς
3444 4204 3735 4273 ἀγγέλους,
3762 4206 3855 4259 διὰ
3910 4208 4015 4278 τὴν

2424 4288 2663 4355 παντελῆ
2709 4290 2808 4359 τῆς
2860 4294 3057 4356 κακίας
3122 4311 3181 4346 τε
3233 4296 3327 4348 καὶ
3372 4297 3648 4364 ἀγνωσίας
3688 4300 4013 4370 ἀποδολήν·

2425 4379 2804 4448 κηρυττούσας
2848 4383 3040 4448 αὑταῖς
3087 4388 3297 4456 νοητῶς
3340 4389 3438 4441 τοῦ
3490 4390 3623 4442 ποτὲ
3674 4390 3765 4443 διὰ
3804 4395 4015 4445 κακὶαν

2426 4470 2483 4524 ἑν
2515 4472 2707 4534 αὑταῖς
2768 4475 3141 4544 νεκρωθέντος
3164 4479 3346 4546 Λόγου
3388 4479 3490 4550 τὴν
3541 4480 3868 4537 ἀνάστασιν.
3905 4482 4016 4535 Καὶ

2428 4562 2579 4625 τέλος
2618 4564 2780 4617 αὑτὸν
2821 4566 2993 4636 ὁρῶσι
3022 4568 3115 4621 τὸν
3156 4569 3330 4638 Λόγον
3356 4572 3653 4643 διαρρήδην
3678 4574 3879 4636 αὑταῖς
3914 4576 4017 4644 ἑμ-

2428 4654 2808 4723 φανιζόμενον,
2862 4657 3147 4727 συμϐόλων
3184 4659 3307 4730 δίχα
3356 4662 3453 4715 καὶ
3496 4662 3708 4728 τύπων,
3752 4666 3849 4716 καὶ
3877 4666 4015 4735 πλη-

2427 4743 2623 4907 ροῦιῖα
2674 4748 2847 4816 χαρᾶς
2884 4748 3080 4819 (251
3106 4750 3166 4821 ὁ)
3216 4754 3412 4824 νοητῆς
3450 4754 3549 4818 τὰς
3578 4755 3773 4824 νοερᾶς
3830 4757 4014 4810 αὐτῶν

2427 4851 2540 4905 χωρ
2585 4852 2719 4901 σεις.

2424 4851 2719 4905 χωρησεις.

2436 5023 2538 5079 Ἐκ
2569 5025 2674 5079 τοῦ
2702 5027 2891 5082 αὐτοῦ
2926 5031 3138 5099 λόγου,
3180 5032 3268 5097 εις
3298 5030 3369 5085 τό
3396 5050 3410 5064 ο
3440 5016 3685 5088 «Τενοῦ
3718 5035 3947 5104 Πέτρος
3976 5037 4011 5105 ἢ

2508 5111 2789 5181 Ἰωάννης
2802 5130 2816 5145 ο
2834 5114 2934 5169 ἐπὶ
2954 5116 3059 5170 τὸν
3073 5118 3266 5187 τάφον
3278 5120 3411 5173 ἐπεί
3410 5125 3603 5190 χθητι,
3619 5125 3816 5190 artic;
3824 5126 4011 5193 ιέχων.

2494 5207 2876 5276 συντρέχων,
2936 5208 3052 5279 τὴν
3104 5210 3306 5280 καλὴν
3359 5212 3629 5281 ἅμιλλαν
3671 5215 4012 5287 ἁμιλλώμε-

2492 5312 2600 5359 νος
2622 5297 2757 5368 (55).
2799 5316 2817 5349 ι

2500 5389 2705 5459 Πέτρος
2739 5390 2839 5459 μέν
2880 5394 2996 5445 ὲστι
3027 5394 3138 5457 πᾶς
3184 5394 3469 5467 ἄνθρωπος
3493 5398 3554 5450 τὸ
3591 5399 3887 5470 στερέωμα
3916 5402 4015 5471 τῆς

2428 5478 2507 5541 είς
2535 5480 2770 5551 Χριστὸν
2802 5483 3037 5548 πίστεως
3065 5486 3205 5539 κατὰ
3248 5488 3348 5557 τὴν
3393 5490 3746 5560 ἀναστροφὴν
3771 5490 3873 5544 τοῦ
3900 5492 4014 5561 βίον

2427 5571 2809 5641 κτησάμενος·
2870 5573 3124 5645 Ἰωάννης
3172 5575 3228 5629 δὲ
3266 5578 3294 5629 ό
3332 5576 3421 5631 διὰ
3472 5579 3761 5650 πραότητα
3811 5579 4014 5651 πολλὴν

813 5798 928 5870 (55)
962 5797 1109 5853 Idem
1136 5798 1285 5865 ibid.,
1313 5812 1435 5871 cap.
1460 5796 1550 5867 24,
1575 5813 1628 5869 p.
1665 5798 1788 5865 864,
1815 5805 1946 5855 tom.
1979 5798 1999 5854 l
2028 5797 2166 5872 Opp.
2200 5800 2287 5857 ed.
2332 5800 2534 5857 Bened.
