4198 6434
233 382 358 445 ΗΒῙ

1467 377 1984 439 AMBIGUORUM
2027 380 2274 440 LIBER.

3327 388 3469 461 1582

222 495 317 547 καὶ
341 492 440 562 τὴν
471 494 534 544 ὲκ
571 489 774 561 ταύτης
819 488 1096 560 ἀκραιφνῆ
1129 487 1474 559 καθαρότητα
1523 489 1621 559 τῆς
1656 505 1793 559 καρ-

1905 498 2062 559 atque
2112 506 2302 560 puram
2350 491 2536 546 cordis
2580 492 2705 548 inde
2751 493 3122 550 sinceritatem
3168 509 3201 550 a
3241 496 3477 550 Domino

219 584 338 644 δίας
367 580 732 652 ἀγαπώμενος
762 580 840 650 τῷ
870 581 1050 651 Λόγῳ,
1086 581 1178 634 καὶ
1236 579 1325 632 διὰ
1352 579 1510 633 τοῦτο
1545 581 1669 642 τοὺς
1697 581 1798 648 τῆς

219 673 416 744 σοφίας
463 672 559 726 καὶ
599 672 698 740 τῆς
743 671 998 740 γνώσεως
1047 672 1354 740 θησαυροὺς
1387 672 1796 740 πιστευόμενος,

220 765 316 816 καὶ
352 765 419 833 τῇ
449 763 540 815 ἐπὶ
571 762 632 814 τὺ
663 761 858 830 στῆθος
893 761 1207 815 ἀναπτὼσει
1235 760 1478 831 ὲξαύτῆς
1499 759 1592 814 τοῦ
1622 761 1797 828 Λόγου

216 855 318 924 τῆς
345 854 582 924 κρυφίας
618 853 873 924 θεότητος
903 854 1003 923 τὴν
1049 853 1147 922 τῆς
1183 851 1456 920 θεολογίας
1488 853 1796 922 κομισάμε-

217 962 310 1009 νος
334 945 583 1014 δύναμιν.
633 944 1031 1014 ’Λντιτρέχουσι
1058 943 1114 996 δὲ
1157 942 1408 1012 ἀλλήλοις
1440 936 1606 1004 οὗτοι,
1639 944 1667 994 ὁ
1697 941 1797 1010 μὲν

217 1037 367 1090 κατά
394 1037 493 1106 τὴν
531 1037 787 1106 ἐνάρετον
831 1035 1032 1106 πρᾶξιν
1071 1035 1168 1106 τὴν
1198 1033 1290 1087 τοῦ
1323 1035 1511 1102 ἐτέρου
1560 1033 1796 1104 θεωρίαν

217 1127 443 1196 νικῆσαι
482 1125 825 1196 φιλονεικῶν,
871 1127 899 1178 ὁ
938 1125 994 1178 δὲ
1024 1125 1164 1178 κατά
1194 1124 1293 1195 τὴν
1328 1123 1632 1193 γνωστικὴν
1664 1123 1799 1174 θεω-

218 1218 349 1286 ρίαν
377 1215 474 1286 τὴν
498 1216 696 1286 πρᾶξιν
714 1214 808 1268 τοῦ
827 1215 986 1271 ἄλλου
1012 1217 1391 1286 παραδραμεῖν
1420 1213 1794 1283 ἐπειγόμενος.

217 1307 582 1378 Συντρέχουσι
611 1307 668 1360 δὲ
701 1307 846 1360 κατά
883 1307 981 1377 τὴν
1015 1307 1273 1378 πρόθεσιν
1309 1307 1580 1377 ἀλλήλοις,
1609 1305 1799 1358 ἑκάτε-

217 1415 315 1467 ρος
343 1397 484 1451 κατὰ
507 1397 568 1451 τὺ
603 1398 718 1450 ῐσον
763 1398 890 1468 περὶ
915 1395 978 1450 τὸ
1020 1398 1221 1450 οἰκεῖον
1264 1394 1467 1464 ἀγαθὸν
1513 1394 1799 1463 εύοδούμε-

215 1506 279 1541 νο
287 1507 331 1550 ς.

487 1669 680 1723 Ἀλλο
714 1667 984 1736 θεώρημα
1012 1668 1099 1733 εις
1131 1667 1272 1732 τοὺς
1300 1665 1540 1731 αὐτούς.

295 1781 498 1852 Πέτρος
542 1780 600 1834 δέ
641 1782 756 1834 ἐστι
806 1779 987 1845 πάλιν,
1028 1781 1121 1832 καὶ
1161 1779 1431 1849 Ἰωάννης,
1466 1776 1696 1840 ἕκαστος
1721 1776 1808 1830 ἄν.

1905 581 2181 650 diligitur,
2232 584 2430 653 cuique
2478 593 2770 653 propterea
2813 586 3056 641 thesauri
3100 587 3380 657 sapientiae
3424 597 3479 641 et

1904 669 2232 738 cognitionis
2255 682 2380 726 sunt
2403 672 2620 736 crediti,
2643 683 2700 728 et
2727 676 2820 743 qui
2845 675 2910 728 ad
2939 684 3131 744 pectus
3157 677 3478 732 reclinaudo

1903 776 1967 814 ex
2011 761 2124 830 ipsa
2159 761 2439 818 Sermonis
2479 765 2692 819 occulta
2725 765 3009 822 divinitate
3047 769 3334 839 theologia:
3367 769 3478 822 vir-

1907 861 2077 906 tutem
2100 853 2285 906 refert.
2315 854 2623 912 Occurrunt
2643 867 2825 912 autem
2853 857 2908 912 hi
2934 859 3040 913 sibi
3067 858 3321 924 invicem,
3343 861 3474 914 dum

1903 942 1993 997 hic
2026 943 2326 998 secundum
2358 947 2627 1001 actionem
2662 950 2865 1004 virtute
2912 950 3214 1005 institutam
3249 951 3476 1005 alterius

1902 1034 2417 1102 contemplationem
2472 1036 2689 1091 vincere
2743 1039 2960 1103 studet,
3028 1039 3119 1093 ille
3174 1040 3474 1094 secundum

1903 1126 2202 1194 gnosticam
2235 1128 2750 1196 contemplationem
2788 1131 3014 1186 alterius
3057 1133 3326 1185 actionem
3375 1147 3475 1185 an-

1906 1224 2176 1269 tevertcre
2222 1228 2497 1286 properat.
2528 1218 2878 1275 Concurrunt
2919 1237 3051 1276 vero
3091 1223 3196 1277 sibi
3242 1224 3474 1277 invicem

1904 1307 2205 1360 secundum
2258 1309 2710 1378 propositionem,
2757 1311 2886 1365 dum
2933 1322 3167 1382 uterque
3209 1329 3275 1367 ex
3317 1328 3477 1381 aequo

1902 1395 2050 1449 circa
2079 1396 2362 1466 proprium
2401 1397 2606 1453 bonum
2648 1399 2794 1456 felici
2843 1417 3026 1457 rerum
3062 1417 3318 1459 successu
3365 1402 3476 1457 uti-

1904 1491 2012 1540 1111⁵.

2221 1666 2405 1722 Altera
2440 1670 2496 1721 in
2535 1668 2738 1722 eosdem
2773 1669 3160 1741 contemplatio.

1978 1779 2171 1834 Petrus
2197 1797 2327 1834 vero
2353 1797 2545 1836 rursus
2574 1793 2677 1845 est,
2708 1793 2764 1838 et
2803 1785 3062 1848 Joannes,
3095 1784 3273 1841 omnis
3314 1785 3480 1841 homo

214 1873 440 1943 θρωπος
489 1870 610 1941 Θεῷ
665 1868 987 1941 πλησιάζειν
1044 1869 1366 1938 ἠξιωμένος,
1423 1868 1516 1920 καὶ
1575 1867 1636 1918 τὸ
1700 1865 1799 1935 μὲν

1905 1869 1994 1938 qui
2028 1869 2140 1923 Deo
2167 1871 2611 1941 appropinquare
2658 1876 2880 1939 meruit,
2923 1876 3130 1946 quique
3175 1879 3478 1946 practicum

214 1961 527 2034 πρακτικὸν
553 1963 654 2033 τῆς
675 1961 856 2032 ψυχῆς
876 1957 987 2014 οἷόν
1015 1977 1139 2014 τινα
1171 1960 1398 2030 Πέτρον,
1415 1959 1478 2011 τὸ
1505 1958 1562 2010 δὲ
1595 1957 1802 2028 θεωρη-

213 2059 370 2108 τικὸν
394 2047 505 2107 οἷόν
521 2071 643 2108 τινα
695 2053 967 2124 Ἰωάννην,
1013 2051 1263 2123 ἀλλήλοις
1311 2052 1457 2120 κατά
1506 2050 1598 2104 τὸν
1645 2049 1803 2118 λόγον

213 2147 362 2215 ἔχων
391 2145 774 2218 συντρέχοντα,
798 2145 921 2215 δίχα
949 2145 1052 2214 τῆς
1085 2144 1315 2215 θατέρου
1356 2144 1494 2215 πρὸς
1528 2142 1590 2196 τὸ
1616 2143 1802 2212 ἕτερον

212 2235 531 2306 ὑπερϐολῆς
597 2235 693 2289 καὶ
765 2235 1099 2305 ἐλλείψεωςο
1160 2234 1256 2288 καὶ
1319 2233 1484 2288 πάλιν
1550 2231 1804 2302 ἀλλήλοις

212 2326 364 2380 κατά
411 2326 510 2398 τὴν
551 2325 810 2398 πρόθεσιν
851 2326 1237 2397 άντιτρέχοντα
1286 2323 1365 2395 τῷ
1414 2323 1545 2395 περὶ
1610 2322 1800 2377 ἑκάτε-

217 2435 316 2487 ρον
364 2417 520 2488 ἄκρῳ
577 2416 1060 2490 παραδραμεῖσθαι
1122 2415 1348 2487 θάτερον
1408 2415 1514 2469 ὑπὸ
1567 2415 1796 2485 θατέρου

211 2509 520 2581 νομίζεται.

223 2688 332 2742 Ἐκ
363 2685 473 2741 τοῦ
513 2686 722 2751 αὐτοῦ,
768 2687 857 2752 εις
908 2685 1007 2738 τό·
1040 2685 1206 2740 ιΚᾶν
1251 2685 1333 2750 ὡς
1383 2681 1586 2753 Θωμᾶς
1650 2683 1798 2737 ἀπο-

289 2777 542 2847 λειφθεῖς
608 2776 728 2831 τῶν
768 2774 1051 2846 μαθητῶν
1101 2773 1190 2842 οἷς
1245 2773 1500 2844 Χριστὸς
1555 2775 1802 2844 ἐμφανι-

292 2869 464 2934 ζέται,
543 2869 691 2921 ὅταν
765 2868 902 2936 Ζδῃς
933 2909 948 2933 ,
1033 2865 1120 2936 μὴ
1217 2863 1583 2932 ἀπιστήσῃς.
1673 2863 1801 2918 Κᾶν

289 2958 658 3026 ἀπιστήσῃς,
717 2957 844 3022 τοῖς
891 2956 1144 3028 λέγουσι
1200 2958 1556 3010 πίστευσον.
1615 2958 1682 3008 Et
1733 2953 1802 3007 δὲ

287 3051 374 3120 μὴ
436 3051 691 3115 τούτοις,
742 3051 868 3116 τοῖς
925 3049 1140 3114 τύποις
1189 3046 1310 3102 τῶν
1366 3047 1536 3114 ἥλων
1583 3045 1804 3099 πιστώ-

292 3147 422 3212 οητι
447 3142 581 3213 (54).
611 3161 630 3194 ι

1904 1957 2098 2012 anima:
2145 1960 2387 2014 studium
2435 1961 2502 2015 ad
2552 1963 2699 2017 Petri
2753 1963 2957 2028 instar;
2995 1967 3478 2036 contemplativum

1903 2063 2035 2102 vero
2060 2048 2126 2103 ad
2152 2049 2377 2106 Joannis
2407 2053 2601 2117 instar,
2636 2054 2866 2108 invicem
2892 2055 2997 2110 sibi
3026 2059 3326 2112 secundum
3359 2074 3478 2113 ser-

1904 2154 2122 2194 monem
2177 2144 2559 2197 concurrentia
2610 2145 2811 2210 habet,
2880 2148 3032 2201 nullo
3085 2148 3312 2203 alterius
3367 2165 3482 2219 prae

1903 2227 2076 2283 altero
2112 2244 2340 2286 excessu
2387 2241 2482 2286 aut
2533 2232 2772 2289 defectu.
2819 2236 2998 2305 Atque
3044 2253 3236 2292 rursus
3287 2238 3480 2294 eadem

1903 2319 2010 2374 sibi
2046 2320 2280 2375 invicem
2327 2323 2629 2377 secundum
2665 2326 3094 2393 propositionem
3133 2330 3480 2383 occurrentia

1904 2411 2229 2477 creduntur,
2269 2429 2392 2470 cum
2438 2425 2666 2486 uterque
2703 2427 2996 2488 utrumque
3028 2433 3126 2474 sua
3167 2429 3482 2474 antevertat

1903 2505 2244 2560 excellentia.

1905 2683 1990 2739 Ex
2019 2684 2217 2748 eodem,
2253 2684 2305 2737 iu
2333 2683 2470 2737 illud
2492 2699 2509 2737 :.
2541 2703 2558 2733 ι
2588 2682 2738 2749 Quod
2767 2688 2812 2739 si
2842 2687 3048 2740 leontm
3078 2689 3248 2742 instar
3274 2706 3308 2743 α
3347 2697 3480 2742 centu

1974 2776 2370 2846 discipulorum,
2406 2777 2587 2838 quibus
2633 2781 2882 2846 imparuit
2929 2778 3188 2843 Christus,
3225 2780 3477 2849 σόβει-ξε,

1977 2877 2319 2937 posteaquam
2349 2867 2535 2920 uideris
2592 2883 2656 2919 ue
2697 2869 2772 2920 rei
2801 2867 2956 2934 ﬁdem
2989 2869 3225 2938 abroges.
3257 2868 3409 2934 Quod
3433 2869 3481 2924 si

1977 2954 2032 3006 id
2059 2953 2149 3006 tibi
2176 2953 2332 3020 ﬁdem
2374 2971 2478 3006 non
2525 2955 2671 3022 facit,
2704 2957 3046 3010 narrantibus
3070 2958 3261 3011 saltem
3303 2961 3475 3011 crede.

1974 3044 2031 3100 Si
2060 3062 2125 3098 ue
2164 3047 2243 3098 his
2278 3047 2507 3116 quidem,
2539 3057 2593 3099 at
2634 3058 2770 3101 certe
2818 3048 3087 3103 durarunt
3118 3053 3479 3122 impressioui-

1975 3138 2066 3191 bus
2090 3138 2249 3206 [idem
2275 3139 2406 3192 habe
2438 3141 2479 3192 ι.
2523 3159 2540 3189 ι

291 3254 492 3325 Θωμᾶς
539 3251 902 3326 ἑρμηνεύεται
951 3249 1220 3320 δίδυμος,
1273 3249 1302 3303 ὅ
1340 3249 1455 3302 ἐστι
1504 3245 1801 3316 δισταγμὸς

1973 3251 2211 3306 Thomas
2256 3252 2559 3320 explicatur
2602 3254 2858 3323 geminus,
2894 3254 3040 3323 quod
3092 3263 3176 3309 est
3207 3255 3479 3313 dubitatio

215 3349 252 3420 ἤ
278 3347 548 3412 διστάζων
576 3350 689 3412 τοῖς
723 3348 1026 3416 λογισμοῖς,
1056 3345 1151 3399 καὶ
1193 3343 1284 3398 διὰ
1310 3343 1468 3398 τοῦτο
1501 3344 1670 3414 χωρὶς
1703 3342 1802 3411 τῆς

216 3440 330 3495 τῶν
360 3441 548 3493 τύπων
593 3441 703 3493 τῶν
751 3439 899 3510 ἥλων
936 3437 1306 3508 ψηλαφήσεως
1342 3435 1478 3507 μηδὲ
1529 3432 1802 3486 πιστεύων

217 3533 504 3602 γεγονέναι
533 3530 626 3584 τοῦ
654 3531 828 3598 Λόγου
856 3530 953 3600 τὴν
984 3529 1301 3583 ἀνάστασιν.
1335 3527 1534 3596 θωμᾶς
1563 3521 1656 3580 οὖν
1686 3527 1802 3578 ὲστι

219 3629 332 3690 πᾶς
362 3623 706 3686 διστακτικὸς
756 3621 1041 3692 ἄνθρωπος
1084 3621 1184 3691 τὴν
1212 3619 1304 3673 τοῦ
1346 3620 1406 3673 ὲν
1447 3618 1595 3689 αύτῷ
1628 3617 1802 3685 Λόγου

217 3720 324 3790 τῆς
354 3718 556 3790 ἀρετῆς
626 3715 721 3769 καὶ⁹
769 3715 870 3787 τῆς
907 3712 1161 3783 γνώσεως
1204 3711 1388 3782 (252
1435 3711 1489 3782 a)
1557 3710 1802 3779 γίνεσθαι

217 3813 501 3875 δυσκόλως
556 3807 828 3863 πιστεύων
884 3807 1216 3870 ἀνάστασιν,
1283 3807 1466 3858 ὅντινα
1525 3803 1687 3872 μόνον
1747 3803 1803 3854 αἱ

224 3903 441 3974 μνῆμαι
493 3901 600 3954 τῶν
647 3898 1059 3971 προγεγονότων
1107 3895 1539 3967 ἁμαρτημάτων,
1580 3893 1805 3957 ἀπαθῶς

219 3991 568 4062 τυπούμεναι
614 3989 758 4044 κατά
805 3987 1064 4052 διάνοιαν,
1121 3984 1368 4038 πείθουσι
1420 3984 1514 4036 τοῦ
1559 3984 1616 4036 ἐν
1655 3982 1806 4053 αύτῷ

222 4084 377 4138 θείου
411 4083 585 4150 Λόγου
623 4081 882 4147 δέξασθαι
931 4079 1030 4150 τὴν
1060 4078 1380 4142 ἀνάστασιν,
1419 4077 1515 4130 καὶ
1541 4073 1808 4145 ὁμολογῆ-

224 4195 323 4231 σαι
367 4176 526 4228 αὑτὸν
588 4173 793 4244 Κύριον
841 4171 938 4225 καὶ
985 4171 1118 4224 Θεόν
1149 4186 1163 4200 ·
1192 4170 1395 4241 Κύριον
1440 4169 1539 4239 μὲν
1584 4167 1660 4230 ὡς
1705 4167 1807 4236 τῆς

223 4268 378 4324 κατά
406 4268 605 4339 πρᾶξιν
647 4266 985 4335 τελειότητος
1015 4262 1334 4334 νομοθέτην,
1364 4261 1496 4314 Θεὸν
1518 4261 1574 4314 δὲ
1603 4261 1678 4323 ὡς
1706 4259 1809 4330 τῆς

222 4361 370 4412 κατά
390 4359 490 4429 τὴν
510 4359 740 4430 θεωρίαν
766 4356 1062 4420 παντελοῦς
1091 4355 1476 4426 μυσταγωγίας
1501 4353 1806 4423 ὑφηγητήν.

241 4451 300 4504 ’Δ
316 4449 488 4518 παθὴς
539 4449 596 4502 δὲ
639 4451 830 4520 μνήμη
870 4447 986 4501 ἐστὶ
1033 4446 1143 4500 τῶν
1187 4446 1681 4518 προγεγενημένων
1717 4443 1810 4495 τύ-

1901 3344 1987 3398 vel
2019 3343 2277 3398 dubitans
2306 3352 2507 3407 mente,
2539 3355 2594 3397 et
2628 3353 2914 3414 propterea
2945 3346 3219 3398 clavorum
3249 3347 3479 3416 impres-

1903 3435 2152 3489 siouihus
2186 3451 2294 3488 non
2331 3436 2684 3489 contrectatis
2714 3452 2816 3490 nec
2859 3438 3225 3492 resurrexisse
3261 3437 3480 3493 Sermo-

1901 3543 2028 3582 nem
2062 3528 2312 3582 credens.
2365 3528 2602 3582 Thomas
2645 3528 2813 3598 igitur
2860 3540 2946 3585 est
2989 3531 3168 3584 omnis
3211 3531 3376 3585 homo
3422 3532 3477 3585 in

1901 3618 2300 3674 dubitationem
2335 3619 2593 3688 proclivis
2622 3620 2716 3688 qui
2755 3619 3035 3674 Sermonis
3063 3622 3281 3674 virtutis
3314 3631 3479 3690 atque

1903 3709 2233 3780 cognitionis
2273 3725 2434 3778 quem
2488 3711 2542 3764 in
2594 3711 2890 3780 semetipso
2938 3711 3100 3765 habet
3147 3713 3288 3766 haud
3320 3714 3480 3766 l'aciie

1903 3799 2081 3855 credit
2117 3799 2358 3854 futuram
2401 3815 2522 3854 esse
2569 3801 3050 3863 resurrectionem,
3087 3803 3174 3855 cui
3223 3812 3478 3870 peccato-

1906 3908 2027 3947 rum
2051 3893 2226 3948 solum
2253 3900 2411 3947 antea
2436 3892 2702 3947 factorum
2733 3901 3104 3954 monumenta,
3134 3896 3250 3947 sine
3279 3894 3479 3948 aﬂ'eetu

1907 3981 1962 4036 in
2014 3991 2196 4036 mente
2241 3982 2526 4050 impressa,
2560 3981 2730 4035 divini
2767 3982 2821 4034 in
2861 3982 3155 4050 semetipso
3200 3983 3481 4036 Sermonis

1905 4075 2381 4128 resuscitationem
2412 4073 2650 4128 futuram
2679 4089 2798 4127 esse
2825 4073 3154 4142 persuadent
3185 4084 3244 4126 ut
3269 4073 3480 4139 credat,

1907 4175 2072 4238 atque
2119 4177 2177 4221 ut
2227 4181 2352 4220 eum
2401 4166 2693 4220 Dominum
2742 4180 2804 4219 ac
2849 4166 3017 4219 Deum
3065 4182 3186 4218 esse
3215 4166 3480 4234 accipiat;

1907 4259 2199 4314 Dominum
2233 4257 2455 4326 quidem
2488 4265 2548 4310 ut
2575 4257 2848 4326 praeﬁcae,
2879 4272 3041 4326 quam
3069 4256 3326 4320 dicimus,
3354 4273 3483 4325 per-

1910 4351 2164 4406 fectionis
2207 4348 2597 4419 legislatorem,
2642 4348 2812 4401 Deum
2860 4362 2992 4400 vero
3045 4356 3104 4400 ut
3149 4348 3486 4416 contempla.

1913 4444 2036 4496 εἰναι
2069 4456 2132 4495 ac
2173 4441 2344 4508 plenae
2378 4438 2700 4492 initiationis
2741 4437 3114 4491 deductorem.
3167 4438 3487 4490 Monunu-n-

229 4555 416 4600 πωσις
443 4540 476 4608 ἡ
507 4539 678 4608 χωρὶς
722 4537 917 4608 ἡδονῆς
959 4536 1056 4591 καὶ
1084 4535 1261 4606 λύπης
1305 4535 1434 4606 περὶ
1471 4533 1671 4605 πρᾶξιν
1718 4532 1809 4585 καὶ

1915 4541 2028 4585 tum
2057 4545 2189 4585 vero
2211 4529 2408 4583 all‘ectu
2437 4542 2632 4582 carens
2651 4537 2736 4580 est
2758 4536 2883 4580 ante
2908 4525 3172 4579 factorum
3200 4525 3486 4594 illlpl‘t9>5l0

225 4632 410 4697 Λόγον
433 4628 756 4701 ἐγγινομένη
789 4631 854 4700 τῇ
899 4629 1043 4700 ψυχῇ
1086 4629 1216 4699 περὶ
1256 4626 1363 4680 τῶν
1395 4626 1538 4679 ίδίων
1566 4626 1742 4696 ἔργων
1774 4625 1806 4696 ἢ

225 4721 526 4790 νοημάτων
547 4720 860 4788 διάγνωσις,
887 4719 1112 4786 τύπους,
1136 4717 1251 4770 ἀλλ’
1280 4717 1340 4771 οὐ
1364 4716 1590 4788 τρήσεις
1614 4716 1810 4786 ἔχουσα

227 4811 344 4867 τῶν
360 4813 691 4883 τραυμάτων
736 4810 824 4865 διὰ
840 4810 935 4883 τὴν
967 4808 1332 4880 ἐγγενομένην
1379 4808 1648 4863 ἀπάθειαν
1686 4825 1811 4861 συν-

228 4904 608 4960 ουλωθέντων.

599 5177 779 5231 Ἀλλο
799 5174 1066 5245 θεώρημα
1085 5179 1175 5241 εις
1206 5175 1272 5228 τὸ
1297 5173 1463 5227 αὐτό.

317 5292 388 5346 Ἦ
444 5277 617 5346 πάλινί
649 5285 770 5363 ἧλοι
798 5289 1155 5360 τυγχάνουσιν
1188 5290 1236 5342 οἱ
1275 5288 1416 5342 κατά
1444 5288 1541 5358 τὴν
1584 5306 1808 5360 πρακτιο

232 5383 349 5455 κήν
376 5380 696 5451 φιλοσοφίαν
736 5380 926 5451 τρόποι
967 5378 1076 5432 τῶν
1122 5377 1355 5450 ἀρετῶν,
1391 5377 1822 5449 προσηλωμένην

238 5473 391 5548 μετά
421 5472 586 5528 πόνου
634 5471 713 5543 τῷ
752 5470 883 5541 θείῳ
932 5470 1084 5542 φόϐῳ
1127 5469 1458 5542 κρατοῦντες
1500 5469 1601 5539 τῆς
1643 5468 1822 5540 ψυχῆς

321 5633 344 5672 ι
371 5632 530 5689 Joan.
553 5646 644 5697 xx,
672 5629 743 5687 25
765 5645 850 5701 sq.

1914 4622 2060 4693 quod
2107 4620 2278 4674 menti
2315 4620 2434 4674 sine
2479 4617 2760 4687 voluptate
2793 4632 2857 4672 ac
2894 4615 3084 4670 dolore
3122 4617 3268 4668 circa
3314 4616 3488 4670 aetio—

1913 4727 2038 4766 nem
2069 4718 2126 4765 et
2154 4709 2471 4764 Sermonem
2497 4705 3061 4776 insidetpropriorum
3094 4705 3359 4758 factorum
3393 4712 3488 4756 aut

1915 4807 2274 4876 cogitatorum
2301 4804 2594 4875 judicium,
2626 4800 3033 4872 impressiones,
3057 4809 3113 4854 at
3151 4815 3259 4852 non
3306 4798 3489 4869 perfo-

1918 4899 2159 4953 rationcs
2192 4897 2479 4950 vulnerum
2529 4894 2756 4956 habens,
2787 4907 2908 4961 quae
2940 4899 3167 4960 propter
3193 4889 3489 4945 affectuum

1919 4989 2217 5044 absentiam
2255 4989 2308 5041 in
2339 4985 2622 5041 cicatrices
2649 4985 2953 5039 coiverunt.

2307 5167 2427 5221 Alia
2458 5168 2511 5220 in
2540 5168 2677 5219 idem
2703 5165 3096 5236 contentplatio.

1993 5286 2090 5340 Vel
2132 5298 2324 5338 rursus
2357 5281 2496 5336 clavi
2535 5288 2664 5335 sunt
2694 5280 2962 5334 virtutum
3013 5279 3317 5334 secundum
3364 5295 3492 5349 pra-

1922 5378 2118 5434 cticam
2178 5372 2584 5444 philosophiam
2642 5371 2814 5435 modi,
2861 5371 3058 5424 anima:
3109 5370 3368 5424 all‘ectum
3429 5371 3498 5426 ti-

1924 5469 2096 5526 moris
2147 5466 2242 5521 Dei
2285 5465 2459 5521 elavis
2520 5463 2739 5519 aﬂixum
2804 5478 2928 5518 cum
2984 5463 3174 5518 labore
3221 5471 3494 5528 tenentes,

319 5770 439 5844 (54)
462 5769 610 5830 Idem
631 5769 782 5836 ibid.,
805 5782 924 5838 cap.
953 5765 1043 5832 Si,
1075 5781 1128 5835 p.
1165 5764 1287 5829 864,
1325 5772 1455 5816 tom.
1484 5759 1504 5815 1
1529 5759 1666 5830 Opp.
1699 5759 1787 5815 ed.
1831 5757 2031 5815 Bened.
