4198 6434
777 401 912 466 1383

1935 396 1997 456 S.
2032 395 2318 457 ΜΛΧῙΜῙ
2359 395 2866 460 CONFESSORIS

3898 398 4032 463 138i

773 527 914 582 quos
947 509 1284 584 cognitionis
1309 506 1552 564 rationes
1578 504 1719 563 nulli
1746 505 1992 577 passioni
2017 505 2270 560 obnoxias
2289 514 2346 560 et

2452 508 2546 578 τὴν
2573 507 2835 575 διάθεσιν,
2864 507 2959 573 οὓς
3002 509 3053 562 0i
3081 509 3317 575 ἀπαθεῖς
3352 512 3448 566 καὶ
3481 511 3646 567 ἀπλοῖ
3676 513 3770 567 καὶ
3804 514 4034 584 ἄρρητοι

771 605 1056 672 simplices
1083 612 1139 656 et
1169 600 1477 656 inell‘abiles
1499 599 1784 668 excipiunt
1819 605 1986 667 atque
2021 596 2194 651 divini
2219 595 2349 650 Ser-

772 697 954 749 monis
1001 694 1306 748 sccundum
1353 692 1548 747 anima:
1585 689 1992 746 deilieationem
2035 703 2157 758 qua:
2213 687 2347 742 huic

775 785 1005 855 contigit
1029 783 1495 838 resurrectionem
1519 781 1840 851 lpropalant,
1895 789 1952 834 et
1992 778 2100 833 ﬁde
2149 777 2344 833 testiﬁ-

773 889 954 932 catum
973 876 1305 931 denuntiant
1330 875 1498 928 divini
1525 871 1683 942 quasi
1714 871 1937 926 habitus
1960 878 2162 924 statum
2191 869 2344 922 illurn

772 969 1044 1039 passionis
1073 976 1356 1037 expertem
1385 980 1580 1033 :quaut
1620 964 1714 1032 qui
1750 977 1857 1015 non
1894 976 2086 1030 passus
2110 967 2216 1024 est,
2246 973 2350 1012 nec

771 1060 866 1112 alii
897 1075 1135 1128 unquam
1162 1057 1231 1110 de
1249 1073 1311 1109 ea
1343 1054 1587 1108 narranti
1605 1052 1922 1114 crediderit,
1955 1050 2034 1103 uti
2065 1065 2168 1105 nec
2197 1049 2347 1103 Tho-

775 1163 892 1202 mas
949 1149 1215 1217 apostolis
1284 1147 1425 1199 ltanc
1482 1145 1946 1200 resurrectionem
1997 1143 2174 1211 passis
2221 1156 2347 1194 cum

775 1249 1064 1294 narrarent
1089 1241 1272 1293 serius
1296 1237 1534 1294 credidit
1555 1253 1718 1307 quam
1755 1234 2014 1306 patiendo
2050 1248 2172 1288 eam
2231 1232 2349 1302 ipse

774 1341 920 1384 esset
952 1340 1236 1401 expertus.

776 1513 860 1566 Ex
883 1515 1060 1566 eodem
1085 1529 1349 1577 sermone,
1379 1514 1433 1566 in
1481 1513 1647 1566 illud:
1700 1530 1718 1563 ι
1748 1511 1808 1566 Si
1850 1513 1905 1566 in
1957 1511 2221 1581 infernum
2252 1511 2344 1563 de-

848 1605 1104 1668 scendat,
1159 1605 1320 1657 simul
1361 1604 1627 1656 descende.
1694 1602 1773 1657 Ea
1839 1596 2046 1673 quoque
2096 1602 2345 1672 mysteria

845 1713 1156 1766 cognoscere
1181 1710 1298 1766 qum
1319 1694 1460 1749 Deus
1495 1694 1605 1748 illic
1627 1694 1941 1766 designavit,
1974 1711 2091 1764 qtta:
2123 1692 2344 1763 duplicis

844 1792 1121 1843 descensus
1155 1789 1220 1840 sit
1251 1787 1407 1840 ratio.
1437 1805 1456 1837 ι

845 1901 1160 1974 Spiritualis
1216 1902 1383 1956 homo
1441 1899 1649 1971 ubique
1701 1899 2024 1955 inviolatum
2076 1898 2344 1953 exsistere
2382 1907 2422 1963 [ι

775 1996 872 2050 Dei
903 1995 1228 2073 Sermonem
1266 1993 1460 2047 videns
1521 2008 1618 2063 per
1662 1991 2184 2060 contemplationem
2222 2005 2348 2044 eum

774 2086 1046 2155 sequitur,
1073 2084 1433 2154 providentia:
1461 2082 1789 2136 universalis
1827 2097 1952 2135 cum
1989 2081 2348 2150 intelligentia

775 2179 1088 2248 percipiens
1125 2187 1323 2231 artem.
1354 2176 1446 2231 Sic
1472 2177 1640 2230 etiam
1688 2175 1743 2229 in
1779 2175 2056 2229 infernum
2115 2173 2348 2229 descen-

773 2269 925 2323 denti
965 2268 1216 2323 Sermoni
1240 2281 1426 2322 eomes
1447 2275 1553 2331 est,
1583 2281 1694 2320 non
1722 2265 1851 2319 mali
1873 2281 2036 2319 causa
2065 2263 2340 2328 videlicet,

775 2360 871 2414 sed
893 2361 960 2414 ad
991 2359 1433 2429 investigandum
1464 2368 1520 2413 et
1559 2357 1883 2412 discendum
1913 2357 2010 2412 Dei
2045 2358 2112 2411 ad
2141 2357 2346 2411 inferos

775 2453 1074 2508 descensus
1097 2452 1444 2522 mysterium,
1468 2457 1525 2505 et
1565 2448 1634 2504 ad
1683 2449 2119 2520 cognoscendam
2153 2462 2347 2503 eorunt

779 2557 902 2611 qua:
945 2542 1058 2596 illic
1108 2542 1240 2596 ﬁant
1269 2549 1437 2612 atque
1469 2539 1830 2612 perﬁciantur
1853 2538 2232 2596 admirandam
2259 2555 2349 2593 ra-

779 2632 1004 2688 tionem.

1159 2815 1283 2872 Alia
1306 2817 1359 2870 in
1385 2817 1522 2870 idem
1566 2815 1958 2886 contemplatio.

849 2929 945 2986 Vel
983 2943 1199 2991 rursus,
1252 2943 1380 2982 cum
1418 2927 1696 2983 infernum
1723 2944 1884 2983 omne
1930 2936 2212 2998 peceatum
2256 2926 2346 2991 sit,

779 3021 926 3091 quod
953 3020 1300 3075 tenebrosam
1333 3028 1391 3073 et
1416 3018 1719 3075 deformem
1777 3028 1833 3072 et
1856 3020 2125 3089 perditam
2160 3019 2350 3073 reddat

2451 598 2548 667 τῆς
2599 597 2856 666 γνώσεως
2902 598 3274 670 διαδεξάμενοι
3316 601 3465 671 λόγοι
3509 604 3832 672 διαπρύσιον
3871 601 4034 670 {latim

2449 691 2551 762 τὴν
2579 693 2720 746 κατά
2745 691 2844 764 τὴν
2873 692 3070 746 θέωσιν
3091 694 3193 765 τῆς
3221 694 3400 766 ψυχῆς
3419 697 3721 766 γινομένην
3760 698 3903 764 αὖτῇ
3942 695 4033 747 τοῦ

2448 782 2593 835 θείου
2625 783 2798 852 Λόγου
2838 784 3155 849 ἀνάστασιν,
3206 787 3416 850 πιστῶς
3465 787 3855 858 μαρτυροῦσαν
3903 803 4036 855 προσ

2449 873 2758 939 δεικνύντες
2801 879 2902 947 τῆς
2941 875 3214 940 θεοειδοὺς
3249 877 3416 943 ἕξεως
3456 880 3558 949 τὴν
3602 879 3911 933 ἀπάθειαν·
3971 881 4035 948 ἦν

2449 966 2479 1018 ό
2506 965 2581 1037 μὴ
2609 965 2800 1019 παθὼν
2824 968 2934 1020 οὐδ’
2965 967 3112 1039 ἄλλῳ
3140 969 3272 1022 ποτὲ
3301 970 3671 1040 ἀφηγουμένῳ
3700 972 3829 1039 περὶ
3862 969 4033 1036 αὑτῆς

2455 1057 2819 1123 πιστεύσειεν,
2855 1057 3044 1132 ὥσπερ
3072 1060 3193 1114 οὑδὲ
3220 1061 3420 1131 Θωμᾶς
3447 1061 3654 1130 ταύτην
3677 1061 3915 1115 παθοῦσι
3941 1062 4037 1130 τὴν

2455 1149 2752 1204 ἀνάστασιν
2791 1153 2904 1214 τοῖς
2949 1152 3267 1216 ἀποστόλοις
3311 1154 3418 1224 πρὸ
3445 1153 3544 1224 τῆς
3587 1153 3677 1207 διὰ
3713 1153 3810 1206 τοῦ
3843 1153 4038 1205 παθεῖν

2456 1240 2654 1312 πείρας
2681 1241 2968 1295 ἐπίστευσε
2995 1242 3267 1312 λέγουσιν.

2465 1513 2568 1566 Ἐκ
2613 1509 2720 1562 τοῦ
2768 1508 2956 1562 αὐτοῦ
2989 1509 3197 1576 λόγου,
3241 1511 3332 1576 εἰς
3381 1511 3468 1563 τό·
3532 1528 3552 1562 ι
3593 1514 3695 1565 Ἂν
3753 1517 3842 1576 εὶς
3891 1512 4036 1578 ᾇιθιυ

2524 1601 2720 1667 κατίῃ,
2779 1600 3176 1668 συγκὰτελθε.
3236 1600 3431 1653 Γνῶθι
3487 1602 3581 1654 καὶ
3637 1604 3708 1657 τὰ
3763 1605 3892 1656 ἐκεῖ
3935 1605 4036 1656 τοῦ

2528 1691 2676 1745 Θεοῦ
2708 1692 3015 1760 μυστήρια
3054 1692 3147 1758 τις
3187 1693 3222 1746 ὁ
3245 1694 3430 1761 λόγος
3472 1693 3578 1761 τῆς
3605 1695 3833 1764 διπλῆς
3866 1713 4038 1748 κατα-

2523 1781 2754 1848 ϐάσεως
2780 1782 2916 1854 (55).
2955 1800 2975 1834 ι

2533 1897 2591 1952 '0
2640 1897 3013 1969 πνευματικὸς
3062 1898 3352 1970 ἄνθρωπος
3407 1901 3687 1972 πανταχοῦ
3747 1901 4036 1970 γινώσκων

2455 1987 2739 2060 ἀκράντως
2784 1988 3049 2060 ὑπάρχειν
3093 1989 3186 2043 τὸν
3229 1990 3327 2044 τοὺ
3358 1990 3494 2046 Θεοῦ
3525 1993 3700 2062 Λόγον
3732 1994 3934 2048 ἕπεται
3953 1995 4037 2047 διὰ

2445 2079 2692 2157 ¹θεωρίας
2735 2078 2904 2150 αὑτῷ,
2947 2079 3047 2150 τῆς
3075 2081 3169 2133 ἐπὶ
3229 2081 3406 2136 πάντα
3438 2084 3693 2152 προνοίας
3730 2085 3875 2154 μετά
3915 2100 4036 2137 συν-

2455 2169 2628 2232 έσεως
2676 2170 2778 2239 τὴν
2834 2171 3148 2242 ἐπιστήμην
3203 2172 3556 2243 δρεπόμενος.
3608 2173 3771 2228 Οὑτω
3827 2175 3925 2228 καὶ
3962 2179 4036 2240 εἰς

2454 2260 2582 2332 ᾅδου
2628 2263 3014 2334 κατερχομένῳ
3064 2263 3144 2334 τῷ
3198 2263 3342 2336 λόγῳ
3385 2268 3757 2334 συγκάτεισιν,
3806 2269 3911 2321 οὑκ
3949 2271 4038 2321 ἐπὶ

2444 2351 2602 2421 κακῷ
2647 2351 2829 2421 δῆλον,
2873 2353 2990 2406 ἀλλ’
3017 2355 3111 2408 ἐπὶ
3148 2354 3230 2425 τῷ
3261 2357 3553 2426 ἐρευνῆσαι
3598 2358 3696 2411 καὶ
3747 2359 3944 2429 μαθεῖν
3978 2359 4038 2411 τὺ

2451 2446 2754 2516 μυστήριον
2799 2448 2898 2517 τῆς
2923 2449 3003 2509 εἰς
3043 2449 3136 2502 τδν
3176 2449 3309 2520 ᾅδην
3339 2449 3434 2502 τοῦ
3479 2450 3618 2504 Θεοῦ
3657 2454 4035 2516 καταϐάσεως,

2450 2539 2543 2590 καὶ
2571 2539 2681 2590 τῶν
2713 2542 2892 2592 ἐκεῖσε
2924 2543 3227 2612 γινομένων
3253 2560 3312 2596 τε
3356 2546 3450 2598 καὶ
3485 2546 3924 2617 ἐπιτελουμένων
3947 2546 4036 2598 τδν

2452 2627 2710 2698 ὑπερφυᾶ
2743 2629 3061 2701 διδαχθῆναι
3096 2631 3274 2700 λόγον.

2845 2811 2873 2864 ι)
2895 2817 2915 2881 >
2959 2811 3147 2866 '.\.l.lo
3180 2811 3446 2883 θεώρημα
3469 2815 3556 2881 εἷς
3583 2814 3648 2867 τὸ
3677 2818 3848 2870 αὐτό.

2537 2926 2608 2978 Ἥ
2641 2925 2826 2989 πάλιν,
2861 2926 3049 2995 ἐπειδὴ
3077 2927 3209 2997 ᾅδης
3239 2927 3356 2980 ἐστὶ
3402 2931 3548 2982 πᾶσα
3581 2931 3850 3001 ἁμαρτία,
3875 2933 4037 3003 ζοφε-

2462 3017 2559 3087 ράν
2608 3018 2702 3070 καὶ
2758 3017 2912 3085 ἀειδῆ
2975 3019 3071 3070 καὶ
3120 3018 3526 3090 διεφθαρμένην
3577 3021 3677 3092 τὴν
3722 3023 3814 3075 ὑπ’
3867 3025 4034 3093 αὑτῆς

777 3113 1018 3166 animam
1045 3111 1113 3165 ab
1137 3111 1257 3181 ipso
1283 3109 1585 3175 obsessam,
1613 3115 1659 3165 is
1683 3111 1775 3180 qui
1808 3110 1876 3164 de
1897 3111 2189 3165 all‘eetibus
2231 3112 2346 3164 dis-

2452 3109 2825 3179 κρατουμένην
2868 3108 3294 3177 ἀπεργαζομένη
3339 3110 3536 3180 ψυχὴν,
3583 3111 3613 3162 ὁ
3666 3117 3794 3181 περὶ
3845 3115 4036 3167 παθών

778 3210 935 3272 putat
987 3201 1308 3255 Sermonem
1329 3199 1595 3255 doctrina:
1623 3200 1678 3252 in
1706 3199 1979 3253 infernum
2011 3201 2350 3254 descenden-

780 3301 890 3346 tem
931 3291 1246 3354 comitatur,
1277 3290 1408 3344 dtnn
1437 3289 1700 3344 virtutem
1723 3290 1792 3343 ab
1822 3290 2052 3360 singulis
2086 3292 2351 3361 nequitiis

779 3381 1162 3435 mortilieatam
1185 3380 1446 3434 Sermone
1459 3380 1698 3434 vivilleat
1725 3389 1779 3433 et
1805 3380 1858 3433 in
1894 3383 2348 3435 resurrectionem

781 3471 1026 3533 deducit,
1054 3479 1111 3524 et
1133 3470 1352 3523 vincula
1378 3478 1554 3523 status
1587 3470 1834 3524 materia:
1872 3470 2093 3523 obnoxii
2138 3471 2350 3524 anima-

781 3579 904 3618 rum
944 3562 1162 3616 lortiter
1189 3561 1453 3614 Sermone
1485 3561 1710 3631 rumpit.
1755 3561 1916 3614 liatio
1951 3572 2134 3615 autem
2166 3563 2350 3632 dupli-

780 3654 862 3707 cis
896 3653 1198 3708 descensus
1227 3650 1532 3704 secundum
1585 3660 1894 3720 promptam
1941 3653 2351 3721 interpretatio-

781 3760 904 3800 nem
938 3754 1044 3806 est,
1079 3743 1146 3796 ad
1194 3743 1434 3813 pritnutn
1463 3742 1685 3812 quidem
1729 3745 2097 3812 propositum,
2145 3754 2202 3797 ut
2227 3762 2351 3797 eum

781 3837 1107 3906 corporibus
1133 3835 1346 3888 animas
1387 3833 1492 3888 lide
1527 3843 1582 3887 et
1631 3844 1780 3888 casta
1830 3837 2248 3889 conversatione
2297 3836 2350 3888 in

783 3940 928 3983 terra
964 3928 1139 3980 salvas
1171 3926 1373 3990 facere,
1430 3933 1486 3979 et
1518 3933 1806 3995 postquam
1837 3927 2029 3980 Sermo
2080 3927 2130 3979 in
2190 3927 2354 3980 infer-

781 4035 911 4074 num
971 4017 1344 4080 descenderit,
1404 4017 1522 4071 sine
1547 4017 1871 4086 corporibus
1919 4019 2129 4071 animas
2159 4035 2352 4073 eorum

779 4097 1171 4180 ηιιίιιιιιοθεὶιιι
1209 4107 1413 4161 mortui
1462 4123 1561 4177 per
1592 4109 1761 4162 solam
1814 4107 1974 4161 lident
2025 4123 2354 4161 conservare

779 4200 1080 4271 possit:ad
1108 4199 1411 4253 secundum
1447 4215 1580 4254 vero
1637 4201 1997 4270 propositmn,
2051 4199 2197 4270 quod
2259 4216 2354 4254 nc-

779 4293 967 4362 quitia:
988 4291 1212 4344 habitus
1230 4299 1286 4344 et
1315 4289 1457 4345 actio
1478 4290 1548 4344 ab
1578 4289 1843 4344 Sermone
1889 4290 2124 4359 accipiat
2153 4291 2219 4344 ad
2244 4289 2354 4343 vir-

781 4392 954 4438 tutem
989 4392 1047 4437 et
1075 4379 1448 4452 cognitionem
1471 4379 1741 4435 redeundi
1779 4381 2120 4435 facultatem.

777 4654 863 4710 Ea:
883 4654 1062 4709 eodem
1088 4669 1349 4716 sermone,
1377 4655 1431 4707 in
1457 4653 1593 4708 illud
1616 4669 1634 4708 :
1668 4673 1684 4704 ι
1709 4653 1765 4709 Si
1791 4656 1844 4709 in
1892 4657 2046 4710 caelos
2073 4659 2346 4721 ascendat,

845 4747 1011 4802 simul
1039 4747 1283 4800 ascende.
1308 4744 1693 4798 Comitantt'bns
1741 4746 1824 4800 rel
1851 4749 2224 4817 excipientibus
2253 4767 2352 4802 an-

844 4841 973 4912 gelis
998 4850 1046 4893 te
1081 4839 1350 4910 adjnnge:
1384 4838 1547 4909 portis
1576 4845 1634 4890 ut
1665 4838 1898 4891 lerentnr
1928 4841 2149 4910 impera.
2182 4859 2201 4892 ι

845 5040 949 5107 Qui
976 5046 1199 5108 propter
1218 5034 1611 5090 abundantiam
1646 5035 1974 5104 cognitionis
2001 5053 2064 5091 ac
2109 5037 2349 5108 Spiritus

776 5129 949 5186 sancti
979 5127 1291 5181 uberiorem
1323 5124 1801 5194 participationem
1823 5126 1974 5189 satis,
2005 5130 2183 5196 quoad
2227 5132 2348 5200 ejus

779 5219 897 5273 ﬁeri
949 5215 1148 5287 potuit,
1193 5213 1502 5284 penetravit
1548 5213 1813 5267 rationem
1867 5218 2244 5285 providentim,
2291 5233 2346 5276 ρι

778 5318 952 5364 artem
975 5309 1093 5378 ejus
1117 5306 1556 5376 comprehendit,
1587 5305 1631 5359 is
1651 5321 1777 5359 cum
1809 5307 2074 5365 Sermone
2094 5313 2147 5366 in
2173 5315 2344 5370 caelos

779 5396 1098 5452 ascendenti
1135 5397 1202 5452 de
1235 5408 1380 5452 terra
1428 5412 1534 5450 una
1567 5397 1836 5461 ascendit,
1867 5400 2114 5454 omnium
2154 5420 2344 5458 eorum

777 5486 982 5557 quibus
1006 5487 1345 5555 providetur,
1382 5495 1490 5540 tam
1525 5486 1826 5540 visibilium
1877 5503 2040 5556 quam
2097 5491 2347 5551 invisibi-

779 5577 938 5639 lium,
967 5586 1160 5631 natura
1202 5593 1325 5631 cum
1372 5577 1678 5632 rationibus
1715 5577 1832 5634 suis
1863 5581 2111 5650 gnostiee
2177 5601 2348 5654 pene-

778 5713 1148 5839 ldem
1171 5718 1321 5782 ibid.,
1349 5734 1469 5788 cap.
1501 5717 1588 5784 '25,
1619 5734 1672 5789 p.
1704 5721 1826 5787 8M,
1861 5733 1991 5777 tom.
2027 5723 2066 5777 Ι.
2092 5726 2226 5796 Opp.
2257 5729 2345 5783 ed.

2450 3200 2828 3268 διαλεγόμενος
2859 3201 2936 3260 εἰς
2984 3199 3116 3268 ᾅδην
3171 3201 3410 3254 κατιόντι
3456 3203 3534 3270 τῷ
3562 3203 3706 3274 λόγῳ
3733 3205 3836 3275 τῆς
3886 3207 4034 3260 διδα-

2454 3291 2678 3354 σκαλίας
2716 3291 3050 3356 συγκάτεισι,
3085 3291 3182 3360 τὴν
3208 3292 3298 3360 ὑφ’
3330 3293 3568 3364 ἑκάστης
3592 3297 3792 3360 κακίας
3827 3315 4036 3368 νεκρω-

2452 3382 2637 3434 θεῖσαν
2701 3382 2903 3451 ἀρετὴν
2966 3381 3054 3433 διὰ
3102 3382 3197 3434 τοὺ
3249 3383 3410 3451 λόγου
3462 3384 3744 3449 ζωοποιῶν
3799 3390 3902 3441 καὶ
3957 3392 4036 3452 si;

2452 3471 2747 3524 ἀνάστασιν
2778 3471 2947 3536 ἄγων,
2990 3472 3083 3522 καὶ⁸
3118 3471 3187 3522 τὰ
3221 3471 3396 3540 δεσμὰ
3425 3473 3530 3539 τῆς
3558 3473 3750 3543 ὑλικῆς
3782 3492 4038 3544 προσπα-

2455 3562 2604 3624 (tela;
2639 3561 2746 3613 τῶν
2779 3561 2987 3630 ψυχῶν,
3035 3562 3306 3632 ἀνδρικῶς
3335 3563 3413 3634 τῷ
3450 3563 3612 3635 Λόγῳ
3663 3565 4037 3638 συνδιαῤῥήσ-

2455 3669 2584 3704 σων.
2631 3653 2800 3718 Λόγος
2847 3652 2904 3704 δὲ
2941 3653 3040 3723 τῆς
3089 3652 3283 3724 διπλῆς
3335 3654 3691 3719 καταϐάσεως
3753 3659 3902 3710 κατά
3950 3662 4040 3711 τὸν

2455 3743 2748 3812 πρόχειρον
2789 3742 2914 3796 νοὺν
2951 3745 3089 3806 ἐστι,
3123 3744 3259 3815 πρὸς
3299 3745 3401 3815 μὲν
3439 3746 3536 3816 τὴν
3571 3748 3799 3817 πρώτην
3847 3749 4040 3802 ὲπιῦο-

2454 3835 2568 3905 λὴν,
2600 3834 2660 3887 τὸ
2681 3835 2776 3888 καὶ
2797 3834 2938 3904 μετὰ
2969 3837 3234 3904 σωμάτων
3260 3837 3440 3906 ψυχὰς
3462 3837 3656 3900 σώζειν
3679 3837 3769 3891 διὰ
3795 3841 4041 3904 πίστεως

2455 3928 2550 3980 καὶ
2584 3927 2806 3996 ἀγωγῆς
2844 3926 2959 3996 βίου
3010 3927 3280 4000 καθαρᾶς,
3329 3927 3423 3982 ἐπὶ
3453 3928 3553 3997 τῆς
3586 3930 3712 3999 γῆς,
3743 3932 3840 3984 καὶ
3870 3935 4042 4004 χωρὶς

2456 4019 2724 4088 σωμάτων
2768 4019 2846 4081 εἰς
2875 4017 2966 4071 τὸν
3025 4017 3159 4089 ᾅδην
3197 4018 3530 4073 κατελθόντα
3572 4020 3663 4073 τὸν
3707 4023 3891 4090 Λόγον
3944 4027 4042 4086 τὰς

2454 4107 2633 4158 ἐκεῖσε
2683 4105 2794 4159 τῶν
2853 4107 3426 4179 προτετελευτηκότων
3479 4111 3657 4180 ψυχὰς
3721 4112 3814 4164 διὰ
3871 4115 4041 4182 μόνης

2455 4198 2854 4269 περιποιεῖσθαι
2885 4198 2987 4269 τῆς
3034 4200 3272 4264 πίστεως
3324 4199 3581 4255 δύνασθαι
3609 4218 3624 4232 ·
3659 4205 3800 4273 πρὸς
3841 4206 3902 4258 δὲ
3943 4208 4042 4277 τὴν

2453 4289 2714 4362 δευτέραν
2758 4289 3044 4364 ἐπιϐολὴν,
3085 4292 3149 4346 τὸ
3187 4293 3284 4346 καὶ
3307 4294 3409 4362 τὴν
3433 4293 3546 4359 ἓξιν
3574 4296 3674 4366 τῆς
3707 4299 3916 4358 κακξας
3946 4302 4041 4351 καὶ

2454 4377 2553 4449 τὴν
2596 4379 2880 4450 ἐνέργειαν
2927 4380 3033 4433 ὑπὸ
3088 4380 3184 4435 τοῦ
3218 4382 3395 4450 Λόγου
3439 4383 3692 4455 δέχεσθαι
3743 4386 3850 4457 τὴν
3906 4391 4041 4458 πρὶς

2379 4455 2426 4510 Ῑ)
2452 4468 2654 4538 ἀρετὴν
2680 4470 2776 4523 ιια⁶ι⁹
2796 4469 3002 4540 γνῶσιν
3027 4471 3307 4528 ιπάνοδον.

2467 4656 2562 4710 Ἐκ
2588 4654 2696 4710 τοῦ
2717 4657 2904 4711 αὑτοῦ
2936 4657 3146 4728 λόγου,
3177 4661 3266 4726 εἰς
3291 4662 3363 4715 τό
3381 4677 3398 4695 ο
3420 4677 3445 4714 s
3473 4661 3601 4717 Κᾶν
3619 4665 3710 4729 εἰς
3737 4666 4038 4734 οὐρανεὶος

2526 4747 2692 4816 ἀνίη,
2743 4747 3105 4804 conire-.108.
3158 4753 3188 4803 1
3195 4751 3351 4807 ἐνοῦ
3379 4753 3531 4822 μετὰ
3573 4752 3693 4807 τῶν
3727 4772 4036 4826 «apaula-

2523 4839 2762 4893 πόντων
2803 4840 3074 4910 ἀγγέλων
3109 4843 3148 4910 ἢ
3201 4843 3319 4896 τῶν
3371 4843 3746 4914 δεχομένων·
3781 4848 4037 4917 ἀρθῆναι

2526 4931 2653 4994 ταῖς
2674 4931 2894 4997 πύλαις
2911 4931 3316 4990 ὄιακέλευσαι.
3348 4953 3371 4989 s

2535 5042 2594 5096 '0
2644 5042 2732 5097 διὰ
2777 5043 2977 5115 πολλὴν
3007 5047 3326 5116 περιουσίαν
3357 5042 3611 5117 γνώσεως
3651 5055 3748 5106 καὶ
3795 5055 3903 5124 τὴν
3944 5055 4032 5108 τοῦ

2455 5133 2765 5203 πνεὺματος
2813 5135 2904 5188 τοὺ
2957 5137 3113 5205 ἁγίου
3165 5139 3429 5194 πλουσίαν
3477 5142 3713 5213 μετοχὴν
3759 5144 3859 5196 τὸν
3911 5149 4033 5213 περὶ

2454 5227 2712 5297 προνοίας
2763 5229 3076 5299 ἀρκούντως
3129 5233 3272 5286 κατά
3323 5233 3385 5286 τὸ
3433 5233 3656 5288 δυνατὸν
3716 5238 4032 5306 περαιώσας

2454 5319 2634 5388 λόγον,
2665 5321 2756 5373 καὶ
2786 5321 2882 5390 τὴν
2917 5323 3038 5375 κατ’
3065 5323 3228 5378 αὑτὸν
3269 5325 3582 5397 ἐπιστήμην
3610 5327 3932 5398 περιλαϐὼν
3959 5334 4033 5394 εἰς

2452 5412 2717 5482 οὑρανους
2753 5413 2863 5466 ἀπὸ
2907 5415 3010 5485 γῆς
3037 5416 3242 5471 ἀνιόντι
3284 5417 3364 5488 τῷ
3400 5419 3558 5490 Λόγῳ
3595 5423 3901 5484 συνάνεισι,
3938 5425 4032 5492 τὴν

2453 5501 2672 5555 πάντων
2721 5503 2830 5556 τῶν
2881 5507 3298 5574 προνοουμένων
3353 5508 3537 5578 φύσιν,
3578 5512 3797 5582 ὁρατῶν
3833 5531 3897 5568 τε
3945 5516 4034 5569 καὶ

2454 5593 2724 5665 ἀοράτων,
2781 5595 2920 5664 μετά
2967 5595 3078 5657 τῶν
3114 5599 3238 5654 κατ’
3285 5599 3456 5672 αὑτὴν
3487 5601 3663 5671 λόγων
3714 5607 4032 5672 γνωστικῶς

2677 5736 2820 5793 Idem
2854 5739 3001 5804 ibid.,
3028 5757 3150 5812 cap.
3181 5743 3270 5810 25,
3304 5759 3360 5814 p.
3391 5744 3516 5812 865,
3541 5753 3677 5802 tom.
3709 5747 3753 5804 Ι.
3778 5748 3924 5823 Opp.
3948 5751 4032 5807 ed.
4060 5721 4064 5728 Ι
