4198 6434
236 419 370 484 1385

1464 414 1970 475 AMBIGUORUM
2008 414 2252 475 LIBER-

3317 413 3450 476 1386

229 535 592 606 διαπεράσας,
622 533 718 588 καὶ
737 534 819 598 είς
839 533 940 605 τὴν
971 533 1080 587 οὐδ’
1109 533 1243 597 ὅλως
1267 531 1368 604 τὴν
1391 532 1600 585 οίανοῦν
1625 532 1798 600 φορὰν
1827 538 1866 592 Α

1797 552 1798 561 ι
1827 538 1866 592 Α
1899 540 2059 591 trata.
2083 531 2321 599 atquein
2347 537 2547 586 statum
2563 531 2887 585 cessationis
2913 530 3140 584 omnino
3168 534 3455 598 qualicun-

228 629 262 697 ἢ
298 628 513 696 κίνησιν
555 625 805 695 ἔχουσαν,
840 625 976 695 πρὸς
1023 625 1090 695 ἢν
1117 625 1379 692 ἠπείγετο
1423 623 1678 692 μάλιστα,
1703 623 1792 676 διά

228 719 430 780 παντὸς
466 717 626 785 λόγου
661 734 724 770 τε
773 717 869 771 καὶ
893 717 1094 788 τρόπου
1127 716 1278 787 λῆξιν
1307 714 1656 786 ἀναληφθεὶς,
1686 715 1795 768 ἀπὸ

226 809 338 860 τῶν
377 808 856 878 παραπεμπόντων
893 807 1081 876 ὥσπερ
1126 806 1374 874 ἀγγέλων
1401 807 1564 859 τινῶν
1591 806 1700 858 τῶν
1737 806 1796 857 ὲν

225 903 342 962 τοῖς
369 898 489 951 οὖσι
535 898 633 966 τῆς
672 895 932 965 προνοίας
959 895 1136 964 λόγων
1161 897 1254 949 ἐπὶ
1284 897 1383 968 τὴν
1411 895 1521 951 τῶν
1551 897 1799 966 ὑποδεχο-

229 989 410 1058 μένων
439 989 692 1058 ἀρῤήτων
723 987 821 1056 τῆς
851 987 1125 1055 θεολογίας
1173 987 1344 1055 λόγων
1365 1004 1422 1040 τε
1449 987 1544 1040 καὶ
1589 1004 1798 1056 μυστη-

229 1078 364 1148 ρίων
394 1077 576 1148 χώραν
624 1077 977 1146 ἀναγόμενος,
1025 1076 1204 1147 (253
1238 1078 1294 1145 α)
1343 1079 1439 1131 καὶ
1484 1081 1606 1141 ταῖς
1659 1078 1802 1130 κατά

231 1171 400 1240 μέρος
430 1170 760 1224 ἀναϐάσεσιν
792 1168 1131 1240 ὑψηλοτέρας
1161 1170 1330 1222 ποιῶν
1359 1171 1496 1240 πρὸς
1539 1168 1804 1239 ὑποδοχὴν

225 1260 324 1312 τοῦ
375 1260 814 1332 θεαρχικωτάτου
867 1259 1067 1328 Λόγου,
1117 1261 1218 1325 τὰς
1259 1262 1452 1334 νοεράς
1493 1262 1592 1331 τῆς
1624 1261 1804 1332 ψυχῆς

227 1351 429 1415 πύλας.

573 1526 754 1580 Ἄλλο
776 1523 1045 1594 θεώρημα
1074 1527 1161 1592 εις
1190 1525 1258 1580 τὸ
1289 1527 1458 1582 αὑτό.

302 1637 412 1691 Καὶ
444 1637 652 1708 ἑτέρως
681 1637 742 1692 δὲ
772 1637 936 1692 πάλιν
981 1638 1186 1692 ἀνιόντι
1213 1637 1293 1710 τῷ
1317 1638 1460 1710 λόγῳ
1496 1641 1801 1698 ωνάνεισιν

227 1727 260 1780 6
331 1727 441 1779 ἀπὸ
487 1727 599 1780 τῶν
667 1727 788 1782 κατ’
841 1727 1042 1801 ἀρετὴν
1080 1727 1298 1799 τρόπων
1338 1726 1439 1797 τῆς
1490 1732 1802 1803 πρακτικῆς

229 1817 550 1887 φιλοσοφίας
631 1816 822 1902 ὥσπερ
914 1819 1025 1874 ἀπό
1087 1835 1234 1882 τινος
1303 1819 1410 1888 γῆς
1486 1821 1564 1884 είς
1647 1839 1803 1888 τινας

1899 639 2004 690 que
2042 623 2244 691 impetu
2287 631 2345 676 et
2377 629 2528 675 motu
2553 633 2848 688 carentem,
2896 638 3006 692 quo
3063 624 3300 678 maxime
3333 641 3460 692 pro-

1901 714 2145 783 perabat,
2182 729 2281 781 per
2307 728 2526 767 omnem
2564 713 2834 768 rationem
2888 730 2952 768 ac
2981 714 3202 768 modum
3249 730 3462 770 assum-

1901 813 2048 874 ptus,
2111 818 2140 856 a
2200 804 2595 858 comitantibus
2656 804 2825 858 veluti
2877 806 3086 876 angelis
3132 806 3459 874 quibusdam

1901 894 2255 963 providentiae
2282 895 2336 948 in
2398 895 2564 948 rebus
2601 895 2993 950 exsistentibus
3035 897 3342 950 rationibus
3391 897 3459 950 ad

1903 987 2295 1056 excipientium
2341 987 2699 1042 ineilabilium
2756 988 3042 1056 theologia:
3077 989 3350 1041 rationum
3396 1005 3460 1042 ae

1901 1081 2286 1150 mysteriorum
2311 1079 2588 1148 regionem
2615 1079 2940 1142 subductus,
2987 1088 3044 1132 et
3074 1079 3305 1147 singulis
3334 1079 3460 1148 qui-

1902 1171 2111 1238 busque
2134 1168 2401 1238 gradatim
2459 1169 2872 1222 ascensionibus
2898 1169 3071 1239 magis
3115 1170 3170 1222 in
3226 1169 3461 1223 sublime

1903 1260 2090 1314 levans
2111 1258 2511 1312 intellectuales
2564 1257 2759 1312 anima:
2785 1267 2970 1328 portas
3012 1258 3081 1313 ad
3137 1260 3463 1314 Sermonem

1906 1348 2281 1420 recipiendum
2307 1347 2577 1404 divinum.

2290 1527 2414 1586 Alia
2432 1529 2490 1583 in
2519 1528 2660 1582 idem
2686 1526 3078 1597 contemplatio.

1974 1643 2152 1711 Atque
2177 1641 2339 1695 aliter
2371 1655 2565 1694 rursus
2591 1639 2913 1693 Sermonem
2948 1639 3247 1692 comitatur
3271 1653 3465 1693 ascen-

1903 1733 2122 1788 dentem
2152 1731 2298 1800 quia
2324 1730 2581 1800 practiea:
2612 1727 2978 1798 philosophia:
3007 1727 3310 1781 secundum
3347 1728 3464 1781 vir-'-

1903 1833 2075 1878 tutem
2103 1821 2280 1877 modis
2305 1821 2463 1890 quasi
2501 1835 2532 1874 a
2567 1829 2712 1874 terra
2739 1817 2973 1887 quadam
3005 1818 3060 1871 in
3103 1819 3272 1872 caelos
3297 1833 3470 1886 quos-

227 1911 498 1980 οὐρανοὺς
562 1910 691 1974 τοὺς
749 1911 890 1965 κατά
957 1910 1188 1979 θεωρίαν
1251 1911 1651 1979 πνευματικοὺς
1703 1915 1804 1986 τῆς
1837 1935 1876 1989 υ

1837 1935 1876 1989 υ
1903 1915 2029 1969 dam
2059 1913 2360 1968 secundum
2387 1910 2905 1980 contemplationem
2930 1909 3246 1980 spirituales
3283 1909 3471 1978 mgni-

229 2000 488 2067 γνώσεως
513 2001 592 2071 τῷ
641 2000 978 2065 ἀνατατικῶς
1007 2001 1219 2055 ἕλκοντι
1247 2000 1379 2075 θείῳ
1403 2003 1802 2078 συνυψούμενος

229 2092 416 2166 Λόγῳ.

578 2269 766 2323 Ἄλλο
795 2267 1066 2339 θεώρημα
1089 2273 1173 2339 είς
1203 2274 1273 2328 τὸ
1298 2276 1467 2332 αὐτό.

306 2378 418 2433 Καὶ
450 2379 857 2452 μυστικώτερον
897 2382 976 2436 ἔτι
1027 2384 1157 2456 περὶ
1203 2385 1410 2442 τούτων
1445 2390 1640 2455 εἰπεῖν,
1665 2391 1695 2444 6
1719 2392 1811 2444 δυ-

231 2471 469 2541 νάμενος
494 2470 604 2524 ἀπὸ
627 2472 730 2542 τῆς
761 2474 902 2528 κατά
923 2473 1025 2547 τὴν
1071 2478 1384 2550 οἰκονομίαν
1409 2480 1683 2550 γνώσεως,
1718 2483 1810 2552 ἀφ’

229 2553 304 2629 ἦς
337 2563 367 2612 6
393 2560 494 2628 τῆς
527 2561 732 2634 σαρκὸς
753 2559 846 2614 τοῦ
877 2563 1054 2631 Λόγου
1097 2566 1300 2638 κόσμος
1325 2567 1517 2638 γέγονε
1549 2569 1699 2640 παρά
1737 2570 1814 2642 τῷ

235 2651 440 2718 “arpi,
483 2651 564 2712 είς
592 2651 693 2722 τὴν
737 2652 836 2724 τῆς
875 2653 986 2724 πρὸ
1033 2654 1129 2709 τοῦ
1172 2656 1264 2711 τὸν
1310 2658 1514 2726 κόσμον
1555 2662 1656 2731 τῆς
1712 2661 1809 2715 τοῦ

237 2742 420 2809 Λόγου
441 2741 768 2813 σαρκώσεως
795 2739 935 2796 εἶναι
958 2746 1105 2815 παρὰ
1131 2747 1207 2818 τῷ
1234 2749 1410 2821 Πςιτρλ⁵
1427 2749 1583 2820 δόξης
1603 2751 1810 2806 ἔννοιαν

236 2832 570 2902 ἀναχθῆναι,
629 2833 771 2888 κατά
824 2833 1083 2905 ἀλήθειαν
1127 2830 1283 2902 οὗτος
1345 2839 1675 2909 συνανῆλθεν
1731 2841 1812 2903 είς

235 2924 506 2993 οὐρανοὺς
535 2922 613 2994 τῷ
640 2923 708 2978 δι’
745 2924 910 2979 αὐτὸν
944 2927 1038 2980 ἐπὶ
1070 2929 1175 2999 γῆς
1224 2930 1535 2984 κατελθόντι
1562 2930 1681 3001 Θεῷ
1715 2933 1812 2984 καὶ

239 3015 421 3085 Λόγῳ,
457 3014 754 3086 πληρώσας
787 3019 888 3089 τῆς
920 3019 1226 3090 ἀνθρώποις
1259 3023 1514 3092 χωρητῆς
1548 3022 1690 3076 κατὰ.
1719 3021 1810 3076 τὸν

239 3106 418 3160 αἰῶνα
467 3107 655 3160 τοῦτον
698 3107 952 3176 γνώσεως
993 3110 1055 3164 τὸ
1105 3111 1325 3183 μέτρον,
1369 3114 1464 3168 καὶ
1520 3113 1808 3184 γενόμενος

241 3197 494 3250 τοσοῦτον
523 3196 654 3260 Θεὸς
686 3197 810 3251 ὅσον
849 3200 1054 3264 ἐκεῖνος
1099 3200 1403 3271 ἄνθρωπος,
1431 3201 1508 3272 τῷ
1531 3203 1810 3274 ὑψωθῆναι

1907 2006 2073 2060 tionis
2123 2020 2230 2060 una
2282 2018 2409 2058 eum
2435 2001 2702 2058 Sermone
2749 2002 2938 2056 divino
2969 2003 3025 2056 in
3077 2000 3312 2056 sublime
3339 2014 3470 2055 eve-

1906 2098 2079 2152 hitur.

2274 2279 2398 2335 Alia
2440 2280 2497 2332 in
2527 2279 2668 2332 idem
2705 2276 3100 2348 contemplatio.

1975 2397 2150 2466 Atque
2188 2394 2440 2449 utetiam
2462 2393 2632 2463 magis
2671 2392 2899 2463 mystice
2924 2391 2992 2446 de
3022 2390 3110 2445 his
3144 2389 3347 2453 dicam,
3377 2389 3472 2458 qui

1906 2504 1938 2543 a
1965 2488 2279 2558 cognitione
2309 2486 2610 2542 secundum
2642 2483 3131 2554 dispensationem,
3164 2482 3312 2536 unde
3351 2495 3475 2534 car-

1907 2581 1996 2636 nis
2031 2580 2316 2634 Sermonis
2365 2577 2605 2632 muudus
2653 2576 2796 2646 apud
2826 2578 3039 2632 Patrem
3071 2573 3246 2628 factus
3268 2581 3376 2632 est.
3417 2571 3473 2623 in

1907 2669 2294 2740 cogitationem
2320 2670 2525 2740 gloriae,
2559 2676 2852 2737 antequam
2901 2665 3142 2720 mundus
3192 2661 3477 2718 Sermonis

1912 2760 2177 2816 incarnati
2218 2759 2362 2829 apud
2392 2759 2607 2814 Patrem
2665 2756 2832 2812 fuerit
2859 2755 3018 2810 evehi
3044 2763 3245 2824 potest,
3280 2753 3328 2808 is
3383 2767 3476 2806 rc-

1909 2867 2038 2907 vera
2068 2865 2175 2905 una
2203 2851 2260 2904 in
2292 2850 2464 2905 ccelos
2484 2849 2734 2904 ascendit
2773 2836 2897 2902 cum
2929 2848 3042 2902 Deo
3077 2862 3140 2901 ac
3185 2845 3472 2908 Sermone,

1909 2943 2003 3014 qui
2033 2941 2207 3012 ipsius
2229 2956 2392 2996 causa
2418 2942 2472 2994 in
2498 2949 2698 2994 terram
2722 2939 3086 2993 descenderat
3105 2977 3120 3002 ,
3145 2935 3477 3005 cognitionis

1914 3032 2009 3102 qui
2033 3033 2138 3086 hoc
2163 3046 2281 3086 aevo
2310 3030 2629 3085 hominibus
2657 3044 2955 3083 concessus
2994 3035 3081 3082 est
3109 3025 3334 3080 modulo
3369 3025 3477 3079 im-

1915 3123 2083 3194 pleto,
2112 3121 2167 3176 in
2194 3130 2402 3175 tantum
2426 3119 2601 3175 factus
2623 3120 2788 3182 Deus,
2819 3117 2873 3172 in
2891 3126 3152 3187 quantum
3175 3117 3264 3170 ille
3289 3115 3474 3177 homo,

1915 3230 1984 3269 eo
2008 3213 2157 3284 quod
2185 3213 2239 3266 in
2269 3221 2480 3267 tantum
2527 3209 2732 3264 divinis
2755 3207 3173 3262 ascensionibus
3193 3207 3288 3259 Dei
3313 3220 3478 3259 causa

235 3287 496 3340 τοσοῦτον
541 3289 663 3350 ταῖς
709 3287 883 3352 θείαις
931 3290 1225 3344 ἀναδάσεσι
1270 3293 1360 3347 διὰ
1381 3294 1484 3352 Ϊτὸν
1510 3294 1662 3360 Θεὸν,
1688 3295 1813 3348 ὅσον
1841 3277 1883 3337 c

1841 3277 1883 3337 θ
1915 3315 2002 3359 est
2023 3304 2313 3369 exaltatus,
2344 3303 2400 3357 in
2433 3310 2698 3372 quantum
2744 3299 2985 3353 hominis
3031 3314 3194 3352 causa
3225 3298 3370 3352 Deus
3408 3297 3473 3350 ad

237 3378 331 3431 διὰ
371 3379 472 3431 ¹τὸν
527 3377 812 3450 ἄνθρωπον
858 3379 888 3432 6
934 3380 1066 3442 Θεὸς
1129 3383 1266 3454 πρὸς
1315 3384 1376 3437 τὸ
1427 3385 1655 3455 ἔσχατον
1710 3385 1809 3456 τῆς

239 3469 520 3615 mlas-clpa;
554 3468 766 3540 φύσεως
788 3470 979 3526 ἑαυτὸν
999 3473 1552 3546 ἀτρέπτωςκενώσας
1582 3477 1812 3549 κατελή-

240 3581 304 3615 Ino
345 3579 422 3615 εν.

240 3579 422 3616 Λυυεν.

244 3740 362 3796 Τοῦ
391 3740 601 3808 αὐτοῦ,
625 3741 696 3797 ἐκ
726 3741 834 3798 τοῦ
847 3743 935 3812 εις
959 3744 1076 3814 τὴν
1099 3747 1327 3816 Καινὴν
1355 3751 1577 3817 Κυριακ
1588 3751 1662 3818 ὴν
1688 3754 1799 3807 .16—

313 3849 448 3902 του,
484 3835 571 3900 εις
632 3834 721 3888 τό·
749 3853 768 3886 ι
813 3834 1228 3905 Ἐτκαινίζεται
1272 3838 1342 3892 δὲ
1376 3839 1413 3907 ἠ
1464 3840 1666 3908 σκηνὴ
1705 3843 1812 3898 τοῦ

309 3940 658 3992 ιιαρτιφιου,
683 3922 782 3978 καὶ
804 3925 946 3978 λίαν
973 3927 1344 3994 πολυτελῶς,
1371 3928 1451 3996 ἢν
1489 3931 1634 3996 Θεὸς
1661 3948 1808 4000 παρ-

311 4015 525 4080 έδειξε,
560 4017 658 4071 καὶ
718 4017 1031 4087 Βεσελεὴλ
1067 4019 1380 4075 ἐτελείωσε
1411 4023 1513 4079 καὶ
1548 4025 1810 4094 Μωῦσῆς

310 4105 576 4174 ἐπήξατο
603 4108 734 4179 (57).
777 4125 799 4162 ι

313 4215 661 4287 Πολύτροπον
699 4218 828 4273 ὄντα
867 4219 962 4274 τὸν
988 4222 1129 4276 κατά
1153 4223 1252 4295 τὴν
1289 4227 1493 4298 σκηνὴν
1540 4229 1814 4299 ἀναγωγι-

239 4306 344 4359 κὸν
380 4307 481 4376 τῆς
511 4307 744 4378 θεωρίας
773 4310 930 4378 λόγον
957 4313 1051 4366 ἐπὶ
1079 4313 1175 4368 τοῦ
1201 4316 1471 4387 παρόντος
1512 4319 1588 4383 ὡς
1608 4321 1812 4387 ,ἐλαϐεν

239 4398 411 4451 αὐτὸν
439 4399 468 4452 6
497 4399 818 4464 διδάσκαλος
870 4403 964 4456 καὶ
1009 4405 1170 4476 ἡμεῖς
1222 4407 1589 4481 θεωρήσωμεν
1620 4412 1805 4470 αὐτόν.

1916 3405 2118 3450 nostra:
2153 3405 2366 3450 naturae
2387 3409 2560 3464 usque
2598 3392 2996 3447 extremitatem
3020 3389 3352 3454 exinanitus,
3383 3389 3475 3443 scd

1915 3488 2118 3542 nullam
2147 3486 2582 3542 immutationem
2614 3499 2828 3556 passus,
2877 3482 3195 3537 devenerat.

1915 3756 2172 3826 Ejusdem
2201 3769 2264 3806 ea:
2284 3766 2524 3807 sermone
2549 3751 2605 3804 in
2634 3746 3202 3805 NovamDominicam,
3229 3742 3284 3794 in
3310 3739 3476 3793 illud:

1989 3864 2008 3898 ι
2031 3846 2323 3901 Innovatur
2349 3859 2470 3898 vero
2492 3838 2892 3894 tabernaculum
2929 3835 3235 3897 testimonii,
3286 3843 3334 3886 et
3364 3832 3478 3901 qni-

1979 3937 2097 3988 dem
2124 3933 2415 4003 magniﬁcis
2437 3929 2748 4000 sumptibus.
2783 3925 2920 3996 quod
2963 3925 3100 3978 Deus
3154 3923 3398 3988 ostendit,
3427 3931 3478 3974 et

1980 4025 2208 4080 Bcseleel
2230 4023 2469 4093 confecit,
2493 4031 2540 4075 et
2569 4020 2768 4090 Moyses
2797 4017 2935 4086 ﬁxit.
2963 4036 2980 4068 ι

1982 4227 2264 4298 Mysticam
2309 4223 2378 4278 de
2433 4220 2787 4276 tabernaculo
2845 4215 3328 4286 contemplationis
3385 4229 3475 4267 ra-

1912 4318 2080 4372 tionis
2105 4315 2426 4370 varictatem
2459 4309 2952 4382 impraesentiarum
2997 4305 3274 4376 quomodo
3299 4305 3473 4359 inter-

1907 4415 2158 4479 pretatus
2213 4406 2287 4461 sit
2339 4405 2554 4467 doctor,
2606 4417 2708 4456 nos
2761 4413 2980 4470 quoque
3017 4396 3472 4466 contemplemur.

239 4489 428 4559 Σκηνὴ
500 4491 790 4561 τοιγαροῦν
837 4490 932 4545 τοῦ
993 4497 1297 4567 μαρτυρίου
1342 4499 1376 4570 ἡ
1430 4503 1809 4574 μυστηριώδης

1907 4499 2349 4558 Tabernaeulum
2377 4496 2544 4567 igitur
2570 4492 2871 4548 testimonii
2914 4490 3203 4560 mysticum
3243 4498 3328 4543 est
3381 4488 3475 4541 Dei

238 4579 698 4651 ὲστὶν“οἰκονομία
723 4583 820 4654 τῆς
845 4585 937 4638 τοῦ
955 4584 1090 4640 Θεοῦ
1117 4588 1292 4656 Λόγου
1321 4589 1674 4661 σαρκώσεως,
1693 4596 1759 4666 ῆν
1778 4599 1805 4649 6
1837 4584 1880 4638 Ῑ)

1837 4584 1880 4638 Ῑ)
1909 4593 2211 4649 Sermonis.
2234 4588 2628 4646 incarnationis
2655 4585 2969 4645 consilium,
2997 4581 3143 4652 quod
3167 4583 3312 4635 Dens
3347 4595 3475 4648 pro-

237 4670 378 4732 Θεὸς
397 4672 488 4723 καὶ
511 4671 697 4744 Πατὴρ
724 4675 1021 4746 εὐδοκήσας
1043 4679 1346 4749 παρέδειξε,
1373 4683 1468 4734 καὶ
1494 4683 1556 4736 τὸ
1585 4686 1810 4758 Πνεῦμα

1911 4689 2048 4742 bans
2069 4684 2311 4740 ostendit
2343 4691 2507 4752 atque
2537 4689 2760 4736 sanctus
2787 4676 3024 4747 Spiritus
3050 4691 3147 4744 per
3172 4673 3475 4742 sapientem

235 4759 304 4812 τὸ
334 4758 487 4827 ἀγιον
499 4760 589 4814 διά
612 4761 706 4814 τοῦ
737 4763 902 4832 σοφοῦ
924 4765 1188 4836 Βεσελεὴλ
1216 4770 1658 4842 προ-,τυπούμενον
1683 4792 1809 4830 συν-

1911 4779 2149 4834 Beseleel
2182 4775 2587 4846 praeformatum
2625 4771 2890 4842 adjuvans
2935 4767 3184 4838 perfecit,
3211 4774 3268 4820 et
3313 4765 3474 4817 intel.

236 4852 488 4924 εργῆσαν
515 4852 822 4922 ἐτελείωσε,
854 4857 948 4909 καὶ
964 4857 993 4909 6
1011 4857 1199 4926 νοητὸς
1232 4860 1474 4932 Μωῦσῆς
1499 4864 1529 4916 6
1555 4863 1648 4917 τοῦ
1673 4867 1808 4920 Θεοῦ

1909 4870 2160 4926 Iectualis
2190 4868 2399 4938 Moyses
2417 4865 2511 4918 Dei
2535 4879 2598 4917 ac
2620 4861 2799 4917 Patris
2822 4860 3141 4931 unigenitus
3181 4855 3353 4910 Filius
3379 4867 3477 4922 per

236 4946 344 5000 καὶ
372 4945 588 5017 Πατρὸς
617 4948 914 5018 μονογενὴς
937 4947 1062 5011 Υίὸς
1083 4949 1446 5022 αὐτούργησε,
1473 4952 1571 5024 τὴν
1594 4956 1807 5028 ἀνθρω-

1910 4977 2030 5016 sese
2053 4966 2312 5030 cperatus
2339 4965 2446 5019 est,
2470 4970 2594 5009 cum
2615 4954 2909 5008 humanam
2939 4959 3189 5005 naturam
3221 4945 3477 5001 substan-

240 5037 413 5106 πίνην
452 5036 616 5107 φύσιν
648 5038 719 5107 ,ἐν
772 5037 952 5109 ἑαυτῷ
997 5039 1310 5111 πηξάμενος
1357 5041 1547 5098 ὲνὼσει
1589 5049 1657 5118 τῇ
1684 5049 1808 5102 καθ’

240 5128 560 5182 ὑπόστασιν.

1007 5039 1310 5111 πηξάμενος
1357 5041 1547 5098 ὲνὼσει
1589 5049 1657 5118 τῇ
1684 5049 1808 5102 καθ’
1914 5053 2029 5108 tiali
2055 5051 2304 5106 unitione
2332 5049 2384 5102 in
2410 5063 2469 5102 se
2494 5046 2665 5100 ﬁnxit.

236 5144 560 5183 υποστασιν.

558 5320 748 5375 Ἀλλο
775 5321 862 5388 είς
904 5291 972 5375 τό
1006 5322 1154 5377 αὐτὸ
1186 5322 1469 5394 θεώρημα.

317 5434 464 5504 Πλὴν
491 5433 573 5488 ὅτι
605 5434 701 5487 καὶ
727 5432 829 5503 τῆς
854 5433 981 5504 ὅλης
1010 5435 1243 5500 κτίσεως
1279 5439 1476 5509 νοητῆς
1505 5458 1563 5495 τε
1599 5444 1693 5498 καὶ
1724 5449 1808 5499 αξ-

240 5527 454 5599 σθητῆς
483 5528 632 5580 ἐστιν
663 5526 827 5580 εἰκὼν
866 5528 900 5598 ή
929 5528 1127 5598 σκηνὴ,
1181 5530 1248 5599 ἢν
1299 5531 1328 5583 6
1369 5531 1500 5598 Θεὸς
1549 5538 1643 5590 καὶ
1705 5539 1812 5592 Πα.

315 5657 344 5686 ι
380 5643 554 5702 Exod.
584 5661 766 5710 XXXVI,
797 5645 822 5700 l
854 5652 910 5701 et
955 5645 1178 5716 passim.

2294 5328 2417 5384 Alia
2445 5330 2502 5382 in
2535 5326 2668 5380 idem
2698 5323 3086 5392 contemplatio.

1987 5447 2092 5502 Sed
2121 5446 2284 5500 etiam
2318 5445 2587 5497 universe
2619 5437 2950 5494 conditionis
2981 5444 3039 5492 et
3091 5433 3478 5491 intellectualis

1919 5551 1975 5594 et
2001 5538 2280 5594 sensibilis
2310 5538 2488 5606 imago
2517 5544 2601 5590 est
2662 5531 3098 5595 tabernaculum,
3142 5527 3290 5600 quod
3330 5527 3478 5584 Deus

315 5767 430 5838 (57)
465 5765 636 5822 Idem.
690 5764 780 5820 0r.
837 5767 891 5819 in
938 5765 1140 5819 Novam
1185 5758 1535 5828 Dominicant,
1581 5778 1700 5838 cap.
1749 5766 1805 5837 2,
1845 5785 1899 5841 ρ,
1933 5769 2217 5838 8343,1011},
2253 5769 2273 5825 ι
2305 5767 2442 5840 Opp,
2479 5767 2612 5824 edit.
2645 5765 2846 5824 Bcncd.

605 5856 874 5918 Parnm"
919 5855 1029 5916 Gn.
1086 5853 1204 5916 XC!
1215 5894 1252 5921 ._
