  <div class='ocr_page' id='page_1' title='image "/cluster/home/n/w/nwhite01/storage/ocr_20150623/91/nnc1.0038446014/703.png"; bbox 0 0 4198 6434; ppageno 0'>
   <div class='ocr_carea' id='block_1_1' title="bbox 763 399 895 462">
    <p class='ocr_par' dir='ltr' id='par_1_1' title="bbox 763 399 895 462">
     <span class='ocr_line' id='line_1_1' title="bbox 763 399 895 462; baseline -0.008 -1"><span class='ocrx_word' id='word_1_1' title='bbox 763 399 895 462; x_wconf 78' lang='lat' dir='ltr'><strong>i387</strong></span> 
     </span>
    </p>
   </div>
   <div class='ocr_carea' id='block_1_2' title="bbox 1894 389 2827 453">
    <p class='ocr_par' dir='ltr' id='par_1_2' title="bbox 1894 389 2827 453">
     <span class='ocr_line' id='line_1_2' title="bbox 1894 389 2827 453; baseline 0.002 -6"><span class='ocrx_word' id='word_1_2' title='bbox 1894 394 1950 447; x_wconf 57' lang='grc' dir='ltr'><strong>Β.</strong></span> <span class='ocrx_word' id='word_1_3' title='bbox 1992 389 2274 449; x_wconf 72' lang='lat' dir='ltr'><strong>MAXIM]</strong></span> <span class='ocrx_word' id='word_1_4' title='bbox 2318 390 2827 453; x_wconf 76' lang='lat' dir='ltr'><strong>CONFESSORIS</strong></span> 
     </span>
    </p>
   </div>
   <div class='ocr_carea' id='block_1_3' title="bbox 3876 392 4012 453">
    <p class='ocr_par' dir='ltr' id='par_1_3' title="bbox 3876 392 4012 453">
     <span class='ocr_line' id='line_1_3' title="bbox 3876 392 4012 453; baseline 0 0"><span class='ocrx_word' id='word_1_5' title='bbox 3876 392 4012 453; x_wconf 74' lang='lat'><strong>1388</strong></span> 
     </span>
    </p>
   </div>
   <div class='ocr_carea' id='block_1_4' title="bbox 756 497 2333 577">
    <p class='ocr_par' dir='ltr' id='par_1_4' title="bbox 756 501 2320 577">
     <span class='ocr_line' id='line_1_4' title="bbox 756 501 2320 577; baseline -0.004 -15"><span class='ocrx_word' id='word_1_6' title='bbox 756 520 807 562; x_wconf 74' lang='lat' dir='ltr'><strong>et</strong></span> <span class='ocrx_word' id='word_1_7' title='bbox 836 511 992 562; x_wconf 76' lang='lat' dir='ltr'><strong>Pater</strong></span> <span class='ocrx_word' id='word_1_8' title='bbox 1026 518 1283 577; x_wconf 90' lang='lat' dir='ltr'><strong>tanquam</strong></span> <span class='ocrx_word' id='word_1_9' title='bbox 1344 518 1499 558; x_wconf 85' lang='lat' dir='ltr'><strong>mens</strong></span> <span class='ocrx_word' id='word_1_10' title='bbox 1540 502 1823 572; x_wconf 74' lang='lat' dir='ltr'><strong>cogitavit,</strong></span> <span class='ocrx_word' id='word_1_11' title='bbox 1888 511 1944 555; x_wconf 88' lang='lat' dir='ltr'><strong>et</strong></span> <span class='ocrx_word' id='word_1_12' title='bbox 1998 501 2169 554; x_wconf 80' lang='lat' dir='ltr'><strong>Filius</strong></span> <span class='ocrx_word' id='word_1_13' title='bbox 2200 511 2320 555; x_wconf 89' lang='lat' dir='ltr'><strong>tau-</strong></span> 
     </span>
    </p>
   </div>
   <div class='ocr_carea' id='block_1_5' title="bbox 2424 497 4012 577">
    <p class='ocr_par' dir='ltr' id='par_1_5' title="bbox 2425 497 4012 574">
     <span class='ocr_line' id='line_1_5' title="bbox 2425 497 4012 574; baseline -0.001 -20"><span class='ocrx_word' id='word_1_14' title='bbox 2425 503 2531 571; x_wconf 70' lang='grc' dir='ltr'><strong>τηρ</strong></span> <span class='ocrx_word' id='word_1_15' title='bbox 2591 497 2680 555; x_wconf 80' lang='grc' dir='ltr'>οἷα</span> <span class='ocrx_word' id='word_1_16' title='bbox 2710 501 2834 560; x_wconf 77' lang='grc' dir='ltr'>νοῦς</span> <span class='ocrx_word' id='word_1_17' title='bbox 2874 503 3123 571; x_wconf 69' lang='grc' dir='ltr'>ἐνενόησε</span> <span class='ocrx_word' id='word_1_18' title='bbox 3146 543 3179 574; x_wconf 27' lang='grc'><strong>,,</strong></span> <span class='ocrx_word' id='word_1_19' title='bbox 3223 504 3314 556; x_wconf 77' lang='grc' dir='ltr'>καὶ</span> <span class='ocrx_word' id='word_1_20' title='bbox 3344 507 3371 557; x_wconf 86' lang='grc' dir='ltr'>ὁ</span> <span class='ocrx_word' id='word_1_21' title='bbox 3410 504 3531 566; x_wconf 80' lang='grc' dir='ltr'>Υἱὸς</span> <span class='ocrx_word' id='word_1_22' title='bbox 3575 500 3661 555; x_wconf 75' lang='grc' dir='ltr'><strong>οἷα</strong></span> <span class='ocrx_word' id='word_1_23' title='bbox 3694 502 3850 568; x_wconf 80' lang='grc' dir='ltr'><strong>λόγος</strong></span> <span class='ocrx_word' id='word_1_24' title='bbox 3888 504 4012 571; x_wconf 78' lang='grc' dir='ltr'>ἐδη-</span> 
     </span>
    </p>
   </div>
   <div class='ocr_carea' id='block_1_6' title="bbox 755 594 2329 667">
    <p class='ocr_par' dir='ltr' id='par_1_6' title="bbox 755 594 2329 667">
     <span class='ocr_line' id='line_1_6' title="bbox 755 594 2329 667; baseline -0.004 -17"><span class='ocrx_word' id='word_1_25' title='bbox 755 616 919 667; x_wconf 83' lang='lat' dir='ltr'><strong>quam</strong></span> <span class='ocrx_word' id='word_1_26' title='bbox 956 614 1137 652; x_wconf 84' lang='lat' dir='ltr'><strong>sermo</strong></span> <span class='ocrx_word' id='word_1_27' title='bbox 1174 607 1431 665; x_wconf 88' lang='lat' dir='ltr'><strong>operatus</strong></span> <span class='ocrx_word' id='word_1_28' title='bbox 1456 606 1561 656; x_wconf 82' lang='lat' dir='ltr'><strong>est,</strong></span> <span class='ocrx_word' id='word_1_29' title='bbox 1592 604 1648 647; x_wconf 94' lang='lat' dir='ltr'><strong>et</strong></span> <span class='ocrx_word' id='word_1_30' title='bbox 1678 594 1916 661; x_wconf 82' lang='lat' dir='ltr'><strong>Spiritus</strong></span> <span class='ocrx_word' id='word_1_31' title='bbox 1960 601 2182 646; x_wconf 87' lang='lat' dir='ltr'><strong>sanctus</strong></span> <span class='ocrx_word' id='word_1_32' title='bbox 2207 607 2329 660; x_wconf 87' lang='lat' dir='ltr'><strong>pcr-</strong></span> 
     </span>
    </p>
   </div>
   <div class='ocr_carea' id='block_1_7' title="bbox 756 680 2326 753">
    <p class='ocr_par' dir='ltr' id='par_1_7' title="bbox 756 680 2326 753">
     <span class='ocr_line' id='line_1_7' title="bbox 756 680 2326 753; baseline -0.001 -17"><span class='ocrx_word' id='word_1_33' title='bbox 756 685 903 740; x_wconf 78' lang='lat' dir='ltr'><strong>l&#39;eeit.</strong></span> <span class='ocrx_word' id='word_1_34' title='bbox 934 687 1111 753; x_wconf 84' lang='lat' dir='ltr'><strong>Atque</strong></span> <span class='ocrx_word' id='word_1_35' title='bbox 1140 699 1331 737; x_wconf 75' lang='lat' dir='ltr'><strong>rursus</strong></span> <span class='ocrx_word' id='word_1_36' title='bbox 1353 682 1587 737; x_wconf 83' lang='lat' dir='ltr'><strong>visibilis</strong></span> <span class='ocrx_word' id='word_1_37' title='bbox 1610 683 1783 735; x_wconf 91' lang='lat' dir='ltr'><strong>solius</strong></span> <span class='ocrx_word' id='word_1_38' title='bbox 1822 687 2031 733; x_wconf 69' lang='lat' dir='ltr'><strong>natura:</strong></span> <span class='ocrx_word' id='word_1_39' title='bbox 2060 695 2124 733; x_wconf 84' lang='lat' dir='ltr'><strong>ac</strong></span> <span class='ocrx_word' id='word_1_40' title='bbox 2155 680 2326 735; x_wconf 81' lang='lat' dir='ltr'><strong>solius</strong></span> 
     </span>
    </p>
   </div>
   <div class='ocr_carea' id='block_1_8' title="bbox 757 771 2325 843">
    <p class='ocr_par' dir='ltr' id='par_1_8' title="bbox 757 771 2325 843">
     <span class='ocr_line' id='line_1_8' title="bbox 757 771 2325 843; baseline -0.003 -15"><span class='ocrx_word' id='word_1_41' title='bbox 757 777 1000 829; x_wconf 86' lang='lat' dir='ltr'><strong>hominis</strong></span> <span class='ocrx_word' id='word_1_42' title='bbox 1023 791 1087 828; x_wconf 79' lang='lat' dir='ltr'><strong>ex</strong></span> <span class='ocrx_word' id='word_1_43' title='bbox 1112 790 1346 843; x_wconf 87' lang='lat' dir='ltr'><strong>corpore</strong></span> <span class='ocrx_word' id='word_1_44' title='bbox 1387 784 1443 829; x_wconf 93' lang='lat' dir='ltr'><strong>et</strong></span> <span class='ocrx_word' id='word_1_45' title='bbox 1470 774 1649 828; x_wconf 88' lang='lat' dir='ltr'><strong>anima</strong></span> <span class='ocrx_word' id='word_1_46' title='bbox 1701 771 2027 834; x_wconf 87' lang='lat' dir='ltr'><strong>constantis,</strong></span> <span class='ocrx_word' id='word_1_47' title='bbox 2055 780 2111 825; x_wconf 90' lang='lat' dir='ltr'><strong>et</strong></span> <span class='ocrx_word' id='word_1_48' title='bbox 2154 771 2325 824; x_wconf 91' lang='lat' dir='ltr'><strong>solius</strong></span> 
     </span>
    </p>
   </div>
   <div class='ocr_carea' id='block_1_9' title="bbox 756 863 2326 936">
    <p class='ocr_par' dir='ltr' id='par_1_9' title="bbox 756 863 2326 936">
     <span class='ocr_line' id='line_1_9' title="bbox 756 863 2326 936; baseline -0.004 -16"><span class='ocrx_word' id='word_1_49' title='bbox 756 884 944 921; x_wconf 89' lang='lat' dir='ltr'><strong>rursus</strong></span> <span class='ocrx_word' id='word_1_50' title='bbox 1004 867 1201 921; x_wconf 62' lang='lat' dir='ltr'><strong>animae</strong></span> <span class='ocrx_word' id='word_1_51' title='bbox 1259 883 1425 936; x_wconf 89' lang='lat' dir='ltr'><strong>quam</strong></span> <span class='ocrx_word' id='word_1_52' title='bbox 1474 883 1571 935; x_wconf 91' lang='lat' dir='ltr'><strong>per</strong></span> <span class='ocrx_word' id='word_1_53' title='bbox 1626 865 1861 934; x_wconf 87' lang='lat' dir='ltr'><strong>seipsam</strong></span> <span class='ocrx_word' id='word_1_54' title='bbox 1922 863 2326 931; x_wconf 80' lang='lat' dir='ltr'><strong>contemplatur</strong></span> 
     </span>
    </p>
   </div>
   <div class='ocr_carea' id='block_1_10' title="bbox 756 954 2325 1027">
    <p class='ocr_par' dir='ltr' id='par_1_10' title="bbox 756 954 2325 1027">
     <span class='ocr_line' id='line_1_10' title="bbox 756 954 2325 1027; baseline -0.003 -18"><span class='ocrx_word' id='word_1_55' title='bbox 756 974 957 1019; x_wconf 68' lang='lat' dir='ltr'><strong>sermo,</strong></span> <span class='ocrx_word' id='word_1_56' title='bbox 1007 958 1187 1027; x_wconf 81' lang='lat' dir='ltr'><strong>imago</strong></span> <span class='ocrx_word' id='word_1_57' title='bbox 1220 958 1630 1012; x_wconf 84' lang='lat' dir='ltr'><strong>tabernaculum</strong></span> <span class='ocrx_word' id='word_1_58' title='bbox 1674 966 1779 1017; x_wconf 91' lang='lat' dir='ltr'><strong>est,</strong></span> <span class='ocrx_word' id='word_1_59' title='bbox 1812 965 2117 1024; x_wconf 74' lang='lat' dir='ltr'><strong>spectatum</strong></span> <span class='ocrx_word' id='word_1_60' title='bbox 2170 954 2325 1006; x_wconf 79' lang='lat' dir='ltr'><strong>vide—</strong></span> 
     </span>
    </p>
   </div>
   <div class='ocr_carea' id='block_1_11' title="bbox 754 1046 2325 1115">
    <p class='ocr_par' dir='ltr' id='par_1_11' title="bbox 754 1046 2325 1115">
     <span class='ocr_line' id='line_1_11' title="bbox 754 1046 2325 1115; baseline -0.002 -14"><span class='ocrx_word' id='word_1_61' title='bbox 754 1052 883 1103; x_wconf 83' lang='lat' dir='ltr'><strong>licet</strong></span> <span class='ocrx_word' id='word_1_62' title='bbox 906 1050 1208 1103; x_wconf 78' lang='lat' dir='ltr'><strong>secundum</strong></span> <span class='ocrx_word' id='word_1_63' title='bbox 1242 1051 1508 1104; x_wconf 88' lang='lat' dir='ltr'><strong>rationem</strong></span> <span class='ocrx_word' id='word_1_64' title='bbox 1552 1047 1852 1115; x_wconf 90' lang='lat' dir='ltr'><strong>unicuique</strong></span> <span class='ocrx_word' id='word_1_65' title='bbox 1881 1046 2325 1101; x_wconf 72' lang='lat' dir='ltr'><strong>convenientem.</strong></span> 
     </span>
    </p>
   </div>
   <div class='ocr_carea' id='block_1_12' title="bbox 752 1319 2328 1384">
    <p class='ocr_par' dir='ltr' id='par_1_12' title="bbox 752 1319 2328 1384">
     <span class='ocr_line' id='line_1_12' title="bbox 752 1319 2328 1384; baseline -0.003 -9"><span class='ocrx_word' id='word_1_66' title='bbox 752 1322 834 1375; x_wconf 63' lang='lat' dir='ltr'><strong>Ea-</strong></span> <span class='ocrx_word' id='word_1_67' title='bbox 866 1324 1046 1375; x_wconf 87' lang='lat' dir='ltr'><strong>eodem</strong></span> <span class='ocrx_word' id='word_1_68' title='bbox 1073 1338 1335 1384; x_wconf 80' lang='lat' dir='ltr'><strong>sermone,</strong></span> <span class='ocrx_word' id='word_1_69' title='bbox 1366 1325 1417 1375; x_wconf 87' lang='lat' dir='ltr'><strong>in</strong></span> <span class='ocrx_word' id='word_1_70' title='bbox 1442 1323 1573 1376; x_wconf 82' lang='lat' dir='ltr'><strong>illud</strong></span> <span class='ocrx_word' id='word_1_71' title='bbox 1617 1340 1631 1374; x_wconf 88' lang='lat'><strong><em>:</em></strong></span> <span class='ocrx_word' id='word_1_72' title='bbox 1681 1340 1696 1371; x_wconf 85' lang='grc' dir='ltr'><strong>ι</strong></span> <span class='ocrx_word' id='word_1_73' title='bbox 1721 1319 2015 1374; x_wconf 85' lang='lat' dir='ltr'><strong>Innovatur</strong></span> <span class='ocrx_word' id='word_1_74' title='bbox 2048 1328 2224 1373; x_wconf 82' lang='lat' dir='ltr'><strong>autem</strong></span> <span class='ocrx_word' id='word_1_75' title='bbox 2255 1337 2328 1371; x_wconf 80' lang='lat' dir='ltr'><strong>re-</strong></span> 
     </span>
    </p>
   </div>
   <div class='ocr_carea' id='block_1_13' title="bbox 818 1416 2323 1485">
    <p class='ocr_par' dir='ltr' id='par_1_13' title="bbox 818 1416 2323 1485">
     <span class='ocr_line' id='line_1_13' title="bbox 818 1416 2323 1485; baseline -0.003 -14"><span class='ocrx_word' id='word_1_76' title='bbox 818 1434 980 1484; x_wconf 80' lang='lat' dir='ltr'><strong>gnum</strong></span> <span class='ocrx_word' id='word_1_77' title='bbox 998 1416 1191 1478; x_wconf 82' lang='lat' dir='ltr'><strong>David,</strong></span> <span class='ocrx_word' id='word_1_78' title='bbox 1211 1433 1377 1485; x_wconf 83' lang='lat' dir='ltr'><strong>neque</strong></span> <span class='ocrx_word' id='word_1_79' title='bbox 1398 1420 1451 1471; x_wconf 87' lang='lat' dir='ltr'><strong>id</strong></span> <span class='ocrx_word' id='word_1_80' title='bbox 1473 1417 1653 1471; x_wconf 77' lang='lat' dir='ltr'><strong>semel.</strong></span> <span class='ocrx_word' id='word_1_81' title='bbox 1676 1418 1766 1468; x_wconf 87' lang='lat' dir='ltr'><strong>sed</strong></span> <span class='ocrx_word' id='word_1_82' title='bbox 1790 1418 1934 1483; x_wconf 77' lang='lat' dir='ltr'><strong>prius</strong></span> <span class='ocrx_word' id='word_1_83' title='bbox 1960 1434 2075 1469; x_wconf 87' lang='lat' dir='ltr'><strong>cum</strong></span> <span class='ocrx_word' id='word_1_84' title='bbox 2104 1431 2323 1484; x_wconf 73' lang='lat' dir='ltr'><strong>ungere-</strong></span> 
     </span>
    </p>
   </div>
   <div class='ocr_carea' id='block_1_14' title="bbox 820 1508 1941 1577">
    <p class='ocr_par' dir='ltr' id='par_1_14' title="bbox 820 1508 1941 1577">
     <span class='ocr_line' id='line_1_14' title="bbox 820 1508 1941 1577; baseline -0.004 -16"><span class='ocrx_word' id='word_1_85' title='bbox 820 1519 929 1571; x_wconf 86' lang='lat' dir='ltr'><strong>tnr,</strong></span> <span class='ocrx_word' id='word_1_86' title='bbox 959 1525 1021 1561; x_wconf 88' lang='lat' dir='ltr'><strong>ac</strong></span> <span class='ocrx_word' id='word_1_87' title='bbox 1041 1516 1222 1577; x_wconf 78' lang='lat' dir='ltr'><strong>postea</strong></span> <span class='ocrx_word' id='word_1_88' title='bbox 1244 1524 1363 1561; x_wconf 85' lang='lat' dir='ltr'><strong>cum</strong></span> <span class='ocrx_word' id='word_1_89' title='bbox 1392 1523 1484 1560; x_wconf 70' lang='lat' dir='ltr'><strong>rex</strong></span> <span class='ocrx_word' id='word_1_90' title='bbox 1502 1508 1827 1560; x_wconf 80' lang='lat' dir='ltr'><strong>salutaretur</strong></span> <span class='ocrx_word' id='word_1_91' title='bbox 1853 1516 1898 1559; x_wconf 82' lang='lat'><strong>&#39;.</strong></span> <span class='ocrx_word' id='word_1_92' title='bbox 1925 1524 1941 1556; x_wconf 74' lang='grc' dir='ltr'><strong>ι</strong></span> 
     </span>
    </p>
   </div>
   <div class='ocr_carea' id='block_1_15' title="bbox 818 1698 2399 1791">
    <p class='ocr_par' dir='ltr' id='par_1_15' title="bbox 818 1698 2399 1791">
     <span class='ocr_line' id='line_1_15' title="bbox 818 1698 2399 1791; baseline -0.003 -36"><span class='ocrx_word' id='word_1_93' title='bbox 818 1700 942 1755; x_wconf 88' lang='lat' dir='ltr'><strong>Pari</strong></span> <span class='ocrx_word' id='word_1_94' title='bbox 967 1700 1129 1755; x_wconf 91' lang='lat' dir='ltr'><strong>modo</strong></span> <span class='ocrx_word' id='word_1_95' title='bbox 1145 1714 1401 1770; x_wconf 86' lang='lat' dir='ltr'><strong>magnum</strong></span> <span class='ocrx_word' id='word_1_96' title='bbox 1430 1698 1689 1754; x_wconf 82' lang='lat' dir='ltr'><strong>Itavidem</strong></span> <span class='ocrx_word' id='word_1_97' title='bbox 1716 1714 1935 1769; x_wconf 89' lang='lat' dir='ltr'><strong>quoque</strong></span> <span class='ocrx_word' id='word_1_98' title='bbox 1995 1698 2318 1768; x_wconf 84' lang='lat' dir='ltr'><strong>prophetam</strong></span> <span class='ocrx_word' id='word_1_99' title='bbox 2358 1734 2399 1791; x_wconf 69' lang='grc' dir='ltr'><strong><em>Β</em></strong></span> 
     </span>
    </p>
   </div>
   <div class='ocr_carea' id='block_1_16' title="bbox 2435 594 4011 665">
    <p class='ocr_par' dir='ltr' id='par_1_16' title="bbox 2435 594 4011 665">
     <span class='ocr_line' id='line_1_16' title="bbox 2435 594 4011 665; baseline -0.001 -19"><span class='ocrx_word' id='word_1_100' title='bbox 2435 597 2761 665; x_wconf 82' lang='grc' dir='ltr'>μιοὺργησε,</span> <span class='ocrx_word' id='word_1_101' title='bbox 2806 596 2900 647; x_wconf 75' lang='grc' dir='ltr'>καὶ</span> <span class='ocrx_word' id='word_1_102' title='bbox 2954 596 3016 648; x_wconf 83' lang='grc' dir='ltr'>τὸ</span> <span class='ocrx_word' id='word_1_103' title='bbox 3076 595 3297 665; x_wconf 69' lang='grc' dir='ltr'>Πνεῦμα</span> <span class='ocrx_word' id='word_1_104' title='bbox 3366 595 3428 647; x_wconf 82' lang='grc' dir='ltr'>τὸ</span> <span class='ocrx_word' id='word_1_105' title='bbox 3487 595 3643 662; x_wconf 78' lang='grc' dir='ltr'>ἆγιον</span> <span class='ocrx_word' id='word_1_106' title='bbox 3705 594 4011 646; x_wconf 73' lang='grc' dir='ltr'>ἐτελείωσε.</span> 
     </span>
    </p>
   </div>
   <div class='ocr_carea' id='block_1_17' title="bbox 2436 681 4014 753">
    <p class='ocr_par' dir='ltr' id='par_1_17' title="bbox 2436 681 4014 753">
     <span class='ocr_line' id='line_1_17' title="bbox 2436 681 4014 753; baseline -0.004 -15"><span class='ocrx_word' id='word_1_107' title='bbox 2436 686 2456 749; x_wconf 93' lang='grc'><strong>(</strong></span> <span class='ocrx_word' id='word_1_108' title='bbox 2482 681 2641 753; x_wconf 75' lang='grc'><strong>253</strong></span> <span class='ocrx_word' id='word_1_109' title='bbox 2672 682 2740 750; x_wconf 93' lang='lat' dir='ltr'><strong>b)</strong></span> <span class='ocrx_word' id='word_1_110' title='bbox 2773 683 2881 736; x_wconf 77' lang='grc' dir='ltr'><strong>Καὶ</strong></span> <span class='ocrx_word' id='word_1_111' title='bbox 2908 682 3067 745; x_wconf 74' lang='grc' dir='ltr'>αὖθις</span> <span class='ocrx_word' id='word_1_112' title='bbox 3095 684 3194 752; x_wconf 78' lang='grc' dir='ltr'>τῆς</span> <span class='ocrx_word' id='word_1_113' title='bbox 3250 683 3515 751; x_wconf 74' lang='grc' dir='ltr'>αἰσθητῆς</span> <span class='ocrx_word' id='word_1_114' title='bbox 3565 684 3733 752; x_wconf 80' lang='grc' dir='ltr'>μόνης</span> <span class='ocrx_word' id='word_1_115' title='bbox 3763 682 3978 751; x_wconf 76' lang='grc' dir='ltr'>φύσεως</span> <span class='ocrx_word' id='word_1_116' title='bbox 3999 723 4014 745; x_wconf 91' lang='grc'><strong>,</strong></span> 
     </span>
    </p>
   </div>
   <div class='ocr_carea' id='block_1_18' title="bbox 2428 772 4014 843">
    <p class='ocr_par' dir='ltr' id='par_1_18' title="bbox 2428 772 4014 843">
     <span class='ocr_line' id='line_1_18' title="bbox 2428 772 4014 843; baseline -0.001 -18"><span class='ocrx_word' id='word_1_117' title='bbox 2428 775 2525 827; x_wconf 80' lang='grc' dir='ltr'>καὶ</span> <span class='ocrx_word' id='word_1_118' title='bbox 2574 772 2735 843; x_wconf 83' lang='grc' dir='ltr'>μόνου</span> <span class='ocrx_word' id='word_1_119' title='bbox 2814 772 2908 827; x_wconf 80' lang='grc' dir='ltr'>τοῦ</span> <span class='ocrx_word' id='word_1_120' title='bbox 2964 773 3252 843; x_wconf 76' lang='grc' dir='ltr'>ἀνθρώπου</span> <span class='ocrx_word' id='word_1_121' title='bbox 3324 774 3420 826; x_wconf 78' lang='grc' dir='ltr'>τοῦ</span> <span class='ocrx_word' id='word_1_122' title='bbox 3486 777 3551 827; x_wconf 78' lang='grc' dir='ltr'>ὲκ</span> <span class='ocrx_word' id='word_1_123' title='bbox 3611 773 3789 842; x_wconf 69' lang='grc' dir='ltr'>ψυχῆς</span> <span class='ocrx_word' id='word_1_124' title='bbox 3865 772 4014 832; x_wconf 80' lang='grc' dir='ltr'>όντος</span> 
     </span>
    </p>
   </div>
   <div class='ocr_carea' id='block_1_19' title="bbox 2430 862 4016 935">
    <p class='ocr_par' dir='ltr' id='par_1_19' title="bbox 2430 862 4016 935">
     <span class='ocr_line' id='line_1_19' title="bbox 2430 862 4016 935; baseline -0.001 -20"><span class='ocrx_word' id='word_1_125' title='bbox 2430 865 2524 917; x_wconf 74' lang='grc' dir='ltr'>καὶ</span> <span class='ocrx_word' id='word_1_126' title='bbox 2575 864 2848 935; x_wconf 87' lang='grc' dir='ltr'>σώματος,</span> <span class='ocrx_word' id='word_1_127' title='bbox 2897 865 2989 917; x_wconf 76' lang='grc' dir='ltr'>καὶ</span> <span class='ocrx_word' id='word_1_128' title='bbox 3044 865 3211 933; x_wconf 87' lang='grc' dir='ltr'>μόνης</span> <span class='ocrx_word' id='word_1_129' title='bbox 3263 865 3333 917; x_wconf 78' lang='grc' dir='ltr'>αὖ</span> <span class='ocrx_word' id='word_1_130' title='bbox 3374 864 3473 933; x_wconf 80' lang='grc' dir='ltr'>τῆς</span> <span class='ocrx_word' id='word_1_131' title='bbox 3516 864 3693 933; x_wconf 76' lang='grc' dir='ltr'>ψυχῆς</span> <span class='ocrx_word' id='word_1_132' title='bbox 3740 862 4016 915; x_wconf 74' lang='grc' dir='ltr'>καθ’έαυο</span> 
     </span>
    </p>
   </div>
   <div class='ocr_carea' id='block_1_20' title="bbox 2432 953 4012 1026">
    <p class='ocr_par' dir='ltr' id='par_1_20' title="bbox 2432 953 4012 1026">
     <span class='ocr_line' id='line_1_20' title="bbox 2432 953 4012 1026; baseline 0.002 -19"><span class='ocrx_word' id='word_1_133' title='bbox 2432 955 2531 1026; x_wconf 77' lang='grc' dir='ltr'>τὴν</span> <span class='ocrx_word' id='word_1_134' title='bbox 2592 956 2670 1021; x_wconf 80' lang='grc' dir='ltr'><strong>τῷ</strong></span> <span class='ocrx_word' id='word_1_135' title='bbox 2714 956 2857 1024; x_wconf 84' lang='grc' dir='ltr'>λόγῳ</span> <span class='ocrx_word' id='word_1_136' title='bbox 2904 955 3308 1025; x_wconf 77' lang='grc' dir='ltr'><strong>θεωρουμένης,</strong></span> <span class='ocrx_word' id='word_1_137' title='bbox 3354 955 3506 1007; x_wconf 75' lang='grc' dir='ltr'>ἐστὶν</span> <span class='ocrx_word' id='word_1_138' title='bbox 3552 953 3715 1007; x_wconf 80' lang='grc' dir='ltr'>εἰκὼν</span> <span class='ocrx_word' id='word_1_139' title='bbox 3742 955 3775 1022; x_wconf 77' lang='grc' dir='ltr'>ἡ</span> <span class='ocrx_word' id='word_1_140' title='bbox 3812 954 4012 1019; x_wconf 75' lang='grc' dir='ltr'>σκηνὴ.</span> 
     </span>
    </p>
   </div>
   <div class='ocr_carea' id='block_1_21' title="bbox 2432 1042 4013 1115">
    <p class='ocr_par' dir='ltr' id='par_1_21' title="bbox 2432 1042 4013 1115">
     <span class='ocr_line' id='line_1_21' title="bbox 2432 1042 4013 1115; baseline -0.001 -17"><span class='ocrx_word' id='word_1_141' title='bbox 2432 1045 2576 1099; x_wconf 81' lang='grc' dir='ltr'>κατὰ</span> <span class='ocrx_word' id='word_1_142' title='bbox 2626 1046 2717 1098; x_wconf 72' lang='grc' dir='ltr'><strong>τὸν</strong></span> <span class='ocrx_word' id='word_1_143' title='bbox 2776 1046 2997 1114; x_wconf 78' lang='grc' dir='ltr'><strong>ἑκάστῳ</strong></span> <span class='ocrx_word' id='word_1_144' title='bbox 3063 1046 3339 1114; x_wconf 81' lang='grc' dir='ltr'><strong>πρέποντα</strong></span> <span class='ocrx_word' id='word_1_145' title='bbox 3391 1044 3595 1115; x_wconf 81' lang='grc' dir='ltr'>δηλαδὴ</span> <span class='ocrx_word' id='word_1_146' title='bbox 3663 1042 4013 1113; x_wconf 74' lang='grc' dir='ltr'>θεωρουμένη</span> 
     </span>
    </p>
   </div>
   <div class='ocr_carea' id='block_1_22' title="bbox 2434 1138 2611 1206">
    <p class='ocr_par' dir='ltr' id='par_1_22' title="bbox 2434 1138 2611 1206">
     <span class='ocr_line' id='line_1_22' title="bbox 2434 1138 2611 1206; baseline 0.028 -18"><span class='ocrx_word' id='word_1_147' title='bbox 2434 1138 2611 1206; x_wconf 75' lang='grc' dir='ltr'>λόγον.</span> 
     </span>
    </p>
   </div>
   <div class='ocr_carea' id='block_1_23' title="bbox 2446 1312 4013 1385">
    <p class='ocr_par' dir='ltr' id='par_1_23' title="bbox 2446 1312 4013 1385">
     <span class='ocr_line' id='line_1_23' title="bbox 2446 1312 4013 1385; baseline -0.004 -14"><span class='ocrx_word' id='word_1_148' title='bbox 2446 1320 2539 1373; x_wconf 75' lang='grc' dir='ltr'><em>Ἐκ</em></span> <span class='ocrx_word' id='word_1_149' title='bbox 2573 1318 2679 1373; x_wconf 83' lang='grc' dir='ltr'>τοῦ</span> <span class='ocrx_word' id='word_1_150' title='bbox 2707 1318 2895 1371; x_wconf 81' lang='grc' dir='ltr'>αὐτοῦ</span> <span class='ocrx_word' id='word_1_151' title='bbox 2921 1317 3130 1385; x_wconf 73' lang='grc' dir='ltr'>λόγου,</span> <span class='ocrx_word' id='word_1_152' title='bbox 3156 1319 3243 1383; x_wconf 76' lang='grc' dir='ltr'><strong>εἰς</strong></span> <span class='ocrx_word' id='word_1_153' title='bbox 3265 1317 3352 1370; x_wconf 83' lang='grc' dir='ltr'>τό’</span> <span class='ocrx_word' id='word_1_154' title='bbox 3397 1334 3414 1367; x_wconf 85' lang='grc' dir='ltr'><strong>ι</strong></span> <span class='ocrx_word' id='word_1_155' title='bbox 3439 1314 3850 1385; x_wconf 75' lang='grc' dir='ltr'>Ἐγκαινίζεται</span> <span class='ocrx_word' id='word_1_156' title='bbox 3881 1312 3950 1365; x_wconf 75' lang='grc' dir='ltr'><strong><em>δὲ</em></strong></span> <span class='ocrx_word' id='word_1_157' title='bbox 3974 1314 4013 1381; x_wconf 81' lang='grc' dir='ltr'><strong><em>ἠ</em></strong></span> 
     </span>
    </p>
   </div>
   <div class='ocr_carea' id='block_1_24' title="bbox 2496 1404 4011 1473">
    <p class='ocr_par' dir='ltr' id='par_1_24' title="bbox 2496 1404 4011 1473">
     <span class='ocr_line' id='line_1_24' title="bbox 2496 1404 4011 1473; baseline -0.005 -11"><span class='ocrx_word' id='word_1_158' title='bbox 2496 1409 2790 1472; x_wconf 68' lang='grc' dir='ltr'>,ϐασιλεία</span> <span class='ocrx_word' id='word_1_159' title='bbox 2814 1406 2993 1459; x_wconf 75' lang='grc' dir='ltr'>Δαϐὶδ</span> <span class='ocrx_word' id='word_1_160' title='bbox 3014 1447 3029 1470; x_wconf 94' lang='grc'><strong>,</strong></span> <span class='ocrx_word' id='word_1_161' title='bbox 3053 1406 3151 1459; x_wconf 77' lang='grc' dir='ltr'>καὶ</span> <span class='ocrx_word' id='word_1_162' title='bbox 3184 1407 3296 1473; x_wconf 84' lang='grc' dir='ltr'>οὐχ</span> <span class='ocrx_word' id='word_1_163' title='bbox 3335 1405 3499 1468; x_wconf 80' lang='grc' dir='ltr'>ἅπαξ</span> <span class='ocrx_word' id='word_1_164' title='bbox 3507 1446 3521 1469; x_wconf 92' lang='grc'><strong>,</strong></span> <span class='ocrx_word' id='word_1_165' title='bbox 3557 1405 3719 1459; x_wconf 69' lang='grc' dir='ltr'>ἀλλὰ</span> <span class='ocrx_word' id='word_1_166' title='bbox 3749 1404 4011 1472; x_wconf 76' lang='grc' dir='ltr'>’χριομέ-</span> 
     </span>
    </p>
   </div>
   <div class='ocr_carea' id='block_1_25' title="bbox 2499 1494 4007 1566">
    <p class='ocr_par' dir='ltr' id='par_1_25' title="bbox 2499 1494 4007 1566">
     <span class='ocr_line' id='line_1_25' title="bbox 2499 1494 4007 1566; baseline -0.003 -16"><span class='ocrx_word' id='word_1_167' title='bbox 2499 1516 2610 1552; x_wconf 85' lang='grc' dir='ltr'><strong>νου</strong></span> <span class='ocrx_word' id='word_1_168' title='bbox 2635 1499 2703 1552; x_wconf 86' lang='grc' dir='ltr'>τὸ</span> <span class='ocrx_word' id='word_1_169' title='bbox 2734 1501 3048 1566; x_wconf 81' lang='grc' dir='ltr'>πρότερον,</span> <span class='ocrx_word' id='word_1_170' title='bbox 3079 1499 3177 1551; x_wconf 72' lang='grc' dir='ltr'>καὶ</span> <span class='ocrx_word' id='word_1_171' title='bbox 3207 1498 3730 1566; x_wconf 71' lang='grc' dir='ltr'>άνατορευομένου</span> <span class='ocrx_word' id='word_1_172' title='bbox 3768 1495 3838 1549; x_wconf 86' lang='grc' dir='ltr'>τὸ</span> <span class='ocrx_word' id='word_1_173' title='bbox 3873 1494 4007 1546; x_wconf 77' lang='grc' dir='ltr'><strong>δεύο</strong></span> 
     </span>
    </p>
   </div>
   <div class='ocr_carea' id='block_1_26' title="bbox 2496 1589 2893 1659">
    <p class='ocr_par' dir='ltr' id='par_1_26' title="bbox 2496 1589 2893 1659">
     <span class='ocr_line' id='line_1_26' title="bbox 2496 1589 2893 1659; baseline -0.005 -16"><span class='ocrx_word' id='word_1_174' title='bbox 2496 1606 2670 1657; x_wconf 79' lang='grc' dir='ltr'>τερον</span> <span class='ocrx_word' id='word_1_175' title='bbox 2700 1589 2835 1659; x_wconf 82' lang='lat'><strong>(58).</strong></span> <span class='ocrx_word' id='word_1_176' title='bbox 2874 1608 2893 1640; x_wconf 72' lang='grc' dir='ltr'><strong><em>ι</em></strong></span> 
     </span>
    </p>
   </div>
   <div class='ocr_carea' id='block_1_27' title="bbox 2509 1694 4010 1768">
    <p class='ocr_par' dir='ltr' id='par_1_27' title="bbox 2509 1694 4010 1768">
     <span class='ocr_line' id='line_1_27' title="bbox 2509 1694 4010 1768; baseline -0.015 -2"><span class='ocrx_word' id='word_1_177' title='bbox 2509 1698 2749 1768; x_wconf 81' lang='grc' dir='ltr'>ὀμοίως</span> <span class='ocrx_word' id='word_1_178' title='bbox 2783 1698 2878 1750; x_wconf 76' lang='grc' dir='ltr'><strong>καὶ</strong></span> <span class='ocrx_word' id='word_1_179' title='bbox 2914 1698 3009 1752; x_wconf 82' lang='grc' dir='ltr'><strong>τὸν</strong></span> <span class='ocrx_word' id='word_1_180' title='bbox 3042 1695 3217 1767; x_wconf 86' lang='grc' dir='ltr'>μέγαν</span> <span class='ocrx_word' id='word_1_181' title='bbox 3245 1696 3411 1751; x_wconf 72' lang='grc' dir='ltr'>Δασιδ</span> <span class='ocrx_word' id='word_1_182' title='bbox 3452 1697 3546 1751; x_wconf 79' lang='grc' dir='ltr'><strong>τὸν</strong></span> <span class='ocrx_word' id='word_1_183' title='bbox 3590 1696 3888 1768; x_wconf 78' lang='grc' dir='ltr'><strong>προφήτην</strong></span> <span class='ocrx_word' id='word_1_184' title='bbox 3914 1694 4010 1745; x_wconf 74' lang='grc' dir='ltr'>καὶ</span> 
     </span>
    </p>
   </div>
   <div class='ocr_carea' id='block_1_28' title="bbox 748 1785 2333 1863">
    <p class='ocr_par' dir='ltr' id='par_1_28' title="bbox 748 1790 2318 1863">
     <span class='ocr_line' id='line_1_28' title="bbox 748 1790 2318 1863; baseline -0.003 -16"><span class='ocrx_word' id='word_1_185' title='bbox 748 1804 915 1863; x_wconf 82' lang='lat' dir='ltr'><strong>atque</strong></span> <span class='ocrx_word' id='word_1_186' title='bbox 949 1809 1153 1862; x_wconf 90' lang='lat' dir='ltr'><strong>regem,</strong></span> <span class='ocrx_word' id='word_1_187' title='bbox 1179 1800 1412 1861; x_wconf 86' lang='lat' dir='ltr'><strong>augusto</strong></span> <span class='ocrx_word' id='word_1_188' title='bbox 1443 1791 1750 1860; x_wconf 87' lang='lat' dir='ltr'><strong>spiritualis</strong></span> <span class='ocrx_word' id='word_1_189' title='bbox 1774 1806 1969 1846; x_wconf 86' lang='lat' dir='ltr'><strong>sensus</strong></span> <span class='ocrx_word' id='word_1_190' title='bbox 2008 1805 2071 1844; x_wconf 90' lang='lat' dir='ltr'><strong>ac</strong></span> <span class='ocrx_word' id='word_1_191' title='bbox 2103 1790 2318 1860; x_wconf 82' lang='lat' dir='ltr'><strong>mystici</strong></span> 
     </span>
    </p>
   </div>
   <div class='ocr_carea' id='block_1_29' title="bbox 2424 1785 4009 1863">
    <p class='ocr_par' dir='ltr' id='par_1_29' title="bbox 2428 1785 4009 1858">
     <span class='ocr_line' id='line_1_29' title="bbox 2428 1785 4009 1858; baseline -0.004 -16"><span class='ocrx_word' id='word_1_192' title='bbox 2428 1787 2655 1858; x_wconf 76' lang='grc' dir='ltr'><strong>βασιλέα</strong></span> <span class='ocrx_word' id='word_1_193' title='bbox 2675 1826 2691 1852; x_wconf 88' lang='grc'><strong>,</strong></span> <span class='ocrx_word' id='word_1_194' title='bbox 2720 1788 3060 1858; x_wconf 82' lang='grc' dir='ltr'>πολύσεμνον</span> <span class='ocrx_word' id='word_1_195' title='bbox 3101 1786 3295 1855; x_wconf 73' lang='grc' dir='ltr'>ἔχοντα</span> <span class='ocrx_word' id='word_1_196' title='bbox 3327 1788 3420 1840; x_wconf 80' lang='grc' dir='ltr'>τὸν</span> <span class='ocrx_word' id='word_1_197' title='bbox 3456 1787 3545 1840; x_wconf 71' lang='grc' dir='ltr'><strong>ἐπ’</strong></span> <span class='ocrx_word' id='word_1_198' title='bbox 3578 1786 3729 1856; x_wconf 86' lang='grc' dir='ltr'>αὑτῷ</span> <span class='ocrx_word' id='word_1_199' title='bbox 3762 1785 3869 1854; x_wconf 82' lang='grc' dir='ltr'>τῆς</span> <span class='ocrx_word' id='word_1_200' title='bbox 3895 1787 4009 1851; x_wconf 76' lang='grc' dir='ltr'>ξάν-</span> 
     </span>
    </p>
   </div>
   <div class='ocr_carea' id='block_1_30' title="bbox 746 1882 2323 1953">
    <p class='ocr_par' dir='ltr' id='par_1_30' title="bbox 746 1882 2323 1953">
     <span class='ocr_line' id='line_1_30' title="bbox 746 1882 2323 1953; baseline -0.003 -14"><span class='ocrx_word' id='word_1_201' title='bbox 746 1885 967 1939; x_wconf 87' lang='lat' dir='ltr'><strong>nomine</strong></span> <span class='ocrx_word' id='word_1_202' title='bbox 1015 1895 1293 1947; x_wconf 86' lang='lat' dir='ltr'><strong>ornatum,</strong></span> <span class='ocrx_word' id='word_1_203' title='bbox 1344 1899 1455 1953; x_wconf 91' lang='lat' dir='ltr'><strong>quo</strong></span> <span class='ocrx_word' id='word_1_204' title='bbox 1505 1898 1632 1936; x_wconf 90' lang='lat' dir='ltr'><strong>eum</strong></span> <span class='ocrx_word' id='word_1_205' title='bbox 1662 1884 1717 1936; x_wconf 91' lang='lat' dir='ltr'><strong>in</strong></span> <span class='ocrx_word' id='word_1_206' title='bbox 1750 1882 2003 1951; x_wconf 72' lang='lat' dir='ltr'><strong>praesenti</strong></span> <span class='ocrx_word' id='word_1_207' title='bbox 2038 1882 2159 1935; x_wconf 86' lang='lat' dir='ltr'><strong>loco</strong></span> <span class='ocrx_word' id='word_1_208' title='bbox 2210 1897 2323 1935; x_wconf 88' lang='lat' dir='ltr'><strong>ma-</strong></span> 
     </span>
    </p>
   </div>
   <div class='ocr_carea' id='block_1_31' title="bbox 748 1973 2313 2046">
    <p class='ocr_par' dir='ltr' id='par_1_31' title="bbox 748 1973 2313 2046">
     <span class='ocr_line' id='line_1_31' title="bbox 748 1973 2313 2046; baseline -0.004 -14"><span class='ocrx_word' id='word_1_209' title='bbox 748 1978 918 2046; x_wconf 83' lang='lat' dir='ltr'><strong>gister</strong></span> <span class='ocrx_word' id='word_1_210' title='bbox 948 1974 1351 2044; x_wconf 80' lang='lat' dir='ltr'><strong>contemplatus</strong></span> <span class='ocrx_word' id='word_1_211' title='bbox 1399 1984 1502 2039; x_wconf 90' lang='lat' dir='ltr'><strong>est,</strong></span> <span class='ocrx_word' id='word_1_212' title='bbox 1530 1990 1630 2028; x_wconf 89' lang='lat' dir='ltr'><strong>nos</strong></span> <span class='ocrx_word' id='word_1_213' title='bbox 1693 1988 1910 2043; x_wconf 89' lang='lat' dir='ltr'><strong>quoque</strong></span> <span class='ocrx_word' id='word_1_214' title='bbox 1960 1973 2313 2042; x_wconf 89' lang='lat' dir='ltr'><strong>accipiamus.</strong></span> 
     </span>
    </p>
   </div>
   <div class='ocr_carea' id='block_1_32' title="bbox 745 2064 2320 2138">
    <p class='ocr_par' dir='ltr' id='par_1_32' title="bbox 745 2064 2320 2138">
     <span class='ocr_line' id='line_1_32' title="bbox 745 2064 2320 2138; baseline -0.003 -16"><span class='ocrx_word' id='word_1_215' title='bbox 745 2067 918 2123; x_wconf 81' lang='lat' dir='ltr'><strong>David</strong></span> <span class='ocrx_word' id='word_1_216' title='bbox 951 2067 1117 2138; x_wconf 86' lang='lat' dir='ltr'><strong>igitur</strong></span> <span class='ocrx_word' id='word_1_217' title='bbox 1143 2065 1528 2120; x_wconf 82' lang='lat' dir='ltr'><strong>intellectualis</strong></span> <span class='ocrx_word' id='word_1_218' title='bbox 1556 2074 1642 2119; x_wconf 91' lang='lat' dir='ltr'><strong>est</strong></span> <span class='ocrx_word' id='word_1_219' title='bbox 1658 2079 1823 2120; x_wconf 85' lang='lat' dir='ltr'><strong>verus</strong></span> <span class='ocrx_word' id='word_1_220' title='bbox 1854 2079 1946 2117; x_wconf 76' lang='lat' dir='ltr'><strong>res</strong></span> <span class='ocrx_word' id='word_1_221' title='bbox 1991 2064 2207 2118; x_wconf 85' lang='lat' dir='ltr'><strong>Israelis</strong></span> <span class='ocrx_word' id='word_1_222' title='bbox 2261 2074 2320 2118; x_wconf 91' lang='lat' dir='ltr'><strong>et</strong></span> 
     </span>
    </p>
   </div>
   <div class='ocr_carea' id='block_1_33' title="bbox 745 2155 2317 2225">
    <p class='ocr_par' dir='ltr' id='par_1_33' title="bbox 745 2155 2317 2225">
     <span class='ocr_line' id='line_1_33' title="bbox 745 2155 2317 2225; baseline -0.004 -12"><span class='ocrx_word' id='word_1_223' title='bbox 745 2160 918 2213; x_wconf 88' lang='lat' dir='ltr'><strong>Deum</strong></span> <span class='ocrx_word' id='word_1_224' title='bbox 943 2157 1183 2212; x_wconf 87' lang='lat' dir='ltr'><strong>videntis</strong></span> <span class='ocrx_word' id='word_1_225' title='bbox 1202 2156 1364 2212; x_wconf 82' lang='lat' dir='ltr'><strong>Jesus</strong></span> <span class='ocrx_word' id='word_1_226' title='bbox 1407 2155 1680 2219; x_wconf 85' lang='lat' dir='ltr'><strong>Christus,</strong></span> <span class='ocrx_word' id='word_1_227' title='bbox 1729 2172 1831 2225; x_wconf 90' lang='lat' dir='ltr'><strong>pro</strong></span> <span class='ocrx_word' id='word_1_228' title='bbox 1868 2156 2057 2225; x_wconf 89' lang='lat' dir='ltr'><strong>priore</strong></span> <span class='ocrx_word' id='word_1_229' title='bbox 2094 2156 2317 2225; x_wconf 86' lang='lat' dir='ltr'><strong>quidem</strong></span> 
     </span>
    </p>
   </div>
   <div class='ocr_carea' id='block_1_34' title="bbox 746 2249 2316 2318">
    <p class='ocr_par' dir='ltr' id='par_1_34' title="bbox 746 2249 2316 2318">
     <span class='ocr_line' id='line_1_34' title="bbox 746 2249 2316 2318; baseline -0.002 -14"><span class='ocrx_word' id='word_1_230' title='bbox 746 2267 848 2304; x_wconf 82' lang='lat' dir='ltr'><strong>suo</strong></span> <span class='ocrx_word' id='word_1_231' title='bbox 877 2250 1121 2305; x_wconf 88' lang='lat' dir='ltr'><strong>adventu</strong></span> <span class='ocrx_word' id='word_1_232' title='bbox 1145 2249 1508 2304; x_wconf 77' lang='lat' dir='ltr'><strong>humanitatis</strong></span> <span class='ocrx_word' id='word_1_233' title='bbox 1551 2250 1812 2318; x_wconf 84' lang='lat' dir='ltr'><strong>opinione</strong></span> <span class='ocrx_word' id='word_1_234' title='bbox 1866 2259 2089 2311; x_wconf 90' lang='lat' dir='ltr'><strong>unctus,</strong></span> <span class='ocrx_word' id='word_1_235' title='bbox 2128 2259 2188 2302; x_wconf 92' lang='lat' dir='ltr'><strong>ut</strong></span> <span class='ocrx_word' id='word_1_236' title='bbox 2214 2250 2316 2302; x_wconf 87' lang='lat' dir='ltr'><strong>do-</strong></span> 
     </span>
    </p>
   </div>
   <div class='ocr_carea' id='block_1_35' title="bbox 747 2341 2315 2411">
    <p class='ocr_par' dir='ltr' id='par_1_35' title="bbox 747 2341 2315 2411">
     <span class='ocr_line' id='line_1_35' title="bbox 747 2341 2315 2411; baseline -0.002 -13"><span class='ocrx_word' id='word_1_237' title='bbox 747 2354 867 2399; x_wconf 90' lang='lat' dir='ltr'><strong>ctor</strong></span> <span class='ocrx_word' id='word_1_238' title='bbox 896 2344 1030 2398; x_wconf 90' lang='lat' dir='ltr'><strong>alibi</strong></span> <span class='ocrx_word' id='word_1_239' title='bbox 1050 2342 1150 2407; x_wconf 82' lang='lat' dir='ltr'><strong>ait,</strong></span> <span class='ocrx_word' id='word_1_240' title='bbox 1173 2342 1578 2396; x_wconf 87' lang='lat' dir='ltr'><strong>humanitatem</strong></span> <span class='ocrx_word' id='word_1_241' title='bbox 1619 2356 1836 2411; x_wconf 87' lang='lat' dir='ltr'><strong>ungens</strong></span> <span class='ocrx_word' id='word_1_242' title='bbox 1866 2341 2098 2403; x_wconf 89' lang='lat' dir='ltr'><strong>deitate,</strong></span> <span class='ocrx_word' id='word_1_243' title='bbox 2132 2352 2188 2395; x_wconf 92' lang='lat' dir='ltr'><strong>et</strong></span> <span class='ocrx_word' id='word_1_244' title='bbox 2236 2342 2315 2395; x_wconf 81' lang='lat' dir='ltr'><strong>fa-</strong></span> 
     </span>
    </p>
   </div>
   <div class='ocr_carea' id='block_1_36' title="bbox 745 2433 2317 2505">
    <p class='ocr_par' dir='ltr' id='par_1_36' title="bbox 745 2433 2317 2505">
     <span class='ocr_line' id='line_1_36' title="bbox 745 2433 2317 2505; baseline -0.004 -14"><span class='ocrx_word' id='word_1_245' title='bbox 745 2438 902 2491; x_wconf 85' lang='lat' dir='ltr'><strong>ciens</strong></span> <span class='ocrx_word' id='word_1_246' title='bbox 921 2434 1074 2505; x_wconf 87' lang='lat' dir='ltr'><strong>quod</strong></span> <span class='ocrx_word' id='word_1_247' title='bbox 1132 2442 1475 2504; x_wconf 80' lang='lat' dir='ltr'><strong>unguentum</strong></span> <span class='ocrx_word' id='word_1_248' title='bbox 1507 2452 1521 2486; x_wconf 84' lang='lat'><strong>:</strong></span> <span class='ocrx_word' id='word_1_249' title='bbox 1570 2448 1671 2502; x_wconf 88' lang='lat' dir='ltr'><strong>pro</strong></span> <span class='ocrx_word' id='word_1_250' title='bbox 1698 2433 1876 2487; x_wconf 87' lang='lat' dir='ltr'><strong>altero</strong></span> <span class='ocrx_word' id='word_1_251' title='bbox 1922 2448 2055 2487; x_wconf 91' lang='lat' dir='ltr'><strong>vero</strong></span> <span class='ocrx_word' id='word_1_252' title='bbox 2082 2441 2138 2487; x_wconf 90' lang='lat' dir='ltr'><strong>et</strong></span> <span class='ocrx_word' id='word_1_253' title='bbox 2178 2449 2317 2502; x_wconf 61' lang='lat' dir='ltr'><strong>prie-</strong></span> 
     </span>
    </p>
   </div>
   <div class='ocr_carea' id='block_1_37' title="bbox 746 2526 2319 2594">
    <p class='ocr_par' dir='ltr' id='par_1_37' title="bbox 746 2526 2319 2594">
     <span class='ocr_line' id='line_1_37' title="bbox 746 2526 2319 2594; baseline -0.003 -13"><span class='ocrx_word' id='word_1_254' title='bbox 746 2530 899 2581; x_wconf 87' lang='lat' dir='ltr'><strong>claro</strong></span> <span class='ocrx_word' id='word_1_255' title='bbox 934 2527 1203 2590; x_wconf 90' lang='lat' dir='ltr'><strong>adventu,</strong></span> <span class='ocrx_word' id='word_1_256' title='bbox 1249 2536 1312 2581; x_wconf 90' lang='lat' dir='ltr'><strong>ut</strong></span> <span class='ocrx_word' id='word_1_257' title='bbox 1338 2527 1483 2581; x_wconf 89' lang='lat' dir='ltr'><strong>Deus</strong></span> <span class='ocrx_word' id='word_1_258' title='bbox 1508 2538 1567 2581; x_wconf 91' lang='lat' dir='ltr'><strong>et</strong></span> <span class='ocrx_word' id='word_1_259' title='bbox 1611 2526 1877 2581; x_wconf 90' lang='lat' dir='ltr'><strong>Dominus</strong></span> <span class='ocrx_word' id='word_1_260' title='bbox 1915 2535 2082 2594; x_wconf 88' lang='lat' dir='ltr'><strong>atque</strong></span> <span class='ocrx_word' id='word_1_261' title='bbox 2138 2526 2319 2579; x_wconf 88' lang='lat' dir='ltr'><strong>omnis</strong></span> 
     </span>
    </p>
   </div>
   <div class='ocr_carea' id='block_1_38' title="bbox 745 2619 2013 2688">
    <p class='ocr_par' dir='ltr' id='par_1_38' title="bbox 745 2619 2013 2688">
     <span class='ocr_line' id='line_1_38' title="bbox 745 2619 2013 2688; baseline -0.004 -12"><span class='ocrx_word' id='word_1_262' title='bbox 745 2619 1083 2676; x_wconf 82' lang='lat' dir='ltr'><strong>conditionis</strong></span> <span class='ocrx_word' id='word_1_263' title='bbox 1102 2635 1196 2672; x_wconf 79' lang='lat' dir='ltr'><strong>res</strong></span> <span class='ocrx_word' id='word_1_264' title='bbox 1218 2628 1273 2674; x_wconf 91' lang='lat' dir='ltr'><strong>et</strong></span> <span class='ocrx_word' id='word_1_265' title='bbox 1297 2620 1572 2674; x_wconf 79' lang='lat' dir='ltr'><strong>exsistens</strong></span> <span class='ocrx_word' id='word_1_266' title='bbox 1594 2629 1649 2673; x_wconf 92' lang='lat' dir='ltr'><strong>et</strong></span> <span class='ocrx_word' id='word_1_267' title='bbox 1682 2619 2013 2688; x_wconf 84' lang='lat' dir='ltr'><strong>appellatus.</strong></span> 
     </span>
    </p>
   </div>
   <div class='ocr_carea' id='block_1_39' title="bbox 747 2965 2319 3035">
    <p class='ocr_par' dir='ltr' id='par_1_39' title="bbox 747 2965 2319 3035">
     <span class='ocr_line' id='line_1_39' title="bbox 747 2965 2319 3035; baseline -0.001 -15"><span class='ocrx_word' id='word_1_268' title='bbox 747 2966 809 3020; x_wconf 87' lang='lat' dir='ltr'><strong>In</strong></span> <span class='ocrx_word' id='word_1_269' title='bbox 845 2973 1161 3035; x_wconf 77' lang='lat' dir='ltr'><strong>pra’sentem</strong></span> <span class='ocrx_word' id='word_1_270' title='bbox 1190 2979 1485 3017; x_wconf 78' lang='lat' dir='ltr'><strong>sermonem</strong></span> <span class='ocrx_word' id='word_1_271' title='bbox 1518 2976 1640 3018; x_wconf 86' lang='lat' dir='ltr'><strong>sunt</strong></span> <span class='ocrx_word' id='word_1_272' title='bbox 1672 2967 1765 3035; x_wconf 85' lang='lat' dir='ltr'><strong>qui</strong></span> <span class='ocrx_word' id='word_1_273' title='bbox 1797 2974 2042 3033; x_wconf 70' lang='lat' dir='ltr'><strong>quierant</strong></span> <span class='ocrx_word' id='word_1_274' title='bbox 2069 2965 2319 3019; x_wconf 78' lang='lat' dir='ltr'><strong>dicentes:</strong></span> 
     </span>
    </p>
   </div>
   <div class='ocr_carea' id='block_1_40' title="bbox 2425 1876 4011 1949">
    <p class='ocr_par' dir='ltr' id='par_1_40' title="bbox 2425 1876 4011 1949">
     <span class='ocr_line' id='line_1_40' title="bbox 2425 1876 4011 1949; baseline -0.003 -17"><span class='ocrx_word' id='word_1_275' title='bbox 2425 1879 2653 1949; x_wconf 80' lang='grc' dir='ltr'>αγωγῆς</span> <span class='ocrx_word' id='word_1_276' title='bbox 2697 1880 2877 1946; x_wconf 78' lang='grc' dir='ltr'>λόγον,</span> <span class='ocrx_word' id='word_1_277' title='bbox 2927 1879 3052 1933; x_wconf 84' lang='grc' dir='ltr'>καθ’</span> <span class='ocrx_word' id='word_1_278' title='bbox 3086 1879 3145 1931; x_wconf 81' lang='grc' dir='ltr'>ὃν</span> <span class='ocrx_word' id='word_1_279' title='bbox 3180 1880 3273 1932; x_wconf 81' lang='grc' dir='ltr'><strong>ὲπὶ</strong></span> <span class='ocrx_word' id='word_1_280' title='bbox 3319 1877 3415 1932; x_wconf 80' lang='grc' dir='ltr'>τοῦ</span> <span class='ocrx_word' id='word_1_281' title='bbox 3464 1879 3737 1948; x_wconf 79' lang='grc' dir='ltr'><strong>παρόντος</strong></span> <span class='ocrx_word' id='word_1_282' title='bbox 3784 1876 3954 1930; x_wconf 86' lang='grc' dir='ltr'>αὑτὸν</span> <span class='ocrx_word' id='word_1_283' title='bbox 3983 1880 4011 1927; x_wconf 86' lang='grc' dir='ltr'>ὁ</span> 
     </span>
    </p>
   </div>
   <div class='ocr_carea' id='block_1_41' title="bbox 2424 1968 4009 2043">
    <p class='ocr_par' dir='ltr' id='par_1_41' title="bbox 2424 1968 4009 2043">
     <span class='ocr_line' id='line_1_41' title="bbox 2424 1968 4009 2043; baseline -0.004 -18"><span class='ocrx_word' id='word_1_284' title='bbox 2424 1971 2744 2034; x_wconf 85' lang='grc' dir='ltr'>διδάσκαλος</span> <span class='ocrx_word' id='word_1_285' title='bbox 2771 1970 3071 2043; x_wconf 64' lang='grc' dir='ltr'>ἐθεώρησε,</span> <span class='ocrx_word' id='word_1_286' title='bbox 3100 1974 3197 2026; x_wconf 75' lang='grc' dir='ltr'>καὶ</span> <span class='ocrx_word' id='word_1_287' title='bbox 3236 1971 3401 2040; x_wconf 80' lang='grc' dir='ltr'><strong>ἡμεῖς</strong></span> <span class='ocrx_word' id='word_1_288' title='bbox 3433 1970 3804 2038; x_wconf 73' lang='grc' dir='ltr'>ἑκδεξώμεθα.</span> <span class='ocrx_word' id='word_1_289' title='bbox 3845 1968 4009 2021; x_wconf 69' lang='grc' dir='ltr'>Δασιδ</span> 
     </span>
    </p>
   </div>
   <div class='ocr_carea' id='block_1_42' title="bbox 2424 2059 4000 2131">
    <p class='ocr_par' dir='ltr' id='par_1_42' title="bbox 2424 2059 4000 2131">
     <span class='ocr_line' id='line_1_42' title="bbox 2424 2059 4000 2131; baseline -0.002 -17"><span class='ocrx_word' id='word_1_290' title='bbox 2424 2061 2605 2115; x_wconf 82' lang='grc' dir='ltr'>τοίνυν</span> <span class='ocrx_word' id='word_1_291' title='bbox 2638 2062 2755 2114; x_wconf 77' lang='grc' dir='ltr'>ἐστὶ</span> <span class='ocrx_word' id='word_1_292' title='bbox 2786 2060 2975 2131; x_wconf 82' lang='grc' dir='ltr'><strong>νοητὸς</strong></span> <span class='ocrx_word' id='word_1_293' title='bbox 3008 2063 3038 2113; x_wconf 88' lang='grc' dir='ltr'><strong>ό</strong></span> <span class='ocrx_word' id='word_1_294' title='bbox 3067 2060 3323 2130; x_wconf 80' lang='grc' dir='ltr'>ἀληθινὸς</span> <span class='ocrx_word' id='word_1_295' title='bbox 3352 2060 3610 2131; x_wconf 80' lang='grc' dir='ltr'>βασιλεὺς</span> <span class='ocrx_word' id='word_1_296' title='bbox 3637 2059 3732 2113; x_wconf 76' lang='grc' dir='ltr'>τοῦ</span> <span class='ocrx_word' id='word_1_297' title='bbox 3776 2059 4000 2130; x_wconf 79' lang='grc' dir='ltr'>Ἰσραὴλ</span> 
     </span>
    </p>
   </div>
   <div class='ocr_carea' id='block_1_43' title="bbox 2426 2150 4009 2223">
    <p class='ocr_par' dir='ltr' id='par_1_43' title="bbox 2426 2150 4009 2223">
     <span class='ocr_line' id='line_1_43' title="bbox 2426 2150 4009 2223; baseline -0.001 -20"><span class='ocrx_word' id='word_1_298' title='bbox 2426 2152 2521 2203; x_wconf 74' lang='grc' dir='ltr'>καὶ</span> <span class='ocrx_word' id='word_1_299' title='bbox 2569 2151 2801 2223; x_wconf 81' lang='grc' dir='ltr'>ὁρῶντος</span> <span class='ocrx_word' id='word_1_300' title='bbox 2839 2152 2973 2205; x_wconf 78' lang='grc' dir='ltr'><strong>Θεὸν</strong></span> <span class='ocrx_word' id='word_1_301' title='bbox 3015 2150 3226 2221; x_wconf 85' lang='grc' dir='ltr'>Ἰησοῦς</span> <span class='ocrx_word' id='word_1_302' title='bbox 3266 2152 3540 2223; x_wconf 77' lang='grc' dir='ltr'>Χριστὸς,</span> <span class='ocrx_word' id='word_1_303' title='bbox 3568 2152 3712 2205; x_wconf 82' lang='grc' dir='ltr'>κατὰ</span> <span class='ocrx_word' id='word_1_304' title='bbox 3765 2151 3868 2220; x_wconf 77' lang='grc' dir='ltr'>μὲν</span> <span class='ocrx_word' id='word_1_305' title='bbox 3910 2151 4009 2219; x_wconf 72' lang='grc' dir='ltr'>τὴν</span> 
     </span>
    </p>
   </div>
   <div class='ocr_carea' id='block_1_44' title="bbox 2416 2240 4006 2312">
    <p class='ocr_par' dir='ltr' id='par_1_44' title="bbox 2416 2240 4006 2312">
     <span class='ocr_line' id='line_1_44' title="bbox 2416 2240 4006 2312; baseline -0.002 -18"><span class='ocrx_word' id='word_1_306' title='bbox 2416 2241 2641 2312; x_wconf 86' lang='grc' dir='ltr'>πρώτην</span> <span class='ocrx_word' id='word_1_307' title='bbox 2668 2242 2835 2297; x_wconf 82' lang='grc' dir='ltr'>αὑτοῦ</span> <span class='ocrx_word' id='word_1_308' title='bbox 2860 2243 3199 2312; x_wconf 80' lang='grc' dir='ltr'>παρουσίαν,</span> <span class='ocrx_word' id='word_1_309' title='bbox 3236 2244 3304 2311; x_wconf 78' lang='grc' dir='ltr'>τῇ</span> <span class='ocrx_word' id='word_1_310' title='bbox 3336 2242 3554 2311; x_wconf 74' lang='grc' dir='ltr'>ἐπινοίᾳ</span> <span class='ocrx_word' id='word_1_311' title='bbox 3580 2242 3678 2311; x_wconf 79' lang='grc' dir='ltr'>τῆς</span> <span class='ocrx_word' id='word_1_312' title='bbox 3716 2240 4006 2310; x_wconf 79' lang='grc' dir='ltr'>ἀνθρωπό-</span> 
     </span>
    </p>
   </div>
   <div class='ocr_carea' id='block_1_45' title="bbox 2413 2332 4008 2405">
    <p class='ocr_par' dir='ltr' id='par_1_45' title="bbox 2413 2332 4008 2405">
     <span class='ocr_line' id='line_1_45' title="bbox 2413 2332 4008 2405; baseline -0.001 -20"><span class='ocrx_word' id='word_1_313' title='bbox 2413 2350 2577 2403; x_wconf 88' lang='grc' dir='ltr'>τητος</span> <span class='ocrx_word' id='word_1_314' title='bbox 2624 2335 2939 2405; x_wconf 82' lang='grc' dir='ltr'>χριόμενος,</span> <span class='ocrx_word' id='word_1_315' title='bbox 2975 2334 3164 2403; x_wconf 84' lang='grc' dir='ltr'>ὥσπερ</span> <span class='ocrx_word' id='word_1_316' title='bbox 3204 2333 3441 2403; x_wconf 79' lang='grc' dir='ltr'>ἀλλαχοῦ</span> <span class='ocrx_word' id='word_1_317' title='bbox 3508 2333 3723 2403; x_wconf 75' lang='grc' dir='ltr'>φησινό</span> <span class='ocrx_word' id='word_1_318' title='bbox 3750 2332 4008 2386; x_wconf 83' lang='grc' dir='ltr'>διδάσκα-</span> 
     </span>
    </p>
   </div>
   <div class='ocr_carea' id='block_1_46' title="bbox 2416 2424 4006 2496">
    <p class='ocr_par' dir='ltr' id='par_1_46' title="bbox 2416 2424 4006 2496">
     <span class='ocr_line' id='line_1_46' title="bbox 2416 2424 4006 2496; baseline -0.001 -20"><span class='ocrx_word' id='word_1_319' title='bbox 2416 2424 2541 2489; x_wconf 89' lang='grc' dir='ltr'>λος,</span> <span class='ocrx_word' id='word_1_320' title='bbox 2602 2425 2798 2496; x_wconf 89' lang='grc' dir='ltr'>χρίσας</span> <span class='ocrx_word' id='word_1_321' title='bbox 2850 2426 2950 2496; x_wconf 80' lang='grc' dir='ltr'>τὴν</span> <span class='ocrx_word' id='word_1_322' title='bbox 3007 2425 3404 2496; x_wconf 65' lang='grc' dir='ltr'>ἀνθρωττότητα</span> <span class='ocrx_word' id='word_1_323' title='bbox 3462 2426 3530 2496; x_wconf 77' lang='grc' dir='ltr'><strong>τῇ</strong></span> <span class='ocrx_word' id='word_1_324' title='bbox 3592 2424 3833 2494; x_wconf 82' lang='grc' dir='ltr'>θεότητι,</span> <span class='ocrx_word' id='word_1_325' title='bbox 3911 2425 4006 2476; x_wconf 80' lang='grc' dir='ltr'>καὶ</span> 
     </span>
    </p>
   </div>
   <div class='ocr_carea' id='block_1_47' title="bbox 2415 2512 4006 2584">
    <p class='ocr_par' dir='ltr' id='par_1_47' title="bbox 2415 2512 4006 2584">
     <span class='ocr_line' id='line_1_47' title="bbox 2415 2512 4006 2584; baseline 0.001 -21"><span class='ocrx_word' id='word_1_326' title='bbox 2415 2512 2649 2582; x_wconf 86' lang='grc' dir='ltr'>ποιήσας</span> <span class='ocrx_word' id='word_1_327' title='bbox 2676 2514 2812 2584; x_wconf 82' lang='grc' dir='ltr'>ὅπερ</span> <span class='ocrx_word' id='word_1_328' title='bbox 2838 2514 2901 2567; x_wconf 83' lang='grc' dir='ltr'>τὸ</span> <span class='ocrx_word' id='word_1_329' title='bbox 2927 2515 3141 2583; x_wconf 79' lang='grc' dir='ltr'>χρίσαν·</span> <span class='ocrx_word' id='word_1_330' title='bbox 3174 2514 3315 2567; x_wconf 83' lang='grc' dir='ltr'>κατὰ</span> <span class='ocrx_word' id='word_1_331' title='bbox 3349 2515 3405 2567; x_wconf 82' lang='grc' dir='ltr'><strong>δὲ</strong></span> <span class='ocrx_word' id='word_1_332' title='bbox 3427 2513 3526 2584; x_wconf 76' lang='grc' dir='ltr'>τὴν</span> <span class='ocrx_word' id='word_1_333' title='bbox 3551 2514 3815 2584; x_wconf 83' lang='grc' dir='ltr'>δευτέραν</span> <span class='ocrx_word' id='word_1_334' title='bbox 3839 2513 4006 2565; x_wconf 71' lang='grc' dir='ltr'>αὑτοῦ</span> 
     </span>
    </p>
   </div>
   <div class='ocr_carea' id='block_1_48' title="bbox 2415 2603 4007 2675">
    <p class='ocr_par' dir='ltr' id='par_1_48' title="bbox 2415 2603 4007 2675">
     <span class='ocr_line' id='line_1_48' title="bbox 2415 2603 4007 2675; baseline -0.001 -20"><span class='ocrx_word' id='word_1_335' title='bbox 2415 2604 2511 2656; x_wconf 70' lang='grc' dir='ltr'>καὶ</span> <span class='ocrx_word' id='word_1_336' title='bbox 2540 2604 2747 2669; x_wconf 77' lang='grc' dir='ltr'>ἔνδοξον</span> <span class='ocrx_word' id='word_1_337' title='bbox 2800 2605 3142 2674; x_wconf 69' lang='grc' dir='ltr'>ἐπιφάνειαν,</span> <span class='ocrx_word' id='word_1_338' title='bbox 3197 2606 3273 2669; x_wconf 85' lang='grc' dir='ltr'><strong>ὡς</strong></span> <span class='ocrx_word' id='word_1_339' title='bbox 3332 2604 3465 2669; x_wconf 76' lang='grc' dir='ltr'><strong>Θεὸς</strong></span> <span class='ocrx_word' id='word_1_340' title='bbox 3518 2605 3614 2658; x_wconf 75' lang='grc' dir='ltr'>καὶ</span> <span class='ocrx_word' id='word_1_341' title='bbox 3670 2605 3877 2675; x_wconf 80' lang='grc' dir='ltr'>Κύριος</span> <span class='ocrx_word' id='word_1_342' title='bbox 3910 2603 4007 2656; x_wconf 74' lang='grc' dir='ltr'>καὶ</span> 
     </span>
    </p>
   </div>
   <div class='ocr_carea' id='block_1_49' title="bbox 2418 2696 4005 2769">
    <p class='ocr_par' dir='ltr' id='par_1_49' title="bbox 2418 2696 4005 2769">
     <span class='ocr_line' id='line_1_49' title="bbox 2418 2696 4005 2769; baseline 0.001 -22"><span class='ocrx_word' id='word_1_343' title='bbox 2418 2696 2598 2766; x_wconf 80' lang='grc' dir='ltr'>πάσης</span> <span class='ocrx_word' id='word_1_344' title='bbox 2650 2698 2875 2760; x_wconf 82' lang='grc' dir='ltr'>κτίσεως</span> <span class='ocrx_word' id='word_1_345' title='bbox 2922 2696 3198 2766; x_wconf 76' lang='grc' dir='ltr'>βασιλεὺς,</span> <span class='ocrx_word' id='word_1_346' title='bbox 3254 2697 3351 2751; x_wconf 79' lang='grc' dir='ltr'>καὶ</span> <span class='ocrx_word' id='word_1_347' title='bbox 3405 2698 3664 2769; x_wconf 82' lang='grc' dir='ltr'>ὑπάρχων</span> <span class='ocrx_word' id='word_1_348' title='bbox 3710 2699 3806 2751; x_wconf 74' lang='grc' dir='ltr'>καὶ</span> <span class='ocrx_word' id='word_1_349' title='bbox 3872 2700 4005 2750; x_wconf 82' lang='grc' dir='ltr'>ἀνα-</span> 
     </span>
    </p>
   </div>
   <div class='ocr_carea' id='block_1_50' title="bbox 2420 2788 2941 2859">
    <p class='ocr_par' dir='ltr' id='par_1_50' title="bbox 2420 2788 2941 2859">
     <span class='ocr_line' id='line_1_50' title="bbox 2420 2788 2941 2859; baseline 0.01 -21"><span class='ocrx_word' id='word_1_350' title='bbox 2420 2788 2778 2859; x_wconf 82' lang='grc' dir='ltr'>γορευόμενος</span> <span class='ocrx_word' id='word_1_351' title='bbox 2805 2789 2941 2859; x_wconf 80' lang='grc'>(59).</span> 
     </span>
    </p>
   </div>
   <div class='ocr_carea' id='block_1_51' title="bbox 2429 2964 4003 3038">
    <p class='ocr_par' dir='ltr' id='par_1_51' title="bbox 2429 2964 4003 3038">
     <span class='ocr_line' id='line_1_51' title="bbox 2429 2964 4003 3038; baseline -0.003 -17"><span class='ocrx_word' id='word_1_352' title='bbox 2429 2969 2533 3032; x_wconf 71' lang='grc' dir='ltr'><strong>Εἰς</strong></span> <span class='ocrx_word' id='word_1_353' title='bbox 2562 2966 2669 3021; x_wconf 80' lang='grc' dir='ltr'>τὸν</span> <span class='ocrx_word' id='word_1_354' title='bbox 2688 2968 2957 3035; x_wconf 79' lang='grc' dir='ltr'>παρόντα</span> <span class='ocrx_word' id='word_1_355' title='bbox 2983 2969 3172 3038; x_wconf 72' lang='grc' dir='ltr'>λόγον</span> <span class='ocrx_word' id='word_1_356' title='bbox 3194 2967 3358 3032; x_wconf 79' lang='grc' dir='ltr'>τινὲς</span> <span class='ocrx_word' id='word_1_357' title='bbox 3394 2965 3694 3034; x_wconf 79' lang='grc' dir='ltr'>ἀποροῦσι</span> <span class='ocrx_word' id='word_1_358' title='bbox 3727 2964 4003 3034; x_wconf 60' lang='grc' dir='ltr'>φάσκον-</span> 
     </span>
    </p>
   </div>
   <div class='ocr_carea' id='block_1_52' title="bbox 823 3056 2333 3143">
    <p class='ocr_par' dir='ltr' id='par_1_52' title="bbox 823 3056 2319 3126">
     <span class='ocr_line' id='line_1_52' title="bbox 823 3056 2319 3126; baseline 0.001 -15"><span class='ocrx_word' id='word_1_359' title='bbox 823 3078 841 3111; x_wconf 81' lang='grc' dir='ltr'><strong>ι</strong></span> <span class='ocrx_word' id='word_1_360' title='bbox 868 3056 1008 3123; x_wconf 82' lang='lat' dir='ltr'><strong>Quid</strong></span> <span class='ocrx_word' id='word_1_361' title='bbox 1029 3056 1243 3110; x_wconf 81' lang='lat' dir='ltr'><strong>tandem</strong></span> <span class='ocrx_word' id='word_1_362' title='bbox 1273 3056 1448 3110; x_wconf 89' lang='lat' dir='ltr'><strong>dicens</strong></span> <span class='ocrx_word' id='word_1_363' title='bbox 1476 3057 1727 3126; x_wconf 76' lang='lat' dir='ltr'><strong>magister</strong></span> <span class='ocrx_word' id='word_1_364' title='bbox 1764 3057 2161 3110; x_wconf 74' lang='lat' dir='ltr'><strong>resurrectionis</strong></span> <span class='ocrx_word' id='word_1_365' title='bbox 2184 3059 2319 3112; x_wconf 80' lang='lat' dir='ltr'><strong>diem</strong></span> 
     </span>
    </p>
   </div>
   <div class='ocr_carea' id='block_1_53' title="bbox 2424 3056 4002 3143">
    <p class='ocr_par' dir='ltr' id='par_1_53' title="bbox 2498 3056 4002 3127">
     <span class='ocr_line' id='line_1_53' title="bbox 2498 3056 4002 3127; baseline -0.002 -17"><span class='ocrx_word' id='word_1_366' title='bbox 2498 3074 2618 3123; x_wconf 84' lang='grc' dir='ltr'>τες,</span> <span class='ocrx_word' id='word_1_367' title='bbox 2652 3059 2713 3111; x_wconf 82' lang='grc' dir='ltr'>Τί</span> <span class='ocrx_word' id='word_1_368' title='bbox 2759 3058 2985 3126; x_wconf 78' lang='grc' dir='ltr'>δήποτε</span> <span class='ocrx_word' id='word_1_369' title='bbox 3008 3058 3211 3127; x_wconf 76' lang='grc' dir='ltr'>φήσας</span> <span class='ocrx_word' id='word_1_370' title='bbox 3250 3060 3285 3112; x_wconf 84' lang='grc' dir='ltr'><em>ὁ</em></span> <span class='ocrx_word' id='word_1_371' title='bbox 3322 3056 3692 3121; x_wconf 71' lang='grc' dir='ltr'>διδάσκαλος</span> <span class='ocrx_word' id='word_1_372' title='bbox 3721 3058 4002 3124; x_wconf 70' lang='grc' dir='ltr'>ὑπερόαίο</span> 
     </span>
    </p>
   </div>
   <div class='ocr_carea' id='block_1_54' title="bbox 816 3144 2318 3216">
    <p class='ocr_par' dir='ltr' id='par_1_54' title="bbox 816 3144 2318 3216">
     <span class='ocr_line' id='line_1_54' title="bbox 816 3144 2318 3216; baseline -0.001 -17"><span class='ocrx_word' id='word_1_373' title='bbox 816 3160 1076 3216; x_wconf 86' lang='lat' dir='ltr'><strong>superare</strong></span> <span class='ocrx_word' id='word_1_374' title='bbox 1097 3160 1276 3197; x_wconf 86' lang='lat' dir='ltr'><strong>omnes</strong></span> <span class='ocrx_word' id='word_1_375' title='bbox 1295 3159 1453 3214; x_wconf 84' lang='lat' dir='ltr'><strong>super</strong></span> <span class='ocrx_word' id='word_1_376' title='bbox 1474 3154 1677 3197; x_wconf 88' lang='lat' dir='ltr'><strong>terram</strong></span> <span class='ocrx_word' id='word_1_377' title='bbox 1735 3144 2066 3212; x_wconf 78' lang='lat' dir='ltr'><strong>festivitates,</strong></span> <span class='ocrx_word' id='word_1_378' title='bbox 2098 3161 2202 3196; x_wconf 89' lang='lat' dir='ltr'><strong>non</strong></span> <span class='ocrx_word' id='word_1_379' title='bbox 2231 3162 2318 3197; x_wconf 86' lang='lat' dir='ltr'><strong>so-</strong></span> 
     </span>
    </p>
   </div>
   <div class='ocr_carea' id='block_1_55' title="bbox 817 3234 2321 3305">
    <p class='ocr_par' dir='ltr' id='par_1_55' title="bbox 817 3234 2321 3305">
     <span class='ocr_line' id='line_1_55' title="bbox 817 3234 2321 3305; baseline -0.001 -15"><span class='ocrx_word' id='word_1_380' title='bbox 817 3238 928 3291; x_wconf 87' lang='lat' dir='ltr'><strong>lum</strong></span> <span class='ocrx_word' id='word_1_381' title='bbox 946 3238 1209 3290; x_wconf 86' lang='lat' dir='ltr'><strong>humanas</strong></span> <span class='ocrx_word' id='word_1_382' title='bbox 1230 3245 1279 3288; x_wconf 89' lang='lat' dir='ltr'><strong>et</strong></span> <span class='ocrx_word' id='word_1_383' title='bbox 1312 3236 1368 3289; x_wconf 90' lang='lat' dir='ltr'><strong>in</strong></span> <span class='ocrx_word' id='word_1_384' title='bbox 1400 3243 1542 3288; x_wconf 86' lang='lat' dir='ltr'><strong>terra</strong></span> <span class='ocrx_word' id='word_1_385' title='bbox 1582 3235 1809 3303; x_wconf 80' lang='lat' dir='ltr'><strong>futuras,</strong></span> <span class='ocrx_word' id='word_1_386' title='bbox 1836 3234 1928 3287; x_wconf 87' lang='lat' dir='ltr'><strong>sed</strong></span> <span class='ocrx_word' id='word_1_387' title='bbox 1955 3234 2068 3300; x_wconf 82' lang='lat' dir='ltr'><strong>iam</strong></span> <span class='ocrx_word' id='word_1_388' title='bbox 2088 3234 2168 3288; x_wconf 85' lang='lat' dir='ltr'><strong>vel</strong></span> <span class='ocrx_word' id='word_1_389' title='bbox 2205 3250 2321 3305; x_wconf 72' lang='lat' dir='ltr'><strong>qua!</strong></span> 
     </span>
    </p>
   </div>
   <div class='ocr_carea' id='block_1_56' title="bbox 814 3325 2367 3397">
    <p class='ocr_par' dir='ltr' id='par_1_56' title="bbox 814 3325 2367 3397">
     <span class='ocr_line' id='line_1_56' title="bbox 814 3325 2367 3397; baseline -0.004 -12"><span class='ocrx_word' id='word_1_390' title='bbox 814 3330 981 3397; x_wconf 78' lang='lat' dir='ltr'><strong>ipsius</strong></span> <span class='ocrx_word' id='word_1_391' title='bbox 1026 3327 1221 3382; x_wconf 83' lang='lat' dir='ltr'><strong>Christi</strong></span> <span class='ocrx_word' id='word_1_392' title='bbox 1277 3329 1386 3380; x_wconf 85' lang='lat' dir='ltr'><strong>sint</strong></span> <span class='ocrx_word' id='word_1_393' title='bbox 1418 3338 1466 3379; x_wconf 91' lang='lat' dir='ltr'><strong>et</strong></span> <span class='ocrx_word' id='word_1_394' title='bbox 1502 3328 1553 3379; x_wconf 88' lang='lat' dir='ltr'><strong>in</strong></span> <span class='ocrx_word' id='word_1_395' title='bbox 1612 3325 1816 3380; x_wconf 85' lang='lat' dir='ltr'><strong>Christo</strong></span> <span class='ocrx_word' id='word_1_396' title='bbox 1869 3337 2316 3391; x_wconf 84' lang='lat' dir='ltr'><strong>consummentur,</strong></span> <span class='ocrx_word' id='word_1_397' title='bbox 2364 3330 2367 3333; x_wconf 72' lang='grc'>’</span> 
     </span>
    </p>
   </div>
   <div class='ocr_carea' id='block_1_57' title="bbox 814 3414 2319 3486">
    <p class='ocr_par' dir='ltr' id='par_1_57' title="bbox 814 3414 2319 3486">
     <span class='ocr_line' id='line_1_57' title="bbox 814 3414 2319 3486; baseline 0 -17"><span class='ocrx_word' id='word_1_398' title='bbox 814 3416 981 3469; x_wconf 76' lang='lat' dir='ltr'><strong>veluti</strong></span> <span class='ocrx_word' id='word_1_399' title='bbox 1016 3430 1127 3470; x_wconf 79' lang='lat' dir='ltr'><strong>stur</strong></span> <span class='ocrx_word' id='word_1_400' title='bbox 1171 3416 1332 3486; x_wconf 48' lang='lat' dir='ltr'><strong>ipim</strong></span> <span class='ocrx_word' id='word_1_401' title='bbox 1388 3414 1578 3468; x_wconf 89' lang='lat' dir='ltr'><strong>oblitus</strong></span> <span class='ocrx_word' id='word_1_402' title='bbox 1632 3416 1926 3479; x_wconf 64' lang='lat' dir='ltr'><strong>sententia,</strong></span> <span class='ocrx_word' id='word_1_403' title='bbox 1969 3418 2319 3469; x_wconf 71' lang='lat' dir='ltr'><strong>encwniorum</strong></span> 
     </span>
    </p>
   </div>
   <div class='ocr_carea' id='block_1_58' title="bbox 817 3504 2319 3578">
    <p class='ocr_par' dir='ltr' id='par_1_58' title="bbox 817 3504 2319 3578">
     <span class='ocr_line' id='line_1_58' title="bbox 817 3504 2319 3578; baseline -0.001 -16"><span class='ocrx_word' id='word_1_404' title='bbox 817 3508 955 3562; x_wconf 85' lang='lat' dir='ltr'><strong>diem</strong></span> <span class='ocrx_word' id='word_1_405' title='bbox 986 3509 1105 3562; x_wconf 84' lang='lat' dir='ltr'><strong>huic</strong></span> <span class='ocrx_word' id='word_1_406' title='bbox 1140 3509 1424 3578; x_wconf 74' lang='lat' dir='ltr'><strong>prteponit,</strong></span> <span class='ocrx_word' id='word_1_407' title='bbox 1458 3507 1668 3561; x_wconf 89' lang='lat' dir='ltr'><strong>dicens:</strong></span> <span class='ocrx_word' id='word_1_408' title='bbox 1717 3504 1979 3561; x_wconf 71' lang='lat' dir='ltr'><strong>«Sublimi</strong></span> <span class='ocrx_word' id='word_1_409' title='bbox 2024 3507 2319 3571; x_wconf 85' lang='lat' dir='ltr'><strong>sublimior,</strong></span> 
     </span>
    </p>
   </div>
   <div class='ocr_carea' id='block_1_59' title="bbox 818 3605 2320 3676">
    <p class='ocr_par' dir='ltr' id='par_1_59' title="bbox 818 3605 2320 3676">
     <span class='ocr_line' id='line_1_59' title="bbox 818 3605 2320 3676; baseline -0.003 -14"><span class='ocrx_word' id='word_1_410' title='bbox 818 3619 865 3662; x_wconf 80' lang='lat' dir='ltr'><strong>et</strong></span> <span class='ocrx_word' id='word_1_411' title='bbox 895 3606 1203 3662; x_wconf 82' lang='lat' dir='ltr'><strong>admirabili</strong></span> <span class='ocrx_word' id='word_1_412' title='bbox 1231 3606 1618 3670; x_wconf 88' lang='lat' dir='ltr'><strong>admirabilior,</strong></span> <span class='ocrx_word' id='word_1_413' title='bbox 1641 3624 1659 3657; x_wconf 74' lang='grc' dir='ltr'><strong>ι</strong></span> <span class='ocrx_word' id='word_1_414' title='bbox 1690 3606 1821 3659; x_wconf 87' lang='lat' dir='ltr'><strong>adeo</strong></span> <span class='ocrx_word' id='word_1_415' title='bbox 1854 3614 1910 3658; x_wconf 84' lang='lat' dir='ltr'><strong>ut</strong></span> <span class='ocrx_word' id='word_1_416' title='bbox 1932 3605 2053 3661; x_wconf 86' lang='lat' dir='ltr'><strong>hinc</strong></span> <span class='ocrx_word' id='word_1_417' title='bbox 2088 3607 2186 3660; x_wconf 89' lang='lat' dir='ltr'><strong>sibi</strong></span> <span class='ocrx_word' id='word_1_418' title='bbox 2221 3608 2320 3676; x_wconf 85' lang='lat' dir='ltr'><strong>ipsi</strong></span> 
     </span>
    </p>
   </div>
   <div class='ocr_carea' id='block_1_60' title="bbox 816 3698 1833 3770">
    <p class='ocr_par' dir='ltr' id='par_1_60' title="bbox 816 3698 1833 3770">
     <span class='ocr_line' id='line_1_60' title="bbox 816 3698 1833 3770; baseline -0.003 -17"><span class='ocrx_word' id='word_1_419' title='bbox 816 3700 1110 3754; x_wconf 83' lang='lat' dir='ltr'><strong>adversarii</strong></span> <span class='ocrx_word' id='word_1_420' title='bbox 1140 3699 1393 3770; x_wconf 81' lang='lat' dir='ltr'><strong>magister</strong></span> <span class='ocrx_word' id='word_1_421' title='bbox 1415 3698 1581 3753; x_wconf 79' lang='lat' dir='ltr'><strong>videri</strong></span> <span class='ocrx_word' id='word_1_422' title='bbox 1606 3699 1790 3753; x_wconf 81' lang='lat' dir='ltr'><strong>oossit.</strong></span> <span class='ocrx_word' id='word_1_423' title='bbox 1814 3722 1833 3750; x_wconf 71' lang='grc' dir='ltr'><strong>ι</strong></span> 
     </span>
    </p>
   </div>
   <div class='ocr_carea' id='block_1_61' title="bbox 820 3983 2321 4054">
    <p class='ocr_par' dir='ltr' id='par_1_61' title="bbox 820 3983 2321 4054">
     <span class='ocr_line' id='line_1_61' title="bbox 820 3983 2321 4054; baseline -0.001 -15"><span class='ocrx_word' id='word_1_424' title='bbox 820 3985 903 4039; x_wconf 79' lang='lat' dir='ltr'><strong>Ad</strong></span> <span class='ocrx_word' id='word_1_425' title='bbox 953 3984 1071 4038; x_wconf 63' lang='lat' dir='ltr'><strong>hate</strong></span> <span class='ocrx_word' id='word_1_426' title='bbox 1111 3983 1411 4039; x_wconf 87' lang='lat' dir='ltr'><strong>dicendum</strong></span> <span class='ocrx_word' id='word_1_427' title='bbox 1464 3994 1572 4047; x_wconf 86' lang='lat' dir='ltr'><strong>est,</strong></span> <span class='ocrx_word' id='word_1_428' title='bbox 1617 3984 1765 4053; x_wconf 87' lang='lat' dir='ltr'><strong>quod</strong></span> <span class='ocrx_word' id='word_1_429' title='bbox 1813 3983 1930 4054; x_wconf 75' lang='lat' dir='ltr'><strong>ipse</strong></span> <span class='ocrx_word' id='word_1_430' title='bbox 1966 3983 2227 4053; x_wconf 80' lang='lat' dir='ltr'><strong>magister</strong></span> <span class='ocrx_word' id='word_1_431' title='bbox 2266 3984 2321 4037; x_wconf 94' lang='lat' dir='ltr'><strong>in</strong></span> 
     </span>
    </p>
   </div>
   <div class='ocr_carea' id='block_1_62' title="bbox 749 4075 2322 4145">
    <p class='ocr_par' dir='ltr' id='par_1_62' title="bbox 749 4075 2322 4145">
     <span class='ocr_line' id='line_1_62' title="bbox 749 4075 2322 4145; baseline 0 -16"><span class='ocrx_word' id='word_1_432' title='bbox 749 4075 948 4130; x_wconf 91' lang='lat' dir='ltr'><strong>eodem</strong></span> <span class='ocrx_word' id='word_1_433' title='bbox 978 4090 1234 4129; x_wconf 89' lang='lat' dir='ltr'><strong>sermone</strong></span> <span class='ocrx_word' id='word_1_434' title='bbox 1266 4075 1576 4145; x_wconf 78' lang='lat' dir='ltr'><strong>interiectis</strong></span> <span class='ocrx_word' id='word_1_435' title='bbox 1595 4075 1927 4145; x_wconf 91' lang='lat' dir='ltr'><strong>quibusdam</strong></span> <span class='ocrx_word' id='word_1_436' title='bbox 1950 4075 2087 4129; x_wconf 87' lang='lat' dir='ltr'><strong>dicit</strong></span> <span class='ocrx_word' id='word_1_437' title='bbox 2122 4094 2134 4129; x_wconf 93' lang='lat'>:</span> <span class='ocrx_word' id='word_1_438' title='bbox 2165 4094 2181 4125; x_wconf 76' lang='grc' dir='ltr'><strong>ι</strong></span> <span class='ocrx_word' id='word_1_439' title='bbox 2201 4075 2322 4129; x_wconf 76' lang='lat' dir='ltr'><strong>Non</strong></span> 
     </span>
    </p>
   </div>
   <div class='ocr_carea' id='block_1_63' title="bbox 748 4165 2319 4235">
    <p class='ocr_par' dir='ltr' id='par_1_63' title="bbox 748 4165 2319 4235">
     <span class='ocr_line' id='line_1_63' title="bbox 748 4165 2319 4235; baseline -0.002 -14"><span class='ocrx_word' id='word_1_440' title='bbox 748 4169 868 4221; x_wconf 88' lang='lat' dir='ltr'><strong>vult</strong></span> <span class='ocrx_word' id='word_1_441' title='bbox 899 4181 1082 4221; x_wconf 91' lang='lat' dir='ltr'><strong>sermo</strong></span> <span class='ocrx_word' id='word_1_442' title='bbox 1113 4175 1173 4218; x_wconf 92' lang='lat' dir='ltr'><strong>ut</strong></span> <span class='ocrx_word' id='word_1_443' title='bbox 1202 4166 1257 4219; x_wconf 93' lang='lat' dir='ltr'><strong>in</strong></span> <span class='ocrx_word' id='word_1_444' title='bbox 1283 4165 1479 4219; x_wconf 90' lang='lat' dir='ltr'><strong>eodem</strong></span> <span class='ocrx_word' id='word_1_445' title='bbox 1513 4181 1734 4235; x_wconf 87' lang='lat' dir='ltr'><strong>semper</strong></span> <span class='ocrx_word' id='word_1_446' title='bbox 1760 4174 1905 4220; x_wconf 88' lang='lat' dir='ltr'><strong>statu</strong></span> <span class='ocrx_word' id='word_1_447' title='bbox 1950 4182 2197 4230; x_wconf 90' lang='lat' dir='ltr'><strong>maneas,</strong></span> <span class='ocrx_word' id='word_1_448' title='bbox 2225 4167 2319 4220; x_wconf 85' lang='lat' dir='ltr'><strong>sed</strong></span> 
     </span>
    </p>
   </div>
   <div class='ocr_carea' id='block_1_64' title="bbox 750 4256 2321 4328">
    <p class='ocr_par' dir='ltr' id='par_1_64' title="bbox 750 4256 2321 4328">
     <span class='ocr_line' id='line_1_64' title="bbox 750 4256 2321 4328; baseline 0.001 -16"><span class='ocrx_word' id='word_1_449' title='bbox 750 4271 811 4314; x_wconf 91' lang='lat' dir='ltr'><strong>ut</strong></span> <span class='ocrx_word' id='word_1_450' title='bbox 863 4266 1130 4328; x_wconf 80' lang='lat' dir='ltr'><strong>perpetuo</strong></span> <span class='ocrx_word' id='word_1_451' title='bbox 1166 4273 1230 4310; x_wconf 89' lang='lat' dir='ltr'><strong>ac</strong></span> <span class='ocrx_word' id='word_1_452' title='bbox 1262 4256 1526 4311; x_wconf 85' lang='lat' dir='ltr'><strong>laudabili</strong></span> <span class='ocrx_word' id='word_1_453' title='bbox 1588 4267 1742 4311; x_wconf 89' lang='lat' dir='ltr'><strong>motu</strong></span> <span class='ocrx_word' id='word_1_454' title='bbox 1787 4258 2034 4327; x_wconf 87' lang='lat' dir='ltr'><strong>agiteris,</strong></span> <span class='ocrx_word' id='word_1_455' title='bbox 2071 4275 2134 4313; x_wconf 88' lang='lat' dir='ltr'><strong>ac</strong></span> <span class='ocrx_word' id='word_1_456' title='bbox 2180 4276 2321 4313; x_wconf 85' lang='lat' dir='ltr'><strong>nova</strong></span> 
     </span>
    </p>
   </div>
   <div class='ocr_carea' id='block_1_65' title="bbox 746 4348 2319 4422">
    <p class='ocr_par' dir='ltr' id='par_1_65' title="bbox 746 4348 2319 4422">
     <span class='ocr_line' id='line_1_65' title="bbox 746 4348 2319 4422; baseline 0 -18"><span class='ocrx_word' id='word_1_457' title='bbox 746 4366 978 4422; x_wconf 87' lang='lat' dir='ltr'><strong>prorsus</strong></span> <span class='ocrx_word' id='word_1_458' title='bbox 1032 4359 1288 4402; x_wconf 86' lang='lat' dir='ltr'><strong>creatura</strong></span> <span class='ocrx_word' id='word_1_459' title='bbox 1354 4348 1495 4402; x_wconf 67' lang='lat' dir='ltr'><strong>sis.)</strong></span> <span class='ocrx_word' id='word_1_460' title='bbox 1560 4348 1629 4403; x_wconf 90' lang='lat' dir='ltr'><strong>Ut</strong></span> <span class='ocrx_word' id='word_1_461' title='bbox 1692 4349 1861 4419; x_wconf 81' lang='lat' dir='ltr'><strong>igitur</strong></span> <span class='ocrx_word' id='word_1_462' title='bbox 1908 4349 2228 4403; x_wconf 77' lang='lat' dir='ltr'><strong>innovatum</strong></span> <span class='ocrx_word' id='word_1_463' title='bbox 2261 4366 2319 4404; x_wconf 86' lang='lat' dir='ltr'><strong>se</strong></span> 
     </span>
    </p>
   </div>
   <div class='ocr_carea' id='block_1_66' title="bbox 746 4439 2318 4510">
    <p class='ocr_par' dir='ltr' id='par_1_66' title="bbox 746 4439 2318 4510">
     <span class='ocr_line' id='line_1_66' title="bbox 746 4439 2318 4510; baseline 0 -16"><span class='ocrx_word' id='word_1_464' title='bbox 746 4442 869 4510; x_wconf 87' lang='lat' dir='ltr'><strong>ipso</strong></span> <span class='ocrx_word' id='word_1_465' title='bbox 895 4439 1279 4493; x_wconf 88' lang='lat' dir='ltr'><strong>sublimiorem</strong></span> <span class='ocrx_word' id='word_1_466' title='bbox 1306 4448 1475 4508; x_wconf 87' lang='lat' dir='ltr'><strong>atque</strong></span> <span class='ocrx_word' id='word_1_467' title='bbox 1502 4440 1600 4493; x_wconf 88' lang='lat' dir='ltr'><strong>Dei</strong></span> <span class='ocrx_word' id='word_1_468' title='bbox 1641 4440 1816 4510; x_wconf 88' lang='lat' dir='ltr'><strong>magis</strong></span> <span class='ocrx_word' id='word_1_469' title='bbox 1861 4441 2097 4494; x_wconf 90' lang='lat' dir='ltr'><strong>similem</strong></span> <span class='ocrx_word' id='word_1_470' title='bbox 2134 4441 2318 4509; x_wconf 86' lang='lat' dir='ltr'><strong>prol&#39;e-</strong></span> 
     </span>
    </p>
   </div>
   <div class='ocr_carea' id='block_1_67' title="bbox 747 4530 2321 4601">
    <p class='ocr_par' dir='ltr' id='par_1_67' title="bbox 747 4530 2321 4601">
     <span class='ocr_line' id='line_1_67' title="bbox 747 4530 2321 4601; baseline -0.001 -14"><span class='ocrx_word' id='word_1_471' title='bbox 747 4532 933 4587; x_wconf 90' lang='lat' dir='ltr'><strong>ctibus</strong></span> <span class='ocrx_word' id='word_1_472' title='bbox 966 4530 1032 4585; x_wconf 90' lang='lat' dir='ltr'><strong>ad</strong></span> <span class='ocrx_word' id='word_1_473' title='bbox 1063 4532 1325 4585; x_wconf 82' lang='lat' dir='ltr'><strong>virtutem</strong></span> <span class='ocrx_word' id='word_1_474' title='bbox 1368 4540 1732 4601; x_wconf 81' lang='lat' dir='ltr'><strong>expurgatum</strong></span> <span class='ocrx_word' id='word_1_475' title='bbox 1776 4531 1893 4586; x_wconf 83' lang='lat' dir='ltr'><strong>ﬁeri</strong></span> <span class='ocrx_word' id='word_1_476' title='bbox 1928 4533 2321 4587; x_wconf 83' lang='lat' dir='ltr'><strong>animadverti-</strong></span> 
     </span>
    </p>
   </div>
   <div class='ocr_carea' id='block_1_68' title="bbox 748 4622 2319 4693">
    <p class='ocr_par' dir='ltr' id='par_1_68' title="bbox 748 4622 2319 4693">
     <span class='ocr_line' id='line_1_68' title="bbox 748 4622 2319 4693; baseline 0.001 -17"><span class='ocrx_word' id='word_1_477' title='bbox 748 4637 893 4685; x_wconf 90' lang='lat' dir='ltr'><strong>mus,</strong></span> <span class='ocrx_word' id='word_1_478' title='bbox 930 4622 1010 4677; x_wconf 93' lang='lat' dir='ltr'><strong>sic</strong></span> <span class='ocrx_word' id='word_1_479' title='bbox 1029 4622 1142 4691; x_wconf 88' lang='lat' dir='ltr'><strong>jam</strong></span> <span class='ocrx_word' id='word_1_480' title='bbox 1166 4635 1388 4675; x_wconf 91' lang='lat' dir='ltr'><strong>omnem</strong></span> <span class='ocrx_word' id='word_1_481' title='bbox 1415 4637 1637 4690; x_wconf 85' lang='lat' dir='ltr'><strong>quoque</strong></span> <span class='ocrx_word' id='word_1_482' title='bbox 1668 4637 2057 4692; x_wconf 90' lang='lat' dir='ltr'><strong>quamcunque</strong></span> <span class='ocrx_word' id='word_1_483' title='bbox 2108 4624 2319 4693; x_wconf 86' lang='lat' dir='ltr'><strong>cogita-</strong></span> 
     </span>
    </p>
   </div>
   <div class='ocr_carea' id='block_1_69' title="bbox 746 4710 2319 4784">
    <p class='ocr_par' dir='ltr' id='par_1_69' title="bbox 746 4710 2319 4784">
     <span class='ocr_line' id='line_1_69' title="bbox 746 4710 2319 4784; baseline 0.002 -18"><span class='ocrx_word' id='word_1_484' title='bbox 746 4728 872 4766; x_wconf 87' lang='lat' dir='ltr'><strong>mus</strong></span> <span class='ocrx_word' id='word_1_485' title='bbox 935 4711 1059 4766; x_wconf 82' lang='lat' dir='ltr'><strong>festi</strong></span> <span class='ocrx_word' id='word_1_486' title='bbox 1125 4710 1274 4765; x_wconf 90' lang='lat' dir='ltr'><strong>diem</strong></span> <span class='ocrx_word' id='word_1_487' title='bbox 1320 4712 1378 4765; x_wconf 88' lang='lat' dir='ltr'><strong>in</strong></span> <span class='ocrx_word' id='word_1_488' title='bbox 1432 4712 1598 4766; x_wconf 80' lang='lat' dir='ltr'><strong>nobis</strong></span> <span class='ocrx_word' id='word_1_489' title='bbox 1641 4727 1705 4767; x_wconf 89' lang='lat' dir='ltr'><strong>ac</strong></span> <span class='ocrx_word' id='word_1_490' title='bbox 1751 4729 1850 4782; x_wconf 86' lang='lat' dir='ltr'><strong>per</strong></span> <span class='ocrx_word' id='word_1_491' title='bbox 1891 4728 1994 4768; x_wconf 90' lang='lat' dir='ltr'><strong>nos</strong></span> <span class='ocrx_word' id='word_1_492' title='bbox 2022 4715 2319 4784; x_wconf 89' lang='lat' dir='ltr'><strong>semetipsa</strong></span> 
     </span>
    </p>
   </div>
   <div class='ocr_carea' id='block_1_70' title="bbox 746 4802 2316 4877">
    <p class='ocr_par' dir='ltr' id='par_1_70' title="bbox 746 4802 2316 4877">
     <span class='ocr_line' id='line_1_70' title="bbox 746 4802 2316 4877; baseline 0.002 -20"><span class='ocrx_word' id='word_1_493' title='bbox 746 4802 1128 4857; x_wconf 91' lang='lat' dir='ltr'><strong>sublimiorem</strong></span> <span class='ocrx_word' id='word_1_494' title='bbox 1151 4802 1512 4857; x_wconf 84' lang='lat' dir='ltr'><strong>ﬁericredere</strong></span> <span class='ocrx_word' id='word_1_495' title='bbox 1531 4803 1821 4868; x_wconf 84' lang='lat' dir='ltr'><strong>debemus,</strong></span> <span class='ocrx_word' id='word_1_496' title='bbox 1843 4820 1968 4860; x_wconf 92' lang='lat' dir='ltr'><strong>cum</strong></span> <span class='ocrx_word' id='word_1_497' title='bbox 1994 4806 2316 4877; x_wconf 79' lang='lat' dir='ltr'><strong>mysterium</strong></span> 
     </span>
    </p>
   </div>
   <div class='ocr_carea' id='block_1_71' title="bbox 745 4894 2323 4966">
    <p class='ocr_par' dir='ltr' id='par_1_71' title="bbox 745 4894 2323 4966">
     <span class='ocr_line' id='line_1_71' title="bbox 745 4894 2323 4966; baseline 0.002 -16"><span class='ocrx_word' id='word_1_498' title='bbox 745 4896 898 4965; x_wconf 86' lang='lat' dir='ltr'><strong>quod</strong></span> <span class='ocrx_word' id='word_1_499' title='bbox 934 4913 1031 4965; x_wconf 94' lang='lat' dir='ltr'><strong>per</strong></span> <span class='ocrx_word' id='word_1_500' title='bbox 1056 4912 1179 4949; x_wconf 78' lang='lat' dir='ltr'><strong>eam</strong></span> <span class='ocrx_word' id='word_1_501' title='bbox 1205 4894 1551 4965; x_wconf 77' lang='lat' dir='ltr'><strong>signiﬁcatur</strong></span> <span class='ocrx_word' id='word_1_502' title='bbox 1583 4897 1864 4966; x_wconf 89' lang='lat' dir='ltr'><strong>propriam</strong></span> <span class='ocrx_word' id='word_1_503' title='bbox 1896 4913 2049 4953; x_wconf 88' lang='lat' dir='ltr'><strong>suam</strong></span> <span class='ocrx_word' id='word_1_504' title='bbox 2077 4899 2132 4952; x_wconf 91' lang='lat' dir='ltr'><strong>in</strong></span> <span class='ocrx_word' id='word_1_505' title='bbox 2162 4900 2323 4953; x_wconf 83' lang='lat' dir='ltr'><strong>nobis</strong></span> 
     </span>
    </p>
   </div>
   <div class='ocr_carea' id='block_1_72' title="bbox 746 4987 2320 5059">
    <p class='ocr_par' dir='ltr' id='par_1_72' title="bbox 746 4987 2320 5059">
     <span class='ocr_line' id='line_1_72' title="bbox 746 4987 2320 5059; baseline 0.003 -19"><span class='ocrx_word' id='word_1_506' title='bbox 746 4988 1013 5040; x_wconf 80' lang='lat' dir='ltr'><strong>virtutem</strong></span> <span class='ocrx_word' id='word_1_507' title='bbox 1046 4988 1112 5041; x_wconf 92' lang='lat' dir='ltr'><strong>ad</strong></span> <span class='ocrx_word' id='word_1_508' title='bbox 1142 4987 1541 5056; x_wconf 80' lang='lat' dir='ltr'><strong>perfectionem</strong></span> <span class='ocrx_word' id='word_1_509' title='bbox 1578 4997 1722 5058; x_wconf 83' lang='lat' dir='ltr'><strong>agat.</strong></span> <span class='ocrx_word' id='word_1_510' title='bbox 1754 4989 1922 5044; x_wconf 81' lang='lat' dir='ltr'><strong>Recte</strong></span> <span class='ocrx_word' id='word_1_511' title='bbox 1949 4990 2120 5059; x_wconf 81' lang='lat' dir='ltr'><strong>igitur</strong></span> <span class='ocrx_word' id='word_1_512' title='bbox 2144 4991 2320 5044; x_wconf 87' lang='lat' dir='ltr'><strong>subli-</strong></span> 
     </span>
    </p>
   </div>
   <div class='ocr_carea' id='block_1_73' title="bbox 744 5075 2317 5145">
    <p class='ocr_par' dir='ltr' id='par_1_73' title="bbox 744 5075 2317 5145">
     <span class='ocr_line' id='line_1_73' title="bbox 744 5075 2317 5145; baseline 0.001 -13"><span class='ocrx_word' id='word_1_513' title='bbox 744 5077 820 5132; x_wconf 88' lang='lat' dir='ltr'><strong>mi</strong></span> <span class='ocrx_word' id='word_1_514' title='bbox 848 5075 1230 5130; x_wconf 89' lang='lat' dir='ltr'><strong>sublimiorem</strong></span> <span class='ocrx_word' id='word_1_515' title='bbox 1263 5090 1464 5131; x_wconf 83' lang='lat' dir='ltr'><strong>novam</strong></span> <span class='ocrx_word' id='word_1_516' title='bbox 1489 5078 1752 5145; x_wconf 86' lang='lat' dir='ltr'><strong>magister</strong></span> <span class='ocrx_word' id='word_1_517' title='bbox 1785 5078 1925 5133; x_wconf 82' lang='lat' dir='ltr'><strong>dixit</strong></span> <span class='ocrx_word' id='word_1_518' title='bbox 1956 5079 2317 5142; x_wconf 89' lang='lat' dir='ltr'><strong>Dominicam,</strong></span> 
     </span>
    </p>
   </div>
   <div class='ocr_carea' id='block_1_74' title="bbox 744 5166 2320 5239">
    <p class='ocr_par' dir='ltr' id='par_1_74' title="bbox 744 5166 2320 5239">
     <span class='ocr_line' id='line_1_74' title="bbox 744 5166 2320 5239; baseline 0.001 -17"><span class='ocrx_word' id='word_1_519' title='bbox 744 5168 1009 5239; x_wconf 87' lang='lat' dir='ltr'><strong>quoniam</strong></span> <span class='ocrx_word' id='word_1_520' title='bbox 1037 5166 1230 5221; x_wconf 89' lang='lat' dir='ltr'><strong>eadem</strong></span> <span class='ocrx_word' id='word_1_521' title='bbox 1290 5182 1510 5237; x_wconf 89' lang='lat' dir='ltr'><strong>semper</strong></span> <span class='ocrx_word' id='word_1_522' title='bbox 1553 5168 1847 5224; x_wconf 89' lang='lat' dir='ltr'><strong>nobiscum</strong></span> <span class='ocrx_word' id='word_1_523' title='bbox 1892 5186 2001 5224; x_wconf 90' lang='lat' dir='ltr'><strong>una</strong></span> <span class='ocrx_word' id='word_1_524' title='bbox 2043 5170 2320 5224; x_wconf 78' lang='lat' dir='ltr'><strong>exaltetur</strong></span> 
     </span>
    </p>
   </div>
   <div class='ocr_carea' id='block_1_75' title="bbox 754 5258 2317 5330">
    <p class='ocr_par' dir='ltr' id='par_1_75' title="bbox 754 5258 2317 5330">
     <span class='ocr_line' id='line_1_75' title="bbox 754 5258 2317 5330; baseline 0.001 -15"><span class='ocrx_word' id='word_1_525' title='bbox 754 5274 927 5328; x_wconf 87' lang='lat' dir='ltr'><strong>seque</strong></span> <span class='ocrx_word' id='word_1_526' title='bbox 973 5259 1147 5327; x_wconf 88' lang='lat' dir='ltr'><strong>ipsam</strong></span> <span class='ocrx_word' id='word_1_527' title='bbox 1188 5258 1657 5328; x_wconf 89' lang='lat' dir='ltr'><strong>transgrediatur.</strong></span> <span class='ocrx_word' id='word_1_528' title='bbox 1694 5258 1907 5330; x_wconf 87' lang='lat' dir='ltr'><strong>Quippe</strong></span> <span class='ocrx_word' id='word_1_529' title='bbox 1948 5263 2317 5316; x_wconf 84' lang='lat' dir='ltr'><strong>resurrectio-</strong></span> 
     </span>
    </p>
   </div>
   <div class='ocr_carea' id='block_1_76' title="bbox 745 5346 2320 5423">
    <p class='ocr_par' dir='ltr' id='par_1_76' title="bbox 745 5346 2320 5423">
     <span class='ocr_line' id='line_1_76' title="bbox 745 5346 2320 5423; baseline 0 -20"><span class='ocrx_word' id='word_1_530' title='bbox 745 5349 854 5412; x_wconf 90' lang='lat' dir='ltr'><strong>nis,</strong></span> <span class='ocrx_word' id='word_1_531' title='bbox 893 5347 946 5401; x_wconf 92' lang='lat' dir='ltr'><strong>id</strong></span> <span class='ocrx_word' id='word_1_532' title='bbox 968 5358 1051 5402; x_wconf 86' lang='lat' dir='ltr'><strong>est</strong></span> <span class='ocrx_word' id='word_1_533' title='bbox 1082 5346 1281 5417; x_wconf 87' lang='lat' dir='ltr'><strong>prima,</strong></span> <span class='ocrx_word' id='word_1_534' title='bbox 1315 5347 1601 5403; x_wconf 89' lang='lat' dir='ltr'><strong>Dominica</strong></span> <span class='ocrx_word' id='word_1_535' title='bbox 1623 5349 1838 5404; x_wconf 89' lang='lat' dir='ltr'><strong>occulte</strong></span> <span class='ocrx_word' id='word_1_536' title='bbox 1868 5364 1970 5419; x_wconf 91' lang='lat' dir='ltr'><strong>per</strong></span> <span class='ocrx_word' id='word_1_537' title='bbox 2006 5366 2166 5404; x_wconf 88' lang='lat' dir='ltr'><strong>suum</strong></span> <span class='ocrx_word' id='word_1_538' title='bbox 2204 5367 2320 5423; x_wconf 79' lang='lat' dir='ltr'><strong>my-</strong></span> 
     </span>
    </p>
   </div>
   <div class='ocr_carea' id='block_1_77' title="bbox 816 5463 1269 5535">
    <p class='ocr_par' dir='ltr' id='par_1_77' title="bbox 816 5463 1269 5535">
     <span class='ocr_line' id='line_1_77' title="bbox 816 5463 1269 5535; baseline 0.002 -16"><span class='ocrx_word' id='word_1_539' title='bbox 816 5474 846 5504; x_wconf 71' lang='grc' dir='ltr'><strong>ν</strong></span> <span class='ocrx_word' id='word_1_540' title='bbox 877 5464 921 5519; x_wconf 86' lang='lat' dir='ltr'><strong>ll</strong></span> <span class='ocrx_word' id='word_1_541' title='bbox 958 5463 1091 5535; x_wconf 79' lang='lat' dir='ltr'><strong>Reg.</strong></span> <span class='ocrx_word' id='word_1_542' title='bbox 1126 5480 1185 5529; x_wconf 84' lang='grc' dir='ltr'><strong>ιι,</strong></span> <span class='ocrx_word' id='word_1_543' title='bbox 1216 5464 1269 5520; x_wconf 88' lang='grc'><strong>5.</strong></span> 
     </span>
    </p>
   </div>
   <div class='ocr_carea' id='block_1_78' title="bbox 814 5578 2312 5652">
    <p class='ocr_par' dir='ltr' id='par_1_78' title="bbox 814 5578 2312 5652">
     <span class='ocr_line' id='line_1_78' title="bbox 814 5578 2312 5652; baseline 0.001 -16"><span class='ocrx_word' id='word_1_544' title='bbox 814 5580 924 5649; x_wconf 77' lang='grc'><strong>(58)</strong></span> <span class='ocrx_word' id='word_1_545' title='bbox 957 5581 1107 5637; x_wconf 83' lang='lat' dir='ltr'><strong>Idem</strong></span> <span class='ocrx_word' id='word_1_546' title='bbox 1134 5583 1281 5647; x_wconf 89' lang='lat' dir='ltr'><strong>ibid.,</strong></span> <span class='ocrx_word' id='word_1_547' title='bbox 1308 5596 1429 5652; x_wconf 89' lang='lat' dir='ltr'><strong>cap.</strong></span> <span class='ocrx_word' id='word_1_548' title='bbox 1459 5579 1514 5644; x_wconf 75' lang='grc'>2,</span> <span class='ocrx_word' id='word_1_549' title='bbox 1546 5596 1600 5651; x_wconf 90' lang='lat' dir='ltr'><strong>p.</strong></span> <span class='ocrx_word' id='word_1_550' title='bbox 1633 5579 1756 5646; x_wconf 80' lang='lat'><strong>856,</strong></span> <span class='ocrx_word' id='word_1_551' title='bbox 1784 5591 1916 5634; x_wconf 91' lang='lat' dir='ltr'><strong>tom.</strong></span> <span class='ocrx_word' id='word_1_552' title='bbox 1947 5579 1967 5634; x_wconf 88' lang='grc'><strong>1</strong></span> <span class='ocrx_word' id='word_1_553' title='bbox 2013 5578 2153 5650; x_wconf 90' lang='lat' dir='ltr'><strong>Opp.</strong></span> <span class='ocrx_word' id='word_1_554' title='bbox 2179 5582 2312 5637; x_wconf 85' lang='lat' dir='ltr'><strong>edit.</strong></span> 
     </span>
    </p>
   </div>
   <div class='ocr_carea' id='block_1_79' title="bbox 741 5652 2309 5793">
    <p class='ocr_par' dir='ltr' id='par_1_79' title="bbox 741 5652 2309 5793">
     <span class='ocr_line' id='line_1_79' title="bbox 741 5652 2309 5793; baseline -0.004 -9"><span class='ocrx_word' id='word_1_555' title='bbox 741 5652 1113 5793; x_wconf 47' lang='lat' dir='ltr'><strong>Belg&#39;eiiihreg.</strong></span> <span class='ocrx_word' id='word_1_556' title='bbox 1146 5723 1276 5778; x_wconf 84' lang='lat' dir='ltr'><strong>Naz.</strong></span> <span class='ocrx_word' id='word_1_557' title='bbox 1313 5720 1421 5793; x_wconf 65' lang='lat' dir='ltr'><strong>0r.</strong></span> <span class='ocrx_word' id='word_1_558' title='bbox 1454 5720 1628 5793; x_wconf 72' lang='lat' dir='ltr'><strong>Tlieol.</strong></span> <span class='ocrx_word' id='word_1_559' title='bbox 1685 5738 1756 5793; x_wconf 71' lang='lat' dir='ltr'><strong>tv,</strong></span> <span class='ocrx_word' id='word_1_560' title='bbox 1806 5721 1869 5775; x_wconf 84' lang='lat' dir='ltr'><strong>de</strong></span> <span class='ocrx_word' id='word_1_561' title='bbox 1894 5718 2047 5789; x_wconf 71' lang='lat' dir='ltr'><strong>Filio,</strong></span> <span class='ocrx_word' id='word_1_562' title='bbox 2092 5737 2211 5792; x_wconf 86' lang='lat' dir='ltr'><strong>cap.</strong></span> <span class='ocrx_word' id='word_1_563' title='bbox 2256 5724 2309 5789; x_wconf 70' lang='lat'><strong>3,</strong></span> 
     </span>
    </p>
   </div>
   <div class='ocr_carea' id='block_1_80' title="bbox 739 5791 1725 5865">
    <p class='ocr_par' dir='ltr' id='par_1_80' title="bbox 739 5791 1725 5865">
     <span class='ocr_line' id='line_1_80' title="bbox 739 5791 1725 5865; baseline -0.001 -17"><span class='ocrx_word' id='word_1_564' title='bbox 739 5808 794 5863; x_wconf 89' lang='lat' dir='ltr'><strong>p.</strong></span> <span class='ocrx_word' id='word_1_565' title='bbox 824 5794 949 5861; x_wconf 72' lang='lat' dir='ltr'><strong>5M,</strong></span> <span class='ocrx_word' id='word_1_566' title='bbox 978 5791 1109 5852; x_wconf 77' lang='lat' dir='ltr'><strong>toni.</strong></span> <span class='ocrx_word' id='word_1_567' title='bbox 1141 5794 1161 5851; x_wconf 83' lang='grc' dir='ltr'>Ι</span> <span class='ocrx_word' id='word_1_568' title='bbox 1189 5794 1327 5865; x_wconf 86' lang='lat' dir='ltr'><strong>Opp.</strong></span> <span class='ocrx_word' id='word_1_569' title='bbox 1360 5792 1494 5850; x_wconf 90' lang='lat' dir='ltr'><strong>edit.</strong></span> <span class='ocrx_word' id='word_1_570' title='bbox 1520 5791 1725 5849; x_wconf 88' lang='lat' dir='ltr'><strong>Bened.</strong></span> 
     </span>
    </p>
   </div>
   <div class='ocr_carea' id='block_1_81' title="bbox 2492 3146 4000 3218">
    <p class='ocr_par' dir='ltr' id='par_1_81' title="bbox 2492 3146 4000 3218">
     <span class='ocr_line' id='line_1_81' title="bbox 2492 3146 4000 3218; baseline -0.003 -16"><span class='ocrx_word' id='word_1_571' title='bbox 2492 3166 2623 3202; x_wconf 80' lang='grc' dir='ltr'>νειν</span> <span class='ocrx_word' id='word_1_572' title='bbox 2659 3147 2775 3217; x_wconf 79' lang='grc' dir='ltr'>τὴν</span> <span class='ocrx_word' id='word_1_573' title='bbox 2803 3148 3225 3218; x_wconf 76' lang='grc' dir='ltr'>ἁναστάσιμον</span> <span class='ocrx_word' id='word_1_574' title='bbox 3254 3146 3485 3217; x_wconf 73' lang='grc' dir='ltr'>ἡμέραν</span> <span class='ocrx_word' id='word_1_575' title='bbox 3523 3147 3729 3211; x_wconf 78' lang='grc' dir='ltr'>πάσας</span> <span class='ocrx_word' id='word_1_576' title='bbox 3756 3147 3865 3211; x_wconf 82' lang='grc' dir='ltr'>τὰς</span> <span class='ocrx_word' id='word_1_577' title='bbox 3900 3147 4000 3198; x_wconf 74' lang='grc' dir='ltr'><strong>ἐπὶ</strong></span> 
     </span>
    </p>
   </div>
   <div class='ocr_carea' id='block_1_82' title="bbox 2493 3236 4001 3308">
    <p class='ocr_par' dir='ltr' id='par_1_82' title="bbox 2493 3236 4001 3308">
     <span class='ocr_line' id='line_1_82' title="bbox 2493 3236 4001 3308; baseline -0.007 -10"><span class='ocrx_word' id='word_1_578' title='bbox 2493 3237 2606 3308; x_wconf 71' lang='grc' dir='ltr'><strong>γῆς</strong></span> <span class='ocrx_word' id='word_1_579' title='bbox 2631 3238 2861 3305; x_wconf 78' lang='grc' dir='ltr'>ἑορτὰς,</span> <span class='ocrx_word' id='word_1_580' title='bbox 2880 3239 2953 3292; x_wconf 84' lang='grc' dir='ltr'>οὐ</span> <span class='ocrx_word' id='word_1_581' title='bbox 2970 3238 3076 3304; x_wconf 82' lang='grc' dir='ltr'>τὰς</span> <span class='ocrx_word' id='word_1_582' title='bbox 3093 3237 3472 3307; x_wconf 79' lang='grc' dir='ltr'>ἀνθρωπικὰς</span> <span class='ocrx_word' id='word_1_583' title='bbox 3481 3238 3676 3305; x_wconf 80' lang='grc' dir='ltr'>μόνον</span> <span class='ocrx_word' id='word_1_584' title='bbox 3691 3236 3787 3289; x_wconf 68' lang='grc' dir='ltr'>καὶ</span> <span class='ocrx_word' id='word_1_585' title='bbox 3814 3237 4001 3304; x_wconf 76' lang='grc' dir='ltr'>χαμαὶ</span> 
     </span>
    </p>
   </div>
   <div class='ocr_carea' id='block_1_83' title="bbox 2491 3324 3998 3398">
    <p class='ocr_par' dir='ltr' id='par_1_83' title="bbox 2491 3324 3998 3398">
     <span class='ocr_line' id='line_1_83' title="bbox 2491 3324 3998 3398; baseline -0.003 -16"><span class='ocrx_word' id='word_1_586' title='bbox 2491 3328 2838 3398; x_wconf 74' lang='grc' dir='ltr'>ἐρχομένης,</span> <span class='ocrx_word' id='word_1_587' title='bbox 2863 3328 3002 3382; x_wconf 72' lang='grc' dir='ltr'><strong>ἀλλ’</strong></span> <span class='ocrx_word' id='word_1_588' title='bbox 3032 3328 3147 3396; x_wconf 74' lang='grc' dir='ltr'><strong>ἤδη</strong></span> <span class='ocrx_word' id='word_1_589' title='bbox 3177 3328 3275 3381; x_wconf 76' lang='grc' dir='ltr'><strong>καί</strong></span> <span class='ocrx_word' id='word_1_590' title='bbox 3311 3328 3420 3393; x_wconf 85' lang='grc' dir='ltr'>τὰς</span> <span class='ocrx_word' id='word_1_591' title='bbox 3465 3326 3653 3381; x_wconf 85' lang='grc' dir='ltr'>αὑτοῦ</span> <span class='ocrx_word' id='word_1_592' title='bbox 3700 3324 3811 3379; x_wconf 86' lang='grc' dir='ltr'>τοῦ</span> <span class='ocrx_word' id='word_1_593' title='bbox 3861 3329 3998 3393; x_wconf 76' lang='grc' dir='ltr'>Χρι-</span> 
     </span>
    </p>
   </div>
   <div class='ocr_carea' id='block_1_84' title="bbox 2492 3418 4003 3488">
    <p class='ocr_par' dir='ltr' id='par_1_84' title="bbox 2492 3418 4003 3488">
     <span class='ocr_line' id='line_1_84' title="bbox 2492 3418 4003 3488; baseline -0.002 -14"><span class='ocrx_word' id='word_1_594' title='bbox 2492 3420 2643 3474; x_wconf 85' lang='grc' dir='ltr'>στοῦ</span> <span class='ocrx_word' id='word_1_595' title='bbox 2671 3420 2770 3474; x_wconf 75' lang='grc' dir='ltr'>καὶ</span> <span class='ocrx_word' id='word_1_596' title='bbox 2797 3420 2892 3474; x_wconf 79' lang='grc' dir='ltr'><strong>ἐπ’</strong></span> <span class='ocrx_word' id='word_1_597' title='bbox 2922 3419 3083 3485; x_wconf 85' lang='grc' dir='ltr'><strong>αὐτῷ</strong></span> <span class='ocrx_word' id='word_1_598' title='bbox 3107 3418 3507 3488; x_wconf 65' lang='grc' dir='ltr'>τελουμένας,</span> <span class='ocrx_word' id='word_1_599' title='bbox 3534 3419 3740 3486; x_wconf 72' lang='grc' dir='ltr'>ὥσπερ</span> <span class='ocrx_word' id='word_1_600' title='bbox 3786 3418 4003 3473; x_wconf 68' lang='grc' dir='ltr'>ἐπιλα-</span> 
     </span>
    </p>
   </div>
   <div class='ocr_carea' id='block_1_85' title="bbox 2493 3510 4004 3581">
    <p class='ocr_par' dir='ltr' id='par_1_85' title="bbox 2493 3510 4004 3581">
     <span class='ocr_line' id='line_1_85' title="bbox 2493 3510 4004 3581; baseline -0.002 -15"><span class='ocrx_word' id='word_1_601' title='bbox 2493 3514 2742 3581; x_wconf 82' lang='grc' dir='ltr'>θόμενος</span> <span class='ocrx_word' id='word_1_602' title='bbox 2796 3511 2908 3580; x_wconf 79' lang='grc' dir='ltr'>τῆς</span> <span class='ocrx_word' id='word_1_603' title='bbox 2955 3511 3108 3577; x_wconf 79' lang='grc' dir='ltr'>ιδίας</span> <span class='ocrx_word' id='word_1_604' title='bbox 3142 3511 3525 3580; x_wconf 66' lang='grc' dir='ltr'>ἀποφάσεως,</span> <span class='ocrx_word' id='word_1_605' title='bbox 3577 3510 3695 3579; x_wconf 76' lang='grc' dir='ltr'>τὴν</span> <span class='ocrx_word' id='word_1_606' title='bbox 3732 3511 3856 3564; x_wconf 84' lang='grc' dir='ltr'><strong>τῶν</strong></span> <span class='ocrx_word' id='word_1_607' title='bbox 3908 3512 4004 3581; x_wconf 60' lang='grc' dir='ltr'><strong>ἐγ-</strong></span> 
     </span>
    </p>
   </div>
   <div class='ocr_carea' id='block_1_86' title="bbox 2493 3602 4001 3674">
    <p class='ocr_par' dir='ltr' id='par_1_86' title="bbox 2493 3602 4001 3674">
     <span class='ocr_line' id='line_1_86' title="bbox 2493 3602 4001 3674; baseline -0.003 -15"><span class='ocrx_word' id='word_1_608' title='bbox 2493 3607 2744 3659; x_wconf 79' lang='grc' dir='ltr'>καινίων</span> <span class='ocrx_word' id='word_1_609' title='bbox 2796 3604 3030 3674; x_wconf 70' lang='grc' dir='ltr'>ἡμέραν</span> <span class='ocrx_word' id='word_1_610' title='bbox 3064 3605 3290 3670; x_wconf 79' lang='grc' dir='ltr'>ταύτης</span> <span class='ocrx_word' id='word_1_611' title='bbox 3336 3604 3733 3670; x_wconf 78' lang='grc' dir='ltr'>ὺπερτίθησιν</span> <span class='ocrx_word' id='word_1_612' title='bbox 3785 3602 4001 3655; x_wconf 62' lang='lat' dir='ltr'><strong>statim.</strong></span> 
     </span>
    </p>
   </div>
   <div class='ocr_carea' id='block_1_87' title="bbox 2501 3695 4001 3766">
    <p class='ocr_par' dir='ltr' id='par_1_87' title="bbox 2501 3695 4001 3766">
     <span class='ocr_line' id='line_1_87' title="bbox 2501 3695 4001 3766; baseline -0.003 -15"><span class='ocrx_word' id='word_1_613' title='bbox 2501 3716 2520 3750; x_wconf 82' lang='grc' dir='ltr'><strong>ι</strong></span> <span class='ocrx_word' id='word_1_614' title='bbox 2572 3696 2847 3766; x_wconf 60' lang='grc' dir='ltr'><strong>’Υψηλῆς</strong></span> <span class='ocrx_word' id='word_1_615' title='bbox 2874 3696 3221 3766; x_wconf 66' lang='grc' dir='ltr'>ὑψηλοτέρα</span> <span class='ocrx_word' id='word_1_616' title='bbox 3244 3736 3258 3759; x_wconf 92' lang='grc'><strong>,</strong></span> <span class='ocrx_word' id='word_1_617' title='bbox 3285 3695 3382 3748; x_wconf 73' lang='grc' dir='ltr'>καὶ</span> <span class='ocrx_word' id='word_1_618' title='bbox 3406 3695 3745 3763; x_wconf 82' lang='grc' dir='ltr'>θαυμασίας</span> <span class='ocrx_word' id='word_1_619' title='bbox 3769 3696 4001 3763; x_wconf 80' lang='grc' dir='ltr'>θαυμα-</span> 
     </span>
    </p>
   </div>
   <div class='ocr_carea' id='block_1_88' title="bbox 2492 3783 4006 3855">
    <p class='ocr_par' dir='ltr' id='par_1_88' title="bbox 2492 3783 4006 3855">
     <span class='ocr_line' id='line_1_88' title="bbox 2492 3783 4006 3855; baseline -0.003 -12"><span class='ocrx_word' id='word_1_620' title='bbox 2492 3790 2757 3855; x_wconf 83' lang='grc' dir='ltr'>σιοτέρα,</span> <span class='ocrx_word' id='word_1_621' title='bbox 2781 3788 2863 3853; x_wconf 87' lang='grc' dir='ltr'><strong>ὡς</strong></span> <span class='ocrx_word' id='word_1_622' title='bbox 2894 3788 2964 3840; x_wconf 74' lang='grc' dir='ltr'>ἐκ</span> <span class='ocrx_word' id='word_1_623' title='bbox 2997 3787 3217 3839; x_wconf 90' lang='grc' dir='ltr'>τούτου</span> <span class='ocrx_word' id='word_1_624' title='bbox 3248 3783 3616 3854; x_wconf 78' lang='grc' dir='ltr'>νομισθῆναι</span> <span class='ocrx_word' id='word_1_625' title='bbox 3648 3784 3845 3850; x_wconf 79' lang='grc' dir='ltr'>ἑαυτῷ</span> <span class='ocrx_word' id='word_1_626' title='bbox 3897 3801 4006 3839; x_wconf 70' lang='grc' dir='ltr'><strong>πε-</strong></span> 
     </span>
    </p>
   </div>
   <div class='ocr_carea' id='block_1_89' title="bbox 2488 3876 3482 3949">
    <p class='ocr_par' dir='ltr' id='par_1_89' title="bbox 2488 3876 3482 3949">
     <span class='ocr_line' id='line_1_89' title="bbox 2488 3876 3482 3949; baseline -0.001 -17"><span class='ocrx_word' id='word_1_627' title='bbox 2488 3880 2797 3949; x_wconf 75' lang='grc' dir='ltr'>ριπίπτειν</span> <span class='ocrx_word' id='word_1_628' title='bbox 2818 3878 2924 3932; x_wconf 83' lang='grc' dir='ltr'>τὸν</span> <span class='ocrx_word' id='word_1_629' title='bbox 2946 3877 3322 3931; x_wconf 78' lang='grc' dir='ltr'>διδάσκαλον</span> <span class='ocrx_word' id='word_1_630' title='bbox 3348 3876 3482 3948; x_wconf 90' lang='grc'>(60).</span> 
     </span>
    </p>
   </div>
   <div class='ocr_carea' id='block_1_90' title="bbox 2494 3989 4009 4063">
    <p class='ocr_par' dir='ltr' id='par_1_90' title="bbox 2494 3989 4009 4063">
     <span class='ocr_line' id='line_1_90' title="bbox 2494 3989 4009 4063; baseline -0.001 -17"><span class='ocrx_word' id='word_1_631' title='bbox 2494 3992 2638 4063; x_wconf 85' lang='grc' dir='ltr'>Πρὸς</span> <span class='ocrx_word' id='word_1_632' title='bbox 2657 3992 2831 4045; x_wconf 81' lang='grc' dir='ltr'>ταῦτα</span> <span class='ocrx_word' id='word_1_633' title='bbox 2853 3990 3098 4057; x_wconf 78' lang='grc' dir='ltr'>λεκτέον,</span> <span class='ocrx_word' id='word_1_634' title='bbox 3123 3989 3198 4054; x_wconf 85' lang='grc' dir='ltr'><strong>ὡς</strong></span> <span class='ocrx_word' id='word_1_635' title='bbox 3221 3990 3383 4055; x_wconf 77' lang='grc' dir='ltr'>αὑτὸς</span> <span class='ocrx_word' id='word_1_636' title='bbox 3411 3992 3439 4045; x_wconf 83' lang='grc' dir='ltr'><strong>ό</strong></span> <span class='ocrx_word' id='word_1_637' title='bbox 3466 3990 3789 4055; x_wconf 85' lang='grc' dir='ltr'>διδάσκαλος</span> <span class='ocrx_word' id='word_1_638' title='bbox 3821 3992 3884 4045; x_wconf 80' lang='grc' dir='ltr'>ὲν</span> <span class='ocrx_word' id='word_1_639' title='bbox 3926 3991 4009 4060; x_wconf 79' lang='grc' dir='ltr'>τῷ</span> 
     </span>
    </p>
   </div>
   <div class='ocr_carea' id='block_1_91' title="bbox 2424 4079 4005 4153">
    <p class='ocr_par' dir='ltr' id='par_1_91' title="bbox 2424 4079 4005 4153">
     <span class='ocr_line' id='line_1_91' title="bbox 2424 4079 4005 4153; baseline -0.001 -16"><span class='ocrx_word' id='word_1_640' title='bbox 2424 4083 2573 4152; x_wconf 77' lang='grc' dir='ltr'>αὐτῷ</span> <span class='ocrx_word' id='word_1_641' title='bbox 2594 4082 2737 4153; x_wconf 83' lang='grc' dir='ltr'>λόγῳ</span> <span class='ocrx_word' id='word_1_642' title='bbox 2761 4079 2946 4152; x_wconf 65' lang='grc' dir='ltr'><strong>(25ἀΙ</strong></span> <span class='ocrx_word' id='word_1_643' title='bbox 2971 4080 3025 4150; x_wconf 92' lang='lat' dir='ltr'><strong>a)</strong></span> <span class='ocrx_word' id='word_1_644' title='bbox 3064 4082 3204 4151; x_wconf 88' lang='grc' dir='ltr'>μετά</span> <span class='ocrx_word' id='word_1_645' title='bbox 3231 4081 3357 4134; x_wconf 86' lang='grc' dir='ltr'>τινά</span> <span class='ocrx_word' id='word_1_646' title='bbox 3405 4097 3593 4151; x_wconf 76' lang='grc' dir='ltr'>φησιν’</span> <span class='ocrx_word' id='word_1_647' title='bbox 3635 4100 3653 4133; x_wconf 81' lang='grc' dir='ltr'><strong>ι</strong></span> <span class='ocrx_word' id='word_1_648' title='bbox 3683 4082 3760 4135; x_wconf 80' lang='grc' dir='ltr'><strong>Οὑ</strong></span> <span class='ocrx_word' id='word_1_649' title='bbox 3808 4082 4005 4151; x_wconf 75' lang='grc' dir='ltr'>βούλε-</span> 
     </span>
    </p>
   </div>
   <div class='ocr_carea' id='block_1_92' title="bbox 2422 4172 4005 4244">
    <p class='ocr_par' dir='ltr' id='par_1_92' title="bbox 2422 4172 4005 4244">
     <span class='ocr_line' id='line_1_92' title="bbox 2422 4172 4005 4244; baseline -0.001 -17"><span class='ocrx_word' id='word_1_650' title='bbox 2422 4174 2511 4227; x_wconf 81' lang='grc' dir='ltr'><strong>ταί</strong></span> <span class='ocrx_word' id='word_1_651' title='bbox 2544 4190 2603 4227; x_wconf 87' lang='grc' dir='ltr'><strong>σε</strong></span> <span class='ocrx_word' id='word_1_652' title='bbox 2657 4174 2687 4225; x_wconf 88' lang='grc' dir='ltr'><strong>ό</strong></span> <span class='ocrx_word' id='word_1_653' title='bbox 2742 4172 2899 4241; x_wconf 84' lang='grc' dir='ltr'>λόγος</span> <span class='ocrx_word' id='word_1_654' title='bbox 2950 4172 3082 4224; x_wconf 78' lang='grc' dir='ltr'>ποτὲ</span> <span class='ocrx_word' id='word_1_655' title='bbox 3131 4172 3189 4224; x_wconf 86' lang='grc' dir='ltr'><strong>έν</strong></span> <span class='ocrx_word' id='word_1_656' title='bbox 3233 4172 3311 4242; x_wconf 80' lang='grc' dir='ltr'>τῷ</span> <span class='ocrx_word' id='word_1_657' title='bbox 3351 4172 3499 4244; x_wconf 86' lang='grc' dir='ltr'><strong>αὑτῴ</strong></span> <span class='ocrx_word' id='word_1_658' title='bbox 3537 4172 3882 4242; x_wconf 81' lang='grc' dir='ltr'>μένειν,άλλ’</span> <span class='ocrx_word' id='word_1_659' title='bbox 3912 4174 4005 4225; x_wconf 76' lang='grc' dir='ltr'><strong>ἀεὶ</strong></span> 
     </span>
    </p>
   </div>
   <div class='ocr_carea' id='block_1_93' title="bbox 2426 4260 3999 4337">
    <p class='ocr_par' dir='ltr' id='par_1_93' title="bbox 2426 4260 3999 4337">
     <span class='ocr_line' id='line_1_93' title="bbox 2426 4260 3999 4337; baseline -0.003 -17"><span class='ocrx_word' id='word_1_660' title='bbox 2426 4265 2645 4337; x_wconf 72' lang='grc' dir='ltr'>κινητὸν</span> <span class='ocrx_word' id='word_1_661' title='bbox 2677 4260 2839 4329; x_wconf 75' lang='grc' dir='ltr'>εἶναι,</span> <span class='ocrx_word' id='word_1_662' title='bbox 2874 4262 3184 4335; x_wconf 80' lang='grc' dir='ltr'>εὐκίνητον,</span> <span class='ocrx_word' id='word_1_663' title='bbox 3208 4264 3427 4328; x_wconf 83' lang='grc' dir='ltr'>πάντως</span> <span class='ocrx_word' id='word_1_664' title='bbox 3451 4265 3763 4317; x_wconf 84' lang='grc' dir='ltr'>νεόκτιστον</span> <span class='ocrx_word' id='word_1_665' title='bbox 3796 4266 3939 4334; x_wconf 79' lang='lat' dir='ltr'><strong>(Gl).</strong></span> <span class='ocrx_word' id='word_1_666' title='bbox 3978 4283 3999 4316; x_wconf 74' lang='grc' dir='ltr'><strong>ι</strong></span> 
     </span>
    </p>
   </div>
   <div class='ocr_carea' id='block_1_94' title="bbox 2426 4351 4005 4427">
    <p class='ocr_par' dir='ltr' id='par_1_94' title="bbox 2426 4351 4005 4427">
     <span class='ocr_line' id='line_1_94' title="bbox 2426 4351 4005 4427; baseline -0.002 -17"><span class='ocrx_word' id='word_1_667' title='bbox 2426 4358 2637 4427; x_wconf 87' lang='grc' dir='ltr'>’Ὠσπερ</span> <span class='ocrx_word' id='word_1_668' title='bbox 2667 4351 2762 4409; x_wconf 80' lang='grc' dir='ltr'>οὖν</span> <span class='ocrx_word' id='word_1_669' title='bbox 2801 4354 2893 4407; x_wconf 79' lang='grc' dir='ltr'>τὸν</span> <span class='ocrx_word' id='word_1_670' title='bbox 2934 4353 3383 4424; x_wconf 79' lang='grc' dir='ltr'>ὲγκαινιζόμενον</span> <span class='ocrx_word' id='word_1_671' title='bbox 3424 4354 3759 4425; x_wconf 79' lang='grc' dir='ltr'>ὑψηλότερον</span> <span class='ocrx_word' id='word_1_672' title='bbox 3799 4355 4005 4407; x_wconf 67' lang='grc' dir='ltr'>ἑαυτοῦ</span> 
     </span>
    </p>
   </div>
   <div class='ocr_carea' id='block_1_95' title="bbox 2423 4443 3997 4517">
    <p class='ocr_par' dir='ltr' id='par_1_95' title="bbox 2423 4443 3997 4517">
     <span class='ocr_line' id='line_1_95' title="bbox 2423 4443 3997 4517; baseline -0.001 -18"><span class='ocrx_word' id='word_1_673' title='bbox 2423 4446 2671 4517; x_wconf 81' lang='grc' dir='ltr'>γίνεσθαι</span> <span class='ocrx_word' id='word_1_674' title='bbox 2705 4446 2799 4499; x_wconf 74' lang='grc' dir='ltr'>καὶ</span> <span class='ocrx_word' id='word_1_675' title='bbox 2829 4443 3224 4513; x_wconf 84' lang='grc' dir='ltr'>Θεοειδέστερον</span> <span class='ocrx_word' id='word_1_676' title='bbox 3255 4446 3377 4505; x_wconf 86' lang='grc' dir='ltr'>ταῖς</span> <span class='ocrx_word' id='word_1_677' title='bbox 3405 4445 3485 4509; x_wconf 81' lang='grc' dir='ltr'><strong>είς</strong></span> <span class='ocrx_word' id='word_1_678' title='bbox 3528 4445 3731 4516; x_wconf 81' lang='grc' dir='ltr'>ἀρετὴν</span> <span class='ocrx_word' id='word_1_679' title='bbox 3782 4462 3997 4515; x_wconf 83' lang='grc' dir='ltr'>προκο-</span> 
     </span>
    </p>
   </div>
   <div class='ocr_carea' id='block_1_96' title="bbox 2427 4534 4007 4606">
    <p class='ocr_par' dir='ltr' id='par_1_96' title="bbox 2427 4534 4007 4606">
     <span class='ocr_line' id='line_1_96' title="bbox 2427 4534 4007 4606; baseline 0 -18"><span class='ocrx_word' id='word_1_680' title='bbox 2427 4538 2555 4599; x_wconf 87' lang='grc' dir='ltr'><strong>παίς</strong></span> <span class='ocrx_word' id='word_1_681' title='bbox 2603 4534 3034 4605; x_wconf 84' lang='grc' dir='ltr'>φαιδρυνόμενον</span> <span class='ocrx_word' id='word_1_682' title='bbox 3087 4534 3463 4606; x_wconf 81' lang='grc' dir='ltr'>γινώσκομεν,</span> <span class='ocrx_word' id='word_1_683' title='bbox 3496 4534 3638 4588; x_wconf 78' lang='grc' dir='ltr'>οὑτω</span> <span class='ocrx_word' id='word_1_684' title='bbox 3672 4534 3741 4606; x_wconf 75' lang='grc' dir='ltr'><strong>δὴ</strong></span> <span class='ocrx_word' id='word_1_685' title='bbox 3770 4536 3872 4588; x_wconf 82' lang='grc' dir='ltr'>καὶ</span> <span class='ocrx_word' id='word_1_686' title='bbox 3898 4538 4007 4590; x_wconf 75' lang='grc' dir='ltr'>πά-</span> 
     </span>
    </p>
   </div>
   <div class='ocr_carea' id='block_1_97' title="bbox 2428 4622 4008 4696">
    <p class='ocr_par' dir='ltr' id='par_1_97' title="bbox 2428 4622 4008 4696">
     <span class='ocr_line' id='line_1_97' title="bbox 2428 4622 4008 4696; baseline -0.003 -17"><span class='ocrx_word' id='word_1_687' title='bbox 2428 4644 2529 4681; x_wconf 89' lang='grc' dir='ltr'><strong>σαν</strong></span> <span class='ocrx_word' id='word_1_688' title='bbox 2554 4626 2622 4679; x_wconf 84' lang='grc' dir='ltr'>δι’</span> <span class='ocrx_word' id='word_1_689' title='bbox 2656 4625 2806 4695; x_wconf 79' lang='grc' dir='ltr'>ἡμᾶς</span> <span class='ocrx_word' id='word_1_690' title='bbox 2846 4622 3228 4693; x_wconf 84' lang='grc' dir='ltr'>ὲπινοηθεῖσαν</span> <span class='ocrx_word' id='word_1_691' title='bbox 3281 4624 3480 4695; x_wconf 80' lang='grc' dir='ltr'>ἑορτῆς</span> <span class='ocrx_word' id='word_1_692' title='bbox 3520 4625 3737 4696; x_wconf 73' lang='grc' dir='ltr'>ἡμέραν</span> <span class='ocrx_word' id='word_1_693' title='bbox 3778 4626 3844 4677; x_wconf 76' lang='grc' dir='ltr'><strong>έν</strong></span> <span class='ocrx_word' id='word_1_694' title='bbox 3873 4626 4008 4695; x_wconf 80' lang='grc' dir='ltr'>ημῖν</span> 
     </span>
    </p>
   </div>
   <div class='ocr_carea' id='block_1_98' title="bbox 2426 4711 4008 4785">
    <p class='ocr_par' dir='ltr' id='par_1_98' title="bbox 2426 4711 4008 4785">
     <span class='ocr_line' id='line_1_98' title="bbox 2426 4711 4008 4785; baseline -0.001 -18"><span class='ocrx_word' id='word_1_695' title='bbox 2426 4714 2519 4768; x_wconf 77' lang='grc' dir='ltr'>καὶ</span> <span class='ocrx_word' id='word_1_696' title='bbox 2548 4713 2616 4767; x_wconf 86' lang='grc' dir='ltr'>δι’</span> <span class='ocrx_word' id='word_1_697' title='bbox 2650 4713 2808 4785; x_wconf 77' lang='grc' dir='ltr'>ἡμῶν</span> <span class='ocrx_word' id='word_1_698' title='bbox 2835 4713 3036 4783; x_wconf 79' lang='grc' dir='ltr'>ἑαυτῆς</span> <span class='ocrx_word' id='word_1_699' title='bbox 3062 4711 3404 4784; x_wconf 76' lang='grc' dir='ltr'>ὑψηλοτέραν</span> <span class='ocrx_word' id='word_1_700' title='bbox 3447 4712 3692 4783; x_wconf 82' lang='grc' dir='ltr'>γίνεσθαι</span> <span class='ocrx_word' id='word_1_701' title='bbox 3720 4714 4008 4767; x_wconf 83' lang='grc' dir='ltr'>πιστεύειν</span> 
     </span>
    </p>
   </div>
   <div class='ocr_carea' id='block_1_99' title="bbox 2428 4804 4006 4879">
    <p class='ocr_par' dir='ltr' id='par_1_99' title="bbox 2428 4804 4006 4879">
     <span class='ocr_line' id='line_1_99' title="bbox 2428 4804 4006 4879; baseline -0.002 -18"><span class='ocrx_word' id='word_1_702' title='bbox 2428 4807 2575 4878; x_wconf 74' lang='grc' dir='ltr'>ἡμᾶς</span> <span class='ocrx_word' id='word_1_703' title='bbox 2619 4806 2746 4877; x_wconf 79' lang='grc' dir='ltr'>χρὴ,</span> <span class='ocrx_word' id='word_1_704' title='bbox 2778 4804 2873 4858; x_wconf 82' lang='grc' dir='ltr'>τοῦ</span> <span class='ocrx_word' id='word_1_705' title='bbox 2923 4805 2992 4859; x_wconf 78' lang='grc' dir='ltr'>δι’</span> <span class='ocrx_word' id='word_1_706' title='bbox 3018 4806 3191 4875; x_wconf 85' lang='grc' dir='ltr'>αὑτῆς</span> <span class='ocrx_word' id='word_1_707' title='bbox 3237 4806 3636 4879; x_wconf 66' lang='grc' dir='ltr'>σημαινομένου</span> <span class='ocrx_word' id='word_1_708' title='bbox 3697 4808 4006 4877; x_wconf 73' lang='grc' dir='ltr'>μυστηρίου</span> 
     </span>
    </p>
   </div>
   <div class='ocr_carea' id='block_1_100' title="bbox 2420 4896 4001 4969">
    <p class='ocr_par' dir='ltr' id='par_1_100' title="bbox 2420 4896 4001 4969">
     <span class='ocr_line' id='line_1_100' title="bbox 2420 4896 4001 4969; baseline 0 -18"><span class='ocrx_word' id='word_1_709' title='bbox 2420 4899 2521 4969; x_wconf 81' lang='grc' dir='ltr'>τὴν</span> <span class='ocrx_word' id='word_1_710' title='bbox 2546 4897 2755 4952; x_wconf 77' lang='grc' dir='ltr'>οἰκείαν</span> <span class='ocrx_word' id='word_1_711' title='bbox 2774 4896 3008 4966; x_wconf 78' lang='grc' dir='ltr'>δύναμιν</span> <span class='ocrx_word' id='word_1_712' title='bbox 3031 4897 3090 4949; x_wconf 77' lang='grc' dir='ltr'><strong>έν</strong></span> <span class='ocrx_word' id='word_1_713' title='bbox 3122 4899 3254 4968; x_wconf 80' lang='grc' dir='ltr'>ημῖν</span> <span class='ocrx_word' id='word_1_714' title='bbox 3278 4897 3417 4969; x_wconf 76' lang='grc' dir='ltr'>πρὸς</span> <span class='ocrx_word' id='word_1_715' title='bbox 3447 4898 3729 4952; x_wconf 80' lang='grc' dir='ltr'>τελείωσιν</span> <span class='ocrx_word' id='word_1_716' title='bbox 3748 4897 4001 4965; x_wconf 78' lang='grc' dir='ltr'>ἄγοντος.</span> 
     </span>
    </p>
   </div>
   <div class='ocr_carea' id='block_1_101' title="bbox 2425 4984 4004 5060">
    <p class='ocr_par' dir='ltr' id='par_1_101' title="bbox 2425 4984 4004 5060">
     <span class='ocr_line' id='line_1_101' title="bbox 2425 4984 4004 5060; baseline 0 -17"><span class='ocrx_word' id='word_1_717' title='bbox 2425 4990 2665 5052; x_wconf 85' lang='grc' dir='ltr'>Είκότως</span> <span class='ocrx_word' id='word_1_718' title='bbox 2698 4984 2793 5042; x_wconf 79' lang='grc' dir='ltr'>οὖν</span> <span class='ocrx_word' id='word_1_719' title='bbox 2830 4987 3043 5058; x_wconf 79' lang='grc' dir='ltr'>ὑψηλῆς</span> <span class='ocrx_word' id='word_1_720' title='bbox 3068 4987 3414 5060; x_wconf 82' lang='grc' dir='ltr'>ὑψηλοτέραν</span> <span class='ocrx_word' id='word_1_721' title='bbox 3439 4989 3539 5059; x_wconf 75' lang='grc' dir='ltr'>τὴν</span> <span class='ocrx_word' id='word_1_722' title='bbox 3570 4989 3767 5059; x_wconf 79' lang='grc' dir='ltr'>καινὴν</span> <span class='ocrx_word' id='word_1_723' title='bbox 3793 4993 3825 5043; x_wconf 83' lang='grc' dir='ltr'>ὁ</span> <span class='ocrx_word' id='word_1_724' title='bbox 3859 4990 4004 5043; x_wconf 77' lang='grc' dir='ltr'>διδά-</span> 
     </span>
    </p>
   </div>
   <div class='ocr_carea' id='block_1_102' title="bbox 2422 5078 4005 5151">
    <p class='ocr_par' dir='ltr' id='par_1_102' title="bbox 2422 5078 4005 5151">
     <span class='ocr_line' id='line_1_102' title="bbox 2422 5078 4005 5151; baseline 0 -18"><span class='ocrx_word' id='word_1_725' title='bbox 2422 5080 2617 5143; x_wconf 87' lang='grc' dir='ltr'>σκαλος</span> <span class='ocrx_word' id='word_1_726' title='bbox 2646 5078 2752 5147; x_wconf 74' lang='grc' dir='ltr'>ἔφη</span> <span class='ocrx_word' id='word_1_727' title='bbox 2787 5078 3093 5150; x_wconf 78' lang='grc' dir='ltr'>Κυριακὴν,</span> <span class='ocrx_word' id='word_1_728' title='bbox 3128 5078 3203 5141; x_wconf 85' lang='grc' dir='ltr'><strong>ὡς</strong></span> <span class='ocrx_word' id='word_1_729' title='bbox 3230 5080 3317 5132; x_wconf 79' lang='grc' dir='ltr'><strong>ἀεὶ</strong></span> <span class='ocrx_word' id='word_1_730' title='bbox 3343 5079 3442 5149; x_wconf 84' lang='grc' dir='ltr'>τῆς</span> <span class='ocrx_word' id='word_1_731' title='bbox 3487 5080 3659 5149; x_wconf 84' lang='grc' dir='ltr'>αὑτῆς</span> <span class='ocrx_word' id='word_1_732' title='bbox 3686 5080 3827 5151; x_wconf 79' lang='grc' dir='ltr'>ἡμῖν</span> <span class='ocrx_word' id='word_1_733' title='bbox 3875 5098 4005 5133; x_wconf 81' lang='grc' dir='ltr'>συν-</span> 
     </span>
    </p>
   </div>
   <div class='ocr_carea' id='block_1_103' title="bbox 2423 5168 4001 5243">
    <p class='ocr_par' dir='ltr' id='par_1_103' title="bbox 2423 5168 4001 5243">
     <span class='ocr_line' id='line_1_103' title="bbox 2423 5168 4001 5243; baseline -0.006 -16"><span class='ocrx_word' id='word_1_734' title='bbox 2423 5172 2759 5243; x_wconf 77' lang='grc' dir='ltr'>υψουμένης,</span> <span class='ocrx_word' id='word_1_735' title='bbox 2791 5171 2888 5224; x_wconf 76' lang='grc' dir='ltr'>καὶ</span> <span class='ocrx_word' id='word_1_736' title='bbox 2951 5170 3152 5241; x_wconf 74' lang='grc' dir='ltr'>ἑαυτὴν</span> <span class='ocrx_word' id='word_1_737' title='bbox 3202 5171 3642 5242; x_wconf 73' lang='grc' dir='ltr'>ὑπερϐαινοὺσης</span> <span class='ocrx_word' id='word_1_738' title='bbox 3671 5186 3688 5202; x_wconf 79' lang='grc' dir='ltr'><strong><em>ο</em></strong></span> <span class='ocrx_word' id='word_1_739' title='bbox 3750 5168 3845 5225; x_wconf 72' lang='grc' dir='ltr'>οἷα</span> <span class='ocrx_word' id='word_1_740' title='bbox 3900 5174 4001 5243; x_wconf 73' lang='grc' dir='ltr'><strong>τῆς</strong></span> 
     </span>
    </p>
   </div>
   <div class='ocr_carea' id='block_1_104' title="bbox 2420 5260 4004 5335">
    <p class='ocr_par' dir='ltr' id='par_1_104' title="bbox 2420 5260 4004 5335">
     <span class='ocr_line' id='line_1_104' title="bbox 2420 5260 4004 5335; baseline 0 -20"><span class='ocrx_word' id='word_1_741' title='bbox 2420 5261 2796 5326; x_wconf 78' lang='grc' dir='ltr'>ἀναστάσεως,</span> <span class='ocrx_word' id='word_1_742' title='bbox 2827 5261 2973 5329; x_wconf 85' lang='grc' dir='ltr'>λέγω</span> <span class='ocrx_word' id='word_1_743' title='bbox 3002 5262 3058 5314; x_wconf 78' lang='grc' dir='ltr'><strong>δὲ</strong></span> <span class='ocrx_word' id='word_1_744' title='bbox 3098 5260 3201 5331; x_wconf 80' lang='grc' dir='ltr'>τῆς</span> <span class='ocrx_word' id='word_1_745' title='bbox 3251 5261 3477 5335; x_wconf 84' lang='grc' dir='ltr'>πρώτης</span> <span class='ocrx_word' id='word_1_746' title='bbox 3520 5264 3837 5335; x_wconf 79' lang='grc' dir='ltr'>Κυριακῆς,</span> <span class='ocrx_word' id='word_1_747' title='bbox 3872 5284 4004 5335; x_wconf 69' lang='lat' dir='ltr'><strong>xpu-</strong></span> 
     </span>
    </p>
   </div>
   <div class='ocr_carea' id='block_1_105' title="bbox 2422 5351 4001 5427">
    <p class='ocr_par' dir='ltr' id='par_1_105' title="bbox 2422 5351 4001 5427">
     <span class='ocr_line' id='line_1_105' title="bbox 2422 5351 4001 5427; baseline 0.002 -21"><span class='ocrx_word' id='word_1_748' title='bbox 2422 5352 2562 5423; x_wconf 75' lang='grc' dir='ltr'><strong>φὶως</strong></span> <span class='ocrx_word' id='word_1_749' title='bbox 2594 5351 2683 5408; x_wconf 75' lang='grc' dir='ltr'>διὰ</span> <span class='ocrx_word' id='word_1_750' title='bbox 2706 5352 2801 5406; x_wconf 79' lang='grc' dir='ltr'><strong>τοῦ</strong></span> <span class='ocrx_word' id='word_1_751' title='bbox 2828 5354 2950 5408; x_wconf 79' lang='grc' dir='ltr'><strong>κατ⁹</strong></span> <span class='ocrx_word' id='word_1_752' title='bbox 2970 5351 3143 5424; x_wconf 80' lang='grc' dir='ltr'>αὑτὴν</span> <span class='ocrx_word' id='word_1_753' title='bbox 3177 5355 3479 5425; x_wconf 84' lang='grc' dir='ltr'>μυστηρίου</span> <span class='ocrx_word' id='word_1_754' title='bbox 3508 5354 3693 5425; x_wconf 85' lang='grc' dir='ltr'>πάσης</span> <span class='ocrx_word' id='word_1_755' title='bbox 3723 5358 4001 5427; x_wconf 53' lang='grc' dir='ltr'>προήλω</span> 
     </span>
    </p>
   </div>
   <div class='ocr_carea' id='block_1_106' title="bbox 2497 5585 3999 5659">
    <p class='ocr_par' dir='ltr' id='par_1_106' title="bbox 2497 5585 3999 5659">
     <span class='ocr_line' id='line_1_106' title="bbox 2497 5585 3999 5659; baseline 0.002 -20"><span class='ocrx_word' id='word_1_756' title='bbox 2638 5586 2800 5657; x_wconf 81' lang='lat' dir='ltr'><strong>Greg.</strong></span> <span class='ocrx_word' id='word_1_757' title='bbox 2836 5588 2994 5659; x_wconf 13' lang='lat' dir='ltr'><strong>iNaz.</strong></span> <span class='ocrx_word' id='word_1_758' title='bbox 3036 5586 3133 5659; x_wconf 71' lang='lat' dir='ltr'><strong>0r.</strong></span> <span class='ocrx_word' id='word_1_759' title='bbox 3158 5586 3762 5659; x_wconf 20' lang='lat' dir='ltr'><strong>iniNovsbominicam,</strong></span> <span class='ocrx_word' id='word_1_760' title='bbox 3799 5604 3921 5659; x_wconf 84' lang='lat' dir='ltr'><strong>cap.</strong></span> <span class='ocrx_word' id='word_1_761' title='bbox 3950 5590 3999 5649; x_wconf 88' lang='lat'><strong>5,</strong></span> 
     </span>
    </p>
   </div>
   <div class='ocr_carea' id='block_1_107' title="bbox 2423 5656 3418 5727">
    <p class='ocr_par' dir='ltr' id='par_1_107' title="bbox 2423 5656 3418 5727">
     <span class='ocr_line' id='line_1_107' title="bbox 2423 5656 3418 5727; baseline 0.006 -23"><span class='ocrx_word' id='word_1_762' title='bbox 2423 5670 2472 5723; x_wconf 89' lang='lat' dir='ltr'><strong>p.</strong></span> <span class='ocrx_word' id='word_1_763' title='bbox 2511 5656 2632 5715; x_wconf 72' lang='lat'><strong>838.</strong></span> <span class='ocrx_word' id='word_1_764' title='bbox 2669 5656 2799 5710; x_wconf 82' lang='lat' dir='ltr'><strong>toni.</strong></span> <span class='ocrx_word' id='word_1_765' title='bbox 2834 5658 3016 5727; x_wconf 85' lang='lat' dir='ltr'><strong>lOpp.</strong></span> <span class='ocrx_word' id='word_1_766' title='bbox 3051 5656 3183 5711; x_wconf 87' lang='lat' dir='ltr'><strong>edit.</strong></span> <span class='ocrx_word' id='word_1_767' title='bbox 3222 5658 3418 5711; x_wconf 83' lang='lat' dir='ltr'><strong>Bened.</strong></span> 
     </span>
    </p>
   </div>
   <div class='ocr_carea' id='block_1_108' title="bbox 2420 5727 3977 5850">
    <p class='ocr_par' dir='ltr' id='par_1_108' title="bbox 2420 5727 3977 5850">
     <span class='ocr_line' id='line_1_108' title="bbox 2420 5727 3977 5850; baseline 0.003 -71"><span class='ocrx_word' id='word_1_768' title='bbox 2636 5727 2783 5781; x_wconf 87' lang='lat' dir='ltr'><strong>Idem</strong></span> <span class='ocrx_word' id='word_1_769' title='bbox 2812 5729 2961 5795; x_wconf 85' lang='lat' dir='ltr'><strong>ibid.,</strong></span> <span class='ocrx_word' id='word_1_770' title='bbox 2987 5743 3107 5799; x_wconf 90' lang='lat' dir='ltr'><strong>cap.</strong></span> <span class='ocrx_word' id='word_1_771' title='bbox 3138 5729 3191 5793; x_wconf 91' lang='lat'><strong>8,</strong></span> <span class='ocrx_word' id='word_1_772' title='bbox 3222 5744 3275 5798; x_wconf 91' lang='lat' dir='ltr'><strong>p.</strong></span> <span class='ocrx_word' id='word_1_773' title='bbox 3304 5730 3428 5796; x_wconf 65' lang='grc'>840,</span> <span class='ocrx_word' id='word_1_774' title='bbox 3464 5740 3599 5786; x_wconf 90' lang='lat' dir='ltr'><strong>tom.</strong></span> <span class='ocrx_word' id='word_1_775' title='bbox 3654 5729 3676 5784; x_wconf 87' lang='lat' dir='ltr'><strong>l</strong></span> <span class='ocrx_word' id='word_1_776' title='bbox 3724 5728 3870 5801; x_wconf 86' lang='lat' dir='ltr'><strong>Opp.</strong></span> <span class='ocrx_word' id='word_1_777' title='bbox 3912 5731 3977 5783; x_wconf 90' lang='lat' dir='ltr'><strong>ed</strong></span> 
     </span>
    </p>
   </div>
  </div>
