4198 6434
291 409 433 476 1389
1545 399 2056 461 AMBIGUORUM
2099 403 2345 464 LIBER.
3391 412 3527 474 1390

289 524 453 595 μόνον
506 522 806 592 φαντασίας
867 520 1179 577 παντάπασι
1236 516 1649 588 καθαρεύουσαν
1713 516 1860 583 ζωὴν
1889 523 1931 577 Α

1889 523 1931 577 Α
1962 516 2194 569 sterium
2225 517 2309 571 eis
2332 517 2427 586 qui
2474 517 2577 570 hoc
2609 519 2979 586 spiritualiter
3022 521 3308 577 celebrant
3359 525 3526 579 vitam

282 617 635 686 δωρουμένης
664 619 776 679 τοῖς
816 614 961 668 οὑτω
1003 614 1063 668 τὸ
1106 613 1228 665 κατ’
1260 610 1430 679 αὑτὴν
1475 604 1861 676 πνευματικῶς

1964 607 2143 661 solum
2162 608 2233 662 ab
2263 608 2413 661 omni
2437 610 2586 678 quod
2612 613 2857 667 materite
2912 614 3156 669 atlliterct
3201 616 3446 672 ludibrio
3476 631 3532 674 et

283 708 596 761 ἐπιτελοῦσι
629 709 951 780 μυστήριον,
980 706 1082 776 τῆς
1113 704 1173 757 δὲ
1215 701 1341 764 νέας
1390 698 1675 769 Κυριακῆς
1723 696 1860 766 πρὸς

1962 698 2209 753 vanitate
2263 700 2497 753 liberam
2534 699 2729 764 donat,
2790 718 2931 757 nova
2963 721 3094 760 vero
3127 706 3416 762 Dominica
3449 711 3535 762 in-

282 796 499 860 τούτοις
526 800 623 851 κπιὶ
646 797 829 870 πάσης
852 797 1051 859 αὑτοὺς
1076 798 1135 849 ὲν
1164 790 1427 865 μετουσίᾳ
1464 788 1725 853 ποιούσης
1753 788 1855 856 τῆς

1961 803 2131 857 super
2175 790 2495 845 divinorum
2546 792 2822 847 bonorum
2853 797 3015 864 plene
3050 797 3413 854 lrucndorum
3437 815 3533 855 eos

281 881 423 958 ῶνή
476 889 583 960 πρὸ
628 890 796 960 αὑτῆς
833 888 1119 960 ἀπήρξατο
1159 884 1321 941 θείων
1358 880 1581 950 ἀγαθῶν
1620 880 1857 934 ἀπολαύ-

1962 879 2018 933 ἰη
2051 882 2393 936 consortium
2451 884 2701 948 deducit,
2757 901 2996 956 quorum
3040 889 3310 944 bonorum
3342 892 3535 960 primi-

285 994 449 1042 σεως,
1963 973 2067 1027 tias
2092 974 2179 1027 illa
2212 974 2367 1044 prior
2398 976 2692 1032 obtulerat.

623 1166 805 1221 Ἄλλο
847 1166 1116 1235 θεάῳημα
1137 1166 1224 1230 εἰς
1262 1160 1328 1216 τὸ
1358 1161 1524 1216 αὑτό.

1491 1161 1524 1213 ς,
2347 1150 2469 1205 Alia
2496 1153 2550 1204 in
2592 1153 2729 1205 idem
2756 1156 3149 1224 contemplatio.

366 1279 430 1333 El
462 1278 520 1334 δέ
554 1297 632 1349 τῳ
655 1279 702 1311 ⁸⁸
738 1278 930 1333 πιστὸν
959 1274 1101 1332 εἶναι
1121 1277 1272 1331 δοκεῖ
1292 1274 1353 1329 τὸ
1383 1273 1697 1342 λεγόμενον,
1723 1267 1858 1332 φασὶ

2034 1263 2142 1318 Sed
2193 1264 2238 1318 si
2295 1264 2386 1319 cui
2417 1263 2523 1319 lida
2569 1265 2793 1320 videtur
2838 1267 3244 1338 interpretatio,
3300 1274 3533 1342 primam

286 1367 389 1438 τὴν
423 1368 524 1438 μὲν
549 1367 773 1439 πρώτην
802 1365 1087 1438 Κυριακὴν
1115 1366 1283 1420 τύπον
1308 1361 1446 1417 εἶναι
1468 1364 1566 1430 τῆς
1592 1356 1733 1412 κατά
1756 1355 1857 1423 τὴν

1964 1354 2307 1410 Dominicam
2353 1355 2551 1410 dicunt
2588 1358 2883 1426 imaginem
2917 1374 3040 1414 esse
3092 1363 3421 1419 voluntaria:
3478 1368 3530 1421 in

288 1459 620 1531 προαίρεσιν
646 1461 729 1521 είς
756 1458 959 1531 ἀρετὴν
989 1456 1359 1517 ἀναστάσεως,
1388 1453 1488 1523 τὴν
1513 1452 1571 1505 δὲ
1598 1449 1857 1518 δευτέραν

1964 1446 2224 1500 virtutem
2277 1448 2726 1513 resurrectionis,
2779 1449 3007 1503 alteram
3050 1467 3183 1506 vero
3236 1456 3530 1511 voluntarii

286 1549 395 1621 τῆς
454 1551 596 1605 κατά
649 1551 972 1623 προαίρεσιν
1021 1547 1188 1613 ἕξεως
1227 1548 1307 1610 εἰς
1332 1545 1535 1614 γνῶσιν
1584 1540 1856 1607 τελειότη-

1419 1545 1535 1597 Law
1584 1540 1856 1607 τελειότη-
1965 1538 2184 1593 habitus
2209 1539 2261 1593 in
2293 1539 2664 1609 cognitionem
2690 1543 3077 1596 consummati.

284 1657 399 1707 τος.

641 1829 821 1883 Ἄλλο
846 1828 1115 1897 θεώρημα
1145 1829 1229 1892 εὶς
1255 1824 1319 1879 τὸ
1344 1823 1510 1877 αὑτό.
1889 1823 1929 1877 Β

1486 1823 1510 1874 ἶ,
1889 1823 1929 1877 Β
2341 1813 2458 1870 Alia
2486 1815 2541 1867 in
2574 1815 2711 1867 idem
2751 1818 3144 1887 contemplatio.

357 1938 468 1993 Καὶ
495 1933 653 2003 αὖθις
678 1940 777 2011 τὴν
803 1938 903 2008 μὲν
927 1935 1151 2009 πρώτην
1174 1932 1459 2005 Κυριακὴν
1502 1932 1599 2000 τῆς
1631 1928 1855 1998 μελλού-

2028 1928 2207 1997 Atque
2231 1943 2424 1982 rursus
2447 1928 2681 1997 primam
2716 1930 3057 1986 Dominicam
3092 1934 3364 1987 naturalis
3409 1950 3531 2002 qum

285 2047 389 2100 σης
421 2032 659 2101 φυσικῆς
686 2030 1034 2094 ἀναστάσεως
1062 2027 1157 2080 καλ⁵
1188 2021 1500 2097 ἀφθαρσίας
1528 2016 1670 2073 εἶναι
1712 2020 1852 2089 σύμ-

1957 2018 2143 2073 futura
2179 2028 2263 2074 est
2285 2020 2709 2075 resurrectionis
2744 2032 2800 2076 et
2832 2022 3382 2093 incorruptibilitatis
3407 2042 3529 2081 esse

283 2122 465 2185 ϐολον,
498 2121 599 2193 τὴν
652 2121 711 2174 δὲ
759 2122 1017 2192 δευτέραν
1060 2120 1158 2188 τῆς
1192 2115 1331 2172 κατά
1362 2116 1521 2186 χάριν
1556 2112 1854 2182 μελλούσης

1957 2106 2265 2178 symbolum
2320 2107 2535 2171 volunt,
2583 2109 2811 2163 alteram
2861 2127 2994 2167 vero
3050 2113 3195 2167 ferre
3238 2113 3529 2184 imaginem

282 2210 540 2275 θεώσεως
610 2212 799 2283 φέρειν
849 2212 1052 2266 εἰκόνα.
1084 2211 1147 2264 Εἰ
1178 2210 1360 2263 τοίνυν
1406 2208 1503 2276 τῆς
1545 2207 1644 2275 μὲν
1695 2205 1866 2257 καθα-

1962 2196 2327 2253 deilicationis
2371 2212 2498 2266 quae
2544 2200 2847 2254 secundum
2896 2202 3128 2270 gratiam
3176 2203 3363 2259 futura
3421 2217 3527 2263 est.

284 2304 557 2374 ρευούσης
587 2302 773 2357 κακῶν
803 2303 968 2367 ἕξεως
996 2305 1029 2373 ἡ
1060 2300 1169 2354 τῶν
1191 2298 1409 2369 ἀγαθῶν
1428 2297 1723 2358 ἀπόλαυσίς
1746 2298 1862 2348 ἐστι

1957 2288 2114 2356 Quod
2144 2288 2189 2343 si
2215 2289 2404 2343 habitu
2432 2305 2461 2343 a
2515 2290 2672 2345 malis
2724 2302 2958 2362 purgato
2988 2303 3211 2363 praestat
3255 2296 3527 2353 bonorum

281 2393 608 2465 τιμιωτέρα,
640 2393 740 2464 τῆς
777 2394 835 2447 δὲ
874 2393 994 2447 κατ’
1023 2392 1226 2463 ἀρετὴν
1254 2390 1443 2458 ὑγιοῦς
1478 2386 1850 2459 προαιρέσεως

1954 2380 2169 2443 fruitio,
2192 2395 2323 2435 sana
2350 2391 2534 2437 autem
2579 2398 2678 2451 per
2705 2383 2962 2438 virtutem
2993 2387 3278 2442 voluntate
3308 2400 3530 2457 praestat

280 2484 397 2549 ἕξις
430 2485 529 2552 τῆς
558 2483 700 2538 κατά
726 2485 823 2555 τὴν
853 2484 1026 2554 ἀληθῆ
1044 2483 1245 2552 γνῶσιν
1267 2482 1621 2551 τελειότητος,
1646 2478 1855 2548 καὶτῆς

1955 2469 2176 2524 habitus
2198 2470 2456 2541 perfecta:
2478 2487 2577 2541 per
2615 2473 2908 2527 veritatem
2936 2477 3291 2545 cognitionis,
3344 2495 3409 2533 ac
3434 2494 3531 2534 na—

282 2578 521 2648 φυσικῆς
544 2576 858 2649 ἀφθαρσίας
889 2577 923 2646 ἡ
948 2577 1005 2629 ὲν
1033 2576 1215 2646 χάριτι
1243 2573 1381 2644 πρὸς
1410 2572 1500 2625 τὸν
1539 2571 1673 2624 Θεὸν
1706 2567 1849 2623 κατὰ

1955 2562 2117 2617 turali
2200 2563 2732 2634 incorruptibilitate
2790 2575 3009 2635 praestat
3063 2571 3412 2639 regeneratio
3471 2573 3524 2626 in

279 2666 383 2737 τὴν
405 2667 601 2722 θέωσιν
638 2667 1021 2738 μεταποίησις,
1052 2659 1127 2719 ὧν
1162 2666 1196 2735 η
1223 2665 1324 2736 μὲν
1360 2662 1547 2733 πρώτη
1596 2657 1850 2730 Κυριακὴ

1950 2653 2127 2723 gratia
2148 2653 2215 2708 ad
2240 2655 2411 2709 Deum
2438 2672 2561 2725 qua:
2587 2656 2648 2710 ﬁt
2676 2673 2777 2726 per
2826 2658 3258 2726 deilicationem,
3288 2679 3525 2733 quarum

281 2759 440 2827 φέρει
476 2759 668 2822 τύπον,
696 2757 881 2829 (254
904 2758 957 2827 b)
987 2758 1021 2828 η
1054 2756 1112 2810 δὲ
1131 2754 1366 2824 δευτέρα
1414 2751 1672 2823 τυγχάνει
1710 2749 1849 2819 σύμ-

1951 2742 2103 2812 prior
2158 2744 2442 2798 Dominica
2496 2745 2601 2799 fert
2652 2745 2969 2817 imaginem,
3030 2750 3203 2804 altera
3257 2766 3393 2805 vero
3442 2764 3529 2808 est

282 2848 461 2913 ϐολον,
504 2848 726 2912 εἰκότως
770 2848 980 2920 ὑψηλῆς
1011 2846 1350 2918 ὑψηλοτέραν
1387 2845 1654 2913 ἀγόμενος
1693 2840 1853 2894 πνεύ-

1953 2834 2283 2905 symbolum,
2320 2844 2467 2890 recte
2491 2836 2710 2890 sublimi
2762 2837 3140 2894 sublimiorem
3186 2840 3386 2910 spiritu
3407 2844 3524 2912 agi-

284 2958 442 3009 ματι,
471 2940 571 3011 τὴν
592 2939 784 3011 καινὴν
807 2941 837 2994 ὁ
864 2937 1182 3001 διδάσκαλος
1210 2936 1313 3008 ἔφη
1345 2933 1655 3006 Κυριακήν.

1457 2933 1655 3000 ιιακήν.
1957 2938 2102 2984 tatus
2130 2929 2328 2984 doctor
2364 2944 2563 2984 novam
2586 2930 2725 2986 dixit
2757 2931 3115 2988 Dominicam.

296 3122 399 3177 Ἐκ
428 3120 535 3177 τοῦ
561 3120 749 3179 αὑτοῦ
768 3121 977 3190 λόγου,
1005 3124 1091 3185 εὶς
1132 3121 1229 3174 τό·
1265 3136 1283 3171 ι
1317 3117 1486 3173 Μισῶ
1512 3116 1608 3172 καὶ
1638 3117 1750 3186 τὴν
1778 3115 1852 3169 δι’
1880 3122 1923 3179 c

1880 3122 1923 3179 (ς
1958 3114 2043 3167 Ea:
2060 3115 2241 3169 eodem
2280 3130 2523 3168 sermone
2565 3114 2619 3167 in
2672 3114 2840 3167 illud:
2877 3134 2894 3165 ι
2923 3115 3060 3168 Eam
3120 3133 3325 3186 quoque
3364 3118 3522 3187 [ami-

684 3211 865 3280 ἀέρος
882 3209 1213 3277 συνήθειαν
1239 3208 1375 3279 (6‘2).
1406 3226 1425 3260 ι
2029 3205 2323 3259 liaritatcm

2029 3205 2323 3259 liaritatcm
2351 3222 2469 3276 qua:
2486 3222 2579 3276 per
2616 3223 2792 3260 acrem
2826 3209 3183 3273 contrahitur,
3219 3210 3305 3261 odi
3346 3227 3407 3263 ac
3431 3212 3519 3263 dc-

2025 3306 2203 3350 testor.
2229 3317 2245 3347 ι

354 3406 498 3478 Πρὸς
526 3408 811 3474 γυναῖκας,
842 3406 939 3459 καὶ
971 3404 1205 3475 μάλιστα
1240 3404 1334 3457 τὸν
1372 3404 1581 3474 μονήρη
1612 3402 1724 3472 βίον
1753 3404 1849 3454 έπ-

2022 3404 2103 3458 Ad
2132 3405 2412 3468 mulieres,
2438 3421 2500 3459 ac
2518 3406 2819 3475 praesertim
2843 3420 2937 3460 eas
2965 3420 3087 3475 qua:
3109 3406 3369 3462 solitaria!
3400 3408 3523 3463 vitai

283 3494 662 3566 ἀνῃρημένας,
698 3494 866 3548 πολὺν
909 3493 1039 3565 περὶ
1081 3491 1470 3562 κατορθώσεως
1519 3490 1667 3560 ἠθῶν
1710 3490 1849 3545 ἀπο-

1952 3509 2075 3549 sese
2123 3494 2475 3557 addixerunt,
2530 3495 2700 3549 multa
2757 3494 2826 3550 de
2879 3495 3220 3564 corrigendis
3278 3498 3523 3551 moribus

278 3586 463 3650 τείνας
489 3585 648 3654 λόγον
670 3583 735 3639 δι’
757 3585 1049 3656 ἐμφάσεως
1072 3587 1102 3640 δ
1118 3585 1429 3649 διδάσκαλος
1460 3585 1653 3653 ἠπίως,
1668 3578 1845 3652 οἶμαι,

1948 3601 2010 3641 se
2042 3595 2372 3640 convertens
2395 3586 2649 3640 oratione
2694 3601 2760 3642 ac
2802 3587 2969 3642 tacite
3017 3588 3153 3656 quid
3204 3589 3521 3658 signiﬁcans

281 3678 564 3748 παραινεῖ,
598 3676 676 3749 μὴ
730 3676 840 3730 δεῖν
880 3676 979 3740 τὰς
1014 3677 1361 3747 ἀσκουμένας
1412 3675 1623 3730 οἴκοθεν
1661 3674 1845 3745 θυρίσι

1945 3675 2160 3739 doctor,
2192 3675 2271 3729 uti
2293 3676 2535 3736 videtur.
2562 3676 2760 3731 leniter
2781 3677 3061 3741 admonet,
3094 3678 3516 3750 haudquaquam

279 3767 639 3822 κατοπτεύειν
674 3768 797 3822 τινά
832 3766 1133 3833 παντελῶς,
1169 3769 1263 3820 καὶ
1291 3767 1527 3837 μάλιστα
1558 3767 1686 3829 τοὺς
1705 3783 1847 3836 παρ·-

1952 3767 2121 3821 licere
2178 3767 2262 3821 eis
2285 3782 2407 3835 quat
2460 3767 2730 3823 severiori
2763 3769 2892 3824 vita:
2925 3772 3129 3839 regulae
3159 3772 3521 3827 astrinxerint

282 3858 482 3921 ιόντας,
515 3857 591 3922 ὡς
646 3857 712 3913 ἀν
769 3858 846 3930 μὴ
872 3857 1087 3914 λάὸοιεν
1116 3858 1318 3928 κέντρα
1360 3857 1592 3913 θανάτου
1619 3857 1707 3912 διὰ
1747 3858 1846 3927 τῆς

1946 3875 2013 3914 ex
2040 3859 2296 3913 domibus
2320 3874 2417 3928 per
2438 3858 2708 3915 fenestras
2736 3863 3008 3931 speculari
3050 3878 3411 3935 quemquam,
3454 3883 3521 3923 ac

276 3949 508 4018 ἀκαίρου
535 3949 785 4021 θεωρίας.

1948 3951 2253 4020 praesertim
2314 3960 2733 4021 praetereuntes,
2768 3968 2839 4008 ne
2864 3953 3007 4009 forte
3049 3971 3147 4024 per
3181 3957 3521 4026 intempesti-

1947 4055 2078 4097 vum
2105 4052 2464 4112 conspectum
2496 4045 2693 4100 mortis
2721 4046 2946 4102 aculeos
2968 4048 3209 4118 capiant.

279 4214 396 4272 Τοῦ
441 4216 747 4278 anteidea
774 4217 882 4273 τοῦ
933 4221 1020 4285 είς
1066 4218 1180 4287 τὴν
1220 4218 1398 4289 ἁγίαν
1426 4224 1853 4292 Πεντηκοστὴν

1949 4226 2208 4297 Ejusdem
2237 4244 2300 4281 ca:
2327 4245 2569 4283 sermone
2594 4230 2648 4283 in
2672 4242 2915 4287 sanctam
2950 4233 3314 4300 Pentecosten,
3368 4239 3422 4290 in
3447 4239 3516 4292 il-

345 4306 559 4375 Jdrov,
591 4309 679 4375 είς
721 4307 810 4361 τό⁸
850 4326 869 4361 ι
909 4308 1060 4375 Mair:
1093 4309 1356 4378 δεούσης
1398 4312 1643 4381 ἡμέρας,
1673 4312 1753 4381 ἦν
1782 4314 1850 4368 ἐκ

2017 4320 2147 4374 lud:
2180 4339 2198 4371 ι
2230 4318 2343 4375 Uno
2381 4323 2465 4375 die
2516 4330 2749 4391 excepto,
2783 4339 2940 4393 quem
2979 4341 3043 4378 ea:
3099 4327 3278 4394 futuro
3325 4329 3518 4382 sa'culo

344 4396 456 4451 τοῦ
478 4397 813 4495 μέλλοντος
837 4396 1053 4466 αἰῶνος
1075 4402 1566 4473 προσειλήφαμεν
1584 4446 1599 4470 ,
1623 4405 1842 4474 ὀγδόην
1873 4440 1915 4495 D

1873 4440 1915 4495 ο
2014 4410 2418 4478 «sumpsimus,
2448 4418 2692 4465 octavum
2738 4414 2977 4466 eumdem
3026 4424 3075 4467 et
3109 4419 3364 4485 primunt,
3415 4422 3514 4479 vel.

344 4503 411 4541 τε
444 4482 647 4542 οὖσαν
679 4487 796 4555 τὴν
825 4488 1021 4558 αὐτὴν
1062 4490 1161 4544 καί
1197 4491 1455 4559 πρώτην,
1502 4492 1745 4562 μᾶλλον
1769 4495 1837 4548 δὲ
1875 4482 1913 4495 ν

1875 4482 1913 4495 υ
2012 4513 2068 4553 ut
2095 4502 2286 4554 rectius
2305 4500 2517 4569 loquar,
2543 4510 2593 4554 et
2621 4504 3024 4571 sempiternum.
3049 4482 3170 4559 Illic
3222 4509 3360 4561 enim
3387 4527 3496 4577 pm

345 4578 491 4633 alar
507 4580 607 4632 καί
624 4578 1024 4634 ἀκατάλυτον.
1043 4581 1143 4635 Δεῖ
1156 4582 1266 4651 γὰρ
1289 4583 1486 4638 ἐκεῖσε
1503 4585 1837 4655 καταλῆξαι

2018 4608 2137 4645 sens
2183 4593 2488 4646 animarum
2536 4601 2839 4648 nostrarum
2896 4596 3248 4651 sabbatismus
3309 4601 3513 4654 desinat

342 4670 453 4725 τὸν
478 4670 739 4727 ἐνταῦθα
765 4672 1179 4741 σαϐϐατισμὸν
1214 4673 1333 4728 τῶν
1369 4676 1584 4745 ψυχῶν
1605 4678 1739 4748 (65).
1778 4697 1796 4730 ι

729 4689 739 4724 ι
765 4672 1179 4741 σαϐϐατισμὸν
1214 4673 1333 4728 τῶν
1369 4676 1584 4745 ψυχῶν
1605 4678 1739 4748 (65).
1778 4697 1796 4730 ι
2017 4699 2221 4737 necesse
2248 4693 2344 4737 est.
2371 4702 2387 4735 ι

358 4763 419 4817 '0
452 4764 594 4817 έπτά
618 4761 762 4817 κατά
793 4762 893 4835 τὴν
923 4764 1087 4833 ἀγίαν
1113 4764 1358 4836 Γραφὴν,
1390 4765 1464 4827 ὡς
1487 4766 1584 4835 μὲν
1604 4766 1838 4838 ἀριθμὸς

2018 4792 2380 4862 Septenarius
2440 4795 2746 4850 secundum
2784 4812 2996 4852 sacram
3029 4798 3393 4869 Scripturam.
3453 4813 3506 4856 ut

270 4856 438 4928 μόνον
458 4855 891 4927 λαμϐανόμενος,
914 4855 1115 4926 πολλὴν
1126 4856 1240 4926 ἔχει
1267 4857 1515 4925 φυσικῶς
1529 4858 1627 4930 τὴν
1641 4860 1728 4913 ἐπ’
1750 4861 1846 4913 αὑ-

1942 4895 2208 4936 numerus
2228 4883 2574 4939 solummodo
2603 4885 2649 4939 si
2684 4896 2995 4955 spectatur,
3017 4889 3244 4943 multam
3280 4904 3505 4947 natura-

267 4948 352 5020 τῷ
394 4946 655 5019 κειμένην
694 4946 803 5001 τῶν
847 4947 1275 5017 φιλοπονούντων
1309 4950 1379 5002 τά
1419 4950 1537 5003 θεῖα
1577 4952 1845 5024 μυστικὴν

1939 4970 2071 5025 liter
2100 4970 2155 5025 in
2187 4986 2247 5026 se
2276 4974 2600 5029 collocatam
2633 4946 2800 5029 habet
2833 4991 3027 5030 eorum
3058 4980 3152 5046 qui
3184 4996 3269 5036 res
3295 4982 3505 5039 divinas

268 5040 528 5111 θεωρίαν.
579 5039 841 5110 Σημαίνει
890 5040 1000 5109 γὰρ
1026 5040 1122 5092 καὶ
1152 5040 1361 5110 χρόνον,
1392 5042 1489 5093 καί⁵
1518 5042 1690 5097 αἰῶνα
1708 5086 1722 5110 ,
1750 5046 1844 5099 καὶ

1837 5065 1844 5098 ι
1937 5062 2187 5132 gnaviter
2215 5073 2452 5120 tractant
2500 5066 2785 5135 mysticam
2838 5070 3383 5137 contemplationem.
3423 5075 3495 5129 Si-

265 5133 496 5196 αιῶνας,
531 5132 750 5203 κίνησίν
777 5149 837 5185 τε
879 5131 976 5185 καὶ
1028 5132 1289 5202 περιοχὴν
1346 5135 1442 5187 καὶ
1492 5136 1715 5207 μέτρον,
1746 5138 1843 5192 καὶ

1842 5178 1843 5185 ι
1936 5131 2160 5221 gniﬁcat
2191 5153 2337 5207 enim
2366 5162 2423 5209 et
2480 5131 2726 5225 tempus,
2781 5166 2834 5211 et
2869 5131 3152 5223 saeuiunt,
3186 5172 3243 5216 et
3284 5166 3500 5231 secula,

260 5224 415 5295 ὅρον,
450 5223 545 5277 καὶ
568 5223 845 5294 πρόνοιαν,
880 5221 974 5275 καὶ
1005 5222 1168 5292 ἕτερα
1198 5222 1386 5287 πολλὰ,
1415 5226 1559 5279 κατὰ
1581 5226 1672 5281 τὸν
1700 5228 1831 5282 ἑκά-

1938 5242 2237 5297 motionem
2267 5252 2430 5312 atque
2467 5247 3042 5315 comprehensionem,
3094 5258 3150 5303 et
3189 5250 3494 5317 modulum,

263 5331 395 5368 στου
440 5315 596 5383 λόγον
628 5313 807 5377 καλῶς
868 5312 1261 5384 θεωρούμενος.
1303 5314 1391 5378 Ὠς
1438 5316 1743 5382 ἀνάπαυσις
1773 5319 1830 5374 δὲ

1935 5342 1991 5387 et
2020 5333 2285 5399 linem,et
2311 5312 2734 5404 providentiam,
2786 5351 2842 5394 et
2872 5340 2976 5394 alia
3040 5341 3233 5404 multa,
3281 5346 3501 5411 quando

258 5405 431 5479 μόνον
464 5406 859 5475 σκοπούμενος,
894 5406 988 5458 καὶ
1011 5404 1154 5457 οὑτω
1185 5405 1387 5478 πολλὴν
1435 5407 1548 5479 ἔχει
1592 5412 1689 5483 τὴν
1740 5416 1827 5467 ἐπ’

1936 5425 2239 5480 secundum
2265 5427 2707 5499 uniuscujusque
2730 5430 2998 5486 rationem
3030 5431 3170 5488 bene
3197 5442 3497 5502 spectatur.

1232 5590 1258 5602 _
1304 5570 1307 5574 ,
1501 5521 1728 5583 vanu:
1760 5532 2162 5592 LECTIONES.

334 5590 384 5624 “
411 5590 797 5662 Apographum
822 5589 988 5645 habet
1017 5592 1077 5644 El
1103 5590 1160 5643 δὲ
1190 5590 1285 5661 τῷ.

352 5703 443 5779 6g)
475 5703 792 5779 ﬁrngﬁaz.
839 5705 986 5779 ibid?
1018 5721 1137 5774 cap.
1171 5706 1223 5767 8.
1268 5716 1395 5761 tom.
1434 5708 1452 5762 l
1499 5708 1615 5779 Opp
1669 5711 1734 5766 ed
1772 5714 1972 5771 Bencd.

354 5775 443 5845 65)
474 5774 622 5831 Idem
652 5774 800 5831 Orat.
836 5777 898 5829 in
943 5775 1322 5843 Pcntecostcn.,
1370 5797 1484 5849 t'ap.
1532 5774 1667 5852 ‘2,'p.
1716 5785 1834 5839 732.
1880 5797 2009 5842 tom.
2040 5788 2056 5841 l
2088 5787 2224 5860 Opp.
2260 5788 2392 5845 edit.
2428 5789 2627 5845 Bencd.
