4198 6434
762 392 886 458 1391

1915 384 1975 443 S.
2016 378 2301 441 ΜΑΧῙΜΙ
2340 374 2849 436 CONFESSORIS

3875 376 4005 440 1392

757 506 862 560 Sed
899 500 1121 572 quando
1170 509 1230 554 ut
1278 499 1498 568 requies
1552 496 1729 550 solum
1777 502 2082 565 spectatur,
2130 489 2217 543 vel
2248 487 2365 544 sici

2452 486 2582 556 ιὺτῴ
2620 488 3161 557 μυσταγωγουμένην
3187 489 3411 557 γνῶσιν.
3450 490 3591 542 Ἀλλ’
3622 491 3709 545 ἵνα
3756 490 3832 562 μὴ
3884 493 4005 543 καθ’

755 598 982 651 multam
1014 595 1257 648 continet
1287 592 1341 644 in
1398 605 1456 644 se
1482 590 1850 659 cognitionem
1880 584 2106 655 mystice
2141 579 2319 649 expli-

755 699 954 743 catam.
974 686 1080 742 Sed
1106 701 1174 739 ne
1203 684 1418 753 singula
1451 679 1831 750 persequendo
1875 676 2165 730 molestum
2201 671 2323 725 red-

758 783 878 833 dam
908 788 964 831 et
985 788 1278 843 operosum
1305 766 1797 838 sermonem,quod
1826 764 2044 820 caeteris
2062 769 2323 831 praestare

755 872 977 924 videtur
1006 867 1369 921 illustremus.
1400 864 1537 917 Tres
1560 861 1707 915 enim
1739 858 1835 929 qui
1888 870 2074 911 rerum
2106 852 2323 908 divina-

758 980 879 1017 rum
903 961 1061 1030 periti
1086 968 1217 1013 sunt
1266 963 1520 1012 statuunt
1552 952 1764 1007 modos.
1828 950 2095 1005 Universa
2155 946 2326 1000 totius

758 1050 1167 1107 rationabilium
1233 1046 1597 1102 essentiarum
1669 1040 2042 1113 generationis
2113 1036 2326 1090 ratione

766 1144 1058 1199 continere
1091 1140 1342 1195 videmus
1358 1137 1627 1190 rationem
1643 1131 1970 1194 exsistendi,
2009 1130 2152 1183 bene
2174 1125 2327 1181 exsi-

755 1233 961 1298 stendi,
992 1241 1049 1288 et
1076 1245 1294 1299 semper
1310 1226 1629 1289 exsistendi,
1654 1233 1815 1294 atque
1833 1224 2065 1293 primam
2083 1220 2329 1290 quidem,

760 1327 812 1380 id
840 1336 923 1380 est
951 1321 1275 1387 exsistendi,
1299 1319 1537 1390 primum
1570 1330 1690 1370 esse
1719 1316 1800 1369 eis
1823 1312 1917 1383 qui
1970 1318 2101 1366 sunt
2137 1324 2329 1364 essen-

767 1418 973 1473 tialiter
997 1415 1277 1477 donatam,
1312 1411 1539 1465 alteram
1572 1408 1654 1461 eis
1688 1405 1756 1459 de
1790 1404 2094 1465 voluntate,
2140 1406 2333 1468 utpote

760 1524 884 1578 quae
906 1506 1146 1576 propri:e
1180 1500 1446 1556 motionis
1472 1504 1756 1567 compotes
1801 1502 1951 1558 sunt,
1977 1507 2098 1546 esse
2128 1491 2333 1554 datam,

762 1606 980 1659 tertiam
1019 1600 1281 1669 denique,
1318 1597 1371 1651 id
1394 1606 1723 1662 estsemper
1754 1589 2080 1649 exsistendi,
2127 1587 2210 1642 eis
2250 1601 2337 1640 se-

761 1694 1003 1749 eundum
1047 1692 1249 1761 gatiam
1298 1701 1420 1741 esse
1486 1698 1829 1739 concessam.
1886 1682 2063 1751 Atque
2102 1678 2335 1749 primam

760 1787 983 1857 quidem
1050 1783 1241 1835 volunt
1293 1792 1414 1833 esse
1460 1776 1735 1831 facultatis
1763 1815 1777 1837 ,
1820 1774 2044 1828 alteram
2085 1768 2335 1833 actionis,

762 1875 984 1929 tertiam
1005 1870 1227 1925 virtutis
1258 1864 1746 1921 conservatricem.
1780 1860 1872 1916 Sic
1910 1857 2211 1913 cxsistendi
2247 1871 2334 1909 ra-

764 1968 863 2030 tio,
896 1979 1017 2033 qua:
1051 1962 1224 2015 solam
1256 1954 1586 2013 naturaliter
1617 1952 1785 2008 habet
1825 1949 2062 2005 actionis
2108 1944 2335 2000 faculta-

766 2071 898 2120 tem,
935 2057 1108 2126 ipsam
1132 2052 1512 2123 plenissimam
1554 2049 1674 2103 sine
1705 2041 2011 2099 voluntatis
2054 2036 2337 2108 proposito

764 2148 1038 2204 actionem
1064 2156 1410 2212 nequaquam
1441 2145 1622 2208 potest
1675 2134 1878 2189 habere
1910 2148 1924 2183 :
1978 2128 2119 2183 ratio
2153 2133 2335 2179 autem

768 2241 907 2293 bene
933 2234 1255 2297 exsistendi,
1281 2233 1452 2286 solam
1492 2229 1636 2283 hanc
1661 2226 1730 2281 de
1790 2222 2077 2278 voluntate
2132 2215 2340 2271 habens

768 2330 1034 2388 naturalis
1078 2324 1354 2380 facultatis
1401 2321 1694 2382 actionem,
1750 2316 1968 2386 plenam
2023 2308 2339 2365 facultatem

773 2425 893 2479 sine
927 2430 1122 2475 natura
1154 2431 1381 2487 prorsus
1403 2428 1515 2468 non
1552 2410 1754 2466 habet:
1784 2419 2005 2475 semper
2036 2395 2340 2457 cxsistendi

770 2515 1010 2583 denique
1037 2511 1175 2565 ratio
1197 2522 1387 2564 earum
1410 2519 1533 2575 quae
1586 2498 2029 2572 praegrediuntur
2073 2489 2343 2563 generali-

776 2617 859 2660 ter
880 2582 1345 2663 cireumcludens,
1371 2596 1539 2651 unius
1568 2592 1791 2663 quidem
1844 2588 2182 2646 facultatem,
2207 2582 2344 2636 alte-

778 2696 895 2751 rius
914 2695 1206 2755 rationem,
1227 2703 1406 2759 neque
1432 2683 1761 2741 naturaliter
1781 2678 2009 2734 omnino
2039 2672 2342 2730 secundum

773 2789 1085 2842 facultatem
1116 2785 1257 2838 inest
1288 2781 1345 2835 in
1384 2780 1467 2835 eis
1485 2792 1608 2848 qua:
1644 2774 1938 2834 exsistunt,
1985 2780 2165 2837 neque
2216 2779 2343 2833 pro-

782 2880 936 2933 fecto
958 2877 1027 2930 de
1060 2889 1129 2928 ne
1140 2871 1393 2927 cessitate
1419 2880 1649 2940 prorsus
1677 2860 1977 2919 voluntatis
1998 2856 2345 2928 propositum

778 2970 1031 3040 sequitur
1065 2963 1361 3036 (quomodo
1385 2962 1533 3017 enim
1555 2960 1613 3013 in
1640 2957 1725 3012 eis
1748 2968 1871 3024 quae
1894 2951 2120 3006 initium
2148 2961 2348 3002 secun-

779 3063 910 3115 dum
946 3067 1197 3112 naturam
1217 3062 1274 3109 et
1306 3054 1469 3107 finem
1504 3056 1562 3105 et
1581 3047 1883 3102 motionem
1928 3041 2136 3095 habent
2165 3043 2349 3106 potest

780 3151 959 3203 inesse
987 3144 1043 3200 id
1075 3142 1222 3213 quod
1259 3155 1479 3210 semper
1502 3136 1724 3193 exsistit
1748 3142 1914 3201 atque
1958 3128 2181 3182 initium
2200 3132 2257 3179 ct
2287 3121 2350 3176 ft-

783 3254 906 3294 nem
929 3252 1038 3291 non
1076 3234 1242 3288 habet
1258 3231 1327 3301 ⁸1),
1359 3229 1457 3285 sed
1502 3226 1775 3282 terminus
1805 3229 1911 3283 est,
1950 3217 2202 3274 stabilem
2230 3213 2350 3268 red-

781 3331 919 3384 dens
948 3335 1199 3380 naturam
1238 3319 1465 3391 quidem
1506 3314 1816 3371 secundum
1864 3308 2202 3368 facultatem,
2254 3318 2351 3357 vo-

781 3418 1054 3470 luntatem
1130 3423 1264 3464 vero
1334 3403 1641 3462 secundum
1723 3398 2042 3460 actionem,
2096 3392 2353 3448 neutrius

783 3520 1017 3576 prorsus
1046 3499 1348 3558 secundum
1380 3512 1547 3568 quam
1576 3502 1664 3549 est
1681 3498 2030 3548 commutans
2055 3486 2351 3546 rationem,

783 3608 857 3655 et'
887 3597 1146 3653 omnibus
1180 3593 1367 3647 omnia
1414 3588 1613 3645 secula
1654 3594 1712 3641 et
1756 3594 2006 3653 tempora
2061 3579 2353 3634 deﬁniens.

783 3691 967 3760 Atque
991 3689 1098 3742 hoc
1122 3692 1209 3740 est
1231 3684 1483 3744 fortasse,
1504 3677 1584 3733 uti
1618 3676 1863 3740 videtur,
1898 3672 2032 3728 illud
2056 3670 2358 3726 Sabbatum

788 3782 1013 3853 mystice
1032 3779 1390 3837 celebratum,
1424 3783 1482 3827 et
1516 3783 1748 3840 magnus
1774 3767 1842 3821 de
1863 3766 2069 3820 divinis
2092 3763 2360 3833 cperibus

788 3870 1167 3944 requiescendi
1209 3870 1328 3924 dies
1356 3880 1405 3930 κ,
1456 3879 1579 3935 quae
1618 3860 1929 3917 secundum
1958 3856 2192 3913 Genesis
2217 3855 2357 3910 seri-

790 3977 1011 4037 pturam
1038 3978 1218 4033 neque
1258 3960 1478 4015 initium
1508 3969 1687 4026 neque
1718 3953 1884 4008 finem
1931 3964 2116 4020 neque
2137 3962 2365 4019 genera-

793 4060 997 4114 tionem
1058 4056 1261 4110 haberc
1320 4050 1560 4113 videtur,
1604 4060 1799 4102 eorum
1850 4059 1975 4114 quae
2024 4039 2365 4096 definitionis

791 4168 853 4206 ac
881 4148 1184 4206 mensionis
1210 4144 1457 4215 expertia
1502 4148 1633 4196 sunt
1682 4148 1807 4211 post
1840 4138 2138 4192 motionem
2172 4149 2367 4189 eorum

795 4260 918 4313 qua:
948 4244 1002 4295 in
1052 4252 1314 4294 mensura
1338 4233 1565 4290 definita
1591 4240 1722 4287 sunt
1745 4227 2137 4291 manifestatio,
2162 4234 2220 4280 et
2249 4222 2369 4277 inti-

791 4340 905 4393 nita
957 4350 1151 4391 eorum
1209 4345 1331 4402 quze
1398 4323 1792 4396 comprehendi
1863 4336 1928 4375 ac
1985 4316 2368 4374 circumscribi

794 4445 904 4484 non
956 4432 1188 4497 possunt
1215 4430 1338 4493 post
1370 4418 1694 4490 qualitatem
1720 4429 1913 4470 eorum
1953 4427 2077 4483 qua:
2114 4424 2369 4479 compre-

2424 578 2656 631 ἕκαστον
2706 579 2917 643 διεξιὼν
2950 582 3210 650 φορτικὸν
3238 583 3331 634 τὸν
3374 583 3534 649 λόγον
3574 584 3917 653 ποιήσωμαι,
3946 584 4008 635 th

2422 666 2613 720 δοκοῦν
2669 668 2999 738 ὑψηλότερον
3040 670 3151 722 τῶν
3199 671 3377 725 ἄλλων
3424 667 3567 726 εἶναι
3609 673 4006 741 γυμνάσωμεν.

2426 758 2588 829 Τρεῖς
2614 760 2723 828 γάρ
2756 777 2888 828 φασι
2917 762 3153 831 τρόπους
3190 764 3241 815 οἱ
3264 764 3373 817 τῶν
3406 765 3569 818 Θείων
3610 765 4005 834 ἐπιστήμονες.

2438 851 2498 904 Ὀ
2534 852 2757 922 σύμπας
2786 854 2890 923 τῆς
2918 854 3046 923 ὅλης
3079 854 3187 908 τῶν
3234 856 3473 923 λογικῶν
3497 857 3697 908 οὐσιῶν
3740 856 4009 923 γενέσεως

2428 937 2566 1007 ἔχων
2600 938 2891 1009 θεωρεῖται
2920 940 3078 1009 λόγος
3103 943 3196 995 τὸν
3242 944 3337 996 τοῦ
3389 940 3555 1008 εῖναι,
3584 945 3677 997 τὸν
3706 945 3803 998 τοῦ
3848 939 3910 996 εὗ
3944 941 4011 997 εἷ-

2429 1048 2539 1097 ναι,
2574 1031 2667 1084 καὶ
2712 1032 2804 1085 τὸν
2842 1033 2937 1086 τοῦ
2985 1033 3074 1086 ἀεὶ
3117 1030 3282 1095 εἶναι,
3324 1035 3419 1088 καὶ
3460 1035 3552 1087 τὸν
3600 1035 3702 1104 μὲν
3745 1034 3843 1087 τοῦ
3874 1031 4010 1087 εἶναι

2430 1125 2645 1193 πρῶτον
2681 1125 2799 1177 κατ’
2821 1124 3011 1179 οὐσίαν
3033 1125 3367 1196 δεδωρῆσθαι
3388 1130 3502 1191 τοῖς
3534 1123 3678 1193 οὖσι,
3707 1127 3804 1179 τὸν
3836 1127 3895 1179 δὲ
3921 1126 4011 1179 τοῦ

2431 1212 2571 1270 εἶναι
2600 1217 2856 1288 δεύτερον
2883 1218 3133 1272 δεδόσθαι
3166 1219 3309 1272 κατὰ
3342 1220 3667 1289 προαίρεσιν
3702 1220 3892 1281 αὐτοῖς
3942 1220 4013 1280 ὡς

2433 1308 2828 1376 αὑτοκινήτοις,
2850 1310 2946 1361 τὸν
2973 1308 3029 1361 δὲ
3050 1308 3146 1362 τοῦ
3176 1310 3263 1362 ἀεὶ
3287 1306 3428 1362 εἶναι
3451 1310 3635 1379 τρίτον
3656 1310 3847 1372 αὐτοῖς
3880 1310 4014 1362 κατᾶ

2435 1401 2597 1470 χάριν
2625 1399 3105 1471 πεφιλοτιμῆσθαι.
3140 1402 3252 1455 Καὶ
3300 1401 3393 1454 τὸν
3438 1403 3538 1471 μὲν
3587 1403 3808 1472 πρῶτον
3860 1401 4015 1453 δυνά-

2439 1507 2607 1561 μεως,
2634 1493 2653 1562 (
2672 1491 2832 1562 255
2863 1509 2895 1545 a
2918 1496 2936 1559 )
2958 1492 3050 1546 τὸν
3086 1493 3143 1546 δὲ
3187 1493 3443 1563 δεύτερον
3470 1493 3760 1563 ἐνεργείας
3785 1535 3799 1555 ,
3833 1491 3927 1543 τὸν
3964 1491 4016 1542 δὲ

2436 1584 2624 1652 τρίτον
2648 1584 2851 1654 ἀργίας
2880 1579 3022 1638 εἶναι
3052 1586 3429 1655 περιεκτικόν.
3459 1581 3587 1637 Οἶον
3612 1586 3641 1636 ὁ
3676 1585 3780 1651 μὲν
3822 1582 3920 1637 τοῦ
3947 1578 4017 1633 εἴ.

2439 1690 2528 1726 ναι
2549 1673 2708 1741 λόγος
2747 1674 2917 1743 μόνην
2958 1674 3207 1742 φυσικῶς
3246 1675 3391 1744 ἔχων
3435 1674 3534 1744 τὴν
3571 1675 3708 1743 πρὸς
3736 1674 4019 1741 ἐνέργειαν

2441 1764 2691 1835 δύναμιν,
2725 1766 2893 1837 αὐτὴν
2922 1767 3304 1837 πληρεστάτην
3346 1767 3471 1837 δίχα
3505 1767 3604 1836 τῆς
3640 1767 4019 1837 προαιρέσεως

2441 1856 2542 1925 τὴν
2572 1856 2856 1928 ἐνέργειαν
2884 1856 3033 1927 ἔχειν
3061 1858 3121 1910 οὐ
3156 1858 3379 1911 δύναται
3415 1858 3694 1919 παντελῶς
3724 1875 3737 1887 ·
3767 1859 3795 1909 ὁ
3823 1856 3884 1909 δέ
3930 1856 4017 1908 τοῦ

2437 1941 2497 1999 εὖ
2529 1940 2669 1998 εἶναι
2698 1945 2869 2017 αὐτὴν
2920 1947 3092 2017 μόνην
3132 1949 3430 2018 γνωμικῶς
3476 1949 3616 2017 ἔχων
3648 1949 3751 2016 τῆς
3785 1947 4020 2015 φυσικῆς

2436 2035 2721 2104 δυνάμεως
2744 2036 2843 2106 τὴν
2878 2037 3165 2108 ἐνέργειαν
3200 2078 3216 2101 ,
3246 2038 3422 2108 αὐτὴν
3455 2038 3756 2107 ὁλόκληρον
3798 2036 3901 2106 τὴν
3936 2036 4023 2088 δύο

2439 2143 2604 2195 ναμιν
2634 2126 2696 2179 τὸ
2720 2127 2941 2180 σύνολον
2987 2129 3157 2198 χωρὶς
3202 2130 3301 2182 οὐκ
3327 2129 3441 2199 ἔχει
3479 2129 3578 2199 τῆς
3620 2129 3840 2198 φύσεως
3874 2148 3887 2160 ·
3919 2131 3948 2181 ὁ
3968 2128 4021 2180 δὲ

2438 2217 2533 2270 τοῦ
2562 2217 2652 2270 ἀεὶ
2678 2214 2821 2272 εἶναι
2848 2219 2961 2272 τῶν
2983 2220 3090 2289 πρὸ
3120 2218 3289 2272 αὑτοῦ
3323 2220 3446 2274 καθ’
3474 2222 3599 2273 ὅλου
3632 2221 4020 2290 περιγράφων,

2439 2307 2536 2360 τοῦ
2585 2308 2686 2378 μὲν
2731 2308 2831 2380 τὴν
2868 2310 3127 2380 δύναμιν,
3158 2311 3254 2364 τοῦ
3300 2313 3358 2365 δὲ
3404 2311 3504 2383 τὴν
3552 2312 3865 2382 ἐνέργειαν,
3900 2312 4023 2365 οὔτε

2441 2398 2689 2466 φυσικῶς
2719 2402 2861 2453 κατά
2886 2400 3120 2471 δύναμιν
3156 2406 3271 2465 τοῖς
3295 2398 3445 2457 οὖσιν
3477 2404 3783 2475 ἐνυπάρχει
3840 2421 4025 2457 παντε-

2441 2488 2570 2552 λῶς,
2603 2487 2726 2546 οῦτε
2761 2489 2869 2561 μὴν
2903 2491 2961 2557 ἐξ
2986 2494 3234 2563 ἀνάγκης
3264 2494 3323 2545 τὸ
3355 2497 3623 2566 παράπαν
3645 2496 3867 2565 θελήσει
3894 2513 4023 2565 προ-

2445 2581 2715 2650 αιρέσεως
2748 2582 2968 2636 ἕπεται·
3010 2585 3128 2648 πῶς
3164 2586 3273 2656 γὰρ
3316 2588 3429 2650 τοῖς
3456 2587 3631 2658 ἀρχὴν
3679 2587 3823 2640 κατὰ
3868 2588 4025 2656 φύσιν

2446 2673 2540 2726 καὶ
2564 2673 2718 2736 τέλος
2749 2674 2890 2727 κατὰ
2911 2675 3132 2746 κίνησιν
3162 2678 3379 2748 ἔχουσιν
3405 2672 3516 2731 οἷόν
3537 2694 3597 2731 τε
3637 2681 3841 2733 ἐνεῖναι
3868 2680 3926 2732 τὸ
3943 2682 4027 2732 ἀεὶ

2444 2764 2505 2818 ὂν
2529 2768 2624 2819 καὶ
2655 2766 2832 2837 ἀρχὴν
2883 2767 2982 2820 καὶ
3028 2769 3182 2832 τέλος
3227 2770 3327 2823 οὐκ
3372 2770 3536 2839 έχον;
3582 2772 3848 2842 ἀλλ’ὂρος
3875 2774 4025 2833 ἐστὶ,

2448 2858 2713 2927 στάσιμον
2759 2858 2934 2911 ποιῶν
2967 2859 3066 2931 τὴν
3113 2861 3215 2930 μὲν
3245 2861 3412 2931 φύσιν
3447 2863 3593 2916 κατὰ
3642 2865 3741 2935 τὴν
3768 2863 4025 2934 δύναμιν,

2445 2950 2546 3020 τὴν
2573 2950 2631 3003 δὲ
2662 2951 2985 3020 προαίρεσιν
3022 2954 3165 3007 κατά
3211 2954 3310 3025 τὴν
3366 2955 3673 3026 ἐνέργειαν,
3703 2956 3813 3009 οὐδ’
3839 2958 4028 3027 ἑτέρας

2448 3041 2695 3112 ἀμείϐων
2719 3044 3037 3099 παντάπασι
3066 3045 3160 3099 τὸν
3181 3047 3304 3099 καθ’
3331 3047 3391 3100 ὄν
3419 3050 3539 3100 ἐστι
3562 3048 3742 3116 λόγον,
3767 3049 3866 3103 καὶ
3895 3051 4029 3102 πᾶσι

2453 3132 2664 3195 πάντας
2692 3131 2898 3197 αἰῶνας
2946 3151 3007 3187 τε
3055 3134 3152 3187 καὶ
3183 3134 3414 3204 χρόνους
3458 3135 3681 3207 ὁρίζων.
3716 3137 3830 3190 Καὶ
3871 3136 4032 3189 τοῦτό

2451 3227 2621 3292 ἐστιν,
2675 3226 2752 3291 ὡς
2794 3223 2973 3297 οῐμαι,
3013 3228 3178 3297 τυχὸν
3217 3227 3279 3281 τὸ
3329 3228 3613 3298 μυστικῶς
3664 3230 4031 3299 εὐλογημένον

2449 3318 2752 3383 Σάϐϐατόν,
2784 3321 2879 3372 καὶ
2898 3322 2931 3390 ἠ
2961 3320 3170 3390 μεγάλη
3204 3320 3307 3389 τῆς
3331 3321 3443 3375 τῶν
3468 3321 3628 3374 Θείων
3658 3322 3836 3391 ἔργων
3865 3338 4033 3375 κατα-

2451 3409 2707 3473 παύσεως
2754 3411 2957 3481 ἡμέρα,
2988 3413 3130 3475 ἥτις,
3163 3411 3307 3466 κατὰ
3332 3413 3435 3484 τὴν
3468 3414 3685 3484 γραφὴν
3702 3414 3802 3484 τῆς
3830 3431 4031 3483 κοσμο-

2452 3498 2690 3567 γενείας,
2713 3498 2838 3554 οὔτε
2869 3499 3063 3571 ἀρχὴν,
3087 3500 3213 3554 οὕτε
3246 3502 3419 3569 τέλος,
3449 3503 3574 3557 οὔτε
3602 3504 3815 3572 γένεσιν
3839 3505 4038 3575 ἔχουσα

2456 3592 2728 3658 φαίνεται,
2753 3592 2788 3662 ἡ
2844 3592 2983 3661 μετὰ
3027 3592 3128 3664 τὴν
3163 3593 3273 3649 τῶν
3318 3596 3377 3649 ἐν
3430 3596 3616 3668 μέτρῳ
3659 3597 4043 3669 διωρισμένων

2457 3684 2671 3753 κίνησιν
2709 3684 2816 3737 τῶν
2845 3685 2988 3755 ὑπὲρ
3013 3686 3139 3754 ὅρον
3185 3686 3281 3740 καὶ
3327 3686 3591 3758 μέτρησιν
3631 3687 3918 3758 ἔκφανσις,
3949 3693 4043 3743 καὶ

2459 3776 2493 3844 ἡ
2541 3774 2680 3845 μετὰ
2715 3775 2815 3846 τὴν
2870 3776 2978 3830 τῶν
3024 3780 3427 3849 κεχωρημένων
3457 3777 3553 3829 καλ⁸
3584 3782 4043 3850 περιγεγῳμμέ-

2460 3884 2566 3919 νων
2591 3867 2865 3938 ποσότητα
2892 3868 3001 3922 τῶν
3021 3870 3318 3940 ἀχωρήτων
3347 3871 3438 3923 καὶ
3461 3872 3863 3941 ἀπεριγράφων
3885 3874 4049 3927 ἄπει-

2464 3975 2557 4029 ρος
2610 3959 2894 4029 ταὺτότης.
2937 3959 3026 4023 Ὡς
3065 3961 3133 4014 ἂν
3183 3960 3279 4015 οῦν
3312 3962 3346 4031 ἠ
3383 3963 3522 4016 κατὰ
3576 3963 3904 4033 προαίρεσιν
3958 3965 4049 4016 ἐν-

2464 4050 2658 4120 έργεια
2681 4051 2949 4122 χρήσαιτο
2986 4054 3053 4123 τῇ
3102 4052 3332 4123 δυνάμει
3364 4054 3465 4125 τῆς
3490 4053 3728 4123 φύσεως,
3759 4057 3875 4109 εἴτε
3905 4056 4049 4110 κατὰ

2470 4140 2655 4211 φύσιν,
2689 4142 2799 4195 εἴτε
2851 4143 3004 4212 παρά
3051 4143 3235 4211 φύσιν,
3261 4143 3323 4196 τὸ
3368 4161 3427 4198 ευ
3453 4146 3487 4215 ἢ
3542 4145 3604 4199 τὸ
3642 4145 3745 4211 φεῦ
3805 4143 3953 4200 εἶναι
3990 4148 4050 4200 τὸ

2467 4233 2642 4305 πέρας
2678 4232 2848 4305 αὐτὴν
2888 4232 3118 4303 ἔχουσαν
3160 4234 3501 4300 ὑποδέξεται,
3536 4236 3675 4307 ὅπερ
3708 4237 3831 4290 ἐστὶ
3870 4238 3931 4290 τὸ
3964 4239 4051 4291 ἀεὶ

2467 4318 2632 4387 εἶναι,
2661 4324 2719 4378 ἐν
2740 4316 2785 4392 ᾧ
2810 4324 3227 4391 σαϐϐατίζουσιν
3262 4327 3318 4380 αἱ
3342 4326 3533 4397 ψυχαὶ,
3569 4328 3754 4397 πάσης
3785 4328 4052 4381 λαϐοῦσαι

2469 4415 2679 4469 παῦλαν
2712 4416 2996 4486 κινήσεως.
3042 4416 3233 4488 Ὀγδόη
3264 4418 3360 4471 καὶ
3388 4418 3602 4488 πρώτη,
3629 4419 3836 4488 μᾶλλον
3866 4419 3923 4471 δέ
3955 4420 4052 4489 μία

793 4524 962 4576 hensa
987 4527 1044 4573 et
1068 4513 1487 4581 circumscripta
1534 4516 1666 4564 sunt
1718 4506 2000 4561 identitas.
2030 4504 2167 4561 Utut
2199 4501 2365 4571 igitur

2469 4507 2564 4562 καὶ
2601 4507 2941 4571 ἁκατάλυτος
2968 4507 3153 4578 ἡμέρα
3189 4511 3207 4577 (
3231 4508 3392 4579 255
3417 4509 3484 4580 b)
3515 4512 3547 4578 ἡ
3589 4511 3908 4579 ἀκραιφνὴς
3935 4512 4053 4562 ἐστι

796 4609 1096 4667 voluntatis
1127 4606 1272 4660 actio
1304 4603 1565 4658 facultate
1624 4609 1838 4654 natura:
1870 4596 2065 4659 utitur,
2107 4595 2224 4650 sive
2278 4608 2368 4647 se-

793 4703 1035 4759 eundum
1065 4709 1340 4759 naturam,
1374 4696 1490 4748 sive
1526 4700 1722 4746 contra
1757 4698 2035 4751 naturam,
2082 4686 2241 4740 bonae
2276 4694 2371 4738 aut

794 4791 1359 4853 iniserzeexsistcntiaa
1385 4787 1554 4843 finem
1584 4785 1857 4855 suscipiet
1889 4797 2013 4837 eam
2044 4781 2367 4844 habentem,

794 4906 919 4960 qua:
951 4898 1038 4943 est
1066 4884 1409 4954 sempiterna
1437 4877 1783 4942 exsistentia,
1827 4876 1883 4930 in
1919 4889 2030 4944 qua
2068 4871 2373 4928 Sabbatum

795 4982 1084 5039 celebrant
1108 4977 1305 5032 animat
1335 4975 1404 5029 ab
1455 4971 1607 5029 omni
1632 4969 1881 5025 motione
1926 4968 2370 5036 requiescentes.

797 5078 1004 5133 Octava
1032 5078 1089 5125 et
1112 5065 1309 5138 prima,
1345 5064 1435 5119 vel
1461 5062 1647 5134 potius
1671 5075 1782 5114 una
1802 5067 1859 5114 et
1888 5074 1998 5113 non
2027 5054 2376 5112 dissolvenda

798 5165 920 5219 dies
934 5176 1109 5233 purus
1140 5167 1248 5223 est,
1280 5156 1577 5225 omniaque
1608 5154 1731 5207 luce
1756 5165 1856 5206 sua
1909 5150 2245 5205 collustrans
2276 5147 2373 5201 Dei

799 5258 1091 5316 adventus,
1120 5252 1216 5321 qui
1245 5259 1369 5319 post
1395 5261 1582 5301 rerum
1608 5252 1884 5298 motarum
1923 5241 2220 5295 stationem
2245 5252 2376 5293 eve-

799 5349 905 5413 nit,
926 5354 982 5401 et
1005 5345 1088 5399 eis
1118 5341 1344 5413 quidem
1369 5338 1465 5409 qui
1497 5334 1799 5392 exsistendi
1824 5333 2042 5388 ratione
2066 5330 2374 5386 secundum

802 5448 1057 5497 naturam
1073 5437 1359 5491 voluntate
1387 5429 1597 5485 fuerint
1653 5427 1761 5493 usi,
1795 5435 1944 5482 totus
1978 5426 2376 5481 convenienter

804 5536 939 5591 totis
966 5532 1215 5592 advenit,
1248 5538 1415 5597 atque
1448 5525 1649 5579 bonam
1673 5520 2052 5576 exsistentiam
2078 5517 2373 5588 sempiter-

802 5640 930 5681 nam
958 5622 1044 5678 sui
1068 5617 1492 5691 participatione
1533 5624 1591 5670 et
1637 5610 2029 5668 communione
2071 5608 2279 5679 praebet
2313 5617 2375 5663 ut

876 5818 901 5850 ι
936 5808 1071 5865 Gen.
1101 5822 1159 5871 ιι,
1192 5805 1243 5859 2.

2470 4598 2567 4652 τοῦ
2585 4597 2719 4687 Θεοῦ
2737 4599 2832 4651 καὶ
2851 4598 3119 4669 παμφαὴς
3139 4600 3431 4671 παρουσία,
3460 4600 3595 4669 μετὰ
3616 4603 3719 4670 τὴν
3740 4600 3854 4653 τῶν
3873 4619 4055 4653 κινουο

2478 4691 2655 4761 μένων
2706 4687 2895 4744 στάσιν
2944 4689 3202 4760 γινομένη
3229 4730 3244 4755 ,
3276 4692 3371 4744 καὶ
3401 4694 3514 4755 τοῖς
3550 4692 3649 4761 μὲν
3676 4691 3759 4761 τῷ
3787 4692 3886 4746 τοῦ
3918 4688 4055 4746 εἶναι

2475 4783 2617 4853 λόγῳ
2667 4782 2809 4836 κατὰ
2858 4784 3022 4852 φύσιν
3068 4782 3471 4853 προαιρετικῶς
3508 4784 3908 4855 χρησαμένοις,
3940 4785 4055 4837 ὅλον

2477 4874 2867 4945 προσηκόντως
2888 4873 3031 4938 ὅλοις
3060 4873 3475 4943 ἐπιδημοῦντος,
3507 4874 3685 4928 καὶτὸ
3718 4876 3809 4929 ἀεὶ
3831 4872 3894 4930 εὖ
3920 4874 4058 4929 εἶναι

2482 4964 2818 5036 παρέχοντος
2846 4963 2935 5017 διὰ
2964 4964 3063 5034 τῆς
3096 4964 3307 5027 οἰκείας
3335 4965 3591 5035 μετοχῆς,
3623 4964 3701 5030 ὡς
3749 4965 3922 5036 μόνον
3964 4985 4060 5021 κυ-

2486 5057 2615 5127 ρίως
2642 5056 2736 5109 καὶ
2756 5057 2909 5121 ὄντος
2938 5057 3034 5110 καὶ
3060 5056 3149 5109 ἀεὶ
3188 5056 3337 5120 ὄντος
3381 5059 3476 5110 καὶ
3529 5053 3587 5111 εὖ
3630 5057 3809 5123 ὄντος,
3841 5061 3962 5121 τοῖς
4008 5059 4061 5112 δὲ

2482 5148 2634 5219 παρὰ
2663 5147 2827 5216 φύσιν
2857 5146 2937 5217 τῷ
2966 5145 3062 5200 τοῦ
3082 5140 3224 5199 εἶναι
3253 5146 3397 5216 λόγῳ
3435 5147 3736 5218 γνωμικῶς
3774 5151 4060 5220 χρησαμέ-

2480 5256 2614 5305 νοις,
2636 5239 2755 5292 ἀντὶ
2775 5237 2867 5292 τοῦ
2886 5235 2945 5291 εὖ
2968 5238 3027 5290 τδ
3040 5239 3129 5292 c'tsl
3150 5238 3251 5308 φεῦ
3274 5234 3415 5293 εἶναι
3442 5240 3583 5293 κατά
3603 5241 3660 5293 τὶ
3685 5242 3836 5303 εἰκὸς
3862 5243 4064 5295 ἀπονέ-

2484 5347 2695 5403 μοντος,
2707 5330 2781 5392 ὡς
2796 5332 2895 5384 οὐκ
2909 5331 3060 5393 ὄντος
3069 5332 3248 5395 αὐτοῖς
3258 5330 3443 5385 λοιπὸν
3454 5351 3532 5402 χω
3539 5333 3701 5404 ρητοῦ
3718 5332 3814 5387 τοῦ
3833 5329 3893 5388 εῦ
3907 5330 4065 5393 εἶναι,

2482 5424 2737 5486 ἐναντίως
2754 5423 2889 5494 πρὸς
2907 5422 3038 5475 αὐτὸ
3050 5423 3429 5489 διακειμένοις,
3451 5424 3544 5476 καὶ
3559 5424 3774 5493 κίνησιν
3791 5427 4067 5487 παντελῶς

2479 5518 2580 5571 οὐκ
2606 5516 2786 5586 ἔχουσι
2817 5514 2954 5585 μετά
2977 5514 3075 5585 τὴν
3105 5512 3197 5567 τοῦ
3221 5512 3554 5585 ζητουμένου
3589 5514 3922 5585 φανέρωσιν,
3955 5514 4070 5569 καθ’

2480 5611 2547 5682 ἢν
2566 5610 2677 5671 τοῖς
2703 5605 2924 5678 ζητοῦσι
2949 5606 3158 5675 πέφυκε
3188 5602 3554 5674 φανεροῦσθαι
3587 5604 3649 5657 τὸ
3683 5602 3943 5675 ζητητόν.
