4198 6434
278 365 415 433 I393
1489 368 2005 434 AMBIGUORUM
2044 372 2295 435 LIBER.
3373 360 3507 430 i394

270 480 367 554 qui
397 479 550 537 solus
574 474 802 551 proprie
838 484 896 535 et
930 477 1146 536 exsistit
1174 486 1231 536 et
1268 492 1487 551 semper
1523 479 1744 538 exsistit
1767 489 1827 538 et
1862 481 2003 539 bene
2017 484 2256 549 exsistit,
2287 484 2372 541 eis
2405 491 2591 540 autem
2615 484 2711 554 qui
2741 494 2935 540 contra
2962 489 3215 537 naturam
3239 477 3513 534 assisten-

272 572 329 628 di
362 572 579 628 ratione
606 580 801 641 suopte
831 571 1066 627 consilio
1096 570 1306 627 fuerint
1339 572 1450 638 usi,
1483 572 1742 630 miseram
1785 588 1889 644 pro
1923 574 2081 631 beata
2109 576 2431 632 cssistentia
2489 577 2692 631 merito
2724 574 3007 637 retribuit,
3044 581 3105 628 ut
3144 572 3350 643 quibus
3380 569 3514 625 bes-

276 677 387 723 tam
419 667 822 731 exsistentiam,
850 667 939 722 cui
971 666 1085 735 jam
1130 665 1347 722 adversi
1382 675 1551 733 stant,
1582 682 1782 736 capere
1819 682 1932 723 non
1961 670 2149 734 liceat,
2181 669 2389 740 quique
2435 669 2733 739 quominus
2758 669 2812 724 id
2850 667 3001 738 quod
3037 666 3305 737 queritur
3343 662 3517 719 mani-

273 766 508 821 festetur
532 764 775 819 motione
809 776 1038 834 prorsus
1058 773 1271 829 carent,
1307 778 1418 834 qua
1456 763 1836 834 quairentibus
1873 762 1930 818 id
1956 766 2106 834 quod
2131 766 2399 837 quaaritur
2424 764 2769 821 manifestari
2792 772 2997 835 potest.

596 925 786 1000 am.
824 947 911 1011 εἷς
946 944 1014 998 τὸ
1043 946 1191 999 αὐτὸ
1225 946 1519 1013 θεώρημα.

2329 948 2451 1003 Alia
2481 950 2536 1001 in
2565 948 2704 1002 idem
2738 944 3130 1014 contemplatio.

349 1059 459 1112 Καὶ
492 1058 654 1114 πάλιν
683 1058 889 1129 ἑϐδόμη
919 1060 1016 1113 καὶ
1041 1058 1322 1113 Σάϐϐατόν
1354 1060 1505 1112 ἐστιν
1533 1062 1569 1131 ἡ
1587 1060 1697 1114 τῶν
1721 1063 1845 1115 κατ’

276 1149 480 1219 ἀρετὴν
504 1149 764 1203 ἁπάντων
783 1149 1001 1219 τρόπων
1024 1151 1118 1203 καὶ
1144 1149 1253 1204 τῶν
1274 1150 1417 1204 κατά
1448 1151 1681 1220 θεωρίαν
1708 1168 1851 1219 γνωο

279 1238 484 1290 στικῶν
523 1237 698 1305 λόγων
723 1238 993 1302 διάϐασις.
1036 1238 1228 1308 Ὀγδόη
1257 1239 1316 1292 δέ
1348 1240 1497 1292 ἐστιν
1520 1243 1554 1311 ὴ
1588 1240 1726 1309 πρὸς
1752 1240 1853 1309 τὴν

276 1328 457 1399 ἀρχὴν
486 1330 583 1383 καὶ
613 1330 797 1384 αἰτίαν
829 1330 939 1382 τῶν
980 1331 1302 1399 πρακτικῶς
1332 1335 1719 1402 πεποιημένων
1760 1334 1854 1384 καὶ

277 1420 390 1473 τῶν
424 1421 780 1493 θεωρητικῶς
824 1422 1186 1493 ἐγνωσμένων
1215 1422 1355 1477 κατά
1384 1424 1487 1496 τὴν
1528 1424 1691 1495 χάριν
1720 1423 1851 1493 ἀλη-

280 1513 383 1582 θὴς
415 1514 797 1586 μεταποίησις.

637 1697 824 1762 Ἄλλη
860 1696 949 1762 εὶς
981 1694 1047 1749 τὸ
1079 1696 1228 1749 αὐτὸ
1268 1697 1498 1766 θεωρία.

356 1806 513 1859 Ἔστι
541 1806 643 1876 μὲν
681 1802 776 1860 οὖν
813 1808 909 1860 καὶ
938 1802 1095 1871 αὖθις
1128 1807 1330 1878 ἑϐδόμη
1365 1808 1460 1861 καὶ
1504 1808 1781 1863 Σάθϐατον
1818 1811 1853 1881 ὴ

2020 1064 2200 1133 Atque
2244 1076 2438 1115 rursus
2480 1061 2710 1129 septima
2757 1068 2814 1114 et
2856 1057 3158 1112 Sabbatum
3202 1064 3289 1108 est
3325 1050 3519 1107 modo--

1953 1170 2074 1209 rum
2124 1153 2369 1207 omnium
2409 1152 2711 1206 secundum
2751 1150 3013 1203 virtutem
3054 1154 3109 1200 et
3150 1144 3520 1214 gnosticarum

1954 1244 2227 1297 rationum
2252 1239 2557 1296 secundum
2583 1238 3099 1307 contemplationem
3130 1244 3518 1303 transgressus.

1953 1336 2155 1388 Octava
2204 1341 2388 1386 autem
2435 1340 2523 1387 est
2556 1344 2683 1385 vera
2727 1330 2794 1382 ad
2838 1328 3166 1397 principium
3207 1331 3264 1376 et
3299 1336 3520 1376 causam

1951 1439 2147 1478 eorum
2170 1439 2292 1492 quae
2320 1421 2500 1477 active
2528 1429 2659 1475 sunt
2683 1420 2826 1473 facta
2855 1431 2913 1472 et
2941 1413 3364 1485 contemplative
3396 1418 3525 1465 sunt

1952 1513 2168 1584 cognita
2196 1529 2294 1583 per
2317 1513 2546 1583 gratiam
2577 1509 2944 1581 regeneratio.

2342 1694 2465 1750 Alia
2492 1695 2547 1747 in
2575 1694 2713 1747 idem
2746 1691 3135 1761 contemplatio.

2029 1810 2126 1865 Est
2155 1809 2322 1879 igitur
2344 1824 2536 1863 rursus
2563 1808 2730 1862 etiam
2760 1808 2991 1877 septima
3020 1815 3077 1859 et
3101 1804 3398 1859 Sabbatum
3428 1802 3528 1856 im-

283 1896 382 1964 τὴν
413 1896 534 1950 κατ’
563 1896 765 1967 ἀρετὴν
793 1897 1148 1968 διαδεχομένη
1182 1898 1494 1968 πρακτικὴν
1531 1900 1855 1970 φιλοσοφίαν

1984 1901 2293 1955 lassibilitas
2335 1914 2457 1967 qua:
2502 1898 2735 1951 activam
2777 1896 3180 1965 phi|050pliiam
3225 1894 3527 1949 secundum

281 1985 541 2040 ἀπάθεια.
589 1987 780 2058 ὐγδόη
824 1987 883 2040 δὲ
931 1989 1026 2042 καὶ
1071 1987 1261 2059 πρώτη
1307 1991 1415 2041 ἐστῚ
1622 1991 1720 2061 μία
1760 1992 1857 2044 καὶ

1984 1992 2218 2045 ’ἰτῑιιιειιι
2253 1990 2475 2059 excipit.
2500 1989 2704 2043 Octava
2735 2004 2864 2042 vero
2895 1997 2952 2041 et
2986 1987 3158 2056 prima
3193 1993 3300 2047 est,
3329 1993 3389 2038 ut
3423 2000 3528 2038 una

284 2073 646 2139 ἀκατάλυτος,
687 2076 721 2145 ἡ
765 2075 910 2145 μετά
947 2077 1049 2147 τὴν
1080 2080 1393 2149 γνωστικὴν
1418 2080 1654 2148 Θεωρίαν
1685 2081 1861 2149 ἐπιγι-

1984 2092 2120 2150 tque
2156 2080 2579 2143 indissolubilis,
2613 2079 2885 2149 sapientia
2920 2095 3042 2147 qua:
3073 2086 3197 2147 post
3228 2076 3529 2146 gnosticam

283 2168 490 2237 νομένη
520 2166 707 2236 σοφία.
733 2167 843 2220 Καὶ
867 2169 987 2221 κατ’
1007 2168 1204 2232 ἄλλους
1236 2170 1293 2222 δὲ
1323 2170 1559 2240 τρόπους
1594 2172 1860 2226 παντοδαο

1984 2169 2477 2240 :ontemplationem
2514 2170 2892 2239 subsequitur.
2927 2167 3036 2222 Sed
3071 2168 3197 2222 aliis
3226 2179 3449 2236 quoque
3478 2174 3534 2219 et

287 2256 427 2321 πούς
476 2260 596 2312 ἐστι
637 2258 865 2312 δυνατὸν
906 2260 1021 2321 τοῖς
1049 2259 1157 2311 τῶν
1185 2259 1346 2314 θείων
1391 2261 1743 2333 φιλοθεάμοσι
1770 2263 1860 2315 τὸν

1984 2277 2225 2331 terquem
2266 2260 2437 2315 variis
2484 2260 2664 2314 modis
2712 2274 2898 2313 rerum
2944 2258 3256 2311 divinarum
3304 2255 3534 2309 studiosi

285 2354 417 2422 περὶ
466 2353 577 2406 τῶν
612 2352 871 2406 τοιούτων
914 2352 1233 2423 ἐκδέχεσθαι
1274 2353 1467 2423 λόγον,
1519 2356 1615 2410 καὶ
1656 2354 1861 2418 πολλὰς

1984 2369 2269 2409 .ermonem
2312 2354 2380 2408 de
2420 2353 2622 2408 talibus
2663 2352 2912 2421 accipere
2951 2359 3214 2419 possunt,
3242 2349 3444 2403 multas
3481 2357 3538 2402 et

286 2444 462 2510 καλάς
492 2461 555 2498 τε
585 2445 682 2499 καὶ
718 2444 942 2517 ἀληθεῖς
976 2447 1229 2516 ἑφευρεϊν
1271 2445 1528 2517 θεωρξας.

1984 2447 2222 2503 pulchras
2249 2457 2306 2503 et
2328 2461 2485 2502 veras
2506 2444 2857 2501 adinventuri
2881 2443 3396 2513 contemplationes.

301 2615 398 2669 Ἐκ
433 2614 542 2670 τοῦ
577 2613 766 2670 αὐτοῦ
802 2619 1014 2686 λόγου,
1048 2616 1177 2684 πῶς
1203 2618 1300 2671 τό·
1336 2638 1355 2673 ι
1385 2620 1735 2676 Δισσώσατε
1761 2625 1859 2677 καὶ

1984 2622 2051 2677 Ea:
2091 2622 2269 2675 eodem
2300 2637 2570 2685 sermone,
2601 2622 2859 2691 quomodo
2891 2620 3025 2674 illud
3061 2635 3080 2674 :
3123 2638 3141 2671 ι
3183 2619 3459 2691 Duplicate
3491 2627 3541 2671 et

358 2705 757 2771 τρισσὼσατε,
790 2725 810 2758 ι
854 2706 1042 2761 ιαϐὼν
1069 2710 1101 2761 ὁ
1135 2707 1505 2779 διδάσκαλος
1525 2715 1610 2778 εἰς
1636 2713 1703 2767 τὸ
1729 2714 1862 2781 περὶ

360 2793 471 2861 τῆς
509 2795 764 2863 ἑϐδόμης
816 2797 1158 2865 μυστήριόν
1200 2815 1410 2870 φησιν’
1448 2820 1467 2853 s
1511 2803 1608 2867 Ὠς
1654 2803 1722 2856 δὲ
1764 2805 1861 2857 καὶ

364 2888 478 2955 τὴν
506 2888 783 2965 ¹ἑϐδόμην
812 2890 1211 2962 ἀναστροφὴν
1260 2894 1465 2949 Ἡλίου
1491 2896 1597 2948 τοῦ
1636 2897 1864 2966 προφή·

365 2998 491 3043 του,
518 2980 599 3045 τῷ
622 2982 733 3049 τῆς
765 2984 1102 3051 Σαραςρθίας
1128 2984 1258 3050 υὶῷ,
1302 2986 1369 3038 τὸ
1397 2985 1506 3054 ζῇν
1532 2990 1865 3056 ἐμπνεύσα-

361 3086 508 3135 σαν,
539 3071 724 3142 (256
755 3075 809 3141 a)
852 3074 947 3126 xui
1021 3075 1129 3128 τοῦ
1169 3077 1356 3131 αὑτοῦ
1392 3079 1509 3147 τὴν
1548 3080 1864 3151 ἰσάριθμον

366 3160 517 3214 κατὰ
553 3161 672 3215 τῶν
698 3163 1005 3232 σχιδάκων
1044 3166 1390 3224 ἐπίκλησιν.

379 3270 440 3323 '0
490 3272 760 3343 μακάριος
806 3275 984 3346 γέρων
1038 3279 1169 3348 παρ’
1203 3278 1337 3348 ἐμοῦ
1379 3280 1535 3335 τοῦτο
1572 3282 1867 3352 ἐρωτηθεὶς

296 3362 428 3432 ἔφη,
458 3363 617 3419 Κατὰ
642 3364 803 3420 τοῦτο
828 3367 992 3438 τυχὸν
1033 3371 1162 3440 περὶ
1187 3371 1281 3424 τοῦ
1305 3374 1443 3427 ἐτττά
1474 3373 1736 3438 διεξιόντα
1776 3378 1868 3429 τὸν

294 3450 615 3506 διδάσκαλον
647 3454 885 3525 ἀριθμοῦ
919 3460 1303 3529 τεκμήρασθαι
1346 3462 1587 3518 δυνατόν.
1650 3467 1869 3535 Πρῶτον

300 3543 402 3612 μὲν
436 3544 578 3598 κατὰ
619 3547 747 3609 τοὺς
782 3546 1110 3618 λεγομένους
1141 3551 1558 3625 ἀριθμητικούςν
1592 3558 1726 3611 Φασῖ
1762 3559 1871 3629 γάρ

299 3637 500 3689 ἐκεῖνοι
531 3638 887 3694 συνίστασθαί
916 3658 1068 3706 τινας
1110 3644 1379 3715 ἀριθμοὺς
1412 3647 1476 3700 ὲκ
1502 3649 1871 3721 δισσουμένων

300 3728 400 3781 καὶ
438 3731 850 3801 τρισσουμένων
904 3732 1125 3804 ἑτέρων,
1170 3736 1268 3806 τῆς
1316 3738 1543 3808 μονάδος
1568 3739 1872 3795 τελευταῖον

301 3820 764 3892 προστιθεμένης.
809 3819 935 3879 Οἷον
983 3826 1050 3881 ἐκ
1091 3826 1459 3900 δισσουμένων
1511 3832 1609 3902 μὲν
1657 3835 1685 3887 ὁ
1736 3832 1871 3899 ξδ’δ⁷

2036 2712 2329 2783 triplicate,
2382 2730 2401 2763 ι
2456 2714 2669 2782 capiens
2716 2712 2967 2781 magister
3012 2712 3067 2764 in
3120 2710 3429 2780 mysterium
3478 2710 3542 2762 de

2038 2804 2357 2858 hebdomade
2400 2803 2541 2857 dicat
2575 2820 2594 2856 :
2635 2823 2653 2854 ί
2696 2802 2968 2858 Consimili
3008 2802 3158 2856 modo
3190 2810 3239 2854 et
3267 2810 3543 2871 septenum

2040 2897 2174 2952 Elia:
2230 2899 2494 2967 propheta:
2548 2897 2973 2959 conversionem,
3028 2910 3146 2965 quis
3198 2894 3543 2964 Sareplttaua:

2040 2992 2209 3045 vidua:
2246 2990 2358 3058 ﬁlio
2399 2993 2506 3044 vita
2551 2991 2817 3059 inspirata
2863 3000 2937 3041 est
2962 2998 2987 3035 γ
3014 3029 3029 3050 ,
3062 2988 3397 3058 ejusdemque
3439 3004 3541 3040 nua

2042 3097 2187 3135 mero
2215 3098 2397 3151 parem
2423 3097 2579 3151 super
2607 3080 2814 3135 assulas
2842 3080 3201 3150 proluviouem
3230 3086 3280 3133 1.
3315 3098 3334 3130 ο

2046 3275 2247 3329 Beatus
2284 3291 2453 3331 senex
2487 3276 2578 3331 ille
2613 3292 2643 3330 a
2679 3292 2766 3330 me
2802 3276 2870 3331 de
2904 3276 3010 3331 hoc
3045 3276 3416 3344 interrogatus
3456 3290 3541 3326 re-

1974 3363 2216 3432 Spondit,
2244 3363 2349 3417 hoc
2375 3363 2499 3418 loco
2523 3363 2699 3419 videri
2729 3364 2961 3418 fortasse
2991 3378 3150 3433 posse
3178 3362 3324 3431 quod
3352 3361 3545 3417 doetor

1975 3456 2045 3511 de
2072 3457 2387 3527 septenario
2409 3465 2734 3525 persecutus
2758 3470 2988 3509 numero
3008 3454 3381 3523 conjecturam
3405 3451 3545 3507 lece-

1977 3549 2069 3602 rit.
2103 3550 2345 3604 Primum
2386 3549 2607 3618 quidem
2654 3547 2958 3602 secundum
3007 3545 3369 3600 arithmeticae
3412 3545 3548 3598 artis

1977 3642 2206 3711 peritos.
2243 3642 2325 3696 llli
2367 3641 2515 3695 enim
2554 3639 2818 3709 quosdam
2857 3653 3117 3694 numeros
3153 3652 3219 3693 es
3256 3636 3550 3707 duplicatis

1978 3742 2035 3787 et
2066 3733 2359 3801 triplicatis
2387 3732 2531 3795 aliis,
2563 3732 2771 3786 unitate
2803 3729 2858 3785 in
2890 3739 3137 3785 extremo
3170 3725 3546 3799 superaddita,

1980 3834 2235 3880 constare
2264 3824 2484 3881 docent.
2513 3822 2605 3879 Sic
2630 3838 2696 3879 ex
2725 3821 3020 3894 duplicatis
3045 3828 3260 3876 constat
3288 3835 3551 3876 numerus

302 3909 643 3977 συνίσταται,
694 3913 791 3986 τῆς
838 3914 1068 3987 μονάδος
1112 3915 1473 3991 δισσουμινης
1504 3901 1643 3992 μετὰ
1679 3922 1789 3977 τῶν
1816 3922 1863 3988 ἓξ

1984 3916 2067 3980 Bt,
2096 3916 2308 3972 unitate
2336 3914 2595 3971 videlicet
2623 3914 2898 3985 duplicata
2930 3928 3056 3969 cum
3092 3927 3186 3968 sex
3218 3911 3465 3967 numeris
3496 3920 3553 3966 ct

303 3998 576 4071 ἀριθμῶν,
607 4004 1039 4075 προστιθεμένης
1075 4008 1290 4078 καὶτῆς
1318 4011 1561 4077 μονάδος,
1594 4014 1687 4067 καὶ
1705 4013 1876 4077 οὕτως

305 4093 341 4158 ἡ
375 4090 609 4160 ἑϐδομὰς
641 4092 966 4163 πληροῦται,
1017 4092 1130 4150 οἷον
1168 4098 1251 4159 δὶς
1280 4106 1330 4154 α’
1381 4100 1448 4169 β’,
1486 4102 1571 4171 δὶς
1623 4102 1666 4171 β’
1701 4103 1765 4166 δ’,
1798 4104 1878 4167 δὶς

302 4178 348 4230 δ’
365 4184 435 4249 η’,
459 4178 539 4239 δὶς
565 4185 613 4250 η’
638 4181 733 4246 ις’,
750 4182 831 4245 δὶς
861 4191 935 4248 ις’
954 4183 1029 4253 λβν
1048 4186 1127 4249 δὶς
1148 4187 1225 4257 λβο
1253 4188 1339 4253 ξδ’.
1358 4170 1577 4244 Τούτων
1598 4170 1740 4245 οὕτω
1765 4194 1880 4246 δια-

307 4270 658 4325 πλασθέντων
691 4273 759 4325 δι’
786 4274 863 4341 ιέξ
907 4276 1160 4347 ἀριθμῶν
1202 4280 1418 4335 δοκοῦσι
1470 4285 1875 4352 συντεθεῖσθαι,

306 4362 445 4415 ἀλλὰ
476 4363 1015 4436 παραλαμϐανομένη
1039 4369 1347 4426 τελευταῖον
1368 4374 1463 4426 καὶ
1492 4376 1523 4444 ἡ
1549 4375 1717 4445 μονὰς
1743 4376 1878 4447 πλη-

311 4456 398 4523 ροῖ
426 4454 517 4526 τρν
555 4456 715 4518 ἑπτὰ,
760 4455 820 4520 ἐξ
856 4455 925 4527 ἦς
956 4460 1055 4529 τὴν
1097 4462 1271 4533 ἀρχὴν
1308 4466 1335 4518 ὁ
1369 4464 1769 4537 διπλασιασμὸς
1801 4470 1879 4520 εῖ-

308 4544 502 4615 ληφεν.
538 4544 727 4610 Οὕτως
755 4544 849 4602 οὖν
879 4551 1156 4605 κάνταῦθα
1201 4554 1292 4607 τὸν
1329 4556 1492 4609 αὐτὴν
1523 4559 1725 4610 κανόνα
1774 4577 1880 4612 κα-

308 4636 604 4705 τασχόντες
627 4639 1002 4709 ἀπαρτίοομεν
1028 4643 1117 4695 τὸν
1148 4644 1287 4698 ὲπτά
1308 4646 1560 4716 ἀριθμόν.
1584 4650 1722 4719 Φησὶ
1750 4653 1878 4720 γὰρ,

317 4746 336 4777 ι
388 4727 666 4793 Ἐκχέατε,
716 4729 1017 4785 δισσώσατε
1056 4734 1152 4787 καὶ
1196 4737 1556 4807 τρισσώσατε.
1611 4758 1628 4791 ι
1672 4742 1763 4803 Δὶς
1790 4737 1882 4796 οὖν

315 4816 474 4887 μὲαβ
510 4856 524 4879 ,
554 4816 677 4888 τρὶς
715 4817 761 4887 β’
808 4820 886 4886 ἓξ,
935 4823 1027 4875 καὶ
1065 4825 1099 4891 ή
1138 4824 1328 4896 πρώτη
1387 4828 1553 4897 μονὰς
1599 4831 1883 4899 προστιθε-

315 4902 452 4972 μένη
485 4904 597 4966 τοῖς
638 4904 822 4969 ἑξάσιν
853 4908 1142 4979 ἀπαρτίζει
1173 4912 1262 4966 τὸν
1301 4915 1441 4968 ἐπτά
1466 4917 1718 4987 ἀριθμόν.
1746 4920 1883 4973 Φασὶ

311 4992 368 5045 δὲ
401 4994 493 5046 καὶ
524 4995 846 5064 συγγένειάν
880 5017 1001 5053 τινα
1035 5006 1411 5077 πνευματικὴν
1436 5007 1578 5061 κατὰ
1614 5012 1882 5079 μυστικὴν

313 5085 550 5155 θεωρίαν
576 5089 712 5159 πρὸς
737 5089 828 5143 τὸν
853 5090 895 5154 ζ’
921 5094 1154 5163 ἀριθμὸν
1183 5096 1326 5166 ἔχειν
1354 5098 1443 5150 τὸν
1466 5105 1513 5167 γ’
1545 5101 1685 5153 κατὰ
1715 5102 1885 5155 τοιόν-

312 5177 371 5229 δε
396 5179 616 5245 τρόπον,
638 5180 716 5251 τῷ
736 5182 834 5253 τὴν
859 5184 1167 5241 πάνσεπτον
1197 5189 1291 5242 καὶ
1316 5191 1695 5263 προσκυνητὴν
1716 5193 1885 5263 Τριά-

312 5268 379 5331 δα
414 5267 500 5338 διά
537 5269 632 5321 τοῦ
662 5277 710 5339 γ’
746 5274 1130 5343 σημαίνεσθαι,
1168 5279 1261 5332 καὶ
1288 5281 1450 5334 πάλιν
1476 5282 1576 5352 τὴν
1606 5282 1774 5353 αὐτὴν
1799 5284 1885 5339 διὰ

313 5358 411 5413 τοῦ
442 5360 507 5424 ζ’.
540 5361 619 5432 τῷ
670 5364 761 5418 τὸν
794 5365 838 5430 ζ’
869 5369 1105 5440 ἀριθμὸν
1136 5373 1405 5442 παρθένον
1433 5368 1591 5429 εἶναι.
1620 5374 1741 5427 Τῶν
1772 5376 1883 5447 γὰρ

384 5486 416 5529 1
441 5477 510 5535 lli
539 5478 673 5550 Reg.
705 5496 836 5547 xvu,
861 5480 951 5537 23.

1982 4010 2193 4064 unitate
2219 4011 2275 4063 in
2302 4019 2550 4063 extremo
2579 4006 2816 4075 adjecta,
2834 4022 2942 4075 qua
2967 4005 3182 4059 ratione
3208 4004 3552 4073 septenarius

1980 4102 2289 4171 completur
2318 4117 2613 4160 numerus;
2661 4115 2788 4152 nam
2824 4099 2844 4151 l
2888 4098 2970 4153 bis
3004 4106 3256 4166 sumptus
3288 4096 3455 4151 eﬂicit
3485 4095 3550 4157 ‘2,

1979 4194 2014 4247 2
2049 4193 2133 4247 bis
2161 4194 2223 4251 4.
2252 4194 2286 4247 4
2315 4191 2400 4245 bis
2423 4192 2484 4254 8,
2516 4191 2548 4243 8
2580 4189 2888 4252 bisi6,16
2919 4188 3006 4243 bis
3034 4188 3132 4251 3‘2,
3157 4187 3227 4241 52
3254 4186 3342 4241 bis
3368 4187 3457 4243 64.
3488 4186 3551 4241 Hi

1983 4286 2057 4339 ita
2093 4282 2356 4352 duplicati
2391 4298 2489 4350 per
2520 4296 2615 4335 sex
2650 4295 2913 4334 numeros
2946 4277 3205 4332 videntur
3240 4277 3553 4347 compositi,

1982 4377 2076 4431 sed
2106 4378 2290 4431 unitas
2319 4376 2374 4429 in
2402 4384 2651 4428 extremo
2678 4381 2988 4440 assumpta,
3013 4388 3078 4426 ex
3105 4388 3210 4441 qua
3240 4371 3555 4441 duplicandi

1983 4469 2201 4523 initium
2251 4467 2455 4521 factum
2508 4476 2657 4527 erat,
2700 4464 2938 4531 complet
2988 4463 3382 4532 septenarium.
3432 4464 3553 4517 Pari

1984 4562 2151 4631 igitur
2192 4559 2281 4613 hic
2323 4573 2544 4628 quoque.
2591 4557 2753 4611 modo
2793 4557 3044 4611 eamdem
3090 4571 3337 4610 normam
3380 4555 3556 4611 secuti

1983 4653 2355 4723 septenarinm
2390 4650 2741 4705 absolvemus
2776 4664 3088 4703 numerum.
3129 4667 3146 4699 ι
3186 4647 3496 4709 Ell‘unditc,
3536 4668 3552 4696 ι

1982 4743 2129 4795 enim
2166 4738 2364 4808 inquit,
2401 4757 2418 4788 ι
2451 4738 2731 4805 duplicate
2760 4747 2817 4791 et
2845 4736 3137 4805 triplicale.
3168 4755 3186 4787 ι
3221 4736 3409 4805 Itaque
3438 4734 3561 4789 uni-

1986 4843 2093 4887 tate
2124 4832 2398 4900 duplicata
2433 4829 2491 4883 tit
2520 4830 2575 4892 2,
2606 4829 2877 4897 triplicata
2909 4829 2945 4881 2
2978 4829 3037 4882 lit
3066 4829 3118 4888 6,
3144 4837 3198 4879 et
3230 4826 3403 4895 prima
3437 4825 3561 4878 uni-

1985 4934 2068 4977 tas
2108 4921 2293 4975 addita
2337 4921 2570 4975 senariis
2615 4920 2867 4973 numeris
2909 4919 3146 4972 absolvit
3186 4918 3557 4986 septenarium

1984 5029 2294 5067 numerum.
2323 5012 2573 5065 Tradunt
2610 5027 2741 5063 vero
2781 5011 2946 5064 etiam
2988 5011 3331 5078 Spiritualem
3368 5026 3561 5078 quam-

1984 5106 2108 5159 dam
2134 5105 2437 5159 secundum
2466 5103 2750 5174 mysticum
2777 5104 3293 5171 contemplationem
3324 5102 3561 5156 interce-

1986 5198 2118 5252 dere
2152 5196 2534 5266 coguationem
2574 5195 2718 5250 inter
2755 5195 3053 5249 ternarium
3088 5210 3153 5247 ac
3183 5193 3557 5262 scptenarium

1990 5303 2281 5343 numerum
2318 5286 2422 5341 hoc
2455 5287 2571 5341 fere
2602 5288 2794 5349 modo,
2825 5287 2971 5356 quod
3008 5302 3219 5341 suunne
3250 5283 3557 5340 veneranda

1991 5389 2048 5431 et
2083 5376 2361 5433 adoranda
2391 5376 2632 5433 Trinitas
2674 5392 2772 5448 per
2807 5377 3109 5432 ternarium
3152 5390 3474 5441 numerum,
3502 5379 3561 5429 et

1587 5553 1826 5609 νΑηιιΕ
1860 5554 2262 5610 LECTIONI'IS.

390 5642 432 5675 "
467 5645 706 5715 Antiqua
736 5661 928 5704 manus
960 5646 1013 5701 in
1049 5661 1217 5717 marg.
1265 5646 1390 5700 libri
1431 5646 1569 5701 Gud.
1603 5649 1854 5719 ascripsit
1884 5651 1978 5722 τῆς
2010 5650 2321 5719 gesogiam.

391 5758 507 5831 (bi)
537 5759 699 5831 (ἶνες.
738 5760 871 5815 Naz.
904 5761 1049 5826 ibid,
1079 5778 1195 5828 cap.
1238 5760 1280 5826 Ι,
1313 5778 1366 5821 υ.
1401 5762 1520 5819 7‘21.
1557 5772 1687 5818 tum.
1733 5764 1752 5819 ι
1798 5766 1931 5822 Uno.
1961 5767 2044 5822 ed.
2094 5766 2292 5822 Bcucd.
