4198 6434
709 377 851 445 1399

1218 493 1340 546 Alia
1374 489 1762 560 contemplatio.

779 603 879 659 Vel
908 614 1092 658 ternas
1116 603 1182 656 de
1208 603 1676 658 intellectualibus
1698 612 1752 656 et
1774 601 2122 656 sensualibus
2139 601 2284 672 judi-

711 698 781 752 cii
817 715 881 751 ac
918 695 1280 766 providentia:
1317 695 1561 749 rationes
1592 694 1965 749 duodenarius
1998 694 2144 747 clare
2180 710 2284 746 nn-

713 803 899 841 mcrus
926 785 1215 855 signiﬁcat.
1244 784 1361 839 Una
1389 785 1536 839 enim
1563 799 1796 854 quaeque
1823 784 2050 838 istarum
2076 783 2140 836 ad
2166 797 2287 838 sese

714 875 956 929 admittit
1005 884 1120 928 tres
1165 875 1285 943 ejus
1332 875 1479 943 quod
1529 884 1614 928 est
1657 872 1961 928 exsistendi
2015 874 2285 935 rationes,

713 963 1181 1032 quemadmodum
1212 980 1280 1018 ex
1313 966 1540 1018 summis
1573 964 1841 1018 doctrina:
1871 964 2145 1033 capitibus
2177 973 2288 1015 tam

715 1053 1010 1121 discipulis
1043 1069 1206 1121 quam
1243 1053 1567 1107 doctoribus
1600 1053 1670 1108 de
1708 1053 1922 1122 potiore
1963 1053 2019 1105 in
2057 1051 2291 1104 oraculis

717 1145 923 1198 divinis
964 1146 1360 1200 exercitatione
1402 1144 1756 1198 multifariam
1797 1145 2145 1198 manifestum
2183 1153 2287 1196 est.

720 1233 1089 1302 'l‘riplicantes
1116 1235 1281 1304 igitur
1305 1235 1618 1304 semetipsis
1660 1249 1855 1289 eorum
1880 1249 2000 1301 quae
2022 1232 2293 1287 exsistunt

724 1326 963 1379 rationes
1004 1325 1289 1394 generales
1330 1335 1567 1395 quatuor
1608 1327 1700 1381 illa
1737 1326 1791 1379 in
1831 1325 2032 1394 quibus
2073 1323 2294 1391 conspi-

722 1415 944 1467 ciuntur
981 1414 1334 1477 exsistent‘ia,
1365 1415 1449 1467 vel
1491 1429 1684 1468 rursus
1727 1414 1849 1467 istis
1889 1427 2124 1482 quorum
2169 1420 2297 1464 sunt

725 1503 855 1570 ipsa!
895 1504 1214 1572 triplicata,
1254 1503 1656 1557 duodenarium
1697 1502 1940 1557 eﬁiciunt
1980 1514 2294 1554 numerum.

725 1593 857 1645 Nam
891 1595 934 1646 si
964 1610 1028 1648 ea
1053 1611 1173 1662 quas
1197 1597 1468 1651 exsistunt
1491 1593 1788 1648 essentiam
1820 1593 2025 1646 habent
2050 1600 2107 1646 et
2128 1589 2299 1643 facul-

728 1693 895 1737 tatem
935 1694 989 1738 et
1032 1687 1324 1751 virtutem,
1354 1685 1628 1755 triplicem
1659 1684 1714 1737 in
1747 1699 1805 1738 se
1837 1683 1971 1752 ipsis
1999 1678 2297 1736 exsistendi

727 1777 990 1829 nimirum
1024 1777 1230 1832 habent
1255 1778 1547 1831 rationem.
1573 1775 1690 1830 Jam
1733 1774 1778 1828 si
1823 1773 1924 1827 has
1958 1772 2200 1825 rationes
2231 1767 2298 1822 ad

726 1867 1102 1921 exsistendum
1119 1869 1374 1923 videlicet
1395 1865 1856 1937 quemadmodum
1878 1863 2147 1918 exsistunt
2170 1860 2302 1914 Pro-

728 1956 970 2011 videntia
1002 1958 1313 2021 connectit,
1341 1957 1538 2026 triplex
1572 1955 1738 2010 etiam
1775 1952 1949 2024 ipsius
1977 1953 2138 2022 plane
2170 1966 2300 2005 eva-

729 2048 823 2102 det
860 2051 1018 2104 ratio.
1054 2051 1124 2104 At
1162 2050 1206 2104 si
1248 2049 1593 2118 corruptelas
1630 2047 1972 2115 singularum
2012 2059 2150 2112 quas
2190 2041 2304 2095 dixi

734 2141 1007 2193 rationum
1033 2154 1158 2194 eum
1182 2139 1404 2193 deﬂexa:
1431 2139 1654 2201 fuerint,
1675 2146 1782 2190 tam
1809 2133 2112 2205 praeteritas
2138 2146 2302 2202 quam

734 2240 1030 2297 praesentes
1059 2238 1115 2284 et
1147 2229 1385 2293 futuras,
1407 2229 1674 2300 judicium
1704 2227 1945 2281 vindicat
1976 2224 2303 2295 pravitatem

735 2321 1026 2391 castigans,
1060 2321 1120 2376 ﬁt
1156 2331 1215 2375 ut
1250 2322 1414 2376 etiam
1453 2322 1570 2391 ipsa
1612 2321 1809 2374 habeat
1847 2319 2115 2388 triplicem
2153 2333 2306 2372 suam

735 2412 1213 2480 Contemplationis
1261 2412 1557 2476 rationem,
1591 2427 1698 2481 qua
1741 2410 1869 2464 dum
1911 2409 2205 2464 essentiam
2253 2418 2311 2462 et

736 2499 1052 2556 facultatem
1074 2514 1130 2556 et
1152 2504 1407 2557 virtutem
1437 2518 1621 2556 rerum
1649 2517 1770 2571 quae
1794 2501 2071 2556 exsistunt
2092 2499 2305 2565 deﬁnit,

737 2607 892 2647 suam
919 2592 976 2647 in
1001 2603 1325 2663 perpetuum
1357 2602 1535 2648 servat
1559 2593 1903 2648 inﬁnitatem.

1238 2764 1361 2820 Alia
1401 2765 1796 2834 contemplatio.

809 2877 912 2936 Vel
944 2891 1142 2932 rursus
1167 2875 1491 2946 perfectam,
1522 2889 1686 2944 quam
1714 2874 1877 2928 nobis
1909 2873 2126 2942 assequi
2156 2873 2307 2937 licet,

742 2984 924 3026 causae
966 2976 1023 3021 et
1056 2980 1250 3020 eorum
1288 2977 1409 3032 qua
1457 2978 1522 3018 ex
1571 2963 1681 3016 alio
1739 2971 1997 3030 tanquam
2031 2976 2096 3014 ex
2144 2974 2310 3013 causa

1899 381 1959 440 S.
1999 378 2277 438 MAXIM]
2319 379 2824 440 CONFESSORIS

3807 362 3941 426 1400

2904 493 3097 559 Ἄλλη
3121 491 3348 558 θεωρία.

2461 605 2530 657 Ἦ
2563 606 2688 669 τοὺς
2713 606 2841 674 περὶ
2869 605 3074 674 νοητῶν
3090 605 3183 657 καὶ
3209 599 3480 671 αἰσθητῶν
3505 595 3742 666 κρίσεώς
3767 609 3825 643 τε
3856 591 3947 642 καὶ

2387 697 2643 768 προνοίας
2673 697 2921 765 τριττοὺς
2951 693 3143 762 λόγους
3187 695 3216 747 ὀ
3246 691 3451 746 δώδεκα
3491 687 3676 754 σαφῶς
3719 681 3949 768 άριθμῆς

2388 767 2710 862 παραδηλοῖ.
2751 788 3021 841 Ἐκαστον
3061 785 3170 855 γὰρ
3202 783 3406 836 τούτων
3440 780 3526 847 ἐφ’
3555 776 3715 830 ἑαυτὸ
3757 771 3853 825 τοῦ
3879 767 3953 822 εἷ-

2389 861 2482 934 ναι
2515 879 2661 933 τοῦθ’
2689 881 2825 949 ὅπερ
2857 878 2974 929 ἐστὶ
3001 877 3150 946 τρεῖς
3191 873 3496 941 ἐπιδέχεται
3522 868 3737 934 λόγους,
3771 861 3955 922 καθὼς

2388 971 2500 1030 τοῖς
2533 968 2724 1038 ἄκροις
2751 966 2930 1032 λόγοις
2956 964 3064 1017 τῶν
3089 962 3249 1015 θείων
3282 959 3512 1029 μύσταις
3537 955 3634 1008 καὶ
3667 967 3958 1021 μυσταγω-

2391 1058 2507 1121 γοῐς
2538 1053 2626 1106 διὰ
2658 1051 2856 1122 πολλὴν
2881 1051 3112 1120 ἄσκησιν
3147 1049 3253 1101 τῶν
3286 1046 3480 1113 λογίων
3514 1047 3576 1096 ὲκ
3610 1040 3824 1094 πολλῶν
3862 1056 3959 1090 κα-

2393 1145 2618 1215 τάδηλον
2635 1143 2844 1212 γέγονε.
2872 1139 3369 1212 Τριπλασιάζοντες
3387 1133 3480 1190 οὖν
3507 1136 3719 1195 ἑαυτοῖς
3741 1133 3792 1183 οἱ
3822 1130 3960 1182 καθ-

2393 1237 2515 1289 όλου
2567 1235 2776 1306 τριττοὶ
2801 1234 2910 1286 τῶν
2947 1235 3115 1286 ὄντων
3146 1231 3293 1298 λόγοι
3320 1228 3388 1282 τὰ
3413 1227 3498 1295 ἐφ’
3522 1220 3602 1288 οἷς
3626 1221 3962 1292 θεωροῦνται

2394 1328 2437 1380 δ’
2467 1327 2620 1387 ὄντα,
2646 1323 2678 1393 ἢ
2709 1324 2770 1375 τὸ
2798 1322 3035 1393 εμπαλιν
3054 1323 3167 1384 τοῖς
3194 1315 3268 1374 ῶν
3292 1321 3428 1371 εἰσιν
3452 1317 3605 1370 αὑτοὶ
3625 1312 3964 1382 τετριιττλού⁴

2399 1431 2570 1481 μενοι,
2599 1413 2691 1465 τὸν
2713 1412 2919 1464 δώδεκα
2946 1410 3189 1463 ποιοῦσιν
3208 1409 3460 1478 ἀριθμόν.
3496 1406 3559 1458 Εἰ
3597 1405 3708 1473 γὰρ
3734 1402 3802 1454 τὰ
3835 1401 3965 1452 εντα

2396 1506 2585 1558 οὐσίαν
2613 1503 2724 1573 ἔχει
2759 1504 2855 1556 καὶ
2882 1502 3111 1571 δύναμιν
3139 1500 3234 1553 καὶ
3281 1499 3585 1568 ὶνέργειαν,
3628 1493 3848 1563 τριττὸν
3875 1491 3967 1541 τὸν

2397 1595 2485 1646 ἐπ’
2514 1593 2700 1654 αὑτοῖς
2722 1592 2817 1644 τοῦ
2844 1587 2984 1645 εἶναι
3009 1589 3252 1660 δηλονότι
3290 1588 3585 1656 κέκτηνται
3609 1582 3790 1650 λόγον.
3824 1581 3889 1632 Εἰ
3911 1580 3968 1631 δὲ

2398 1681 2619 1744 τούτους
2667 1681 2846 1734 συνδεί
2871 1681 2997 1742 τοὺς
3034 1679 3226 1748 λόγους
3272 1677 3409 1747 πρὸς
3445 1675 3507 1728 τδ
3550 1669 3690 1726 εἶναι
3721 1669 3968 1740 δηλονότι

2400 1773 2537 1827 mea
2572 1774 2708 1825 εἰσιν
2729 1773 2763 1842 ἡ
2799 1771 3045 1842 πρόνοια,
3071 1767 3332 1841 τριπλοὺς
3359 1768 3452 1820 καὶ⁵
3481 1767 3510 1818 ὁ
3547 1764 3720 1831 αὐτῆς
3749 1762 3970 1820 πάντως

2403 1864 2662 1933 ὑπάρχων
2690 1862 2992 1932 καθέστηκε
3015 1860 3194 1927 λόγος.
3223 1859 3285 1912 Εἰ
3309 1859 3366 1911 δὲ
3399 1856 3506 1909 τῶν
3531 1853 3837 1906 λωδὼσεων
3860 1849 3972 1901 τῶν

2403 1954 2525 2007 καθ’
2578 1953 2674 2006 ἕνα
2729 1952 2839 2006 τῶν
2879 1950 3187 2021 εἰρημένων
3234 1946 3700 2019 παρατραπόντων
3754 1943 3971 2009 λόγων,

2405 2043 2792 2114 παρελθουσῶν
2833 2057 2894 2095 τε
2943 2041 3042 2094 καὶ⁸
3092 2038 3384 2110 παρουσῶν
3429 2037 3523 2089 καὶ
3571 2032 3904 2105 μελλουσῶν,
3938 2034 3972 2100 ἡ

2405 2136 2585 2206 κρίσις
2632 2133 2750 2186 ἐστὶ
2791 2130 3137 2202 τιμωρητικὴ
3167 2130 3245 2192 ὡς
3272 2128 3469 2190 κακίας
3501 2124 3823 2194 κολαστικὴ.
3856 2141 3973 2193 τρι-

2407 2225 2574 2280 πλοῦν
2598 2225 2710 2295 έχει
2745 2225 2840 2278 καὶ
2860 2223 2998 2292 αὑτὴ
3020 2222 3111 2275 τὸν
3133 2220 3221 2274 ἐπ’
3245 2219 3382 2289 αὑτῇ
3413 2219 3512 2286 τῆς
3532 2216 3766 2286 θεωρίας
3790 2215 3975 2282 λόγον,

2408 2316 2530 2370 καθ’
2581 2316 2640 2368 ὃν
2676 2314 2868 2367 οὐσίαν
2904 2330 2965 2366 τε
3007 2313 3101 2366 καὶ
3143 2311 3371 2380 δύναμιν
3415 2308 3508 2361 καὶ
3540 2307 3825 2376 ἐνέργειαν
3866 2303 3975 2354 τῶν

2408 2407 2575 2461 ὄντων
2614 2403 3030 2474 περιγράφουσα
3062 2399 3330 2471 μένειτὴν
3355 2397 3563 2450 οἰκείαν
3595 2396 3675 2458 είς
3702 2395 3765 2447 τὸ
3799 2393 3979 2461 διηνε-

2409 2498 2504 2560 κὲς
2537 2495 2816 2565 ἀοριστίαν
2843 2493 3205 2564 φυλάττουσα.

2833 2757 3018 2830 (258
3032 2757 3087 2829 a)
3118 2758 3311 2822 Ἄλλη
3335 2753 3562 2820 θεωρία.

2486 2875 2558 2927 Ἦ
2586 2871 2747 2926 πάλιν
2771 2870 2872 2940 τὴν
2898 2867 3125 2938 ιφικτὴν
3152 2864 3243 2919 τοῦ
3273 2864 3449 2918 αἰτίου
3478 2862 3572 2914 καὶ
3594 2859 3707 2912 τῶν
3728 2856 3989 2910 αἰτιατῶν

2414 2967 2627 3022 τελείαν
2653 2965 2946 3032 ἐπίγνωσιν
2975 2963 3004 3014 ὁ
3022 2960 3252 3030 ἀριθμὸς
3280 2953 3435 3019 οὗτος
3463 2956 3631 3025 δηλοῖ.
3659 2952 3856 3006 Δεκάδι
3880 2952 3990 3020 γὰρ

743 3059 1053 3132 procedunt
1093 3055 1430 3126 agnitionem
1461 3055 1564 3109 iste
1589 3069 1856 3108 numerus
1882 3052 2174 3123 signiﬁcat.
2206 3052 2298 3105 De-

2427 3058 2778 3130 προστεθεῖσα
2804 3054 2934 3115 δυὰς
2955 3048 3100 3105 ποιεῖ
3120 3050 3211 3103 τὸν
3235 3049 3322 3119 is"
3355 3047 3519 3108 δεκὰς
3540 3045 3595 3098 δέ
3618 3046 3765 3096 ἐστιν
3781 3040 3992 3110 Ἰησοῦς

745 3152 870 3207 cadi
903 3151 1050 3205 enim
1078 3148 1212 3219 dyas
1258 3145 1474 3216 adjecta
1500 3143 1668 3199 efﬁcit
1693 3145 1761 3197 l9.
1787 3159 2107 3207 numerum;
2143 3140 2298 3195 decas

2427 3153 2446 3204 5
2471 3149 2673 3218 Κύριος
2699 3146 2792 3200 καὶ
2820 3145 2951 3206 Θεὸς
2979 3144 3088 3196 τῶν
3114 3143 3279 3206 ὅλων,
3332 3141 3407 3202 ὼς
3436 3137 3844 3204 άνεκφοιτήτως
3872 3135 3992 3194 ταῖς

744 3259 880 3298 vero
913 3251 997 3297 est
1037 3241 1198 3296 Jesus
1241 3236 1510 3292 Dominus
1539 3244 1596 3290 et
1633 3235 1780 3289 Deus
1810 3248 1995 3289 rerum
2027 3233 2315 3286 universa-

745 3352 894 3398 rum,
919 3334 1123 3403 quippe
1154 3329 1248 3400 qui
1282 3328 1350 3383 ab
1382 3327 1617 3382 monade
1647 3339 1990 3396 progressus,
2019 3324 2098 3380 sic
2133 3333 2314 3377 tamen

752 3437 811 3482 ut
860 3427 1010 3480 foras
1035 3439 1145 3478 non
1186 3420 1384 3483 exiret,
1414 3418 1484 3473 ad
1524 3432 1646 3471 sese
1675 3417 1857 3486 ipsum
1895 3429 2085 3468 rursus
2115 3421 2171 3467 et
2200 3426 2317 3466 mo-

750 3519 949 3573 nadem
997 3515 1246 3570 revertit.
1283 3513 1472 3566 Monas
1517 3510 1666 3563 enim
1705 3510 1871 3563 etiam
1911 3506 2074 3560 decas
2123 3511 2229 3567 est,
2260 3511 2318 3556 et

751 3621 1012 3680 tanquam
1053 3605 1326 3663 terminus
1355 3615 1549 3657 eorum
1587 3614 1710 3670 qua:
1753 3598 2022 3651 ﬁniuntur
2068 3604 2124 3650 et
2164 3609 2316 3649 eom-

749 3701 1044 3772 prehcnsio
1067 3712 1132 3753 ac
1155 3695 1392 3750 munitio
1414 3705 1606 3748 eorum
1629 3706 1751 3760 quae
1770 3689 2066 3743 ﬁectuntur
2086 3703 2150 3740 ac
2172 3696 2318 3741 meta

751 3793 934 3846 ﬂlllllls
961 3788 1328 3844 arithmetica:
1363 3783 1791 3839 terminationis.
1821 3781 2000 3848 Atque
2029 3778 2163 3848 dyas
2194 3792 2318 3831 rur-

751 3899 848 3937 sus
879 3890 965 3937 est
1009 3880 1188 3935 omnis
1241 3893 1432 3933 eorum
1465 3889 1587 3943 qua:
1627 3880 1750 3942 post
1805 3871 1980 3925 Deum
2022 3878 2154 3922 sunt
2189 3883 2318 3921 coa-

752 3973 1074 4044 gmentatio.
1112 3972 1206 4027 Sic
1259 3967 1544 4025 sensibilia
1590 3975 1823 4026 cuncta,
1883 3971 1942 4016 ut
1983 3962 2051 4015 de
2094 3960 2320 4014 materia

756 4085 819 4124 ac
865 4069 1039 4122 forma
1075 4065 1407 4128 constantia,
1449 4062 1583 4133 dyas
1623 4069 1774 4123 sunt,
1819 4067 1876 4111 et
1931 4055 2322 4111 intellectualia

758 4163 913 4224 item,
956 4160 1023 4214 de
1067 4157 1356 4228 potestatis
1407 4163 1464 4208 et
1509 4156 1627 4221 eius
1681 4153 1774 4220 qui
1823 4151 1915 4204 illa
1951 4149 2322 4203 essentialiter

755 4254 957 4306 format
985 4248 1434 4319 congregatione.
1491 4243 1847 4315 Nequaquam
1879 4242 2026 4298 enim
2063 4240 2209 4310 quod
2248 4240 2326 4293 fa-

755 4356 905 4398 ctum
952 4349 1037 4396 est
1077 4340 1311 4409 simplex
1361 4347 1468 4401 est,
1524 4352 1591 4390 eo
1647 4336 1794 4403 quod
1849 4349 1960 4387 non
1996 4333 2101 4385 hoc
2146 4332 2323 4384 solum

757 4433 845 4488 vel
887 4431 1026 4487 illud
1079 4440 1188 4494 est,
1237 4427 1338 4482 sed
1392 4435 1650 4495 tanquam
1694 4426 1750 4478 in
1784 4425 2034 4493 subjecto
2070 4421 2326 4475 essentia

758 4523 930 4578 habet
986 4536 1096 4575 una
1152 4518 1488 4573 cernendam
1536 4524 1646 4568 tam
1695 4513 2110 4567 constitutivam
2163 4525 2326 4580 quam

758 4614 1102 4668 deﬁnitivam
1152 4610 1545 4672 differentiam,
1573 4622 1696 4676 qua:
1727 4606 1905 4675 ipsum
1939 4603 2073 4659 illud
2115 4602 2326 4657 consti-

762 4718 902 4772 tuat,
955 4707 1248 4776 ipsumque
1293 4703 1362 4756 ab
1394 4702 1503 4755 alio
1536 4699 1826 4754 evidenter
1859 4703 2134 4750 secernat.
2185 4693 2333 4747 Nihil

2420 3240 2527 3294 ἀπὸ
2558 3239 2781 3310 μονάδος
2816 3236 3063 3307 προόδοις
3103 3234 3241 3305 πρὸς
3269 3232 3464 3286 ἑαυτὸν
3495 3227 3797 3300 μοναδικῶς
3829 3225 3996 3278 πάλιν

2419 3330 2949 3399 ἀποκαθιστάμενος.
3010 3325 3193 3388 Μονάς
3238 3326 3347 3395 γὰρ
3404 3323 3497 3376 καὶ
3554 3322 3588 3390 ἡ
3636 3317 3835 3380 δεκὰς,
3899 3315 3997 3368 καὶ

2418 3423 2492 3484 ὡς
2517 3423 2640 3492 ὄρος
2674 3421 2782 3473 τῶν
2809 3416 3144 3489 ὁριζομένων
3183 3415 3278 3468 καὶ
3308 3413 3540 3484 περιοχὴ
3566 3410 3673 3463 τῶν
3700 3407 3997 3474 κλινουμέ-

2421 3528 2526 3565 νων
2559 3510 2652 3562 καὶ
2683 3509 2855 3578 πέρας
2884 3506 3067 3574 πάσης
3095 3502 3465 3574 ἀριθμητικῆς
3493 3492 3999 3565 ἁποπερατώσεως.

2421 3602 2534 3656 Καὶ
2588 3600 2719 3662 δυάς
2766 3601 2883 3651 ἐστι
2929 3597 3092 3650 πάλιν
3145 3596 3294 3647 πᾶσα
3338 3592 3446 3646 τῶν
3492 3589 3631 3659 μετὰ
3655 3587 3786 3639 Θεὸν
3827 3584 4003 3636 ὄντων

2423 3693 2458 3762 ἡ
2489 3691 2793 3761 σύμπηξις,
2830 3686 2941 3743 οἷον
2971 3689 3039 3742 τὰ
3071 3687 3170 3758 μὲν
3197 3684 3430 3754 αἰσθητὰ
3460 3683 3636 3736 πάντα
3668 3679 3745 3740 ὼς
3775 3677 3840 3740 ἐξ
3871 3676 4006 3741 ὕλης

2427 3782 2794 3852 συνεστηκότα
2844 3782 2936 3833 καὶ
2980 3779 3149 3840 εἴδους
3197 3777 3314 3828 ἐστὶ
3361 3775 3523 3835 δυὰς,
3584 3770 3652 3823 τά
3697 3768 3753 3820 δὲ
3808 3765 4006 3832 νοητὰ,

2424 3875 2685 3937 ὡσαύτως
2720 3872 2969 3936 ἔξουσίας
3014 3869 3107 3921 καὶ
3135 3865 3231 3919 τοῦ
3264 3861 3653 3923 εἰδοποιοῦντος
3680 3858 3822 3911 αὑτὰ
3849 3857 4008 3908 οὑσι-

2427 3967 2577 4028 ωδῶς
2632 3962 3062 4033 συμϐεϐηκότος.
3123 3957 3257 4012 Οὑδὲ
3303 3955 3412 4025 γάρ
3469 3955 3587 4004 ἐστι
3640 3951 3700 4002 τὸ
3738 3948 4011 4015 παράπαν

2428 4055 2656 4125 γενητὸν
2711 4053 2916 4123 κυρίως
2965 4048 3169 4105 ἁπλοῦν
3195 4087 3210 4111 ,
3275 4046 3358 4099 ὅτι
3400 4043 3476 4114 μὴ
3514 4040 3632 4094 τόδε
3671 4038 3836 4108 μόνον
3861 4036 4013 4087 ἐστὶν

2427 4150 2461 4220 ἢ
2493 4148 2611 4201 τόδε
2637 4189 2653 4213 ,
2708 4143 2826 4200 ἀλλ’
2843 4144 2919 4207 ὡς
2965 4143 3023 4195 ὲν
3061 4136 3408 4208 ὑποκειμένῳ
3450 4135 3518 4204 τῇ
3566 4130 3726 4201 οὐσία
3763 4129 3882 4196 ἔχει
3910 4125 4012 4194 τὴν

2433 4238 2765 4306 συστατικήν
2813 4252 2874 4288 τε
2929 4235 3024 4286 καὶ
3074 4229 3431 4302 ἀφοριστικὴν
3477 4222 3743 4294 διαφορὰν
3783 4235 4014 4271 συνεπι-

2434 4329 2846 4399 θεωρουμένην,
2893 4326 2992 4394 τὴν
3022 4323 3152 4377 αὑτὸ
3182 4321 3280 4390 μὲν
3313 4321 3489 4372 ἐκεῖνο
3521 4311 3882 4371 συνιστῶσαν,
3914 4306 4014 4360 άλ-

2423 4422 2516 4474 λου
2557 4420 2612 4473 δὲ
2665 4420 2796 4472 αὑτὸ
2843 4417 3094 4486 φανερῶς
3137 4413 3538 4481 διακρίνουσαν.
3590 4404 3757 4458 Οὐδὲν
3785 4402 3845 4454 δὲ
3888 4399 4016 4452 καθ’

2429 4510 2740 4579 οἰονδήποτε
2797 4507 2998 4578 τρόπον
3054 4501 3331 4564 οὑσιωδῶς
3385 4499 3508 4568 ἔχον
3565 4486 4016 4558 συνεπιθεωρού-

2437 4602 2599 4670 μενόν
2625 4617 2674 4651 τι
2705 4600 2842 4670 πρὸς
2865 4598 3102 4668 δήλωσιν
3125 4595 3225 4664 τῆς
3245 4593 3449 4654 οἰκείας
3473 4584 3764 4658 ὑπάρξεως
3789 4581 4017 4634 δύναται

2434 4692 2639 4762 κυρίως
2668 4685 2808 4745 εἶναι
2838 4687 3062 4743 ἁπλοῦν.

760 4813 944 4857 autem
998 4800 1146 4870 quod
1191 4796 1564 4866 qualicunque
1609 4791 1774 4845 modo
1826 4806 1939 4845 suae
1987 4787 2324 4843 exsistentite
2357 4786 2770 4842 maniiestandze
2792 4800 2958 4840 causa
2989 4782 3365 4839 essentialiter
3421 4774 3630 4846 aliquid
3663 4773 3817 4843 quod
3848 4764 4018 4822 simul

763 4894 1015 4949 cernitur
1059 4889 1231 4944 habet
1276 4886 1499 4958 proprie
1544 4885 1779 4954 simplex
1822 4898 1946 4938 esse
1986 4889 2188 4951 potest.

1286 5071 1403 5128 Alia
1435 5068 1826 5138 contemplatio.

837 5189 938 5249 Vel
975 5203 1171 5244 rursus
1217 5186 1459 5242 divinam
1503 5182 1798 5237 essentiam
1831 5181 1922 5234 hic
1957 5192 2244 5240 numerus,
2286 5183 2343 5228 et

769 5283 1010 5337 alacrem
1060 5281 1184 5350 ejus
1217 5277 1285 5331 ad
1322 5273 1594 5345 agendum
1638 5273 1900 5325 virtutem
1930 5269 2147 5323 occulte
2173 5265 2342 5336 signi-

772 5376 919 5429 ticat.
966 5373 1218 5426 Divinam
1263 5367 1487 5438 quidem
1535 5364 1856 5426 essentiam,
1886 5377 1984 5430 per
2013 5370 2125 5414 tres
2146 5372 2343 5412 nume-

774 5482 894 5520 rum
924 5464 1245 5526 indicatam,
1266 5470 1328 5514 ut
1353 5455 1556 5528 triplici
1579 5455 1742 5510 modo
1763 5453 2092 5508 celebratam
2116 5456 2344 5519 preptcr

773 5556 1105 5614 cxstantiam
1159 5570 1259 5625 per
1301 5561 1417 5606 tres
1476 5547 1852 5612 substantias;
1916 5543 2135 5598 trinitas
2187 5541 2333 5596 enim

3002 5052 3196 5116 Ἄλλη
3227 5046 3456 5115 θεωρία.

2510 5174 2580 5226 Ἢ
2603 5171 2766 5225 πάλιν
2785 5170 2884 5237 την
2909 5165 3059 5219 θείαν
3081 5162 3271 5217 οὑσίαν
3290 5159 3385 5214 καὶ
3401 5159 3502 5228 τὴν
3526 5154 3697 5224 αὑτῆς
3718 5151 4026 5221 δραστικὴν

2439 5260 2721 5330 ἐνέργειαν
2743 5257 3010 5322 ἑπικεκρυ
3021 5251 3238 5322 μμένως
3253 5251 3281 5301 ὁ
3299 5244 3530 5315 ἀριθμὸς
3545 5239 3699 5303 οὑτος
3715 5240 4029 5310 ὑποσημαί.

2440 5370 2540 5405 νει.
2595 5348 2705 5419 Τὴν
2743 5347 2840 5416 μὲν
2883 5345 3032 5398 θείαν
3059 5341 3283 5404 οὐσίαν,
3340 5338 3427 5392 διὰ
3465 5335 3558 5389 τοῦ
3601 5336 3751 5405 τρεῖς
3780 5331 4024 5402 ἀριθμοῦ

2440 5440 2775 5514 δηλουμένην
2849 5438 2926 5501 ὡς
2991 5433 3285 5505 τριαδικῶς
3348 5429 3695 5500 ὑμνουμένην
3769 5426 3862 5479 διὰ
3924 5425 4026 5493 τὴν

2441 5533 2871 5606 τρισυπόστατον
2913 5529 3182 5601 ὓπαρξινο
3245 5524 3400 5597 τριὰς
3439 5522 3548 5594 γάρ
3594 5523 3745 5575 ἐστιν
3789 5520 3824 5590 ἡ
3857 5516 4026 5589 μονάς

2063 5680 2293 5738 νᾹΙίΙᾹΞ
2323 5674 2723 5734 μευτιοκες.

861 5766 899 5798 ⁸³
943 5763 1325 5837 Apographunt
1357 5761 1519 5816 habet
1547 5755 1848 5822 οὖσιώ-Ξονς.
