4198 6434
218 386 353 449 1461

1427 396 1946 458 AMBIGUORUM
1989 401 2240 462 LIBER.

3339 394 3479 457 1402

208 498 286 558 ὡς
322 502 380 550 ὲν
408 498 642 561 τελείαις
671 492 806 552 οὖσα
832 497 1015 552 τελεία
1047 501 1169 562 ταῖς
1200 499 1567 554 ὑποστάσεσιν
1587 542 1601 564 ,
1636 504 1799 573 ἠγουν

1904 515 1989 559 est
2019 507 2205 560 unitas
2236 515 2297 560 ut
2327 507 2385 560 in
2421 507 2686 578 perfectis
2707 509 3038 564 substantiis
3069 507 3184 574 ipsa
3214 508 3477 574 perfecta,

209 590 291 656 τῷ
333 592 432 659 τῆς
463 590 752 661 ὑπάρξεως
780 591 1004 662 τρόπῳ,
1057 593 1155 644 καὶ
1204 594 1371 661 μονάς
1399 595 1553 645 ἐστιν
1585 596 1618 663 ἡ
1645 597 1804 665 τριάς

209 681 431 750 ἀληθῶς
481 682 556 752 τῷ
597 682 700 752 τῆς
738 683 964 747 οὐσίας,
1015 682 1188 752 ἧγουν
1231 683 1312 753 τῷ
1339 684 1433 736 τοῦ
1462 681 1604 738 εἶναι
1637 686 1802 756 λόγῳ⁹

209 772 328 843 Τὴν
356 775 412 827 δὲ
445 775 743 845 δραστικὴν
773 776 1057 845 ἐνέργειαν
1097 775 1188 828 διὰ
1213 775 1308 828 τοῦ
1334 776 1393 840 ἓξ
1417 776 1656 847 ἀριθμοῦ
1694 795 1801 847 μη⁴

211 865 486 934 νυομένην
509 907 523 928 ,
579 866 655 927 ὡς
690 866 855 935 μόνου
885 866 994 919 τῶν
1025 867 1177 930 ὲντδς
1204 867 1428 931 δεκάδος
1452 868 1686 939 ἀριθμοῦ
1713 887 1803 921 τε-

209 954 364 1006 λείου
395 956 491 1007 καὶ
517 956 779 1024 πλήρους,
811 956 908 1008 καὶ
936 955 1000 1008 ὲκ
1028 955 1136 1010 τῶν
1163 956 1385 1009 οίκείων
1411 958 1802 1028 συνισταμένου

213 1046 441 1115 μερῶν,
495 1046 591 1098 καὶ
639 1045 750 1097 τῶν
797 1042 865 1098 αὖ
911 1047 1142 1100 καθόλου
1189 1049 1285 1101 καὶ
1323 1047 1524 1101 ἀνίσων
1552 1047 1803 1118 ἀριθμῶν

213 1135 616 1203 περιεκτικοῦ,
672 1134 769 1188 τοῦ
817 1136 1008 1207 ἀρτίου
1053 1138 1199 1207 φημὶ⁵
1248 1141 1343 1193 καὶ
1386 1138 1481 1192 τοῦ
1519 1137 1800 1208 περιττοῦ,

211 1229 410 1297 (258
432 1229 485 1284 ω
521 1229 598 1291 ὡς
632 1230 726 1282 καὶ
760 1231 930 1300 μόνην
955 1229 1167 1284 τελείαν
1199 1232 1296 1285 καὶ
1321 1232 1564 1296 τελείων,
1597 1232 1720 1286 καθ’
1745 1232 1804 1286 ὃν

211 1321 326 1372 sisi
382 1320 580 1387 λόγον,
661 1322 1080 1392 άπεργαστικήν
1131 1340 1193 1375 τε
1253 1325 1346 1376 καὶ
1403 1327 1800 1395 φρουρητικήν.

216 1413 418 1464 ’Δνισα
448 1411 558 1480 γάρ
588 1412 658 1464 τά
691 1414 830 1482 μετὰ
857 1415 970 1476 τοῖς
998 1413 1188 1482 ἄκροις
1215 1415 1512 1484 κινούμενα
1545 1416 1681 1485 πρὸς
1705 1418 1803 1486 τὴν

210 1503 330 1554 τῶν
387 1502 572 1572 ἀκρων
627 1504 938 1573 ἀεικίνητον
997 1507 1208 1563 στάσιν.
1272 1503 1399 1560 Οἷον
1461 1507 1527 1559 ἵν’
1572 1507 1630 1572 ἐξ
1684 1508 1804 1571 tvo;

212 1594 318 1645 καὶ
363 1593 472 1646 τῶν
509 1594 715 1646 λοιπῶν
759 1597 1082 1665 ποιήσωμαι
1113 1600 1228 1658 τοῖς
1257 1597 1568 1665 φιλοπόνοις
1597 1598 1696 1665 τὴν
1719 1599 1807 1650 εν-

215 1702 434 1748 στασιν,
469 1686 638 1754 ἀκρον
665 1685 773 1755 μέν
795 1687 911 1739 ἐστι
940 1688 1022 1740 τό·
1056 1689 1162 1742 Kal
1189 1685 1360 1742 εἶπεν
1383 1692 1416 1742 ὁ
1441 1689 1605 1754 Θεὸς,
1637 1690 1807 1756 Uoui-

212 1791 424 1842 σωμεν
467 1776 781 1844 ἄνθρωπον
821 1778 950 1832 κατ’
978 1780 1185 1832 είκόνα
1210 1779 1504 1848 ἡμετέραν
1545 1781 1644 1834 καὶ
1673 1764 1808 1836 καθ’

1909 592 1964 647 id
2001 605 2089 647 est
2119 596 2408 650 exstantia
2433 597 2618 661 modo,
2653 607 2710 653 et
2753 601 2938 652 unitas
2987 599 3212 651 trinitas
3237 613 3365 649 vere
3394 606 3479 650 est

1906 683 2184 748 essentia,
2223 685 2279 739 id
2317 695 2406 740 est
2437 689 2742 743 exsistendi
2784 693 3021 744 ratione.
3065 689 3314 743 Alacrem
3345 703 3480 740 vero

1906 774 2107 841 agendi
2158 776 2422 832 virtutem
2467 779 2741 847 signiticat
2776 796 2875 849 per
2930 795 3024 834 sex
3071 793 3361 832 numerum
3398 778 3482 830 in-

1903 866 2166 930 dicatam,
2204 877 2265 921 ut
2314 870 2410 937 qui
2447 870 2602 924 solus
2653 870 2798 924 intra
2845 870 3138 926 denarium
3183 881 3478 922 numerum

1903 958 2187 1027 perfectus
2221 974 2286 1013 ac
2322 961 2520 1028 plenus
2559 970 2669 1024 est,
2712 971 2771 1016 et
2821 978 2888 1017 ex
2933 963 3174 1031 propriis
3227 960 3481 1028 partibus

1902 1059 2141 1111 constat,
2194 1051 2406 1119 quique
2453 1069 2650 1108 rursus
2699 1063 2809 1107 tam
2853 1054 3140 1123 generales
3188 1066 3354 1119 quam
3398 1050 3481 1103 in-

1902 1141 2142 1206 aequales
2164 1141 2584 1209 comprehendit
2603 1158 2882 1205 numeros,
2905 1157 3118 1211 parem,
3147 1144 3390 1209 inquam,
3422 1147 3478 1192 et

1904 1229 2189 1297 imparem,
2239 1240 2300 1285 ut
2357 1231 2530 1301 ipsam
2571 1249 2794 1302 quoque
2855 1236 3028 1288 solam
3068 1233 3366 1301 perfectam
3420 1239 3478 1284 et

1904 1321 2295 1391 perfectorum,
2348 1325 2656 1379 secundum
2709 1342 2874 1394 quam
2912 1338 3042 1382 sunt
3092 1327 3386 1387 rationem,
3422 1331 3480 1378 et

1903 1414 2273 1481 operatrieem
2331 1425 2388 1470 et
2426 1418 2922 1472 conservatricem.
2983 1418 3278 1485 inaequalia
3327 1416 3476 1470 enim

1905 1513 2036 1557 sunt
2061 1507 2348 1574 quaeinter
2371 1510 2755 1563 extremitates
2776 1516 3057 1562 motantur
3083 1508 3151 1560 ad
3180 1507 3474 1561 stationem

1904 1593 2443 1663 extremitatumqua
2459 1611 2678 1665 semper
2703 1605 2965 1650 motatnr.
3000 1593 3476 1661 Quemadmodum

1908 1691 1966 1736 ut
2003 1697 2071 1736 ex
2105 1699 2217 1736 uno
2258 1685 2469 1752 reliqua
2499 1701 2721 1754 quoque
2754 1685 3022 1739 studiosis
3062 1685 3341 1751 suspicer,
3380 1698 3477 1735 ex-

1907 1773 2160 1826 tremitas
2193 1782 2279 1828 est
2319 1774 2454 1828 illud
2497 1792 2509 1827 :
2547 1775 2615 1828 Et
2655 1776 2787 1830 dixit
2827 1775 2966 1828 Deus
3003 1792 3020 1828 :
3065 1773 3342 1827 Faciamus
3380 1773 3476 1824 Iw-

212 1867 538 1931 όμοίωσιν·
597 1868 764 1936 μέσον
809 1868 867 1920 δὲ
918 1868 978 1921 τό
1001 1885 1018 1902 ο
1076 1869 1187 1923 Kal
1238 1846 1529 1936 ἐποίησεν
1580 1875 1614 1925 ό
1655 1872 1799 1938 Θεὸς

1904 1865 2097 1915 minem
2127 1864 2195 1916 ad
2221 1866 2508 1933 imaginem
2542 1874 2778 1918 nostram
2821 1877 2870 1919 et
2899 1867 2971 1919 ad
3006 1864 3405 1918 similitudinem
3427 1867 3472 1925 ’ς

211 1957 328 2008 τὸν
349 1956 684 2023 ἄνθρωπον,
719 1958 909 2027 ἄρσεν
938 1960 1036 2013 καί
1061 1960 1219 2028 θῆλυ
1240 1962 1531 2029 ἐποίησεν
1552 1966 1796 2029 αὐτούς’

212 2048 316 2099 καὶ
339 2049 508 2118 ἀκρον
532 2050 716 2102 πάλινο
764 2051 860 2102 Ἐν
882 2050 994 2120 γὰρ
1019 2051 1250 2120 Χριστῷ
1281 2054 1485 2121 Ἰησοῦ
1506 2057 1616 2109 οὐκ
1632 2057 1801 2108 ἐστιν

211 2138 360 2191 οὔτε
382 2133 572 2206 ἄρσεν
600 2142 740 2194 οὔτε
765 2139 944 2207 θῆλυ.
978 2143 1100 2196 Τῶν
1125 2144 1311 2214 ἄκρων
1334 2141 1427 2198 οὖν
1456 2148 1550 2198 καὶ
1573 2147 1681 2199 τῶν
1707 2148 1800 2216 μέ-

215 2241 333 2279 σων
363 2229 564 2282 ἀνίσων
593 2229 765 2283 ὄντων
787 2271 803 2295 ,
854 2231 931 2294 ὡς
976 2232 1086 2284 τῶν
1127 2233 1230 2300 μὲν
1274 2234 1338 2286 τὸ
1369 2234 1538 2304 ἄρρεν
1569 2235 1799 2304 ἐχόντων

213 2317 317 2368 καὶ
345 2317 406 2368 τδ
433 2316 565 2386 θῆλυ
588 2357 606 2381 ,
658 2317 770 2372 τῶν
801 2319 858 2372 δὲ
907 2319 982 2390 μὴ
1016 2321 1271 2389 ἑχόντων,
1314 2323 1432 2375 ἐστὶ
1460 2328 1714 2393 ποιητική
1740 2343 1798 2378 τε

211 2409 316 2460 καὶ
361 2410 680 2480 περιεκτικὴ
731 2411 765 2480 ὴ
799 2411 920 2463 θεία
952 2413 1237 2482 ἐνέργεια,
1273 2414 1796 2484 ἥντιναιμυστικῶς,

213 2494 473 2564 καθάπερ
503 2493 688 2564 οἶμαι,
730 2499 958 2567 μυηθεὶς
988 2502 1017 2552 ό
1046 2499 1359 2569 σοφώτατος
1389 2503 1633 2572 Μωῦσῆς
1652 2543 1667 2567 ,
1702 2506 1799 2557 καὶ

214 2587 336 2648 τοῖς
363 2587 571 2650 λοιποῖς
607 2589 716 2641 τῶν
742 2589 1047 2660 ἀνθρώπων
1089 2592 1490 2662 ἀγαθοπρεπῶς
1517 2595 1797 2664 ὑπεμφαί-

216 2692 363 2740 νων,
416 2677 475 2728 ὲν
519 2674 579 2740 ἒξ
620 2678 858 2748 ἡμέραις
894 2680 1139 2751 γέγραφε
1171 2683 1262 2735 τὸν
1286 2682 1418 2735 Θεὸν
1443 2687 1798 2754 πεποιηκέναι

211 2764 313 2816 τὸν
361 2764 653 2835 σύμπαντα
691 2769 894 2838 κόσμον
915 2789 930 2803 ο
985 2766 1130 2845 ᾖτινι
1161 2773 1282 2826 καθ’
1302 2774 1494 2844 εἱρμὸν
1523 2776 1619 2828 καὶ
1646 2776 1799 2840 τάξιν

216 2854 363 2923 μετὰ
413 2855 516 2925 τῆς
571 2857 830 2926 προνοίας
883 2860 978 2912 καὶ
1026 2860 1126 2930 τῆς
1179 2861 1416 2930 κρίσεως
1469 2863 1580 2914 τῶν
1628 2863 1798 2916 ὄντων

215 2945 547 3015 πρεπόντως
595 2949 1126 3020 συνεπιθεωροῢντες
1170 2952 1271 3023 τὴν
1310 2952 1525 3020 γένεσιν
1571 2953 1798 3024 (περιέ-

213 3051 380 3105 χεται
406 3039 513 3108 γάρ
541 3039 679 3111 αὐτῇ
713 3039 909 3109 ταῦτα)
943 3041 1035 3095 τὸν
1066 3041 1133 3110 ιβ’
1160 3042 1540 3113 πληρέστατον
1566 3045 1798 3114 ἀπαρτί-

213 3125 389 3198 ζομιν
410 3127 668 3200 ἀριθμόν.

593 3314 815 3379 Θεωρία
838 3313 926 3378 είς
950 3312 1095 3380 τοὺς
1120 3315 1434 3383 κοφίνους.

293 3422 566 3491 Κοφίνους
609 3423 668 3476 δέ
724 3440 891 3492 φησιν
937 3426 967 3477 ό
1006 3425 1162 3494 λόγος
1187 3465 1202 3490 ,
1263 3427 1324 3480 ὲν
1349 3421 1432 3490 οἷς
1458 3427 1695 3499 άπετέθη
1727 3427 1797 3481 τά

211 3513 682 3584 περισσεύσαντα,
739 3513 839 3583 τὴν
886 3515 1239 3587 παιδευτικὴν
1285 3519 1631 3586 οἰκονομίαν,
1685 3518 1795 3572 τῶν

212 3605 603 3674 πνευματικῶς
646 3606 962 3676 τραφέντων
1006 3607 1132 3670 τοὺς
1170 3610 1395 3678 νοητοὺς
1428 3609 1538 3662 τῶν
1566 3610 1795 3679 εἰρημέ-

1907 1956 2148 2009 medium
2175 1972 2309 2010 vero
2333 1974 2345 2010 :
2377 1957 2447 2011 Et
2474 1957 2594 2026 fecit
2621 1958 2759 2011 Deus
2782 1961 3061 2019 hominem,
3087 1973 3288 2009 marem
3317 1963 3475 2023 atque

1906 2047 2156 2115 feminam
2186 2048 2305 2116 fecit
2347 2064 2432 2101 eos
2472 2047 2534 2113 Ι³;
2568 2057 2732 2117 atque
2767 2050 2970 2102 iterum
3009 2048 3330 2102 extremitas
3365 2065 3377 2099 :
3408 2047 3474 2099 In

1903 2136 2029 2190 Iesu
2060 2135 2267 2191 Christo
2295 2155 2399 2191 non
2429 2146 2505 2191 est
2527 2156 2691 2208 neque
2720 2157 2836 2192 mas
2857 2155 3021 2208 neque
3041 2141 3236 2208 femina
3260 2150 3305 2191 ο.
3336 2137 3475 2191 Cum

1904 2229 2076 2296 igitur
2097 2230 2474 2283 extremitates
2501 2238 2558 2282 et
2585 2230 2827 2283 medium
2859 2232 2972 2284 sint
3005 2230 3316 2298 inaequalia,
3349 2244 3475 2282 cum

1904 2321 2079 2372 altera
2118 2319 2424 2373 masculum
2460 2335 2524 2374 ac
2567 2319 2828 2374 feminam
2865 2320 3128 2382 habeant,
3166 2321 3337 2372 altera
3367 2332 3475 2370 non

1906 2409 2170 2474 habeant,
2219 2410 2477 2464 eﬂ'eetiva
2536 2421 2624 2465 est
2672 2421 2838 2478 atque
2883 2409 3337 2478 eomprehensiva
3377 2409 3474 2461 Dei

1903 2500 2105 2563 virtus,
2141 2517 2304 2570 quam
2350 2502 2600 2571 mystice,
2649 2501 2730 2554 uti
2767 2501 2904 2554 mihi
2951 2500 3193 2558 videtur.
3227 2499 3476 2552 initiatus

1904 2593 2344 2660 sapientissimus
2395 2593 2628 2663 Moyses,
2668 2603 2724 2647 et
2767 2593 2982 2647 caeteris
3023 2591 3342 2645 hominibus
3377 2590 3476 2644 be-

1903 2684 2071 2753 nigne
2127 2684 2465 2753 significans,
2516 2683 2662 2739 intra
2705 2700 2801 2738 sex
2852 2686 3024 2739 Deum
3090 2683 3313 2751 scripsit
3355 2682 3476 2737 dies

1907 2778 2224 2832 universum
2257 2777 2524 2830 mundum
2556 2777 2869 2832 condidisse
2900 2776 2926 2815 ἀ
2962 2795 2974 2829 :
3013 2792 3120 2845 qua
3149 2777 3352 2830 virtute
3377 2790 3468 2843 per

1904 2867 2104 2921 seriem
2148 2875 2206 2921 et
2239 2867 2490 2922 ordinem
2529 2883 2655 2922 cum
2685 2867 3031 2936 providentia
3057 2876 3113 2921 et
3148 2866 3357 2920 indicio
3387 2881 3475 2920 res

1905 2972 2026 3010 rum
2064 2973 2186 3026 qua:
2225 2968 2356 3013 sunt
2397 2960 2736 3013 creationem
2779 2959 3176 3012 convenienter
3223 2968 3475 3012 contem-

1905 3047 2122 3116 plantes
2166 3049 2291 3118 (ista
2320 3048 2468 3102 enim
2502 3049 2618 3103 haec
2652 3048 3228 3118 comprehenduntur)
3263 3047 3476 3101 duode-

1905 3138 2124 3192 narium
2173 3139 2556 3208 plenissimum
2604 3155 3055 3194 consummamus
3087 3152 3400 3192 numerum.

2288 3311 2678 3383 Contemplatio
2717 3315 2772 3367 in
2819 3314 3088 3382 cophinos.

1964 3423 2249 3493 Cophinos
2292 3433 2503 3489 autem,
2550 3425 2607 3478 in
2646 3424 2855 3493 quibus
2898 3423 3156 3493 reposita:
3208 3432 3340 3478 sunt
3387 3438 3475 3478 re-

1890 3515 2100 3584 liquiae,
2143 3530 2327 3570 sermo
2365 3516 2612 3586 appellat
2663 3515 3142 3584 dispensationem
3183 3515 3472 3569 instituto-

1889 3609 2049 3674 riam,
2078 3624 2270 3662 eorum
2296 3609 2390 3677 qui
2434 3607 2803 3676 spiritualiter
2833 3615 2962 3660 sunt
2995 3605 3469 3660 intellectualibus

212 3713 327 3750 νων
356 3697 570 3764 λόγους,
611 3696 700 3750 διά
729 3697 791 3749 τὸ
828 3697 995 3767 μήπω
1021 3698 1124 3767 τῆς
1152 3699 1569 3771 παιδαγωγικῆς
1599 3702 1798 3764 αὐτοὺς

1896 3699 2163 3752 lictorum
2195 3698 2504 3752 rationibus
2540 3697 2759 3760 nutriti,
2793 3706 3085 3766 propterea
3102 3696 3251 3765 quod
3284 3695 3469 3764 paeda-

213 3785 475 3857 ὑπεράνω
500 3784 755 3854 γενέσθαι
783 3784 1152 3850 διδασκαλίας,
1194 3788 1291 3856 τῆς
1328 3788 1424 3840 καὶ
1453 3788 1524 3841 τά
1549 3789 1797 3858 χρήσιμα

210 3877 448 3940 δεόντως
477 3875 893 3946 ὑποτιθεμένης,
948 3877 1042 3929 καὶ
1087 3876 1187 3948 τὴν
1218 3877 1475 3948 ἀλγεινὴν
1509 3881 1620 3941 τοῖς
1649 3877 1793 3932 οὕτω

211 3967 630 4038 παιδευομένοις
680 3967 907 4036 ἀγωγὴν
946 3966 1368 4037 προτεινούσης,
1429 3967 1506 4031 ὡς
1541 3970 1681 4020 νοεῖν
1709 3968 1790 4020 δί-

211 4059 382 4111 δωσιν
407 4059 440 4127 ἡ
464 4055 525 4121 ἐξ
543 4052 610 4128 ἧς
630 4054 1039 4126 οίκοδομοῦνται
1065 4057 1112 4109 οἱ
1136 4056 1346 4124 κόφινοι
1368 4055 1490 4127 ὑλη,
1511 4055 1790 4127 πληκτικὴ

212 4147 360 4203 κατὰ
385 4147 546 4218 φύσιν
571 4147 910 4217 ὑπάρχουσα.

669 4416 888 4484 Θεωρία
920 4415 1040 4470 τῶν
1071 4415 1113 4476 ζ’
1140 4417 1347 4484 ἄρτων.

290 4525 475 4597 (259
495 4526 550 4596 a)
611 4528 676 4580 Οἱ
721 4527 777 4580 δὲ
831 4529 970 4581 ἑπτά
1007 4528 1116 4580 τῶν
1156 4529 1614 4599 τετρακισχιλίων
1643 4531 1799 4601 ἄρτοι

1901 3787 2151 3857 gogieam
2181 3787 2426 3842 nondum
2440 3786 3186 3856 superaveruntdoctrinam,
3212 3800 3334 3853 qua:
3362 3792 3470 3836 tam

1890 3892 2014 3946 quae
2035 3877 2191 3932 utilia
2227 3877 2337 3931 sint
2362 3887 2511 3931 recte
2545 3877 2879 3946 suppeditat,
2925 3891 3088 3945 quam
3121 3890 3343 3945 gravem
3388 3876 3473 3928 eis

1891 3967 1986 4036 qui
2040 3967 2114 4022 ita
2172 3967 2547 4021 instituuntur
2603 3967 3085 4021 conversationem
3149 3965 3468 4034 proponit;

1891 4056 2171 4123 quomodo
2219 4056 2529 4126 intelligere
2558 4071 2663 4109 nos
2693 4056 2851 4126 jubet
2881 4055 3115 4108 materia
3161 4069 3228 4107 ex
3253 4070 3360 4121 qua
3381 4069 3474 4106 co-

1889 4147 2046 4216 phini
2075 4156 2502 4210 construuntur,
2535 4163 2659 4216 qua:
2694 4155 2893 4200 natura
2925 4161 3024 4200 sua
3062 4144 3131 4198 nd
3159 4143 3473 4199 feriendum

1884 4245 1942 4290 et
1965 4238 2387 4306 percutiendum
2414 4247 2729 4305 comparata
2768 4245 2871 4290 est.

2252 4414 2639 4484 Contemplatio
2681 4425 2878 4485 septem
2904 4431 3101 4484 panum

1970 4532 2192 4601 Septem
2234 4540 2418 4584 autem
2460 4539 2695 4598 quatuor
2742 4529 2978 4584 millium
3019 4543 3192 4598 panes
3223 4531 3473 4599 legalem,

213 4619 318 4689 τὴν
348 4618 599 4688 νομικὴν,
632 4620 709 4681 ὡς
742 4615 928 4689 οἶμαι,
988 4621 1381 4689 μυσταγωγίαν
1409 4621 1794 4690 ὑππυποῦσιν,

1903 4633 1962 4678 υι
1999 4624 2220 4693 Opinor,
2249 4623 2642 4693 mystagogiam
2666 4623 3005 4691 exprimunt,
3029 4622 3146 4674 sive
3171 4621 3474 4674 diviniorcs

213 4713 342 4780 ἤτοι
391 4711 517 4773 τοὺς
564 4711 687 4764 κατ’
718 4711 889 4780 αὐτὴν
931 4711 1238 4780 θειοτέρους
1274 4712 1498 4780 λόγους,
1547 4713 1799 4777 οὕστινας

1902 4715 2209 4771 secundum
2269 4731 2393 4769 eam
2452 4717 2718 4778 rationes,
2759 4730 2897 4784 quas
2939 4714 3021 4767 eis
3059 4714 3153 4782 qui
3201 4723 3315 4765 tres
3355 4713 3476 4766 dies

211 4800 333 4860 τοῖς
380 4800 747 4870 προσμένουσι
789 4803 938 4871 τρεῖς
975 4801 1187 4871 ἡμέρας
1232 4802 1313 4871 τῷ
1352 4803 1516 4872 λόγῳ,
1549 4804 1798 4857 τουτέστι

1896 4807 2042 4877 apud
2077 4822 2389 4861 sermonem
2421 4815 2703 4872 maneant,
2736 4806 2791 4861 id
2825 4806 3023 4875 estqui
3052 4807 3299 4860 laborem
3325 4805 3473 4858 circa

217 4889 345 4959 μεθ’
385 4890 662 4960 ὑπομονῆς
707 4891 798 4943 τὸν
840 4890 970 4960 περὶ
997 4889 1096 4960 τὴν
1125 4891 1324 4961 ἠθικήν
1350 4909 1412 4944 τε
1443 4893 1536 4946 καὶ
1562 4890 1798 4963 φυσικὴν

1899 4899 2162 4954 moralem
2188 4908 2246 4953 et
2268 4900 2575 4953 naturalem
2595 4909 2652 4954 et
2678 4899 3040 4969 theologicam
3067 4895 3452 4967 philosophia»

214 4981 316 5034 xui.
363 4980 680 5053 θεολογικὴν
730 4983 1046 5051 φιλοσοφίαν
1093 4984 1512 5054 περιποιητικδν
1551 4984 1646 5037 τοῦ
1682 5002 1798 5054 φω-

1900 5007 2010 5062 quo
2039 4991 2372 5061 cognitionis
2411 4992 2504 5045 lux
2555 5000 2914 5060 comparetur
2952 5005 3076 5044 cum
3112 4990 3378 5059 patientia
3417 4997 3474 5042 et

213 5074 416 5144 τισμοῦ
468 5078 566 5148 τῆς
610 5077 864 5144 γνώσεως
907 5078 1070 5130 πόνον
1119 5079 1488 5150 μακροθύμως
1521 5079 1799 5150 φέρουσιν,

1900 5096 2057 5150 ωειυο
2096 5081 2281 5135 animo
2327 5079 2528 5146 ferant,
2583 5080 2774 5136 Sermo
2821 5080 3053 5150 mystice
3104 5079 3292 5134 tradit.

213 5167 245 5219 ὀ
273 5164 430 5234 λόγος
464 5166 746 5236 μυστικῶς
773 5167 1014 5222 δίδωσιν.

402 5351 587 5420 Ἄλλη
612 5353 820 5421 θεωρία
850 5353 985 5422 περὶ
1015 5354 1134 5408 τῶν
1158 5354 1332 5425 τριῶν
1357 5356 1615 5425 ἡμερῶν.

2142 5351 2266 5407 Alia
2296 5352 2668 5422 contemplatio
2719 5353 2782 5407 de
2816 5353 2980 5406 tribus
3015 5352 3210 5406 diebus.

299 5465 366 5515 Ἦ
413 5463 505 5515 τὸν
548 5465 775 5532 φυσικὸν
809 5467 971 5535 τυχὸν
1013 5467 1107 5520 καὶ
1146 5467 1392 5538 γραπτὸν
1423 5470 1518 5521 καὶ
1546 5486 1793 5539 πνευμα-

219 5576 374 5614 τικον
398 5560 559 5630 νόμον
588 5561 644 5613 αί
668 5563 816 5632 τρεῖς
840 5562 1042 5633 ἡμέραι
1079 5562 1511 5634 παραδηλοῦσιν,
1558 5564 1633 5628 ὡς
1663 5565 1793 5618 ἑκά-

1972 5473 2066 5528 Vel
2090 5472 2394 5527 naturalem
2435 5471 2666 5528 fortasse
2689 5482 2742 5527 et
2761 5473 3022 5543 scriptam
3048 5481 3100 5528 et
3125 5468 3465 5540 spiritualem

1898 5565 2074 5635 legem
2122 5575 2234 5622 trcs
2275 5562 2398 5619 dies
2433 5562 2765 5634 significant,
2802 5581 2928 5621 cum
2956 5565 3183 5636 singulae
3212 5563 3467 5618 videlicet

295 5772 325 5805 ι
351 5761 486 5820 Gen.
523 5780 560 5830 ι,
591 5764 680 5821 ‘27.
738 5765 764 5806 δ
795 5764 928 5820 ibid.
998 5777 1016 5805 τ
1041 5763 1214 5822 Galat.
1251 5783 1327 5834 in,
1359 5766 1447 5824 28.
1481 5766 1658 5825 “Gen.
1684 5783 1722 5833 ι.
1760 5768 1792 5824 7
1831 5767 2056 5831 passim.
