4198 6434
274 391 410 455 1405

1474 397 1989 459 AMBIGUORUM
2026 400 2278 460 LIBER.

3369 405 3502 469 “06

266 508 359 558 καὶ
390 507 545 559 ποίου
576 505 887 576 πνεύματός
911 507 1046 572 ἔστι,
1078 508 1172 561 καὶ
1199 507 1267 561 δι’
1286 508 1353 578 ἢν
1376 509 1574 573 αἰτίαν,
1608 511 1683 580 μή
1709 527 1827 573 πως

1929 513 2020 575 sit,
2060 522 2120 567 et
2161 529 2328 582 quam
2363 514 2570 569 habent
2614 530 2859 581 causam,
2900 531 2970 571 ne
3006 517 3149 572 forte
3198 533 3374 585 nugas
3405 520 3493 574 sit.

266 597 547 667 φλήναφός
578 599 692 651 ἐστι
716 639 731 662 ,
791 598 952 667 μόνον
982 600 1103 670 είκῆ
1136 601 1521 672 προφερομένη
1539 604 1586 634 ³⁸
1632 605 1697 658 ἐκ
1734 606 1833 675 τῆς

266 688 406 741 κατὰ
428 689 490 741 τὸ
511 690 839 759 ἡγεμονικὸν
870 690 1077 761 βλάϐης
1107 690 1204 744 τοῦ
1234 692 1509 760 λέγοντος,
1545 695 1578 765 ἦ
1609 697 1832 752 αὐτοκί-

262 779 424 847 νητός
463 795 548 843 τις
590 780 735 852 ὁρμὴ
777 780 873 833 τοῦ
916 781 1079 851 δῆθεν
1112 785 1582 855 προφητεύοντος,
1639 788 1697 854 ὲξ
1729 790 1834 858 ἀγ-

260 870 470 939 χινοίας
519 871 646 941 περί
690 888 855 926 τινων
902 874 1149 941 φυσικῶς
1193 875 1337 929 κατά
1361 875 1519 943 λόγον
1548 877 1639 930 διὰ
1665 880 1833 933 πολυ-

260 961 484 1031 πειρίαν
509 964 952 1034 τεκμαιρομένου
978 966 1353 1035 πραγμάτων,
1406 967 1440 1037 ἢ
1472 967 1564 1021 τοῦ
1595 972 1832 1042 πονηροῦ

259 1053 356 1105 καὶ
419 1052 805 1123 δαιμονιὼδους
862 1055 1170 1125 πνεύματος
1199 1097 1215 1122 ,
1279 1057 1478 1128 (260
1516 1059 1586 1127 a)
1644 1059 1833 1131 ῶσπερ

257 1144 321 1195 ὲν
349 1142 615 1213 Μοντανῷ
663 1144 756 1197 καὶ
787 1146 900 1209 τοῖς
936 1146 1130 1216 ἐκείνῳ
1161 1147 1564 1219 παραπλησίοις
1600 1150 1715 1203 ἐστὶ
1741 1167 1832 1202 τε-

258 1236 550 1305 ρατολογία
578 1236 639 1289 ιν
666 1238 1009 1307 προφητείας
1036 1238 1170 1292 εῖδει
1196 1240 1258 1292 τὸ
1284 1239 1596 1309 λεγόμενον.
1620 1242 1653 1312 ἢ
1675 1241 1833 1310 δόξης

256 1326 446 1380 Ξνεκεν
472 1329 639 1396 κενῆς
669 1330 784 1391 τοῖς
808 1329 985 1383 ἄλλων
1013 1329 1172 1393 ἄλλος
1202 1328 1363 1399 τυχὸν
1392 1330 1711 1401 ἁϐρύνεται,
1746 1331 1833 1384 λέ-

256 1434 375 1485 γων
419 1434 480 1470 τε
532 1419 628 1471 καὶ
668 1420 972 1488 πομπεύων
1018 1420 1164 1491 άπερ
1196 1421 1359 1484 αὐτὸς
1391 1421 1490 1474 οὐκ
1516 1422 1829 1491 ἐγέννησεν,

255 1508 404 1578 ὑπὲρ
426 1509 520 1564 τοῦ
545 1510 930 1581 θαυμασθῆναι
951 1511 1304 1582 ψευδόμενος,
1332 1513 1427 1566 καὶ
1449 1513 1661 1582 πατέρα
1681 1513 1832 1566 νόθον

251 1600 509 1668 ὀρφανῶν
539 1600 715 1670 λόγων
762 1603 858 1655 καὶ
898 1604 1189 1674 νοημάτων
1220 1604 1415 1658 ἑαυτὸν
1457 1604 1599 1675 ὑπὲρ
1623 1604 1718 1657 τοῦ
1747 1604 1832 1658 δό-

252 1692 344 1757 ξαι
368 1692 529 1761 σοφός
550 1710 635 1757 τις
664 1688 803 1748 εἶναι
843 1694 1246 1765 προδάλλεσθαι
1285 1696 1387 1750 οὐκ
1414 1696 1825 1766 αἰσχυνόμενος.

249 1781 557 1851 Προφῆται
585 1785 795 1854 γὰρβ.
818 1784 986 1856 φησὶν
1013 1787 1042 1839 ὁ
1065 1784 1209 1848 θεῖος
1238 1786 1582 1850 Ἀπόστολος,
1611 1786 1649 1854 ἢ
1676 1786 1831 1853 τρεῖς

1934 613 2145 658 temere
2180 606 2359 659 solum
2410 609 2622 675 prolata
2670 623 2738 662 ex
2776 609 2912 664 vitio
2961 610 3304 679 principatus
3335 609 3500 663 animi

1933 696 2053 763 ejus
2110 698 2205 765 qui
2264 697 2532 767 loquitur,
2570 708 2665 753 aut
2742 711 2922 754 tnotus
2991 712 3328 769 spontancus
3384 702 3503 768 ejus

1932 788 2192 843 videlicet
2252 790 2347 859 qui
2409 792 2738 860 prophetat,
2809 806 2876 845 ex
2944 790 3148 860 ingenii
3205 790 3503 858 sagacitate

1932 877 2002 931 de
2048 880 2343 933 multarum
2389 895 2574 932 rerum
2604 878 2945 949 experientia
2987 878 3136 931 docti
3173 879 3502 931 naturaliter

1932 967 2000 1021 de
2050 968 2377 1035 quibusdam
2426 969 2594 1023 rebus
2630 967 2937 1023 secundum
2993 967 3265 1020 rationem
3318 967 3504 1035 conje-

1932 1058 2157 1119 ctantis,
2199 1067 2294 1111 aut
2337 1072 2573 1126 nequam
2620 1066 2676 1111 et
2704 1056 3028 1111 (ιπηιοηίεοί
3074 1055 3322 1123 spiritus,
3360 1055 3503 1107 sicut

1933 1150 1989 1204 in
2022 1149 2281 1205 Montano
2309 1161 2366 1206 et
2390 1152 2511 1220 ejus
2537 1149 2812 1204 similibus
2832 1138 2981 1218 quod
3012 1146 3347 1217 praedicatur
3373 1161 3502 1215 pro-

1932 1241 2144 1310 digiosa
2179 1243 2358 1297 oratio
2390 1247 2475 1295 est
2509 1241 2812 1310 prophetia:
2850 1241 3025 1293 forma
3049 1239 3271 1300 vestita,
3297 1246 3392 1292 aut
3433 1253 3503 1291 ne

1931 1334 2176 1404 gloriolae
2214 1348 2367 1387 vanae
2413 1332 2611 1387 alienis
2654 1333 2819 1395 alius,
2859 1341 3028 1400 prout
3066 1346 3226 1385 casus
3267 1328 3396 1389 lert,
3444 1342 3503 1382 se

1931 1433 2183 1488 exornet,
2208 1424 2442 1493 loquens
2468 1422 2757 1493 magniﬁce
2794 1431 2962 1491 atque
2999 1423 3215 1491 jactans
3237 1434 3361 1488 qua:
3385 1420 3502 1488 ipse

1933 1532 2042 1570 non
2066 1515 2301 1584 peperit,
2322 1513 2703 1568 admirationis
2723 1512 3133 1567 commovenda
3151 1511 3322 1579 gratia
3338 1497 3505 1564 'men-

1932 1607 2059 1669 dax,
2094 1620 2259 1675 quem
2310 1620 2423 1659 non
2466 1605 2675 1674 pudeat
2721 1613 2938 1674 patrem
2988 1617 3111 1657 sese
3162 1602 3391 1655 nothum
3446 1609 3504 1654 et

1931 1693 2303 1748 adulterinum
2336 1692 2597 1746 orbarum
2628 1692 2939 1746 orationqu
2974 1706 3041 1746 ac
3083 1690 3500 1759 cogitationum,

1932 1799 1994 1842 ut
2036 1788 2257 1857 sapiens
2298 1785 2499 1855 aliquis
2549 1800 2671 1839 esse
2722 1785 2998 1847 videatur,
3042 1791 3495 1853 repraesentasse.

245 1847 785 1941 λαλείτωακίκαι
809 1847 865 1929 δι
882 1847 1066 1930 duo:
1084 1847 1576 1945 διακρινέτωσακ.
1597 1847 1753 1936 ’ίίνες
1767 1847 1824 1928 δέ

1929 1847 2204 1949 Propheta:
2235 1847 2544 1943 enim-duo,
2577 1878 2654 1931 ait
2682 1877 2903 1931 divinus
2929 1847 3246 1946 Apostolus,
3279 1874 3359 1928 vel
3386 1884 3493 1927 tres

246 1967 615 2035 τυγχάνουσιν
663 1967 713 2019 οί
758 1966 951 2032 ἄλλοις
1003 1966 1242 2038 δηλονότι
1284 1968 1334 2021 οι
1361 1968 1424 2020 τὸ
1451 1967 1696 2038 χάρισμα
1726 1967 1825 2035 τῆς

242 2057 579 2129 διακρίσεως
619 2056 836 2128 ἔχοντες
879 2056 993 2110 τῶν
1034 2059 1383 2129 πνευμάτων.
1437 2060 1620 2111 Δεῖται
1646 2057 1827 2110 τοίνυν

244 2148 285 2217 ἠ
316 2148 417 2218 μὶν
440 2148 767 2219 προφητεία,
801 2146 987 2212 καθὼς
1008 2146 1168 2219 ῑφην,
1217 2148 1317 2218 τῆς
1355 2148 1681 2217 διακρίσεως
1720 2146 1828 2198 τῶν

242 2237 610 2307 πνευμάτων,
653 2238 739 2291 τνα
771 2237 991 2308 γνωσθῇ
1027 2238 1125 2292 καὶ
1153 2237 1421 2309 πιστευθῇ
1451 2237 1548 2291 καὶ
1573 2237 1825 2308 ἄγκριθῇ,

241 2330 316 2385 τὸ
340 2330 398 2385 δὲ
436 2332 685 2403 χάρισμα
716 2330 827 2384 τῶν
850 2330 1114 2398 γλωσσῶν
1163 2331 1337 2384 δεῖται
1366 2329 1460 2383 τοῦ
1486 2329 1828 2401 χαρίσματος

240 2426 349 2494 τῆς
379 2422 708 2494 ἑρμηνείας.
761 2422 849 2477 ἵνα
888 2423 963 2494 μὴ
991 2421 1117 2494 δόξῃ
1150 2424 1263 2486 τοῖς
1296 2420 1565 2492 παροῦσιν
1595 2420 1624 2472 ὁ
1650 2417 1828 2472 τοιοῦ-

242 2532 343 2581 ⁸’ξος
378 2514 665 2587 μαίνεσθαι
687 2556 704 2581 ,
759 2515 837 2587 μὴ
863 2515 1168 2585 δυναμένου
1199 2514 1346 2576 τινος
1377 2512 1488 2566 τῶν
1518 2510 1830 2565 ἀκουόντων

243 2606 738 2681 ⁶παρακολουθῆσαι
763 2610 878 2672 τοῖς
904 2607 1281 2678 λαλουμένοις.
1320 2603 1460 2657 Ἐὰν
1488 2600 1626 2672 τὰρ,
1663 2600 1829 2671 φησιν

244 2703 281 2756 6
301 2700 476 2773 μέγας
505 2700 852 2764 Ἀπόστολος,
875 2699 1118 2754 λαλεῖτε
1140 2697 1471 2769 γλώσσαις,
1494 2694 1739 2760 εισέλθῃ
1760 2691 1829 2746 δέ

246 2808 340 2857 τις
365 2791 623 2856 ἄπιστος
646 2789 687 2857 ἢ
712 2789 969 2857 ιδιώτης,
999 2791 1111 2843 οὐκ
1135 2785 1384 2855 ἐροῦσιν
1408 2785 1496 2837 ὅτι
1510 2782 1829 2853 μαίνεσθες

249 2882 365 2933 Καὶ
398 2879 613 2935 κελεύει
642 2881 846 2951 μᾶλλον
880 2880 1093 2950 σιωπᾷν
1119 2877 1213 2932 τὸν
1239 2872 1506 2929 λαλοῦντα
1529 2871 1827 2940 γλώσσαις,

244 2970 348 3026 ἐὰν
396 2970 473 3043 μὴ
593 2973 623 3026 ὁ
653 2970 1050 3043 διερμηνεύων.
1088 2969 1163 3023 Τδ
1190 2968 1247 3022 δὲ
1284 2987 1303 3020 ι
1334 2965 1478 3037 Πρὸς
1506 2964 1778 3034 διάκρισιν
1805 2985 1824 3017 ι

242 3062 419 3130 φάναι
467 3062 562 3116 τὸν
602 3061 927 3117 διδάσκαλον
981 3078 1002 3113 ι
1035 3058 1132 3113 τοῦ
1178 3056 1479 3128 βελτίονος,
1509 3073 1529 3107 s
1583 3055 1747 3121 (pach
1778 3055 1830 3106 ot

1928 1972 2232 2042 loquantur,
2272 1980 2319 2025 et
2351 1971 2525 2024 creteri
2557 1969 2842 2038 diiudicent
2866 1970 2913 2023 ⁸.
2938 1968 3173 2034 Quinam
3204 1982 3338 2021 vero
3367 1975 3497 2020 sunt

1926 2059 2147 2115 ceteri?
2180 2058 2441 2113 nimirum
2472 2058 2550 2112 illi
2572 2058 2666 2128 qui
2691 2050 3170 2127 dijudicandorum
3204 2055 3503 2124 spirituum

1925 2153 2156 2223 gratiam
2204 2151 2432 2206 habent.
2489 2149 2677 2219 Itaque
2728 2148 3040 2219 prophetia,
3094 2148 3178 2202 uti
3225 2146 3498 2210 dicebam,

1925 2258 2063 2315 opus
2088 2243 2254 2297 habet
2271 2249 2333 2295 ut
2353 2240 2584 2310 Spiritus
2608 2240 2859 2310 judicare
2879 2240 3075 2308 possit,
3113 2249 3174 2293 ut
3199 2252 3501 2307 cognosca-

1926 2343 2019 2388 tur
2058 2343 2117 2388 et
2153 2332 2415 2387 credatur
2460 2341 2518 2386 et
2575 2331 2937 2401 approbctur,
2978 2330 3290 2398 linguarum
3317 2339 3500 2383 autem

1927 2424 2099 2494 gratia
2139 2438 2280 2492 opus
2321 2423 2492 2478 habet
2538 2421 3018 2491 interpretationis
3048 2421 3249 2489 gratia,
3304 2437 3373 2475 ne
3419 2420 3504 2474 eis

1927 2515 2023 2584 qui
2064 2515 2265 2570 adsunt
2303 2513 2576 2584 ejusmodi
2620 2513 2865 2568 insanire
2904 2514 3180 2579 videatur,
3230 2529 3356 2569 cum
3399 2530 3500 2569 au-

1926 2604 2196 2660 dientium
2262 2620 2425 2659 nemo
2498 2602 2716 2671 assequi
2781 2604 2928 2659 dicta
2982 2605 3181 2672 possit.
3232 2604 3372 2659 Nam
3430 2605 3498 2667 si,

1927 2710 2160 2765 magnus
2191 2695 2374 2763 inquit
2399 2695 2717 2763 Apostoius,
2752 2696 2949 2765 linguis
2990 2697 3303 2766 loquamini,
3342 2698 3501 2749 intret

1929 2796 2105 2841 autem
2143 2788 2259 2857 quis
2302 2786 2553 2854 inﬁdelis,
2581 2788 2663 2840 vel
2701 2789 2887 2851 idiota,
2933 2804 3107 2841 nonne
3149 2788 3320 2841 dicent
3362 2785 3503 2857 quod

1927 2880 2171 2933 insanitis
2199 2879 2225 2918 ιι
2250 2879 2272 2930 ?
2296 2881 2475 2948 Atque
2522 2878 2759 2947 imperat
2791 2878 2976 2947 potius
3002 2887 3064 2932 ut
3095 2887 3274 2933 taceat
3300 2878 3502 2948 linguis

1928 2971 2179 3039 loquens,
2214 2969 2320 3023 nisi
2343 2968 2514 3024 fuerit
2538 2970 2631 3038 qui
2663 2970 3085 3038 interpretetur.
3122 2968 3279 3034 Quod
3315 2984 3501 3022 autem

1936 3061 2045 3116 «ad
2088 3060 2571 3123 discernendum,»
2621 3061 2762 3137 dixit
2798 3060 3075 3130 magister,
3115 3074 3390 3129 «quanam
3430 3060 3504 3115 sit

242 3158 363 3218 τοῖς
406 3152 574 3218 θείοις
624 3154 717 3207 τδν
759 3152 888 3207 νοῦν
936 3150 1422 3220 καταφωτίσαντες
1454 3147 1634 3215 λόγοις
1661 3147 1828 3214 ὑπερ-

1928 3153 2331 3222 pmstantior,¢
2363 3167 2598 3220 quorum
2625 3168 2780 3207 mens
2800 3151 2987 3205 divina
3010 3150 3261 3205 doctrina
3292 3150 3502 3205 illumi-

241 3246 395 3317 ἐχειν
444 3244 505 3298 τὸ
546 3244 649 3314 τῆς
677 3245 1014 3315 προφητείας
1062 3243 1160 3296 καὶ
1196 3240 1257 3295 τὸ
1284 3238 1395 3294 τῶν
1422 3237 1686 3308 γλωσσῶν
1714 3236 1829 3306 χά-

1926 3252 2053 3297 nata
2075 3253 2179 3325 est,
2210 3245 2245 3298 ii
2275 3253 2537 3314 praestare
2553 3245 2744 3299 dicunt
2773 3245 3080 3314 prophetiae
3101 3254 3265 3314 atque
3287 3245 3501 3316 lingua-

245 3357 423 3412 ρισμα
448 3340 557 3395 τῶν
581 3337 657 3397 ῶν
682 3340 822 3412 πρὸς
842 3339 1118 3409 διάκρισιν
1138 3355 1199 3392 τε
1228 3339 1324 3392 καὶ⁵
1349 3335 1681 3405 διασάφησιν
1699 3332 1829 3404 χρῄ-

240 3434 401 3498 ζουσι
450 3432 851 3503 χαρισμάτων,
915 3430 1162 3485 τουτέστι
1208 3430 1312 3498 τῆς
1349 3427 1673 3497 διακρίσεως
1715 3424 1825 3475 τῶν

236 3525 575 3596 πνευμάτων
616 3525 711 3579 καὶ
740 3526 843 3594 τῆς
871 3522 1192 3596 ἑρμηνείας.
1219 3521 1400 3593 Ὅπερ
1431 3518 1591 3582 είδὼς
1620 3520 1649 3571 ὁ
1678 3516 1823 3571 διδάο

240 3618 444 3682 σκαλος
474 3618 603 3690 ἔφη,
645 3636 663 3671 ι
688 3618 833 3689 Πρδς
861 3616 1136 3689 διάκρισιν
1167 3613 1262 3668 τοῦ
1294 3612 1616 3684 βελτίονος.ι

244 3799 366 3859 Tm?
390 3801 600 3869 αὐτοῦ,
652 3800 722 3856 ἐκ
767 3801 874 3856 τοῦ
916 3803 1004 3868 εις
1040 3801 1269 3869 Ἥρωνα
1309 3799 1417 3853 τὸν
1477 3797 1824 3867 φιλόσοφον

311 3892 526 3962 λόγου,
556 3896 643 3960 είς
680 3893 768 3948 τόο
802 3911 821 3946 ι
861 3892 1223 3964 Συμόἁματα
1281 3890 1380 3946 καί
1432 3886 1824 3958 napum:de-

307 4001 469 4055 ματα
503 3986 637 4057 (67).
673 4003 692 4037 s

314 4074 593 4145 Σύμσαμά
629 4074 746 4128 ἐστι
787 4072 933 4128 κατὰ
972 4071 1399 4143 γραμματικοὺς
1454 4071 1722 4143 πρότασις
1764 4068 1825 4133 ἐξ

237 4168 509 4238 ὀνόματος
557 4169 651 4222 καὶ
691 4168 935 4238 ῥήματος
984 4164 1251 4235 αὐτοτελῆ
1298 4165 1540 4220 διάνοιαν
1585 4162 1826 4234 ἀπαρτί-

239 4262 435 4327 ζουσα,
461 4261 648 4333 (260
680 4261 731 4329 ὁ)
764 4254 896 4325 οἷον,
928 4277 948 4310 s
982 4258 1236 4324 Ἰωάννης
1262 4257 1608 4327 περιπατεῖ.»
1641 4255 1824 4325 Παρα-

244 4350 517 4421 σύμὸαμα
547 4350 605 4402 δι
635 4350 753 4402 ιστι
782 4347 1047 4418 πρότασις
1074 4347 1132 4412 εξ
1161 4345 1424 4416 ὀνόματος
1454 4345 1551 4399 καὶ
1576 4344 1823 4416 ῥήματος

238 4440 349 4494 οὐκ
393 4436 654 4507 αὐτοτελῆ
706 4436 947 4491 διάνοιαν
992 4434 1393 4505 άπαρτίζουσα,
1437 4428 1550 4486 οἷον
1600 4432 1823 4504 Ἰωάννῃ

245 4528 421 4601 μέλει.
461 4546 482 4581 ι
517 4528 701 4598 Φήσας
726 4523 820 4581 οῦν
846 4543 953 4590 τις,
989 4544 1009 4578 ι
1051 4526 1305 4595 Ἰωάννης
1334 4524 1645 4594 περιπατεῖ,
1683 4541 1702 4574 ι
1731 4522 1823 4575 ού-

442 4578 1194 4693 έτίρουῂχρηζεινυὶδειξενο
1233 4578 1511 4681 είπὼνιδὲ,
1534 4635 1553 4668 ι
1602 4578 1825 4686 Ἰωάννῃ
1855 4578 1900 4636 D

242 4710 462 4784 μέλει,»
496 4709 627 4781 περὶ
651 4710 798 4773 τίνος
829 4709 977 4780 αὑτῷ
1019 4709 1173 4782 μέλοι
1205 4708 1535 4780 παρέλειψεν
1557 4708 1754 4761 εἰπεῖν.

242 4978 369 5037 Τοῦ
395 4978 585 5036 αὐτοῦ
624 4978 695 5034 ἐκ
724 4980 834 5034 τοῦ
877 4980 965 5045 είς
1008 4978 1119 5033 τὸν
1150 4978 1322 5048 ἄτιον
1350 4977 1672 5034 Βασίλειον
1694 4978 1822 5034 ἐπιε-

280 5110 283 5111 ν
316 5072 555 5139 ταφίου.
592 5073 681 5137 είς
709 5071 796 5124 τό’
833 5089 852 5122 ι
902 5071 1022 5124 Ἐπ’
1056 5069 1308 5136 οὐδενὸς
1339 5065 1454 5125 οὗν
1480 5069 1602 5124 τῶν
1633 5070 1823 5126 ἁπάν-

315 5179 437 5217 των
452 5163 566 5217 οὐκ
588 5164 762 5217 ἔστιν
784 5162 878 5231 ἐφ’
907 5161 1020 5230 ὅτῳ
1043 5163 1179 5231 οὐχί
1211 5160 1330 5217 τῶν
1348 5160 1630 5218 ἁπάντων
1650 5161 1783 5235 (68).
1799 5180 1817 5215 ι

319 5340 446 5394 Ὀτι
480 5340 610 5394 ποτέ
634 5357 719 5405 τις
753 5340 1076 5412 ἀποδέχεται
1105 5342 1214 5395 τῶν
1246 5342 1447 5410 καλῶν,
1499 5344 1621 5398 κατ’
1648 5345 1825 5397 ἐκεῖνο

316 5452 345 5494 ⁸
376 5452 398 5508 1
440 5452 567 5511 Cor.
612 5472 721 5522 xw,
752 5458 843 5515 29.
912 5456 940 5497 ¹ι
967 5459 1103 5514 ibid.
1131 5460 1221 5515 24.

1927 3351 2049 3389 rum
2084 3335 2315 3405 gratiam
2340 3335 2410 3391 iis
2433 3336 2627 3406 gratiis
2666 3336 2871 3404 quibus
2895 3335 2960 3389 ad
2984 3335 3413 3390 discernendum
3446 3345 3504 3391 ct

1923 3427 2309 3496 explicandum
2337 3444 2478 3498 opus
2508 3428 2735 3489 habent.
2762 3429 2867 3482 hoc
2896 3437 2981 3483 est
3016 3427 3367 3483 discernendi
3393 3428 3505 3497 spi-

1923 3519 2066 3573 ritus
2097 3528 2155 3573 et
2186 3519 2605 3589 interpretandi.
2633 3520 2789 3586 Quod
2823 3519 3132 3590 intelligens
3158 3519 3353 3575 doctor
3381 3521 3456 3574 ait
3484 3538 3497 3574 :

1931 3625 1948 3656 ι
1999 3608 2080 3663 Ad
2141 3608 2567 3665 discernendum
2632 3625 2883 3680 quasnam
2940 3611 3290 3681 praestantior
3336 3612 3428 3667 sit.
3476 3631 3495 3662 ι

1924 3792 2201 3865 Ejusdem,
2251 3811 2316 3848 ea:
2356 3812 2599 3850 sermone
2630 3798 2686 3850 in
2735 3797 2995 3852 Heronem
3026 3797 3409 3868 philosophum,
3443 3802 3499 3856 in

2065 3885 2200 3938 illud
2227 3902 2245 3940 :
2276 3905 2304 3951 γι
2345 3884 2691 3958 Symbamata
2732 3896 2782 3941 et
2811 3888 3304 3958 parasymbamata.
3333 3909 3353 3943 ι

1995 4058 2287 4129 Symbama
2319 4060 2624 4116 secundum
2672 4064 3061 4134 grammaticos
3090 4074 3179 4122 est
3197 4070 3500 4137 propositio

1925 4166 1994 4205 ex
2038 4151 2264 4207 nomine
2308 4162 2366 4206 et
2415 4152 2588 4209 verbo
2631 4155 2942 4211 absolutam
2991 4160 3321 4214 sententiam
3365 4176 3498 4215 con-

1928 4245 2142 4311 ﬁciens,
2192 4254 2254 4301 ut
2303 4247 2619 4316 exemplum
2665 4247 2913 4313 aﬂ‘eram,
2969 4265 2989 4298 ι
3022 4249 3261 4306 Joannes
3311 4252 3500 4307 deam-

1923 4337 2100 4393 bulat.
2135 4357 2153 4391 ι
2204 4339 2629 4407 Parasymbama
2676 4348 2863 4394 autem
2927 4349 3016 4395 est
3066 4344 3376 4412 propositio
3434 4363 3502 4401 ex

1924 4432 2149 4487 nomine
2193 4441 2250 4488 et
2300 4433 2472 4488 verbo
2520 4449 2630 4487 non
2676 4433 2983 4489 absolutam
3033 4436 3333 4493 conﬁciens
3378 4456 3503 4495 sen-

1926 4524 2179 4589 tentiam,
2215 4532 2296 4587 ut,
2338 4543 2357 4576 ι
2391 4525 2586 4580 Joanni
2618 4540 2766 4579 cura:
2798 4533 2905 4579 est.
2951 4544 2969 4577 ι
3004 4525 3193 4596 Itaque
3216 4544 3341 4583 cum
3377 4533 3502 4600 quis

1927 4613 2101 4670 dicit:
2140 4633 2158 4667 ι
2185 4614 2427 4670 Joannes
2453 4615 2790 4680 deambulat,
2827 4634 2846 4668 ι
2879 4616 3036 4671 nullo
3065 4617 3175 4671 alio
3203 4634 3330 4672 eum
3362 4634 3503 4688 opus

1938 4704 2144 4759 habere
2168 4713 2460 4770 monstrat,
2495 4722 2621 4761 cum
2650 4716 2858 4771 autem,
2891 4726 2909 4759 ι
2937 4707 3136 4763 Joanni
3179 4725 3326 4767 curas
3365 4723 3449 4767 est
3477 4732 3495 4764 ι

1928 4797 2061 4868 quid
2110 4797 2163 4853 ei
2207 4814 2352 4854 cura:
2398 4798 2473 4853 sit
2524 4798 2710 4854 dicere
2750 4799 2954 4855 omisit.

1923 4978 2179 5050 Ejusdem
2224 4996 2289 5033 ea:
2326 4979 2531 5049 funebri
2564 4981 2620 5033 in
2668 4987 2912 5034 sanctum
2942 4979 3198 5035 Basiliam
3240 4985 3497 5049 oratione,

1992 5072 2050 5125 in
2092 5071 2228 5125 illud
2262 5088 2324 5127 :c
2362 5073 2422 5127 In
2458 5072 2611 5127 nulla
2651 5074 2812 5143 igitur
2857 5090 2911 5127 re
2944 5089 3009 5126 ea:
3055 5075 3295 5129 omnibus
3340 5078 3500 5131 aliter

1997 5163 2187 5217 accidit
2239 5165 2365 5234 quin
2416 5165 2798 5219 incrementum
2846 5181 2910 5219 ea:
2965 5181 3025 5218 eo
3070 5166 3209 5236 quod
3255 5167 3500 5224 laudetur

1998 5256 2239 5324 accipiat.
2282 5272 2299 5305 ι
3004 5299 3009 5303 .

1996 5344 2153 5410 Quod
2193 5344 2316 5415 quis
2348 5344 2641 5400 honestum
2686 5345 2909 5416 recipit,
2953 5361 3051 5416 pro
3079 5361 3146 5401 eo
3177 5348 3401 5404 omnino
3439 5359 3496 5407 ct
3531 5355 3537 5360 ’

1567 5529 1806 5587 ἾΔΙΠΕ
1842 5529 2242 5589 LECTIONES.

321 5592 371 5627 ⁸⁸
395 5593 780 5668 Apographum
814 5598 980 5654 habet
1004 5598 1427 5673 προφερόμενος.

322 5685 435 5795 (liii
450 5713 615 5795 ﬁreg.
640 5714 893 5795 Nanianz.
917 5715 1069 5795 Orat.
1087 5719 1149 5795 _i_n
1185 5718 1441 5795 lleronAe‘m
1470 5718 1663 5795 Ehilos.
1693 5737 1807 5795 cap.

243 5781 385 5855 cp.
412 5784 534 5841 4.38.
565 5781 696 5841 tum.
733 5786 752 5842 l
799 5786 936 5858 Opp.
965 5788 1054 5846 ed.
1086 5789 1287 5848 Beucd.
1322 5788 1447 5863 (260
1476 5791 1561 5863 Β.)

1988 5718 2078 5785 68)
2138 5718 2303 5773 IdeIu.
2373 5719 2463 5774 0r.
2522 5720 2741 5790 βαιών,
2802 5722 2851 5773 in
2918 5719 3168 5790 Magnum
3231 5719 3491 5777 Basiliam

1918 5808 2034 5863 cap.
2073 5792 2143 5857 1.,
2165 5807 2217 5861 [ν.
2246 5792 2363 5846 770.
2402 5798 2535 5847 ιυιιι.
2564 5791 2583 5847 l
2608 5788 2746 5861 Opp.
2786 5791 2875 5848 ed.
2900 5788 3108 5847 Bcticd.
