  <div class='ocr_page' id='page_1' title='image "/cluster/home/n/w/nwhite01/storage/ocr_20150623/91/nnc1.0038446014/713.png"; bbox 0 0 4198 6434; ppageno 0'>
   <div class='ocr_carea' id='block_1_1' title="bbox 800 349 4065 454">
    <p class='ocr_par' dir='ltr' id='par_1_1' title="bbox 800 349 4065 454">
     <span class='ocr_line' id='line_1_1' title="bbox 800 349 4065 454; baseline -0.012 0"><span class='ocrx_word' id='word_1_1' title='bbox 800 386 934 454; x_wconf 79' lang='grc'><strong>1107</strong></span> <span class='ocrx_word' id='word_1_2' title='bbox 1969 382 2032 443; x_wconf 83' lang='lat' dir='ltr'><strong>S.</strong></span> <span class='ocrx_word' id='word_1_3' title='bbox 2075 377 2363 443; x_wconf 74' lang='lat' dir='ltr'><strong>MAXIM!</strong></span> <span class='ocrx_word' id='word_1_4' title='bbox 2404 367 2921 438; x_wconf 77' lang='lat' dir='ltr'><strong>CONFESSORIS</strong></span> <span class='ocrx_word' id='word_1_5' title='bbox 3928 349 4065 417; x_wconf 75' lang='grc'><strong>1108</strong></span> 
     </span>
    </p>
   </div>
   <div class='ocr_carea' id='block_1_2' title="bbox 796 469 2405 569">
    <p class='ocr_par' dir='ltr' id='par_1_2' title="bbox 796 493 2381 569">
     <span class='ocr_line' id='line_1_2' title="bbox 796 493 2381 569; baseline -0.008 -10"><span class='ocrx_word' id='word_1_6' title='bbox 796 503 1200 559; x_wconf 78' lang='lat' dir='ltr'><strong>incrementum</strong></span> <span class='ocrx_word' id='word_1_7' title='bbox 1253 497 1383 556; x_wconf 84' lang='lat' dir='ltr'><strong>l‘selt</strong></span> <span class='ocrx_word' id='word_1_8' title='bbox 1409 506 1466 555; x_wconf 79' lang='lat' dir='ltr'><strong>et</strong></span> <span class='ocrx_word' id='word_1_9' title='bbox 1491 498 1574 555; x_wconf 83' lang='lat' dir='ltr'><strong>eis</strong></span> <span class='ocrx_word' id='word_1_10' title='bbox 1611 510 1735 569; x_wconf 75' lang='lat' dir='ltr'><strong>qnze</strong></span> <span class='ocrx_word' id='word_1_11' title='bbox 1764 495 1833 552; x_wconf 86' lang='lat' dir='ltr'><strong>dc</strong></span> <span class='ocrx_word' id='word_1_12' title='bbox 1860 493 1967 552; x_wconf 87' lang='lat' dir='ltr'><strong>isto</strong></span> <span class='ocrx_word' id='word_1_13' title='bbox 2010 493 2381 567; x_wconf 64' lang='lat' dir='ltr'><strong>praedicantur</strong></span> 
     </span>
    </p>
   </div>
   <div class='ocr_carea' id='block_1_3' title="bbox 2509 469 4062 569">
    <p class='ocr_par' dir='ltr' id='par_1_3' title="bbox 2509 469 4062 569">
     <span class='ocr_line' id='line_1_3' title="bbox 2509 469 4062 569; baseline -0.012 -28"><span class='ocrx_word' id='word_1_14' title='bbox 2509 488 2704 553; x_wconf 80' lang='grc' dir='ltr'>ιάντως</span> <span class='ocrx_word' id='word_1_15' title='bbox 2732 486 2824 541; x_wconf 76' lang='grc' dir='ltr'>καὶ</span> <span class='ocrx_word' id='word_1_16' title='bbox 2846 486 3085 541; x_wconf 74' lang='grc' dir='ltr'>ποιεῖται</span> <span class='ocrx_word' id='word_1_17' title='bbox 3114 479 3214 547; x_wconf 73' lang='grc' dir='ltr'><strong>τὴν</strong></span> <span class='ocrx_word' id='word_1_18' title='bbox 3248 480 3493 538; x_wconf 75' lang='grc' dir='ltr'>ἐπίδοσιν</span> <span class='ocrx_word' id='word_1_19' title='bbox 3534 477 3629 533; x_wconf 74' lang='grc' dir='ltr'>καὶ</span> <span class='ocrx_word' id='word_1_20' title='bbox 3660 475 3773 569; x_wconf 76' lang='grc' dir='ltr'>τοῖς</span> <span class='ocrx_word' id='word_1_21' title='bbox 3804 469 4062 569; x_wconf 42' lang='grc' dir='ltr'>περὶ.ἷῶ</span> 
     </span>
    </p>
   </div>
   <div class='ocr_carea' id='block_1_4' title="bbox 795 559 2405 661">
    <p class='ocr_par' dir='ltr' id='par_1_4' title="bbox 795 559 2381 661">
     <span class='ocr_line' id='line_1_4' title="bbox 795 559 2381 661; baseline -0.005 -15"><span class='ocrx_word' id='word_1_22' title='bbox 795 599 989 661; x_wconf 82' lang='lat' dir='ltr'><strong>aperte</strong></span> <span class='ocrx_word' id='word_1_23' title='bbox 1012 590 1230 646; x_wconf 67' lang='lat' dir='ltr'><strong>letatur</strong></span> <span class='ocrx_word' id='word_1_24' title='bbox 1256 597 1311 644; x_wconf 88' lang='lat' dir='ltr'><strong>et</strong></span> <span class='ocrx_word' id='word_1_25' title='bbox 1342 559 1900 643; x_wconf 42' lang='lat' dir='ltr'><strong>invitatum-Laetatur</strong></span> <span class='ocrx_word' id='word_1_26' title='bbox 1921 559 2147 656; x_wconf 78' lang='lat' dir='ltr'><strong>quidem</strong></span> <span class='ocrx_word' id='word_1_27' title='bbox 2182 589 2381 638; x_wconf 84' lang='lat' dir='ltr'><strong>auctus</strong></span> 
     </span>
    </p>
   </div>
   <div class='ocr_carea' id='block_1_5' title="bbox 2509 559 4064 661">
    <p class='ocr_par' dir='ltr' id='par_1_5' title="bbox 2509 559 4064 661">
     <span class='ocr_line' id='line_1_5' title="bbox 2509 559 4064 661; baseline -0.014 -27"><span class='ocrx_word' id='word_1_28' title='bbox 2509 578 2576 635; x_wconf 71' lang='grc' dir='ltr'>οὔ</span> <span class='ocrx_word' id='word_1_29' title='bbox 2603 577 2917 648; x_wconf 75' lang='grc' dir='ltr'>λεγομένοις</span> <span class='ocrx_word' id='word_1_30' title='bbox 2936 574 3096 647; x_wconf 84' lang='grc' dir='ltr'>δῆλον</span> <span class='ocrx_word' id='word_1_31' title='bbox 3121 572 3306 645; x_wconf 66' lang='grc' dir='ltr'>ἥδεται</span> <span class='ocrx_word' id='word_1_32' title='bbox 3334 571 3430 626; x_wconf 69' lang='grc' dir='ltr'>καὶ</span> <span class='ocrx_word' id='word_1_33' title='bbox 3458 564 3883 661; x_wconf 62' lang='grc' dir='ltr'>παρακαλεῖται.</span> <span class='ocrx_word' id='word_1_34' title='bbox 3907 559 4064 661; x_wconf 52' lang='grc' dir='ltr'>ςιιδι-</span> 
     </span>
    </p>
   </div>
   <div class='ocr_carea' id='block_1_6' title="bbox 1969 367 2921 443">
    <p class='ocr_par' dir='ltr' id='par_1_6' title="bbox 1969 367 2921 443">
     <span class='ocr_line' id='line_1_6' title="bbox 1969 367 2921 443; baseline -0.011 0"><span class='ocrx_word' id='word_1_35' title='bbox 1969 382 2032 443; x_wconf 81' lang='lat' dir='ltr'><strong>S.</strong></span> <span class='ocrx_word' id='word_1_36' title='bbox 2075 377 2363 443; x_wconf 74' lang='lat' dir='ltr'><strong>MAXIM!</strong></span> <span class='ocrx_word' id='word_1_37' title='bbox 2404 367 2921 438; x_wconf 76' lang='lat' dir='ltr'><strong>CONFESSORIS</strong></span> 
     </span>
    </p>
   </div>
   <div class='ocr_carea' id='block_1_7' title="bbox 795 671 2385 747">
    <p class='ocr_par' dir='ltr' id='par_1_7' title="bbox 795 671 2385 747">
     <span class='ocr_line' id='line_1_7' title="bbox 795 671 2385 747; baseline -0.005 -14"><span class='ocrx_word' id='word_1_38' title='bbox 795 679 984 733; x_wconf 88' lang='lat' dir='ltr'><strong>animo</strong></span> <span class='ocrx_word' id='word_1_39' title='bbox 1040 688 1099 732; x_wconf 90' lang='lat' dir='ltr'><strong>ut</strong></span> <span class='ocrx_word' id='word_1_40' title='bbox 1146 676 1217 732; x_wconf 88' lang='lat' dir='ltr'><strong>de</strong></span> <span class='ocrx_word' id='word_1_41' title='bbox 1271 692 1329 733; x_wconf 86' lang='lat' dir='ltr'><strong>re</strong></span> <span class='ocrx_word' id='word_1_42' title='bbox 1383 686 1571 747; x_wconf 67' lang='lat' dir='ltr'><strong>grata,</strong></span> <span class='ocrx_word' id='word_1_43' title='bbox 1609 676 1877 731; x_wconf 71' lang='lat' dir='ltr'><strong>invitatur</strong></span> <span class='ocrx_word' id='word_1_44' title='bbox 1915 687 2051 729; x_wconf 87' lang='lat' dir='ltr'><strong>vero</strong></span> <span class='ocrx_word' id='word_1_45' title='bbox 2093 671 2161 727; x_wconf 85' lang='lat' dir='ltr'><strong>ad</strong></span> <span class='ocrx_word' id='word_1_46' title='bbox 2208 672 2385 742; x_wconf 81' lang='lat' dir='ltr'><strong>majus</strong></span> 
     </span>
    </p>
   </div>
   <div class='ocr_carea' id='block_1_8' title="bbox 798 764 2383 837">
    <p class='ocr_par' dir='ltr' id='par_1_8' title="bbox 798 764 2383 837">
     <span class='ocr_line' id='line_1_8' title="bbox 798 764 2383 837; baseline -0.003 -16"><span class='ocrx_word' id='word_1_47' title='bbox 798 772 1205 824; x_wconf 71' lang='lat' dir='ltr'><strong>incrementum</strong></span> <span class='ocrx_word' id='word_1_48' title='bbox 1255 767 1385 823; x_wconf 88' lang='lat' dir='ltr'><strong>inde</strong></span> <span class='ocrx_word' id='word_1_49' title='bbox 1443 767 1800 837; x_wconf 88' lang='lat' dir='ltr'><strong>capiendum,</strong></span> <span class='ocrx_word' id='word_1_50' title='bbox 1849 780 1918 820; x_wconf 79' lang='lat' dir='ltr'><strong>ex</strong></span> <span class='ocrx_word' id='word_1_51' title='bbox 1954 764 2118 819; x_wconf 90' lang='lat' dir='ltr'><strong>laude</strong></span> <span class='ocrx_word' id='word_1_52' title='bbox 2164 778 2231 817; x_wconf 90' lang='lat' dir='ltr'><strong>ea</strong></span> <span class='ocrx_word' id='word_1_53' title='bbox 2264 776 2383 817; x_wconf 81' lang='lat' dir='ltr'><strong>ma-</strong></span> 
     </span>
    </p>
   </div>
   <div class='ocr_carea' id='block_1_9' title="bbox 795 856 2384 929">
    <p class='ocr_par' dir='ltr' id='par_1_9' title="bbox 795 856 2384 929">
     <span class='ocr_line' id='line_1_9' title="bbox 795 856 2384 929; baseline -0.003 -18"><span class='ocrx_word' id='word_1_54' title='bbox 795 863 971 929; x_wconf 79' lang='lat' dir='ltr'><strong>jorcm</strong></span> <span class='ocrx_word' id='word_1_55' title='bbox 1002 860 1298 928; x_wconf 90' lang='lat' dir='ltr'><strong>impulsum</strong></span> <span class='ocrx_word' id='word_1_56' title='bbox 1332 858 1634 928; x_wconf 88' lang='lat' dir='ltr'><strong>accipiens.</strong></span> <span class='ocrx_word' id='word_1_57' title='bbox 1671 877 1689 909; x_wconf 82' lang='grc' dir='ltr'><strong>ι</strong></span> <span class='ocrx_word' id='word_1_58' title='bbox 1713 857 1958 925; x_wconf 82' lang='lat' dir='ltr'><strong>Quarum</strong></span> <span class='ocrx_word' id='word_1_59' title='bbox 1990 856 2137 911; x_wconf 89' lang='lat' dir='ltr'><strong>enim</strong></span> <span class='ocrx_word' id='word_1_60' title='bbox 2173 867 2384 916; x_wconf 91' lang='lat' dir='ltr'><strong>rerum,</strong></span> 
     </span>
    </p>
   </div>
   <div class='ocr_carea' id='block_1_10' title="bbox 802 944 2385 1020">
    <p class='ocr_par' dir='ltr' id='par_1_10' title="bbox 802 944 2385 1020">
     <span class='ocr_line' id='line_1_10' title="bbox 802 944 2385 1020; baseline -0.003 -17"><span class='ocrx_word' id='word_1_61' title='bbox 802 951 983 1020; x_wconf 89' lang='lat' dir='ltr'><strong>inquit</strong></span> <span class='ocrx_word' id='word_1_62' title='bbox 1022 952 1307 1019; x_wconf 89' lang='lat' dir='ltr'><strong>magister,</strong></span> <span class='ocrx_word' id='word_1_63' title='bbox 1339 952 1533 1007; x_wconf 89' lang='lat' dir='ltr'><strong>laudes</strong></span> <span class='ocrx_word' id='word_1_64' title='bbox 1578 950 1727 1013; x_wconf 88' lang='lat' dir='ltr'><strong>novi,</strong></span> <span class='ocrx_word' id='word_1_65' title='bbox 1757 965 1949 1003; x_wconf 88' lang='lat' dir='ltr'><strong>earum</strong></span> <span class='ocrx_word' id='word_1_66' title='bbox 1981 962 2202 1019; x_wconf 88' lang='lat' dir='ltr'><strong>quoque</strong></span> <span class='ocrx_word' id='word_1_67' title='bbox 2238 944 2385 1000; x_wconf 85' lang='lat' dir='ltr'><strong>haud</strong></span> 
     </span>
    </p>
   </div>
   <div class='ocr_carea' id='block_1_11' title="bbox 800 1034 2387 1110">
    <p class='ocr_par' dir='ltr' id='par_1_11' title="bbox 800 1034 2387 1110">
     <span class='ocr_line' id='line_1_11' title="bbox 800 1034 2387 1110; baseline -0.003 -17"><span class='ocrx_word' id='word_1_68' title='bbox 800 1040 970 1095; x_wconf 83' lang='lat' dir='ltr'><strong>dubie</strong></span> <span class='ocrx_word' id='word_1_69' title='bbox 1004 1041 1343 1095; x_wconf 87' lang='lat' dir='ltr'><strong>incrementa</strong></span> <span class='ocrx_word' id='word_1_70' title='bbox 1363 1042 1645 1110; x_wconf 78' lang='lat' dir='ltr'><strong>explorata</strong></span> <span class='ocrx_word' id='word_1_71' title='bbox 1681 1040 1880 1102; x_wconf 81' lang='lat' dir='ltr'><strong>habeo,</strong></span> <span class='ocrx_word' id='word_1_72' title='bbox 1910 1056 1928 1089; x_wconf 76' lang='grc' dir='ltr'><strong>ι</strong></span> <span class='ocrx_word' id='word_1_73' title='bbox 1960 1040 2065 1092; x_wconf 89' lang='lat' dir='ltr'><strong>hoc</strong></span> <span class='ocrx_word' id='word_1_74' title='bbox 2100 1044 2209 1097; x_wconf 88' lang='lat' dir='ltr'><strong>est,</strong></span> <span class='ocrx_word' id='word_1_75' title='bbox 2237 1034 2387 1100; x_wconf 85' lang='lat' dir='ltr'><strong>Qua-</strong></span> 
     </span>
    </p>
   </div>
   <div class='ocr_carea' id='block_1_12' title="bbox 804 1127 2389 1196">
    <p class='ocr_par' dir='ltr' id='par_1_12' title="bbox 804 1127 2389 1196">
     <span class='ocr_line' id='line_1_12' title="bbox 804 1127 2389 1196; baseline -0.001 -12"><span class='ocrx_word' id='word_1_76' title='bbox 804 1147 929 1185; x_wconf 89' lang='lat' dir='ltr'><strong>rum</strong></span> <span class='ocrx_word' id='word_1_77' title='bbox 967 1147 1156 1186; x_wconf 88' lang='lat' dir='ltr'><strong>rerum</strong></span> <span class='ocrx_word' id='word_1_78' title='bbox 1207 1132 1400 1187; x_wconf 85' lang='lat' dir='ltr'><strong>laudes</strong></span> <span class='ocrx_word' id='word_1_79' title='bbox 1447 1132 1596 1193; x_wconf 82' lang='lat' dir='ltr'><strong>novi,</strong></span> <span class='ocrx_word' id='word_1_80' title='bbox 1643 1131 1811 1185; x_wconf 87' lang='lat' dir='ltr'><strong>etiam</strong></span> <span class='ocrx_word' id='word_1_81' title='bbox 1851 1128 2137 1183; x_wconf 85' lang='lat' dir='ltr'><strong>hominum</strong></span> <span class='ocrx_word' id='word_1_82' title='bbox 2168 1127 2265 1196; x_wconf 88' lang='lat' dir='ltr'><strong>qui</strong></span> <span class='ocrx_word' id='word_1_83' title='bbox 2294 1140 2389 1182; x_wconf 89' lang='lat' dir='ltr'><strong>eas</strong></span> 
     </span>
    </p>
   </div>
   <div class='ocr_carea' id='block_1_13' title="bbox 803 1218 2386 1293">
    <p class='ocr_par' dir='ltr' id='par_1_13' title="bbox 803 1218 2386 1293">
     <span class='ocr_line' id='line_1_13' title="bbox 803 1218 2386 1293; baseline -0.002 -17"><span class='ocrx_word' id='word_1_84' title='bbox 803 1223 1088 1293; x_wconf 89' lang='lat' dir='ltr'><strong>accipiunt</strong></span> <span class='ocrx_word' id='word_1_85' title='bbox 1135 1224 1431 1278; x_wconf 82' lang='lat' dir='ltr'><strong>manifesto</strong></span> <span class='ocrx_word' id='word_1_86' title='bbox 1458 1224 1526 1277; x_wconf 89' lang='lat' dir='ltr'><strong>ad</strong></span> <span class='ocrx_word' id='word_1_87' title='bbox 1558 1225 1819 1277; x_wconf 80' lang='lat' dir='ltr'><strong>virtutem</strong></span> <span class='ocrx_word' id='word_1_88' title='bbox 1865 1222 2205 1275; x_wconf 90' lang='lat' dir='ltr'><strong>incrementa</strong></span> <span class='ocrx_word' id='word_1_89' title='bbox 2236 1218 2386 1273; x_wconf 91' lang='lat' dir='ltr'><strong>novi.</strong></span> 
     </span>
    </p>
   </div>
   <div class='ocr_carea' id='block_1_14' title="bbox 803 1313 2387 1385">
    <p class='ocr_par' dir='ltr' id='par_1_14' title="bbox 803 1313 2387 1385">
     <span class='ocr_line' id='line_1_14' title="bbox 803 1313 2387 1385; baseline -0.003 -15"><span class='ocrx_word' id='word_1_90' title='bbox 803 1314 1062 1370; x_wconf 85' lang='lat' dir='ltr'><strong>Omnium</strong></span> <span class='ocrx_word' id='word_1_91' title='bbox 1083 1316 1253 1385; x_wconf 90' lang='lat' dir='ltr'><strong>igitur</strong></span> <span class='ocrx_word' id='word_1_92' title='bbox 1288 1330 1475 1369; x_wconf 90' lang='lat' dir='ltr'><strong>rerum</strong></span> <span class='ocrx_word' id='word_1_93' title='bbox 1500 1315 1761 1369; x_wconf 78' lang='lat' dir='ltr'><strong>videlicet</strong></span> <span class='ocrx_word' id='word_1_94' title='bbox 1781 1313 2037 1367; x_wconf 80' lang='lat' dir='ltr'><strong>laudibus</strong></span> <span class='ocrx_word' id='word_1_95' title='bbox 2069 1321 2387 1365; x_wconf 88' lang='lat' dir='ltr'><strong>ornatarum</strong></span> 
     </span>
    </p>
   </div>
   <div class='ocr_carea' id='block_1_15' title="bbox 804 1402 2392 1475">
    <p class='ocr_par' dir='ltr' id='par_1_15' title="bbox 804 1402 2392 1475">
     <span class='ocr_line' id='line_1_15' title="bbox 804 1402 2392 1475; baseline -0.003 -15"><span class='ocrx_word' id='word_1_96' title='bbox 804 1407 954 1460; x_wconf 88' lang='lat' dir='ltr'><strong>nulla</strong></span> <span class='ocrx_word' id='word_1_97' title='bbox 1002 1415 1089 1461; x_wconf 88' lang='lat' dir='ltr'><strong>est</strong></span> <span class='ocrx_word' id='word_1_98' title='bbox 1135 1406 1365 1460; x_wconf 84' lang='lat' dir='ltr'><strong>omnino</strong></span> <span class='ocrx_word' id='word_1_99' title='bbox 1400 1407 1468 1459; x_wconf 89' lang='lat' dir='ltr'><strong>de</strong></span> <span class='ocrx_word' id='word_1_100' title='bbox 1500 1422 1608 1475; x_wconf 88' lang='lat' dir='ltr'><strong>qua</strong></span> <span class='ocrx_word' id='word_1_101' title='bbox 1653 1422 1763 1459; x_wconf 84' lang='lat' dir='ltr'><strong>non</strong></span> <span class='ocrx_word' id='word_1_102' title='bbox 1806 1420 2002 1457; x_wconf 90' lang='lat' dir='ltr'><strong>eorum</strong></span> <span class='ocrx_word' id='word_1_103' title='bbox 2050 1403 2145 1472; x_wconf 87' lang='lat' dir='ltr'><strong>qui</strong></span> <span class='ocrx_word' id='word_1_104' title='bbox 2194 1403 2262 1456; x_wconf 89' lang='lat' dir='ltr'><strong>iis</strong></span> <span class='ocrx_word' id='word_1_105' title='bbox 2301 1402 2392 1455; x_wconf 63' lang='lat' dir='ltr'><strong>lae-</strong></span> 
     </span>
    </p>
   </div>
   <div class='ocr_carea' id='block_1_16' title="bbox 807 1495 2389 1563">
    <p class='ocr_par' dir='ltr' id='par_1_16' title="bbox 807 1495 2389 1563">
     <span class='ocr_line' id='line_1_16' title="bbox 807 1495 2389 1563; baseline -0.003 -12"><span class='ocrx_word' id='word_1_106' title='bbox 807 1507 994 1551; x_wconf 92' lang='lat' dir='ltr'><strong>tantur</strong></span> <span class='ocrx_word' id='word_1_107' title='bbox 1036 1498 1441 1553; x_wconf 86' lang='lat' dir='ltr'><strong>incrementum</strong></span> <span class='ocrx_word' id='word_1_108' title='bbox 1481 1500 1763 1562; x_wconf 80' lang='lat' dir='ltr'><strong>invenias;</strong></span> <span class='ocrx_word' id='word_1_109' title='bbox 1813 1497 1899 1551; x_wconf 94' lang='lat' dir='ltr'><strong>vel</strong></span> <span class='ocrx_word' id='word_1_110' title='bbox 1947 1511 2073 1550; x_wconf 89' lang='lat' dir='ltr'><strong>cum</strong></span> <span class='ocrx_word' id='word_1_111' title='bbox 2119 1495 2172 1548; x_wconf 93' lang='lat' dir='ltr'><strong>in</strong></span> <span class='ocrx_word' id='word_1_112' title='bbox 2221 1509 2389 1563; x_wconf 89' lang='lat' dir='ltr'><strong>supe-</strong></span> 
     </span>
    </p>
   </div>
   <div class='ocr_carea' id='block_1_17' title="bbox 809 1586 2388 1659">
    <p class='ocr_par' dir='ltr' id='par_1_17' title="bbox 809 1586 2388 1659">
     <span class='ocr_line' id='line_1_17' title="bbox 809 1586 2388 1659; baseline -0.003 -17"><span class='ocrx_word' id='word_1_113' title='bbox 809 1589 1054 1644; x_wconf 90' lang='lat' dir='ltr'><strong>rioribus</strong></span> <span class='ocrx_word' id='word_1_114' title='bbox 1088 1591 1354 1659; x_wconf 81' lang='lat' dir='ltr'><strong>magister</strong></span> <span class='ocrx_word' id='word_1_115' title='bbox 1405 1591 1505 1643; x_wconf 83' lang='lat' dir='ltr'><strong>tria</strong></span> <span class='ocrx_word' id='word_1_116' title='bbox 1560 1588 1963 1658; x_wconf 84' lang='lat' dir='ltr'><strong>proposuisset,</strong></span> <span class='ocrx_word' id='word_1_117' title='bbox 2007 1586 2388 1654; x_wconf 89' lang='lat' dir='ltr'><strong>semetipsum,</strong></span> 
     </span>
    </p>
   </div>
   <div class='ocr_carea' id='block_1_18' title="bbox 810 1675 2391 1743">
    <p class='ocr_par' dir='ltr' id='par_1_18' title="bbox 810 1675 2391 1743">
     <span class='ocr_line' id='line_1_18' title="bbox 810 1675 2391 1743; baseline -0.004 -11"><span class='ocrx_word' id='word_1_118' title='bbox 810 1694 1119 1739; x_wconf 87' lang='lat' dir='ltr'><strong>sermones,</strong></span> <span class='ocrx_word' id='word_1_119' title='bbox 1166 1681 1392 1732; x_wconf 87' lang='lat' dir='ltr'><strong>virtutis</strong></span> <span class='ocrx_word' id='word_1_120' title='bbox 1442 1678 1786 1740; x_wconf 84' lang='lat' dir='ltr'><strong>laudatores,</strong></span> <span class='ocrx_word' id='word_1_121' title='bbox 1830 1677 1884 1730; x_wconf 90' lang='lat' dir='ltr'><strong>iu</strong></span> <span class='ocrx_word' id='word_1_122' title='bbox 1937 1676 2026 1729; x_wconf 90' lang='lat' dir='ltr'><strong>his</strong></span> <span class='ocrx_word' id='word_1_123' title='bbox 2068 1675 2391 1743; x_wconf 76' lang='lat' dir='ltr'><strong>complexus</strong></span> 
     </span>
    </p>
   </div>
   <div class='ocr_carea' id='block_1_19' title="bbox 808 1766 2390 1839">
    <p class='ocr_par' dir='ltr' id='par_1_19' title="bbox 808 1766 2390 1839">
     <span class='ocr_line' id='line_1_19' title="bbox 808 1766 2390 1839; baseline -0.003 -16"><span class='ocrx_word' id='word_1_124' title='bbox 808 1780 1099 1823; x_wconf 85' lang='lat' dir='ltr'><strong>oratorum</strong></span> <span class='ocrx_word' id='word_1_125' title='bbox 1146 1785 1297 1823; x_wconf 91' lang='lat' dir='ltr'><strong>more</strong></span> <span class='ocrx_word' id='word_1_126' title='bbox 1350 1770 1640 1839; x_wconf 81' lang='lat' dir='ltr'><strong>explicuit,</strong></span> <span class='ocrx_word' id='word_1_127' title='bbox 1692 1768 2112 1823; x_wconf 89' lang='lat' dir='ltr'><strong>inductionibus</strong></span> <span class='ocrx_word' id='word_1_128' title='bbox 2162 1766 2230 1821; x_wconf 88' lang='lat' dir='ltr'><strong>ad</strong></span> <span class='ocrx_word' id='word_1_129' title='bbox 2289 1767 2390 1819; x_wconf 88' lang='lat' dir='ltr'><strong>ista</strong></span> 
     </span>
    </p>
   </div>
   <div class='ocr_carea' id='block_1_20' title="bbox 2483 648 4068 741">
    <p class='ocr_par' dir='ltr' id='par_1_20' title="bbox 2483 648 4068 741">
     <span class='ocr_line' id='line_1_20' title="bbox 2483 648 4068 741; baseline -0.015 -15"><span class='ocrx_word' id='word_1_130' title='bbox 2483 688 2574 727; x_wconf 89' lang='grc' dir='ltr'><strong>ται</strong></span> <span class='ocrx_word' id='word_1_131' title='bbox 2612 672 2713 741; x_wconf 67' lang='grc' dir='ltr'>μιν</span> <span class='ocrx_word' id='word_1_132' title='bbox 2745 665 3177 740; x_wconf 65' lang='grc' dir='ltr'><strong>προστιθέμενος</strong></span> <span class='ocrx_word' id='word_1_133' title='bbox 3209 662 3360 732; x_wconf 81' lang='grc' dir='ltr'>αὑτῷ</span> <span class='ocrx_word' id='word_1_134' title='bbox 3409 660 3573 715; x_wconf 84' lang='grc' dir='ltr'>πλέον</span> <span class='ocrx_word' id='word_1_135' title='bbox 3600 655 3745 711; x_wconf 83' lang='grc' dir='ltr'>κατὰ</span> <span class='ocrx_word' id='word_1_136' title='bbox 3784 651 3968 723; x_wconf 76' lang='grc' dir='ltr'>ψυχὴν</span> <span class='ocrx_word' id='word_1_137' title='bbox 3997 648 4068 741; x_wconf 84' lang='grc' dir='ltr'><strong>ὡς</strong></span> 
     </span>
    </p>
   </div>
   <div class='ocr_carea' id='block_1_21' title="bbox 2485 740 4065 832">
    <p class='ocr_par' dir='ltr' id='par_1_21' title="bbox 2485 740 4065 832">
     <span class='ocr_line' id='line_1_21' title="bbox 2485 740 4065 832; baseline -0.015 -15"><span class='ocrx_word' id='word_1_138' title='bbox 2485 740 2809 832; x_wconf 81' lang='grc' dir='ltr'>καταθυμὶῳ</span> <span class='ocrx_word' id='word_1_139' title='bbox 2859 758 3172 829; x_wconf 79' lang='grc' dir='ltr'>πράγματι,</span> <span class='ocrx_word' id='word_1_140' title='bbox 3219 753 3619 825; x_wconf 80' lang='grc' dir='ltr'><strong>παρακαλεῖται</strong></span> <span class='ocrx_word' id='word_1_141' title='bbox 3671 748 3729 803; x_wconf 81' lang='grc' dir='ltr'><strong>δέ</strong></span> <span class='ocrx_word' id='word_1_142' title='bbox 3786 745 3889 814; x_wconf 78' lang='grc' dir='ltr'>τῆς</span> <span class='ocrx_word' id='word_1_143' title='bbox 3944 740 4065 795; x_wconf 78' lang='grc' dir='ltr'>κατ’</span> 
     </span>
    </p>
   </div>
   <div class='ocr_carea' id='block_1_22' title="bbox 2486 835 4068 913">
    <p class='ocr_par' dir='ltr' id='par_1_22' title="bbox 2486 835 4068 913">
     <span class='ocr_line' id='line_1_22' title="bbox 2486 835 4068 913; baseline -0.014 -6"><span class='ocrx_word' id='word_1_144' title='bbox 2486 852 2617 907; x_wconf 75' lang='grc' dir='ltr'>αὐτὸ</span> <span class='ocrx_word' id='word_1_145' title='bbox 2642 851 2886 913; x_wconf 80' lang='grc' dir='ltr'>πλείονος</span> <span class='ocrx_word' id='word_1_146' title='bbox 2916 847 3234 911; x_wconf 85' lang='grc' dir='ltr'>ἐπιδόσεως,</span> <span class='ocrx_word' id='word_1_147' title='bbox 3261 849 3327 901; x_wconf 90' lang='grc' dir='ltr'><strong>ἐκ</strong></span> <span class='ocrx_word' id='word_1_148' title='bbox 3360 845 3456 899; x_wconf 80' lang='grc' dir='ltr'><strong>τοῦ</strong></span> <span class='ocrx_word' id='word_1_149' title='bbox 3487 842 3615 913; x_wconf 75' lang='grc' dir='ltr'>περὶ</span> <span class='ocrx_word' id='word_1_150' title='bbox 3642 838 3809 894; x_wconf 81' lang='grc' dir='ltr'>αὑτοῦ</span> <span class='ocrx_word' id='word_1_151' title='bbox 3842 835 4068 905; x_wconf 82' lang='grc' dir='ltr'>δεχόμε-</span> 
     </span>
    </p>
   </div>
   <div class='ocr_carea' id='block_1_23' title="bbox 2486 924 4071 1008">
    <p class='ocr_par' dir='ltr' id='par_1_23' title="bbox 2486 924 4071 1008">
     <span class='ocr_line' id='line_1_23' title="bbox 2486 924 4071 1008; baseline -0.015 -11"><span class='ocrx_word' id='word_1_152' title='bbox 2486 962 2575 1006; x_wconf 88' lang='grc' dir='ltr'><strong>νος</strong></span> <span class='ocrx_word' id='word_1_153' title='bbox 2605 942 2831 996; x_wconf 86' lang='grc' dir='ltr'>ἐπαίνου</span> <span class='ocrx_word' id='word_1_154' title='bbox 2863 937 3084 1008; x_wconf 74' lang='grc' dir='ltr'>μείζονα</span> <span class='ocrx_word' id='word_1_155' title='bbox 3133 939 3475 1008; x_wconf 61' lang='grc' dir='ltr'>προτροπὴν.</span> <span class='ocrx_word' id='word_1_156' title='bbox 3504 951 3523 985; x_wconf 79' lang='grc' dir='ltr'><strong>ι</strong></span> <span class='ocrx_word' id='word_1_157' title='bbox 3553 926 3655 985; x_wconf 79' lang='grc' dir='ltr'>Ὧν</span> <span class='ocrx_word' id='word_1_158' title='bbox 3685 930 3817 998; x_wconf 81' lang='grc' dir='ltr'>γὰρ,</span> <span class='ocrx_word' id='word_1_159' title='bbox 3850 924 4020 995; x_wconf 74' lang='grc' dir='ltr'>φησὶν</span> <span class='ocrx_word' id='word_1_160' title='bbox 4044 924 4071 975; x_wconf 86' lang='grc' dir='ltr'><strong>ό</strong></span> 
     </span>
    </p>
   </div>
   <div class='ocr_carea' id='block_1_24' title="bbox 2485 1014 4074 1095">
    <p class='ocr_par' dir='ltr' id='par_1_24' title="bbox 2485 1014 4074 1095">
     <span class='ocr_line' id='line_1_24' title="bbox 2485 1014 4074 1095; baseline -0.013 -11"><span class='ocrx_word' id='word_1_161' title='bbox 2485 1029 2829 1095; x_wconf 80' lang='grc' dir='ltr'>διδάσκαλος,</span> <span class='ocrx_word' id='word_1_162' title='bbox 2855 1028 2984 1091; x_wconf 75' lang='grc' dir='ltr'>τοὺς</span> <span class='ocrx_word' id='word_1_163' title='bbox 3026 1027 3284 1087; x_wconf 88' lang='grc' dir='ltr'>ἐπαίνους</span> <span class='ocrx_word' id='word_1_164' title='bbox 3331 1020 3473 1087; x_wconf 78' lang='grc' dir='ltr'>οῖδα,</span> <span class='ocrx_word' id='word_1_165' title='bbox 3518 1021 3729 1076; x_wconf 89' lang='grc' dir='ltr'>τούτων</span> <span class='ocrx_word' id='word_1_166' title='bbox 3754 1016 3949 1086; x_wconf 78' lang='grc' dir='ltr'>σαφῶς</span> <span class='ocrx_word' id='word_1_167' title='bbox 3982 1014 4074 1065; x_wconf 72' lang='grc' dir='ltr'>καὶ</span> 
     </span>
    </p>
   </div>
   <div class='ocr_carea' id='block_1_25' title="bbox 2488 1106 4073 1185">
    <p class='ocr_par' dir='ltr' id='par_1_25' title="bbox 2488 1106 4073 1185">
     <span class='ocr_line' id='line_1_25' title="bbox 2488 1106 4073 1185; baseline -0.005 -12"><span class='ocrx_word' id='word_1_168' title='bbox 2488 1120 2782 1185; x_wconf 79' lang='grc' dir='ltr'><strong>ἐπιδόσεις,</strong></span> <span class='ocrx_word' id='word_1_169' title='bbox 2836 1136 2856 1172; x_wconf 79' lang='lat' dir='ltr'><strong>s</strong></span> <span class='ocrx_word' id='word_1_170' title='bbox 2907 1118 3207 1181; x_wconf 89' lang='grc' dir='ltr'>τουτέστιν,</span> <span class='ocrx_word' id='word_1_171' title='bbox 3256 1108 3332 1170; x_wconf 80' lang='grc' dir='ltr'>ὧν</span> <span class='ocrx_word' id='word_1_172' title='bbox 3383 1110 3503 1168; x_wconf 75' lang='grc' dir='ltr'>οἴδα</span> <span class='ocrx_word' id='word_1_173' title='bbox 3551 1111 3901 1182; x_wconf 77' lang='grc' dir='ltr'>πραγμάτων</span> <span class='ocrx_word' id='word_1_174' title='bbox 3950 1106 4073 1165; x_wconf 67' lang='grc' dir='ltr'>τοὺς</span> 
     </span>
    </p>
   </div>
   <div class='ocr_carea' id='block_1_26' title="bbox 2491 1198 4076 1276">
    <p class='ocr_par' dir='ltr' id='par_1_26' title="bbox 2491 1198 4076 1276">
     <span class='ocr_line' id='line_1_26' title="bbox 2491 1198 4076 1276; baseline -0.01 -12"><span class='ocrx_word' id='word_1_175' title='bbox 2491 1211 2768 1274; x_wconf 89' lang='grc' dir='ltr'>ἐπαίνους,</span> <span class='ocrx_word' id='word_1_176' title='bbox 2820 1210 2915 1264; x_wconf 75' lang='grc' dir='ltr'>καὶ</span> <span class='ocrx_word' id='word_1_177' title='bbox 2970 1208 3081 1262; x_wconf 89' lang='grc' dir='ltr'><strong>τῶν</strong></span> <span class='ocrx_word' id='word_1_178' title='bbox 3113 1207 3535 1276; x_wconf 75' lang='grc' dir='ltr'><strong>ἀποδεχομένων</strong></span> <span class='ocrx_word' id='word_1_179' title='bbox 3575 1202 3718 1258; x_wconf 85' lang='grc' dir='ltr'>αὑτά</span> <span class='ocrx_word' id='word_1_180' title='bbox 3747 1200 3942 1268; x_wconf 77' lang='grc' dir='ltr'>σαφῶς</span> <span class='ocrx_word' id='word_1_181' title='bbox 3980 1198 4076 1251; x_wconf 65' lang='grc' dir='ltr'><strong>ἀν-</strong></span> 
     </span>
    </p>
   </div>
   <div class='ocr_carea' id='block_1_27' title="bbox 2491 1291 4075 1372">
    <p class='ocr_par' dir='ltr' id='par_1_27' title="bbox 2491 1291 4075 1372">
     <span class='ocr_line' id='line_1_27' title="bbox 2491 1291 4075 1372; baseline -0.001 -19"><span class='ocrx_word' id='word_1_182' title='bbox 2491 1302 2726 1372; x_wconf 87' lang='grc' dir='ltr'>θρὼπων</span> <span class='ocrx_word' id='word_1_183' title='bbox 2746 1302 2847 1364; x_wconf 76' lang='grc' dir='ltr'>τὰς</span> <span class='ocrx_word' id='word_1_184' title='bbox 2869 1304 2951 1364; x_wconf 88' lang='grc' dir='ltr'><strong>εἰς</strong></span> <span class='ocrx_word' id='word_1_185' title='bbox 2975 1301 3177 1371; x_wconf 77' lang='grc' dir='ltr'>ἀρετὴν</span> <span class='ocrx_word' id='word_1_186' title='bbox 3201 1299 3495 1359; x_wconf 81' lang='grc' dir='ltr'>ἐπιδόσεις,</span> <span class='ocrx_word' id='word_1_187' title='bbox 3518 1297 3685 1368; x_wconf 70' lang='grc' dir='ltr'>ἧγουν</span> <span class='ocrx_word' id='word_1_188' title='bbox 3716 1291 4075 1360; x_wconf 73' lang='grc' dir='ltr'>ἐπαυξήσεις.</span> 
     </span>
    </p>
   </div>
   <div class='ocr_carea' id='block_1_28' title="bbox 2491 1382 4079 1461">
    <p class='ocr_par' dir='ltr' id='par_1_28' title="bbox 2491 1382 4079 1461">
     <span class='ocr_line' id='line_1_28' title="bbox 2491 1382 4079 1461; baseline -0.012 -14"><span class='ocrx_word' id='word_1_189' title='bbox 2491 1395 2812 1461; x_wconf 85' lang='grc' dir='ltr'>ἐπίσταμαι.</span> <span class='ocrx_word' id='word_1_190' title='bbox 2855 1393 2973 1445; x_wconf 85' lang='grc' dir='ltr'><strong>Ἐπ’</strong></span> <span class='ocrx_word' id='word_1_191' title='bbox 3016 1390 3230 1453; x_wconf 81' lang='grc' dir='ltr'>οὐδενὸς</span> <span class='ocrx_word' id='word_1_192' title='bbox 3266 1385 3361 1443; x_wconf 77' lang='grc' dir='ltr'>οὖν</span> <span class='ocrx_word' id='word_1_193' title='bbox 3394 1387 3503 1441; x_wconf 88' lang='grc' dir='ltr'><strong>τῶν</strong></span> <span class='ocrx_word' id='word_1_194' title='bbox 3544 1383 3898 1455; x_wconf 78' lang='grc' dir='ltr'>πραγμάτων</span> <span class='ocrx_word' id='word_1_195' title='bbox 3944 1382 4079 1432; x_wconf 61' lang='grc' dir='ltr'>πρὶν-</span> 
     </span>
    </p>
   </div>
   <div class='ocr_carea' id='block_1_29' title="bbox 2492 1466 4081 1555">
    <p class='ocr_par' dir='ltr' id='par_1_29' title="bbox 2492 1466 4081 1555">
     <span class='ocr_line' id='line_1_29' title="bbox 2492 1466 4081 1555; baseline -0.011 -16"><span class='ocrx_word' id='word_1_196' title='bbox 2492 1503 2599 1539; x_wconf 88' lang='grc' dir='ltr'><strong>των</strong></span> <span class='ocrx_word' id='word_1_197' title='bbox 2629 1484 2872 1555; x_wconf 85' lang='grc' dir='ltr'>δηλονότι</span> <span class='ocrx_word' id='word_1_198' title='bbox 2901 1483 3011 1537; x_wconf 89' lang='grc' dir='ltr'><strong>τῶν</strong></span> <span class='ocrx_word' id='word_1_199' title='bbox 3044 1482 3454 1550; x_wconf 73' lang='grc' dir='ltr'>ἐπαινουμένων</span> <span class='ocrx_word' id='word_1_200' title='bbox 3475 1478 3578 1532; x_wconf 81' lang='grc' dir='ltr'>οὐκ</span> <span class='ocrx_word' id='word_1_201' title='bbox 3603 1479 3755 1530; x_wconf 82' lang='grc' dir='ltr'>ἐστιν</span> <span class='ocrx_word' id='word_1_202' title='bbox 3794 1476 3887 1542; x_wconf 79' lang='grc' dir='ltr'>ἐφ’</span> <span class='ocrx_word' id='word_1_203' title='bbox 3930 1466 4081 1539; x_wconf 78' lang='grc' dir='ltr'>ᾧτινι</span> 
     </span>
    </p>
   </div>
   <div class='ocr_carea' id='block_1_30' title="bbox 2491 1566 4081 1648">
    <p class='ocr_par' dir='ltr' id='par_1_30' title="bbox 2491 1566 4081 1648">
     <span class='ocr_line' id='line_1_30' title="bbox 2491 1566 4081 1648; baseline -0.01 -17"><span class='ocrx_word' id='word_1_204' title='bbox 2491 1579 2613 1648; x_wconf 79' lang='grc' dir='ltr'>οὐχὶ</span> <span class='ocrx_word' id='word_1_205' title='bbox 2667 1578 2889 1639; x_wconf 80' lang='grc' dir='ltr'>πάντως</span> <span class='ocrx_word' id='word_1_206' title='bbox 2932 1576 3042 1628; x_wconf 89' lang='grc' dir='ltr'><strong>τῶν</strong></span> <span class='ocrx_word' id='word_1_207' title='bbox 3091 1574 3179 1627; x_wconf 72' lang='grc' dir='ltr'>ἐπ’</span> <span class='ocrx_word' id='word_1_208' title='bbox 3205 1572 3392 1633; x_wconf 84' lang='grc' dir='ltr'>αὑτοῖς</span> <span class='ocrx_word' id='word_1_209' title='bbox 3429 1570 3712 1640; x_wconf 78' lang='grc' dir='ltr'>ἡδομένων</span> <span class='ocrx_word' id='word_1_210' title='bbox 3755 1566 3948 1636; x_wconf 78' lang='grc' dir='ltr'>εὕροις</span> <span class='ocrx_word' id='word_1_211' title='bbox 3986 1567 4081 1629; x_wconf 77' lang='grc' dir='ltr'>τὴν</span> 
     </span>
    </p>
   </div>
   <div class='ocr_carea' id='block_1_31' title="bbox 2493 1655 4080 1739">
    <p class='ocr_par' dir='ltr' id='par_1_31' title="bbox 2493 1655 4080 1739">
     <span class='ocr_line' id='line_1_31' title="bbox 2493 1655 4080 1739; baseline -0.011 -16"><span class='ocrx_word' id='word_1_212' title='bbox 2493 1668 2797 1739; x_wconf 72' lang='grc' dir='ltr'>ἐπαύξησιν</span> <span class='ocrx_word' id='word_1_213' title='bbox 2816 1680 2831 1696; x_wconf 88' lang='grc'>⁶</span> <span class='ocrx_word' id='word_1_214' title='bbox 2866 1667 2900 1736; x_wconf 83' lang='grc' dir='ltr'><strong>ἢ</strong></span> <span class='ocrx_word' id='word_1_215' title='bbox 2924 1665 3112 1734; x_wconf 82' lang='grc' dir='ltr'>ἐπειδὴ</span> <span class='ocrx_word' id='word_1_216' title='bbox 3140 1662 3269 1734; x_wconf 81' lang='grc' dir='ltr'>τρία</span> <span class='ocrx_word' id='word_1_217' title='bbox 3293 1660 3516 1733; x_wconf 77' lang='grc' dir='ltr'>προθεὶς</span> <span class='ocrx_word' id='word_1_218' title='bbox 3536 1661 3565 1713; x_wconf 85' lang='grc' dir='ltr'>ὁ</span> <span class='ocrx_word' id='word_1_219' title='bbox 3584 1656 3912 1717; x_wconf 75' lang='grc' dir='ltr'>διδάσκαλος</span> <span class='ocrx_word' id='word_1_220' title='bbox 3941 1655 4080 1707; x_wconf 77' lang='grc' dir='ltr'>ἀνω-</span> 
     </span>
    </p>
   </div>
   <div class='ocr_carea' id='block_1_32' title="bbox 2495 1746 4083 1832">
    <p class='ocr_par' dir='ltr' id='par_1_32' title="bbox 2495 1746 4083 1832">
     <span class='ocr_line' id='line_1_32' title="bbox 2495 1746 4083 1832; baseline -0.013 -17"><span class='ocrx_word' id='word_1_221' title='bbox 2495 1763 2663 1832; x_wconf 84' lang='grc' dir='ltr'>τέρω,</span> <span class='ocrx_word' id='word_1_222' title='bbox 2698 1758 2911 1822; x_wconf 80' lang='grc' dir='ltr'>ἐαυτὸν,</span> <span class='ocrx_word' id='word_1_223' title='bbox 2946 1758 3073 1819; x_wconf 79' lang='grc' dir='ltr'>τοὺς</span> <span class='ocrx_word' id='word_1_224' title='bbox 3109 1754 3323 1822; x_wconf 85' lang='grc' dir='ltr'>λόγους,</span> <span class='ocrx_word' id='word_1_225' title='bbox 3372 1752 3501 1815; x_wconf 77' lang='grc' dir='ltr'>τοὺς</span> <span class='ocrx_word' id='word_1_226' title='bbox 3544 1751 3645 1819; x_wconf 80' lang='grc' dir='ltr'>τῆς</span> <span class='ocrx_word' id='word_1_227' title='bbox 3682 1747 3893 1818; x_wconf 79' lang='grc' dir='ltr'>ἀρετ-ἧς</span> <span class='ocrx_word' id='word_1_228' title='bbox 3924 1746 4083 1796; x_wconf 78' lang='grc' dir='ltr'>ἐπαι-</span> 
     </span>
    </p>
   </div>
   <div class='ocr_carea' id='block_1_33' title="bbox 812 1828 2405 1932">
    <p class='ocr_par' dir='ltr' id='par_1_33' title="bbox 812 1860 2394 1932">
     <span class='ocr_line' id='line_1_33' title="bbox 812 1860 2394 1932; baseline -0.003 -15"><span class='ocrx_word' id='word_1_229' title='bbox 812 1862 918 1917; x_wconf 86' lang='lat' dir='ltr'><strong>tria</strong></span> <span class='ocrx_word' id='word_1_230' title='bbox 962 1862 1417 1926; x_wconf 82' lang='lat' dir='ltr'><strong>accommodatis,</strong></span> <span class='ocrx_word' id='word_1_231' title='bbox 1462 1863 1532 1916; x_wconf 88' lang='lat' dir='ltr'><strong>de</strong></span> <span class='ocrx_word' id='word_1_232' title='bbox 1585 1862 1884 1932; x_wconf 88' lang='lat' dir='ltr'><strong>semetipso</strong></span> <span class='ocrx_word' id='word_1_233' title='bbox 1931 1860 2089 1931; x_wconf 88' lang='lat' dir='ltr'><strong>prius</strong></span> <span class='ocrx_word' id='word_1_234' title='bbox 2132 1873 2394 1914; x_wconf 84' lang='lat' dir='ltr'><strong>enarrare</strong></span> 
     </span>
    </p>
   </div>
   <div class='ocr_carea' id='block_1_34' title="bbox 2509 1828 4084 1932">
    <p class='ocr_par' dir='ltr' id='par_1_34' title="bbox 2509 1828 4084 1932">
     <span class='ocr_line' id='line_1_34' title="bbox 2509 1828 4084 1932; baseline -0.013 -25"><span class='ocrx_word' id='word_1_235' title='bbox 2509 1828 2679 1917; x_wconf 74' lang='grc' dir='ltr'>νέτας,</span> <span class='ocrx_word' id='word_1_236' title='bbox 2712 1854 2770 1905; x_wconf 90' lang='grc' dir='ltr'><strong>ἐν</strong></span> <span class='ocrx_word' id='word_1_237' title='bbox 2800 1850 3015 1913; x_wconf 82' lang='grc' dir='ltr'>τούτοις</span> <span class='ocrx_word' id='word_1_238' title='bbox 3047 1844 3367 1918; x_wconf 77' lang='grc' dir='ltr'>περιλαϐὼν</span> <span class='ocrx_word' id='word_1_239' title='bbox 3397 1843 3540 1897; x_wconf 76' lang='grc' dir='ltr'>κατὰ</span> <span class='ocrx_word' id='word_1_240' title='bbox 3569 1842 3807 1913; x_wconf 80' lang='grc' dir='ltr'>ῥήτορας</span> <span class='ocrx_word' id='word_1_241' title='bbox 3836 1835 4084 1932; x_wconf 52' lang='grc' dir='ltr'>ἐξήπλωῖ</span> 
     </span>
    </p>
   </div>
   <div class='ocr_carea' id='block_1_35' title="bbox 811 1950 2397 2022">
    <p class='ocr_par' dir='ltr' id='par_1_35' title="bbox 811 1950 2397 2022">
     <span class='ocr_line' id='line_1_35' title="bbox 811 1950 2397 2022; baseline -0.001 -17"><span class='ocrx_word' id='word_1_242' title='bbox 811 1952 1108 2022; x_wconf 85' lang='lat' dir='ltr'><strong>incipiens,</strong></span> <span class='ocrx_word' id='word_1_243' title='bbox 1164 1952 1365 2007; x_wconf 90' lang='lat' dir='ltr'><strong>deinde</strong></span> <span class='ocrx_word' id='word_1_244' title='bbox 1412 1968 1511 2022; x_wconf 85' lang='lat' dir='ltr'><strong>per</strong></span> <span class='ocrx_word' id='word_1_245' title='bbox 1558 1952 1771 2007; x_wconf 88' lang='lat' dir='ltr'><strong>medios</strong></span> <span class='ocrx_word' id='word_1_246' title='bbox 1814 1952 2042 2008; x_wconf 88' lang='lat' dir='ltr'><strong>virtutis</strong></span> <span class='ocrx_word' id='word_1_247' title='bbox 2079 1950 2397 2005; x_wconf 87' lang='lat' dir='ltr'><strong>laudatores</strong></span> 
     </span>
    </p>
   </div>
   <div class='ocr_carea' id='block_1_36' title="bbox 812 2041 2397 2113">
    <p class='ocr_par' dir='ltr' id='par_1_36' title="bbox 812 2041 2397 2113">
     <span class='ocr_line' id='line_1_36' title="bbox 812 2041 2397 2113; baseline -0.001 -17"><span class='ocrx_word' id='word_1_248' title='bbox 812 2058 1169 2113; x_wconf 87' lang='lat' dir='ltr'><strong>percurrens,</strong></span> <span class='ocrx_word' id='word_1_249' title='bbox 1217 2044 1271 2098; x_wconf 91' lang='lat' dir='ltr'><strong>in</strong></span> <span class='ocrx_word' id='word_1_250' title='bbox 1306 2059 1594 2099; x_wconf 87' lang='lat' dir='ltr'><strong>sermones</strong></span> <span class='ocrx_word' id='word_1_251' title='bbox 1637 2045 1759 2099; x_wconf 89' lang='lat' dir='ltr'><strong>illas</strong></span> <span class='ocrx_word' id='word_1_252' title='bbox 1791 2041 2227 2107; x_wconf 86' lang='lat' dir='ltr'><strong>consummavit;</strong></span> <span class='ocrx_word' id='word_1_253' title='bbox 2270 2056 2397 2096; x_wconf 87' lang='lat' dir='ltr'><strong>cum</strong></span> 
     </span>
    </p>
   </div>
   <div class='ocr_carea' id='block_1_37' title="bbox 811 2133 2399 2204">
    <p class='ocr_par' dir='ltr' id='par_1_37' title="bbox 811 2133 2399 2204">
     <span class='ocr_line' id='line_1_37' title="bbox 811 2133 2399 2204; baseline -0.002 -16"><span class='ocrx_word' id='word_1_254' title='bbox 811 2145 1201 2204; x_wconf 77' lang='lat' dir='ltr'><strong>argumentum</strong></span> <span class='ocrx_word' id='word_1_255' title='bbox 1230 2136 1299 2190; x_wconf 87' lang='lat' dir='ltr'><strong>ad</strong></span> <span class='ocrx_word' id='word_1_256' title='bbox 1346 2144 1598 2190; x_wconf 87' lang='lat' dir='ltr'><strong>sanctum</strong></span> <span class='ocrx_word' id='word_1_257' title='bbox 1631 2135 1893 2190; x_wconf 84' lang='lat' dir='ltr'><strong>Basilium</strong></span> <span class='ocrx_word' id='word_1_258' title='bbox 1924 2133 2399 2189; x_wconf 88' lang='lat' dir='ltr'><strong>accommodatum</strong></span> 
     </span>
    </p>
   </div>
   <div class='ocr_carea' id='block_1_38' title="bbox 810 2225 2401 2295">
    <p class='ocr_par' dir='ltr' id='par_1_38' title="bbox 810 2225 2401 2295">
     <span class='ocr_line' id='line_1_38' title="bbox 810 2225 2401 2295; baseline 0 -19"><span class='ocrx_word' id='word_1_259' title='bbox 810 2233 868 2277; x_wconf 89' lang='lat' dir='ltr'><strong>et</strong></span> <span class='ocrx_word' id='word_1_260' title='bbox 909 2225 1011 2294; x_wconf 87' lang='lat' dir='ltr'><strong>ipsi</strong></span> <span class='ocrx_word' id='word_1_261' title='bbox 1043 2226 1388 2286; x_wconf 85' lang='lat' dir='ltr'><strong>conveniret.</strong></span> <span class='ocrx_word' id='word_1_262' title='bbox 1424 2235 1485 2279; x_wconf 95' lang='lat' dir='ltr'><strong>ut</strong></span> <span class='ocrx_word' id='word_1_263' title='bbox 1531 2226 1817 2295; x_wconf 85' lang='lat' dir='ltr'><strong>magistro,</strong></span> <span class='ocrx_word' id='word_1_264' title='bbox 1858 2236 1919 2281; x_wconf 88' lang='lat' dir='ltr'><strong>et</strong></span> <span class='ocrx_word' id='word_1_265' title='bbox 1946 2225 2221 2280; x_wconf 78' lang='lat' dir='ltr'><strong>sermonis</strong></span> <span class='ocrx_word' id='word_1_266' title='bbox 2270 2238 2401 2293; x_wconf 86' lang='lat' dir='ltr'><strong>pro-</strong></span> 
     </span>
    </p>
   </div>
   <div class='ocr_carea' id='block_1_39' title="bbox 812 2317 2403 2386">
    <p class='ocr_par' dir='ltr' id='par_1_39' title="bbox 812 2317 2403 2386">
     <span class='ocr_line' id='line_1_39' title="bbox 812 2317 2403 2386; baseline -0.001 -16"><span class='ocrx_word' id='word_1_267' title='bbox 812 2317 1018 2386; x_wconf 86' lang='lat' dir='ltr'><strong>posito,</strong></span> <span class='ocrx_word' id='word_1_268' title='bbox 1070 2327 1128 2372; x_wconf 91' lang='lat' dir='ltr'><strong>et</strong></span> <span class='ocrx_word' id='word_1_269' title='bbox 1187 2317 1529 2371; x_wconf 90' lang='lat' dir='ltr'><strong>amatoribus</strong></span> <span class='ocrx_word' id='word_1_270' title='bbox 1580 2318 1827 2379; x_wconf 89' lang='lat' dir='ltr'><strong>virtutis,</strong></span> <span class='ocrx_word' id='word_1_271' title='bbox 1877 2319 1965 2372; x_wconf 85' lang='lat' dir='ltr'><strong>vel</strong></span> <span class='ocrx_word' id='word_1_272' title='bbox 2019 2317 2403 2371; x_wconf 86' lang='lat' dir='ltr'><strong>laudatoribus</strong></span> 
     </span>
    </p>
   </div>
   <div class='ocr_carea' id='block_1_40' title="bbox 812 2408 2401 2478">
    <p class='ocr_par' dir='ltr' id='par_1_40' title="bbox 812 2408 2401 2478">
     <span class='ocr_line' id='line_1_40' title="bbox 812 2408 2401 2478; baseline -0.001 -15"><span class='ocrx_word' id='word_1_273' title='bbox 812 2411 955 2477; x_wconf 83' lang='lat' dir='ltr'><strong>ejus,</strong></span> <span class='ocrx_word' id='word_1_274' title='bbox 981 2408 1379 2473; x_wconf 89' lang='lat' dir='ltr'><strong>desideratum,</strong></span> <span class='ocrx_word' id='word_1_275' title='bbox 1403 2424 1526 2478; x_wconf 59' lang='lat' dir='ltr'><strong>quae</strong></span> <span class='ocrx_word' id='word_1_276' title='bbox 1550 2424 1713 2464; x_wconf 86' lang='lat' dir='ltr'><strong>nosse</strong></span> <span class='ocrx_word' id='word_1_277' title='bbox 1732 2409 2052 2463; x_wconf 90' lang='lat' dir='ltr'><strong>desiderant</strong></span> <span class='ocrx_word' id='word_1_278' title='bbox 2073 2408 2401 2463; x_wconf 88' lang='lat' dir='ltr'><strong>incrementi</strong></span> 
     </span>
    </p>
   </div>
   <div class='ocr_carea' id='block_1_41' title="bbox 816 2499 2404 2571">
    <p class='ocr_par' dir='ltr' id='par_1_41' title="bbox 816 2499 2404 2571">
     <span class='ocr_line' id='line_1_41' title="bbox 816 2499 2404 2571; baseline -0.001 -18"><span class='ocrx_word' id='word_1_279' title='bbox 816 2500 871 2553; x_wconf 91' lang='lat' dir='ltr'><strong>in</strong></span> <span class='ocrx_word' id='word_1_280' title='bbox 908 2499 1172 2555; x_wconf 76' lang='lat' dir='ltr'><strong>virtutem</strong></span> <span class='ocrx_word' id='word_1_281' title='bbox 1208 2516 1309 2571; x_wconf 91' lang='lat' dir='ltr'><strong>per</strong></span> <span class='ocrx_word' id='word_1_282' title='bbox 1336 2501 1703 2555; x_wconf 86' lang='lat' dir='ltr'><strong>imitationem</strong></span> <span class='ocrx_word' id='word_1_283' title='bbox 1729 2501 1875 2570; x_wconf 90' lang='lat' dir='ltr'><strong>capti</strong></span> <span class='ocrx_word' id='word_1_284' title='bbox 1906 2501 2120 2564; x_wconf 90' lang='lat' dir='ltr'><strong>modos,</strong></span> <span class='ocrx_word' id='word_1_285' title='bbox 2159 2502 2404 2569; x_wconf 88' lang='lat' dir='ltr'><strong>ipsisque</strong></span> 
     </span>
    </p>
   </div>
   <div class='ocr_carea' id='block_1_42' title="bbox 814 2593 2405 2662">
    <p class='ocr_par' dir='ltr' id='par_1_42' title="bbox 814 2593 2405 2662">
     <span class='ocr_line' id='line_1_42' title="bbox 814 2593 2405 2662; baseline -0.001 -16"><span class='ocrx_word' id='word_1_286' title='bbox 814 2593 1168 2647; x_wconf 84' lang='lat' dir='ltr'><strong>sermonibus</strong></span> <span class='ocrx_word' id='word_1_287' title='bbox 1212 2601 1672 2656; x_wconf 86' lang='lat' dir='ltr'><strong>consentaneum,</strong></span> <span class='ocrx_word' id='word_1_288' title='bbox 1724 2602 1918 2662; x_wconf 89' lang='lat' dir='ltr'><strong>utpote</strong></span> <span class='ocrx_word' id='word_1_289' title='bbox 1960 2594 2405 2662; x_wconf 65' lang='lat' dir='ltr'><strong>praestantiarum</strong></span> 
     </span>
    </p>
   </div>
   <div class='ocr_carea' id='block_1_43' title="bbox 816 2674 2408 2753">
    <p class='ocr_par' dir='ltr' id='par_1_43' title="bbox 816 2674 2408 2753">
     <span class='ocr_line' id='line_1_43' title="bbox 816 2674 2408 2753; baseline 0 -16"><span class='ocrx_word' id='word_1_290' title='bbox 816 2684 1046 2738; x_wconf 88' lang='lat' dir='ltr'><strong>virtutis</strong></span> <span class='ocrx_word' id='word_1_291' title='bbox 1112 2674 1687 2739; x_wconf 87' lang='lat' dir='ltr'><strong>commendatoribus.</strong></span> <span class='ocrx_word' id='word_1_292' title='bbox 1744 2684 2043 2739; x_wconf 84' lang='lat' dir='ltr'><strong>Enimvero</strong></span> <span class='ocrx_word' id='word_1_293' title='bbox 2107 2683 2408 2753; x_wconf 89' lang='lat' dir='ltr'><strong>cujuslibet</strong></span> 
     </span>
    </p>
   </div>
   <div class='ocr_carea' id='block_1_44' title="bbox 816 2773 2405 2837">
    <p class='ocr_par' dir='ltr' id='par_1_44' title="bbox 816 2773 2405 2837">
     <span class='ocr_line' id='line_1_44' title="bbox 816 2773 2405 2837; baseline -0.001 -8"><span class='ocrx_word' id='word_1_294' title='bbox 816 2773 1061 2829; x_wconf 85' lang='lat' dir='ltr'><strong>hominis</strong></span> <span class='ocrx_word' id='word_1_295' title='bbox 1112 2775 1224 2829; x_wconf 91' lang='lat' dir='ltr'><strong>vita</strong></span> <span class='ocrx_word' id='word_1_296' title='bbox 1289 2776 1595 2830; x_wconf 86' lang='lat' dir='ltr'><strong>secundum</strong></span> <span class='ocrx_word' id='word_1_297' title='bbox 1663 2777 1833 2830; x_wconf 83' lang='lat' dir='ltr'><strong>Deum</strong></span> <span class='ocrx_word' id='word_1_298' title='bbox 1888 2775 2153 2829; x_wconf 83' lang='lat' dir='ltr'><strong>laudabili</strong></span> <span class='ocrx_word' id='word_1_299' title='bbox 2203 2774 2405 2837; x_wconf 89' lang='lat' dir='ltr'><strong>ornati,</strong></span> 
     </span>
    </p>
   </div>
   <div class='ocr_carea' id='block_1_45' title="bbox 818 2862 2405 2935">
    <p class='ocr_par' dir='ltr' id='par_1_45' title="bbox 818 2862 2405 2935">
     <span class='ocr_line' id='line_1_45' title="bbox 818 2862 2405 2935; baseline 0 -18"><span class='ocrx_word' id='word_1_300' title='bbox 818 2862 877 2917; x_wconf 84' lang='lat' dir='ltr'><strong>in</strong></span> <span class='ocrx_word' id='word_1_301' title='bbox 935 2864 1133 2932; x_wconf 86' lang='lat' dir='ltr'><strong>primis</strong></span> <span class='ocrx_word' id='word_1_302' title='bbox 1173 2878 1307 2918; x_wconf 90' lang='lat' dir='ltr'><strong>vero</strong></span> <span class='ocrx_word' id='word_1_303' title='bbox 1339 2864 1527 2918; x_wconf 82' lang='lat' dir='ltr'><strong>Basilii</strong></span> <span class='ocrx_word' id='word_1_304' title='bbox 1557 2866 1761 2935; x_wconf 81' lang='lat' dir='ltr'><strong>egregii</strong></span> <span class='ocrx_word' id='word_1_305' title='bbox 1818 2864 1989 2927; x_wconf 89' lang='lat' dir='ltr'><strong>illius,</strong></span> <span class='ocrx_word' id='word_1_306' title='bbox 2036 2864 2151 2918; x_wconf 86' lang='lat' dir='ltr'><strong>sive</strong></span> <span class='ocrx_word' id='word_1_307' title='bbox 2188 2879 2405 2919; x_wconf 90' lang='lat' dir='ltr'><strong>omnem</strong></span> 
     </span>
    </p>
   </div>
   <div class='ocr_carea' id='block_1_46' title="bbox 819 2958 2408 3029">
    <p class='ocr_par' dir='ltr' id='par_1_46' title="bbox 819 2958 2408 3029">
     <span class='ocr_line' id='line_1_46' title="bbox 819 2958 2408 3029; baseline -0.001 -17"><span class='ocrx_word' id='word_1_308' title='bbox 819 2958 1118 3026; x_wconf 90' lang='lat' dir='ltr'><strong>complecti</strong></span> <span class='ocrx_word' id='word_1_309' title='bbox 1162 2960 1468 3028; x_wconf 91' lang='lat' dir='ltr'><strong>potuerint,</strong></span> <span class='ocrx_word' id='word_1_310' title='bbox 1510 2969 1569 3015; x_wconf 94' lang='lat' dir='ltr'><strong>et</strong></span> <span class='ocrx_word' id='word_1_311' title='bbox 1593 2971 1853 3029; x_wconf 88' lang='lat' dir='ltr'><strong>tanquam</strong></span> <span class='ocrx_word' id='word_1_312' title='bbox 1877 2960 2057 3014; x_wconf 91' lang='lat' dir='ltr'><strong>vivam</strong></span> <span class='ocrx_word' id='word_1_313' title='bbox 2093 2969 2149 3014; x_wconf 88' lang='lat' dir='ltr'><strong>ct</strong></span> <span class='ocrx_word' id='word_1_314' title='bbox 2196 2960 2408 3014; x_wconf 90' lang='lat' dir='ltr'><strong>anima-</strong></span> 
     </span>
    </p>
   </div>
   <div class='ocr_carea' id='block_1_47' title="bbox 821 3049 2410 3124">
    <p class='ocr_par' dir='ltr' id='par_1_47' title="bbox 821 3049 2410 3124">
     <span class='ocr_line' id='line_1_47' title="bbox 821 3049 2410 3124; baseline 0.002 -22"><span class='ocrx_word' id='word_1_315' title='bbox 821 3057 933 3103; x_wconf 89' lang='lat' dir='ltr'><strong>tam</strong></span> <span class='ocrx_word' id='word_1_316' title='bbox 970 3049 1198 3105; x_wconf 86' lang='lat' dir='ltr'><strong>virtutis</strong></span> <span class='ocrx_word' id='word_1_317' title='bbox 1230 3053 1572 3107; x_wconf 88' lang='lat' dir='ltr'><strong>amatoribus</strong></span> <span class='ocrx_word' id='word_1_318' title='bbox 1624 3053 1903 3124; x_wconf 88' lang='lat' dir='ltr'><strong>subjicere</strong></span> <span class='ocrx_word' id='word_1_319' title='bbox 1950 3052 2268 3121; x_wconf 80' lang='lat' dir='ltr'><strong>imaginem,</strong></span> <span class='ocrx_word' id='word_1_320' title='bbox 2293 3050 2410 3105; x_wconf 85' lang='lat' dir='ltr'><strong>sive</strong></span> 
     </span>
    </p>
   </div>
   <div class='ocr_carea' id='block_1_48' title="bbox 2500 1923 4087 2006">
    <p class='ocr_par' dir='ltr' id='par_1_48' title="bbox 2500 1923 4087 2006">
     <span class='ocr_line' id='line_1_48' title="bbox 2500 1923 4087 2006; baseline -0.013 -11"><span class='ocrx_word' id='word_1_321' title='bbox 2500 1958 2581 2003; x_wconf 84' lang='grc' dir='ltr'><strong>σε,</strong></span> <span class='ocrx_word' id='word_1_322' title='bbox 2610 1939 2709 2002; x_wconf 84' lang='grc' dir='ltr'>τὰς</span> <span class='ocrx_word' id='word_1_323' title='bbox 2737 1938 3034 2006; x_wconf 76' lang='grc' dir='ltr'>ἐπαγωγὰς</span> <span class='ocrx_word' id='word_1_324' title='bbox 3084 1938 3201 1998; x_wconf 88' lang='grc' dir='ltr'>τοῖς</span> <span class='ocrx_word' id='word_1_325' title='bbox 3253 1934 3436 2005; x_wconf 79' lang='grc' dir='ltr'>τρισὶν</span> <span class='ocrx_word' id='word_1_326' title='bbox 3491 1929 3839 2001; x_wconf 76' lang='grc' dir='ltr'>ἐφαρμόσας,</span> <span class='ocrx_word' id='word_1_327' title='bbox 3896 1924 3994 1978; x_wconf 73' lang='grc' dir='ltr'>καὶ</span> <span class='ocrx_word' id='word_1_328' title='bbox 4031 1923 4087 1985; x_wconf 77' lang='grc' dir='ltr'>ἐξ</span> 
     </span>
    </p>
   </div>
   <div class='ocr_carea' id='block_1_49' title="bbox 2501 2009 4089 2097">
    <p class='ocr_par' dir='ltr' id='par_1_49' title="bbox 2501 2009 4089 2097">
     <span class='ocr_line' id='line_1_49' title="bbox 2501 2009 4089 2097; baseline -0.012 -15"><span class='ocrx_word' id='word_1_329' title='bbox 2501 2025 2696 2083; x_wconf 80' lang='grc' dir='ltr'>ἐαυτοῦ</span> <span class='ocrx_word' id='word_1_330' title='bbox 2724 2026 2990 2097; x_wconf 87' lang='grc' dir='ltr'>πρότερον</span> <span class='ocrx_word' id='word_1_331' title='bbox 3019 2023 3121 2093; x_wconf 77' lang='grc' dir='ltr'>τῆς</span> <span class='ocrx_word' id='word_1_332' title='bbox 3154 2021 3465 2085; x_wconf 82' lang='grc' dir='ltr'>ἀποδόσεως</span> <span class='ocrx_word' id='word_1_333' title='bbox 3494 2018 3827 2090; x_wconf 78' lang='grc' dir='ltr'>ἀρξάμενος,</span> <span class='ocrx_word' id='word_1_334' title='bbox 3856 2009 3977 2067; x_wconf 80' lang='grc' dir='ltr'>εἶτα</span> <span class='ocrx_word' id='word_1_335' title='bbox 4002 2012 4089 2063; x_wconf 69' lang='grc' dir='ltr'>διὰ</span> 
     </span>
    </p>
   </div>
   <div class='ocr_carea' id='block_1_50' title="bbox 2505 2105 4091 2191">
    <p class='ocr_par' dir='ltr' id='par_1_50' title="bbox 2505 2105 4091 2191">
     <span class='ocr_line' id='line_1_50' title="bbox 2505 2105 4091 2191; baseline -0.013 -17"><span class='ocrx_word' id='word_1_336' title='bbox 2505 2121 2686 2191; x_wconf 82' lang='grc' dir='ltr'>μέσων</span> <span class='ocrx_word' id='word_1_337' title='bbox 2710 2118 2820 2172; x_wconf 90' lang='grc' dir='ltr'><strong>τῶν</strong></span> <span class='ocrx_word' id='word_1_338' title='bbox 2849 2118 3049 2188; x_wconf 79' lang='grc' dir='ltr'>ἀρετῆς</span> <span class='ocrx_word' id='word_1_339' title='bbox 3075 2113 3387 2167; x_wconf 79' lang='grc' dir='ltr'>ἐπαινετῶν</span> <span class='ocrx_word' id='word_1_340' title='bbox 3413 2111 3661 2173; x_wconf 86' lang='grc' dir='ltr'>διελθὼν,</span> <span class='ocrx_word' id='word_1_341' title='bbox 3703 2110 3783 2171; x_wconf 84' lang='grc' dir='ltr'>εἰς</span> <span class='ocrx_word' id='word_1_342' title='bbox 3828 2107 3962 2168; x_wconf 69' lang='grc' dir='ltr'>τοὺς</span> <span class='ocrx_word' id='word_1_343' title='bbox 4009 2105 4091 2154; x_wconf 71' lang='grc' dir='ltr'>λόο</span> 
     </span>
    </p>
   </div>
   <div class='ocr_carea' id='block_1_51' title="bbox 2501 2196 4093 2279">
    <p class='ocr_par' dir='ltr' id='par_1_51' title="bbox 2501 2196 4093 2279">
     <span class='ocr_line' id='line_1_51' title="bbox 2501 2196 4093 2279; baseline -0.011 -16"><span class='ocrx_word' id='word_1_344' title='bbox 2501 2226 2632 2279; x_wconf 85' lang='grc' dir='ltr'>γους</span> <span class='ocrx_word' id='word_1_345' title='bbox 2660 2208 2831 2270; x_wconf 76' lang='grc' dir='ltr'>αὑτὰς</span> <span class='ocrx_word' id='word_1_346' title='bbox 2852 2206 3194 2277; x_wconf 82' lang='grc' dir='ltr'>ἐπλήρωσεν,</span> <span class='ocrx_word' id='word_1_347' title='bbox 3241 2203 3316 2267; x_wconf 81' lang='grc' dir='ltr'>ὡς</span> <span class='ocrx_word' id='word_1_348' title='bbox 3344 2204 3446 2272; x_wconf 79' lang='grc' dir='ltr'>τῆς</span> <span class='ocrx_word' id='word_1_349' title='bbox 3479 2202 3624 2255; x_wconf 68' lang='grc' dir='ltr'>κατὰ</span> <span class='ocrx_word' id='word_1_350' title='bbox 3670 2200 3762 2253; x_wconf 79' lang='grc' dir='ltr'>τὸν</span> <span class='ocrx_word' id='word_1_351' title='bbox 3791 2198 3954 2267; x_wconf 82' lang='grc' dir='ltr'>ᾶγιον</span> <span class='ocrx_word' id='word_1_352' title='bbox 3990 2196 4093 2246; x_wconf 83' lang='grc' dir='ltr'>Βα-</span> 
     </span>
    </p>
   </div>
   <div class='ocr_carea' id='block_1_52' title="bbox 2506 2288 4094 2367">
    <p class='ocr_par' dir='ltr' id='par_1_52' title="bbox 2506 2288 4094 2367">
     <span class='ocr_line' id='line_1_52' title="bbox 2506 2288 4094 2367; baseline -0.009 -12"><span class='ocrx_word' id='word_1_353' title='bbox 2506 2302 2707 2355; x_wconf 87' lang='grc' dir='ltr'>σίλειον</span> <span class='ocrx_word' id='word_1_354' title='bbox 2739 2299 3053 2362; x_wconf 77' lang='grc' dir='ltr'>ὑποθέσεως</span> <span class='ocrx_word' id='word_1_355' title='bbox 3082 2298 3179 2353; x_wconf 75' lang='grc' dir='ltr'>καὶ</span> <span class='ocrx_word' id='word_1_356' title='bbox 3236 2294 3387 2367; x_wconf 84' lang='grc' dir='ltr'>αὑτῷ</span> <span class='ocrx_word' id='word_1_357' title='bbox 3443 2293 3785 2366; x_wconf 81' lang='grc' dir='ltr'>πρεπούσης,</span> <span class='ocrx_word' id='word_1_358' title='bbox 3821 2292 3899 2353; x_wconf 86' lang='grc' dir='ltr'><strong>ὡς</strong></span> <span class='ocrx_word' id='word_1_359' title='bbox 3948 2288 4094 2342; x_wconf 83' lang='grc' dir='ltr'>διδα-</span> 
     </span>
    </p>
   </div>
   <div class='ocr_carea' id='block_1_53' title="bbox 2508 2382 4096 2458">
    <p class='ocr_par' dir='ltr' id='par_1_53' title="bbox 2508 2382 4096 2458">
     <span class='ocr_line' id='line_1_53' title="bbox 2508 2382 4096 2458; baseline -0.01 -11"><span class='ocrx_word' id='word_1_360' title='bbox 2508 2393 2713 2458; x_wconf 82' lang='grc' dir='ltr'>σκάλῳ,</span> <span class='ocrx_word' id='word_1_361' title='bbox 2763 2390 2859 2445; x_wconf 78' lang='grc' dir='ltr'>καὶ</span> <span class='ocrx_word' id='word_1_362' title='bbox 2917 2388 3012 2443; x_wconf 83' lang='grc' dir='ltr'>τοῦ</span> <span class='ocrx_word' id='word_1_363' title='bbox 3085 2388 3247 2454; x_wconf 88' lang='grc' dir='ltr'>λόγου</span> <span class='ocrx_word' id='word_1_364' title='bbox 3308 2384 3768 2457; x_wconf 71' lang='grc' dir='ltr'>προϐεϐλημένῳ,</span> <span class='ocrx_word' id='word_1_365' title='bbox 3822 2382 3921 2435; x_wconf 74' lang='grc' dir='ltr'>καὶ</span> <span class='ocrx_word' id='word_1_366' title='bbox 3984 2382 4096 2439; x_wconf 75' lang='grc' dir='ltr'>τοῖς</span> 
     </span>
    </p>
   </div>
   <div class='ocr_carea' id='block_1_54' title="bbox 2508 2469 4098 2551">
    <p class='ocr_par' dir='ltr' id='par_1_54' title="bbox 2508 2469 4098 2551">
     <span class='ocr_line' id='line_1_54' title="bbox 2508 2469 4098 2551; baseline -0.022 3"><span class='ocrx_word' id='word_1_367' title='bbox 2508 2481 2703 2551; x_wconf 72' lang='grc'><strong>(261.</strong></span> <span class='ocrx_word' id='word_1_368' title='bbox 2743 2480 2812 2549; x_wconf 81' lang='grc' dir='ltr'><strong>α)</strong></span> <span class='ocrx_word' id='word_1_369' title='bbox 2845 2477 3102 2546; x_wconf 78' lang='grc' dir='ltr'>ἀγαπῶσι</span> <span class='ocrx_word' id='word_1_370' title='bbox 3150 2476 3250 2544; x_wconf 78' lang='grc' dir='ltr'>τὴν</span> <span class='ocrx_word' id='word_1_371' title='bbox 3304 2476 3530 2546; x_wconf 78' lang='grc' dir='ltr'>ἀρετὴν,</span> <span class='ocrx_word' id='word_1_372' title='bbox 3577 2474 3749 2544; x_wconf 72' lang='grc' dir='ltr'>ἡγουν</span> <span class='ocrx_word' id='word_1_373' title='bbox 3777 2472 3896 2533; x_wconf 81' lang='grc' dir='ltr'>τοῖς</span> <span class='ocrx_word' id='word_1_374' title='bbox 3926 2469 4098 2535; x_wconf 67' lang='grc' dir='ltr'>αὐτῆς</span> 
     </span>
    </p>
   </div>
   <div class='ocr_carea' id='block_1_55' title="bbox 2507 2560 4099 2637">
    <p class='ocr_par' dir='ltr' id='par_1_55' title="bbox 2507 2560 4099 2637">
     <span class='ocr_line' id='line_1_55' title="bbox 2507 2560 4099 2637; baseline -0.007 -16"><span class='ocrx_word' id='word_1_375' title='bbox 2507 2568 2846 2631; x_wconf 80' lang='grc' dir='ltr'>ἐπαινέταις,</span> <span class='ocrx_word' id='word_1_376' title='bbox 2877 2566 3290 2637; x_wconf 84' lang='grc' dir='ltr'>πεποθημένης,</span> <span class='ocrx_word' id='word_1_377' title='bbox 3349 2560 3439 2618; x_wconf 81' lang='grc' dir='ltr'>οἶα</span> <span class='ocrx_word' id='word_1_378' title='bbox 3476 2563 3704 2616; x_wconf 76' lang='grc' dir='ltr'>ποθοῦσι</span> <span class='ocrx_word' id='word_1_379' title='bbox 3732 2562 3942 2630; x_wconf 85' lang='grc' dir='ltr'>γνῶναι</span> <span class='ocrx_word' id='word_1_380' title='bbox 3974 2561 4099 2620; x_wconf 57' lang='grc' dir='ltr'>τοὶς</span> 
     </span>
    </p>
   </div>
   <div class='ocr_carea' id='block_1_56' title="bbox 2505 2652 4101 2731">
    <p class='ocr_par' dir='ltr' id='par_1_56' title="bbox 2505 2652 4101 2731">
     <span class='ocr_line' id='line_1_56' title="bbox 2505 2652 4101 2731; baseline -0.006 -18"><span class='ocrx_word' id='word_1_381' title='bbox 2505 2660 2742 2731; x_wconf 84' lang='grc' dir='ltr'>τρόπους</span> <span class='ocrx_word' id='word_1_382' title='bbox 2783 2660 2882 2729; x_wconf 82' lang='grc' dir='ltr'><strong>τῆς</strong></span> <span class='ocrx_word' id='word_1_383' title='bbox 2925 2659 3014 2712; x_wconf 80' lang='grc' dir='ltr'><strong>διὰ</strong></span> <span class='ocrx_word' id='word_1_384' title='bbox 3052 2660 3339 2729; x_wconf 86' lang='grc' dir='ltr'>μιμήσεως</span> <span class='ocrx_word' id='word_1_385' title='bbox 3379 2658 3460 2719; x_wconf 82' lang='grc' dir='ltr'><strong>είς</strong></span> <span class='ocrx_word' id='word_1_386' title='bbox 3513 2654 3717 2726; x_wconf 82' lang='grc' dir='ltr'>ἀρετὴν</span> <span class='ocrx_word' id='word_1_387' title='bbox 3773 2652 4101 2713; x_wconf 75' lang='grc' dir='ltr'>ἐπιδόσεως,</span> 
     </span>
    </p>
   </div>
   <div class='ocr_carea' id='block_1_57' title="bbox 2509 2746 4107 2819">
    <p class='ocr_par' dir='ltr' id='par_1_57' title="bbox 2509 2746 4107 2819">
     <span class='ocr_line' id='line_1_57' title="bbox 2509 2746 4107 2819; baseline -0.006 -14"><span class='ocrx_word' id='word_1_388' title='bbox 2509 2752 2744 2814; x_wconf 73' lang='grc' dir='ltr'>καὶτοῖς</span> <span class='ocrx_word' id='word_1_389' title='bbox 2787 2750 2972 2818; x_wconf 86' lang='grc' dir='ltr'>λόγοις</span> <span class='ocrx_word' id='word_1_390' title='bbox 3010 2750 3197 2812; x_wconf 87' lang='grc' dir='ltr'>αὑτοῖς</span> <span class='ocrx_word' id='word_1_391' title='bbox 3225 2747 3599 2819; x_wconf 75' lang='grc' dir='ltr'>ἁρμοζούσης,</span> <span class='ocrx_word' id='word_1_392' title='bbox 3651 2747 3729 2809; x_wconf 85' lang='grc' dir='ltr'>ὼς</span> <span class='ocrx_word' id='word_1_393' title='bbox 3773 2746 4107 2814; x_wconf 75' lang='grc' dir='ltr'>ἐκφαντοριο</span> 
     </span>
    </p>
   </div>
   <div class='ocr_carea' id='block_1_58' title="bbox 2510 2836 4106 2913">
    <p class='ocr_par' dir='ltr' id='par_1_58' title="bbox 2510 2836 4106 2913">
     <span class='ocr_line' id='line_1_58' title="bbox 2510 2836 4106 2913; baseline -0.006 -16"><span class='ocrx_word' id='word_1_394' title='bbox 2510 2848 2626 2908; x_wconf 83' lang='grc' dir='ltr'>κοῖς</span> <span class='ocrx_word' id='word_1_395' title='bbox 2653 2843 2762 2897; x_wconf 82' lang='grc' dir='ltr'><strong>τῶν</strong></span> <span class='ocrx_word' id='word_1_396' title='bbox 2793 2845 2918 2897; x_wconf 79' lang='grc' dir='ltr'>κατ’</span> <span class='ocrx_word' id='word_1_397' title='bbox 2952 2841 3154 2913; x_wconf 75' lang='grc' dir='ltr'>ἀρετὴν</span> <span class='ocrx_word' id='word_1_398' title='bbox 3183 2841 3388 2894; x_wconf 83' lang='grc' dir='ltr'>καλῶν.</span> <span class='ocrx_word' id='word_1_399' title='bbox 3423 2839 3631 2901; x_wconf 85' lang='grc' dir='ltr'>Παντὸς</span> <span class='ocrx_word' id='word_1_400' title='bbox 3658 2837 3759 2907; x_wconf 82' lang='grc' dir='ltr'>μὲν</span> <span class='ocrx_word' id='word_1_401' title='bbox 3778 2836 3879 2889; x_wconf 76' lang='grc' dir='ltr'>οὖν</span> <span class='ocrx_word' id='word_1_402' title='bbox 3908 2836 4106 2904; x_wconf 69' lang='grc' dir='ltr'>ἀνδρὸς</span> 
     </span>
    </p>
   </div>
   <div class='ocr_carea' id='block_1_59' title="bbox 2513 2927 4110 3006">
    <p class='ocr_par' dir='ltr' id='par_1_59' title="bbox 2513 2927 4110 3006">
     <span class='ocr_line' id='line_1_59' title="bbox 2513 2927 4110 3006; baseline -0.007 -17"><span class='ocrx_word' id='word_1_403' title='bbox 2513 2937 2627 3006; x_wconf 82' lang='grc' dir='ltr'>βίον</span> <span class='ocrx_word' id='word_1_404' title='bbox 2655 2937 2872 3005; x_wconf 79' lang='grc' dir='ltr'>ἔχοντος</span> <span class='ocrx_word' id='word_1_405' title='bbox 2908 2934 3052 2988; x_wconf 82' lang='grc' dir='ltr'>κατὰ</span> <span class='ocrx_word' id='word_1_406' title='bbox 3089 2933 3224 2987; x_wconf 84' lang='grc' dir='ltr'>Θεὸν</span> <span class='ocrx_word' id='word_1_407' title='bbox 3278 2930 3696 3001; x_wconf 86' lang='grc' dir='ltr'>ἐπαινούμενον,</span> <span class='ocrx_word' id='word_1_408' title='bbox 3747 2927 3999 2998; x_wconf 77' lang='grc' dir='ltr'>μάλιστα</span> <span class='ocrx_word' id='word_1_409' title='bbox 4053 2928 4110 2978; x_wconf 78' lang='lat'><strong>6‘:</strong></span> 
     </span>
    </p>
   </div>
   <div class='ocr_carea' id='block_1_60' title="bbox 2514 3021 4111 3093">
    <p class='ocr_par' dir='ltr' id='par_1_60' title="bbox 2514 3021 4111 3093">
     <span class='ocr_line' id='line_1_60' title="bbox 2514 3021 4111 3093; baseline -0.007 -13"><span class='ocrx_word' id='word_1_410' title='bbox 2514 3028 2800 3082; x_wconf 82' lang='grc' dir='ltr'>Βασιλείου</span> <span class='ocrx_word' id='word_1_411' title='bbox 2834 3024 2930 3080; x_wconf 81' lang='grc' dir='ltr'>τοῦ</span> <span class='ocrx_word' id='word_1_412' title='bbox 2962 3026 3126 3090; x_wconf 75' lang='grc' dir='ltr'>πάνυ,</span> <span class='ocrx_word' id='word_1_413' title='bbox 3159 3024 3263 3079; x_wconf 73' lang='grc' dir='ltr'>κᾶν</span> <span class='ocrx_word' id='word_1_414' title='bbox 3288 3042 3349 3078; x_wconf 90' lang='grc' dir='ltr'><strong>τε</strong></span> <span class='ocrx_word' id='word_1_415' title='bbox 3401 3021 3675 3093; x_wconf 80' lang='grc' dir='ltr'>δυνηθῶσι</span> <span class='ocrx_word' id='word_1_416' title='bbox 3710 3022 3897 3074; x_wconf 82' lang='grc' dir='ltr'>πᾶσαν</span> <span class='ocrx_word' id='word_1_417' title='bbox 3952 3035 4111 3088; x_wconf 80' lang='grc' dir='ltr'>περι·</span> 
     </span>
    </p>
   </div>
   <div class='ocr_carea' id='block_1_61' title="bbox 822 3112 2405 3216">
    <p class='ocr_par' dir='ltr' id='par_1_61' title="bbox 822 3112 2405 3215">
     <span class='ocr_line' id='line_1_61' title="bbox 822 3112 2405 3215; baseline 0 -19"><span class='ocrx_word' id='word_1_418' title='bbox 822 3158 936 3196; x_wconf 82' lang='lat' dir='ltr'><strong>non</strong></span> <span class='ocrx_word' id='word_1_419' title='bbox 988 3143 1274 3212; x_wconf 89' lang='lat' dir='ltr'><strong>potuerint</strong></span> <span class='ocrx_word' id='word_1_420' title='bbox 1321 3144 1390 3197; x_wconf 92' lang='lat' dir='ltr'><strong>ad</strong></span> <span class='ocrx_word' id='word_1_421' title='bbox 1424 3145 1591 3215; x_wconf 87' lang='lat' dir='ltr'><strong>hujus</strong></span> <span class='ocrx_word' id='word_1_422' title='bbox 1622 3112 2059 3215; x_wconf 71' lang='lat' dir='ltr'><strong>magnitudinem</strong></span> <span class='ocrx_word' id='word_1_423' title='bbox 2095 3152 2405 3211; x_wconf 87' lang='lat' dir='ltr'><strong>penetrare,</strong></span> 
     </span>
    </p>
   </div>
   <div class='ocr_carea' id='block_1_62' title="bbox 2509 3112 4113 3216">
    <p class='ocr_par' dir='ltr' id='par_1_62' title="bbox 2515 3112 4113 3188">
     <span class='ocr_line' id='line_1_62' title="bbox 2515 3112 4113 3188; baseline -0.006 -16"><span class='ocrx_word' id='word_1_424' title='bbox 2515 3120 2719 3183; x_wconf 75' lang='grc' dir='ltr'>λαϐεῖν,</span> <span class='ocrx_word' id='word_1_425' title='bbox 2747 3120 2842 3171; x_wconf 73' lang='grc' dir='ltr'>καὶ</span> <span class='ocrx_word' id='word_1_426' title='bbox 2874 3118 3063 3188; x_wconf 83' lang='grc' dir='ltr'>ὥσπερ</span> <span class='ocrx_word' id='word_1_427' title='bbox 3117 3118 3307 3171; x_wconf 80' lang='grc' dir='ltr'>εἰκόνα</span> <span class='ocrx_word' id='word_1_428' title='bbox 3333 3114 3516 3179; x_wconf 78' lang='grc' dir='ltr'>ζῶσαν</span> <span class='ocrx_word' id='word_1_429' title='bbox 3554 3114 3649 3166; x_wconf 73' lang='grc' dir='ltr'>καὶ</span> <span class='ocrx_word' id='word_1_430' title='bbox 3698 3112 3951 3182; x_wconf 72' lang='grc' dir='ltr'>ἔμψυχον</span> <span class='ocrx_word' id='word_1_431' title='bbox 3983 3112 4113 3163; x_wconf 74' lang='grc' dir='ltr'>ὑπο-</span> 
     </span>
    </p>
   </div>
   <div class='ocr_carea' id='block_1_63' title="bbox 825 3234 2416 3305">
    <p class='ocr_par' dir='ltr' id='par_1_63' title="bbox 825 3234 2416 3305">
     <span class='ocr_line' id='line_1_63' title="bbox 825 3234 2416 3305; baseline -0.002 -16"><span class='ocrx_word' id='word_1_432' title='bbox 825 3236 880 3290; x_wconf 85' lang='lat' dir='ltr'><strong>in</strong></span> <span class='ocrx_word' id='word_1_433' title='bbox 925 3234 1079 3288; x_wconf 89' lang='lat' dir='ltr'><strong>nulla</strong></span> <span class='ocrx_word' id='word_1_434' title='bbox 1122 3235 1292 3305; x_wconf 81' lang='lat' dir='ltr'><strong>igitur</strong></span> <span class='ocrx_word' id='word_1_435' title='bbox 1327 3251 1385 3290; x_wconf 89' lang='lat' dir='ltr'><strong>re</strong></span> <span class='ocrx_word' id='word_1_436' title='bbox 1417 3252 1483 3290; x_wconf 83' lang='lat' dir='ltr'><strong>ex</strong></span> <span class='ocrx_word' id='word_1_437' title='bbox 1511 3237 1796 3299; x_wconf 86' lang='lat' dir='ltr'><strong>munibus,</strong></span> <span class='ocrx_word' id='word_1_438' title='bbox 1835 3245 1892 3289; x_wconf 90' lang='lat' dir='ltr'><strong>et</strong></span> <span class='ocrx_word' id='word_1_439' title='bbox 1938 3249 2194 3289; x_wconf 86' lang='lat' dir='ltr'><strong>sermone</strong></span> <span class='ocrx_word' id='word_1_440' title='bbox 2240 3243 2295 3288; x_wconf 91' lang='lat' dir='ltr'><strong>et</strong></span> <span class='ocrx_word' id='word_1_441' title='bbox 2335 3235 2416 3287; x_wconf 81' lang='lat' dir='ltr'><strong>lo-</strong></span> 
     </span>
    </p>
   </div>
   <div class='ocr_carea' id='block_1_64' title="bbox 824 3325 2414 3396">
    <p class='ocr_par' dir='ltr' id='par_1_64' title="bbox 824 3325 2414 3396">
     <span class='ocr_line' id='line_1_64' title="bbox 824 3325 2414 3396; baseline 0.002 -19"><span class='ocrx_word' id='word_1_442' title='bbox 824 3335 1033 3394; x_wconf 90' lang='lat' dir='ltr'><strong>quente</strong></span> <span class='ocrx_word' id='word_1_443' title='bbox 1066 3337 1124 3380; x_wconf 90' lang='lat' dir='ltr'><strong>et</strong></span> <span class='ocrx_word' id='word_1_444' title='bbox 1169 3325 1453 3388; x_wconf 86' lang='lat' dir='ltr'><strong>audiente,</strong></span> <span class='ocrx_word' id='word_1_445' title='bbox 1503 3329 1665 3381; x_wconf 89' lang='lat' dir='ltr'><strong>aliter</strong></span> <span class='ocrx_word' id='word_1_446' title='bbox 1692 3328 1897 3382; x_wconf 89' lang='lat' dir='ltr'><strong>accidit</strong></span> <span class='ocrx_word' id='word_1_447' title='bbox 1934 3329 2068 3396; x_wconf 90' lang='lat' dir='ltr'><strong>quin</strong></span> <span class='ocrx_word' id='word_1_448' title='bbox 2100 3325 2414 3395; x_wconf 84' lang='lat' dir='ltr'><strong>argumenti</strong></span> 
     </span>
    </p>
   </div>
   <div class='ocr_carea' id='block_1_65' title="bbox 824 3418 2416 3490">
    <p class='ocr_par' dir='ltr' id='par_1_65' title="bbox 824 3418 2416 3490">
     <span class='ocr_line' id='line_1_65' title="bbox 824 3418 2416 3490; baseline 0 -19"><span class='ocrx_word' id='word_1_449' title='bbox 824 3428 1220 3472; x_wconf 88' lang='lat' dir='ltr'><strong>ornamentum</strong></span> <span class='ocrx_word' id='word_1_450' title='bbox 1259 3420 1660 3474; x_wconf 87' lang='lat' dir='ltr'><strong>convenienter</strong></span> <span class='ocrx_word' id='word_1_451' title='bbox 1687 3420 2004 3490; x_wconf 86' lang='lat' dir='ltr'><strong>participct,</strong></span> <span class='ocrx_word' id='word_1_452' title='bbox 2037 3420 2120 3474; x_wconf 86' lang='lat' dir='ltr'><strong>vel</strong></span> <span class='ocrx_word' id='word_1_453' title='bbox 2157 3428 2217 3473; x_wconf 93' lang='lat' dir='ltr'><strong>ut</strong></span> <span class='ocrx_word' id='word_1_454' title='bbox 2250 3418 2416 3488; x_wconf 89' lang='lat' dir='ltr'><strong>paulo</strong></span> 
     </span>
    </p>
   </div>
   <div class='ocr_carea' id='block_1_66' title="bbox 825 3513 1843 3584">
    <p class='ocr_par' dir='ltr' id='par_1_66' title="bbox 825 3513 1843 3584">
     <span class='ocr_line' id='line_1_66' title="bbox 825 3513 1843 3584; baseline 0.002 -18"><span class='ocrx_word' id='word_1_455' title='bbox 825 3526 994 3584; x_wconf 85' lang='lat' dir='ltr'><strong>supra</strong></span> <span class='ocrx_word' id='word_1_456' title='bbox 1037 3513 1360 3568; x_wconf 88' lang='lat' dir='ltr'><strong>accuratius</strong></span> <span class='ocrx_word' id='word_1_457' title='bbox 1402 3513 1697 3584; x_wconf 61' lang='lat' dir='ltr'><strong>quaesitum</strong></span> <span class='ocrx_word' id='word_1_458' title='bbox 1736 3524 1843 3570; x_wconf 89' lang='lat' dir='ltr'><strong>est.</strong></span> 
     </span>
    </p>
   </div>
   <div class='ocr_carea' id='block_1_67' title="bbox 829 3862 2413 3934">
    <p class='ocr_par' dir='ltr' id='par_1_67' title="bbox 829 3862 2413 3934">
     <span class='ocr_line' id='line_1_67' title="bbox 829 3862 2413 3934; baseline 0 -17"><span class='ocrx_word' id='word_1_459' title='bbox 829 3862 1089 3934; x_wconf 74' lang='lat' dir='ltr'><strong>Ejusdem</strong></span> <span class='ocrx_word' id='word_1_460' title='bbox 1144 3879 1209 3917; x_wconf 72' lang='lat' dir='ltr'><strong>ea:</strong></span> <span class='ocrx_word' id='word_1_461' title='bbox 1256 3866 1602 3929; x_wconf 85' lang='lat' dir='ltr'><strong>carminibus,</strong></span> <span class='ocrx_word' id='word_1_462' title='bbox 1657 3866 1713 3919; x_wconf 88' lang='lat' dir='ltr'><strong>iu</strong></span> <span class='ocrx_word' id='word_1_463' title='bbox 1768 3864 1951 3919; x_wconf 83' lang='lat' dir='ltr'><strong>illud:</strong></span> <span class='ocrx_word' id='word_1_464' title='bbox 1995 3883 2014 3915; x_wconf 76' lang='grc' dir='ltr'><strong>ι</strong></span> <span class='ocrx_word' id='word_1_465' title='bbox 2062 3863 2218 3919; x_wconf 80' lang='lat' dir='ltr'><strong>Ludit</strong></span> <span class='ocrx_word' id='word_1_466' title='bbox 2271 3864 2413 3918; x_wconf 77' lang='lat' dir='ltr'><strong>enim</strong></span> 
     </span>
    </p>
   </div>
   <div class='ocr_carea' id='block_1_68' title="bbox 900 3955 2414 4028">
    <p class='ocr_par' dir='ltr' id='par_1_68' title="bbox 900 3955 2414 4028">
     <span class='ocr_line' id='line_1_68' title="bbox 900 3955 2414 4028; baseline 0.001 -19"><span class='ocrx_word' id='word_1_467' title='bbox 900 3970 1104 4009; x_wconf 85' lang='lat' dir='ltr'><strong>summa</strong></span> <span class='ocrx_word' id='word_1_468' title='bbox 1125 3956 1263 4009; x_wconf 84' lang='lat' dir='ltr'><strong>ratio</strong></span> <span class='ocrx_word' id='word_1_469' title='bbox 1289 3958 1603 4012; x_wconf 81' lang='lat' dir='ltr'><strong>omnimodis</strong></span> <span class='ocrx_word' id='word_1_470' title='bbox 1626 3958 1838 4027; x_wconf 76' lang='lat' dir='ltr'><strong>figuris,</strong></span> <span class='ocrx_word' id='word_1_471' title='bbox 1861 3958 2165 4012; x_wconf 81' lang='lat' dir='ltr'><strong>discernens</strong></span> <span class='ocrx_word' id='word_1_472' title='bbox 2179 3955 2414 4028; x_wconf 79' lang='lat' dir='ltr'><strong>qualibet</strong></span> 
     </span>
    </p>
   </div>
   <div class='ocr_carea' id='block_1_69' title="bbox 904 4044 1828 4102">
    <p class='ocr_par' dir='ltr' id='par_1_69' title="bbox 904 4044 1828 4102">
     <span class='ocr_line' id='line_1_69' title="bbox 904 4044 1828 4102; baseline -0.001 -4"><span class='ocrx_word' id='word_1_473' title='bbox 904 4044 1161 4098; x_wconf 70' lang='lat' dir='ltr'><strong>&quot;tundunt</strong></span> <span class='ocrx_word' id='word_1_474' title='bbox 1184 4060 1340 4097; x_wconf 78' lang='lat' dir='ltr'><strong>suum</strong></span> <span class='ocrx_word' id='word_1_475' title='bbox 1378 4046 1499 4098; x_wconf 81' lang='lat' dir='ltr'><strong>hinc</strong></span> <span class='ocrx_word' id='word_1_476' title='bbox 1531 4054 1581 4098; x_wconf 80' lang='lat' dir='ltr'><strong>et</strong></span> <span class='ocrx_word' id='word_1_477' title='bbox 1601 4045 1769 4102; x_wconf 83' lang='lat' dir='ltr'><strong>illinc.</strong></span> <span class='ocrx_word' id='word_1_478' title='bbox 1810 4067 1828 4097; x_wconf 76' lang='grc' dir='ltr'><strong>ι</strong></span> 
     </span>
    </p>
   </div>
   <div class='ocr_carea' id='block_1_70' title="bbox 901 4153 2417 4225">
    <p class='ocr_par' dir='ltr' id='par_1_70' title="bbox 901 4153 2417 4225">
     <span class='ocr_line' id='line_1_70' title="bbox 901 4153 2417 4225; baseline -0.002 -18"><span class='ocrx_word' id='word_1_479' title='bbox 901 4153 1136 4221; x_wconf 80' lang='lat' dir='ltr'><strong>Quando</strong></span> <span class='ocrx_word' id='word_1_480' title='bbox 1162 4164 1346 4209; x_wconf 89' lang='lat' dir='ltr'><strong>mente</strong></span> <span class='ocrx_word' id='word_1_481' title='bbox 1374 4154 1547 4209; x_wconf 90' lang='lat' dir='ltr'><strong>veluti</strong></span> <span class='ocrx_word' id='word_1_482' title='bbox 1584 4172 1680 4225; x_wconf 89' lang='lat' dir='ltr'><strong>per</strong></span> <span class='ocrx_word' id='word_1_483' title='bbox 1706 4156 1903 4225; x_wconf 88' lang='lat' dir='ltr'><strong>januas</strong></span> <span class='ocrx_word' id='word_1_484' title='bbox 1931 4154 2198 4223; x_wconf 88' lang='lat' dir='ltr'><strong>quasdam</strong></span> <span class='ocrx_word' id='word_1_485' title='bbox 2222 4166 2417 4206; x_wconf 85' lang='lat' dir='ltr'><strong>eorum</strong></span> 
     </span>
    </p>
   </div>
   <div class='ocr_carea' id='block_1_71' title="bbox 830 4244 2418 4316">
    <p class='ocr_par' dir='ltr' id='par_1_71' title="bbox 830 4244 2418 4316">
     <span class='ocr_line' id='line_1_71' title="bbox 830 4244 2418 4316; baseline -0.001 -18"><span class='ocrx_word' id='word_1_486' title='bbox 830 4264 955 4316; x_wconf 72' lang='lat' dir='ltr'><strong>quze</strong></span> <span class='ocrx_word' id='word_1_487' title='bbox 976 4247 1243 4302; x_wconf 88' lang='lat' dir='ltr'><strong>videntur</strong></span> <span class='ocrx_word' id='word_1_488' title='bbox 1269 4247 1335 4300; x_wconf 88' lang='lat' dir='ltr'><strong>ad</strong></span> <span class='ocrx_word' id='word_1_489' title='bbox 1371 4248 1768 4302; x_wconf 88' lang='lat' dir='ltr'><strong>intellectualia</strong></span> <span class='ocrx_word' id='word_1_490' title='bbox 1794 4249 2020 4315; x_wconf 82' lang='lat' dir='ltr'><strong>trajecta</strong></span> <span class='ocrx_word' id='word_1_491' title='bbox 2067 4247 2183 4299; x_wconf 89' lang='lat' dir='ltr'><strong>sola</strong></span> <span class='ocrx_word' id='word_1_492' title='bbox 2220 4244 2327 4298; x_wconf 82' lang='lat' dir='ltr'><strong>lide</strong></span> <span class='ocrx_word' id='word_1_493' title='bbox 2361 4244 2418 4297; x_wconf 91' lang='lat' dir='ltr'><strong>iu</strong></span> 
     </span>
    </p>
   </div>
   <div class='ocr_carea' id='block_1_72' title="bbox 834 4336 2421 4407">
    <p class='ocr_par' dir='ltr' id='par_1_72' title="bbox 834 4336 2421 4407">
     <span class='ocr_line' id='line_1_72' title="bbox 834 4336 2421 4407; baseline -0.001 -17"><span class='ocrx_word' id='word_1_494' title='bbox 834 4337 1033 4406; x_wconf 86' lang='lat' dir='ltr'><strong>spiritu</strong></span> <span class='ocrx_word' id='word_1_495' title='bbox 1058 4352 1292 4406; x_wconf 83' lang='lat' dir='ltr'><strong>magnus</strong></span> <span class='ocrx_word' id='word_1_496' title='bbox 1323 4338 1491 4391; x_wconf 85' lang='lat' dir='ltr'><strong>David</strong></span> <span class='ocrx_word' id='word_1_497' title='bbox 1522 4354 1550 4391; x_wconf 88' lang='lat' dir='ltr'><strong>a</strong></span> <span class='ocrx_word' id='word_1_498' title='bbox 1597 4339 1782 4392; x_wconf 90' lang='lat' dir='ltr'><strong>divina</strong></span> <span class='ocrx_word' id='word_1_499' title='bbox 1815 4338 2091 4407; x_wconf 86' lang='lat' dir='ltr'><strong>sapientia</strong></span> <span class='ocrx_word' id='word_1_500' title='bbox 2125 4336 2421 4406; x_wconf 88' lang='lat' dir='ltr'><strong>quannlam</strong></span> 
     </span>
    </p>
   </div>
   <div class='ocr_carea' id='block_1_73' title="bbox 833 4426 2423 4498">
    <p class='ocr_par' dir='ltr' id='par_1_73' title="bbox 833 4426 2423 4498">
     <span class='ocr_line' id='line_1_73' title="bbox 833 4426 2423 4498; baseline -0.002 -17"><span class='ocrx_word' id='word_1_501' title='bbox 833 4426 1223 4498; x_wconf 78' lang='lat' dir='ltr'><strong>mysteriorum</strong></span> <span class='ocrx_word' id='word_1_502' title='bbox 1245 4442 1369 4497; x_wconf 66' lang='lat' dir='ltr'><strong>quae</strong></span> <span class='ocrx_word' id='word_1_503' title='bbox 1392 4428 1615 4497; x_wconf 84' lang='lat' dir='ltr'><strong>quidem</strong></span> <span class='ocrx_word' id='word_1_504' title='bbox 1642 4428 1965 4483; x_wconf 89' lang='lat' dir='ltr'><strong>hominibus</strong></span> <span class='ocrx_word' id='word_1_505' title='bbox 1990 4426 2265 4497; x_wconf 82' lang='lat' dir='ltr'><strong>attingere</strong></span> <span class='ocrx_word' id='word_1_506' title='bbox 2295 4426 2423 4479; x_wconf 88' lang='lat' dir='ltr'><strong>licet</strong></span> 
     </span>
    </p>
   </div>
   <div class='ocr_carea' id='block_1_74' title="bbox 836 4518 2423 4589">
    <p class='ocr_par' dir='ltr' id='par_1_74' title="bbox 836 4518 2423 4589">
     <span class='ocr_line' id='line_1_74' title="bbox 836 4518 2423 4589; baseline -0.001 -18"><span class='ocrx_word' id='word_1_507' title='bbox 836 4518 1355 4588; x_wconf 87' lang='lat' dir='ltr'><strong>interpretationem</strong></span> <span class='ocrx_word' id='word_1_508' title='bbox 1383 4520 1623 4589; x_wconf 85' lang='lat' dir='ltr'><strong>accepit,</strong></span> <span class='ocrx_word' id='word_1_509' title='bbox 1648 4530 1785 4583; x_wconf 92' lang='lat' dir='ltr'><strong>tum,</strong></span> <span class='ocrx_word' id='word_1_510' title='bbox 1820 4528 1977 4589; x_wconf 85' lang='lat' dir='ltr'><strong>puto,</strong></span> <span class='ocrx_word' id='word_1_511' title='bbox 2011 4519 2088 4573; x_wconf 88' lang='lat' dir='ltr'><strong>ait</strong></span> <span class='ocrx_word' id='word_1_512' title='bbox 2139 4536 2151 4572; x_wconf 93' lang='lat'><strong>:</strong></span> <span class='ocrx_word' id='word_1_513' title='bbox 2194 4519 2423 4588; x_wconf 77' lang='lat' dir='ltr'><strong>Abyssus</strong></span> 
     </span>
    </p>
   </div>
   <div class='ocr_carea' id='block_1_75' title="bbox 836 4610 2424 4678">
    <p class='ocr_par' dir='ltr' id='par_1_75' title="bbox 836 4610 2424 4678">
     <span class='ocr_line' id='line_1_75' title="bbox 836 4610 2424 4678; baseline 0.003 -17"><span class='ocrx_word' id='word_1_514' title='bbox 836 4610 1080 4678; x_wconf 74' lang='lat' dir='ltr'><strong>abyssum</strong></span> <span class='ocrx_word' id='word_1_515' title='bbox 1114 4612 1322 4664; x_wconf 83' lang='lat' dir='ltr'><strong>invocat</strong></span> <span class='ocrx_word' id='word_1_516' title='bbox 1353 4614 1407 4665; x_wconf 85' lang='lat' dir='ltr'><strong>in</strong></span> <span class='ocrx_word' id='word_1_517' title='bbox 1450 4629 1627 4666; x_wconf 82' lang='lat' dir='ltr'><strong>vocem</strong></span> <span class='ocrx_word' id='word_1_518' title='bbox 1659 4622 2065 4666; x_wconf 69' lang='lat' dir='ltr'><strong>cauti-actarum</strong></span> <span class='ocrx_word' id='word_1_519' title='bbox 2114 4622 2330 4664; x_wconf 86' lang='lat' dir='ltr'><strong>tuarum</strong></span> <span class='ocrx_word' id='word_1_520' title='bbox 2364 4611 2379 4648; x_wconf 75' lang='grc' dir='ltr'><strong>ί</strong></span> <span class='ocrx_word' id='word_1_521' title='bbox 2413 4629 2424 4665; x_wconf 91' lang='lat'><strong>:</strong></span> 
     </span>
    </p>
   </div>
   <div class='ocr_carea' id='block_1_76' title="bbox 837 4700 2433 4773">
    <p class='ocr_par' dir='ltr' id='par_1_76' title="bbox 837 4700 2433 4773">
     <span class='ocr_line' id='line_1_76' title="bbox 837 4700 2433 4773; baseline 0.001 -20"><span class='ocrx_word' id='word_1_522' title='bbox 837 4700 927 4754; x_wconf 87' lang='lat' dir='ltr'><strong>his</strong></span> <span class='ocrx_word' id='word_1_523' title='bbox 981 4700 1217 4756; x_wconf 80' lang='lat' dir='ltr'><strong>fortasse</strong></span> <span class='ocrx_word' id='word_1_524' title='bbox 1268 4702 1587 4773; x_wconf 79' lang='lat' dir='ltr'><strong>signiﬁcans</strong></span> <span class='ocrx_word' id='word_1_525' title='bbox 1639 4719 1860 4758; x_wconf 89' lang='lat' dir='ltr'><strong>omnem</strong></span> <span class='ocrx_word' id='word_1_526' title='bbox 1898 4713 2141 4757; x_wconf 74' lang='lat' dir='ltr'><strong>mentem</strong></span> <span class='ocrx_word' id='word_1_527' title='bbox 2180 4711 2433 4757; x_wconf 88' lang='lat' dir='ltr'><strong>contem-</strong></span> 
     </span>
    </p>
   </div>
   <div class='ocr_carea' id='block_1_77' title="bbox 2515 3204 4115 3282">
    <p class='ocr_par' dir='ltr' id='par_1_77' title="bbox 2515 3204 4115 3282">
     <span class='ocr_line' id='line_1_77' title="bbox 2515 3204 4115 3282; baseline -0.008 -17"><span class='ocrx_word' id='word_1_528' title='bbox 2515 3212 2685 3275; x_wconf 80' lang='grc' dir='ltr'>δεῖξαι</span> <span class='ocrx_word' id='word_1_529' title='bbox 2710 3215 2826 3274; x_wconf 81' lang='grc' dir='ltr'>τοῖς</span> <span class='ocrx_word' id='word_1_530' title='bbox 2856 3211 3118 3282; x_wconf 77' lang='grc' dir='ltr'>ἐρασταῖς</span> <span class='ocrx_word' id='word_1_531' title='bbox 3148 3208 3248 3279; x_wconf 81' lang='grc' dir='ltr'><strong>τὴν</strong></span> <span class='ocrx_word' id='word_1_532' title='bbox 3291 3206 3387 3261; x_wconf 81' lang='grc' dir='ltr'>τοῦ</span> <span class='ocrx_word' id='word_1_533' title='bbox 3425 3206 3621 3277; x_wconf 83' lang='grc' dir='ltr'>ἀνδρὸς</span> <span class='ocrx_word' id='word_1_534' title='bbox 3649 3204 3878 3276; x_wconf 82' lang='grc' dir='ltr'>ἀρετὴν,</span> <span class='ocrx_word' id='word_1_535' title='bbox 3915 3206 4026 3258; x_wconf 73' lang='grc' dir='ltr'>κᾶν</span> <span class='ocrx_word' id='word_1_536' title='bbox 4055 3221 4115 3254; x_wconf 82' lang='grc' dir='ltr'><strong>τε</strong></span> 
     </span>
    </p>
   </div>
   <div class='ocr_carea' id='block_1_78' title="bbox 2519 3294 4117 3374">
    <p class='ocr_par' dir='ltr' id='par_1_78' title="bbox 2519 3294 4117 3374">
     <span class='ocr_line' id='line_1_78' title="bbox 2519 3294 4117 3374; baseline -0.007 -18"><span class='ocrx_word' id='word_1_537' title='bbox 2519 3303 2595 3374; x_wconf 83' lang='grc' dir='ltr'>μὴ</span> <span class='ocrx_word' id='word_1_538' title='bbox 2616 3301 2889 3371; x_wconf 84' lang='grc' dir='ltr'>δυνηθῶσι</span> <span class='ocrx_word' id='word_1_539' title='bbox 2916 3300 3009 3354; x_wconf 82' lang='grc' dir='ltr'>τοῦ</span> <span class='ocrx_word' id='word_1_540' title='bbox 3032 3298 3238 3369; x_wconf 86' lang='grc' dir='ltr'>ταύτης</span> <span class='ocrx_word' id='word_1_541' title='bbox 3262 3297 3551 3367; x_wconf 83' lang='grc' dir='ltr'>ἐφικέσθαι</span> <span class='ocrx_word' id='word_1_542' title='bbox 3580 3295 3877 3365; x_wconf 85' lang='grc' dir='ltr'>μεγέθους,</span> <span class='ocrx_word' id='word_1_543' title='bbox 3912 3294 4005 3347; x_wconf 81' lang='grc' dir='ltr'><strong>ἐπ’</strong></span> <span class='ocrx_word' id='word_1_544' title='bbox 4030 3294 4117 3346; x_wconf 71' lang='grc' dir='ltr'><strong>οὐ·</strong></span> 
     </span>
    </p>
   </div>
   <div class='ocr_carea' id='block_1_79' title="bbox 2516 3384 4118 3457">
    <p class='ocr_par' dir='ltr' id='par_1_79' title="bbox 2516 3384 4118 3457">
     <span class='ocr_line' id='line_1_79' title="bbox 2516 3384 4118 3457; baseline -0.006 -12"><span class='ocrx_word' id='word_1_545' title='bbox 2516 3392 2666 3457; x_wconf 81' lang='grc' dir='ltr'>δενὺς</span> <span class='ocrx_word' id='word_1_546' title='bbox 2694 3387 2788 3445; x_wconf 77' lang='grc' dir='ltr'><strong>οὖν</strong></span> <span class='ocrx_word' id='word_1_547' title='bbox 2816 3391 2917 3444; x_wconf 86' lang='grc' dir='ltr'><strong>οὑκ</strong></span> <span class='ocrx_word' id='word_1_548' title='bbox 2950 3389 3068 3443; x_wconf 79' lang='grc' dir='ltr'>ἐστι</span> <span class='ocrx_word' id='word_1_549' title='bbox 3097 3388 3209 3443; x_wconf 87' lang='grc' dir='ltr'><strong>τῶν</strong></span> <span class='ocrx_word' id='word_1_550' title='bbox 3246 3389 3528 3449; x_wconf 78' lang='grc' dir='ltr'>ἁπάντων,</span> <span class='ocrx_word' id='word_1_551' title='bbox 3554 3388 3652 3440; x_wconf 75' lang='grc' dir='ltr'>καὶ</span> <span class='ocrx_word' id='word_1_552' title='bbox 3701 3385 3871 3452; x_wconf 85' lang='grc' dir='ltr'>λόγου</span> <span class='ocrx_word' id='word_1_553' title='bbox 3907 3384 4011 3437; x_wconf 71' lang='grc' dir='ltr'>καὶ</span> <span class='ocrx_word' id='word_1_554' title='bbox 4036 3384 4118 3435; x_wconf 63' lang='grc' dir='ltr'>λέν</span> 
     </span>
    </p>
   </div>
   <div class='ocr_carea' id='block_1_80' title="bbox 2520 3470 4117 3553">
    <p class='ocr_par' dir='ltr' id='par_1_80' title="bbox 2520 3470 4117 3553">
     <span class='ocr_line' id='line_1_80' title="bbox 2520 3470 4117 3553; baseline -0.008 -15"><span class='ocrx_word' id='word_1_555' title='bbox 2520 3501 2710 3553; x_wconf 89' lang='grc' dir='ltr'>γοντος</span> <span class='ocrx_word' id='word_1_556' title='bbox 2736 3484 2834 3537; x_wconf 68' lang='grc' dir='ltr'>καὶ</span> <span class='ocrx_word' id='word_1_557' title='bbox 2855 3482 3175 3545; x_wconf 82' lang='grc' dir='ltr'>ἀκούοντος,</span> <span class='ocrx_word' id='word_1_558' title='bbox 3208 3480 3293 3549; x_wconf 80' lang='grc' dir='ltr'>ἐφ’</span> <span class='ocrx_word' id='word_1_559' title='bbox 3340 3470 3493 3547; x_wconf 81' lang='grc' dir='ltr'>ᾧτινι</span> <span class='ocrx_word' id='word_1_560' title='bbox 3537 3478 3599 3531; x_wconf 82' lang='grc' dir='ltr'><strong>τδ</strong></span> <span class='ocrx_word' id='word_1_561' title='bbox 3650 3477 3753 3547; x_wconf 82' lang='grc' dir='ltr'>τῆς</span> <span class='ocrx_word' id='word_1_562' title='bbox 3791 3474 4117 3535; x_wconf 70' lang='grc' dir='ltr'>ὑποθέσεως</span> 
     </span>
    </p>
   </div>
   <div class='ocr_carea' id='block_1_81' title="bbox 2523 3569 4117 3647">
    <p class='ocr_par' dir='ltr' id='par_1_81' title="bbox 2523 3569 4117 3647">
     <span class='ocr_line' id='line_1_81' title="bbox 2523 3569 4117 3647; baseline -0.009 -13"><span class='ocrx_word' id='word_1_563' title='bbox 2523 3580 2689 3635; x_wconf 81' lang='grc' dir='ltr'>καλὸν</span> <span class='ocrx_word' id='word_1_564' title='bbox 2722 3578 2824 3646; x_wconf 84' lang='grc' dir='ltr'><strong>οὑχ</strong></span> <span class='ocrx_word' id='word_1_565' title='bbox 2854 3576 3111 3647; x_wconf 86' lang='grc' dir='ltr'>ἁρμόσει,</span> <span class='ocrx_word' id='word_1_566' title='bbox 3143 3575 3177 3647; x_wconf 80' lang='grc' dir='ltr'>ἦ</span> <span class='ocrx_word' id='word_1_567' title='bbox 3209 3572 3391 3636; x_wconf 83' lang='grc' dir='ltr'>καθὼς</span> <span class='ocrx_word' id='word_1_568' title='bbox 3418 3572 3679 3644; x_wconf 86' lang='grc' dir='ltr'>ἀνωτέρω</span> <span class='ocrx_word' id='word_1_569' title='bbox 3713 3569 4117 3642; x_wconf 73' lang='grc' dir='ltr'>ἀκριϐέστερον</span> 
     </span>
    </p>
   </div>
   <div class='ocr_carea' id='block_1_82' title="bbox 2528 3671 3073 3746">
    <p class='ocr_par' dir='ltr' id='par_1_82' title="bbox 2528 3671 3073 3746">
     <span class='ocr_line' id='line_1_82' title="bbox 2528 3671 3073 3746; baseline -0.009 -19"><span class='ocrx_word' id='word_1_570' title='bbox 2528 3672 2730 3746; x_wconf 76' lang='grc' dir='ltr'>μᾶλλον</span> <span class='ocrx_word' id='word_1_571' title='bbox 2757 3671 3073 3744; x_wconf 77' lang='grc' dir='ltr'>ἐξήτασται.</span> 
     </span>
    </p>
   </div>
   <div class='ocr_carea' id='block_1_83' title="bbox 2522 3844 4121 3917">
    <p class='ocr_par' dir='ltr' id='par_1_83' title="bbox 2522 3844 4121 3917">
     <span class='ocr_line' id='line_1_83' title="bbox 2522 3844 4121 3917; baseline -0.012 -4"><span class='ocrx_word' id='word_1_572' title='bbox 2522 3854 2635 3915; x_wconf 79' lang='grc' dir='ltr'><strong>Τοῦ</strong></span> <span class='ocrx_word' id='word_1_573' title='bbox 2673 3848 2865 3908; x_wconf 81' lang='grc' dir='ltr'>αὐτοῦ</span> <span class='ocrx_word' id='word_1_574' title='bbox 2909 3848 2978 3904; x_wconf 76' lang='grc' dir='ltr'><strong>ἐκ</strong></span> <span class='ocrx_word' id='word_1_575' title='bbox 3027 3846 3147 3902; x_wconf 77' lang='grc' dir='ltr'>τῶν</span> <span class='ocrx_word' id='word_1_576' title='bbox 3211 3844 3393 3913; x_wconf 74' lang='grc' dir='ltr'>ἐπῶν,</span> <span class='ocrx_word' id='word_1_577' title='bbox 3424 3850 3512 3913; x_wconf 77' lang='grc' dir='ltr'><strong>εις</strong></span> <span class='ocrx_word' id='word_1_578' title='bbox 3554 3846 3621 3901; x_wconf 84' lang='grc' dir='ltr'><strong>τό</strong></span> <span class='ocrx_word' id='word_1_579' title='bbox 3646 3864 3657 3877; x_wconf 94' lang='grc'><strong>·</strong></span> <span class='ocrx_word' id='word_1_580' title='bbox 3686 3863 3707 3898; x_wconf 81' lang='grc' dir='ltr'><strong>ι</strong></span> <span class='ocrx_word' id='word_1_581' title='bbox 3769 3844 3979 3907; x_wconf 75' lang='grc' dir='ltr'>Παίζει</span> <span class='ocrx_word' id='word_1_582' title='bbox 4021 3848 4121 3917; x_wconf 65' lang='grc' dir='ltr'>γὰρ</span> 
     </span>
    </p>
   </div>
   <div class='ocr_carea' id='block_1_84' title="bbox 2590 3937 4121 4017">
    <p class='ocr_par' dir='ltr' id='par_1_84' title="bbox 2590 3937 4121 4017">
     <span class='ocr_line' id='line_1_84' title="bbox 2590 3937 4121 4017; baseline -0.013 -14"><span class='ocrx_word' id='word_1_583' title='bbox 2590 3949 2774 4017; x_wconf 71' lang='grc' dir='ltr'>λόγος</span> <span class='ocrx_word' id='word_1_584' title='bbox 2803 3942 2983 4009; x_wconf 64' lang='lat' dir='ltr'><strong>alain:</strong></span> <span class='ocrx_word' id='word_1_585' title='bbox 3010 3942 3079 3996; x_wconf 74' lang='grc' dir='ltr'><strong>ἐν</strong></span> <span class='ocrx_word' id='word_1_586' title='bbox 3099 3940 3290 3995; x_wconf 77' lang='grc' dir='ltr'>εἴδεσι</span> <span class='ocrx_word' id='word_1_587' title='bbox 3324 3937 3792 4003; x_wconf 76' lang='grc' dir='ltr'>παντοδαποῖσι,</span> <span class='ocrx_word' id='word_1_588' title='bbox 3823 3939 4121 4008; x_wconf 70' lang='grc' dir='ltr'>κρίνας-³³,</span> 
     </span>
    </p>
   </div>
   <div class='ocr_carea' id='block_1_85' title="bbox 2592 4026 4120 4102">
    <p class='ocr_par' dir='ltr' id='par_1_85' title="bbox 2592 4026 4120 4102">
     <span class='ocr_line' id='line_1_85' title="bbox 2592 4026 4120 4102; baseline -0.007 -12"><span class='ocrx_word' id='word_1_589' title='bbox 2592 4037 2676 4102; x_wconf 83' lang='grc' dir='ltr'>ὡς</span> <span class='ocrx_word' id='word_1_590' title='bbox 2718 4032 2923 4089; x_wconf 75' lang='grc' dir='ltr'>ἐθέλοι</span> <span class='ocrx_word' id='word_1_591' title='bbox 2956 4032 3024 4097; x_wconf 70' lang='grc'><strong>⁸⁸,</strong></span> <span class='ocrx_word' id='word_1_592' title='bbox 3048 4033 3285 4098; x_wconf 79' lang='grc' dir='ltr'>κόσμον</span> <span class='ocrx_word' id='word_1_593' title='bbox 3310 4028 3414 4081; x_wconf 79' lang='grc' dir='ltr'><strong>ἐὸν</strong></span> <span class='ocrx_word' id='word_1_594' title='bbox 3434 4028 3479 4059; x_wconf 85' lang='grc'><strong><em>⁵⁸</em></strong></span> <span class='ocrx_word' id='word_1_595' title='bbox 3512 4027 3658 4081; x_wconf 75' lang='grc' dir='ltr'>ἔνθα</span> <span class='ocrx_word' id='word_1_596' title='bbox 3679 4027 3780 4079; x_wconf 76' lang='grc' dir='ltr'><strong>καί</strong></span> <span class='ocrx_word' id='word_1_597' title='bbox 3816 4026 3977 4080; x_wconf 77' lang='grc' dir='ltr'>ἔνθα</span> <span class='ocrx_word' id='word_1_598' title='bbox 3997 4026 4120 4095; x_wconf 70' lang='grc'><strong>(89).</strong></span> 
     </span>
    </p>
   </div>
   <div class='ocr_carea' id='block_1_86' title="bbox 2608 4139 4123 4211">
    <p class='ocr_par' dir='ltr' id='par_1_86' title="bbox 2608 4139 4123 4211">
     <span class='ocr_line' id='line_1_86' title="bbox 2608 4139 4123 4211; baseline -0.007 -10"><span class='ocrx_word' id='word_1_599' title='bbox 2608 4147 2804 4202; x_wconf 82' lang='grc' dir='ltr'>Ἦνίκα</span> <span class='ocrx_word' id='word_1_600' title='bbox 2830 4145 2923 4198; x_wconf 79' lang='grc' dir='ltr'>τὸν</span> <span class='ocrx_word' id='word_1_601' title='bbox 2953 4142 3078 4197; x_wconf 77' lang='grc' dir='ltr'>νοῦν</span> <span class='ocrx_word' id='word_1_602' title='bbox 3105 4142 3182 4205; x_wconf 85' lang='grc' dir='ltr'>ὡς</span> <span class='ocrx_word' id='word_1_603' title='bbox 3218 4141 3312 4195; x_wconf 74' lang='grc' dir='ltr'><strong>διὰ</strong></span> <span class='ocrx_word' id='word_1_604' title='bbox 3343 4140 3613 4211; x_wconf 88' lang='grc' dir='ltr'>κλείθρων</span> <span class='ocrx_word' id='word_1_605' title='bbox 3642 4139 3814 4192; x_wconf 87' lang='grc' dir='ltr'>τινῶν</span> <span class='ocrx_word' id='word_1_606' title='bbox 3847 4140 3967 4192; x_wconf 85' lang='grc' dir='ltr'><strong>τῶν</strong></span> <span class='ocrx_word' id='word_1_607' title='bbox 4002 4158 4123 4207; x_wconf 55' lang='lat' dir='ltr'><strong>gat-</strong></span> 
     </span>
    </p>
   </div>
   <div class='ocr_carea' id='block_1_87' title="bbox 2524 4232 4123 4311">
    <p class='ocr_par' dir='ltr' id='par_1_87' title="bbox 2524 4232 4123 4311">
     <span class='ocr_line' id='line_1_87' title="bbox 2524 4232 4123 4311; baseline -0.006 -18"><span class='ocrx_word' id='word_1_608' title='bbox 2524 4240 2772 4311; x_wconf 85' lang='grc' dir='ltr'>νομένων</span> <span class='ocrx_word' id='word_1_609' title='bbox 2792 4238 2822 4290; x_wconf 86' lang='grc' dir='ltr'>ὁ</span> <span class='ocrx_word' id='word_1_610' title='bbox 2858 4237 3034 4307; x_wconf 83' lang='grc' dir='ltr'>μέγας</span> <span class='ocrx_word' id='word_1_611' title='bbox 3057 4234 3223 4287; x_wconf 69' lang='grc' dir='ltr'><strong>Δαῦὶδ</strong></span> <span class='ocrx_word' id='word_1_612' title='bbox 3263 4233 3407 4287; x_wconf 76' lang='grc' dir='ltr'>κατὰ</span> <span class='ocrx_word' id='word_1_613' title='bbox 3440 4235 3610 4302; x_wconf 79' lang='grc' dir='ltr'>μόνην</span> <span class='ocrx_word' id='word_1_614' title='bbox 3636 4232 3829 4284; x_wconf 82' lang='grc' dir='ltr'>πίστιν</span> <span class='ocrx_word' id='word_1_615' title='bbox 3860 4232 3923 4283; x_wconf 81' lang='grc' dir='ltr'><strong>ἐν</strong></span> <span class='ocrx_word' id='word_1_616' title='bbox 3964 4234 4123 4284; x_wconf 69' lang='grc' dir='ltr'>πνεύ-</span> 
     </span>
    </p>
   </div>
   <div class='ocr_carea' id='block_1_88' title="bbox 2530 4326 4127 4405">
    <p class='ocr_par' dir='ltr' id='par_1_88' title="bbox 2530 4326 4127 4405">
     <span class='ocr_line' id='line_1_88' title="bbox 2530 4326 4127 4405; baseline -0.009 -16"><span class='ocrx_word' id='word_1_617' title='bbox 2530 4354 2659 4405; x_wconf 79' lang='grc' dir='ltr'>ματι</span> <span class='ocrx_word' id='word_1_618' title='bbox 2696 4332 2833 4404; x_wconf 72' lang='grc' dir='ltr'>πρὸς</span> <span class='ocrx_word' id='word_1_619' title='bbox 2868 4331 2939 4385; x_wconf 80' lang='grc' dir='ltr'>τὰ</span> <span class='ocrx_word' id='word_1_620' title='bbox 2960 4329 3128 4400; x_wconf 87' lang='grc' dir='ltr'>νοητὰ</span> <span class='ocrx_word' id='word_1_621' title='bbox 3152 4328 3411 4391; x_wconf 83' lang='grc' dir='ltr'>διελάσας</span> <span class='ocrx_word' id='word_1_622' title='bbox 3434 4326 3654 4390; x_wconf 81' lang='grc' dir='ltr'>ἐδέξατό</span> <span class='ocrx_word' id='word_1_623' title='bbox 3686 4343 3819 4379; x_wconf 78' lang='grc' dir='ltr'>τινα</span> <span class='ocrx_word' id='word_1_624' title='bbox 3851 4327 4015 4394; x_wconf 79' lang='grc' dir='ltr'>παρᾶ</span> <span class='ocrx_word' id='word_1_625' title='bbox 4038 4327 4127 4393; x_wconf 72' lang='grc' dir='ltr'>τῆς</span> 
     </span>
    </p>
   </div>
   <div class='ocr_carea' id='block_1_89' title="bbox 2530 4419 4127 4496">
    <p class='ocr_par' dir='ltr' id='par_1_89' title="bbox 2530 4419 4127 4496">
     <span class='ocr_line' id='line_1_89' title="bbox 2530 4419 4127 4496; baseline -0.008 -15"><span class='ocrx_word' id='word_1_626' title='bbox 2530 4429 2687 4491; x_wconf 80' lang='grc' dir='ltr'>θείας</span> <span class='ocrx_word' id='word_1_627' title='bbox 2737 4427 2931 4496; x_wconf 80' lang='grc' dir='ltr'>σοφίας</span> <span class='ocrx_word' id='word_1_628' title='bbox 2986 4422 3100 4476; x_wconf 84' lang='grc' dir='ltr'><strong>τῶν</strong></span> <span class='ocrx_word' id='word_1_629' title='bbox 3150 4420 3391 4490; x_wconf 83' lang='grc' dir='ltr'>ἐφικτῶν</span> <span class='ocrx_word' id='word_1_630' title='bbox 3438 4419 3750 4490; x_wconf 84' lang='grc' dir='ltr'>ἀνθρώποις</span> <span class='ocrx_word' id='word_1_631' title='bbox 3808 4420 4127 4489; x_wconf 73' lang='grc' dir='ltr'>μυστηρίων</span> 
     </span>
    </p>
   </div>
   <div class='ocr_carea' id='block_1_90' title="bbox 2529 4510 4126 4591">
    <p class='ocr_par' dir='ltr' id='par_1_90' title="bbox 2529 4510 4126 4591">
     <span class='ocr_line' id='line_1_90' title="bbox 2529 4510 4126 4591; baseline -0.009 -17"><span class='ocrx_word' id='word_1_632' title='bbox 2529 4521 2792 4591; x_wconf 71' lang='grc' dir='ltr'>ἔμφασιν,</span> <span class='ocrx_word' id='word_1_633' title='bbox 2848 4517 2991 4578; x_wconf 89' lang='grc' dir='ltr'>τότε,</span> <span class='ocrx_word' id='word_1_634' title='bbox 3042 4514 3296 4582; x_wconf 84' lang='grc' dir='ltr'>καθάπερ</span> <span class='ocrx_word' id='word_1_635' title='bbox 3355 4510 3532 4581; x_wconf 79' lang='grc' dir='ltr'>οἶμαι,</span> <span class='ocrx_word' id='word_1_636' title='bbox 3591 4512 3781 4581; x_wconf 71' lang='grc' dir='ltr'>φησὶν,</span> <span class='ocrx_word' id='word_1_637' title='bbox 3826 4512 4126 4571; x_wconf 59' lang='grc' dir='ltr'>Ἀΰιεσσιτς</span> 
     </span>
    </p>
   </div>
   <div class='ocr_carea' id='block_1_91' title="bbox 2527 4602 4124 4673">
    <p class='ocr_par' dir='ltr' id='par_1_91' title="bbox 2527 4602 4124 4673">
     <span class='ocr_line' id='line_1_91' title="bbox 2527 4602 4124 4673; baseline -0.01 -4"><span class='ocrx_word' id='word_1_638' title='bbox 2527 4616 2807 4669; x_wconf 71' lang='grc' dir='ltr'>ἄϐυσσον</span> <span class='ocrx_word' id='word_1_639' title='bbox 2852 4606 3224 4662; x_wconf 72' lang='grc' dir='ltr'>ἐπικαλεῖται</span> <span class='ocrx_word' id='word_1_640' title='bbox 3274 4608 3363 4671; x_wconf 82' lang='grc' dir='ltr'>εὶς</span> <span class='ocrx_word' id='word_1_641' title='bbox 3401 4604 3613 4673; x_wconf 72' lang='grc' dir='ltr'><em>φωνὴν</em></span> <span class='ocrx_word' id='word_1_642' title='bbox 3664 4602 3787 4656; x_wconf 80' lang='grc' dir='ltr'>τῶν</span> <span class='ocrx_word' id='word_1_643' title='bbox 3836 4604 4124 4670; x_wconf 59' lang='grc' dir='ltr'>καταιγισ-</span> 
     </span>
    </p>
   </div>
   <div class='ocr_carea' id='block_1_92' title="bbox 2532 4694 4137 4766">
    <p class='ocr_par' dir='ltr' id='par_1_92' title="bbox 2532 4694 4137 4766">
     <span class='ocr_line' id='line_1_92' title="bbox 2532 4694 4137 4766; baseline -0.009 -7"><span class='ocrx_word' id='word_1_644' title='bbox 2532 4706 2693 4759; x_wconf 80' lang='grc' dir='ltr'>κτῶν</span> <span class='ocrx_word' id='word_1_645' title='bbox 2718 4718 2873 4757; x_wconf 78' lang='grc' dir='ltr'>σουο</span> <span class='ocrx_word' id='word_1_646' title='bbox 2932 4699 3143 4760; x_wconf 86' lang='grc' dir='ltr'>τούτοις</span> <span class='ocrx_word' id='word_1_647' title='bbox 3195 4698 3357 4766; x_wconf 73' lang='grc' dir='ltr'>τυχὸν</span> <span class='ocrx_word' id='word_1_648' title='bbox 3390 4694 3829 4763; x_wconf 83' lang='grc' dir='ltr'>ἐνδεικνύμενος,</span> <span class='ocrx_word' id='word_1_649' title='bbox 3876 4696 3973 4747; x_wconf 81' lang='grc' dir='ltr'>ὅτι</span> <span class='ocrx_word' id='word_1_650' title='bbox 4026 4697 4137 4753; x_wconf 60' lang='grc' dir='ltr'><strong>εἰς</strong></span> 
     </span>
    </p>
   </div>
   <div class='ocr_carea' id='block_1_93' title="bbox 839 4784 2405 4865">
    <p class='ocr_par' dir='ltr' id='par_1_93' title="bbox 839 4794 2405 4865">
     <span class='ocr_line' id='line_1_93' title="bbox 839 4794 2405 4865; baseline 0.002 -20"><span class='ocrx_word' id='word_1_651' title='bbox 839 4794 1099 4860; x_wconf 83' lang='lat' dir='ltr'><strong>plativam</strong></span> <span class='ocrx_word' id='word_1_652' title='bbox 1125 4836 1139 4857; x_wconf 91' lang='lat'><strong>,</strong></span> <span class='ocrx_word' id='word_1_653' title='bbox 1172 4810 1243 4848; x_wconf 94' lang='lat' dir='ltr'><strong>co</strong></span> <span class='ocrx_word' id='word_1_654' title='bbox 1276 4797 1426 4865; x_wconf 90' lang='lat' dir='ltr'><strong>quod</strong></span> <span class='ocrx_word' id='word_1_655' title='bbox 1460 4799 1791 4853; x_wconf 88' lang='lat' dir='ltr'><strong>naturaliter</strong></span> <span class='ocrx_word' id='word_1_656' title='bbox 1828 4798 2125 4853; x_wconf 90' lang='lat' dir='ltr'><strong>invisibilis</strong></span> <span class='ocrx_word' id='word_1_657' title='bbox 2160 4798 2231 4852; x_wconf 86' lang='lat' dir='ltr'><strong>sit</strong></span> <span class='ocrx_word' id='word_1_658' title='bbox 2265 4806 2321 4852; x_wconf 92' lang='lat' dir='ltr'><strong>et</strong></span> <span class='ocrx_word' id='word_1_659' title='bbox 2358 4796 2405 4849; x_wconf 80' lang='grc' dir='ltr'>ο]</span> 
     </span>
    </p>
   </div>
   <div class='ocr_carea' id='block_1_94' title="bbox 2509 4784 4126 4865">
    <p class='ocr_par' dir='ltr' id='par_1_94' title="bbox 2534 4784 4126 4864">
     <span class='ocr_line' id='line_1_94' title="bbox 2534 4784 4126 4864; baseline -0.013 -14"><span class='ocrx_word' id='word_1_660' title='bbox 2534 4795 2660 4857; x_wconf 79' lang='grc' dir='ltr'>νοῦς</span> <span class='ocrx_word' id='word_1_661' title='bbox 2698 4793 3055 4864; x_wconf 83' lang='grc' dir='ltr'>θεωρητικὸς.</span> <span class='ocrx_word' id='word_1_662' title='bbox 3091 4788 3261 4844; x_wconf 76' lang='grc' dir='ltr'>διάτε</span> <span class='ocrx_word' id='word_1_663' title='bbox 3301 4788 3361 4840; x_wconf 78' lang='grc' dir='ltr'>τὸ</span> <span class='ocrx_word' id='word_1_664' title='bbox 3391 4786 3533 4840; x_wconf 80' lang='grc' dir='ltr'>κατὰ</span> <span class='ocrx_word' id='word_1_665' title='bbox 3564 4785 3728 4854; x_wconf 81' lang='grc' dir='ltr'>φύσιν</span> <span class='ocrx_word' id='word_1_666' title='bbox 3758 4784 4015 4853; x_wconf 80' lang='grc' dir='ltr'>ἀόρατον</span> <span class='ocrx_word' id='word_1_667' title='bbox 4046 4784 4126 4835; x_wconf 74' lang='grc' dir='ltr'><strong>καὶ</strong></span> 
     </span>
    </p>
   </div>
   <div class='ocr_carea' id='block_1_95' title="bbox 841 4874 2405 4958">
    <p class='ocr_par' dir='ltr' id='par_1_95' title="bbox 841 4882 2405 4958">
     <span class='ocr_line' id='line_1_95' title="bbox 841 4882 2405 4958; baseline 0.006 -27"><span class='ocrx_word' id='word_1_668' title='bbox 841 4882 1273 4950; x_wconf 82' lang='lat' dir='ltr'><strong>profunditatem</strong></span> <span class='ocrx_word' id='word_1_669' title='bbox 1297 4899 1353 4939; x_wconf 92' lang='lat' dir='ltr'><strong>et</strong></span> <span class='ocrx_word' id='word_1_670' title='bbox 1371 4888 1789 4945; x_wconf 90' lang='lat' dir='ltr'><strong>multitudinem</strong></span> <span class='ocrx_word' id='word_1_671' title='bbox 1810 4889 2210 4957; x_wconf 87' lang='lat' dir='ltr'><strong>cogitationqu</strong></span> <span class='ocrx_word' id='word_1_672' title='bbox 2232 4888 2405 4958; x_wconf 57' lang='lat' dir='ltr'><strong>abyssi</strong></span> 
     </span>
    </p>
   </div>
   <div class='ocr_carea' id='block_1_96' title="bbox 2509 4874 4127 4958">
    <p class='ocr_par' dir='ltr' id='par_1_96' title="bbox 2534 4874 4127 4954">
     <span class='ocr_line' id='line_1_96' title="bbox 2534 4874 4127 4954; baseline -0.011 -12"><span class='ocrx_word' id='word_1_673' title='bbox 2534 4888 2597 4941; x_wconf 81' lang='grc' dir='ltr'>τὸ</span> <span class='ocrx_word' id='word_1_674' title='bbox 2637 4886 2797 4954; x_wconf 81' lang='grc' dir='ltr'>βάθος</span> <span class='ocrx_word' id='word_1_675' title='bbox 2830 4882 2924 4935; x_wconf 74' lang='grc' dir='ltr'>καὶ</span> <span class='ocrx_word' id='word_1_676' title='bbox 2960 4879 3165 4948; x_wconf 77' lang='grc' dir='ltr'>πλῆθος</span> <span class='ocrx_word' id='word_1_677' title='bbox 3190 4876 3301 4931; x_wconf 90' lang='grc' dir='ltr'><strong>τῶν</strong></span> <span class='ocrx_word' id='word_1_678' title='bbox 3329 4879 3621 4947; x_wconf 83' lang='grc' dir='ltr'>νοημάτων</span> <span class='ocrx_word' id='word_1_679' title='bbox 3649 4874 3884 4943; x_wconf 72' lang='grc' dir='ltr'>ἀϐύσσῳ</span> <span class='ocrx_word' id='word_1_680' title='bbox 3920 4890 4127 4943; x_wconf 69' lang='grc' dir='ltr'>παρεσί-</span> 
     </span>
    </p>
   </div>
   <div class='ocr_carea' id='block_1_97' title="bbox 839 4973 2433 5051">
    <p class='ocr_par' dir='ltr' id='par_1_97' title="bbox 839 4973 2433 5051">
     <span class='ocr_line' id='line_1_97' title="bbox 839 4973 2433 5051; baseline 0.006 -27"><span class='ocrx_word' id='word_1_681' title='bbox 839 4973 1104 5038; x_wconf 82' lang='lat' dir='ltr'><strong>similem,</strong></span> <span class='ocrx_word' id='word_1_682' title='bbox 1130 4989 1424 5047; x_wconf 87' lang='lat' dir='ltr'><strong>postquam</strong></span> <span class='ocrx_word' id='word_1_683' title='bbox 1450 4982 1767 5037; x_wconf 88' lang='lat' dir='ltr'><strong>universam</strong></span> <span class='ocrx_word' id='word_1_684' title='bbox 1796 4997 1991 5036; x_wconf 91' lang='lat' dir='ltr'><strong>earum</strong></span> <span class='ocrx_word' id='word_1_685' title='bbox 2015 4998 2140 5051; x_wconf 78' lang='lat' dir='ltr'><strong>quae</strong></span> <span class='ocrx_word' id='word_1_686' title='bbox 2165 4981 2433 5036; x_wconf 90' lang='lat' dir='ltr'><strong>videntur</strong></span> 
     </span>
    </p>
   </div>
   <div class='ocr_carea' id='block_1_98' title="bbox 845 5070 2430 5146">
    <p class='ocr_par' dir='ltr' id='par_1_98' title="bbox 845 5070 2430 5146">
     <span class='ocr_line' id='line_1_98' title="bbox 845 5070 2430 5146; baseline 0.008 -30"><span class='ocrx_word' id='word_1_687' title='bbox 845 5081 1035 5118; x_wconf 81' lang='lat' dir='ltr'><strong>rerum</strong></span> <span class='ocrx_word' id='word_1_688' title='bbox 1068 5070 1525 5128; x_wconf 86' lang='lat' dir='ltr'><strong>constitutionem</strong></span> <span class='ocrx_word' id='word_1_689' title='bbox 1560 5082 1616 5128; x_wconf 90' lang='lat' dir='ltr'><strong>et</strong></span> <span class='ocrx_word' id='word_1_690' title='bbox 1652 5075 1907 5129; x_wconf 84' lang='lat' dir='ltr'><strong>ordinem</strong></span> <span class='ocrx_word' id='word_1_691' title='bbox 1954 5075 2241 5146; x_wconf 90' lang='lat' dir='ltr'><strong>trajeccrit</strong></span> <span class='ocrx_word' id='word_1_692' title='bbox 2273 5084 2327 5128; x_wconf 89' lang='lat' dir='ltr'><strong>et</strong></span> <span class='ocrx_word' id='word_1_693' title='bbox 2376 5074 2430 5129; x_wconf 89' lang='lat' dir='ltr'><strong>in</strong></span> 
     </span>
    </p>
   </div>
   <div class='ocr_carea' id='block_1_99' title="bbox 845 5156 2456 5238">
    <p class='ocr_par' dir='ltr' id='par_1_99' title="bbox 845 5156 2456 5238">
     <span class='ocr_line' id='line_1_99' title="bbox 845 5156 2456 5238; baseline 0.008 -29"><span class='ocrx_word' id='word_1_694' title='bbox 845 5156 1306 5215; x_wconf 86' lang='lat' dir='ltr'><strong>intellectualium</strong></span> <span class='ocrx_word' id='word_1_695' title='bbox 1367 5166 1650 5235; x_wconf 78' lang='lat' dir='ltr'><strong>regionem</strong></span> <span class='ocrx_word' id='word_1_696' title='bbox 1704 5168 2063 5238; x_wconf 84' lang='lat' dir='ltr'><strong>pervenerit,</strong></span> <span class='ocrx_word' id='word_1_697' title='bbox 2117 5165 2456 5236; x_wconf 59' lang='lat' dir='ltr'><strong>lmrumque&#39;</strong></span> 
     </span>
    </p>
   </div>
   <div class='ocr_carea' id='block_1_100' title="bbox 848 5248 2432 5315">
    <p class='ocr_par' dir='ltr' id='par_1_100' title="bbox 848 5248 2432 5315">
     <span class='ocr_line' id='line_1_100' title="bbox 848 5248 2432 5315; baseline 0.008 -16"><span class='ocrx_word' id='word_1_698' title='bbox 848 5248 1108 5304; x_wconf 74' lang='lat' dir='ltr'><strong>decorent</strong></span> <span class='ocrx_word' id='word_1_699' title='bbox 1132 5254 1442 5310; x_wconf 89' lang='lat' dir='ltr'><strong>secundum</strong></span> <span class='ocrx_word' id='word_1_700' title='bbox 1469 5258 1631 5313; x_wconf 81' lang='lat' dir='ltr'><strong>ﬁdem</strong></span> <span class='ocrx_word' id='word_1_701' title='bbox 1658 5276 1854 5315; x_wconf 91' lang='lat' dir='ltr'><strong>rursus</strong></span> <span class='ocrx_word' id='word_1_702' title='bbox 1872 5271 2054 5315; x_wconf 91' lang='lat' dir='ltr'><strong>motus</strong></span> <span class='ocrx_word' id='word_1_703' title='bbox 2077 5258 2432 5315; x_wconf 88' lang='lat' dir='ltr'><strong>vehementia</strong></span> 
     </span>
    </p>
   </div>
   <div class='ocr_carea' id='block_1_101' title="bbox 931 5366 1338 5433">
    <p class='ocr_par' dir='ltr' id='par_1_101' title="bbox 931 5366 1338 5433">
     <span class='ocr_line' id='line_1_101' title="bbox 931 5366 1338 5433; baseline 0.015 -13"><span class='ocrx_word' id='word_1_704' title='bbox 931 5367 944 5405; x_wconf 72' lang='grc' dir='ltr'><strong>ί</strong></span> <span class='ocrx_word' id='word_1_705' title='bbox 986 5366 1102 5421; x_wconf 85' lang='lat' dir='ltr'><strong>Pal.</strong></span> <span class='ocrx_word' id='word_1_706' title='bbox 1137 5384 1245 5433; x_wconf 73' lang='lat' dir='ltr'><strong>xu,</strong></span> <span class='ocrx_word' id='word_1_707' title='bbox 1280 5372 1338 5426; x_wconf 87' lang='lat'><strong>9.</strong></span> 
     </span>
    </p>
   </div>
   <div class='ocr_carea' id='block_1_102' title="bbox 2538 4965 4125 5042">
    <p class='ocr_par' dir='ltr' id='par_1_102' title="bbox 2538 4965 4125 5042">
     <span class='ocr_line' id='line_1_102' title="bbox 2538 4965 4125 5042; baseline -0.011 -9"><span class='ocrx_word' id='word_1_708' title='bbox 2538 4982 2671 5042; x_wconf 79' lang='grc' dir='ltr'>κὼς,</span> <span class='ocrx_word' id='word_1_709' title='bbox 2706 4974 2923 5030; x_wconf 74' lang='grc' dir='ltr'>ἐπειδὰν</span> <span class='ocrx_word' id='word_1_710' title='bbox 2946 4972 3054 5025; x_wconf 88' lang='grc' dir='ltr'><strong>τῶν</strong></span> <span class='ocrx_word' id='word_1_711' title='bbox 3084 4971 3427 5040; x_wconf 79' lang='grc' dir='ltr'>φαινομένων</span> <span class='ocrx_word' id='word_1_712' title='bbox 3452 4967 3645 5029; x_wconf 75' lang='grc' dir='ltr'>διαϐὰς</span> <span class='ocrx_word' id='word_1_713' title='bbox 3674 4967 3866 5020; x_wconf 75' lang='grc' dir='ltr'>πᾶσαν</span> <span class='ocrx_word' id='word_1_714' title='bbox 3895 4968 4005 5033; x_wconf 71' lang='grc' dir='ltr'>τὴν</span> <span class='ocrx_word' id='word_1_715' title='bbox 4030 4965 4125 5016; x_wconf 80' lang='grc' dir='ltr'>δισ-</span> 
     </span>
    </p>
   </div>
   <div class='ocr_carea' id='block_1_103' title="bbox 2540 5056 4123 5140">
    <p class='ocr_par' dir='ltr' id='par_1_103' title="bbox 2540 5056 4123 5140">
     <span class='ocr_line' id='line_1_103' title="bbox 2540 5056 4123 5140; baseline -0.013 -15"><span class='ocrx_word' id='word_1_716' title='bbox 2540 5072 2835 5140; x_wconf 84' lang='grc' dir='ltr'>κόσμησιν,</span> <span class='ocrx_word' id='word_1_717' title='bbox 2868 5064 2963 5119; x_wconf 72' lang='grc' dir='ltr'><strong>καὶ</strong></span> <span class='ocrx_word' id='word_1_718' title='bbox 2992 5065 3069 5124; x_wconf 86' lang='grc' dir='ltr'><strong>είς</strong></span> <span class='ocrx_word' id='word_1_719' title='bbox 3101 5062 3202 5131; x_wconf 76' lang='grc' dir='ltr'>τὴν</span> <span class='ocrx_word' id='word_1_720' title='bbox 3230 5060 3339 5112; x_wconf 90' lang='grc' dir='ltr'><strong>τῶν</strong></span> <span class='ocrx_word' id='word_1_721' title='bbox 3372 5056 3579 5128; x_wconf 83' lang='grc' dir='ltr'>νοητῶν</span> <span class='ocrx_word' id='word_1_722' title='bbox 3602 5056 3794 5127; x_wconf 81' lang='grc' dir='ltr'>χώραν</span> <span class='ocrx_word' id='word_1_723' title='bbox 3816 5058 4123 5123; x_wconf 72' lang='grc' dir='ltr'>γενόμενος.</span> 
     </span>
    </p>
   </div>
   <div class='ocr_carea' id='block_1_104' title="bbox 2540 5147 4127 5220">
    <p class='ocr_par' dir='ltr' id='par_1_104' title="bbox 2540 5147 4127 5220">
     <span class='ocr_line' id='line_1_104' title="bbox 2540 5147 4127 5220; baseline -0.014 -1"><span class='ocrx_word' id='word_1_724' title='bbox 2540 5164 2635 5219; x_wconf 76' lang='grc' dir='ltr'>καὶ</span> <span class='ocrx_word' id='word_1_725' title='bbox 2664 5161 2871 5215; x_wconf 84' lang='grc' dir='ltr'>τούτων</span> <span class='ocrx_word' id='word_1_726' title='bbox 2898 5157 3062 5211; x_wconf 85' lang='grc' dir='ltr'>πάλιν</span> <span class='ocrx_word' id='word_1_727' title='bbox 3098 5152 3240 5208; x_wconf 77' lang='grc' dir='ltr'>κατὰ</span> <span class='ocrx_word' id='word_1_728' title='bbox 3267 5152 3451 5205; x_wconf 85' lang='grc' dir='ltr'>πίστιν</span> <span class='ocrx_word' id='word_1_729' title='bbox 3486 5149 3564 5220; x_wconf 83' lang='grc' dir='ltr'>τῷ</span> <span class='ocrx_word' id='word_1_730' title='bbox 3597 5149 3820 5220; x_wconf 73' lang='grc' dir='ltr'>σφοδρῷ</span> <span class='ocrx_word' id='word_1_731' title='bbox 3856 5149 3968 5219; x_wconf 75' lang='grc' dir='ltr'>τῆς</span> <span class='ocrx_word' id='word_1_732' title='bbox 3998 5147 4127 5210; x_wconf 41' lang='grc' dir='ltr'>κενή.</span> 
     </span>
    </p>
   </div>
   <div class='ocr_carea' id='block_1_105' title="bbox 2542 5237 4124 5321">
    <p class='ocr_par' dir='ltr' id='par_1_105' title="bbox 2542 5237 4124 5321">
     <span class='ocr_line' id='line_1_105' title="bbox 2542 5237 4124 5321; baseline -0.011 -12"><span class='ocrx_word' id='word_1_733' title='bbox 2542 5271 2682 5317; x_wconf 88' lang='grc' dir='ltr'>σεως</span> <span class='ocrx_word' id='word_1_734' title='bbox 2740 5248 2985 5321; x_wconf 79' lang='grc' dir='ltr'>ὑπερϐὰς</span> <span class='ocrx_word' id='word_1_735' title='bbox 3041 5248 3142 5316; x_wconf 77' lang='grc' dir='ltr'>τὴν</span> <span class='ocrx_word' id='word_1_736' title='bbox 3193 5243 3553 5316; x_wconf 71' lang='grc' dir='ltr'>εὐπρέπειαν,</span> <span class='ocrx_word' id='word_1_737' title='bbox 3616 5240 3703 5308; x_wconf 65' lang='grc' dir='ltr'>ἐφ’</span> <span class='ocrx_word' id='word_1_738' title='bbox 3754 5237 3967 5293; x_wconf 72' lang='grc' dir='ltr'>ἐαυτὸν</span> <span class='ocrx_word' id='word_1_739' title='bbox 4020 5238 4124 5304; x_wconf 73' lang='grc' dir='ltr'>στῇ,</span> 
     </span>
    </p>
   </div>
   <div class='ocr_carea' id='block_1_106' title="bbox 2156 5430 2840 5495">
    <p class='ocr_par' dir='ltr' id='par_1_106' title="bbox 2156 5430 2840 5495">
     <span class='ocr_line' id='line_1_106' title="bbox 2156 5430 2840 5495; baseline -0.012 0"><span class='ocrx_word' id='word_1_740' title='bbox 2156 5438 2391 5495; x_wconf 68' lang='grc' dir='ltr'>νΛΒΙίΕ</span> <span class='ocrx_word' id='word_1_741' title='bbox 2429 5430 2840 5493; x_wconf 80' lang='lat' dir='ltr'><strong>LECTIONES.</strong></span> 
     </span>
    </p>
   </div>
   <div class='ocr_carea' id='block_1_107' title="bbox 931 5524 1596 5601">
    <p class='ocr_par' dir='ltr' id='par_1_107' title="bbox 931 5524 1596 5601">
     <span class='ocr_line' id='line_1_107' title="bbox 931 5524 1596 5601; baseline 0.009 -24"><span class='ocrx_word' id='word_1_742' title='bbox 931 5525 980 5557; x_wconf 82' lang='grc'><strong>⁸³</strong></span> <span class='ocrx_word' id='word_1_743' title='bbox 998 5524 1205 5601; x_wconf 69' lang='lat' dir='ltr'><strong>Qaillau</strong></span> <span class='ocrx_word' id='word_1_744' title='bbox 1245 5530 1336 5585; x_wconf 87' lang='lat' dir='ltr'><strong>cd.</strong></span> <span class='ocrx_word' id='word_1_745' title='bbox 1369 5531 1596 5601; x_wconf 78' lang='grc' dir='ltr'>Κιρνάς.</span> 
     </span>
    </p>
   </div>
   <div class='ocr_carea' id='block_1_108' title="bbox 856 5595 1216 5674">
    <p class='ocr_par' dir='ltr' id='par_1_108' title="bbox 856 5595 1216 5674">
     <span class='ocr_line' id='line_1_108' title="bbox 856 5595 1216 5674; baseline 0.014 -27"><span class='ocrx_word' id='word_1_746' title='bbox 856 5595 988 5674; x_wconf 78' lang='lat' dir='ltr'><strong>item</strong></span> <span class='ocrx_word' id='word_1_747' title='bbox 1025 5596 1216 5655; x_wconf 86' lang='grc' dir='ltr'>ἐθέλοι.</span> 
     </span>
    </p>
   </div>
   <div class='ocr_carea' id='block_1_109' title="bbox 859 5682 1086 5722">
    <p class='ocr_par' dir='ltr' id='par_1_109' title="bbox 859 5682 1086 5722">
     <span class='ocr_line' id='line_1_109' title="bbox 859 5682 1086 5722; baseline 0.013 -3"><span class='ocrx_word' id='word_1_748' title='bbox 859 5682 1086 5722; x_wconf 72' lang='grc'><strong>8111111111.</strong></span> 
     </span>
    </p>
   </div>
   <div class='ocr_carea' id='block_1_110' title="bbox 1704 5512 4123 5613">
    <p class='ocr_par' dir='ltr' id='par_1_110' title="bbox 1704 5512 4123 5613">
     <span class='ocr_line' id='line_1_110' title="bbox 1704 5512 4123 5613; baseline 0 0"><span class='ocrx_word' id='word_1_749' title='bbox 1704 5530 2211 5613; x_wconf 43' lang='lat' dir='ltr'><strong>semanima.</strong></span> <span class='ocrx_word' id='word_1_750' title='bbox 2240 5528 2387 5613; x_wconf 66' lang='grc' dir='ltr'><strong>ειυοά</strong></span> <span class='ocrx_word' id='word_1_751' title='bbox 2407 5528 2578 5613; x_wconf 59' lang='lat' dir='ltr'><strong>sentio</strong></span> <span class='ocrx_word' id='word_1_752' title='bbox 2595 5526 2740 5613; x_wconf 63' lang='lat' dir='ltr'><strong>W1</strong></span> <span class='ocrx_word' id='word_1_753' title='bbox 2767 5517 3163 5613; x_wconf 54' lang='lat' dir='ltr'><strong>Caietam!</strong></span> <span class='ocrx_word' id='word_1_754' title='bbox 3182 5516 3534 5613; x_wconf 50' lang='lat' dir='ltr'><strong>ﬂavum.</strong></span> <span class='ocrx_word' id='word_1_755' title='bbox 3557 5512 3915 5613; x_wconf 57' lang='lat'><strong>3331-3113:“</strong></span> <span class='ocrx_word' id='word_1_756' title='bbox 3952 5512 4123 5613; x_wconf 59' lang='lat' dir='ltr'><strong>31&#39;s?</strong></span> 
     </span>
    </p>
   </div>
   <div class='ocr_carea' id='block_1_111' title="bbox 1310 5587 4121 5660">
    <p class='ocr_par' dir='ltr' id='par_1_111' title="bbox 1310 5587 4121 5660">
     <span class='ocr_line' id='line_1_111' title="bbox 1310 5587 4121 5660; baseline -0.007 -5"><span class='ocrx_word' id='word_1_757' title='bbox 1310 5603 1356 5634; x_wconf 83' lang='lat'><strong>&quot;</strong></span> <span class='ocrx_word' id='word_1_758' title='bbox 1391 5587 1511 5655; x_wconf 82' lang='grc' dir='ltr'>ὄλόν</span> <span class='ocrx_word' id='word_1_759' title='bbox 1538 5587 1960 5659; x_wconf 82' lang='lat' dir='ltr'><strong>ediditCaillau.</strong></span> <span class='ocrx_word' id='word_1_760' title='bbox 1987 5603 2123 5658; x_wconf 86' lang='lat' dir='ltr'><strong>Cum</strong></span> <span class='ocrx_word' id='word_1_761' title='bbox 2146 5587 2379 5656; x_wconf 71' lang='lat' dir='ltr'><strong>Maximo</strong></span> <span class='ocrx_word' id='word_1_762' title='bbox 2405 5599 2614 5654; x_wconf 81' lang='lat' dir='ltr'><strong>faciunt</strong></span> <span class='ocrx_word' id='word_1_763' title='bbox 2640 5590 2765 5648; x_wconf 84' lang='lat' dir='ltr'><strong>cod.</strong></span> <span class='ocrx_word' id='word_1_764' title='bbox 2806 5591 2939 5660; x_wconf 79' lang='lat' dir='ltr'><strong>Reg.</strong></span> <span class='ocrx_word' id='word_1_765' title='bbox 2974 5587 3080 5646; x_wconf 81' lang='lat'><strong>993</strong></span> <span class='ocrx_word' id='word_1_766' title='bbox 3106 5597 3164 5645; x_wconf 89' lang='lat' dir='ltr'><strong>ct</strong></span> <span class='ocrx_word' id='word_1_767' title='bbox 3182 5588 3376 5655; x_wconf 88' lang='lat' dir='ltr'><strong>Coisl.,</strong></span> <span class='ocrx_word' id='word_1_768' title='bbox 3427 5587 3573 5659; x_wconf 89' lang='lat' dir='ltr'><strong>apud</strong></span> <span class='ocrx_word' id='word_1_769' title='bbox 3604 5587 3882 5642; x_wconf 88' lang='lat' dir='ltr'><strong>editorem</strong></span> <span class='ocrx_word' id='word_1_770' title='bbox 3952 5587 4121 5639; x_wconf 81' lang='lat' dir='ltr'><strong>novis—</strong></span> 
     </span>
    </p>
   </div>
   <div class='ocr_carea' id='block_1_112' title="bbox 936 5772 3447 5857">
    <p class='ocr_par' dir='ltr' id='par_1_112' title="bbox 936 5772 3447 5857">
     <span class='ocr_line' id='line_1_112' title="bbox 936 5772 3447 5857; baseline -0.001 -22"><span class='ocrx_word' id='word_1_771' title='bbox 936 5782 1047 5849; x_wconf 75' lang='grc'><strong>(69)</strong></span> <span class='ocrx_word' id='word_1_772' title='bbox 1096 5784 1254 5853; x_wconf 70' lang='lat' dir='ltr'><strong>Grcg.</strong></span> <span class='ocrx_word' id='word_1_773' title='bbox 1291 5782 1540 5839; x_wconf 59' lang='lat' dir='ltr'><strong>Nati-ana.</strong></span> <span class='ocrx_word' id='word_1_774' title='bbox 1580 5783 1849 5855; x_wconf 70' lang='lat' dir='ltr'><strong>Pra&#39;ccpm</strong></span> <span class='ocrx_word' id='word_1_775' title='bbox 1879 5784 1949 5839; x_wconf 74' lang='lat' dir='ltr'><strong>mi</strong></span> <span class='ocrx_word' id='word_1_776' title='bbox 1986 5802 2114 5857; x_wconf 73' lang='lat' dir='ltr'><strong>urg.</strong></span> <span class='ocrx_word' id='word_1_777' title='bbox 2152 5802 2200 5839; x_wconf 85' lang='lat' dir='ltr'><strong>v.</strong></span> <span class='ocrx_word' id='word_1_778' title='bbox 2239 5784 2385 5848; x_wconf 72' lang='lat'><strong>59).,</strong></span> <span class='ocrx_word' id='word_1_779' title='bbox 2430 5798 2479 5853; x_wconf 69' lang='grc' dir='ltr'>ιι.</span> <span class='ocrx_word' id='word_1_780' title='bbox 2510 5781 2634 5849; x_wconf 70' lang='lat'><strong>372,</strong></span> <span class='ocrx_word' id='word_1_781' title='bbox 2671 5789 2801 5837; x_wconf 78' lang='lat' dir='ltr'><strong>tom.</strong></span> <span class='ocrx_word' id='word_1_782' title='bbox 2835 5779 2880 5836; x_wconf 88' lang='lat' dir='ltr'><strong>ll</strong></span> <span class='ocrx_word' id='word_1_783' title='bbox 2906 5778 3047 5850; x_wconf 79' lang='lat' dir='ltr'><strong>Opp.</strong></span> <span class='ocrx_word' id='word_1_784' title='bbox 3071 5777 3205 5835; x_wconf 71' lang='lat' dir='ltr'><strong>edit.</strong></span> <span class='ocrx_word' id='word_1_785' title='bbox 3242 5772 3447 5833; x_wconf 81' lang='lat' dir='ltr'><strong>Bencd.</strong></span> 
     </span>
    </p>
   </div>
  </div>
