4198 6434
188 443 324 507 1409

1394 432 1907 494 AMBIGUORUM
1950 436 2196 498 LIBER.

3289 449 3426 512 1410

184 553 450 621 πεπηγὼς
486 550 804 605 παντάπασι
840 549 936 602 καὶ
969 547 1245 616 ἀκίνητος,
1276 546 1364 598 διὰ
1396 546 1495 614 τὴν
1536 543 1755 596 πάντων

1860 549 2225 612 superaverit,
2253 551 2476 619 jamque
2507 552 2559 594 in
2596 566 2655 606 se
2699 552 2817 621 ipsa
2851 562 2996 617 stet,
3046 569 3150 609 nxa
3195 572 3428 624 prorsus

182 644 456 707 διάϐασιν,
491 640 796 713 τηνικαῦτα
829 640 928 709 τὴν
966 640 1116 692 θείαν
1140 638 1369 699 δεόντως
1410 634 1757 688 ἐπικαλεῖται

187 735 400 803 σοφίαν,
430 735 530 805 τὴν
550 734 717 794 ὅντως
744 750 803 785 τε
830 732 925 784 καὶ
955 729 1168 799 ἀληθῶς
1202 728 1379 797 (26],
1410 727 1463 789 b)
1492 726 1636 779 κατὰ
1659 726 1759 793 τὴν

185 824 388 890 γνῶσιν
416 822 751 892 ἁδιεξίτητον
778 821 1036 884 ἄϐυσσον,
1061 817 1245 887 φωνὴν
1268 816 1418 887 αύτῷ
1440 816 1622 869 δοῦναι
1648 815 1758 867 τῶν

185 915 347 966 θείων
377 913 799 985 καταρῤακτῶν,
856 910 971 963 ἀλλ’
1008 910 1109 962 οὐκ
1146 910 1345 971 αὐτοὺς
1396 908 1521 969 τοὺς
1552 907 1756 975 καταρ·

190 1003 423 1071 ῥάκτας,
462 1005 599 1074 ὅπερ
629 1004 779 1055 ἐστὶν
810 1001 1052 1071 ἐμφασίν
1096 1016 1221 1053 τινα
1250 1000 1486 1061 πίστεως
1519 1014 1756 1064 γνωστι-

186 1099 293 1167 κὴν
322 1098 431 1150 τῶν
458 1098 588 1168 περὶ
614 1096 676 1149 τὸ
707 1098 819 1149 πᾶν
848 1098 945 1163 τῆς
975 1095 1126 1156 θείας
1168 1092 1426 1161 προνοίας
1451 1090 1665 1161 τρόπων
1695 1106 1756 1141 τε

183 1194 280 1247 καὶ
330 1192 506 1261 λόγων
560 1190 728 1244 αἰτῶν
787 1187 1169 1253 ὐποδέξασθαι,
1212 1186 1282 1239 δι’
1323 1182 1393 1256 ἦς
1453 1184 1756 1254 μνησθῆναι

183 1282 478 1353 δυνήσεται
496 1281 591 1335 τοῦ
621 1281 758 1334 Θεοῦ
777 1282 838 1333 ὲκ
858 1278 962 1349 γῆς
998 1277 1258 1349 Ἰορδάνου
1284 1277 1378 1330 καὶ
1416 1275 1751 1345 Ἐρμονιεὶμ,

185 1377 249 1427 ἐν
278 1368 312 1447 ᾖ
347 1374 445 1444 τῆς
478 1373 631 1436 Θείας
654 1371 789 1442 πρὸς
803 1370 1123 1440 ἀνθρώπους
1140 1368 1235 1421 τοῦ
1258 1367 1395 1420 Θεοῦ
1423 1367 1597 1432 Λόγου
1627 1380 1758 1433 συγ-

184 1463 545 1524 καταϐάσεως
573 1461 635 1514 τὸ
669 1460 813 1530 μέγα
841 1459 937 1511 καὶ
965 1457 1193 1527 φρικτὸν
1221 1456 1309 1509 διὰ
1342 1455 1540 1525 σαρκὸς
1574 1453 1755 1506 ἐτελέ-

186 1550 295 1622 σθη
324 1556 642 1621 μυστήριον,
672 1552 730 1603 έν
753 1543 798 1616 ᾧ
822 1550 919 1616 τῆς
942 1551 1023 1610 είς
1043 1548 1176 1602 Θεὸν
1202 1547 1480 1609 εὐσεϐείας
1508 1546 1754 1615 ἐδωρήθη

180 1645 305 1705 τοῖς
333 1641 643 1711 ἀνθρώποις
667 1639 730 1691 τὸ
763 1637 981 1708 ἀληθὲς,
1008 1639 1144 1708 ὅπερ
1171 1637 1261 1692 διὰ
1291 1637 1353 1689 τὸ
1389 1637 1565 1689 πᾶσαν
1604 1634 1757 1687 ἐκϐε-

181 1733 417 1802 6ηκέναι
450 1731 668 1801 φύσεως
688 1730 841 1795 τάξιν
872 1730 968 1781 καὶ
996 1728 1246 1798 δύναμινο
1277 1727 1356 1797 τῷ
1388 1727 1486 1796 μὲν
1512 1726 1643 1794 θείῳ
1664 1725 1757 1777 καὶ

179 1824 287 1893 τῆς
321 1823 475 1884 θείας
509 1822 684 1891 μύστῃ
712 1837 772 1872 τε
805 1820 901 1873 καὶ
940 1818 1283 1889 μυσταγωγῷ
1316 1815 1754 1887 κρυφιογνώστου

184 1877 385 1981 adipis;
420 1877 620 1981 ῐίαῦλῳ
757 1877 979 1979 μεγάλω
1007 1877 1293 1976 ἀποστόλίρ
1326 1877 1507 1976 μωρία
1526 1877 1756 1974 ῶνομά-
1788 1877 1830 1933 Β

183 2000 294 2070 σθη
319 1999 455 2053 Θεοῦ
484 1998 581 2052 καὶ
608 1997 882 2057 ἀσθένεια,
905 1997 993 2048 διὰ
1013 1996 1111 2065 τὴν
1141 1995 1585 2065 ὑπερϐάλλουσαν
1603 1990 1756 2063 οἶμαι

183 2091 387 2160 σοφίαν
424 2091 522 2144 καὶ
545 2088 796 2158 δύναμιν·
822 2086 899 2157 τῷ
924 2087 981 2139 δὲ
1018 2087 1267 2158 θεόφρονι
1298 2089 1519 2157 μεγάλῳ
1549 2088 1758 2157 Γρηγο-

183 2184 294 2255 ρίῳ
319 2183 571 2250 παίγνιον
593 2178 1038 2250 προσηγορεύθη,
1071 2178 1156 2230 διὰ
1189 2178 1288 2247 τὴν
1316 2178 1759 2247 ὑπερϐάλλουσαν

180 2274 473 2347 φρόνησιν.
518 2273 579 2325 Ὀ
610 2271 709 2341 μὲν
738 2271 847 2340 γάρ
893 2286 1048 2340 φησι.
1102 2269 1173 2324 Τὸ
1216 2270 1417 2338 μωρὸν
1460 2268 1566 2321 τοῦ
1610 2267 1758 2320 Θεοῦ

179 2365 536 2435 σοφώτερον
583 2361 705 2417 τῶν
732 2363 1057 2431 ἀνθρώπων
1084 2360 1236 2418 ἐστὶ.
1280 2359 1381 2413 καὶ
1407 2359 1475 2412 τὸ
1504 2358 1758 2433 ἀσθενὲς

179 2458 297 2511 τοῦ
329 2456 477 2511 Θεοῦ
505 2455 899 2524 ἰσχυρότερον
922 2453 1041 2508 τῶν
1070 2450 1396 2520 ἀνθρώπων
1424 2450 1557 2504 ἐστι
1576 2466 1590 2480 ο
1625 2453 1653 2502 ὁ
1679 2450 1755 2503 δέ.

181 2547 385 2611 Παίζει
412 2549 522 2620 γὰρ
548 2550 733 2617 λόγος
753 2546 933 2613 αὶπὺς
970 2547 1039 2599 ἐν
1076 2545 1267 2598 εἴδεσι
1299 2542 1758 2607 παντοδαποῖσι,

187 2643 418 2713 Κρινας
448 2641 531 2706 ὡς
552 2638 748 2694 ἐθέλοι
774 2639 1006 2707 κόσμον
1026 2637 1130 2690 ἐὸν
1149 2636 1295 2692 ἔνθα
1314 2636 1413 2689 καὶ
1436 2636 1580 2689 ἔνθα
1601 2650 1616 2665 °

182 2732 451 2801 ἑκάτερος
503 2731 573 2800 τῇ
632 2728 886 2797 στερήσει
954 2725 1065 2777 τῶν
1115 2725 1244 2793 παρ’
1276 2725 1409 2792 ἡμῖν
1455 2721 1759 2793 κρατίστων

185 2824 400 2876 θέσεων
428 2819 525 2891 τὴν
546 2819 695 2872 θείαν
710 2816 1110 2886 ἐνδεικνύμενος
1131 2813 1263 2881 ἕξιν,
1289 2814 1385 2868 καὶ
1408 2818 1528 2878 ταῖς
1549 2813 1759 2882 ἀποφά-

190 2930 316 2967 σεσι
342 2912 451 2965 τῶν
464 2909 747 2981 ἡμετέρων
764 2908 1080 2977 ποιούμενος
1102 2907 1197 2977 τὴν
1217 2906 1322 2959 τῶν
1343 2904 1500 2959 θείων
1515 2906 1761 2973 κατάφαο

186 3021 301 3059 σιν.
327 3002 525 3076 Μωρία
553 3002 664 3072 γὰρ
688 2999 817 3071 παρ’
846 3001 977 3069 ἡμῖν
995 2998 1088 3051 καὶ
1113 2996 1368 3050 ἀσθένεια
1397 2997 1490 3049 καὶ
1515 2996 1761 3063 παίγνιον

186 3096 482 3166 στερήσεις
512 3093 671 3158 εἰσὶν,
706 3093 741 3162 ή
782 3090 883 3161 μὲν
905 3088 1121 3155 σοφίας,
1154 3089 1189 3158 ἡ
1214 3088 1272 3141 δὲ
1298 3088 1604 3158 δυνάμεως,
1640 3089 1674 3157 ἡ
1702 3086 1761 3139 δὲ

1859 646 2026 705 atque
2060 638 2379 704 immobilis,
2407 642 2478 696 ob
2511 653 2709 696 cuncta
2743 648 2993 707 traiecta,
3033 654 3150 697 tum
3186 646 3425 701 divinam

1859 730 2176 783 necessario
2207 733 2466 787 invocare
2491 734 2840 802 sapientiam.
2889 736 3146 803 abyssum
3175 751 3298 805 qna:
3339 752 3427 789 re-

1858 832 1985 870 vera
2021 834 2132 871 non
2160 822 2334 887 possit
2364 822 2681 890 cognitione
2712 824 3039 885 transcurri,
3092 833 3154 877 ut
3202 824 3309 879 sibi
3341 825 3428 879 di-

1858 910 2112 965 vinarum
2140 922 2544 967 cataractarum
2575 930 2772 968 vocem
2805 915 2939 969 dare
2968 917 3124 977 velit,
3157 930 3267 968 non
3300 932 3431 970 vero

1858 995 2005 1064 ipsas
2034 1009 2340 1073 cataractas
2368 1040 2383 1063 ,
2439 1004 2587 1070 quod
2616 1014 2703 1058 est
2732 1004 3194 1073 significationem
3225 1020 3428 1073 quam-

1857 1086 1981 1141 dam
2019 1088 2145 1143 ﬁdei
2174 1106 2284 1158 qua
2310 1091 2514 1146 divinae
2535 1094 2681 1148 circa
2711 1094 3034 1149 universum
3061 1095 3429 1151 Providentia:

1858 1178 2052 1232 modos
2079 1186 2137 1233 et
2175 1181 2421 1236 rationes
2464 1198 2758 1238 noscamus
2812 1186 3074 1252 precibus
3108 1186 3427 1255 impetrare,

1855 1284 1965 1336 qua
2004 1271 2100 1324 Dei
2133 1273 2451 1327 meminisse
2479 1290 2747 1343 queamus
2775 1292 2841 1331 ex
2878 1286 3026 1333 terra
3080 1278 3337 1333 Jordanis
3370 1290 3427 1332 et

1858 1357 2204 1414 Hermoniim
2232 1373 2279 1425 ι,
2307 1363 2361 1416 in
2390 1379 2500 1431 qua
2527 1364 2727 1419 divina:
2758 1367 2854 1419 Dei
2891 1368 3176 1422 Sermonis
3214 1368 3281 1423 ad
3332 1369 3430 1421 Ιιυ-

1857 1450 2038 1504 mines
2071 1453 2559 1510 condescensionis
2581 1470 2839 1524 magnum
2871 1466 2929 1510 et
2967 1458 3305 1511 horrendum
3330 1474 3430 1527 per

1856 1553 2077 1593 carnem
2111 1551 2197 1595 est
2226 1554 2669 1599 consummatum
2693 1548 3035 1615 mysterium,
3072 1549 3128 1601 in
3158 1566 3267 1617 quo
3302 1564 3429 1603 vera

1857 1629 2184 1684 hominibus
2217 1650 2345 1702 erga
2375 1636 2549 1688 Deum
2582 1636 2760 1705 pietas
2789 1638 2991 1691 donata
3015 1648 3120 1698 est,
3157 1655 3279 1705 qua:
3303 1656 3430 1693 cum

1856 1734 2077 1774 omnem
2099 1725 2577 1789 naturaﬁordinem
2606 1743 2671 1781 ac
2701 1736 3029 1796 potestatem
3055 1731 3429 1798 exsuperarit,

1857 1827 1888 1865 a
1920 1811 2108 1866 divino
2140 1823 2305 1883 atque
2336 1815 2541 1870 divinae
2573 1820 2858 1887 sapientia
2904 1822 3194 1875 sacerdote
3231 1831 3290 1875 et
3331 1820 3434 1874 do-

1858 1911 2012 1957 ctore
2049 1908 2399 1962 occultorum
2448 1910 2751 1979 interprete
2802 1912 2996 1975 Paulo,
3050 1928 3252 1981 magno
3298 1929 3432 1982 apo-

1860 1996 2026 2059 stolo,
2072 1998 2315 2052 stultitia
2360 1999 2456 2053 Dei
2509 2011 2565 2054 et
2611 2002 2926 2065 infirmitas,
2973 2004 3045 2057 ob
3087 2004 3433 2072 superabun-

1858 2083 2118 2147 dantetn,
2147 2096 2303 2155 puto,
2342 2088 2672 2157 sapientiam
2718 2106 2784 2144 ac
2830 2092 3115 2157 virtutem,
3153 2109 3185 2146 a
3233 2108 3432 2161 magno

1858 2185 2049 2229 contra
2086 2192 2151 2231 ac
2211 2179 2403 2233 divino
2454 2180 2727 2251 Gregorio
2778 2183 2936 2238 lusus
3003 2186 3279 2255 appellata
3323 2197 3429 2249 est.

1859 2266 1931 2319 ob
1968 2268 2517 2336 superabundantem
2555 2275 2930 2341 prudentiam.
2984 2277 3081 2330 lllc
3107 2278 3277 2337 enim,
3338 2277 3432 2330 Dei

1856 2359 2103 2422 stultum,
2184 2361 2387 2430 inquit,
2474 2364 2766 2434 sapientius
2810 2367 3120 2431 hominibus,
3169 2377 3216 2420 rt
3282 2368 3435 2435 inﬁr-

1860 2466 2002 2503 mum
2042 2448 2141 2503 Dei
2196 2452 2381 2520 fortius
2431 2462 2509 2507 est
2545 2456 2834 2509 hominibus
2874 2459 2896 2495 ιι
2928 2474 2941 2511 :
2982 2458 3072 2512 hic
3095 2469 3287 2513 contra
3310 2460 3429 2512 ait:

1860 2537 2017 2591 Ludit
2070 2540 2210 2592 enim
2266 2557 2476 2594 summa
2525 2545 2664 2596 ratio
2728 2547 2784 2599 in
2830 2548 3143 2600 omnimodis
3199 2548 3429 2617 ﬁguris,

1860 2627 2158 2681 discernens
2207 2628 2437 2699 qualibet
2486 2633 2740 2686 mundum
2779 2651 2935 2688 suum
2983 2638 3102 2690 hinc
3136 2646 3187 2689 et
3233 2637 3381 2691 illinc
3414 2654 3433 2692 :

1862 2729 2097 2790 uterque
2130 2720 2464 2777 fortissimas
2494 2726 2699 2793 quibus
2729 2743 2833 2781 nos
2864 2728 3091 2793 utimur,
3130 2731 3437 2798 positiones

1861 2813 2115 2882 negando
2140 2812 2390 2868 divinum
2417 2814 2669 2869 habitum
2703 2816 3096 2875 demonstrans
3127 2859 3143 2883 ,
3209 2832 3430 2877 nostro-

1860 2918 2095 2973 rumque
2144 2905 2541 2975 negationibus
2589 2906 2777 2963 divina
2831 2909 3130 2966 afﬁrmans.
3189 2912 3435 2969 Stultitia

1860 2994 2013 3048 enim
2046 3002 2104 3049 et
2138 2994 2432 3051 infirmitas
2459 3006 2515 3050 et
2546 2998 2703 3053 lusus
2752 3000 2898 3070 apud
2946 3017 3050 3056 nos
3094 3003 3437 3072 privationes

1862 3093 2012 3150 sunt,
2051 3101 2160 3140 una
2197 3086 2422 3154 quidem
2460 3088 2745 3157 sapientia:
2778 3129 2794 3154 ,
2846 3092 3021 3146 altera
3062 3092 3433 3156 fortitudinis,

188 3190 532 3259 ερονήσεως,
559 3185 654 3239 ἐπὶ
680 3183 816 3237 Θεοῦ
844 3182 902 3235 δὲ
934 3179 1226 3250 λεγόμεναι
1249 3179 1442 3247 σοφίας
1466 3177 1580 3246 καὶ,
1597 3176 1759 3231 δυνάο

1866 3177 2026 3231 tcrtia
2077 3176 2385 3246 prudentiae
2410 3219 2425 3243 ,
2487 3179 2584 3234 sed
2621 3181 2690 3234 de
2749 3181 2862 3234 Deo
2901 3192 3184 3253 usurpatae
3224 3185 3433 3239 eaedem

187 3296 341 3350 μεως
368 3278 461 3332 καὶ
482 3276 801 3346 φρονήσεως
833 3270 1139 3343 ὑπερϐολὴν
1171 3270 1355 3339 σαφῶς
1380 3267 1757 3339 ὑποδηλοῦσιν.

187 3371 263 3423 Et
285 3387 339 3422 τι
386 3364 480 3423 οῦν
532 3366 662 3438 παρ’
696 3367 831 3435 ἡμῖν
882 3363 1026 3416 κατᾶ
1077 3361 1334 3432 στέρησιν
1383 3360 1617 3427 λέγοιτο,
1668 3359 1761 3411 ἐπὶ

184 3460 331 3515 Θεοῦ
380 3460 670 3529 λεγόμενον
696 3458 813 3523 ἕξιν
841 3451 1140 3524 ύποδηλοῦν
1174 3453 1394 3515 πάντως
1444 3448 1762 3520 ἐκδέχεσθαι

186 3553 424 3617 δίκαιον,
451 3549 629 3604 καὶτὸ
674 3547 935 3618 ἔμπαλιν,
970 3544 1023 3597 ετ
1047 3562 1102 3597 τι
1136 3544 1277 3597 κατὰ
1322 3540 1437 3605 ἕξιν
1469 3540 1556 3608 ἐφ’
1605 3539 1763 3609 ἡμῶν

186 3644 428 3714 λέγοιτο,
460 3641 645 3713 (262
681 3650 737 3709 a)
773 3639 865 3691 ἐπὶ
891 3636 1027 3690 Θεοῦ
1054 3636 1310 3708 στέρησιν
1351 3633 1440 3687 διὰ
1467 3632 1566 3704 τὴν
1598 3634 1765 3700 ὑπερ-

185 3736 327 3807 οχὴν
353 3732 677 3803 ἐκδέχεσθαι
700 3728 896 3801 δηλοῦν
926 3726 1398 3796 πρεπωδέστατον.
1424 3726 1492 3778 Δί
1517 3724 1626 3795 γὰρ
1655 3722 1764 3775 τῶν

188 3827 359 3880 θείων
396 3822 696 3895 ὑπερϐολαὶ
726 3821 821 3874 καὶ
848 3819 992 3873 κατὰ
1029 3818 1286 3889 στέρησιν
1311 3817 1380 3870 δι’
1418 3814 1764 3883 ἀντιφάσεως

186 3918 486 3989 λεγόμεναι
516 3917 647 3987 παρ’
697 3913 855 3986 ἡμῶν
884 3912 1174 3967 ἀποδέουσι
1220 3909 1354 3963 πολὺ
1400 3908 1499 3978 τῆς
1530 3905 1764 3977 ἀληθοῦς

187 4012 319 4068 καθ’
344 4012 405 4065 ὃν
432 4013 540 4065 εἰσι
574 4009 730 4076 λόγον
760 4005 1075 4077 ἐμφάσεως.
1106 4003 1171 4057 Et
1196 4002 1255 4055 δὲ
1305 4000 1467 4056 τοῦτο
1502 4000 1645 4053 κατὰ.
1672 3999 1765 4051 τὸν

188 4104 384 4157 εἰκότα
416 4101 574 4169 λόγον
605 4098 755 4152 ἐστὶν
807 4095 1008 4167 ἀληθὲς
1045 4095 1127 4167 (ού
1175 4094 1283 4164 γὰρ
1318 4090 1604 4163 συμϐαίνει
1648 4088 1763 4142 mii-

188 4213 331 4251 ποτε
355 4197 426 4249 τὰ
473 4195 594 4248 θεῖα
639 4194 755 4255 τοῖς
802 4186 1208 4259 ἀνθρωπίνοις),
1243 4186 1353 4255 ἄρα
1400 4183 1581 4253 μωρία
1626 4180 1765 4235 Θεοῦ

189 4290 292 4343 καὶ
322 4285 575 4341 ἀσθένεια
602 4286 746 4338 κατὰ
772 4282 864 4336 τὸν
895 4281 1052 4349 ἅγιον
1080 4278 1377 4333 ἀπόστολον
1405 4278 1640 4340 Παῦλον,
1671 4277 1767 4331 καὶ

190 4383 452 4449 παίγνιον
481 4378 618 4432 Θεοῦ
667 4376 810 4431 κατὰ
856 4373 1157 4445 Γρηγόριον
1204 4369 1297 4424 τὸν
1330 4367 1644 4440 θαυμαστὸν
1675 4369 1769 4421 καὶ

198 4473 384 4545 μέγαν
411 4466 753 4533 διδάσκαλον,
782 4466 845 4520 τὸ
873 4463 1170 4536 μυστήριόν
1194 4462 1311 4514 ἐστι
1343 4460 1447 4531 τῆς
1490 4459 1641 4522 θείας
1682 4460 1770 4512 έν·

1862 3268 2148 3337 sapientia:
2170 3277 2227 3323 et
2250 3269 2596 3325 fortitudinis
2629 3279 2686 3326 et
2731 3272 3045 3339 prudentiae
3085 3275 3435 3343 superabun-

1862 3359 2107 3414 dantiam
2147 3360 2295 3415 clare
2338 3360 2671 3431 significant.
2706 3362 2864 3428 Quod
2895 3365 2941 3419 si
2987 3365 3123 3435 quid
3154 3367 3298 3438 apud
3333 3382 3436 3422 nos

1861 3453 2133 3521 privative
2161 3454 2391 3520 dicitur,
2419 3455 2488 3510 de
2518 3456 2633 3511 Deo
2664 3468 2992 3527 usurpatum
3024 3459 3170 3514 idem
3205 3461 3432 3516 habitus

1866 3545 2338 3614 signiﬁcationem
2380 3546 2586 3603 habere
2638 3549 2763 3619 jure
2809 3549 3323 3620 interpretabimur,
3370 3569 3435 3607 ac

1864 3652 2078 3700 rursus,
2118 3637 2165 3692 si
2190 3637 2323 3707 quid
2348 3638 2653 3693 secundum
2681 3640 2934 3695 habitum
2979 3640 3049 3696 de
3093 3642 3258 3698 nobis
3295 3643 3437 3698 dici-

1866 3736 1976 3793 tur,
2013 3727 2068 3782 id
2102 3727 2170 3783 de
2205 3729 2317 3784 Deo
2349 3741 2676 3799 usurpatum
2712 3731 2784 3786 ob
2821 3732 3184 3788 eminentiam
3227 3733 3434 3789 admit-

1866 3827 1980 3875 tere
2040 3820 2410 3889 privationem
2463 3823 2666 3878 docere
2714 3825 2953 3880 maxime
3000 3838 3436 3881 consentaneum

1862 3910 1991 3965 erit.
2032 3911 2355 3966 Divinorum
2386 3913 2536 3967 enim
2558 3915 2961 3984 exsuperantiat
2990 3955 3004 3979 ,
3061 3926 3119 3971 et
3161 3918 3437 3986 privativc

1864 4016 1965 4069 per
1997 4003 2491 4059 contradictionem
2528 4006 2674 4075 apud
2700 4022 2801 4061 nos
2849 4006 3010 4062 dictae
3034 4046 3048 4070 ,
3094 4022 3125 4061 a
3162 4023 3298 4062 vero
3347 4024 3438 4061 se-

1867 4090 2112 4145 cundum
2145 4107 2310 4161 quam
2364 4091 2478 4147 sint
2521 4094 2794 4149 rationem
2849 4094 3163 4165 signiﬁcatu
3201 4097 3437 4151 multum

1867 4182 2090 4237 absunt.
2128 4181 2287 4249 Quod
2310 4183 2380 4245 si,
2411 4185 2492 4239 uti
2525 4185 2770 4248 videtur,
2795 4202 2989 4241 verum
3022 4196 3109 4243 est
3134 4189 3438 4257 (nusquam

1866 4274 2014 4329 enim
2048 4274 2239 4330 divina
2272 4285 2591 4347 congruunt
2618 4293 2745 4332 cum
2777 4278 3085 4345 humanis),
3134 4295 3266 4351 ergo
3303 4283 3443 4337 stul-

1871 4366 1989 4421 titia
2022 4366 2120 4422 Dei
2163 4377 2220 4422 et
2251 4369 2550 4425 infirmitas
2578 4370 2885 4425 secundum
2914 4381 3166 4427 sanctum
3217 4384 3442 4442 aposto-

1870 4457 1985 4512 lum
2013 4458 2268 4523 Paulum,
2305 4469 2362 4516 et
2394 4462 2553 4515 lusus
2586 4461 2683 4516 Dei
2725 4462 3026 4517 secundum
3054 4464 3441 4520 admirandum

194 4534 634 4633 ανθρωπήσεως,
678 4556 754 4620 ὼς
783 4534 966 4625 πάσης
996 4552 1212 4621 φύσεως
1254 4548 1538 4618 δυνάμεώς
1584 4565 1642 4601 τε
1674 4547 1768 4601 καὶ

1871 4559 1930 4605 et
1976 4566 2237 4620 magnum
2271 4551 2555 4607 doctorem
2592 4553 2959 4624 Gregorium,
3013 4555 3215 4611 divina:
3263 4558 3447 4610 incar-

194 4652 490 4725 δνεργείας
536 4652 719 4704 πᾶσαν
771 4644 1110 4716 ὑπερουσίως
1140 4640 1441 4710 ὲκϐεσηκὸς
1478 4639 1632 4703 τάξιν
1676 4640 1773 4692 καὶ

192 4747 495 4820 ἁρμονίαν,
529 4746 669 4815 ὅπερ
688 4742 961 4812 πνεύματι
998 4738 1130 4808 θείῳ
1163 4736 1447 4809 πόρρωθεν
1480 4734 1624 4789 κατὰ
1649 4733 1773 4787 νοῦν

195 4838 541 4908 θεασάμενος
565 4836 663 4889 καὶ
696 4833 924 4905 μυηθεὶς
953 4833 982 4885 ὁ
1009 4830 1280 4892 θειότατος
1311 4827 1495 4892 Δαὸὶδ,
1532 4827 1624 4879 καὶ
1663 4820 1774 4879 οἷον

193 4932 307 5001 τὴν
332 4927 426 4984 τοῦ
462 4925 787 4981 ’Δποστόλου
810 4922 1114 4993 λεγομένην
1139 4920 1226 4974 διὰ
1251 4920 1564 4990 στερήσεως
1602 4920 1775 4989 ὑπερ.

198 5020 513 5076 σάλλουσαν
550 5016 665 5082 Ξξιν
695 5013 792 5069 τοῦ
827 5013 965 5067 Θεοῦ
996 5010 1448 5083 προερμηνεύων,
1483 5009 1775 5075 Ἰουδαίων,

199 5112 399 5182 σαφῶς
425 5106 605 5181 οἶμαι,
637 5106 945 5163 καταϐοῶνθ
983 5107 1081 5158 Ἑν
1110 5103 1191 5168 τῷ
1230 5102 1446 5169 πλήθει
1468 5101 1578 5169 τῆς
1601 5101 1781 5156 δυνά-

192 5207 361 5279 μεώς
400 5221 518 5260 σου
550 5201 885 5272 ψεύσονται
930 5212 1004 5253 σε
1040 5199 1095 5251 ot
1126 5196 1329 5266 ἐχθροί
1365 5210 1503 5249 σου.
1529 5195 1644 5257 Πᾶς
1670 5193 1780 5265 γὰρ

201 5301 496 5371 ἄνθρωπος
518 5295 708 5367 ἑχθρὸς
737 5294 955 5355 πάντως
982 5289 1076 5344 τοῦ
1106 5288 1240 5343 Θεοῦ
1269 5288 1365 5343 καὶ
1382 5286 1623 5357 ψεύστης
1649 5303 1781 5356 προ-

200 5392 389 5463 δήλως
417 5387 744 5444 καθίσταται
792 5386 823 5436 ὁ
866 5385 958 5437 τὸν
987 5382 1122 5435 Θεὸν
1144 5382 1222 5453 τῷ
1244 5381 1395 5452 νόμῳ
1431 5380 1534 5451 τῆς
1563 5380 1781 5449 φύσεως

204 5481 438 5555 ἀμαθῶς
454 5497 515 5534 τε
535 5479 632 5533 καλ⁸
651 5475 866 5538 ἀσεϐῶς
893 5491 961 5527 πε
971 5472 1242 5545 ρικλείων,
1265 5472 1359 5525 καὶ
1388 5470 1613 5534 ἀπαθῶς
1640 5471 1779 5542 ὑπὲρ

202 5575 378 5645 φύσιν
398 5575 456 5626 έν
486 5571 599 5633 τοῖς
623 5569 730 5623 ὑπὸ
758 5566 918 5638 φύσιν
944 5563 1216 5627 ούσιωδῶς
1241 5564 1532 5634 γενόμενον
1550 5562 1616 5616 τὰ
1641 5564 1782 5617 κατά

204 5664 380 5737 φύσιν
401 5664 478 5725 ὡς
523 5661 702 5717 πάντα
728 5658 1029 5728 δυνάμενον
1072 5655 1369 5726 ἐνεργῆσαι
1401 5655 1678 5708 πιστεύειν
1706 5655 1782 5725 μὴ

271 5840 291 5896 i
334 5839 477 5898 Psal.
514 5853 625 5905 ut,
652 5836 687 5893 9
759 5836 783 5878 Ιι
825 5836 844 5890 ι
874 5835 1001 5892 Cor.
1036 5851 1076 5899 ι,
1109 5835 1199 5889 25.
1274 5832 1286 5871 ι
1322 5836 1461 5891 l‘sal.
1492 5851 1613 5903 txv,
1643 5836 1695 5891 5.

1877 4643 2121 4699 nationis
2157 4646 2481 4716 mysterium
2508 4655 2614 4710 est,
2657 4647 2890 4716 utquod
2920 4649 3105 4701 omnis
3146 4660 3357 4704 natura:
3388 4660 3446 4704 et

1877 4734 2172 4804 potestatis
2194 4731 2275 4790 ἐι
2310 4735 2537 4791 virtutis
2569 4752 2793 4793 omnem
2832 4738 3087 4791 ordinem
3131 4753 3447 4807 congruen-

1881 4826 2123 4896 tiamque
2151 4827 2654 4897 supernaturaliter
2681 4843 2965 4898 egressum
2989 4837 3095 4891 est.
3142 4831 3290 4900 quod
3319 4832 3449 4900 qui-

1880 4918 2004 4973 dem
2035 4917 2227 4973 divino
2260 4916 2468 4987 Spiritu
2494 4918 2683 4988 procul
2714 4920 3120 4987 contemplatus
3163 4929 3348 4975 mente
3392 4930 3447 4976 et

1880 5010 2131 5065 initiatus
2161 5009 2357 5074 David,
2398 5025 2463 5065 ac
2509 5010 2683 5064 veluti
2735 5012 2977 5079 praevius
3024 5010 3304 5079 interpres
3350 5012 3448 5066 Dei

1880 5099 2103 5155 habitus
2144 5098 2649 5170 superabundantis
2687 5100 2758 5153 ab
2803 5100 3071 5169 Apostolo
3119 5114 3220 5168 per
3267 5100 3451 5169 priva-

1881 5192 2090 5247 tionem
2117 5191 2369 5256 indicati,
2400 5191 2469 5247 de
2490 5191 2721 5254 Iudaeis,
2742 5192 2893 5245 clare
2919 5202 3077 5261 puto,
3103 5192 3448 5246 vociferans:

1882 5283 1947 5339 In
1978 5285 2333 5349 multitudine,
2366 5284 2570 5353 inquit,
2621 5285 2947 5354 fortitudinis
2981 5294 3085 5337 tua:
3140 5284 3451 5337 mentiemur

1885 5378 1973 5431 tibi
1996 5377 2194 5431 inimici
2213 5378 2289 5429 tui
2321 5375 2362 5429 ι.
2393 5376 2591 5430 Nullus
2615 5377 2763 5431 enim
2790 5377 2955 5431 homo
2985 5392 3095 5430 non
3128 5376 3224 5431 Dei
3263 5384 3452 5442 aperte

1886 5467 2063 5522 hostis
2089 5477 2147 5522 et
2165 5466 2439 5522 inficiator
2453 5468 2750 5538 cvaditqui
2779 5468 2897 5538 lege
2918 5479 3132 5522 naturae
3162 5468 3453 5521 inscienter

1886 5571 1944 5616 et
1963 5560 2128 5629 impie
2158 5560 2325 5615 Deum
2344 5560 2600 5623 includit.
2626 5572 2824 5616 etcum
2858 5559 2952 5629 qui
2980 5560 3099 5614 sine
3125 5560 3237 5613 ullo
3253 5558 3451 5612 all‘ectn

1891 5655 1944 5710 in
1969 5657 2137 5712 rebus
2159 5664 2367 5711 natura:
2400 5653 2667 5725 subjectis
2690 5653 3065 5710 cssentialiter
3084 5661 3333 5708 naturam
3363 5665 3441 5704 su-
