4198 6434
796 356 931 422 “ll

1998 366 2057 423 S.
2100 362 2383 422 MAXIM!
2426 362 2935 422 (IONFESSORIS

3912 361 4035 425 “19.

794 488 1117 543 pergressus
1163 485 1250 529 est
1279 515 1294 536 .
1348 475 1620 529 naturalia
1655 515 1670 536 ,
1707 491 1833 529 eum
1890 477 2076 528 omnia
2142 484 2330 543 posset

2478 474 2799 543 ἀρχόμενος.
2834 473 2993 525 Οὗτω
3024 472 3124 542 μὲν
3172 468 3264 525 οὖν
3297 474 3437 526 κατὰ
3469 472 3599 543 μίαν
3620 471 3877 542 ἐπιϐολὴν
3909 478 4031 532 τέως

792 565 973 633 egisse
996 564 1260 619 credendi
1285 580 1394 617 non
1422 566 1638 618 initium
1670 566 1820 618 facit.
1860 564 1951 619 Sic
1976 565 2143 634 igitur
2169 578 2370 617 secun—

2475 564 2752 635 θεωρῆσαι
2789 564 2852 617 τὸ
2911 566 3094 635 μωρὸν
3124 564 3220 618 τοῦ
3271 564 3409 617 Θεοῦ
3442 566 3534 617 καὶ
3589 565 3652 616 τὸ
3682 563 3907 624 ἀσθενὲς
3953 564 4033 613 καὶ

792 656 924 709 dum
954 672 1124 709 unum
1158 658 1560 726 interpretandi
1599 658 1822 710 modum
1859 657 1956 710 Dei
1990 657 2279 711 stultitiam
2314 667 2356 709 el

2474 656 2748 723 παίγνιον,
2790 656 3164 725 ποχαστικῶς
3193 658 3223 708 ό
3270 655 3429 723 λόγος
3476 656 3766 723 ἐτόλμησε,
3802 654 3923 722 μεθ’
3966 647 4035 706 ὧν

794 747 1169 801 inﬁrmitatem
1204 758 1261 802 et
1297 749 1475 802 lusum
1499 759 1775 817 spectasse
1800 748 1869 801 de
1891 748 2211 816 conjectura
2243 747 2370 801 Ser-

792 854 882 891 mo
901 853 1069 892 ausus
1098 847 1201 902 est,
1230 854 1355 893 cum
1408 840 1608 908 quibus
1658 856 1757 908 per
1796 840 2218 909 digressionem,
2244 847 2368 891 tan-

786 946 951 999 quam
973 930 1231 998 praeviam
1251 931 1768 999 contemplationem
1793 931 2083 1000 pr0posita:
2105 929 2368 998 quaestio-

786 1021 875 1074 nis
910 1020 1280 1088 exemplarem
1305 1058 1321 1083 ,
1358 1020 1617 1088 abyssum
1658 1034 1876 1087 quoque
1906 1017 2165 1087 abyssqu
2207 1016 2365 1069 invo-

783 1120 1003 1166 cantem
1040 1114 1093 1166 in
1127 1127 1317 1165 vocem
1348 1111 1660 1164 divinarum
1677 1118 2080 1163 eataractarum
2109 1117 2148 1143 ⁸³³
2170 1107 2365 1162 Sermo

785 1204 932 1259 hanc
945 1214 1181 1258 mentem
1196 1204 1497 1273 gnosticam
1516 1218 1636 1256 esse
1654 1201 1978 1270 sapientiam
1996 1200 2363 1263 invocantem,

786 1297 1186 1364 interpretatus
1231 1295 1432 1348 exilem
1474 1293 1776 1363 quamdam
1810 1291 2202 1362 mysteriorum
2239 1305 2365 1360 qua:

785 1386 959 1439 insint
994 1386 1048 1437 in
1079 1384 1266 1438 divina
1298 1394 1353 1437 et
1389 1383 1657 1436 ineﬂ‘abili
1686 1382 2159 1437 condescensione
2190 1380 2364 1448 signi-

783 1479 1097 1533 ﬁcationem
1151 1478 1347 1532 edidit.
1398 1478 1642 1547 Abyssus
1686 1476 1835 1530 enim
1886 1483 1943 1530 et
1990 1475 2169 1546 abyssi
2207 1475 2364 1528 locus

779 1572 1059 1625 communi
1117 1570 1339 1624 nomine
1386 1570 1723 1638 appellatur,
1774 1567 1931 1622 locus
1975 1582 2109 1621 vero
2162 1565 2363 1619 divina:

782 1662 1066 1731 sapientiae
1098 1676 1231 1730 pura
1266 1676 1421 1714 mens
1452 1668 1558 1713 est.
1588 1661 1778 1728 Itaque
1808 1674 1935 1713 cum
1984 1658 2051 1711 ad
2088 1656 2360 1725 reeipien-

779 1753 911 1807 dum
941 1761 1065 1822 apta
1092 1760 1174 1806 est
1198 1751 1430 1821 abyssus
1473 1750 1708 1819 positive
1744 1758 1801 1804 et
1834 1764 2010 1812 mens,
2043 1756 2100 1802 et
2132 1746 2351 1815 sapien-

782 1842 859 1897 tia
891 1857 1083 1897 rursus
1110 1840 1300 1895 eadem
1352 1848 1580 1909 prepter
1618 1854 1776 1895 suam
1812 1844 2066 1893 naturam
2108 1834 2352 1905 appella-

782 1942 898 1990 tur.

1116 2114 1302 2171 Altera
1333 2114 1389 2168 in
1422 2114 1559 2168 idem
1604 2112 1998 2183 contemplatio.

848 2229 972 2284 Alio
1022 2238 1206 2283 autem
1242 2228 1579 2298 propositam
1632 2226 1998 2296 quaestionem
2038 2223 2356 2279 examinare

777 2320 941 2373 modo
953 2335 1079 2373 cum
1106 2319 1202 2374 Dei
1229 2320 1426 2388 gratia,
1450 2316 1925 2387 coniecturaliter,
1951 2330 2063 2369 non
2087 2314 2355 2369 aﬂirmate

778 2412 907 2481 (hoc
936 2412 1083 2467 enim
1133 2410 1465 2472 modestum,
1520 2407 1653 2462 illud
1687 2418 2006 2477 protervum
2053 2412 2184 2471 est),
2222 2421 2360 2476 pra:-

776 2504 920 2558 senti
953 2518 1209 2557 sermone
1258 2500 1479 2571 aggredi
1530 2498 1805 2553 audemus
1831 2537 1847 2561 ,
1898 2504 2208 2551 statuentes
2240 2509 2360 2549 me-

2380 2048 2447 2062 ﬂ

2473 746 2916 817 παρεκϐατικῶς,
2942 748 3018 811 ὡς
3046 747 3392 819 προθεωρίαν
3421 746 3932 814 παραδειγματικὴν
3953 743 4035 795 τοῦ

2472 836 2827 909 προτεθέντος
2859 838 3089 908 ἀπόρου,
3111 838 3209 892 καὶ
3233 840 3331 907 τὴν
3361 838 3598 891 ἄϐυσσον
3630 836 3729 905 τὴν
3754 836 4035 887 ὲπικαλου·

2474 930 2644 999 μένην
2674 929 2775 1000 τὴν
2805 929 3042 983 ἄϐυσσον
3084 930 3165 991 είς
3212 929 3398 999 φωνὴν
3430 927 3539 980 τῶν
3571 926 3734 980 θείων
3766 927 4035 995 καταρρα-

2469 1022 2615 1073 κτῶν
2656 1020 2837 1074 λαϐὼν
2886 1021 2916 1072 ό
2961 1020 3119 1088 λόγος
3168 1020 3293 1072 νοῦν
3329 1018 3629 1086 γνωστικὸν
3657 1013 3803 1072 εἶναι
3850 1017 4035 1083 σοφίαν

2468 1109 2899 1181 ἐπικαλούμενον
2925 1111 3204 1178 δέξασθαι,
3252 1112 3457 1181 μικράν
3494 1125 3619 1161 τινα
3668 1110 3780 1162 τῶν
3834 1109 3930 1162 ἐπὶ
3975 1111 4035 1176 τῇ

2469 1204 2593 1274 θείᾳ
2615 1203 2711 1257 καὶ
2738 1204 3007 1272 ἀφράστῳ
3043 1198 3457 1271 συγκαταϐάσει
3507 1200 3826 1270 μυστηρίων
3872 1201 4036 1268 ἐμφα-

2469 1311 2554 1346 σιν
2584 1294 2993 1363 παρεδήλωσεν.
3016 1293 3290 1355 Ἀϐυσσος
3332 1291 3445 1361 γάρ
3477 1292 3574 1344 καὶ
3601 1293 3630 1343 ό
3670 1292 3770 1360 τῆς
3800 1291 4033 1343 ἀϐύσσου

2464 1386 2630 1449 τόπος
2658 1385 2972 1455 ὁμωνύμως
2999 1385 3344 1452 ὀνομάζεται,
3376 1383 3541 1444 τόπος
3566 1382 3623 1435 δὲ
3648 1382 3747 1451 τῆς
3777 1381 3931 1443 θείας
3954 1398 4035 1433 σοι

2467 1476 2617 1542 φίας,
2646 1478 2675 1528 ό
2702 1474 2943 1545 καθαρὸς
2972 1474 3277 1545 καθέστηκε
3309 1472 3454 1536 νοῦς.
3476 1469 3625 1543 τΑρα
3662 1472 3815 1526 θέσει
3842 1472 3934 1525 διὰ
3978 1474 4035 1524 τὸ

2463 1567 2709 1620 δεκτικὸν
2738 1566 2975 1630 ἄϐυσσος
3000 1568 3097 1619 καὶ
3131 1568 3161 1618 ό
3185 1567 3313 1629 νοῦς
3339 1564 3834 1636 προσαγορεύεται,
3861 1565 3957 1615 καὶ
4003 1567 4032 1632 ή

2463 1658 2647 1729 (262
2684 1658 2736 1727 ὁ)
2788 1658 2952 1728 σοφία
2995 1657 3159 1711 πάλιν
3194 1658 3258 1711 τὸ
3308 1656 3443 1711 αὐτὸ
3472 1657 3562 1712 διὰ
3588 1658 3688 1727 τὴν
3715 1655 3884 1727 φύσιν
3912 1672 4035 1708 κατ-

2461 1750 2810 1822 ονομὰζεται.

2816 2104 3013 2170 ’Ἄλλη
3056 2102 3269 2169 θεωρία
3298 2103 3387 2168 είς
3414 2100 3483 2153 τὸ
3514 2100 3683 2155 αὐτό.

2530 2218 2671 2275 Καθ’
2727 2217 2916 2286 ἕτερον
2945 2214 3003 2268 δὲ
3054 2212 3117 2267 τδ
3167 2214 3530 2284 προκείμενον
3577 2214 3787 2284 ἄπορον
3817 2212 4037 2265 διασκο-

2464 2314 2693 2376 ποῦντες
2718 2310 2922 2381 τρόπον
2950 2310 3016 2378 τῇ
3070 2308 3293 2379 βοηθείᾳ.
3322 2310 3420 2378 τῆς
3459 2306 3612 2370 θείας
3657 2306 3885 2377 χάριτος
3918 2322 4038 2357 στο-

2462 2404 2765 2478 χαστικῶς,
2794 2402 2911 2456 ἀλλ’
2939 2402 3041 2455 οὐκ
3091 2399 3481 2468 ἁποφαντικῶς
3523 2400 3604 2468 (τὸ
3643 2398 3745 2468 μὲν
3792 2398 3905 2466 γὰρ
3947 2398 4037 2466 μέ-

2460 2515 2636 2568 τριον,
2673 2495 2734 2549 τὸ
2765 2495 2823 2549 δὲ
2875 2491 3197 2565 προπετὲς),
3253 2492 3525 2562 ἐγχειρεῖν
3564 2489 3645 2560 τῷ
3688 2490 4038 2561 προκειμένῳ

776 2589 998 2644 diorum
1035 2589 1266 2643 fortasse
1310 2586 1736 2657 prominentiam
1783 2585 2111 2655 aequabilem
2155 2584 2356 2638 haben-

2459 2586 2613 2660 ῥητῷ
2641 2585 2950 2657 τολμῶμεν,
2999 2583 3301 2651 φάσκοντες
3362 2582 3465 2652 τὴν
3509 2580 3619 2634 τῶν
3665 2581 3849 2651 μέσων
3879 2581 4037 2648 τυχὸν

776 2687 889 2734 tem
944 2678 1013 2732 ab
1064 2677 1513 2732 extremitatibus
1562 2676 1902 2739 distantiam,
1957 2677 2139 2729 lusum
2181 2675 2277 2730 Dei
2328 2690 2356 2728 a

2461 2680 2753 2752 προϐολὴν,
2787 2679 2932 2731 κατὰ
2953 2677 3017 2731 τὸ
3048 2678 3161 2729 ἴσον
3184 2676 3292 2730 ἀπὸ
3310 2674 3421 2728 τῶν
3435 2676 3621 2745 ἄκρων
3646 2672 3880 2743 ἔχουσαν
3907 2672 4038 2725 ἁπό-

774 2785 975 2841 magno
1010 2770 1240 2823 doctore
1270 2785 1391 2823 esse
1419 2770 1644 2831 dictam,
1678 2770 1751 2822 ob
1775 2768 2135 2823 ﬂuctuantem
2158 2783 2352 2822 eorum

2462 2788 2673 2835 στασιν,
2708 2770 2959 2837 παίγνιον
3013 2768 3268 2839 εἰρῆσθαι
3314 2767 3454 2821 Θεοῦ
3496 2767 3578 2838 τῷ
3612 2769 3839 2839 μεγάλῳ
3891 2768 4039 2821 διδας

773 2869 832 2915 et
878 2859 1198 2913 mutabilem
1245 2859 1561 2922 stationem,
1617 2859 1702 2913 vel
1738 2858 1943 2929 potius,
1987 2857 2135 2928 quod
2180 2858 2354 2928 magis

2461 2862 2669 2932 σκάλῳ,
2707 2861 2797 2915 διὰ
2844 2860 2942 2931 τὴν
2987 2860 3283 2931 ἐπίρρυτον
3314 2857 3496 2912 αὐτῶν
3530 2860 3626 2911 καὶ
3678 2858 4039 2912 εὑαλλοίωτον

772 2952 999 3022 proprie
1030 2959 1137 3015 est,
1169 2950 1488 3017 dicendum,
1518 2951 1592 3005 ob
1624 2950 1881 3006 stabilem
1912 2949 2349 3004 ﬂuctuationem.

2460 2955 2673 3015 στάσιν,
2714 2954 2917 3024 μᾶλλον
2946 2952 3024 3018 δὲ,
3052 2951 3320 3021 στάσιμον
3347 2948 3536 3020 ρεῦσιν
3565 2952 3743 3004 είπεῖν
3775 2953 4039 3005 οίκειότε-

772 3042 830 3095 ld
852 3042 998 3111 quod
1021 3042 1190 3096 etiam
1217 3041 1420 3094 mirum
1441 3046 1548 3104 est,
1578 3039 1875 3094 stationem
1904 3038 2096 3093 videre
2127 3053 2350 3107 semper

2461 3062 2573 3116 ρον.
2598 3047 2665 3097 Ὃ
2713 3045 2808 3097 καὶ
2840 3042 3167 3113 παράδοξον,
3200 3044 3391 3094 στάσιν
3432 3042 3521 3095 ἀεὶ
3560 3043 3790 3113 ῥέουσαν
3818 3044 3917 3095 καὶ
3946 3060 4039 3110 φε-

773 3135 1132 3186 tluctuantem
1160 3142 1220 3186 et
1259 3132 1561 3194 labentem,
1608 3138 1665 3184 et
1689 3129 2103 3184 ﬂuctuationem
2136 3143 2356 3197 semper

2465 3135 2699 3205 ρομένην
2724 3134 2975 3197 θεᾶσθαι,
3026 3134 3120 3186 καὶ
3177 3130 3363 3201 ρεῦσιν
3393 3133 3707 3203 ἀεικίνητον
3743 3150 4039 3204 προνοητι-

772 3223 1056 3285 mubilem,
1108 3220 1337 3291 provide
1389 3235 1584 3275 eorum
1643 3219 2117 3274 emendandorum
2177 3219 2349 3290 gratia

2456 3226 2571 3288 κῶς
2615 3227 2718 3295 τῆς
2774 3224 2883 3278 τῶν
2935 3222 3407 3294 οἰκονομουμένων
3451 3223 3641 3276 ἕνεκεν
3696 3223 4039 3294 βελτιώσεως

772 3315 1045 3369 divinitus
1096 3314 1464 3383 excogitatam
1509 3328 1632 3383 quae
1682 3313 2181 3378 administrantur,
2226 3328 2350 3381 qua:

2458 3314 2643 3368 θεόθεν
2673 3313 3124 3384 ἐπινενοημένην,
3160 3314 3290 3377 τοὺς
3324 3312 3391 3365 δι’
3431 3312 3604 3382 αὐτῆς
3647 3313 4039 3383 παιδαγωγουο

771 3407 1021 3476 erudire,
1050 3405 1411 3474 eruditosque
1437 3405 1504 3458 ad
1538 3405 1866 3475 sapientiae:
1906 3402 2182 3459 deducere
2232 3418 2351 3473 pos-

772 3505 875 3561 set,
913 3505 973 3550 ut
1003 3511 1155 3564 spem
1188 3509 1343 3548 suam
1366 3492 1502 3547 alibi
1544 3491 1923 3548 collocaudam
1960 3490 2345 3554 transferrent,

772 3597 937 3657 atque
974 3586 1027 3639 in
1057 3586 1164 3639 ﬂne
1196 3586 1315 3655 e'jus
1350 3584 1406 3637 in
1441 3584 1576 3652 ipsis
1602 3583 1851 3653 mysterii
1876 3582 1946 3636 ad
1973 3584 2145 3636 Deum
2182 3582 2349 3634 incli-

771 3677 959 3732 nando
1026 3676 1259 3732 ﬁrmiter
1318 3690 1379 3730 se
1448 3690 1550 3745 per
1601 3674 1838 3745 gratiam
1884 3673 2199 3728 deiﬂeatum
2279 3671 2346 3725 iri

774 3769 1093 3824 crederent.
1142 3766 1321 3821 Media
1378 3774 1566 3820 autem
1632 3765 1758 3820 dico
1816 3779 2013 3820 eorum
2080 3779 2202 3835 quae
2262 3765 2345 3816 vel

769 3874 919 3914 nunc
966 3858 1246 3913 hominem
1274 3857 1527 3912 comitari
1555 3856 1835 3921 videntur,
1883 3858 1972 3912 vel
2032 3857 2088 3910 in
2143 3857 2349 3926 quibus

772 3955 940 4007 homo
970 3959 1078 4014 est,
1109 3950 1643 4005 consummationem
1670 3988 1685 4013 ,
1736 3948 2121 4003 extremitates
2156 3958 2346 4003 contra

767 4058 963 4098 eorum
982 4057 1104 4112 quae
1128 4055 1240 4095 non
1268 4041 1526 4095 videntur
1544 4055 1647 4096 nec
1676 4048 1947 4111 apparent
1971 4053 2202 4111 quaeque
2223 4054 2348 4093 cer-

769 4135 981 4188 tissime
1036 4133 1167 4187 olim
1202 4131 1535 4185 comitatura
1580 4138 1710 4184 sunt
1765 4129 2049 4184 hominem
2086 4128 2346 4182 substan~

769 4227 925 4289 tiam,
962 4239 1085 4294 qua:
1114 4223 1336 4293 proprie
1358 4238 1423 4276 ac
1440 4236 1569 4276 vere
1591 4220 1896 4274 secundum
1934 4219 2266 4274 ineﬂ‘abilem
2291 4227 2348 4274 et

769 4318 1128 4388 principalem
1146 4314 1310 4368 ﬁnem
1327 4323 1385 4368 et
1404 4314 1676 4368 rationem
1692 4312 1895 4367 divinae
1912 4312 2172 4365 bonitatis
2193 4310 2347 4365 insti-

768 4417 888 4462 tuta
909 4418 1072 4477 atque
1090 4407 1231 4460 facta
1252 4413 1402 4459 sunt.
1424 4402 1893 4470 Quemadmodum
1914 4403 2135 4472 sapiens
2155 4402 2315 4456 Eccle
2333 4430 2346 4441 -

2460 3407 2659 3478 μένους
2685 3405 2907 3475 σοφίσαι
2948 3405 3278 3474 δυναμένην,
3307 3403 3542 3473 ἀλλαχοῦ
3596 3406 4039 3474 μεταστήσεσθαι

2458 3498 2677 3560 πάντως
2699 3496 2958 3561 ἐλπίζειν,
2984 3495 3080 3549 καὶ
3112 3496 3289 3566 πέρας
3317 3494 3415 3548 τοῦ
3457 3496 3579 3549 κατ’
3605 3495 3780 3565 αὐτὴν
3806 3497 3901 3549 ἐπ’
3937 3498 4038 3550 αὑ-

2454 3592 2568 3652 τοῖς
2601 3589 2903 3659 μυστηρίου
2929 3590 2996 3657 τῇ
3031 3586 3170 3658 πρὸς
3195 3585 3331 3639 Θεὸν
3352 3586 3532 3640 νεύσει
3561 3585 3798 3656 βεϐαίως
3824 3588 3920 3641 διὰ
3940 3590 4041 3658 τῆς

2455 3683 2677 3752 χάριτος
2704 3680 3083 3750 θεωθήσεσθαι
3118 3678 3421 3734 πιστεύειν.
3458 3680 3616 3734 Mica
3642 3681 3699 3734 δὲ
3740 3680 3895 3747 λέγω
3936 3683 4044 3752 τὴν

2454 3773 2563 3825 τῶν
2591 3771 2889 3843 ὁρωμένων
2918 3771 3012 3824 καὶ
3050 3769 3146 3823 νῦν
3189 3770 3317 3840 περὶ
3345 3770 3437 3824 τὸν
3473 3772 3762 3842 ἄνθρωπον
3791 3772 3972 3826 ὅντων
4004 3772 4038 3840 ἦ

2454 3863 2514 3915 ἐν
2553 3856 2635 3926 οἷς
2663 3865 2691 3915 ό
2719 3862 3005 3935 ἄνθρωπος
3043 3860 3461 3933 συμπλήρωσιν,
3507 3864 3655 3934 ἄκρα
3679 3863 3738 3916 δὲ
3784 3864 3893 3935 τὴν
3926 3865 4042 3917 τῶν

2457 3954 2534 4025 μὴ
2592 3954 2937 4023 φαινομένων
2981 3952 3075 4007 καὶ
3113 3954 3244 4024 περὶ
3288 3954 3383 4007 τὸν
3432 3954 3725 4025 ἄνθρωπον
3778 3957 4040 4025 ἀψευδῶς

2453 4045 2675 4100 ἔσεσθαι
2728 4045 3033 4116 μελλόντων
3085 4045 3405 4111 ὑπόστασιν,
3433 4046 3542 4099 τῶν
3571 4047 3777 4117 κυρίως
3828 4065 3895 4102 τε
3937 4054 4042 4103 καὶ

2459 4138 2677 4209 ἀληθῶς
2701 4139 2843 4191 κατὰ
2870 4137 2965 4191 τὸν
2992 4137 3232 4207 ᾶρῤητον
3257 4136 3354 4191 καὶ
3385 4138 3795 4209 προηγούμενον
3826 4142 4041 4195 σκοπόν

2452 4248 2511 4283 τε
2541 4230 2636 4283 καὶ
2665 4227 2823 4296 λόγον
2849 4227 2951 4297 τῆς
2981 4229 3133 4290 θείας
3174 4226 3511 4297 ἁγαθότητος
3540 4228 3942 4299 πεποιημένων
3975 4248 4037 4283 τε

2453 4320 2551 4373 καὶ
2576 4318 2984 4388 γεγενημένων.
3047 4314 3243 4379 Καθὼς
3287 4318 3318 4370 ό
3369 4317 3531 4385 σοφὸς
3590 4317 4038 4389 Ἐκκλησιαοτὴς

2457 4408 2679 4479 μεγάλῳ
2732 4425 2790 4461 τε
2833 4408 2932 4461 καὶ
2989 4406 3173 4478 τρανῷ
3221 4407 3401 4477 ψυχῆς
3466 4407 3675 4478 ὄμματι
3726 4409 3841 4462 τῶν
3894 4413 4038 4481 6pm-

767 4499 964 4553 siastes
996 4512 1251 4566 maguum
1274 4505 1329 4549 et
1360 4496 1570 4549 clarum
1589 4494 1787 4549 anima:
1818 4495 2040 4548 oculum
2078 4494 2133 4547 in
2152 4507 2344 4547 eorum

2456 4501 2632 4569 μένων
2686 4514 2747 4551 τε
2802 4497 2896 4552 καὶ
2948 4500 3184 4569 ῥεόντων
3238 4497 3564 4569 ὑπερκύψας
3618 4497 3722 4569 τὴν
3784 4498 4034 4566 γένεσιν,

765 4605 890 4660 qua:
908 4589 1166 4643 videntur
1184 4596 1241 4642 et
1260 4588 1525 4641 ﬂuctuant
1549 4585 1962 4655 generationem
1987 4592 2341 4641 convertens,

765 4689 823 4735 et
846 4680 1001 4748 quasi
1036 4679 1089 4732 in
1116 4678 1334 4733 visione
1374 4692 1570 4731 eorum
1597 4692 1719 4745 quae
1769 4691 1900 4730 vere
1954 4682 2084 4729 sunt
2119 4673 2342 4728 condita

766 4781 932 4841 atque
957 4771 1095 4823 facta
1112 4771 1451 4824 constitutus
1476 4770 1586 4823 ait:
1616 4768 1753 4833 Quid
1780 4768 2014 4839 estquod
2045 4767 2146 4836 fuit
2164 4776 2190 4803 η
2206 4767 2229 4820 2
2247 4775 2336 4820 et:

768 4866 907 4932 Quid
934 4868 1167 4937 estquod
1193 4866 1391 4935 factum
1425 4866 1531 4918 est?
1561 4864 1740 4934 Ipsum
1764 4866 1902 4935 quod
1928 4864 2057 4932 ﬁet“
2094 4883 2107 4917 :
2143 4879 2340 4919 eorum

770 4957 1027 5012 videlicet
1043 4973 1252 5013 memor
1266 4972 1390 5027 quae
1408 4957 1460 5010 in
1474 4956 1749 5026 principio
1760 4971 1991 5025 quaeque
2006 4956 2058 5009 in
2072 4955 2178 5010 ﬂne
2188 4965 2339 5022 sunt,

771 5057 832 5101 ut
849 5063 971 5117 qua:
997 5049 1191 5103 eadem
1218 5049 1402 5101 sintet
1424 5048 1752 5110 reverasint,
1771 5062 1897 5100 cum
1925 5062 2119 5100 eorum
2149 5058 2343 5101 contra

766 5154 889 5210 quae
918 5141 972 5194 in
1007 5139 1191 5194 medio
1223 5147 1352 5193 sunt
1386 5146 1443 5192 et
1483 5145 1821 5207 praatereunt
1851 5137 2006 5191 nullo
2054 5136 2129 5189 ibi
2176 5136 2342 5189 modo

766 5231 1099 5287 meminerit.
1159 5230 1457 5298 Postquam
1511 5229 1662 5283 enim
1707 5229 1972 5298 magister
2025 5227 2173 5297 quod
2222 5228 2339 5297 ipse

767 5323 1069 5393 praesertim
1120 5321 1339 5393 egregie
1383 5330 1636 5391 poterat,
1685 5320 1753 5375 de
1790 5319 2061 5391 peculiari
2101 5320 2336 5388 quadam

766 5413 1086 5468 animalium
1110 5421 1168 5468 et
1217 5413 1461 5483 lapidum
1501 5423 1696 5467 natura
1724 5453 1739 5477 ,
1776 5428 1840 5467 ac
1893 5411 2224 5481 simpliciter
2263 5413 2333 5467 de

766 5505 956 5560 multis
989 5504 1200 5559 inﬁnite
1241 5520 1363 5575 quae
1392 5506 1447 5559 in
1488 5505 1655 5559 rebus
1696 5504 2093 5559 exsistentibus
2141 5505 2334 5559 obser-

764 5603 964 5651 vantur
988 5596 1310 5667 disputavit,
1347 5597 1433 5652 his
1460 5597 1613 5651 addit
1645 5613 1658 5650 :
1692 5615 1709 5647 ι
1745 5597 1911 5651 Ludit
1939 5597 2086 5652 enim
2118 5612 2331 5651 summa

830 5759 869 5789 ³³
901 5750 1039 5805 Psal.
1070 5766 1177 5818 xu,
1210 5752 1263 5806 8.
1318 5760 1341 5787 τ’
1376 5752 1555 5806 [Σοί-10.
1593 5768 1629 5815 1,
1658 5752 1712 5807 9.
1784 5762 1807 5781 “
1844 5750 1977 5805 ibid.

2451 4591 2546 4644 καί⁵
2605 4586 2717 4643 οἷον
2775 4591 2833 4642 ὲν
2888 4589 3163 4660 φαντασίᾳ
3240 4590 3353 4642 τῶν
3428 4588 3647 4658 ἀληθῶς
3708 4592 4035 4661 πεποιημί·

2448 4700 2557 4735 νων
2589 4697 2650 4734 τε
2705 4682 2800 4733 καὶ
2843 4681 3230 4750 γεγενημένων
3280 4679 3572 4748 γενόμενος
3597 4695 3613 4710 ·
3650 4681 3710 4733 Τί
3739 4681 3807 4734 τὸ
3860 4697 4035 4751 γεγε-

2441 4772 2744 4841 νημένον;
2816 4770 2964 4825 αὐτὸ
3031 4772 3100 4824 τὸ
3180 4772 3625 4839 γενησόμενον·
3678 4772 3778 4824 καὶ
3849 4773 3909 4825 τί
3966 4773 4035 4826 τὸ

2447 4863 2898 4931 πεποιημένον;
2941 4863 3118 4926 Αὐτὸ,
3166 4864 3321 4933 φησὶ,
3377 4863 3446 4916 τὸ
3491 4866 4030 4932 ποιηθησόμενον·

2442 4956 2552 5009 τῶν
2578 4954 2812 5026 πρώτων
2856 4952 3056 5025 δηλαδὴ
3095 4955 3190 5007 καὶ
3242 4955 3354 5008 τῶν
3400 4953 3730 5008 τελευταίων
3780 4955 4032 5025 ἐπιμνη-

2448 5048 2618 5111 σθεὶς,
2656 5045 2730 5109 ὡς
2759 5046 2869 5100 τῶν
2896 5046 3078 5099 αὐτῶν
3103 5046 3277 5099 ὄντων
3304 5047 3398 5099 καὶ
3427 5046 3645 5117 ἀληθῶς
3684 5046 3883 5110 ὅντων,
3917 5046 4034 5099 τῶν

2440 5144 2497 5196 δὲ
2524 5142 2705 5211 μέσων
2732 5141 2828 5194 καὶ
2853 5140 3284 5211 παρερχομένων
3305 5138 3536 5203 οὐδόλως
3566 5139 3714 5193 κατὰ
3739 5140 3836 5193 τὸν
3859 5140 4033 5193 τόπον

2447 5232 2725 5303 μνησθείς.
2749 5231 2904 5285 Μετὰ
2926 5234 3038 5301 γὰρ
3064 5230 3125 5283 τὸ
3153 5229 3410 5295 ἐξελθεῖν,
3442 5230 3518 5293 ὠς
3543 5225 3656 5283 οἶόν
3676 5246 3741 5283 τε
3757 5225 3830 5299 ἦν
3855 5245 4032 5300 μεγα-

2441 5323 2651 5391 λοφυῶς
2684 5323 2868 5393 (263
2906 5322 2962 5391 α)
3002 5322 3235 5391 μάλιστα
3263 5322 3355 5375 τὸν
3383 5321 3732 5387 διδάσκαλον,
3758 5322 3893 5394 περί
3941 5338 4028 5376 τι·

2442 5432 2530 5479 νος
2560 5415 2774 5483 φύσεως
2804 5413 2959 5479 ζώων
2988 5415 3084 5467 καὶ
3108 5413 3293 5478 λίθων,
3324 5413 3419 5467 καὶ
3446 5413 3636 5476 ἁπλῶς
3667 5414 3851 5466 εἰπεῖν
3872 5411 4031 5482 ἀορί-

2442 5528 2581 5573 στως
2614 5510 2744 5581 περὶ
2778 5508 2992 5562 πολλῶν
3037 5508 3146 5562 τῶν
3176 5509 3235 5561 έν
3265 5512 3381 5572 τοῖς
3421 5508 3543 5561 οὖσι
3597 5506 4027 5578 θεωρουμένων,

2438 5603 2688 5674 ἐπιφέρει
2718 5602 2947 5666 τούτοις*
2984 5619 3003 5654 ι
3049 5600 3240 5665 Παίζει
3275 5600 3383 5671 γὰρ
3430 5599 3589 5669 λόγος
3616 5600 3788 5664 αἰπὺς
3828 5600 3889 5653 ὲν
3944 5596 4032 5650 ει·
