4198 6434
173 427 307 488 1413

1360 425 1873 486 AMBIGUORUM
1916 429 2163 488 LIBER.

3259 423 3396 487 ulla

168 534 282 590 δεσι
311 534 716 598 παντοδαποῐσι,
746 533 956 605 Ικρίνας
982 533 1056 596 ὡς
1103 535 1151 564 ’³⁸
1185 530 1357 586 ἐθέλει
1401 535 1604 604 κόσμον
1648 537 1736 588 ea»

1861 537 1996 592 iatio
2049 540 2101 592 in
2148 539 2340 593 formis
2389 540 2753 601 omnimodis,
2794 540 3115 593 discernens
3152 541 3400 604 qualibet

170 627 296 681 ινθα
330 627 426 680 καὶ
458 624 590 679 ἔνθα
615 625 750 695 (70).
782 645 801 678 ι
849 627 1081 695 Μήποτε
1109 624 1205 678 οὖν
1232 624 1416 687 καθὼς
1462 625 1621 689 αὐτὸς
1676 626 1735 678 ὲν

170 716 247 787 τῷ
271 718 374 787 τῆς
396 717 559 785 ἁγίας
578 716 963 787 Πεντήκοστῆς
990 717 1134 787 λόγῳ
1152 715 1306 784 φησὶ,
1331 715 1462 785 περὶ
1486 716 1735 786 θεότητος

173 807 388 874 διεξιὼν
411 808 508 861 καὶ
533 809 762 879 κτιστῆς
782 807 1018 877 φύσεως,
1042 826 1062 858 ι
1082 807 1221 870 Ἕως
1241 807 1499 877 ἑκάτερον
1523 808 1617 860 ἔπι
1638 807 1737 877 τῆς

174 897 312 959 ίδίας
339 894 516 965 μένει,
563 896 626 949 τὸ
657 896 757 967 μὲν
793 894 1102 964 περιωπῆς,
1128 896 1193 948 τὸ
1236 894 1292 948 δὲ
1330 894 1734 959 ταπεινώσεως,

170 988 401 1058 ἄμικτος
418 989 452 1058 ή
474 987 748 1057 ἀγαθότης
770 986 863 1040 καὶ
874 986 933 1040 τὸ
949 986 1330 1056 φιλάνθρωπον
1354 984 1737 1056 ἀκοινώνητον,

171 1078 268 1131 καὶ
282 1079 468 1148 χάσμα
482 1078 623 1149 μέγα
640 1079 701 1131 ὲν
719 1079 870 1149 μέσῳ
879 1086 974 1131 καὶ
986 1077 1292 1142 ἀδιάϐατον,
1309 1078 1371 1130 ού
1383 1077 1475 1129 τὸν
1489 1076 1741 1130 πλούσιον

169 1168 266 1221 τοῦ
299 1164 554 1239 Δαζάρου
581 1168 679 1221 καὶ¹
696 1167 806 1222 τῶν
833 1168 1076 1237 όρεκτῶν
1117 1166 1214 1220 τοῦ
1255 1166 1507 1239 Ἀδραὰμ
1528 1167 1742 1220 κόλπων

169 1260 429 1329 διεῖργον,
459 1261 642 1315 πᾶσαν
664 1260 723 1313 δὲ
759 1259 862 1330 τὴν
898 1259 1135 1329 γενητὴν
1181 1258 1343 1328 φύσιν
1387 1258 1486 1312 καὶ⁵
1514 1258 1744 1328 ῥέουσαν

170 1350 275 1419 τῆς
323 1350 589 1419 ἁγενήτου
638 1366 731 1402 και
765 1349 1093 1419 ἑστηκυίαςς
1134 1366 1154 1400 ι
1213 1342 1283 1417 Ὦ
1311 1348 1640 1419 παρεμφερῆ
1682 1363 1741 1399 τε

173 1437 271 1490 καὶ
299 1437 462 1508 ὃμοια
507 1439 604 1492 καὶ
628 1440 659 1491 ό
684 1437 949 1508 θεηγόρος
991 1437 1166 1507 μέγας
1198 1437 1533 1509 διεξέρχεται
1556 1436 1743 1490 Διονύο

175 1542 293 1590 σιος
346 1529 376 1579 ό
419 1527 816 1598 Ἀρεοπαγίτης
857 1528 1102 1595 φάσκων·
1151 1546 1169 1579 ι
1192 1526 1499 1598 Τολμητέον
1543 1526 1603 1579 δὲ
1652 1528 1745 1579 καί

173 1618 337 1673 τοῦτο
365 1618 509 1691 ὑπὲρ
531 1618 793 1689 ἀληθείας
819 1620 1015 1682 είπεῖν,
1052 1620 1134 1672 ὅτι
1164 1620 1256 1672 καὶ
1280 1618 1445 1682 αὐτὸς
1476 1620 1505 1672 ό
1530 1618 1745 1672 πάντων

174 1709 354 1773 αἴτιος
394 1708 473 1779 τῷ
519 1708 672 1780 καλῷ
713 1708 813 1762 καὶ
855 1707 1048 1779 ἀγαθῷ
1085 1708 1194 1762 τῶν
1222 1709 1442 1762 πάντων
1475 1707 1640 1778 ἔρωτι
1677 1706 1746 1760 δι’

176 1798 489 1870 ὑπερσολὴν
545 1797 645 1869 τῆς
693 1797 965 1869 ιρωτικῆς
1024 1798 1358 1868 ἀγαθότητος
1407 1797 1514 1863 ἔξω
1551 1794 1747 1851 ἑαυτοῦ

1836 631 2103 684 mundum
2132 646 2292 686 suum
2329 638 2455 687 uinc
2484 644 2540 686 ct
2569 635 2738 686 iliiuc.
2775 653 2793 683 ι
2828 635 3019 688 Nonne
3049 633 3216 700 igitur
3248 632 3399 685 simi—

1836 720 1963 776 liter
1992 721 2155 790 atque
2188 726 2304 791 ipse
2332 725 2386 778 in
2429 739 2683 777 sermone
2726 739 2893 777 sacrze
2925 726 3297 783 l'entecostes,
3332 723 3399 776 de

1836 813 1951 868 Deo
1995 823 2053 867 et
2084 815 2302 868 condita
2337 817 2550 869 'natura
2597 815 2898 878 disserens,
2946 816 3023 869 ait
3071 834 3088 867 ι
3144 814 3399 880 Quandiu

1837 914 2070 972 uterque
2100 904 2154 957 in
2188 906 2429 973 propriis
2453 905 2740 968 manserit,
2774 908 2919 959 Deus
2962 907 3174 958 scilicet
3220 905 3273 957 in
3302 920 3403 957 sua

1839 995 2083 1064 specula,
2127 1004 2185 1048 et
2231 996 2397 1049 homo
2421 995 2474 1050 in
2518 997 2829 1050 humilitate
2870 1012 2992 1057 sua,
3037 1011 3142 1050 nec
3182 995 3404 1049 bonitas

1839 1085 2186 1150 miscebitur,
2238 1100 2342 1139 nec
2374 1085 2689 1154 benignitas
2715 1086 3218 1140 communicabitur
3242 1125 3256 1149 ,
3307 1082 3404 1138 sed

1839 1177 1949 1230 erit
1977 1190 2206 1243 magnus
2226 1186 2283 1230 et
2308 1192 2418 1231 non
2452 1177 2813 1246 permeabilis
2832 1177 3017 1230 hiatus
3037 1176 3362 1244 interiectus
3388 1213 3406 1234 ,

1842 1283 1952 1321 non
1978 1268 2206 1320 divitem
2239 1283 2268 1320 a
2301 1267 2506 1321 Lazaro
2531 1275 2591 1320 et
2619 1268 2863 1336 expetito
2891 1267 3123 1320 Abrahae
3159 1265 3284 1318 sino
3321 1263 3411 1316 di-

1843 1359 2046 1414 rimens
2074 1369 2123 1423 ι’,
2160 1375 2351 1413 verum
2378 1367 2722 1428 procreatam
2750 1370 2805 1413 et
2828 1357 3026 1411 ﬂuxam
3057 1364 3310 1409 naturam
3341 1356 3411 1406 ab

1844 1449 2087 1504 increata
2125 1457 2181 1502 et
2217 1449 2466 1503 stabili?»
2500 1448 2597 1502 llis
2629 1458 2998 1502 consentanea
3025 1456 3190 1513 atque
3212 1446 3413 1500 similia

1843 1556 2074 1610 magnus
2098 1542 2193 1596 Dei
2213 1557 2391 1611 prisco
2412 1542 2760 1610 persequitur
2779 1540 3069 1610 Dionysius
3087 1539 3414 1605 AreOpagita
3440 1534 3443 1536 ’

1846 1632 2038 1687 dicens
2065 1650 2080 1687 :
2105 1653 2125 1685 ι
2154 1634 2291 1688 Nam
2323 1632 2640 1688 audendum
2666 1640 2754 1686 est
2773 1634 2878 1686 hoc
2893 1632 3059 1684 etiam
3080 1630 3150 1684 de
3177 1629 3413 1684 veritate

1846 1722 2053 1787 dicere,
2092 1724 2238 1793 quod
2270 1725 2505 1793 ipsemet
2528 1723 2779 1777 omnium
2809 1737 2994 1776 rerum
3016 1721 3140 1775 l‘ons
3166 1728 3222 1774 et
3249 1734 3417 1774 causa

1848 1815 2080 1885 pulchro
2114 1824 2172 1870 et
2208 1816 2355 1869 bono
2390 1823 2718 1869 cunctorum
2744 1828 2956 1876 amore,
2980 1825 3204 1879 prepter
3231 1824 3419 1865 exces-

173 1890 410 1957 γίνεται,
438 1890 562 1953 ταῖς
601 1891 683 1954 εἰς
717 1889 787 1945 τὰ
818 1890 950 1943 ὅντα
981 1890 1161 1944 πάντα
1187 1889 1484 1960 προνοίαις,
1516 1890 1613 1943 καὶ
1637 1884 1748 1941 οἷον

1861 1920 1973 1961 sum
2008 1906 2275 1961 bonitatis
2320 1906 2711 1961 amantissime
2750 1913 2906 1959 extra
2946 1918 3008 1957 se
3052 1900 3271 1956 exsistit
3318 1914 3417 1968 per

175 1979 478 2049 ἀγαθότητι
508 1981 603 2034 καὶ
634 1980 916 2051 ἀγαπήσει
946 1981 1042 2035 καὶ
1066 1979 1232 2051 ερωτι
1267 1979 1539 2049 θέλγεται,
1566 1979 1661 2033 καὶ
1688 1981 1754 2032 ὲκ

174 2067 274 2122 τοῦ
314 2068 457 2139 ὑπὲρ
483 2070 665 2123 πάντα
704 2070 801 2124 καὶ
832 2069 1012 2124 πάντα
1041 2067 1140 2123 καὶ
1165 2068 1386 2123 πάντων
1415 2066 1753 2139 ἐξῃρημένου

176 2158 319 2229 πρὸς
350 2160 427 2233 τὸ.
447 2160 506 2212 ιν
555 2161 690 2213 πᾶσι
722 2159 1043 2226 κατάγεται,
1084 2159 1204 2212 κατ’
1233 2156 1556 2229 ἐκστατικὴν
1585 2156 1754 2227 ύπερ-

176 2248 363 2302 ούσιον
408 2246 642 2320 δύναμιν
686 2246 1076 2318 ἀνεκφοίτητον
1102 2246 1296 2302 ἑαυτοῦ
1323 2246 1457 2318 (7|).
1490 2266 1510 2299 ι
1542 2246 1753 2317 Milia»;

176 2334 298 2405 οὖν,
322 2337 507 2403 καθὼς
541 2338 702 2411 ἔφην,
738 2341 850 2395 κάκ
872 2339 1076 2394 τούτων
1103 2341 1197 2393 τὸν
1222 2338 1355 2408 περὶ
1370 2335 1487 2405 τοῦ,
1522 2356 1540 2387 σ
1565 2337 1753 2402 Παίζει

176 2432 293 2504 γὰρ
346 2432 523 2501 Λόγος
565 2430 756 2497 αἰπὺς,
787 2449 808 2483 ι
853 2431 1129 2503 ὲτιιτόμως
1175 2428 1508 2485 ἁποδοθέντα
1555 2428 1756 2500 τρόπον

178 2521 499 2588 ὲξαπλῶσαι
529 2520 674 2576 κατὰ
693 2520 937 2576 διάνοιαν
959 2519 1216 2588 τοιαύτην
1243 2520 1374 2591 ήμῖν
1401 2516 1757 2572 ὲστιδυνατδν

180 2614 509 2683 φάσκουσιν,
556 2611 771 2683 Ὥσπερ
813 2610 869 2664 oi
919 2611 1099 2680 γονεῖς
1141 2610 1254 2679 (ἴνα
1295 2611 1409 2674 τοῖς
1453 2607 1576 2663 καθ’
1608 2608 1755 2680 ἡμᾶς

180 2702 593 2776 παραδείγμασι
648 2704 942 2774 χρήσωμαι
993 2703 1073 2766 είς
1122 2703 1224 2773 τὴν
1276 2701 1387 2755 τῶν
1428 2701 1569 2772 ὑπὲρ
1609 2702 1757 2772 ήμᾶς

182 2794 532 2867 πραγμάτων
559 2793 931 2866 ὑπογραφὴν),
968 2793 1223 2867 ἀφορμὰς
1238 2795 1353 2857 τοῖς
1379 2792 1587 2856 τέκνοις
1612 2808 1757 2865 παρ-

181 2886 402 2957 ἑκόντες
451 2883 554 2957 τὴν
605 2884 835 2941 νωθείαν
858 2883 905 2915 ⁸¹
945 2881 1340 2936 ἁποσείσασθαι
1410 2879 1759 2949 συγκαταϐα-

183 2994 330 3041 σεως
355 2976 582 3048 τρόπῳ,
633 2973 852 3031 δοκοῦσι
896 2975 1041 3030 κατὰ
1088 2973 1506 3045 συμπεριφορὰν
1534 2969 1760 3025 παιδικὰ

181 3070 420 3138 παίγνια
457 3067 721 3147 μετιέναι,
747 3066 824 3131 ὡς
859 3068 994 3138 φέρε
1034 3065 1210 3119 εἰπεῖν
1246 3061 1616 3134 καρυατίζειν,
1663 3064 1758 3116 καὶ

1852 2012 2039 2052 rerum
2083 1998 2330 2052 omnium
2367 1996 2768 2067 providentias,
2808 2005 2867 2049 et
2910 1996 3069 2064 quasi
3114 1993 3421 2047 delectatur

1851 2088 2125 2159 ejusmodi
2150 2082 2400 2144 bonitate
2427 2097 2486 2143 et
2514 2088 2782 2143 charitate
2814 2096 2871 2141 et
2904 2099 3116 2149 amore,
3159 2092 3237 2147 et,
3292 2096 3419 2135 cum

1853 2180 1926 2236 sit
1963 2197 2129 2250 supra
2160 2180 2345 2235 omnia
2367 2190 2426 2235 et
2451 2180 2634 2235 omnia
2661 2188 2719 2233 et
2741 2194 2808 2232 ex
2829 2177 3091 2232 omnibus
3110 2184 3419 2243 exemptus,

1853 2271 1923 2327 ad
1962 2271 2270 2326 universale
2293 2270 2609 2333 deducitur,
2636 2269 2940 2323 secundum
2965 2267 3289 2322 exstaticam
3325 2281 3422 2320 su-

1853 2362 2291 2430 pernaturalem,
2318 2377 2442 2431 quae
2477 2362 2722 2428 seipsuin
2760 2358 2909 2413 haud
2958 2358 3179 2412 deserat
3201 2396 3217 2417 ,
3250 2356 3427 2409 virtu-

1856 2458 1987 2504 tem.
2024 2469 2044 2503 ι
2082 2450 2336 2505 Fortasse
2369 2449 2556 2519 igitur,
2585 2448 2820 2509 ut-dixi,
2855 2462 3034 2501 meam
3060 2447 3230 2511 illius,
3258 2465 3276 2497 ι
3316 2445 3427 2499 Lu-

1854 2537 1938 2592 dit
1969 2539 2120 2592 enim
2151 2538 2314 2593 Ratio
2343 2554 2579 2603 summa,
2622 2553 2788 2607 quam
2838 2537 3031 2606 paucis
3068 2536 3297 2605 exposui
3336 2550 3428 2589 ra-

1856 2630 2063 2685 tionem
2082 2645 2151 2685 ex
2178 2629 2265 2684 his
2287 2645 2508 2700 quoque
2536 2638 2595 2685 et
2630 2629 2685 2684 in
2725 2630 2867 2685 hanc
2892 2630 3224 2684 sententiam
3253 2628 3428 2682 inter-

1856 2718 2065 2787 pretari
2107 2718 2272 2773 nobis
2323 2719 2508 2782 liceat,
2551 2717 2632 2773 uti
2675 2718 2929 2773 dicamus
2972 2735 2988 2770 :
3041 2716 3201 2772 Sicut
3236 2730 3431 2786 paren-

1860 2818 1943 2865 tes
1978 2812 2062 2878 (ut
2082 2819 2285 2865 nostra:
2313 2811 2442 2866 vita:
2473 2811 2740 2879 exemplis
2785 2818 2912 2863 utar
2938 2808 3007 2864 ad
3050 2823 3140 2863 res
3181 2823 3305 2877 quae
3339 2823 3432 2861 su-

1856 2911 2055 2973 perant
2074 2917 2175 2957 nos
2197 2901 2603 2972 delineandas),
2636 2903 2825 2973 pueris
2873 2902 3149 2972 pigritiam
3174 2909 3433 2955 excutere

1856 2992 2146 3046 studentes
2171 2990 2661 3046 condescensionis
2681 2989 2846 3044 modo
2869 3004 2990 3044 sese
3018 2988 3435 3042 accommodant

1856 3091 1913 3137 et
1936 3081 2172 3152 puerilia
2204 3080 2422 3136 ludicra
2481 3081 2639 3149 sequi
2694 3079 2979 3143 videntur,
3024 3080 3197 3133 veluti
3223 3078 3307 3132 fac
3333 3094 3438 3131 nu-

181 3159 571 3234 ἀστραγάλοις
598 3158 719 3230 μετ’
764 3156 943 3212 αὐτῶν
997 3154 1537 3228 συμπεριφέρεσθαι,
1585 3153 1621 3226 ἢ
1663 3155 1759 3207 καὶ

1862 3172 2024 3228 cibus
2066 3181 2123 3226 et
2147 3172 2272 3228 talis
2306 3172 2501 3226 ludere
2534 3185 2659 3224 cum
2711 3171 2795 3225 eis
2861 3170 3306 3239 morigerantes,
3348 3168 3438 3221 vel

184 3250 325 3323 liqu
354 3249 632 3322 πολύχροα
660 3247 870 3313 τούτοις
913 3245 1322 3319 παρατιθέντες,
1364 3246 1458 3299 καὶ
1497 3244 1678 3315 (263
1708 3245 1761 3313 b)

184 3342 521 3412 πολυϐαφετς
570 3339 805 3412 ἐσθῆτας
868 3338 979 3393 τῶν
1020 3337 1327 3410 αἰσθήσεων
1375 3337 1762 3408 θελκτηρίους,

183 3435 412 3507 ἀπῆγον
447 3433 483 3507 ἢ
516 3432 908 3503 κατέπληττον,
940 3429 1016 3495 ὡς
1038 3429 1149 3484 τῶν
1171 3428 1384 3483 παίδων
1408 3430 1605 3500 ἑτέραν
1630 3429 1767 3491 τέως

184 3525 459 3600 ιργασιαν
494 3525 596 3579 οὐκ
620 3523 876 3595 ἑχόντων,
908 3520 1049 3592 μετὰ
1077 3518 1251 3592 βραχὺ
1268 3518 1326 3573 δὲ
1343 3520 1444 3572 καὶ
1472 3518 1763 3587 παιδευτή-

188 3620 333 3693 ρίοις
380 3618 577 3681 αὐτοὺς
626 3617 736 3670 τῶν
779 3614 982 3684 γονέων
1031 3611 1453 3684 παραδιδόντων,
1495 3605 1618 3665 εἶτα
1672 3609 1767 3661 καὶ

184 3710 357 3780 λόγου
383 3705 715 3778 τελειοτέρου
755 3703 849 3759 καὶ
893 3701 1240 3774 πραγμάτων
1280 3700 1426 3754 ίδίων
1456 3698 1767 3770 μεταδιδόν-

183 3819 323 3868 των,
347 3796 493 3855 οΰτω
515 3797 679 3870 τυχὸν
719 3797 817 3852 καὶ
847 3795 940 3850 τὸν
969 3794 1064 3849 επὶ
1117 3793 1339 3849 πάντων
1369 3790 1502 3845 Θεόν
1528 3805 1662 3861 φησι
1681 3788 1770 3842 διὰ

182 3894 305 3951 τῶν
335 3893 640 3965 είρημένων
663 3891 693 3943 ό
719 3887 1039 3950 διδάσκαλος
1072 3885 1163 3941 διὰ
1203 3886 1306 3956 τῆς
1352 3884 1490 3946 τέως
1526 3881 1769 3952 ἱστοριῶ-

182 3986 320 4051 δους
349 3984 458 4039 τῶν
489 3982 831 4054 φαινομένων
862 3978 1178 4051 κτισμάτων
1217 3974 1435 4048 φύσεως
1465 3976 1546 4038 είς
1566 3974 1771 4045 ἐκπλη-

189 4078 281 4144 ξιν
308 4075 347 4149 ἢ
386 4076 480 4131 καὶ
505 4072 812 4143 ἀπαγωγὴν
850 4070 939 4126 διὰ
977 4070 1078 4142 τῆς
1125 4066 1306 4125 αὐτῶν
1334 4067 1463 4131 θέας
1504 4067 1599 4120 καὶ
1624 4065 1769 4134 γνὼ-

191 4185 340 4234 σεως
397 4167 495 4224 νῦν
544 4168 694 4239 ἡμᾶς
744 4159 833 4219 οἵα
896 4164 1097 4236 κομιδῇ·
1146 4162 1341 4224 παῖδας
1395 4157 1733 4230 ἐμϐάλλοντα
1750 4194 1768 4222 ,

189 4262 393 4318 ἔπειτα
443 4258 539 4315 καὶ
588 4259 691 4331 τὴν
737 4255 847 4310 τῶν
902 4256 963 4310 ἐν
1008 4254 1192 4317 αὐτοῖς
1242 4247 1771 4321 πνευματικωτέρων

188 4354 378 4424 λόγων
421 4350 656 4425 θεωρίαν
710 4348 943 4413 ενιέντα,
1008 4346 1102 4400 καὶ
1156 4343 1466 4398 τελευταῖον
1523 4343 1618 4397 ἐπὶ
1672 4341 1773 4411 τήν

1864 3262 2031 3317 etiam
2060 3261 2224 3316 ﬂores
2245 3261 2493 3315 colorum
2531 3261 2803 3315 varietate
2837 3259 3134 3315 distinctos
3161 3266 3217 3313 et
3254 3268 3438 3312 vestes

1862 3352 2033 3408 variis
2057 3352 2341 3408 coloribus
2364 3353 2588 3416 tinctas,
2606 3369 2731 3422 qua:
2752 3366 2950 3407 sensus
2974 3352 3274 3414 mulceant,
3310 3366 3443 3419 pro-

1863 3449 2168 3509 ponentes,
2222 3440 2467 3511 primum
2539 3450 2775 3495 avocant
2835 3449 2933 3495 aut
2994 3440 3442 3511 obstupefaciunt

1863 3545 2086 3599 pueros,
2126 3531 2236 3583 alio
2260 3545 2427 3600 opere
2465 3531 2711 3584 nondum
2732 3516 3056 3600 occupatos,
3105 3530 3271 3599 paulo
3314 3537 3441 3600 post

1863 3635 1997 3675 vero
2017 3620 2147 3675 ludo
2171 3620 2443 3676 litterario
2467 3621 2714 3691 ipsisque
2743 3621 3096 3690 disciplinam
3129 3620 3438 3690 graviorem

1866 3710 2116 3777 tradunt,
2139 3721 2196 3767 et
2224 3713 2467 3782 pr0priis
2498 3712 2735 3781 negotiis
2764 3712 3021 3767 imbuunt
3054 3730 3070 3766 :
3101 3711 3182 3766 sic
3203 3711 3440 3766 fortasse

1865 3803 2034 3859 etiam
2088 3819 2273 3858 rerum
2306 3804 2696 3860 universarum
2723 3806 2896 3860 Deum
2931 3804 3121 3860 verbis
3159 3805 3281 3859 istis
3324 3821 3442 3858 ma-

1866 3893 2036 3964 gister
2061 3909 2161 3963 per
2201 3908 2389 3949 rerum
2434 3904 2744 3950 crcatarum
2789 3911 2914 3964 quae
2964 3903 3232 3966 apparent
3280 3894 3443 3950 nobis

1865 3986 2038 4041 veluti
2108 3985 2450 4041 historialem
2509 3987 2732 4043 interim
2798 3995 3049 4042 naturain
3107 4000 3244 4052 nos,
3294 4000 3445 4040 nunc

1866 4077 2039 4134 veluti
2085 4079 2322 4134 maxime
2382 4093 2617 4148 pueros,
2665 4079 2720 4134 in
2774 4078 3309 4148 obstupefactionem
3353 4078 3441 4133 vel

1866 4173 2036 4228 etiam
2071 4171 2453 4226 avocationem
2492 4178 2795 4240 conspectu
2844 4158 3106 4225 nimirum
3153 4184 3344 4223 earnm
3387 4168 3460 4222 et'

1868 4262 2183 4333 cognitione
2200 4262 2568 4332 injicientem,
2594 4261 2981 4317 deindeetiam
3005 4260 3446 4328 spiritualiorum

1871 4352 1928 4408 in
1980 4352 2064 4408 eis
2105 4352 2380 4407 rationum
2445 4350 2969 4419 contemplationem
3019 4348 3445 4408 immittentem.

193 4421 397 4503 ἑαυτοῦ
423 4421 606 4507 uois;
631 4445 781 4497 ἔστιν
818 4438 1040 4511 ἐφικτὸν
1072 4437 1161 4493 διὰ
1193 4436 1473 4506 θεολογίας
1503 4451 1762 4506 μυστικω-

1870 4452 2150 4514 postremo
2173 4442 2242 4498 ad
2259 4441 2345 4497 sui
2361 4442 2729 4512 cognitionem
2752 4441 2926 4511 magis
2942 4442 3249 4511 mysticam,
3267 4421 3462 4507 quan:

191 4539 367 4611 τέραν
393 4534 598 4607 γνῶσιν
628 4534 912 4603 ἑνάγοντα,
956 4531 1058 4604 τήν
1089 4528 1272 4600 πάσης
1297 4526 1398 4598 τῆς
1436 4527 1497 4579 ἑν
1529 4526 1660 4580 εῐδει
1682 4524 1762 4579 κατ

1884 4542 1991 4589 tam
2013 4533 2285 4605 attingere
2311 4534 2473 4589 nobis
2493 4534 2677 4597 liceat,
2702 4547 2826 4602 qua:
2846 4531 2915 4586 ab
2939 4530 3092 4585 omni
3118 4530 3173 4582 in
3197 4529 3373 4583 forma
3392 4536 3451 4582 et

192 4629 346 4702 ποθῷ
386 4628 484 4684 καὶ
527 4629 766 4699 σχήματι
808 4623 903 4678 καὶ
940 4621 1115 4693 ποσῷ,
1151 4618 1230 4691 τῷ
1270 4619 1329 4674 ὲν
1358 4616 1554 4688 πλήθει
1597 4631 1657 4669 τε
1686 4617 1762 4670 κα⁴

1885 4627 2152 4698 qualitate
2171 4633 2230 4682 et
2255 4628 2441 4696 specie
2485 4634 2543 4679 et
2575 4624 2883 4695 quantitate
2923 4632 3032 4676 tam
3082 4620 3452 4675 multitudinis

190 4724 352 4795 Εγκῳ
394 4721 711 4777 παντάπασι
763 4714 1196 4787 καθαρεύουσαν,
1248 4709 1523 4774 ποικιλίας
1573 4725 1634 4762 τε
1688 4708 1762 4763 κα¹

1877 4731 2043 4785 quam
2067 4715 2228 4771 molis
2250 4716 2410 4785 plane
2433 4731 2570 4785 pura
2593 4723 2678 4769 est
2693 4729 2792 4783 per
2818 4711 3149 4779 theologiam
3167 4710 3443 4763 deducen—

194 4813 508 4878 συνθέσεως
528 4812 589 4868 ιν
607 4813 718 4872 τοῖς
737 4806 1035 4882 προπαιδεύ
1043 4820 1229 4877 μασιν,
1255 4803 1333 4867 ὡς
1356 4803 1495 4874 πρὸς
1517 4800 1579 4856 τδ
1596 4801 1775 4871 τέρμα

193 4908 305 4980 τῆς
343 4905 598 4978 θεωρίας,
643 4921 664 4958 ι
691 4901 906 4966 παίζειν
932 4917 953 4953 ι
997 4898 1211 4970 εἴρηται
1249 4894 1329 4968 τῷ
1356 4894 1601 4967 θεοφόρῳ
1627 4894 1771 4980 ῐξρη-

195 4976 401 5068 γορίῳ,
442 4976 542 5048 διαὶ⁹
577 4989 656 5063 τῷ
694 4989 941 5061 θεοφόρῳ
984 4984 1247 5056 Διονυσίῳ
1297 5002 1316 5036 ι
1340 4976 1776 5057 θέλγεσθαίὸστε

195 5087 305 5143 καὶ
344 5102 364 5139 ι
396 5084 708 5153 ὶξίστασθαι
739 5081 954 5138 ἑαυτοῦ.
982 5099 1002 5135 ι

274 5173 372 5247 Τῷ
434 5174 549 5230 θντι
600 5173 711 5245 γὰρ
756 5174 822 5228 ἐκ
870 5167 1222 5243 παραλλήλου
1275 5168 1419 5223 κατὰ
1473 5166 1779 5238 παράθεσιν

1881 4814 2011 4868 tem,
2036 4805 2092 4859 in
2120 4804 2407 4859 varietatis
2428 4816 2593 4872 atque
2619 4802 3039 4871 compositionis
3066 4811 3324 4867 tanquam
3349 4798 3455 4866 pri-

1876 4898 1983 4954 mis
2001 4897 2307 4969 disciplinae
2325 4895 2616 4951 elementis
2645 4894 2702 4948 in
2754 4894 2916 4947 linem
2950 4889 3452 4959 contemplationis,

1890 5010 1909 5043 ι
1928 4990 2169 5056 ludere,»
2198 4989 2341 5044 utab
2357 4988 2547 5041 divino
2565 4986 2830 5055 Gregorio
2861 4984 3067 5038 dictum
3088 4993 3193 5043 est.
3212 4991 3268 5033 et
3288 4980 3357 5034 ab
3378 4980 3457 5031 ili-

1883 5080 2016 5136 vino
2035 5080 2292 5152 Dionysio
2334 5098 2351 5131 ι
2373 5075 2634 5132 delectari
2661 5094 2678 5126 ι
2708 5086 2784 5137 et,
2813 5093 2830 5124 ι
2861 5083 3014 5127 extra
3042 5086 3101 5125 se
3132 5071 3447 5123 exsistere.»

1958 5173 2170 5228 Revera
2228 5172 2375 5228 enim
2423 5185 2514 5224 res
2569 5176 2870 5235 praesentes
2922 5175 2981 5220 et
3039 5163 3181 5217 visui
3230 5162 3456 5226 objecta:

199 5266 562 5340 θεωρούμενα
598 5266 737 5338 πρὸς
768 5264 840 5321 τὰ
888 5264 1095 5336 κυρίως
1125 5261 1220 5317 καὶ
1245 5259 1462 5333 ἀληθῶς
1487 5258 1637 5326 ὄντα,
1686 5261 1762 5314 κα¹

1884 5264 2038 5338 juxta
2054 5280 2120 5321 ea
2141 5279 2262 5335 quae
2283 5262 2504 5334 proprie
2528 5278 2595 5315 ac
2618 5274 2746 5314 vcre
2767 5266 2916 5323 sunt,
2942 5270 3172 5327 quaeque
3200 5252 3257 5307 in
3273 5253 3458 5307 futuro

272 5412 306 5456 ι’
334 5402 469 5462 Luc.
491 5418 604 5473 xvi,
630 5402 724 5462 24.

1475 5483 1711 5543 VARIxE
1744 5486 2148 5545 LECTIONES.

298 5586 349 5623 ⁸⁸
386 5587 480 5646 Sic
509 5587 636 5646 cod.
664 5586 809 5645 Gud.
832 5584 892 5642 ιι.
922 5585 962 5640 Ι.
1037 5585 1081 5623 ³⁷
1108 5580 1201 5641 Sic
1226 5579 1352 5637 cod.
1383 5577 1525 5635 Gud.

277 5727 395 5799 (70),
416 5726 579 5799 Greg.
599 5725 731 5799 Naz.
753 5723 856 5799 9r.
888 5724 945 5799 in
970 5723 1275 5780 Pentecost.
1306 5732 1425 5790 cap.
1454 5715 1639 5787 l2.,p.
1662 5715 1785 5773 7M.

207 5793 421 5857 tonui.
459 5793 600 5869 Op'p.
630 5796 720 5853 ed.
753 5793 957 5852 Bened.

1966 5712 2080 5783 (7|)
2158 5712 2379 5770 Diouvs.
2434 5712 2702 5783 Areopag.
2751 5708 2830 5783 De
2858 5708 2964 5783 diu.
3019 5725 3158 5763 item.
3208 5721 3329 5776 cap.
3400 5706 3452 5759 4.

1897 5784 1925 5854 §
1960 5779 2067 5849 ll,
2097 5798 2152 5854 p.
2177 5785 2300 5840 405.
2329 5793 2460 5838 tum.
2492 5782 2533 5843 Ι,
2571 5783 2710 5850 Opp.
2744 5779 2833 5836 ed.
2865 5779 2998 5834 Ven.
