4198 6434
771 400 908 467 1415

1928 392 1989 448 S.
2031 382 2316 445 MAXIMI
2355 375 2867 439 CONFESSORIS

3908 362 4041 429 1416

767 515 1135 587 apparebunt,
1162 514 1425 569 collocata
1447 522 1613 581 atque
1643 513 1962 576 comparata
2012 499 2179 554 ludus
2198 509 2339 565 pne-

2462 509 2498 553 ις
2522 491 2752 559 ὕστερον
2777 487 3155 556 φανησόμενα,
3199 484 3268 537 τά
3310 483 3556 552 παρόντα
3593 480 3692 533 καὶ
3738 478 4042 546 φαινόμενα

769 610 908 672 rilis,
930 608 1063 678 quin
1087 608 1189 661 hoc
1201 606 1366 658 etiam
1386 605 1527 658 ultra
1541 616 1662 657 esse
1677 598 1916 653 videtur.
1939 593 2073 647 Nam
2096 603 2221 643 cum
2258 599 2355 637 ve-

770 702 936 754 ritate
960 712 1144 752 rerum
1169 697 1391 764 proprie
1411 693 1725 747 divinarum
1743 696 1963 754 atquem
2004 674 2354 748 originalium

768 798 1118 860 (τοηὶβπειυε
1134 802 1320 841 rerum
1347 784 1695 855 praesentium
1720 791 1884 847 atque
1911 773 2089 829 oculis
2113 769 2358 838 objecta-

772 857 1051 935 rumvordo
1071 896 1140 932 ne
1156 893 1278 933 esse
1292 877 1513 947 quidem
1538 876 1651 929 ullo
1678 870 1842 926 modo
1854 868 1937 922 eis
1959 863 2238 919 videbitur
2252 857 2347 927 qui

771 985 940 1027 totam
970 988 1071 1042 pro
1101 971 1378 1026 facultatis
1422 984 1533 1023 sua:
1563 963 1737 1035 gradu
1772 960 1977 1014 divina:
2026 948 2348 1023 pulchritu-

770 1063 919 1116 dinis
952 1062 1208 1116 decorem
1244 1073 1441 1127 capere
1474 1058 1821 1111 meruerunt,
1873 1042 2037 1100 sicuti
2062 1052 2165 1093 nec
2215 1048 2351 1103 pue-

775 1154 893 1207 rilis
924 1154 1153 1207 omnino
1182 1152 1344 1206 ludus
1365 1164 1489 1203 cum
1522 1161 1655 1199 vero
1688 1142 1874 1210 aliquo
1896 1145 1953 1194 et
1984 1142 2137 1188 certo
2183 1137 2349 1195 nego-

777 1247 853 1300 tio
883 1255 1234 1315 comparatus
1263 1257 1387 1297 esse
1414 1238 1785 1295 existimatur.

1161 1513 1284 1568 Alia
1305 1513 1360 1565 in
1387 1510 1525 1564 idem
1550 1498 1946 1571 contemplatio.

846 1624 1098 1678 Fortasse
1147 1637 1280 1675 vero
1322 1619 1489 1674 etiam
1532 1608 1936 1684 degenerabilis
1973 1618 2038 1658 ac
2071 1595 2354 1656 mutabilis

773 1726 973 1768 natura
1006 1712 1377 1767 materialium
1410 1722 1549 1778 quas
1586 1700 1991 1759 committimus
2025 1706 2212 1748 rerum
2243 1687 2351 1740 alio

2456 582 2551 634 καὶ
2580 580 2831 647 παίγνιον
2863 574 3001 631 εἶναι
3027 577 3197 638 δοκεῖ,
3226 573 3321 627 καὶ
3360 573 3441 625 ἔτι
3464 572 3655 624 τούτου
3680 570 4040 639 πορρωτέρω.

2457 671 2603 741 Πρὸς
2624 670 2736 737 γὰρ
2776 668 2875 737 τὴν
2918 667 3029 719 τῶν
3074 665 3285 735 κυρίως
3326 663 3489 715 θείων
3530 661 3629 713 καὶ
3667 657 4043 729 πρωτοτύπων

2456 761 2803 832 πραγμάτων
2850 758 3111 829 ἀλήθειαν
3141 754 3548 825 συγκρινομένη
3593 753 3706 805 τῶν
3759 753 4045 817 παρόντων

2456 854 2553 907 καὶ
2601 852 2897 922 ὁρωμένων
2952 849 3296 919 πραγμάτων
3348 848 3383 915 ἡ
3423 846 3792 914 διακόσμησις
3834 843 3959 893 οὐδὲ
3989 842 4045 893 τὸ

2457 945 2720 1012 παράπαν
2748 938 2888 995 εἷναι
2935 940 3327 1010 νομισθήσεται
3364 939 3479 998 τοῖς
3524 935 3647 988 ὅλον
3674 935 3884 1003 χωρεῖν
3911 934 4046 983 κατὰ

2454 1035 2516 1087 τὸ
2547 1033 2771 1086 δυνατὸν
2802 1032 2864 1085 τὸ
2892 1033 2989 1099 τῆς
3020 1030 3170 1091 θείας
3196 1028 3532 1099 ὼραιότητος
3561 1024 3762 1085 κάλλος
3793 1022 4047 1089 ἀξιουμέ-

2455 1140 2590 1186 νοις,
2645 1122 2835 1190 ὥσπερ
2896 1120 3017 1173 οὐδὲ
3073 1120 3136 1172 τὸ
3198 1120 3451 1185 παίγνιον
3504 1116 3750 1187 ἀληθινῷ
3796 1132 3912 1166 τινι
3959 1115 4047 1165 καὶ

2456 1218 2570 1268 (nm
2609 1215 2897 1285 πράγματι
2941 1210 3371 1284 συγκρινόμενον
3415 1204 3558 1261 εἶναι
3609 1204 3876 1269 καθάπαξ
3904 1204 4048 1272 νομί-

2458 1306 2634 1368 ζεται.

2811 1482 3007 1545 ’Ἄλλη
3045 1480 3258 1548 θεωρία
3293 1481 3382 1543 εἰς
3412 1479 3481 1531 τὸ
3512 1479 3683 1532 αὑτό.

2524 1593 2707 1664 Τυχδν
2748 1592 2806 1645 δὲ
2834 1594 2933 1645 καὶ
2979 1593 3040 1644 τὸ
3085 1591 3501 1661 μεταπτωτικὸν
3549 1586 3624 1645 ὧν
3664 1590 4048 1661 ἐγχειρίζομεν

2454 1683 2657 1735 ὑλικῶν
2688 1682 3035 1751 πραγμάτων
3091 1681 3261 1749 ἄλλην
3308 1680 3486 1743 ἄλλως
3529 1682 3961 1750 μεταφερόντων
3992 1697 4047 1732 τε

775 1810 911 1861 alias
972 1801 1423 1859 transferentium
1468 1808 1526 1853 et
1582 1795 1995 1851 translata‘rum,
2048 1794 2106 1840 et
2148 1778 2349 1836 stabile

2462 1775 2550 1827 καὶ
2586 1772 3074 1843 μεταςερομένων,
3124 1772 3220 1823 καὶ
3261 1773 3534 1842 μηδεμίαν
3575 1772 3759 1842 (263
3788 1774 3845 1839 a)
3897 1771 4049 1839 βάσιν

778 1902 1181 1952 firmamentum
1217 1902 1412 1963 pneter
1444 1892 1675 1959 primam
1695 1884 1967 1939 rationem
1997 1892 2105 1949 qua
2138 1872 2356 1942 sapien-

777 1998 861 2043 ter
906 1996 963 2041 et
1010 1985 1364 2056 providenter
1399 1985 1657 2037 feruntur
1698 1987 1756 2033 et
1806 1976 1990 2031 ferunt
2033 1967 2353 2025 habentium

776 2082 1012 2141 nullum,
1046 2088 1231 2146 atque,
1260 2091 1387 2131 cum
1414 2072 1581 2143 potiri
1604 2071 1687 2125 eis
1717 2068 1879 2124 nobis
1898 2064 2206 2123 videamur,
2245 2058 2355 2112 dif-

777 2171 1104 2241 fugientium
1125 2166 1298 2236 magis
1316 2178 1477 2234 quam
1500 2169 1908 2230 superatarum,
1937 2151 2354 2223 appetitumque

779 2273 1053 2324 nostrum,
1085 2261 1181 2331 qui
1213 2259 1295 2313 eis
1353 2255 1523 2326 potiri
1556 2252 1881 2314 institimus,
1926 2263 1957 2301 a
2001 2261 2061 2300 se
2085 2242 2239 2296 velut
2268 2253 2356 2292 re—

779 2355 1124 2424 pellentium,
1174 2361 1235 2405 et
1293 2360 1557 2417 superare
1604 2351 1701 2399 aut
1750 2338 1998 2409 superari
2034 2336 2196 2405 plane
2244 2344 2356 2384 non

778 2442 1137 2509 capientium,
1160 2444 1351 2506 utpote
1383 2450 1505 2504 qua:
1528 2433 1709 2487 solum
1731 2427 1985 2483 stabilem
2008 2438 2123 2478 sua:
2147 2428 2359 2474 natura:

782 2530 1078 2584 terminum
1121 2528 1326 2581 habent
1356 2524 1502 2576 hunc
1532 2520 1680 2591 quod
1706 2517 1941 2573 efﬂuunt
1971 2523 2028 2568 et
2057 2525 2169 2565 non
2196 2511 2362 2570 stant,

780 2619 947 2673 ludus
986 2618 1216 2688 puerilis
1244 2615 1363 2677 Dei,
1404 2630 1433 2667 a
1468 2612 1734 2683 magistro
1770 2607 2045 2679 appellata
2074 2610 2162 2657 est
2189 2605 2362 2659 recte,

782 2720 843 2764 nt
870 2711 961 2780 qui
988 2726 1088 2780 per
1111 2710 1227 2763 haec
1243 2723 1343 2761 nos
1369 2706 1436 2760 ad
1467 2720 1533 2760 ea
1554 2719 1677 2775 quae
1692 2716 1823 2757 vere
1844 2707 1975 2755 sunt
2001 2706 2059 2753 et
2078 2704 2367 2779 nunquam:

793 2776 1062 2856 ﬂuctuant
1094 2797 1423 2853 transducit.
2362 2776 2365 2779 ’

1173 2971 1300 3027 Alia
1330 2972 1387 3025 in
1409 2971 1550 3025 idem
1584 2966 1980 3038 contemplatio.

2460 1866 2696 1934 ἐχόντων
2737 1864 3082 1933 στερέμνιον,
3133 1863 3273 1932 πλὴν
3314 1864 3413 1916 τοῦ
3448 1865 3667 1933 πρώτου
3716 1864 3880 1930 λόγου
3929 1863 4045 1915 καθ’

2458 1955 2518 2007 ὃν
2545 1954 2803 2023 φέρονται
2833 1952 3013 2022 σοφῶς
3033 1969 3095 2005 τε
3140 1953 3234 2006 καὶ
3264 1953 3640 2024 προνοητικῶς
3670 1952 3767 2005 καὶ
3796 1952 4044 2021 φέρουσι,

2460 2047 2558 2098 καὶ
2583 2044 2662 2115 τῷ
2695 2045 3015 2115 κρατεῖσθαι
3046 2045 3139 2113 ὑφ’
3171 2044 3330 2115 ἡμῶν
3349 2044 3691 2115 νομίζεσθαι,
3721 2045 4047 2113 διαφευγὸν-

2458 2156 2569 2191 των
2622 2138 2786 2190 πλέον
2827 2138 2863 2209 ἦ
2914 2139 3326 2208 κρατουμένων,
3375 2139 3471 2190 καὶ
3512 2138 3611 2208 τὴν
3662 2137 3857 2205 ἔφεσιν
3896 2136 4048 2205 ἡμῶν

2458 2230 2569 2283 τῶν
2595 2231 2777 2293 αὐτοῖς
2822 2228 3170 2299 ἀνεχομένων
3217 2228 3560 2300 κρατεῖσθαι,
3609 2228 3812 2298 μᾶλλον
3841 2226 4050 2279 ἑαυτῶν

2460 2316 2572 2374 οἷον
2613 2320 3047 2388 ἀπωθουμένων,
3099 2320 3196 2373 καὶ
3243 2321 3525 2390 κρατείνῆ
3556 2319 3882 2391 κρατεῖσθαι
3917 2335 4049 2370 mv-

2461 2414 2632 2477 τελῶς
2666 2413 2742 2485 μὴ
2793 2413 3134 2484 δυναμένων,
3177 2409 3268 2466 οἷα
3296 2414 3360 2483 δὴ
3421 2414 3580 2483 μόνον
3638 2411 3916 2482 σταθηρὸν
3952 2411 4052 2479 τῆς

2464 2505 2675 2559 ἑαυτῶν
2734 2506 2953 2575 φύσεως
2984 2507 3112 2576 ὅρον
3158 2506 3513 2576 κεκτημένων
3557 2505 3619 2558 τὸ
3664 2505 3932 2574 ἀπορρεῖν
3960 2505 4054 2555 καὶ

2466 2598 2539 2669 μὴ
2574 2597 2849 2660 ἵστασθαι,
2885 2597 3140 2666 παίγνιον
3182 2598 3407 2658 εἰκότως
3439 2596 3643 2667 ἐρρέθη
3685 2594 3823 2647 Θεοῦ
3870 2594 3949 2663 τῷ
3982 2593 4055 2646 δι-

2458 2690 2735 2760 δασκάλῳ,
2768 2690 2843 2753 ὡς
2883 2689 2973 2742 διὰ
3003 2689 3211 2741 τούτων
3266 2689 3600 2759 μετάγοντος
3641 2688 3791 2757 ἡμᾶς
3843 2686 3941 2738 ἰπὶ
3968 2683 4056 2753 ,τά

2458 2782 2625 2848 ὅντως
2648 2784 2803 2849 ὄντα,
2832 2783 2929 2837 καὶ
2964 2782 3242 2853 μηδέποτε
3268 2780 3636 2851 σαλευόμενα.

2838 2964 3034 3031 ’Ἄλλη
3068 2962 3279 3028 θεωρία
3300 2962 3389 3027 είς
3415 2959 3483 3014 τὸ
3504 2961 3675 3016 αὑτό.

854 3090 1063 3145 Verum
1100 3087 1146 3143 si
1179 3102 1282 3141 nos
1307 3098 1527 3155 quoque
1553 3083 1655 3153 ipsi
1682 3082 1987 3138 secundum
2022 3088 2235 3134 natura:
2262 3092 2357 3131 no-

2537 3082 2599 3133 Εἰ
2631 3079 2689 3133 δὲ
2731 3079 2827 3132 καὶ
2874 3080 3038 3148 ἡμεῖς
3080 3076 3260 3140 αὐτοὶ,
3294 3074 3435 3128 κατά
3484 3074 3585 3145 τὴν
3624 3071 3944 3146 κρατοῦσαν
3968 3074 4057 3126 ἐπὶ

782 3192 910 3237 stne
932 3178 1426 3251 imprasentiarum
1452 3174 1923 3243 consequentiam,
1960 3185 2109 3225 nunc
2129 3168 2352 3239 quidem

783 3275 900 3345 pari
934 3290 1059 3328 cum
1099 3270 1310 3325 caeteris
1336 3278 1494 3323 terrae
1521 3265 1849 3320 animalibus
1878 3263 2043 3317 modo
2084 3260 2351 3331 generati,

784 3366 911 3418 dein
938 3362 1151 3434 pueruli
1179 3360 1325 3424 facti,
1355 3368 1470 3413 tum
1495 3359 1782 3427 juventute
1812 3363 2001 3409 nostra
2016 3353 2355 3420 ad,senectu-

784 3458 857 3510 tis
892 3455 1250 3524 rugositatem
1284 3450 1581 3505 festinante
1618 3448 1686 3501 ad
1736 3448 1910 3501 instar
1959 3443 2159 3498 caduci
2208 3441 2358 3497 floris

784 3544 1059 3604 morituri,
1093 3551 1149 3595 ct
1176 3540 1241 3595 ad
1268 3540 1428 3594 aliam
1471 3539 1640 3593 vitam
1673 3534 1919 3591 translati
1962 3554 1980 3585 ι
2024 3533 2190 3588 ludus
2208 3533 2303 3586 Dei
2332 3550 2351 3583 ι

784 3653 817 3693 a
849 3636 1037 3691 divino
1059 3635 1163 3687 hoc
1188 3632 1413 3686 doctore
1438 3628 1572 3684 dicti
1604 3627 1896 3691 fuerimus,
1940 3625 1994 3679 id
2011 3624 2209 3679 merito
2236 3623 2351 3679 fue-

785 3730 980 3783 rimus.
1022 3727 1156 3781 Nam
1192 3738 1432 3794 pnesens
1473 3722 1585 3775 vita
1628 3736 1751 3776 cum
1782 3720 1969 3773 futuro
1995 3717 2122 3771 vitae
2160 3716 2361 3769 divinae

785 3834 850 3873 ac
879 3834 1006 3872 vere
1047 3813 1348 3883 exemplari
1381 3822 1716 3881 comparata,
1758 3808 1921 3863 ludus
1956 3814 2062 3870 est,
2100 3814 2157 3860 et
2181 3805 2358 3876 quod-

786 3922 1003 3976 cunque
1030 3904 1177 3959 aliud
1206 3904 1309 3957 hoc
1329 3902 1501 3971 magis
1530 3899 1771 3955 essentia
1799 3914 1863 3951 ac
1882 3897 2116 3951 veritate
2131 3894 2359 3950 carebit.

788 3999 845 4053 ιιι
881 3998 1027 4069 quod
1071 3995 1334 4066 magister
1363 3994 1417 4046 in
1444 3992 1659 4045 funebri
1685 3992 1739 4044 in
1786 3989 2084 4045 Cmsarium
2111 3989 2362 4042 oratione

789 4089 996 4144 clarius
1045 4087 1390 4141 demonstrat
1424 4084 1576 4137 hisce
1591 4081 1776 4135 verbis
1812 4098 1825 4134 :
1864 4100 1882 4132 ι
1913 4078 2201 4151 Ejusmodi
2249 4078 2362 4132 vita

792 4186 980 4232 nostra
1040 4185 1144 4238 est,
1200 4174 1442 4237 fratres,
1484 4172 1580 4243 qui
1621 4171 1820 4226 fluxam
1870 4172 2036 4224 vitam
2088 4170 2364 4233 ducimus,

790 4269 1063 4341 ejusmodi
1091 4270 1146 4323 in
1183 4278 1332 4323 terra
1365 4266 1549 4331 ludus,
1573 4274 1635 4319 ut
1669 4280 1794 4319 cum
1826 4279 1936 4317 non
1966 4263 2139 4317 simus
2176 4278 2366 4325 nasca';

794 4378 938 4425 mur,
964 4375 1090 4415 cum
1118 4360 1231 4412 nati
1274 4358 1449 4413 simus
1476 4371 1700 4412 rursum
1724 4354 2113 4409 dissolvantur.
2156 4353 2367 4408 Insom-

2460 3172 2555 3225 τοῦ
2588 3172 2857 3242 παρόντος
2884 3170 2987 3241 τῆς
3019 3169 3235 3238 φύσεως
3257 3168 3415 3240 ἡμῶν
3432 3169 3778 3231 ἀκολουθίαν,
3812 3168 3914 3221 νῦν
3961 3168 4058 3238 μὲν

2462 3265 2586 3318 καθ’
2625 3263 2922 3334 ὁμοιότητα
2952 3261 3062 3314 τῶν
3086 3260 3293 3313 λοιπῶν
3325 3262 3419 3313 ἐπὶ
3455 3260 3559 3329 γῆς
3596 3260 3753 3323 ζώων
3781 3259 4058 3329 γεννώμε-

2462 3374 2565 3421 νοι,
2592 3355 2784 3407 ἔπειτα
2839 3353 3029 3415 παῖδες
3068 3351 3369 3421 γινόμενοι,
3431 3348 3554 3404 εἶτα
3600 3350 3799 3414 ἄνθους
3837 3351 4059 3420 ὠκυμό-

2466 3460 2563 3514 ρου
2592 3442 2749 3512 δίκην
2774 3440 2872 3511 τῆς
2897 3440 3148 3510 νεότητος
3176 3439 3270 3492 ἐπὶ
3307 3440 3369 3493 τὸ
3398 3440 3581 3513 ρικνὺν
3624 3440 3724 3510 τῆς
3760 3440 4058 3510 παλαιότη-

2465 3553 2557 3599 τος
2585 3535 2873 3605 φθασάσης
2925 3532 3330 3604 τεθνηξόμενοι,
3381 3534 3477 3587 καὶ
3522 3533 3661 3603 πρὸς
3707 3533 3903 3603 ἕτερον
3949 3533 4061 3603 βίον

2470 3626 2907 3697 μετατιθέμενοι,
2960 3643 2980 3677 ι
3009 3625 3265 3692 παίγνιον
3300 3625 3581 3697 ὲρήθημεν
3605 3624 3696 3677 τοῦ
3745 3626 3889 3679 Θεοῦ
3927 3646 3946 3679 ι
3988 3628 4063 3697 τῷ

2467 3718 2712 3790 θεοφόρῳ
2760 3717 2936 3788 τούτῳ
2983 3716 3312 3787 διδασκάλῳ,
3360 3718 3462 3771 οὐκ
3510 3717 3616 3781 ἔξω
3672 3718 3770 3771 τοῦ
3823 3720 4061 3782 εἰκότος.

2470 3812 2615 3884 Πρὸς
2671 3810 2781 3881 γὰρ
2829 3810 2929 3880 τὴν
2984 3809 3289 3880 μέλλουσαν
3341 3810 3441 3880 τῆς
3496 3810 3647 3876 θείας
3698 3813 3795 3866 καὶ
3824 3814 4066 3882 ἀληθοῦς

2469 3904 2615 3974 ζωῆς
2663 3902 3001 3973 ἀρχετυπίαν
3072 3904 3106 3973 ἡ
3170 3902 3424 3973 παροῦσα
3484 3905 3891 3975 συγκρινομένη
3950 3905 4066 3976 ζωὴ

2469 3992 2717 4062 παίγνιόν
2753 3994 2893 4059 ἐστι,
2925 3993 3021 4045 καὶ
3056 3994 3166 4046 πᾶν
3198 3992 3252 4045 εἶ
3276 4009 3328 4045 τι
3361 3990 3491 4045 ἄλλο
3534 3991 3725 4045 τούτου
3782 3993 4065 4062 καθέστηο

2470 4104 2564 4140 κεν
2614 4084 3008 4156 ἀνουσιώτερον
3040 4084 3121 4138 ⁵⁸,
3153 4085 3332 4155 Ὅπερ
3385 4086 3445 4137 ἐν
3496 4084 3573 4155 τῷ
3617 4087 3696 4148 εἰς
3752 4085 4065 4157 Καισάριον

2470 4177 2743 4248 ἐπιταφίῳ
2812 4177 3055 4230 δείκνυσι
3132 4176 3511 4247 σαφέστερον,
3581 4176 3780 4229 οὑτωσὶ
3842 4176 4062 4244 λέγων’

2478 4289 2495 4321 ι
2524 4268 2778 4330 Τοιοῦτος
2801 4270 2831 4320 ό
2882 4266 2996 4337 βίος
3024 4265 3201 4336 ἡμῶν,
3230 4265 3472 4336 ἀδελφοὶ,
3505 4265 3612 4319 τῶν
3641 4265 3865 4331 ζώντων
3898 4270 4066 4336 πρόσ-

2472 4380 2677 4433 καιρα’
2728 4358 2937 4415 τοιοῦτο
3003 4358 3065 4412 τὸ
3106 4358 3200 4411 ἐπὶ
3258 4359 3361 4427 γῆς
3410 4357 3704 4426 παίγνιονο
3751 4357 3857 4411 οὐκ
3902 4358 4062 4421 ὄντας

791 4452 943 4504 nium
969 4463 1163 4503 sumus
1185 4446 1411 4500 minime
1439 4443 1768 4507 consistens,
1790 4448 2069 4509 spectrum
2095 4438 2357 4508 quoddam

2474 4452 2750 4523 γενέσθαι,
2800 4452 2896 4505 καὶ
2938 4450 3265 4519 γενομένους
3309 4449 3644 4518 άναλυθῆναι
3671 4465 3688 4482 ’
3723 4450 3863 4521 δναρ
3892 4451 4061 4519 ἐσμὲν

790 4539 942 4609 quod
970 4539 1145 4593 teneri
1176 4553 1286 4592 non
1307 4544 1510 4607 potest,
1542 4535 1660 4589 avis
1679 4532 2064 4603 praetereuntis
2084 4531 2297 4585 volatus
2312 4539 2362 4594 ς,

792 4631 950 4686 navis
984 4631 1038 4685 in
1074 4630 1215 4683 mari
1267 4627 1556 4697 vestigium
1610 4640 1719 4679 non
1764 4624 2022 4679 habens?
2048 4662 2065 4688 ,
2117 4621 2297 4692 pulvis
2314 4628 2362 4684 ',

792 4725 1003 4792 vaport
1038 4737 1131 4775 ros
1157 4720 1526 4782 matutinus“,
1560 4717 1661 4772 nos
1687 4726 1967 4771 momento
2004 4728 2257 4777 nascens,
2310 4720 2369 4767 et

795 4827 1075 4873 momento
1104 4825 1513 4881 marcesccns',
1551 4816 1704 4868 homo
1728 4815 1861 4867 sicut
1881 4813 2059 4882 fenum
2090 4812 2197 4864 dies
2224 4811 2361 4881 ejus,

795 4922 1051 4980 tanquam
1084 4912 1179 4981 [los
1203 4910 1319 4979 agri
1358 4910 1433 4962 sic
1459 4907 1769 4979 eﬁiorebit‘.
1807 4904 2040 4961 Pulchre
2065 4904 2225 4959 divus
2258 4906 2364 4960 Da-

792 5000 885 5054 vid
913 5001 1001 5055 his
1034 5000 1218 5055 verbis
1258 4999 1326 5055 de
1361 5007 1555 5054 nostra
1584 4996 1967 5054 imbecillitate
2007 4995 2365 5070 philosopha-

795 5101 885 5147 tus
916 5100 1019 5145 est.
1058 5112 1075 5142 ι

2471 4548 2570 4615 οὐχ
2611 4543 2922 4614 ἱστάμενον,
2959 4542 3154 4611 φάσμα
3197 4557 3249 4593 τι
3306 4540 3380 4610 μὴ
3436 4539 3828 4611 κρατούμενον,
3860 4541 4062 4609 πτῆσις

2470 4638 2659 4711 ὀρνέου
2711 4635 3125 4705 παρερχομένου
3158 4634 3241 4697 ⁸⁸,
3285 4631 3418 4696 ναῦς
3458 4633 3552 4685 ἐπὶ
3594 4632 3875 4701 θαλάσσης
3914 4634 4059 4702 ἴχνος

2471 4732 2571 4785 οὐκ
2628 4729 2847 4800 ἔχουσα,
2894 4726 3064 4791 κόνις,
3111 4724 3308 4796 ἀτμὶς,
3370 4724 3570 4789 ἑωθινὴ
3624 4724 3839 4795 δρόσος,
3898 4725 4060 4789 ἄνθος

2463 4820 2642 4893 καιρῷ
2692 4820 2960 4889 φυόμενον
3006 4818 3101 4871 καὶ¹
3162 4816 3342 4887 καιρῷ
3391 4816 3676 4886 λυόμενον,
3717 4817 4058 4885 ἄνθρωπος,

2462 4912 2607 4968 ὡσεὶ
2657 4912 2875 4981 κάρτος
2907 4910 2967 4962 ai
3005 4907 3219 4978 ἡμέραι
3248 4906 3471 4971 αὑτοῦ,
3512 4906 3658 4961 ὡσεί
3712 4906 3903 4975 ἄνθος
3953 4908 4059 4963 τοῦ

2462 5004 2687 5075 ἀγροῦ,
2746 5003 2935 5067 οὕτως
2984 5000 3191 5071 (263
3239 4999 3318 5069 ὁ)
3371 4999 3713 5067 ἐξανθήσει,
3789 5000 3977 5065 καλῶς
4032 5003 4058 5054 ὁ

2465 5099 2608 5159 θεῖος
2685 5094 2849 5148 Δαὸὶδ
2906 5093 3034 5163 περ)⁵
3080 5092 3178 5163 τῆς
3241 5092 3529 5156 ἀσθενείας
3589 5092 3749 5163 ἡμῶν
3802 5093 4055 5162 ἐφιλοσόο

2466 5204 2625 5259 φησε.
2656 5184 2768 5255 (72)
2800 5203 2818 5236 ι

2773 5321 2961 5379 uOsee
2997 5338 3129 5389 xm,
3176 5321 3230 5377 3.
3301 5330 3327 5358 ν
3365 5321 3385 5376 l
3426 5321 3573 5377 Petr.
3610 5335 3651 5387 ι,
3671 5321 3764 5377 94.
3851 5330 3877 5358 ι
3910 5320 4048 5377 Psal.

3010 5576 3055 5608 ⁸ο
3085 5574 3275 5630 Manus
3302 5575 3543 5631 secunda
3570 5574 3812 5631 correxit
3843 5588 4050 5647 παρερ-

798 5336 892 5450 ms
1091 5344 1143 5391 ι’,
1190 5328 1274 5382 ll.
1377 5337 1399 5365 ι’
1437 5326 1571 5382 ibid.
1600 5326 1685 5381 lo.
1786 5327 1974 5383 |'Psal.
2012 5343 2050 5393 ι,
2095 5329 2148 5383 4.
2244 5329 2261 5364 ί
2298 5325 2415 5384 Jac.
2457 5344 2531 5392 iv,
2581 5325 2668 5380 f5.

874 5438 887 5461 ’
2101 5481 2339 5538 unus
2373 5484 2775 5541 LECTIONES.

877 5575 923 5673 ’ἶ
954 5570 1227 5641 Rescripsi
1260 5568 1650 5642 ἀνουσιώτερον
1681 5587 1781 5643 pro
1805 5571 2187 5645 ἀνοσιώτερον,
2228 5575 2375 5646 quod
2417 5576 2584 5632 habet
2612 5577 2737 5633 cod.
2767 5575 2909 5632 Gud.

794 5663 1015 5717 χυμένη.

865 5765 975 5835 (72)
1006 5763 1164 5836 Grcg.
1199 5761 1328 5820 Nar.
1361 5758 1453 5817 0r.
1484 5760 1688 5831 [κηρὸν.
1722 5761 1773 5813 in
1818 5760 2107 5828 Ctﬂat‘ttttlt
2139 5775 2256 5831 cap.
2291 5760 2373 5823 lfl,
2416 5776 2467 5832 p.
2498 5760 2601 5815 ‘..‘.l0
2631 5775 2710 5831 sq.
2757 5768 2887 5814 tom.
2924 5759 2941 5814 1
2969 5758 3106 5829 Opp.
3129 5757 3217 5814 ed.
3254 5756 3457 5815 Bcncd.
