4198 6434
180 367 319 433 141⁸1

1413 365 1932 426 AMBIGUORUM
1972 367 2223 428 LIBER.

3303 364 3439 426 1418

247 482 435 538 Ταῦτα
462 483 590 554 περὶ
633 476 709 536 ὧν
756 482 870 543 τοῖς
900 479 1198 542 θειοτάτοις
1227 478 1320 531 τοῦ
1373 479 1611 548 μεγάλου
1645 481 1758 532 Πα-

1934 480 2001 533 lli
2051 488 2184 534 sunt
2237 479 2344 534 loci
2383 481 2439 534 in
2463 481 2646 551 magni
2679 478 2854 534 nostri
2887 477 3067 534 Patris
3111 486 3168 532 et
3200 477 3444 535 doctoris

172 576 306 647 τρδς
379 574 538 644 ήμῶν
612 575 708 628 καὶ
779 572 1103 626 διδασκάλου
1189 571 1493 641 Γρηγορίου
1579 569 1758 636 λόγοις

171 667 494 740 ἠπορήσατε
515 667 610 720 καὶ
631 667 807 718 εἰπεῖν
833 663 1158 720 ἐκελεύσατέ
1190 680 1303 732 μοι,
1325 659 1758 732 μακαριώτατοι,

171 760 319 813 κατά
337 759 436 830 τὴν
461 759 601 829 ἐμὴν
624 757 874 829 δύναμιν.
897 757 989 826 Τῷ
1011 756 1261 828 ὑμετέρῳ
1290 755 1517 825 νεύματι
1539 754 1764 816 δικαίως

171 849 418 904 ὑπείκων
447 849 586 919 ἔφην
615 849 728 918 ἐγὼ
773 850 1190 921 στοχαζόμενος,
1238 847 1354 902 ἀλλ’
1387 848 1487 901 οὐκ
1519 847 1758 916 ἀποφαι-

168 941 418 1012 νόμενος.
450 942 526 993 Οὐ
571 941 681 1012 γὰρ
728 942 1035 1018 ἐφικνεῖται
1076 942 1178 1012 τῆς
1217 939 1460 1012 μεγάλης
1484 939 1578 992 καὶ
1621 938 1762 1008 ὑψη-

167 1031 273 1102 λῆς
303 1032 397 1086 τοῦ
445 1031 710 1103 θεοφόρου
761 1033 1085 1088 διδασκάλου
1133 1032 1372 1096 διανοίας
1421 1034 1449 1085 ὁ
1496 1031 1764 1102 ἡμέτερος

167 1120 319 1187 νοῦς,
353 1121 578 1185 πολλαῖς
608 1121 690 1175 ἔτι
733 1123 873 1176 κατά
911 1121 1130 1194 θέλησιν
1169 1119 1320 1175 ἀκίσι
1353 1121 1542 1174 παθῶν
1575 1119 1764 1190 βαλλὸο

169 1228 355 1281 μενος,
386 1205 463 1266 ὧν
509 1215 618 1276 τοῖς
662 1213 889 1284 μώλωψι
919 1214 1120 1285 μᾶλλον
1155 1213 1334 1284 χαίρει
1387 1211 1762 1281 στιζόμενοςῆ

165 1303 387 1372 χάρισιν
428 1304 640 1374 ἀρετῶν
675 1306 1094 1377 καθαιρόμενος,
1145 1305 1234 1358 διὰ
1276 1305 1376 1375 τὴν
1411 1307 1628 1375 μακρὰν
1666 1306 1760 1356 τοῦ

165 1396 346 1449 κακοῦ
374 1397 663 1468 συνήθειαν
690 1398 804 1463 ἕξιν
832 1397 1012 1452 λαϐὼν
1055 1398 1541 1470 φιλαμαρτήμονα.
1575 1397 1685 1449 Καὶ
1714 1400 1762 1450 εἰ

167 1489 272 1555 μὲν
297 1488 538 1557 φανῶσιν
585 1491 714 1560 ὑμῖν
759 1507 884 1544 τινα
923 1490 1082 1559 λόγον
1124 1491 1270 1561 ἔχειν
1307 1491 1406 1560 τῆς
1453 1488 1762 1552 ὑποθέσεως

163 1580 340 1648 ἄξιον.
391 1583 486 1635 καὶ
531 1582 606 1654 μὴ
638 1584 816 1654 πάντη
852 1588 952 1655 τῆς
996 1583 1253 1654 ἀληθείας
1304 1582 1758 1653 ἀπολειπόμενον,

161 1673 245 1739 τῷ
278 1672 398 1744 Θεῷ
447 1675 626 1746 χάρις,
679 1674 758 1744 τῷ
797 1675 898 1745 τὴν
931 1673 1272 1746 χαμαίζηλον
1315 1673 1428 1743 (ἵνα
1475 1674 1569 1728 καὶ
1604 1673 1761 1725 τοῦτο

167 1764 660 1836 θαυματουργήσῃ)
695 1766 789 1819 καὶ
818 1767 1134 1836 χαμαιπετῆ
1168 1767 1409 1821 διάνοιαν
1439 1765 1756 1834 φωτίσαντι,

163 1855 259 1907 καὶ
279 1855 435 1923 λόγον
469 1855 783 1926 σύμμετρον
835 1859 1210 1928 χαρισαμὲνῳ,
1243 1857 1380 1928 πρὸς
1416 1855 1477 1909 τὸ
1515 1857 1750 1928 χαράξαι

161 1943 264 2012 τὴν
291 1944 634 2015 συμμετρίαν
675 1945 786 1999 τῶν
823 1945 1125 2016 νοηθέντων
1177 1948 1272 2000 καὶ
1303 1947 1431 2016 ὑμῖν
1473 1949 1582 2009 τοῖς
1615 1948 1750 2000 ὑπο-

161 2032 365 2098 τάξασι
403 2035 499 2087 καὶ
525 2038 592 2105 τῇ
617 2035 727 2089 τῶν
767 2035 943 2106 εὐχῶν
998 2034 1222 2107 βοηθείᾳ
1242 2036 1306 2090 τὸ
1329 2038 1438 2090 πᾶν
1469 2036 1748 2108 κατορθὼ-

166 2142 348 2178 σασιν.
384 2147 402 2176 ι
433 2125 494 2178 Ei
520 2126 576 2178 δὲ
605 2126 704 2179 οὐκ
744 2125 920 2196 ὀρθῶς
948 2127 982 2198 ἢ
1012 2126 1216 2190 ἀτελῶς
1245 2127 1340 2180 καὶ
1368 2127 1467 2197 τῆς
1491 2126 1749 2197 ἀληθείας

163 2217 197 2287 ἢ
220 2217 422 2282 ὀλικῶς
444 2219 478 2290 ἢ
502 2217 744 2290 μερικῶς
765 2217 1227 2289 ἀποπεπλάνημαι
1259 2238 1278 2271 ι
1308 2219 1421 2283 (τὸν
1444 2218 1552 2290 γὰρ
1574 2219 1750 2290 μέγαν

165 2313 266 2364 καὶ
296 2311 636 2383 θεοφάντορα
669 2312 773 2365 κάν
819 2311 996 2380 τούτῳ
1025 2327 1108 2364 σοι
1137 2310 1434 2383 προσφέρω
1475 2311 1749 2364 Διονύσιον

165 2402 623 2474 παρακλήτορα),
684 2422 703 2455 σ
733 2402 836 2473 τῆς
898 2402 998 2472 σῆς
1068 2401 1135 2456 ἂν
1191 2403 1279 2471 εἴη
1341 2401 1750 2474 φιλανθρωπίας

166 2492 661 2555 ἐπανορθώσασθαι
713 2495 807 2548 τὸν
852 2494 1126 2558 ἀκουσίως
1153 2493 1472 2562 ἀγνοοῦντα,
1513 2495 1610 2548 καὶ
1651 2512 1750 2564 με-

165 2583 426 2637 ταδοῦναι
471 2585 633 2655 λόγου
663 2585 742 2656 τῷ
803 2585 993 2657 μαθεῖν
1017 2587 1281 2658 δεομένῳ,
1328 2587 1423 2640 καὶ
1470 2585 1749 2656 ἐπαμῦναι

164 2676 246 2747 τῷ
278 2676 357 2748 μὴ
402 2678 651 2750 αὐτάρκη
701 2678 931 2750 δύναμιν
957 2679 1157 2750 ἔχοντι,
1211 2679 1308 2734 καὶ
1357 2680 1612 2733 ίάσασθαι
1657 2680 1750 2733 τὸν

166 2770 270 2822 οὐκ
315 2769 568 2824 ἐθέλοντα
615 2771 942 2844 ἀρρωστεῖν,
988 2771 1102 2843 ('15)
1137 2772 1225 2826 ἵνα
1271 2771 1366 2826 καὶ
1406 2770 1567 2825 τοῦτο
1611 2771 1752 2840 μετά

166 2858 278 2911 τῶν
319 2859 496 2913 ἄλλων
534 2877 626 2914 σου
662 2861 867 2928 καλῶν,
919 2861 1121 2933 μᾶλλον
1151 2863 1210 2916 δὲ
1255 2861 1364 2933 πρὸ
1403 2861 1514 2915 τῶν
1553 2861 1747 2925 ἄλλων,

167 2951 430 3022 ἀνάθημα
478 2953 657 3022 τίμιον
699 2955 794 3006 καὶ
857 2953 1041 3024 πάσης
1092 2953 1284 3019 θυσίας
1327 2953 1752 3025 αίδεσιμώτερον

173 3046 540 3119 ἱερουργήσῃς
601 3047 681 3117 τῷ
725 3045 847 3118 Θεῷ
895 3046 996 3119 τὴν
1059 3045 1509 3116 φιλανθρωπίαν,
1563 3043 1642 3116 τῷ
1693 3047 1752 3099 ἐν

169 3135 391 3207 οὐρα.νῷ
434 3138 528 3192 καὶ
573 3137 670 3192 ἐπὶ
710 3137 816 3209 γῆς
860 3138 1014 3209 παρά
1066 3139 1247 3208 πάσης
1285 3135 1629 3206 δοξαζομένῳ
1652 3135 1752 3204 τῆς
1779 3173 1822 3231 C

1867 570 2116 641 Gregorii
2137 572 2495 626 sermonibus
2516 571 2584 626 de
2609 573 2815 640 quibus
2842 570 3194 641 quaesivistis,
3224 586 3443 640 meque,

1869 663 2200 729 beatissimi,
2238 680 2339 734 pro
2357 665 2503 720 virili
2535 676 2690 734 parte
2722 681 3004 735 exponere
3034 665 3306 720 voluistis.
3336 667 3444 721 \‘o-

1867 753 2068 807 luntati
2100 764 2323 821 vestrae,
2367 766 2428 811 ut
2463 771 2564 827 par
2597 766 2720 821 est,
2759 757 3050 819 obediens,
3075 758 3317 811 disserui
3345 772 3446 826 ego

1867 845 1936 900 de
1962 848 2278 918 conjectura
2309 851 2482 920 magis
2507 850 2950 905 commendando
2971 865 3136 919 quam
3167 849 3446 903 atlirman-

1867 940 1960 994 do.
1987 941 2178 1011 Neque
2197 942 2348 996 enim
2375 942 2713 1012 assequitur,
2741 956 2923 1012 neque
2948 943 3167 1011 attingit
3191 958 3444 1011 magnam

1864 1044 1921 1089 et
1964 1035 2260 1090 sublimem
2283 1036 2456 1090 divini
2503 1036 2755 1090 doctoris
2781 1043 3023 1090 mentem
3053 1046 3242 1089 noster
3275 1037 3443 1090 intel-

1865 1128 2064 1194 lectus,
2117 1129 2214 1197 qui
2259 1129 2593 1184 voluntariis
2643 1130 2829 1184 adhuc
2875 1128 3175 1184 aﬂ‘ectuum
3237 1127 3445 1183 aculeis

1865 1221 2186 1288 pungimur,
2215 1235 2454 1288 quorum
2488 1221 2817 1276 uulneribus
2835 1221 2932 1290 qui
2964 1220 3248 1277 sauciatur
3272 1220 3446 1289 magis

1864 1312 2068 1381 gaudet
2094 1328 2260 1382 quam
2303 1313 2399 1381 qui
2434 1314 2704 1367 virtutum
2743 1314 2934 1383 gratiis
2976 1321 3264 1381 purgatur,
3293 1321 3446 1380 post-

1863 1418 2027 1472 quam
2074 1404 2146 1456 ob
2201 1405 2429 1458 multam
2493 1403 2621 1456 mali
2669 1403 3152 1476 consuetudinem,
3193 1399 3442 1454 habitum

1863 1497 2165 1564 assumpsit
2194 1495 2248 1549 in
2292 1506 2579 1565 peccatum
2622 1495 2944 1565 proclivem.
2985 1493 3164 1561 Atque
3189 1493 3235 1545 si
3276 1507 3443 1559 argu-

1862 1593 2052 1640 mento
2101 1601 2202 1640 suo
2232 1587 2441 1656 aliquid
2472 1587 2701 1657 dignum
2743 1584 2946 1637 habere
2998 1583 3081 1635 hae
3105 1581 3442 1661 qumstipnes

1860 1677 2021 1731 vobis
2054 1677 2414 1740 videbuntur,
2446 1688 2504 1732 et.
2536 1677 2685 1746 quod
2727 1691 2837 1730 non
2873 1687 3102 1742 prorsus
3140 1688 3170 1726 a
3207 1672 3439 1724 veritate

1863 1769 2104 1824 alienum
2135 1770 2227 1834 sit,
2260 1771 2374 1826 Deo
2401 1770 2473 1823 sit
2501 1767 2699 1838 gratia.
2727 1766 2823 1836 qui
2867 1765 3130 1818 humilem
3162 1763 3241 1832 (ut
3269 1763 3438 1817 etiam

1862 1861 1966 1914 hoc
1989 1861 2183 1916 ederet
2220 1859 2574 1929 miraculum)
2611 1868 2666 1913 et
2712 1858 2983 1928 abjectam
3022 1862 3262 1910 mentem
3307 1851 3440 1905 illu-

1859 1947 2089 2001 minavit
2114 1959 2170 2004 et
2214 1956 2402 2018 aptum
2451 1949 2720 2003 orationis
2749 1946 3035 2000 modulum
3078 1959 3178 2013 per
3205 1943 3438 2012 gratiam

1857 2050 2013 2090 suam
2039 2036 2436 2106 suppeditavit,
2466 2047 2526 2091 ut
2552 2036 2701 2106 quod
2727 2034 2984 2104 cogitatis
3017 2038 3350 2101 congrueret
3380 2035 3440 2083 et

1857 2138 2294 2182 consentaneum
2325 2137 2474 2182 esset
2517 2126 2717 2182 litteris
2770 2125 3161 2179 mandaremus
3223 2122 3279 2176 in
3340 2138 3438 2176 ve-

1856 2228 2031 2273 strum
2068 2234 2288 2288 quoque
2321 2218 2674 2273 commodum
2703 2215 2795 2285 qni
2851 2214 3168 2268 mandatum
3204 2211 3438 2266 dedistis

1855 2317 1912 2362 et
1930 2309 2311 2378 prccationum
2335 2318 2643 2362 vestrarum
2669 2306 2877 2361 auxilio
2897 2315 3074 2359 totum
3097 2317 3238 2372 opus
3252 2301 3438 2371 auspi-

1856 2405 2043 2460 castis.
2080 2425 2098 2457 ι
2129 2405 2200 2458 At
2218 2404 2385 2459 etiam
2413 2403 2457 2458 si
2487 2417 2657 2471 prave
2675 2411 2733 2454 et
2761 2399 2881 2453 sine
2903 2399 3089 2452 fructu
3119 2412 3151 2450 a
3181 2395 3434 2459 veritate,

1857 2499 1972 2553 sive
2009 2497 2241 2552 omnino
2262 2497 2379 2551 sive
2399 2510 2466 2549 cx
2492 2505 2671 2565 parte,
2706 2489 3079 2548 aberravcrim
3105 2508 3123 2540 ι
3152 2489 3434 2556 (magnum

1855 2593 2004 2646 enim
2049 2591 2369 2647 etdivinum
2414 2589 2470 2643 in
2498 2589 2603 2644 hac
2627 2601 2848 2657 quoque
2890 2599 3056 2640 causa
3096 2582 3196 2636 tibi
3226 2580 3432 2650 Diony-

1857 2686 1999 2739 sium
2031 2682 2252 2753 profero
2283 2680 2735 2750 consolatorem),
2767 2699 2785 2730 ι
2829 2689 2936 2733 tute
2961 2675 3053 2740 sit,
3086 2689 3306 2744 precor,
3327 2673 3434 2726 hu-

1858 2775 2142 2830 inanitatis
2173 2774 2454 2845 corrigere
2479 2788 2606 2827 eum
2634 2773 2728 2842 qui
2765 2771 2972 2825 invitus
2993 2784 3096 2823 nec
3119 2774 3316 2836 sponte
3337 2781 3437 2820 sua

1861 2867 1914 2920 in
1955 2866 2268 2936 ignorantia
2302 2873 2580 2928 versatur,
2604 2871 2661 2917 et
2691 2862 2759 2917 de
2788 2869 2973 2916 vestro
3007 2859 3283 2913 instruere
3308 2870 3438 2908 eum

1859 2959 1952 3028 qui
2003 2958 2204 3012 instrui
2242 2965 2298 3012 et
2345 2965 2501 3026 optat
2545 2964 2604 3008 et
2640 2961 2922 3024 precatur,
2965 2962 3130 3019 atque
3178 2945 3439 3018 praesidio

1859 3065 1981 3105 esse
2011 3049 2063 3104 ei
2086 3049 2175 3104 cui
2216 3063 2325 3102 non
2364 3055 2450 3101 sat
2481 3045 2694 3100 virium
2740 3052 2847 3106 est,
2885 3049 2944 3096 et
2973 3039 3308 3095 medicinam
3357 3036 3439 3090 af-

1859 3133 2008 3188 ferre
2042 3134 2092 3187 ei
2116 3132 2212 3202 qui
2237 3137 2505 3202 aegrotare
2534 3144 2646 3182 non
2673 3127 2814 3190 vult,
2845 3145 2863 3177 ι
2894 3134 2956 3179 ιιι
2982 3124 3149 3178 etiam
3182 3123 3290 3175 hoc
3311 3133 3438 3172 cum

171 3228 426 3293 κτίσεως,
474 3231 568 3283 καὶ
619 3230 792 3301 μόνην
837 3228 1158 3284 ἀπαιτοῦντι
1198 3228 1330 3302 παρ’
1359 3227 1518 3299 ἡμῶν
1561 3226 1752 3280 θυσίαν

1861 3227 2112 3296 reliquis,
2136 3224 2224 3278 vel
2246 3223 2431 3294 potius
2461 3235 2573 3290 pne
2595 3219 2844 3289 reliquis,
2869 3215 3162 3270 donarium
3195 3212 3439 3266 hortoru-

171 3321 269 3392 τὴν
299 3323 380 3386 είς
404 3321 666 3393 ἀλλήλους
704 3321 1136 3392 φιλανθρωπίαν.

1869 3320 2001 3383 bile,
2032 3315 2295 3384 omnique
2325 3310 2600 3366 sacriﬁcio
2620 3307 3014 3371 venerabilius,
3041 3306 3154 3360 Deo
3184 3299 3438 3357 humani-

175 3423 346 3468 tatem
392 3413 810 3478 sacriﬁcaveris,
855 3415 951 3485 qui
998 3414 1057 3469 in
1090 3413 1232 3469 ctelo
1279 3419 1337 3467 et
1386 3428 1443 3466 in
1484 3421 1633 3467 terra
1680 3412 1750 3468 ab
1785 3412 1935 3470 omni
2002 3419 2256 3466 creatura
2301 3406 2652 3478 praedicatur,
2719 3402 2924 3474 quique
2961 3400 3141 3456 solum
3193 3414 3224 3452 a
3272 3397 3435 3452 nobis

172 3509 420 3580 postulat
443 3506 776 3563 sacriﬁcium
808 3506 1209 3561 humanitatem
1233 3520 1363 3576 erga
1383 3503 1542 3558 alios.

237 3657 354 3726 (73)
410 3658 631 3730 Dionys.
681 3657 950 3728 Areopag.
986 3655 1062 3709 De
1085 3655 1246 3710 divin.
1279 3653 1541 3709 nominib.
1577 3667 1698 3722 cap.
1735 3650 1758 3703 l

1861 3663 1902 3716 ρ.
1940 3645 2066 3710 554,
2101 3652 2238 3698 tom.
2274 3644 2316 3698 l.
2342 3642 2481 3714 Opp.
2513 3641 2579 3696 cd
2613 3642 2803 3696 Venet.

1617 3880 2045 3895 h—

176 4073 238 4134 S.
281 4069 533 4134 Maximi
584 4069 834 4134 Scholia
881 4070 948 4132 in
993 4071 1062 4131 B.
1116 4069 1480 4149 Dionysium
1522 4067 1958 4148 Areopagitam
2015 4069 2264 4128 exstant
2307 4064 2472 4124 inter
2521 4077 2717 4141 Opera
2762 4059 2964 4139 ipsius
3013 4058 3403 4138 AreOpagitm
3431 4105 3445 4130 ,

253 4175 521 4256 hujusce
562 4177 934 4255 Patrologim
982 4183 1138 4237 tom.
1172 4175 1281 4249 1V;
1323 4173 1458 4253 ejus
1496 4189 1646 4235 vero
1695 4174 2069 4252 Computum
2123 4168 2614 4234 ecclesiasticum
2658 4165 2949 4230 dedimus
2984 4163 3148 4228 inter
3185 4161 3446 4242 supple-

255 4283 471 4341 menta
499 4277 580 4340 ad
609 4277 866 4341 Eusebii
909 4276 1287 4350 Chronicon,
1332 4281 1485 4336 tom.
1521 4273 1690 4348 XIX,
1725 4272 1845 4334 col.
1887 4271 2059 4334 1217.

812 4705 907 4796 S.
983 4701 1435 4796 MAXIM!
1511 4687 2309 4824 CQNFESSORIS
2377 4697 2827 4788 HYMNI.

1168 4919 1412 4988 (DANIEL,
1441 4921 1695 4976 Thesaur.
1728 4917 2053 4991 nymnolog.,
2088 4919 2179 4987 Ill,
2213 4917 2280 4978 97
2311 4919 2492 4990 seqq.)

179 5223 412 5297 "amor
444 5214 937 5297 _8I’JZPPW"19‘°.¢
1007 5213 1247 5297 "11'9""?
1283 5213 1581 5297 θναίῗίπαὶη
1599 5212 1764 5297 ⁸9³ίοῖ

252 5281 358 5347 ἆται
390 5281 407 5288 ’
438 5281 733 5358 ικεὲἱῆριος
788 5281 939 5354 πρὸς
1062 5281 1163 5338 ’πίε
1193 5291 1242 5338 et
1272 5281 1669 5353 supplicationis
1694 5282 1764 5335 ad

254 5363 425 5418 Θεόν.
1090 5353 1276 5412 Deum.

181 5499 403 5572 Λειμών
449 5517 515 5572 με
559 5496 780 5568 τλήμον’
814 5496 941 5566 ἔσχε
1011 5492 1153 5548 Olim
1186 5505 1275 5546 me
1307 5495 1529 5546 beatum
1566 5487 1767 5630 cingi;

1393 5628 1758 5685 incundarum

1424 5701 1756 5772 plantarum,

183 5637 375 5709 nam,
406 5637 586 5707 φυτῶν
615 5635 875 5704 ἀρίστων,
1012 5631 1308 5689 Paradisus

505 5825 776 5886 PH‘BOL.
824 5822 942 5885 Gn.
998 5820 1162 5884 XCI.

1786 5428 1792 5434 ’
1861 5422 1981 5485 Φῶς
2009 5422 2155 5476 τοῦτ’
2195 5422 2306 5490 ἐγὼ
2345 5422 2613 5490 κατεῖδον,

2685 5211 2828 5278 Quin
2879 5210 2976 5265 Dei
3006 5209 3206 5265 summi

2686 5281 3046 5336 lnenarrabili
3094 5280 3442 5350 providentia

2688 5352 3000 5420 Amoreqne
3031 5352 3148 5419 pari

2688 5421 2901 5478 Lumen
2959 5423 3107 5497 istud
3142 5423 3440 5497 egohvide-

3263 5491 3280 5564 [
3291 5493 3437 5557 bam,

2689 5562 2888 5617 Factus
2912 5579 2978 5618 ex
3011 5563 3144 5618 limo
3173 5562 3334 5616 terra“:

2688 5633 3014 5703 [labensque
3037 5642 3301 5704 praeterea
3329 5631 3442 5701 spi-

3215 5702 3435 5774 imum,

1860 5209 1936 5283 'll
1945 5229 2042 5283 μος
2075 5211 2212 5266 Θεοῦ
2250 5212 2506 5283 μεγίστου

1874 5281 1998 5355 Ἐπ’
2029 5281 2294 5355 eaeam
2327 5283 2556 5355 προνοίη

1866 5352 2155 5438 ἒιξρωτίίτί
2186 5352 2445 5438 ί.σο“μοίρῳ

1864 5492 2134 5557 Πλασθεὶς
2161 5495 2282 5563 χοὸς
2308 5494 2507 5564 γεηροῦ

1859 5631 1970 5686 Καὶ
2018 5631 2234 5704 πνεῦμα
2291 5632 2615 5775 προσλαῗών

2532 5721 2611 5769 τε,

2532 5721 2611 5769 τε,

2986 5821 3063 5881 1ιὸ
