4198 6434
223 397 247 462 1
257 399 364 464 429

1629 403 2011 464 CENTURIA
2054 405 2102 465 Ι.

3326 405 3348 469 1
3360 405 3460 470 130

289 511 358 566 0'.
400 509 649 581 Κρὺπτει
671 509 759 564 τὸν
790 509 983 580 φθόνον
1015 511 1072 565 ἐν
1108 511 1348 583 σχήματι
1373 511 1603 577 εὐνοίας,
1639 515 1667 566 ὁ
1693 513 1788 579 ψό-

1962 513 2015 568 9.
2061 512 2175 566 Sub
2221 512 2618 568 benevolentiae
2661 513 2850 567 habitu
2913 513 3140 567 livorem
3197 522 3460 583 occultat,

213 620 318 674 γον
341 603 418 675 τῷ
439 604 655 674 ἀδελφῷ
676 604 734 669 ἐξ
766 602 1017 676 ἑτέρω[ν]
1044 604 1382 674 προσφέρων.

294 703 346 750 ι’.
389 695 603 766 Ὠσπερ
635 696 688 748 αἱ
723 697 984 765 σαρκικαὶ
1011 696 1205 764 ἀρεταὶ
1230 695 1328 766 τὴν
1356 694 1462 749 τῶν
1492 693 1793 764 ἀνθρώπιον

214 787 402 853 δόξαν,
437 786 581 839 οὑτω
606 787 703 840 καὶ
739 787 794 839 al
829 786 1205 857 πνευματικαὶ
1237 786 1336 855 τὴν
1366 784 1460 838 τοῦ
1497 784 1633 838 Θεοῦ
1667 786 1790 837 ἐπι-

219 878 494 932 σπῶνται.

297 975 388 1023 ια’.
441 969 657 1038 Ἀγάπη
697 968 792 1022 καὶ
853 967 1152 1036 ἐγκράτεια
1211 966 1390 1037 ψυχὴν
1442 967 1791 1039 καθαίρουσι·

219 1063 350 1118 νοῦν
376 1064 434 1117 δὲ
456 1061 764 1133 λαμπρύνει
792 1061 1068 1132 προσευχὴ
1104 1058 1338 1130 καθαρά.

303 1155 390 1226 ιβ’.
430 1153 664 1217 Δυνατὺς
709 1151 848 1223 ἀνὴρ
879 1152 1086 1214 ἐκεῖνος
1131 1152 1394 1223 ὑπάρχει,
1424 1153 1453 1205 ό
1479 1148 1676 1222 πράξει
1702 1152 1797 1203 καὶ

218 1247 426 1316 γνώσει
447 1248 546 1316 την
571 1246 773 1298 κακίαν
803 1244 1144 1301 ἀπελαύνων.

301 1347 389 1408 ιγ’.
429 1334 568 1408 Εὗρε
605 1338 765 1409 χάριν
794 1331 952 1402 οὗτος
999 1337 1150 1408 παρά
1191 1335 1268 1407 τῷ
1300 1337 1438 1406 θεῷ,
1473 1339 1500 1391 ό
1528 1340 1796 1395 ἀπάθειαν

220 1432 570 1504 κτησάμενος
604 1431 697 1486 καὶ
717 1430 917 1499 γνῶσιν
942 1431 1336 1501 πνευματικήν.

302 1524 384 1577 ιδ’.
427 1523 717 1594 Λογισμῶν
762 1524 1030 1593 ὲμπαθῶν
1083 1526 1133 1578 εί
1181 1527 1564 1598 περιγενέσθαι
1615 1526 1795 1599 θέλῃς,

224 1615 558 1686 ἐγκράτειαν
582 1615 802 1686 κτῆσαι,
828 1616 922 1670 καὶ
943 1617 1163 1689 ἀγάπην
1197 1619 1332 1688 πρὸς
1359 1621 1484 1682 τοὺς
1514 1620 1758 1689 πλησίον.

305 1712 388 1760 ιε’.
429 1704 669 1772 Φύλαξον
723 1706 917 1759 σαυτὸν
963 1707 1072 1760 ἀπὸ
1126 1709 1396 1780 ἀκρασίας
1441 1711 1538 1764 καὶ
1582 1709 1792 1779 μίσους,

225 1795 326 1848 καὶ
358 1794 431 1865 μὴ
465 1793 634 1866 εὕρῃς
662 1794 998 1866 πρόσκομμα
1028 1795 1086 1848 ἐν
1121 1796 1300 1867 καιρῷ
1334 1796 1646 1867 προσευχῆς
1679 1814 1795 1852 σου.

1892 605 1985 674 qui
2035 604 2256 659 fratrem
2279 605 2432 674 quasi
2461 619 2528 657 ex
2576 604 2756 658 alieno
2785 620 2879 659 ore
2925 606 3191 660 conviciis
3217 606 3457 661 lacessit.

1967 697 2054 749 10.
2091 696 2159 750 llt
2197 697 2442 750 carnales
2469 697 2703 750 virtutes
2736 700 3051 762 humanam,
3099 698 3172 752 ita
3204 707 3261 752 ct
3288 697 3452 767 spiri-

1893 790 2068 843 tualcs
2112 789 2206 842 Dei
2256 788 2484 858 gloriam
2532 787 2849 842 conciliant.

1964 983 2074 1034 11.“
2101 980 2356 1034 Charitas
2389 987 2446 1033 et.
2477 980 2816 1034 continentia
2865 979 3103 1033 animam
3149 979 3466 1047 puriﬁcant,

1895 1082 2132 1126 mentem
2155 1087 2285 1125 vero
2311 1086 2462 1140 purae
2489 1086 2681 1138 preces
2712 1072 3012 1124 illustrant.

1967 1165 2050 1218 12.
2097 1165 2233 1217 Vere
2266 1172 2462 1232 potens
2493 1162 2576 1216 vir
2602 1171 2706 1222 est.
2739 1164 2912 1232 quiet
2938 1177 3108 1231 opere
3145 1170 3203 1218 et
3233 1161 3464 1217 scientia

1895 1255 2160 1309 malitiam
2207 1263 2474 1309 removet.

1968 1345 2053 1398 l3.
2069 1345 2313 1414 Magnam
2338 1345 2480 1414 apud
2504 1345 2672 1397 Deum
2695 1342 2925 1412 gratiam
2951 1342 3181 1402 invenit,
3205 1342 3297 1411 qui
3321 1341 3473 1396 seda-

1897 1438 1966 1490 tis
1995 1437 2284 1491 all'ectibus
2308 1436 2676 1505 cognitionem
2707 1433 3079 1504 spiritualium
3105 1435 3340 1501 adeptus
3367 1441 3469 1487 cst.

1970 1529 2055 1582 1-1.
2101 1528 2157 1582 Si
2197 1528 2558 1596 cogitationes
2584 1527 2770 1581 animo
2808 1526 3036 1580 infestas
3075 1527 3267 1579 deesse
3295 1525 3472 1595 cupis,

1898 1617 2056 1672 stude
2092 1618 2445 1671 continentia:
2470 1633 2534 1670 ac
2563 1616 2818 1670 charitati
2849 1617 2902 1669 in
2929 1616 3263 1685 proximum.

1972 1709 2058 1765 15.
2088 1709 2159 1762 Ut
2192 1708 2247 1760 in
2281 1719 2527 1776 tempore
2555 1723 2784 1776 precum
2814 1716 3032 1761 tuarutn
3067 1716 3267 1761 cuncta
3299 1705 3476 1759 faces-

1901 1805 2022 1852 sant
2055 1796 2407 1860 ollendicula,
2441 1811 2571 1850 cave
2600 1795 2668 1850 ab
2701 1796 3123 1864 intemperantia
3149 1804 3204 1849 et
3231 1793 3384 1846 odio.

304 1856 401 1952 ιςέι.
419 1856 654 1956 ’Ὥᾶτὲὲρ
691 1856 792 1940 οὐκ
818 1856 964 1940 ἔστιν
996 1886 1178 1959 εὑρεῖν
1203 1856 1800 1960 ένυβορϐόρῳϋάρώμα-

1974 1889 2059 1941 16.
2112 1888 2180 1943 Ut
2219 1887 2273 1941 in
2334 1902 2492 1941 cceno
2525 1896 2770 1940 aromata
2812 1901 2920 1939 non
2972 1887 3353 1948 inveniuntur,
3405 1884 3478 1937 ita

221 1996 318 2044 τα,
353 1977 526 2040 οὕτως
550 1978 658 2032 οὐδ’
678 1979 736 2032 ὲν
757 1980 903 2050 ψυχῇ
929 1980 1273 2050 μνησικάκου
1302 1981 1522 2052 ἀγάπης
1546 1981 1797 2035 εὐωδίαν.

304 2160 390 2225 ιζ’.
431 2160 642 2231 Κράτει
683 2159 947 2230 γενναίως
983 2158 1157 2230 θυμοῦ
1202 2161 1296 2214 καὶ
1348 2162 1666 2233 ἐπιθυμίας,
1713 2165 1804 2216 καὶ

230 2251 489 2323 πονηρῶν
517 2250 796 2323 λογισμῶν
818 2251 1050 2322 τάχιστα
1075 2252 1417 2323 ἀπαλλάττῃ.

303 2436 396 2498 ιη’.
452 2428 690 2499 ’Δναιρεῖ
733 2425 1039 2490 κενοδοξίαν
1070 2428 1104 2493 ἡ
1130 2429 1346 2498 κρυπτὴ
1409 2428 1667 2499 ἐργασία,
1705 2428 1804 2482 ἀπ-

229 2519 445 2575 ελαύνει
481 2521 537 2573 δὲ
570 2518 947 2592 ὑπερηφανίαν
967 2520 1028 2572 τδ
1060 2518 1263 2591 μηδένα
1290 2519 1608 2584 ὲξουθενεῖν.

307 2610 396 2664 ιϐ’.
441 2611 603 2664 Ἴδιον
651 2608 957 2674 κενοῖοξίας
1000 2609 1288 2678 ὑπόκρισις
1322 2612 1417 2664 καὶ
1455 2610 1680 2680 ψεῦδος·
1711 2612 1807 2681 τῆς

229 2699 289 2753 δὲ
312 2699 709 2769 ὑπερηφανίας,
733 2701 766 2770 ἡ
797 2700 973 2770 οῖησις
1007 2700 1105 2754 καὶ
1133 2698 1344 2768 φθόνος.

310 2800 379 2846 κ’.
423 2793 640 2864 ’Ἄρχων
680 2792 889 2856 ἐκεῖνος
936 2793 966 2844 ό
1011 2791 1203 2846 ἑαυτοῦ
1257 2791 1451 2863 ἄρξας,
1503 2792 1599 2846 καὶ
1629 2792 1809 2864 ψυχὴν

240 2883 335 2937 καὶ
373 2883 534 2954 σῶμα
559 2883 636 2954 τῷ
661 2883 806 2955 λόγῳ
826 2883 1125 2948 ὑποτάξας.

310 2977 416 3031 κα’.
478 2978 775 3048 Γνηδώτης
834 2978 989 3048 φίλου
1048 2980 1106 3033 ἐν
1164 2980 1457 3051 πειρασμῷ
1515 2979 1808 3045 δείκνυται,

238 3071 401 3142 ἡνίκα
425 3071 525 3140 τῆς
550 3069 796 3140 ἀνάγκης
821 3071 1187 3139 συγκοινωνὸς
1215 3073 1458 3141 γένηται.

313 3163 419 3231 κβ’.
473 3161 794 3231 Ἀσφάλισαι
850 3163 950 3225 τάς
999 3163 1284 3233 αἰσθήσεις
1333 3161 1410 3233 τῷ
1481 3163 1668 3233 τρόπῳ
1711 3162 1812 3230 τῆς
1842 3198 1882 3255 C

238 3254 492 3325 ἡσυχίας,
528 3255 625 3309 καὶ
664 3254 888 3309 δίκασον
913 3253 1040 3318 τοὺς
1083 3252 1378 3324 λογισμοὺς
1407 3251 1721 3322 ἐφεστῶτας
1748 3255 1812 3322 τῇ

241 3347 462 3419 καρδίᾳ.
1775 3339 1778 3341 ’

314 3443 419 3505 κγ’.
463 3436 604 3508 Πρὸς
656 3436 782 3498 τοὺς
816 3434 1095 3506 λυπηροὺς
1146 3433 1462 3502 λογισμοὺς,
1508 3429 1819 3501 ἀμνησικά-

242 3549 356 3595 κως
412 3530 658 3585 ἀπάντα·
707 3528 845 3602 πρὸς
891 3528 946 3582 δὲ
1011 3528 1138 3590 τοὺς
1178 3524 1492 3595 φιληδόνους
1533 3518 1819 3593 ἐχθρωδῶς

239 3623 504 3679 διάκεισα

316 3711 418 3766 κδ’.
471 3709 702 3781 Ἡσυχία
747 3709 841 3763 καὶ
879 3705 1175 3778 προσευχὴ,
1210 3705 1306 3758 καὶ
1350 3704 1562 3774 ἀγάπη,
1595 3704 1691 3756 καὶ
1723 3705 1820 3770 ὲγ-

242 3801 476 3873 κράτεια
503 3797 872 3870 τετράπλοκόν
904 3799 1051 3850 ἐστιν
1093 3795 1266 3866 ἅρμα,
1320 3795 1398 3856 είς
1445 3788 1704 3862 οὐρανοὺς
1732 3791 1818 3842 ἀν-

241 3894 379 3962 άγον
400 3892 488 3946 τὸν
508 3889 652 3945 νοῦν.

319 3984 416 4038 κε’.
458 3984 633 4055 Τῆξον
670 3983 771 4054 τὴν
818 3982 995 4052 σάρκα
1035 3997 1130 4033 σου
1179 3978 1365 4048 ἀσιτίᾳ
1394 3977 1488 4030 καὶ
1522 3973 1817 4043 ἀγρυπνίᾳ,

245 4079 346 4133 καὶ
377 4077 703 4141 ἀπελαύνεις
733 4077 823 4130 τὸν
844 4077 1038 4145 δήμιον
1071 4073 1173 4142 τῆς
1201 4071 1395 4142 ἡδονῆς
1423 4066 1710 4136 λογισμοῦ.

320 4170 573 4242 κς’.,Ὧ;
607 4171 833 4237 τήκεται
873 4167 1043 4237 κηρὸς
1106 4165 1214 4218 ἀπὸ
1285 4161 1577 4232 προσώπου
1629 4156 1821 4226 πυρὸς,

246 4263 419 4325 οὕτως
449 4261 556 4316 ἀπὸ
582 4260 747 4329 φόϐου
771 4257 906 4312 θεοῦ
938 4257 1244 4328 ἀκάθαρτος
1275 4255 1550 4323 λογισμός.

324 4351 426 4415 κζ’.
469 4350 627 4421 Κακὴ
662 4348 835 4420 ζημία
873 4347 1053 4419 ψυχῆς
1090 4348 1317 4418 συνετῆς
1365 4346 1678 4418 ἐγχρονίσαι
1722 4346 1825 4398 πά-

253 4443 338 4497 θει
361 4443 565 4514 ψεκτῷ.

322 4615 432 4688 κη’.
481 4615 808 4686 Ὑπόμεινον
840 4613 939 4676 τὰς
967 4611 1074 4666 τῶν
1109 4611 1370 4680 λυπηρῶν
1410 4614 1502 4665 καὶ
1545 4613 1822 4684 ὀδυνηρῶν

253 4707 577 4776 ἐπαγωγάςο
609 4706 697 4760 διά
723 4705 832 4775 γάρ
857 4702 1060 4758 τούτων
1091 4721 1151 4757 σε
1185 4702 1438 4775 καθαίρει
1478 4706 1510 4774 ἡ
1554 4705 1648 4758 τοῦ
1684 4705 1820 4757 Θεοῦ

255 4800 484 4873 πρόνοια
495 4839 508 4852 .

326 4891 430 4948 κθ’.
481 4891 673 4960 Ῥίψας
715 4889 812 4960 τὴν
839 4889 974 4962 ὓλην
1009 4890 1103 4943 καὶ
1140 4890 1220 4961 τῷ
1246 4890 1437 4959 κόσμῳ
1469 4887 1825 4958 ἀποταξάμε-

256 5005 374 5052 νοςο
404 4983 673 5050 ἀπόταξαι
699 4985 885 5038 λοιπὸν
909 4986 1003 5037 καὶ
1029 4986 1142 5048 τοῖς
1170 4985 1428 5055 πονηροῖς
1453 4984 1752 5054 λογισμοῖς.

327 5167 392 5223 λ’.
439 5166 600 5220 ’Ίδιον
641 5163 803 5236 ἔργον
843 5163 1080 5235 ὑπάρχει
1115 5162 1209 5216 τοῦ
1243 5161 1356 5229 νοῦ,
1384 5161 1444 5214 τὸ
1479 5160 1662 5226 λόγοις
1693 5161 1828 5214 Θεοῦ

260 5259 546 5332 σχολάζειν
570 5257 678 5314 ἀεί.

331 5351 434 5404 λα’.
481 5349 690 5419 Ὥσπερ
742 5346 900 5418 ἔργον
945 5346 1081 5400 Θεοῦ
1121 5346 1398 5415 διοικῆσαι
1453 5347 1543 5400 τὸν
1605 5346 1830 5417 κόσμον,

259 5443 405 5498 οὕτω
434 5442 528 5496 καὶ⁵
555 5440 731 5511 ψυχῆς
754 5440 1021 5511 κυϐερνᾷν
1046 5439 1105 5493 τὸ
1133 5438 1311 5509 σῶμα.

337 5531 439 5602 λβ’.
482 5532 621 5602 Ποίᾳ
669 5530 844 5584 ἐλπίδι
873 5530 950 5600 τῷ
992 5529 1216 5599 Χριστῷ
1256 5530 1667 5599 ἀπαντήσομεν,
1717 5532 1838 5594 ταῖς

265 5623 365 5693 τῆς
399 5621 596 5694 σαρκὸς
623 5623 837 5692 ἡδοναῖς
875 5623 1037 5694 μέχρι
1073 5621 1167 5676 τοῦ
1197 5620 1289 5675 νῦν
1311 5619 1648 5684 δουλεύοντες
1675 5638 1688 5684 ,

339 5815 360 5837 ⁸
391 5804 535 5863 Psal.
573 5821 734 5870 uvtt,
767 5803 821 5859 3.

1903 1995 2084 2050 neque
2126 1979 2413 2034 charitatis
2444 1979 2820 2032 suaveolentia
2849 1979 2904 2032 in
2932 1979 3115 2032 anima
3151 1977 3475 2047 injuriarun

1903 2072 2155 2126 memori.

1976 2165 2061 2217 17.
2110 2161 2411 2216 lracundiae
2458 2168 2515 2214 et
2562 2162 3023 2231 concupiscentia:
3068 2176 3332 2230 generose
3382 2160 3484 2213 im-

1904 2271 2058 2326 pera,
2110 2262 2166 2308 et
2227 2253 2556 2323 quantocius
2611 2269 2640 2308 a
2686 2253 2844 2309 malis
2890 2254 3318 2323 cogitationibus
3370 2251 3483 2306 eris

1904 2344 2138 2398 ahenus.

1979 2433 2063 2486 18.
2103 2433 2323 2487 lnanem
2365 2431 2594 2501 gloriam
2638 2431 2908 2496 abolebis,
2943 2447 3110 2501 opera
3149 2432 3365 2486 occulte
3405 2430 3482 2484 fa-

1906 2523 2144 2588 ciendo;
2188 2523 2503 2593 superbiam
2541 2538 2703 2587 vero,
2753 2525 3030 2578 neminem
3056 2521 3482 2576 contemnendo.

1980 2617 2065 2672 19.
2095 2617 2277 2671 Inanis
2309 2615 2496 2686 gloria:
2529 2616 2760 2672 comites
2791 2625 2923 2671 sunt
2945 2617 3224 2671 simulatio
3253 2624 3309 2670 et
3334 2631 3486 2670 men-

1907 2707 2156 2773 dacium;
2185 2706 2462 2777 superbiae
2492 2715 2699 2772 autem,
2740 2709 2985 2778 suspicio
3008 2716 3063 2762 et
3097 2707 3321 2761 invidia.

1977 2797 2068 2851 20.
2101 2798 2406 2866 imperator
2442 2799 2754 2854 censendus
2781 2807 2888 2862 est,
2931 2799 3027 2868 qui
3071 2799 3251 2853 anima
3279 2806 3336 2854 et
3364 2813 3486 2854 cor-

1911 2904 2045 2958 pore
2088 2889 2290 2944 rationi
2330 2891 2614 2961 subjectis,
2647 2906 2706 2946 se
2739 2892 2918 2961 ipsum
2947 2892 3170 2946 rexerit.

1985 2980 2075 3034 21.
2127 2980 2428 3037 Sinceritas
2482 2983 2644 3036 amici
2691 2984 2746 3038 in
2796 2984 3098 3039 tentatione
3154 2983 3487 3047 ostenditur,

1915 3071 2137 3139 quando
2173 3072 2386 3126 scilicet
2422 3073 2478 3126 in
2512 3076 2841 3129 necessitate
2870 3075 3263 3129 communicat.

1987 3163 2073 3216 22.
2108 3161 2314 3216 Sensus
2338 3165 2512 3228 muni,
2543 3173 2599 3218 et
2620 3165 2790 3233 quieti
2823 3167 3176 3230 assueracito,
3207 3166 3490 3236 cogitatio-

1919 3267 2015 3305 nes
2053 3266 2183 3306 vero
2220 3251 2274 3304 in
2306 3262 2531 3321 pectore
2567 3266 2850 3310 versantes
2876 3255 3134 3326 justilica.

1988 3424 2076 3478 ‘25.
2112 3423 2572 3493 Cogitationibtts,
2618 3427 2664 3480 si
2711 3427 2990 3481 tristitiam
3029 3425 3229 3491 ferant,
3277 3425 3490 3496 placide

1920 3527 1975 3571 et
2032 3517 2239 3586 absque
2291 3518 2644 3573 acerbatione
2704 3519 3103 3582 occurras;sitt
3166 3518 3490 3586 voluptaria:

1921 3609 2126 3664 fuerint
2155 3619 2209 3664 et
2238 3610 2591 3672 illecebrosaz,
2636 3609 2914 3665 hostiliter
2941 3625 3071 3679 erga
3105 3623 3198 3664 cas
3231 3610 3491 3664 alliciarc.

1988 3701 2077 3755 24.
2122 3701 2438 3763 Silentium,
2489 3717 2704 3773 preces.
2751 3702 2993 3755 charitas
3027 3710 3083 3756 et
3129 3701 3492 3763 continentia,

1921 3793 2235 3865 quadrijugi
2279 3795 2406 3865 equi
2453 3805 2581 3850 sunt
2619 3806 2862 3850 mentem
2916 3804 2974 3850 et
3015 3796 3069 3848 in
3107 3795 3309 3849 caelum
3365 3795 3492 3848 sub—

1921 3886 2204 3940 vehentes.

1991 3977 2078 4030 25.
2113 3978 2358 4032 Extenua
2389 3994 2609 4033 carnem
2640 3979 2820 4033 inedia
2855 3988 2912 4033 et
2937 3979 3158 4049 vigiliis,
3202 3978 3498 4046 statimque

1923 4067 2235 4121 carniﬁcem
2278 4069 2575 4138 voluptatis
2620 4070 2922 4138 appetitum
2969 4069 3304 4124 elimiuabis.

1994 4157 2083 4210 26.
2120 4157 2261 4211 Sicut
2291 4160 2406 4228 ﬂuit
2434 4175 2554 4211 cera
2590 4178 2621 4212 a
2668 4160 2800 4228 [acie
2846 4161 2980 4230 ignis
3019 4172 3068 4223 ιι,
3113 4159 3191 4213 sic
3238 4175 3268 4212 a
3305 4160 3500 4212 timore

1926 4248 2021 4301 Dei
2071 4249 2340 4317 impurior
2367 4249 2649 4318 cogitatio.

1998 4341 2086 4393 27.
2133 4340 2351 4395 Grande
2399 4342 2604 4395 malum
2633 4350 2690 4396 et
2733 4341 3144 4397 incommodum
3181 4340 3381 4396 anima:
3420 4358 3504 4395 sa-

1928 4436 2120 4504 pienti,
2153 4435 2196 4487 si
2221 4448 2373 4488 mens
2395 4433 2793 4502 exprobranda:
2839 4433 3247 4502 perturbationi
3279 4432 3497 4486 diutine

1859 4547 1901 4601 ῃ
1933 4525 2272 4579 immoretur.

1992 4619 2080 4672 28.
2104 4617 2367 4672 Tristium
2417 4631 2963 4685 aerumnosorumque
2983 4626 3285 4670 eventuum
3310 4617 3497 4686 plagas

1922 4711 2198 4784 patienter
2233 4707 2474 4771 sustine;
2527 4707 2729 4763 talibus
2771 4708 2917 4762 enim
2965 4706 3258 4776 prudentia
3306 4707 3497 4760 divina

1933 4815 1982 4859 te
2013 4802 2284 4874 pttriﬁcat.

1996 4894 2084 4950 29.
2117 4891 2217 4948 Ubi
2259 4890 2546 4945 materiam
2580 4887 2875 4958 abieceris,
2919 4887 3242 4956 mundoque
3292 4887 3502 4942 dixeris

1938 4987 2086 5050 vale,
2142 4983 2440 5053 reliquum,
2473 4991 2533 5036 ut
2568 4980 2750 5050 pravis
2786 4991 2840 5033 et
2867 4979 3125 5033 inanibus
3153 4979 3322 5032 etiam
3354 4979 3504 5046 mgi-

1943 5077 2243 5132 tationibus
2285 5074 2592 5129 renunties.

2009 5167 2096 5220 50.
2139 5165 2428 5234 Proprium
2469 5162 2670 5218 mentis
2719 5177 2859 5232 opus
2901 5171 3006 5221 est,
3048 5175 3243 5214 vacare
3292 5175 3512 5230 semper

1937 5259 2118 5313 verbis
2163 5257 2280 5313 Dei.

2014 5349 2102 5403 51.
2141 5349 2211 5403 Ut
2257 5346 2349 5400 Dei
2375 5360 2513 5414 opus
2537 5352 2622 5399 est
2661 5357 2850 5413 regere
2881 5341 3173 5397 mundum.
3203 5340 3277 5393 ita
3303 5348 3358 5394 et
3391 5340 3508 5393 ani--

1945 5458 2046 5497 uite
2077 5440 2381 5511 gubernare
2412 5452 2631 5506 corpus.

2014 5533 2103 5587 52.
2136 5529 2251 5596 Qua
2281 5546 2378 5600 spe
2427 5542 2790 5583 occurremus
2825 5524 3068 5586 Christo,
3106 5522 3287 5577 adhuc
3315 5535 3512 5593 corpo-

1947 5618 2056 5672 reis
2105 5617 2473 5686 voluptatibus
2520 5615 2862 5670 servientes?
