4198 6434
738 347 867 410 1431

1974 351 2072 408 ΤΗ
2083 350 2374 409 ALASSll
2416 349 2732 411 ABBATIS

3853 344 3986 408 H32

798 455 889 510 33.
923 453 1312 510 Erumnarum
1348 456 1464 510 sive
1500 467 1696 525 sponte
1737 467 2170 526 assumptarum,
2196 458 2313 511 sive

2485 461 2589 527 λγ¹.
2643 461 2883 529 ’Λναιρεῖ
2927 460 3120 528 ἡδονὴν
3178 457 3520 510 κακοπάθεια
3576 456 3672 508 καὶ
3729 455 3900 526 λύπη,
3955 458 3985 525 ἦ

729 547 916 602 divina
935 547 1280 618 providentia
1303 548 1674 615 induetarum,
1693 549 1981 603 tolerantia
2001 558 2056 604 et
2079 565 2306 615 maeror,

730 639 1234 709 concupiscentiam
1278 640 1627 696 interimunt.

805 732 891 785 54.
927 731 1168 784 Avaritia
1211 747 1311 801 per
1351 748 1412 786 se
1455 733 1688 786 materia
1738 733 2126 798 aﬂ'ectionum;
2169 749 2308 802 qua-

735 835 881 884 rum,
915 823 1221 890 praesertim
1248 823 1719 885 illccebrosarum.
1743 825 1932 878 nullus
1957 824 2068 878 erit
2090 824 2308 888 modus,

734 915 780 967 si
825 914 1141 968 invaluerit.

804 1005 894 1058 35.
928 1005 1283 1074 Voluptatnm
1310 1006 1542 1075 penuria
1567 1023 1770 1076 parens
1797 1016 1881 1061 est
1908 1006 2184 1071 tristitiae;
2215 1021 2311 1060 vo-

735 1095 933 1164 luptati
978 1112 1109 1149 vero
1138 1098 1289 1151 nulla
1343 1113 1451 1151 non
1502 1100 1850 1167 perturbatio
1882 1099 2176 1167 conjuncta
2201 1105 2310 1152 est.

808 1185 896 1239 56.
939 1186 1055 1250 Qua
1094 1202 1349 1241 mensura
1394 1191 1615 1258 corpori
1659 1199 1754 1243 tuo
1798 1190 2031 1252 meritis,
2069 1188 2311 1242 vicissim

736 1277 835 1330 tibi
880 1278 1205 1331 remetietur
1251 1279 1395 1334 Deus
1447 1280 1495 1332 δ.

805 1367 894 1421 57.
933 1368 1254 1422 Divinorum
1305 1384 1472 1438 opera
1513 1369 1850 1436 judiciorum
1892 1381 2043 1432 sunt,
2077 1371 2315 1425 retribu-

739 1456 917 1510 tiones
943 1472 1136 1512 eorum
1166 1474 1288 1528 qua:
1315 1474 1412 1528 per
1449 1474 1680 1528 corpora
1709 1467 1839 1513 sunt
1873 1471 2203 1528 perpetrata.

809 1547 900 1600 58.
931 1548 1399 1604 lmmortalitatem
1430 1550 1574 1618 parit
1603 1552 1780 1603 virtus
1803 1565 1867 1604 ac
1897 1552 2125 1606 scientia
2148 1568 2163 1615 ;
2184 1567 2319 1606 con-

740 1646 844 1700 tra,
891 1654 1080 1693 earum
1117 1641 1354 1710 privatio
1405 1641 1600 1696 mortis
1646 1651 1734 1695 est
1774 1653 1970 1697 mater.

809 1729 896 1784 59.
927 1730 1174 1784 Tristitia
1212 1746 1336 1800 qua:
1365 1731 1672 1786 secundum
1717 1732 1890 1786 Deum
1920 1742 2025 1796 est,
2058 1731 2317 1786 libidines

738 1828 796 1874 et
842 1822 1319 1889 concupiscentias
1351 1821 1594 1888 conﬁcit,
1623 1839 1857 1893 quarum
1891 1823 2171 1888 interitus,
2201 1825 2320 1877 ani-
2350 1801 2390 1856 Β

741 1925 844 1966 ma:
889 1920 945 1966 et
985 1913 1342 1967 resurrectio.

811 2001 900 2055 40,
952 2003 1370 2071 lmpassibilitas
1413 2014 1498 2058 est
1541 2005 1783 2058 animam
1835 2020 1946 2058 non
1991 2006 2199 2059 moveri
2249 2003 2318 2059 ad

743 2093 946 2146 malum
977 2095 1181 2158 ullum;
1214 2110 1406 2150 verum
1439 2097 1580 2150 hanc
1604 2096 1947 2166 impossibile
1984 2106 2070 2150 est
2099 2097 2318 2165 assequi

741 2185 864 2239 sine
911 2184 1296 2239 misericordia
1342 2185 1572 2240 Christi.

813 2277 904 2354 41..
942 2276 1194 2332 Salvator
1218 2287 1327 2331 tam
1361 2280 1530 2332 animi
1562 2295 1728 2348 quam
1759 2280 2010 2348 corporis
2049 2290 2135 2334 est
2159 2279 2319 2334 Chri-

745 2376 884 2431 stus,
923 2370 1081 2439 cujus
1110 2370 1340 2440 vestigia
1385 2369 1479 2439 qui
1519 2371 1790 2439 sequitur,
1820 2386 1851 2425 a
1879 2370 2038 2424 malis
2072 2371 2323 2426 redditur

744 2458 907 2514 liber.

813 2550 904 2604 42.
937 2552 1181 2608 Salutem
1217 2554 1305 2608 vis
1330 2555 1593 2624 assequi?
1629 2555 1887 2610 renuntia
1917 2557 2319 2625 voluptatibus,

745 2641 1079 2710 amplectere
1115 2644 1440 2700 charitatem
1483 2660 1546 2698 ac
1593 2646 1993 2701 continentiam
2043 2663 2149 2702 una
2195 2663 2320 2703 cum

745 2745 969 2799 precum
1021 2734 1368 2789 assiduitate.

817 2821 908 2875 45.
952 2823 1179 2893 Propria
1223 2835 1308 2880 est
1355 2828 1784 2897 impassihilitati
1832 2845 1962 2883 vera
2023 2829 2310 2890 discretio.

739 2911 895 2983 juxta
939 2929 1103 2981 quam
1139 2917 1193 2969 in
1237 2920 1424 2987 regula
1479 2935 1849 2990 mensuraque
1899 2921 2065 2976 facito
2113 2923 2319 2976 omnia.

817 3006 906 3058 Μ.
940 3006 1208 3062 Dominus
1248 3020 1438 3064 noster
1471 3020 1527 3064 ct
1553 3011 1696 3065 Dens
1728 3022 1812 3065 est
1853 3013 2012 3067 Jesus
2039 3011 2318 3079 Christus;

2416 551 2687 615 ἑκούσιος,
2720 552 2755 621 ἢ
2791 553 2855 603 ὲκ
2894 553 2992 620 τῆς
3020 550 3278 619 προνοίας
3300 548 3642 617 ἐπαγομένη.

2482 751 2577 807 λδ⁰.
2620 754 2760 823 ’Υλη
2820 753 3008 806 παθῶν
3062 751 3396 822 φιλαργυρία
3453 750 3750 819 τυγχάνει·
3787 750 3865 812 ὡς
3893 749 3990 802 αῦ-

2415 844 2610 916 ξητικὴ
2644 841 2779 898 οὖσα
2799 847 2899 916 τῆς
2923 843 3280 915 πριεκτικῆς
3311 842 3527 912 ἡδονῆς.

2486 1025 2579 1078 λε’.
2621 1025 2814 1093 Λύπην
2840 1025 3014 1077 τίκτει
3038 1021 3309 1092 ἀποτυχία
3327 1020 3551 1092 ἡδονῆς·
3578 1019 3743 1091 ἡδονὴ
3769 1018 3825 1072 δὲ
3859 1035 3995 1071 παν-

2413 1118 2468 1170 τὶ
2497 1116 2656 1170 πάθει
2683 1116 3059 1180 συνέζευκται.

2485 1209 2594 1274 λς’
2631 1206 2702 1277 ’ᾩ
2735 1207 2918 1277 μέτρῳ
2959 1206 3178 1276 μετρετς
3203 1201 3282 1272 τῷ
3319 1201 3534 1270 σώματί
3565 1217 3682 1265 σου,
3711 1197 3997 1267 ἀντιστρῦ-

2416 1316 2533 1367 φως
2561 1299 2714 1368 παρὰ
2737 1297 2876 1350 Θεοῦ
2897 1293 3437 1366 ἀντιμετρηθήσεταί
3465 1309 3571 1345 σοι.

2486 1392 2582 1456 λζ’.
2624 1392 2799 1444 Θείων
2840 1390 3126 1460 χριμάτων
3156 1389 3296 1459 ἔργα
3335 1387 3595 1455 τυγχάνει
3637 1382 3998 1442 ἀνταπόδοσις

2415 1483 2604 1539 δικαία
2635 1483 2747 1536 τῶν
2777 1482 2868 1536 διά
2894 1480 2992 1535 τοῦ
3017 1480 3274 1549 σώματος
3313 1477 3749 1548 πεπραγμένων.

2486 1571 2590 1641 λη’.
2643 1569 2964 1624 ’Δθανασίαν
3018 1569 3194 1622 τίκτει
3232 1566 3404 1637 ἀρετὴ
3449 1565 3546 1618 καὶ
3592 1553 3833 1632 γνῶσις·
3863 1553 3938 1614 ὧν
3967 1561 4000 1629 ἡ

2419 1667 2700 1736 στέρησις,
2726 1666 2821 1719 τοῦ
2860 1665 3093 1719 θανάτου
3123 1662 3321 1730 γέγονε
3354 1661 3560 1731 μήτηρ.

2491 1758 2593 1812 λθ⁹.
2633 1759 2792 1828 Λύπη
2825 1757 2969 1810 κατά
3007 1755 3141 1808 Θεὸν
3173 1754 3393 1824 ἀναιρεῖ
3429 1752 3654 1822 ⁴ἡδονήν·
3683 1749 3884 1820 ἡδονῆς
3932 1745 3992 1798 δὲ

2417 1852 2715 1923 ἀναίρεσις,
2745 1850 3045 1913 ἀνάστασις
3068 1849 3306 1918 ὑπάρχει
3333 1844 3536 1916 ψυχῆς.

2494 2035 2569 2097 μ’.
2619 2025 2891 2080 Ἀπάθειά
2916 2027 3066 2077 ἐστιν
3093 2023 3359 2092 ἀκινησία
3385 2021 3566 2090 ψυχῆς
3597 2018 3736 2087 πρὸς
3763 2015 3966 2068 κακίαν
3984 2027 4000 2040 ⁸

2417 2112 2488 2190 ἧς
2523 2121 2707 2188 τυχεῖν
2737 2117 3024 2187 ἀμήχανον
3049 2115 3179 2169 ἀνευ
3209 2113 3396 2174 ἐλέους
3422 2107 3683 2182 Χριστοῦ.

2497 2295 2606 2357 μα’.
2646 2286 2838 2356 Σωτὴρ
2875 2287 3113 2356 ὑπάρχει
3144 2282 3326 2352 ψυχῆς
3365 2280 3461 2334 καὶ
3510 2280 3765 2346 σώματος
3796 2278 3825 2330 ό
3865 2275 4005 2346 Χρι-

2423 2379 2570 2444 στος,
2597 2372 2660 2432 οὗ
2688 2379 2801 2442 τοῖς
2828 2376 3030 2446 ἴχνεσιν
3058 2377 3088 2429 ὁ
3131 2372 3462 2437 ἀκολουθῶν,
3490 2369 3872 2440 ἐλευθεροῦται
3904 2384 4006 2419 κα-

2425 2473 2571 2535 κίας.

2498 2560 2604 2632 μβ’.
2643 2562 2928 2632 Σωτηρίας
2967 2561 3017 2612 εί
3063 2557 3241 2619 θέλεις
3311 2557 3516 2624 τυχεῖν,
3566 2551 3841 2616 ἀπόταξαι
3884 2553 4009 2613 ταῖς

2423 2653 2666 2722 ἡδοναῖς·
2703 2653 2798 2706 καὶ
2815 2651 3161 2721 ἐγκράτειαν,
3185 2647 3280 2701 καὶ
3303 2646 3548 2714 ἀγάπην,
3575 2643 3668 2697 καὶ
3697 2641 4012 2713 προσευχὴν

2421 2744 2715 2798 ἀναλαϐοῦ.

2499 2834 2608 2904 μγ’.
2650 2835 2812 2888 Ἰδιον
2847 2833 3136 2898 ἀπαθείας,
3168 2831 3443 2899 διάκρισις
3489 2827 3752 2899 ἀληθινή·
3784 2824 3908 2879 καθ’
3941 2825 4013 2894 ἢν

2433 2925 2614 2978 πάντα
2647 2925 2854 2995 πρᾶττε
2885 2923 3072 2993 μέτρῳ
3097 2921 3192 2975 καὶ
3217 2920 3422 2975 κανόνι.

2503 3013 2605 3083 μδ’.
2656 3014 2717 3065 '0
2764 3012 2968 3082 Κύριος
3013 3012 3170 3082 ἡμῶν
3211 3013 3308 3064 καὶ
3361 3010 3497 3073 Θεὸς
3551 3009 3760 3080 Ἰησοῦς
3800 3010 3953 3060 ἐστιν
3985 3009 4015 3060 ὁ

743 3112 908 3168 quem
953 3100 997 3152 si
1036 3116 1191 3154 mens
1235 3111 1522 3170 sequatur,
1572 3118 1679 3156 non
1722 3112 1905 3156 manet
1958 3105 2012 3157 in
2052 3104 2316 3160 tenebris.

2426 3105 2694 3174 Χριστός⁹
2731 3105 2823 3158 καὶ
2851 3104 2975 3167 νοῦς
3007 3106 3036 3158 ὁ
3070 3101 3384 3157 ἀκολουθῶν
3425 3101 3599 3172 αὑτῷ,
3628 3103 3704 3172 μὴ
3752 3101 3914 3171 μείνῃ
3956 3103 4014 3152 ἐν

810 3269 901 3324 45.
932 3271 1211 3342 Recollige
1249 3288 1490 3330 mentem
1540 3287 1712 3340 tuam,
1746 3291 1802 3332 et
1829 3280 2062 3334 observa
2109 3283 2318 3351 cogita-

743 3359 925 3414 tiones
955 3377 968 3414 :
1007 3373 1062 3415 et
1105 3363 1148 3416 si
1183 3380 1321 3433 quas
1356 3366 1657 3422 oﬂenderis
1698 3368 1753 3422 in
1781 3369 2104 3426 atl'ectioncs
2131 3374 2322 3427 noxias

746 3453 1004 3515 transire,
1047 3455 1193 3522 ipsas
1235 3472 1507 3526 expugna.

804 3543 904 3596 «£6.
935 3544 979 3598 Α
1019 3545 1197 3600 trilms
1230 3549 1593 3616 cogitationes
1621 3553 1945 3621 accipimus,
1979 3571 2008 3607 a
2035 3558 2320 3621 memoria,

745 3635 1003 3689 sensibus
1035 3647 1089 3690 ct
1121 3639 1441 3696 habitudine
1463 3645 1744 3713 corporis;
1783 3645 1876 3699 sed
1908 3649 2325 3706 molestissimas

745 3726 906 3781 affert
939 3730 1223 3784 memoria.

813 3903 902 3956 47.
949 3902 1229 3972 Sapientia
1278 3905 1540 3973 praeditus
1581 3909 1732 3960 novit
1783 3909 2027 3964 rationes
2067 3913 2322 3982 ineorpor

749 4007 992 4048 reorum.
1023 4005 1077 4048 et
1109 3996 1253 4064 quod
1288 3997 1527 4060 initium,
1563 4008 1618 4052 ct
1645 4001 1769 4069 quis
1803 4001 1929 4054 linis
1952 4003 2167 4056 mundi.

817 4083 906 4137 48.
955 4086 1201 4138 Activam
1230 4088 1397 4142 vitam
1445 4105 1512 4143 ne
1549 4090 1753 4144 habeas
1788 4094 2084 4161 neglectui,
2115 4107 2170 4148 et
2203 4097 2327 4150 illu-

750 4175 1018 4228 strabitnr
1065 4193 1221 4230 mens
1259 4187 1373 4233 tua.
1416 4181 1507 4234 Ait
1536 4182 1682 4235 enim
1715 4200 1728 4234 ε
1783 4184 2073 4238 ΤΙιεδίιηνοδ
2114 4188 2328 4242 abscon-

749 4268 884 4320 ditos
929 4278 977 4320 et
1015 4270 1297 4323 inrisibilcs
1331 4274 1569 4341 aperiam
1597 4274 1688 4326 tibi
1731 4285 1776 4328 ε,

826 4361 912 4413 49.
950 4361 1164 4415 Invenit
1191 4365 1418 4432 gratiam
1462 4365 1604 4433 apud
1633 4366 1948 4431 Dominum,
1980 4373 2076 4438 qui
2126 4373 2328 4427 libera-

2421 3195 2488 3260 τῇ
2522 3193 2730 3264 σκοτίᾳ.

2501 3283 2602 3353 με’.
2640 3284 2918 3352 Συνάγαγε
2961 3285 3053 3336 τὸν
3092 3284 3213 3337 νοῦν
3244 3301 3361 3347 σου,
3403 3285 3500 3336 καὶ
3547 3285 3707 3354 τήρει
3741 3281 3872 3346 τοῦς
3925 3281 4016 3333 λο-

2423 3375 2676 3445 γισμοὺς,
2700 3377 2796 3428 καὶ
2814 3374 2912 3428 οῦσ
2928 3373 3094 3446 εὕρῃς
3114 3375 3402 3445 ἐμπαθεῖς,
3423 3373 3734 3444 πολὲμησον
3755 3373 3890 3444 πρὸς
3913 3372 4017 3426 αὖ·

2425 3467 2573 3530 τούς.

2499 3559 2616 3628 μς·’.
2643 3559 2781 3629 Τρία
2807 3559 3114 3628 ὑπάρχουσι
3146 3559 3470 3630 πράγματα,
3503 3558 3573 3612 δι’
3605 3551 3680 3610 ὧν
3707 3557 4018 3628 λαμϐάνεις

2424 3651 2752 3720 λογισμούςο
2779 3653 2813 3720 ἡ
2845 3650 3118 3719 αἴσθησις,
3147 3651 3242 3703 καὶ
3269 3653 3303 3721 ή
3336 3651 3547 3720 μνήμη,
3578 3651 3675 3702 καὶ
3721 3651 3754 3719 ἠ
3810 3651 4020 3720 κρᾶσις

2425 3744 2518 3796 τοῦ
2552 3742 2803 3811 σώματος
2824 3757 2836 3768 °
2865 3741 3237 3813 χαλεπώτεροι
3263 3741 3318 3794 δὲ
3348 3742 3396 3795 οί
3419 3742 3574 3794 αὐτοὶ
3602 3741 3712 3794 ἀπὸ
3733 3740 3836 3811 τῆς
3869 3741 4017 3811 μνή-

2430 3855 2536 3906 μης
2569 3835 2731 3888 εἰσίν.

2502 3924 2610 3996 μζ.
2651 3919 2722 3994 τῼ
2753 3921 2912 3992 ἐδόθη
2949 3923 3132 3993 σοφία,
3175 3923 3318 3990 ἔγνω
3345 3921 3538 3990 λόγους
3561 3922 3894 3990 ἀσωμάτων,
3922 3922 4021 3974 καὶ

2426 4017 2509 4078 τίς
2535 4017 2570 4086 ἡ
2599 4014 2742 4084 ἁρχὴ
2771 4014 3028 4083 ὑπάρχει,
3071 4014 3164 4065 καὶ
3192 4015 3245 4065 τί
3274 4013 3336 4065 τὸ
3359 4013 3510 4075 τέλος
3532 4012 3626 4065 τοῦ
3651 4013 3888 4082 κόσμου.

2504 4116 2613 4178 μτί.
2653 4108 2747 4177 Μὴ
2797 4106 2989 4176 ἀμέλει
3033 4107 3367 4176 πρακτικῆς,
3415 4107 3509 4160 καὶ
3548 4104 3964 4174 φωτισθήσεται
3992 4106 4022 4156 ὀ

2428 4199 2552 4260 νοῦς
2587 4215 2703 4250 σου.
2746 4196 3166 4263 «Θησιιυροὺς,
3222 4197 3412 4266 φησὶν,
3469 4196 3862 4264 ἀποκρύφους
3918 4193 4020 4247 καὶ

2427 4290 2724 4358 ἀοράτους·
2761 4288 2982 4351 ἁνοίξω
3015 4303 3136 4340 σοι.
3162 4306 3181 4339 ι

2503 4381 2610 4450 μθ⁹.
2653 4375 2795 4449 Εὗρε
2839 4380 3000 4448 χάριν
3047 4379 3201 4448 παρὰ
3240 4377 3379 4447 Θεῷ,
3419 4379 3446 4430 ὀ
3479 4377 3667 4430 παθῶν
3715 4377 4023 4448 ἐλευθερω-

753 4462 841 4506 tus
881 4462 966 4506 est
1003 4455 1072 4507 ab
1118 4455 1507 4509 affectionibus
1544 4475 1558 4509 :
1599 4457 1828 4526 insuper
1869 4471 1926 4514 et
1973 4462 2063 4515 ille
2111 4464 2326 4517 miseri-

2433 4475 2566 4538 θεὶς,
2596 4472 2691 4524 καὶ
2714 4472 2774 4524 τὸ
2808 4471 2951 4542 μέγα
2978 4470 3128 4532 ἕλεος
3154 4471 3182 4522 ὁ
3206 4469 3461 4537 γνώσεως
3493 4469 3872 4535 καταξιωθείς.

752 4541 999 4595 cordiam
1040 4554 1346 4608 assecutus,
1379 4547 1471 4615 qui
1503 4547 1788 4601 scientiam
1836 4552 2037 4604 meruit
2067 4553 2321 4620 adipisci.

820 4632 908 4684 50.
955 4633 1106 4686 Mens
1142 4636 1657 4702 perturbationibus
1699 4639 1924 4703 nudata,
1958 4643 2206 4710 quotidie
2238 4646 2325 4698 lit-

753 4723 1028 4776 cnlentior
1065 4725 1270 4789 evadit,
1324 4735 1379 4778 et
1428 4727 1495 4780 ad
1547 4744 1635 4784 res
1682 4746 1803 4799 qua:
1851 4748 1980 4786 vere
2008 4742 2159 4801 sunt,
2199 4752 2328 4790 con-

755 4815 1098 4882 templandas
1134 4815 1458 4870 illustratur.

826 4906 914 4958 Sil.
951 4905 1067 4959 Lux
1111 4908 1306 4962 anima:
1336 4918 1421 4962 est
1477 4911 1718 4979 cognitio
1765 4924 1988 4980 sancta;
2017 4932 2138 4985 qua:
2163 4918 2206 4972 si
2237 4921 2326 4972 cui

757 4994 999 5050 defuerit
1041 4997 1400 5066 imprudenti,
1431 4999 1817 5056 obambulabit
1859 5005 1913 5058 in
1953 5007 2221 5062 tenebris.

823 5084 909 5139 52.
936 5085 1259 5154 Imprudens
1289 5101 1375 5144 est
1403 5092 1574 5160 quiin
1605 5095 1814 5148 malitia
1835 5107 2117 5162 versatur;
2150 5099 2327 5170 ipsum

754 5177 902 5232 enim
935 5177 1254 5247 ignorantia:
1283 5183 1524 5238 tenebrae
1568 5185 1863 5254 excipient.

828 5270 916 5324 55.
942 5270 1128 5324 Jcsum
1164 5287 1373 5335 amans,
1401 5291 1431 5328 a
1460 5276 1669 5331 malitia
1691 5278 2038 5343 liberabitur,
2071 5291 2127 5335 et
2151 5281 2328 5352 ipsum

759 5362 1038 5424 sequendo
1079 5378 1264 5415 veram
1309 5365 1517 5420 videbit
1560 5369 1865 5423 scientiam.

830 5453 919 5508 54.
969 5453 1118 5507 Meus
1162 5470 1190 5506 a
1229 5457 1738 5522 perturbationibus
1772 5461 1968 5527 libera,
2006 5481 2127 5533 qua:
2153 5470 2334 5522 consi-

761 5545 940 5601 derat.
1000 5545 1114 5599 sive
1152 5545 1361 5614 vigilet,
1424 5549 1537 5604 sive
1590 5551 1829 5607 dormiat
1874 5571 2128 5625 corpore,
2182 5559 2330 5616 videt

764 5637 1039 5691 τξιῖιὶὶἰίῖῖς.

834 5757 858 5793 b
891 5754 1078 5808 Matii».
1124 5773 1212 5819 τίς,
1250 5759 1318 5822 ‘2,
1363 5759 1504 5814 Matt.
1541 5777 1607 5814 ιι.
1814 5781 1820 5790 ·
1871 5764 1952 5820 is:
2009 5782 2124 5823 ιιι,
2163 5767 2189 5820 7.-

2503 4571 2565 4616 v'.
2606 4563 2752 4625 Νοῦς
2789 4561 2979 4614 παθῶν
3004 4560 3410 4631 ἐλευθερωθεὶς,
3448 4559 3744 4630 φωτοειδὴς
3778 4560 4019 4627 γίνεται,

2431 4658 2554 4719 ταῖς
2587 4657 2696 4708 τῶν
2730 4655 2899 4708 ὅντων
2954 4653 3212 4723 θεωρίαις
3243 4652 3604 4716 ἀδιαλείπτως
3639 4651 4018 4721 καταλαμπό-

2438 4767 2617 4817 μενος.

2507 4935 2608 4980 να’.
2647 4927 2853 4993 Φέγγος
2882 4924 3060 4993 ψυχῆς
3091 4925 3124 4992 ἡ
3158 4921 3358 4989 γνῶσίς
3387 4923 3557 4987 ἐστιν,
3601 4917 3670 4992 ἦς
3721 4922 4018 4994 στερηθεὶς

2435 5021 2462 5072 ὁ
2493 5019 2681 5087 ἄφρων
2714 5017 2771 5068 ὲν
2799 5013 2979 5068 σκότει
3011 5011 3415 5083 διαπορεύεται.
3485 5055 3489 5058 .

2507 5109 2606 5178 νβ’.
2653 5109 2880 5176 Ἄφρων
2910 5104 3060 5158 ἐστὶν
3085 5106 3113 5158 ὁ
3141 5106 3199 5158 ὲν
3244 5102 3427 5156 σκότει
3467 5101 3673 5170 διάγων
3697 5118 3709 5132 ·
3743 5102 3807 5155 ὃν
3843 5101 4024 5156 διαδέ-

2435 5218 2586 5272 χεται
2611 5199 2670 5252 τδ
2703 5198 2892 5259 σκότος
2918 5195 3213 5264 ἀγνωσίας.

2507 5299 2609 5360 νγ’.
2662 5289 2869 5358 Ἰησοῦν
2895 5289 2924 5340 ὁ
2959 5286 3213 5354 ἀγαπῶν,
3248 5285 3743 5357 ἐλευθερωθήσεται
3768 5284 3979 5350 κακίας
4006 5303 4021 5317 ·

2437 5384 2531 5437 καὶ
2567 5383 2595 5434 ὁ
2624 5378 2935 5434 ἀκολουθῶν
2963 5378 3132 5447 αὐτῷ,
3168 5378 3358 5446 ὅψεται
3393 5377 3595 5445 γνῶσιν
3619 5376 3823 5446 ἀληθῆ.

2507 5473 2598 5526 v6“.
2637 5471 2783 5534 Νοῦς
2831 5469 3020 5524 παθῶν
3061 5468 3472 5541 ἐλευθερωθεὶς,
3525 5467 3660 5538 ψιλὰ
3707 5467 3903 5537 βλέπει
3958 5470 4025 5521 τὶ

2438 5567 2708 5635 νοήματα,
2749 5562 2846 5616 καὶ
2893 5562 3259 5634 ἐγρηγορότας
3295 5558 3388 5615 τοῦ
3435 5558 3712 5634 σώματος,
3743 5560 3845 5614 καὶ
3875 5559 4028 5616 κατὰ

2439 5659 2560 5720 τοις
2585 5655 2784 5719 ὕπνους
2812 5670 2997 5709 estw.
