4198 6434
197 373 336 438 1433
1608 385 1855 449 CENTU

1789 387 2001 449 FURIA
2039 391 2088 450 1.
3312 397 3447 462 1434

254 482 464 572 νεα-Ὀ
517 485 644 549 νοῦς
675 487 756 551 είς
793 488 965 557 ἄκρον
1009 489 1306 561 καθαρθεὶς
1351 496 1763 562 πενοχωρεῖται
1798 499 1839 555 Α

1798 499 1839 555 Α
1937 496 2026 550 55.
2059 498 2226 553 Menti
2273 499 2330 554 in
2374 515 2650 556 summum
2699 501 3025 572 puriﬁcata,
3057 514 3286 572 angusta
3316 519 3443 563 sunt

182 573 295 635 τοῖς
327 568 445 625 οὖσι
471 589 486 604 ·
525 576 620 628 καὶ
665 577 770 640 ἔξω
815 577 956 634 θέλει
1006 581 1251 649 γίνεσθαι
1294 583 1512 636 πάντων
1537 583 1647 636 τῶν
1673 601 1767 651 γε·

1869 588 2052 642 omnia
2089 604 2211 658 quae
2238 603 2400 655 sum;
2433 609 2763 664 semperque
2799 596 2954 666 cupit
2987 611 3109 650 esse
3141 609 3291 649 extra
3323 613 3443 651 om—

181 660 448 726 γονότων.

1867 677 1957 730 nia
1989 695 2111 746 qua:
2141 691 2270 734 sunt
2301 683 2462 738 facta.

252 752 361 816 νς’.
401 753 690 824 Μακάριος
717 757 746 808 6
772 757 985 824 φθάσας
1011 760 1092 822 είς
1116 763 1216 831 τὴν
1254 761 1562 831 ἀπέραντον
1599 764 1763 817 ἀπει-

1938 770 2026 824 56.
2052 772 2251 827 Beatus
2276 785 2360 828 est
2389 775 2458 835 is.
2488 776 2581 844 qui
2617 775 2684 828 ad
2710 776 2976 831 inﬁnitam
3006 777 3440 833 imnicnsitaten:

180 841 342 912 pEaV'
379 844 586 908 ἐκεῖνος
621 845 666 898 δ’
697 845 953 916 ἔφθασεν,
983 851 1013 902 6
1058 850 1128 904 τά
1166 854 1561 924 πεπερασμένα
1590 854 1764 926 περάι

1863 863 2147 931 pervenit;
2191 865 2237 919 is
2273 881 2404 920 vero
2434 867 2708 935 pervenit,
2738 866 2832 936 qui
2870 880 3180 937 penetravit
3211 885 3276 923 ea
3319 885 3439 938 quae

179 949 306 996 σας.

1863 952 2016 1007 ﬁnita
2057 963 2208 1008 sunt.

250 1024 352 1090 νζ’.
407 1027 640 1100 Ἐρευνᾷ
668 1029 864 1098 λόγους
901 1030 1037 1086 Θεοῦ
1067 1034 1096 1086 6
1127 1034 1420 1105 σεϐόμενος
1443 1037 1636 1091 αὐτόν·
1669 1038 1762 1092 εὖ·

1932 1044 2020 1098 57.
2057 1043 2349 1100 Scrutatur
2385 1045 2554 1101 verba
2584 1047 2704 1112 Dei.
2745 1047 2842 1117 qui
2868 1063 2996 1104 eum
3030 1049 3196 1113 colit;
3223 1049 3435 1104 invenit

176 1114 358 1204 ρίσκει
393 1118 449 1171 δὲ
473 1119 672 1182 αὐτοὺς
695 1121 724 1173 6
743 1124 842 1192 τῆς
871 1122 1132 1194 ἀληθείας
1170 1127 1428 1197 ἐραστής.

1065 1141 1132 1188 ας
1170 1127 1428 1197 ἐραστής.
1859 1143 2067 1201 autem,
2099 1137 2192 1204 qui
2224 1146 2371 1190 amat
2409 1137 2721 1192 veritatem.

245 1203 352 1274 νη’.
392 1207 536 1270 Νοῦς
565 1207 624 1273 ἐξ
657 1210 950 1281 ὀρθότητος
971 1212 1309 1285 κινούμενος,
1337 1217 1583 1288 εὑρίσκει
1629 1221 1761 1292 ἀλή-

1927 1225 2016 1282 58.
2053 1203 2204 1281 biens
2229 1229 2519 1282 veritatem
2551 1229 2781 1292 invenit,
2811 1230 2911 1284 sia
2942 1231 3276 1286 rectitudine
3300 1231 3436 1286 diri-

173 1292 332 1347 θειαν
353 1313 367 1327 ·
403 1299 432 1349 ό
462 1298 519 1351 δὲ
547 1300 612 1352 ὲκ
644 1301 853 1366 πάθους
876 1304 1041 1368 τινὸς,
1071 1306 1428 1373 ἀποτεύξεται
1461 1310 1651 1380 αὐτῆς.

1856 1327 2042 1387 gatur;
2089 1319 2290 1372 amittit
2343 1327 2552 1381 autem,
2588 1319 2632 1373 si
2667 1319 2737 1373 ab
2777 1321 3072 1376 aﬂ'cctione
3111 1323 3320 1392 aliqua.

253 1386 352 1441 νϐ’.
398 1388 612 1461 Ὠσπερ
643 1394 710 1462 τῇ
738 1394 896 1465 οὐσίᾳ
919 1396 1198 1462 ἄγνωστος
1226 1398 1254 1449 6
1277 1398 1431 1465 Θεὸς,
1462 1400 1634 1465 οὕτως
1664 1405 1758 1458 καὶ
1867 1386 1874 1387 7

1867 1386 1874 1387 ⁷
1929 1405 2017 1461 59.
2049 1406 2121 1462 Ut
2160 1409 2306 1463 Deus
2333 1409 2642 1464 secundum
2673 1413 2969 1465 essentiam
3015 1412 3176 1465 nobis
3208 1386 3299 1466 est
3346 1412 3432 1466 in-

169 1478 240 1546 τῇ
271 1479 617 1572 μεῖαλοσύνῃ
646 1484 795 1537 ἐστὶν
822 1486 1147 1555 ἀπέραντος.

1856 1500 2140 1568 cognitus;
2169 1501 2243 1555 ita
2273 1502 2578 1556 secundum
2611 1504 2954 1572 majestatcm
2985 1513 3073 1557 est
3104 1503 3427 1558 immensus.

250 1567 317 1668 εἰ.
495 1571 685 1668 οὐσίας
713 1573 854 1644 ἀρχὴ
884 1576 979 1629 καὶ
1011 1575 1164 1641 τέλος
1189 1577 1289 1631 οὐκ
1311 1578 1480 1645 ἐστιν,
1511 1581 1635 1636 οὔτε
1659 1585 1758 1655 τῆς

1925 1590 2015 1644 60.
2045 1589 2298 1646 Essentia
2327 1607 2448 1661 qua:
2489 1562 2767 1664 principio
2807 1605 2960 1649 caret
2987 1605 3045 1650 et
3081 1594 3209 1658 ﬁne,
3252 1609 3431 1664 neque

167 1651 371 1718 σοφίας
401 1654 700 1724 ὲξεύρεσις.
1713 1651 1723 1655 ὴ

1713 1651 1723 1655 ﬁ
1855 1679 2146 1747 sapientia,
2192 1651 2613 1750 perscrutabilis
2661 1651 2763 1740 est.

244 1740 346 1848 ξας.
389 1745 641 1848 Σωτηρία
683 1749 920 1822 ὑπάρχει
965 1755 1149 1824 πάσης
1203 1757 1456 1824 κτίσεως,
1509 1761 1542 1833 ἡ
1586 1763 1753 1836 ὑπερ·
1784 1831 1823 1848 n

1784 1831 1823 1848 η
1928 1769 2018 1824 61.
2062 1769 2222 1826 Salus
2247 1773 2429 1827 omnis
2464 1785 2733 1830 creaturae
2770 1786 2856 1832 est
2911 1778 3116 1848 Optima
3147 1781 3431 1842 Creatoris

165 1832 380 1930 ἁγαθος
401 1836 495 1889 τοῦ
524 1839 829 1907 κτίσαντος
860 1846 986 1917 περὶ
1015 1849 1191 1914 αὐτὴν
1219 1852 1465 1922 πρόνοια.
1532 1831 1540 1833 ἡ
1695 1831 1708 1836 ’
1784 1831 1823 1885 Β

975 1849 1191 1914 ιαύτὴν
1219 1852 1465 1922 πρόνοια.
1532 1831 1540 1833 ἡ
1695 1831 1708 1836 ﬁ
1784 1831 1824 1885 Β
1855 1860 2002 1915 circa
2043 1860 2214 1929 ipsam
2261 1863 2633 1930 providentia.

239 1925 341 1995 ξβ’.
395 1927 788 2002 ’Υποστηρίζει
841 1937 1046 2008 Κυριος
1091 1943 1300 2006 πάντας
1345 1946 1473 2009 τοὺς
1518 1949 1752 2002 καταπί-

1921 1951 2010 2006 6%.
2047 1952 2304 2008 Sull‘ulcit
2341 1954 2607 2010 Dominus
2638 1957 3092 2016 miserationibus
3113 1976 3306 2018 omnes
3337 1981 3429 2020 va-

156 2014 398 2080 πέοντας
435 2019 494 2072 ὲν
519 2023 842 2094 οἰκτιρμοίς,
871 2028 964 2081 καὶ
995 2029 1213 2102 ἀνορθοί
1232 2033 1440 2100 πάντας
1465 2038 1591 2102 τοὺς
1622 2056 1752 2092 κατ·

156 2107 564 2176 εῤῥαγμένους.

1359 2052 1440 2100 τας
1465 2038 1591 2102 τοὺς
1622 2056 1752 2092 κατ·
1849 2044 2124 2108 cillantes,
2173 2052 2230 2100 ct
2259 2044 2571 2101 contractos
2599 2063 2793 2103 omnes
2835 2052 3017 2121 erigit.

155 2122 564 2176 ερραγμενους.

235 2195 335 2264 ξγ’.
379 2199 614 2268 Χριστός
644 2202 765 2256 ἐστι
795 2203 1018 2269 ζώντων
1043 2210 1138 2262 καὶ
1165 2213 1376 2282 νεκρῶν
1404 2218 1623 2288 κριτὴς,
1652 2219 1748 2272 καὶ

1921 2201 2007 2255 65.
2031 2200 2287 2256 Christus
2307 2201 2611 2256 viventium
2637 2211 2696 2257 et
2720 2213 3066 2259 mortuorttm
3085 2217 3168 2261 est
3185 2209 3352 2278 judex
3372 2209 3422 2274 ά,

151 2286 262 2356 τῆς
291 2291 530 2345 ἑκάστου
561 2295 816 2362 πράξεως
847 2298 1056 2362 δίκαιος
1079 2301 1472 2375 άνταποδότης.
1559 2286 1568 2288 ἡ

1845 2307 1911 2346 ac
1947 2292 2132 2360 justus
2163 2292 2599 2361 uniuscujusque
2647 2295 2832 2364 operis
2865 2298 3170 2351 retrilmtor
3208 2310 3251 2352 θ.

229 2378 327 2445 ξδ’.
372 2377 437 2433 Ἀ
450 2383 571 2453 ρξαι
597 2389 644 2438 εί
676 2386 851 2451 Θέλεις
880 2390 977 2460 τῆς
1001 2391 1180 2462 ψυχῆς
1213 2397 1308 2448 καὶ
1337 2398 1432 2450 τοῦ
1466 2399 1742 2471 σώματος,

1917 2383 2005 2436 61.
2047 2383 2322 2452 Imperare
2365 2383 2452 2435 vis
2481 2383 2678 2438 animo:
2717 2393 2773 2438 et
2803 2387 3054 2455 corpori?
3083 2398 3209 2443 ante
3237 2389 3421 2442 omnia

154 2472 452 2542 προλαβὼν
473 2475 572 2538 τὰς
597 2478 706 2530 τῶν
738 2479 928 2533 παθῶν
960 2483 1142 2547 αἰτίας
1176 2488 1496 2557 περίκοπτε.

1177 2488 1496 2557 περίκοπτε.
1843 2474 2200 2528 aﬂ'ectionum
2244 2489 2441 2528 causas
2477 2475 2835 2529 circumcide.

227 2565 328 2630 ξεν.
370 2567 636 2634 Σύζευξον
669 2575 791 2633 ταῖς
833 2575 1057 2646 ἀρεταῖς
1100 2577 1202 2642 τάς
1233 2581 1332 2647 τῆς
1379 2582 1556 2653 ψυχῆς
1586 2585 1744 2639 δυνά-

1915 2567 2003 2620 66.
2033 2566 2248 2620 Adhibe
2292 2566 2442 2620 vires
2486 2567 2685 2621 anima:
2719 2567 2786 2621 ad
2835 2568 3015 2622 studia
3045 2571 3338 2637 virtutum,
3367 2582 3421 2627 ct

153 2672 224 2723 με
238 2674 306 2721 ις,
341 2659 434 2712 καὶ
467 2661 649 2731 πάσης
672 2663 774 2733 τῆς
801 2664 910 2718 τῶν
941 2667 1133 2721 παθῶν
1159 2670 1340 2742 ὁρμῆς
1377 2673 1745 2742 ἀποξεύγνυν-

1524 2675 1745 2742 εὐγνυν,
1842 2658 1912 2713 ab
1949 2659 2096 2712 omni
2142 2657 2497 2712 allectionum
2545 2660 2812 2714 violentia
2855 2653 3182 2717 absolveris.

151 2761 268 2800 ται.
1911 2750 1998 2805 66.
2039 2749 2628 2817 Concupiscentiarum
2667 2752 2907 2820 impetus
2941 2755 3284 2809 continentia
3329 2771 3420 2810 re-

230 2838 340 2906 ἔας’.
383 2840 498 2904 Τάς
541 2843 638 2912 τῆς
673 2843 972 2914 ἐπιθυμίας
1019 2849 1196 2919 ὁρμὰς
1243 2854 1544 2927 ἐγκρατείᾳ
1591 2861 1742 2930 xum,
1840 2843 1888 2897 fr

1840 2843 2076 2907 frenato,
2124 2840 2423 2895 iracundia:
2461 2857 2593 2897 vero
2637 2844 2825 2899 divina
2874 2845 3260 2916 spiritualiquc
3289 2847 3419 2901 cha-

150 2947 330 2983 νωσον
349 2947 362 2959 ·
398 2934 495 2995 τὰς
522 2933 579 2984 δὲ
609 2933 703 2986 τοῦ
731 2935 928 3006 θυμοῦ,
961 2939 1151 3014 ἀγάπῃ
1186 2954 1560 3020 πνευματικῇ.
1607 2941 1616 2950 ’
1841 2936 2028 2988 ι’Ῐίῧιθ·
2599 2935 2610 2946 ’

261 3021 340 3085 ζ’.
372 3024 601 3093 Ἡσυχία
631 3027 726 3078 καὶ
748 3031 1044 3100 προσευχὴ,
1069 3033 1304 3102 μέγιστα
1326 3038 1467 3093 ὅπλα
1494 3043 1699 3113 ἀρετῆς
1723 3062 1737 3076 °
1910 3032 1919 3079 ⁴

1910 3027 1997 3081 67.
2029 3027 2326 3084 Silentmm
2367 3039 2426 3087 et
2463 3043 2658 3100 preces
2698 3030 2938 3084 maxima
2971 3030 3239 3084 virtutum
3266 3046 3418 3084 arma

151 3108 325 3166 αὗται
367 3116 475 3186 γὰρ
519 3117 611 3170 τὸν
655 3118 781 3172 νοῦν
815 3123 1201 3194 καθαίρουσαι,
1228 3128 1534 3199 διορατικὸν
1564 3135 1734 3207 ἁπερο
1762 3161 1808 3222 C

1763 3161 1808 3222 ε
1840 3129 1999 3183 sunt;
2054 3131 2298 3174 mentem
2345 3120 2494 3175 enim
2539 3120 2704 3174 simul
2738 3120 3062 3188 purilicant,
3107 3136 3172 3175 ac
3213 3121 3421 3191 perspi-

162 3206 442 3274 ,ἀζονται.
1681 3206 1686 3207 ⁷
1765 3206 1808 3222 υ

1681 3206 1686 3207 ί
1765 3206 1808 3222 “
1842 3211 2114 3264 caciorem
2148 3211 2407 3265 reddunt.

225 3300 332 3368 ξη’.
376 3301 645 3371 Συντυχία
695 3302 902 3373 ὠφελεῖ
951 3306 1085 3378 μόνη
1135 3309 1170 3378 ή
1214 3316 1596 3386 πνευματικήο
1627 3317 1737 3370 τῶν

1911 3301 1998 3356 68.
2033 3302 2224 3356 Solum
2251 3302 2536 3371 spirituale
2563 3303 2903 3372 colloquium
2927 3303 3153 3373 prodest
3185 3322 3199 3357 :
3234 3313 3289 3358 at
3315 3320 3419 3360 ca:-

146 3389 207 3442 δὲ
237 3388 446 3442 λοιπῶν
474 3393 666 3446 πασῶν
700 3396 1088 3466 προτιμωτέρα
1116 3399 1334 3470 ἡσυχία.

1836 3394 1974 3446 teris
2027 3393 2287 3447 omnibus
2336 3395 2616 3448 silentium
2659 3394 3062 3464 praeferendum
3101 3403 3203 3449 εει.

226 3479 327 3544 ξθ’.
370 3481 491 3533 Τῶν
519 3485 681 3537 πέντε
705 3487 926 3556 τρόπων
954 3491 1267 3559 συντυχίας,
1293 3493 1420 3555 τοὺς
1444 3498 1592 3565 τρεῖς
1617 3499 1737 3551 ἐπί-

1904 3484 1992 3538 69.
2043 3485 2123 3538 Ex
2146 3486 2391 3554 quinque
2431 3485 2610 3540 modis
2648 3486 3051 3554 colloquiorum
3088 3496 3202 3542 tres
3240 3487 3412 3557 elige;

147 3572 308 3636 λεξαι
333 3590 348 3604 ο
384 3574 466 3643 τῷ
497 3575 555 3628 δὲ
590 3579 836 3649 τετάρτῳ
883 3580 960 3649 μὴ
1007 3583 1279 3657 συχνάσῃς
1300 3599 1316 3615 ⁶
1348 3587 1442 3639 τοῦ
1482 3589 1734 3659 πέμπτου

1837 3574 1893 3627 in
1927 3582 2125 3643 quarto
2169 3592 2238 3630 ne
2269 3577 2344 3630 sis
2375 3575 2666 3645 frequens;
2714 3591 2745 3629 a
2772 3576 2967 3645 quinto
3006 3591 3257 3646 prorsus,
3289 3578 3416 3630 abs-

146 3667 449 3734 ἅπόστηθι.
1835 3665 1969 3719 line-

218 3759 285 3813 o'.
341 3760 602 3830 Ἢσυχίαν
643 3761 834 3832 ἀγαπᾷ
882 3766 911 3817 ό
960 3764 1035 3834 μὴ
1085 3765 1314 3836 πάσχων
1365 3772 1503 3841 πρὸς
1539 3775 1609 3828 τὰ
1637 3777 1731 3830 τοῦ

1906 3756 1992 3811 79.
2033 3757 2327 3812 Silentium
2353 3765 2521 3821 amat,
2554 3759 2650 3828 qui
2684 3758 2752 3813 ad
2777 3774 2840 3814 ea
2867 3774 2990 3828 quae
3029 3758 3197 3828 hujus
3219 3759 3411 3814 mundi

141 3856 385 3925 κόσμου.
423 3858 532 3909 Καὶ
563 3858 771 3922 πάντας
800 3859 926 3922 τοὺς
968 3860 1310 3932 ἀνθρώπους,
1342 3866 1371 3916 6
1403 3867 1570 3937 μηδὲν
1591 3871 1731 3939 άγα-

1833 3859 1983 3911 ευηι,
2024 3865 2134 3902 non
2179 3848 2434 3923 allicitur.
2480 3849 2683 3905 Omnes
2720 3859 2906 3904 autem
2959 3850 3215 3906 homines
3243 3861 3410 3916 amat,

143 3949 271 4001 πῶν
300 3947 662 4018 ἀνθρώπινον.
1367 4000 1370 4002 η

1367 4000 1370 4002 γ
1831 3941 1926 4012 qui
1965 3941 2101 3994 nihil
2147 3940 2447 3994 humanum
2499 3941 2554 3994 in
2608 3941 2690 3995 eis
2730 3949 2897 3995 amat.

216 4048 323 4092 oa'.
366 4041 696 4106 Διδάσκαλος
719 4043 979 4116 άληθὴςή
1012 4048 1316 4121 συνείδησις
1343 4051 1599 4122 ὑπάρχει,
1703 4056 1732 4107 6

1903 4034 1990 4087 7|.
2037 4032 2288 4101 Magistra
2316 4048 2482 4086 verax
2515 4033 2858 4087 conscientia
2881 4044 3004 4098 est;
3047 4033 3136 4087 cui
3161 4034 3411 4103 quisquis

143 4132 444 4184 ὑπακούων
470 4135 819 4202 ἀπρόσκοπος
843 4136 1108 4206 διαμένει.

1830 4126 2174 4186 auscultarit,
2210 4125 2420 4193 absque
2449 4125 2699 4193 scrupuli
2729 4125 3069 4180 oﬂ'endiculo
3090 4135 3396 4195 permanet.

221 4220 328 4290 οβ’.
385 4221 662 4288 Ἐκείνους
699 4225 895 4293 μόνους
918 4228 979 4280 οὐ
1008 4229 1184 4299 κρίνει
1219 4232 1280 4284 τὸ
1313 4235 1574 4298 συνειδὸς,
1606 4235 1733 4298 τοὺς

1903 4218 1988 4273 72.
2039 4219 2167 4272 111οε
2205 4218 2354 4272 solos
2391 4218 2731 4272 conscientia
2789 4233 2889 4272 sua
2930 4233 3041 4272 non
3071 4220 3275 4288 arguit,
3311 4218 3404 4287 qui

141 4315 228 4378 εἰς
266 4313 328 4366 τδ
359 4315 527 4386 ἄκρον
556 4318 656 4386 τῆς
697 4316 900 4388 ἀρετῆς
935 4317 966 4389 ἢ
999 4319 1098 4389 τῆς
1139 4323 1340 4388 κακίας
1392 4327 1726 4395 φθάσαντας.

1827 4309 1916 4363 vel
1967 4309 2022 4364 in
2051 4309 2341 4372 virtutum,
2371 4308 2457 4396 vel
2495 4308 2550 4362 in
2593 4309 2856 4364 vitiorum
2903 4308 3182 4378 fastigium
3214 4324 3411 4378 perve-

1831 4407 2032 4452 nerunt
2045 4440 2059 4452 .
2409 4402 2427 4447 ’κ
2970 4411 2990 4428 ’³

215 4496 321 4557 ογ’.
367 4491 548 4562 Ἄκρα
576 4490 817 4544 ἀπάθεια
838 4491 970 4560 ψιλὰ
998 4497 1144 4548 ποιεῖ
1167 4496 1234 4550 τὰ
1260 4500 1510 4568 νοήματα
1538 4516 1550 4530 ·
1581 4503 1726 4573 ἄκρα
1761 4505 1803 4560 D

1761 4505 1803 4560 ο
1910 4490 1998 4544 7'5.
2042 4490 2267 4545 Summa
2314 4490 2726 4560 impassihilitas
2779 4489 3016 4545 subtiles
3049 4489 3216 4546 ellicit
3259 4493 3410 4562 cogi—

141 4585 203 4639 δὲ
235 4585 442 4654 γνῶσις
469 4585 546 4656 τῷ
576 4585 984 4660 ὑπεραγνώστῳ
1009 4590 1360 4662 παρίστησιν.

1839 4592 2020 4649 tatus;
2069 4583 2324 4639 sublimis
2373 4598 2507 4638 vero
2559 4583 2790 4639 scientia
2830 4583 2898 4637 ad
2932 4583 3276 4654 ignotissima
3310 4585 3409 4638 ad-

1835 4673 2007 4727 ducit.

221 4761 319 4815 06'.
361 4760 519 4832 Λύπη
570 4762 720 4816 ἐστὶν
768 4763 944 4837 ψεκτῆ
995 4767 1266 4839 άποτυχία
1323 4770 1544 4841 ἡδονῶν,
1581 4767 1656 4828 ὧν
1698 4777 1727 4829 ὁ

1902 4765 1984 4816 74.
2019 4762 2277 4816 Mtestitia
2312 4777 2380 4816 cx
2415 4761 2757 4831 voluptatum
2788 4760 3007 4815 defectu
3035 4769 3298 4828 concepta
3334 4760 3413 4814 vi-

145 4857 598 4924 καταφρονήσας,
634 4854 838 4920 ἄλυπος
862 4857 1131 4926 διαμένει.

1833 4855 2156 4926 tnperabilis
2181 4863 2297 4908 est:
2326 4869 2422 4908 eas
2445 4854 2592 4908 enim
2609 4853 2705 4922 qui
2731 4851 3149 4920 contempserit,
3179 4851 3411 4906 inoﬂ‘en-

1829 4962 1923 5001 sus
1960 4950 2246 5014 permanet
2278 4958 2343 4996 ac
2369 4942 2669 5012 jucundus.

218 5034 316 5080 oa'.
373 5028 437 5081 Ἦ
466 5029 612 5098 λύπη
643 5031 873 5084 καθόλου
906 5033 1162 5102 στέρησίς
1192 5035 1342 5090 ἐστιν
1367 5038 1580 5109 ἡδονῆς,
1617 5038 1724 5093 κάν

1902 5036 1990 5090 75.
2043 5034 2352 5102 Voluptatis
2399 5033 2676 5101 repressio
2735 5039 2856 5093 est,
2904 5032 3083 5085 omnis
3148 5031 3407 5091 tristitia.

143 5134 208 5171 τε
238 5118 344 5186 τῆς
376 5123 517 5174 κατὰ
549 5121 703 5185 Θεὸν,
733 5121 837 5175 κᾶν
863 5123 962 5193 τῆς
991 5123 1134 5177 κατὰ
1158 5125 1366 5194 κόσμον
1389 5129 1608 5201 νοήσῃς.

1826 5126 1944 5180 sive
1976 5140 2098 5195 qua:
2141 5124 2446 5180 secundum
2488 5123 2662 5177 Deum
2695 5130 2799 5184 est,
2833 5121 2949 5176 sive
2979 5137 3108 5191 qum
3139 5120 3407 5174 mundum

1832 5218 1994 5287 sapit.

220 5288 337 5354 ος-’.
379 5291 514 5345 Θεοῦ
544 5293 660 5346 ἐστι
707 5294 975 5364 βασιλεία,
1014 5296 1285 5366 άγαθότης
1327 5299 1421 5352 καὶ
1452 5300 1634 5369 σοφία,
1657 5295 1731 5355 ὧν

1904 5306 1992 5360 76.
2037 5306 2133 5360 Dei
2167 5319 2420 5373 regnum,
2461 5312 2546 5357 cst
2583 5302 2801 5358 bonitas
2829 5315 2893 5355 ac
2927 5300 3232 5370 sapientia;
3271 5315 3407 5369 quas

141 5384 174 5435 6
205 5383 506 5453 ἐπιτυχὼν,
549 5385 610 5437 ἐν
636 5386 884 5456 οὐρανοῖς
909 5387 1271 5443 πολιτεύεται.

1829 5399 1922 5470 (ιυί
1977 5408 2192 5458 nactus,
2244 5397 2532 5466 municeps
2566 5405 2651 5451 est
2694 5395 2752 5448 in
2789 5393 2967 5449 caelis.

220 5475 327 5538 οξ.
379 5479 619 5541 Ἐκεῖνος
653 5478 838 5542 ἄθλιος
879 5479 1185 5550 ἄνθρωπος,
1231 5482 1258 5533 6
1291 5483 1391 5552 τῆς
1415 5483 1594 5556 ψυχῆς
1634 5487 1732 5555 μὲν

1903 5489 1986 5542 77.
2027 5489 2121 5544 Ille
2155 5489 2326 5543 miser
2367 5497 2454 5542 est
2509 5488 2697 5551 homo,
2731 5486 2826 5556 qui
2875 5486 2929 5540 in
2980 5483 3242 5553 operibus
3292 5480 3406 5535 suis

141 5565 210 5620 τὸ
239 5567 425 5638 σῶμα,
460 5569 557 5623 τοῦ
589 5571 726 5624 Θεοῦ
757 5572 814 5625 δὲ
841 5571 932 5626 τὸν
965 5572 1170 5642 κόσμον
1219 5577 1330 5638 τοῖς
1372 5575 1553 5646 ἔργοις
1593 5593 1730 5649 προ-

1831 5596 2033 5649 corpus
2069 5595 2233 5648 quam
2279 5581 2541 5646 animam,
2595 5589 2653 5636 et
2698 5577 2965 5634 mundum
3012 5591 3172 5645 quam
3230 5573 3401 5629 Deum

142 5659 414 5730 τιμήσας.

1833 5670 2058 5742 majoris
2089 5670 2241 5726 facit.

223 5777 252 5816 ἀ
283 5777 400 5833 Act.
436 5795 485 5844 κ,
520 5780 605 5834 42.
689 5792 711 5820 τ
741 5780 880 5835 Psal.
919 5796 1024 5848 in,
1083 5781 1144 5834 l5
