4198 6434
745 394 884 463 1435

1975 363 2375 436 THALASSII
2415 361 2733 423 ABBATIS

3858 341 3997 406 1436

951 500 1231 570 Ᾱῐίιυιιιοιη
1268 497 1321 550 in
1350 508 1542 548 omnes
1563 491 1888 546 cbaritatem
1916 485 2182 556 possidet,
2212 477 2306 551 qui
2336 477 2373 534 Α

2481 472 2581 542 οη’.
2627 474 2779 540 Ἰσην
2819 468 2917 537 τὴν
2966 465 3185 534 ἀγάπην
3228 462 3362 532 πρὸς
3407 457 3616 519 πάντας
3661 456 3924 523 κέκτηται
3964 454 3995 505 δ

2478 564 2500 570 ..
2619 559 2632 570 ι
2865 557 2888 570 ι-
2933 556 2945 570 ο
3123 555 3135 570 ο
3238 551 3309 570 Δ-.
3339 550 3404 570 ο..
3480 548 3601 570 _-!_-
3651 545 3701 570 ex
3755 543 3994 570 .....'.\-..-

742 595 904 649 bonis
951 607 1059 645 non
1103 586 1332 649 invidet,
1378 584 1763 650 malorumque
1802 579 2116 633 miseretur.

814 769 901 821 79.
946 766 1118 831 Quam
1161 777 1289 817 vere
1337 761 1571 815 idoneus
1597 768 1653 815 et
1689 758 1842 813 utilis
1888 757 1957 812 ad
1992 755 2314 827 regendum,

2416 564 2528 623 τοῖς
2576 559 2676 630 μὲν
2721 556 3030 619 σπουδαίοις
3078 555 3153 623 μὴ
3195 550 3427 620 φθονῶν,
3477 548 3602 609 τοὺς
3648 545 3703 598 δὲ
3753 543 3994 613 φαύλους

2417 651 2603 706 ἐλεῶν.

2488 742 2583 797 00'.
2623 737 2822 812 Ἀρξαι
2871 739 2948 800 ὼς
2989 734 3207 805 άληθῶς
3247 734 3452 795 ἐκεῖνος
3515 729 3769 798 ὤφειλεν,
3814 728 3843 779 ὁ
3894 726 3991 778 καὶ

746 861 839 928 qui
881 858 991 927 jam
1033 864 1194 908 antea
1240 853 1435 907 anima:
1474 851 1805 920 eorporique
1841 864 1941 903 suo
1984 848 2206 902 virtutis
2235 847 2317 901 le-

2424 836 2561 905 ψυχῇ
2593 833 2688 887 καὶ
2717 831 2927 902 σώματι
2955 830 3023 884 τὰ
3055 829 3154 899 τῆς
3181 827 3385 897 ἀρετῆς
3414 822 3809 894 νομοθετήσας.

746 965 840 1017 gcs
874 947 1024 1000 tulit!

818 1039 906 1091 80.
943 1038 1037 1093 Ille
1057 1036 1359 1106 spiritualis
1378 1043 1462 1089 est
1490 1034 1819 1103 negotiator,
1850 1032 1944 1103 qui
1971 1032 2156 1087 suavia
2186 1047 2317 1101 pro-

749 1143 1020 1197 speraque
1076 1128 1239 1197 hujus
1290 1124 1480 1179 mundi
1534 1134 1761 1194 propter
1817 1123 2003 1178 futura
2045 1139 2113 1178 ex
2163 1137 2320 1192 atquo

750 1218 1075 1273 contemnit.

823 1310 910 1363 8l.
957 1310 1154 1363 Anima
1203 1308 1473 1363 charitate
1515 1319 1574 1363 et
1623 1307 1986 1378 temperantia
2025 1307 2319 1373 ﬁrmatur;

754 1417 907 1455 mens
923 1416 1053 1454 vero
1072 1402 1225 1469 puris
1240 1401 1495 1469 precibus
1509 1416 1571 1454 ac
1589 1400 1821 1467 spiritali
1834 1398 2321 1467 contemplatione.

825 1493 914 1545 δὲ.
954 1489 1090 1546 Cum
1133 1507 1442 1545 sermonem
1508 1492 1695 1544 utilem
1751 1491 1928 1554 audis,
1972 1507 2083 1543 non
2137 1491 2323 1558 judica

753 1584 1051 1648 dicentem,
1077 1600 1146 1637 ue
1173 1596 1225 1637 te
1252 1584 1431 1651 ipsum
1458 1583 1695 1651 pretiosa
1716 1582 2097 1636 admonitione
2120 1580 2320 1650 prives.

825 1756 913 1811 85.
955 1758 1232 1811 Iudicium
1267 1774 1496 1827 pravum
1526 1759 1667 1813 mala
1695 1759 1918 1828 cogitat,
1948 1768 2005 1813 et
2038 1757 2322 1811 benefacta

756 1849 992 1916 proximi
1041 1848 1336 1902 inﬁdeliter
1381 1850 1659 1904 narrando
1700 1852 1880 1905 elevat
1923 1865 1989 1903 ac
2028 1849 2326 1903 imminuit.

827 1937 914 1991 8-5.
944 1939 1022 1992 Ne
1048 1939 1353 1993 credideris
1380 1941 1644 2011 cogitatui
1678 1943 1818 1995 mala
1851 1942 1917 1995 de
1954 1942 2202 2009 proximo
2227 1956 2323 1995 co-

756 2028 950 2096 gitanti
983 2047 995 2082 :
1034 2045 1159 2083 nam
1194 2031 1288 2099 qui
1327 2033 1531 2085 malum
1582 2033 1900 2086 thesaurum
1954 2033 2140 2095 habet,
2183 2033 2324 2086 mala

753 2119 921 2173 etiam
970 2121 1193 2189 cegitat.

952 2210 1161 2263 Bonum
1194 2226 1291 2265 cor
1326 2211 1500 2267 bonas
1542 2212 1906 2283 cogitationes
1935 2214 2110 2267 nutrit
2143 2231 2156 2266 :
2188 2231 2327 2283 qua-

756 2298 864 2353 lem
909 2301 1058 2354 enim
1094 2302 1412 2356 thesaurum
1450 2303 1634 2369 habet,
1664 2304 1801 2358 tales
1836 2303 2002 2359 etiam
2036 2304 2202 2360 habet
2233 2320 2328 2359 co-

754 2391 1066 2460 gilationes.

828 2484 917 2539 86.
950 2485 1098 2540 Habe
1142 2488 1409 2541 rationem
1446 2487 1842 2557 cogitationum
1897 2498 2136 2551 tuarum,
2170 2488 2329 2541 mali-

758 2580 1000 2647 tiamque
1034 2579 1192 2650 fuge;
1268 2594 1340 2634 ne
1378 2580 1613 2635 obscura
1665 2590 1849 2635 mente
1897 2581 2003 2635 alia
2054 2596 2155 2651 pro
2208 2580 2331 2635 aliis

761 2669 963 2723 videas.

833 2761 918 2814 87.
965 2760 1184 2815 Iudaeos
1228 2769 1355 2816 ante
1398 2761 1590 2816 oculos
1631 2776 1902 2831 pr0pone,
1945 2771 2105 2831 teque
2146 2762 2330 2831 ipsum

760 2849 994 2902 munias.
1026 2850 1238 2904 Invidia
1263 2850 1410 2904 enim
1440 2849 1727 2915 obcaecati,
1758 2851 2051 2905 Dominum
2076 2860 2133 2906 et
2161 2851 2332 2905 Deum

761 2940 1102 2995 Beelzebulis
1140 2942 1363 2996 nomine
1401 2942 1743 2996 infamabant
1783 2943 1826 2996 ί.

836 3034 920 3087 88.
955 3033 1310 3102 Suspiciones
1330 3036 1484 3089 mala:
1504 3046 1739 3090 mentem
1759 3036 2070 3098 obfuscant,
2096 3036 2334 3091 faciunt-

762 3138 869 3192 que
916 3133 975 3177 ut
1014 3140 1079 3178 ea
1118 3141 1240 3196 qua:
1280 3134 1434 3181 extra
1483 3126 1627 3179 viam
1674 3138 1822 3191 sunt,
1863 3128 2157 3181 videantur
2212 3143 2334 3183 esse
2362 3165 2409 3228 ε

764 3229 819 3265 Ill
854 3230 962 3266 \‘la.

835 3305 922 3358 89.
958 3305 1120 3360 Juxta
1156 3320 1349 3361 omnes
1392 3306 1623 3361 virtutes
1653 3308 1964 3362 scaturiunt
1990 3318 2046 3363 et
2090 3310 2337 3374 vitia;et

768 3397 896 3451 inde
943 3407 1047 3460 est,
1098 3413 1272 3467 quare
1314 3398 1442 3453 mali
1487 3398 1720 3453 virtutes
1778 3400 1831 3454 in
1872 3401 2071 3455 malam
2122 3414 2335 3471 partem

770 3489 821 3542 in
832 3498 1224 3559 terpretantur.

838 3582 932 3635 90.
973 3582 1125 3637 Mens
1162 3583 1207 3637 si
1241 3582 1296 3635 in
1327 3598 1386 3637 re
1428 3582 1612 3652 aliqua
1646 3582 1856 3636 diutius
1887 3584 1970 3638 vel
1998 3584 2337 3650 oblectctur,

743 3670 853 3723 'vel
904 3680 1151 3733 intereat,
1202 3672 1387 3724 statim
1418 3672 1475 3725 in
1504 3672 1709 3727 acediae
1750 3687 1912 3741 grave
1947 3673 2147 3726 malum
2172 3673 2337 3726 cadit.

844 3762 931 3816 91.
959 3762 1306 3816 Conscientia
1331 3778 1467 3831 pura
1495 3765 1731 3817 animam
1756 3764 1981 3826 excitat,
2011 3779 2176 3832 quam
2218 3780 2341 3817 rur-

773 3871 867 3909 sus
923 3856 976 3908 in
1014 3864 1218 3909 terram
1268 3857 1548 3911 immunda
1588 3858 1847 3927 cogitatio
1886 3858 2093 3928 dejicit.

848 3945 936 3999 92.
961 3946 1255 4016 Exagitatw
1273 3947 1557 4015 passiones
1582 3949 2072 4017 expellunt’vanam
2094 3948 2342 4018 gloriam:

776 4042 833 4087 at
876 4035 920 4088 si
969 4036 1171 4103 quieta:
1217 4036 1543 4101 consistant,
1588 4053 1710 4091 eam
1769 4054 1960 4093 rursus
2005 4039 2347 4109 postliminio

777 4132 1057 4179 revocant.

850 4217 940 4271 95.
982 4216 1076 4270 \‘is
1106 4216 1275 4270 semel
1303 4218 1373 4271 ab
1420 4217 1679 4273 omnibus
1710 4218 1879 4274 animi
1909 4220 2345 4288 perturbationi-

780 4306 886 4362 bus
932 4308 1195 4362 liberari?
1222 4309 1549 4364 assuefacito
1576 4321 1628 4365 te
1656 4311 1935 4377 charitati,
1976 4312 2269 4366 contentiae
2292 4319 2349 4366 et

781 4398 1060 4468 precibus.

2492 1018 2565 1064 π’.
2610 1008 3044 1081 Πραγματευτὴς
3069 1004 3442 1077 πνευματικὸς
3476 1004 3693 1064 ἐκεῖνος
3728 999 3992 1068 υπάρχει,

2421 1106 2450 1157 ὁ
2478 1104 2537 1167 ἐξ
2577 1103 2694 1154 ῖσου
2736 1101 2825 1152 διὰ
2868 1100 2936 1153 τὰ
2967 1098 3229 1167 μέλλοντα
3268 1096 3363 1148 καὶ
3392 1094 3501 1148 τῶν
3534 1093 3708 1165 ἡδέων
3740 1091 3837 1144 τοῦ
3875 1088 3996 1159 βίου

2423 1196 2516 1249 καὶ
2545 1192 2652 1245 τῶν
2693 1189 2997 1259 αὐστειρῶν
3027 1188 3461 1258 ἀποταξάμενος.

2494 1291 2606 1337 πα’.
2656 1281 2916 1336 Ῥώννυσι
2941 1279 3119 1350 ψυχὴν
3148 1278 3267 1348 μὲν,
3299 1278 3487 1345 ἀγάπη
3531 1276 3626 1329 καὶ
3655 1274 3959 1343 ἐγκράτεια
3984 1283 4003 1298 ⁶

2423 1373 2547 1427 νοῦν
2570 1373 2626 1425 δὲ
2655 1369 2931 1442 προσευχὴ
2960 1368 3198 1437 καθαρὰ,
3234 1367 3330 1418 καὶ
3379 1364 3580 1434 Θεωρία
3614 1359 3995 1432 πνευματική.

2493 1460 2601 1530 πῤ’.
2658 1460 2896 1513 ἰξκούων
2938 1458 3093 1525 λόγον
3137 1455 3435 1525 ὠφέλιμον,
3480 1452 3556 1522 μὴ
3595 1455 3748 1521 κρῖνε
3778 1452 3876 1503 τὸν
3906 1449 3997 1502 λέ-

2422 1572 2605 1622 γοντα,
2661 1553 2746 1604 ἵνα
2799 1552 2874 1621 μὴ
2924 1550 3022 1619 τῆς
3069 1545 3385 1616 ἑπωερελοῦς
3441 1544 3724 1605 νουθεσίας
3790 1540 3993 1593 ἑαυτὸν

2425 1644 2828 1714 ἀποστερήσῃς.

2500 1744 2610 1806 πγ’.
2653 1735 2851 1805 Γνώμη
2875 1732 3085 1803 πονηρὲ
3105 1730 3250 1785 κακὰ
3282 1728 3616 1798 ἐνθυμεῖται,
3643 1727 3741 1779 καὶΙ
3768 1725 3839 1778 τὲ
3874 1740 4009 1776 κατ-

2360 1816 2401 1871 Β
2427 1830 2721 1901 ορθώματα
2753 1825 2848 1879 τοῦ
2912 1822 3138 1894 πλησίον
3163 1824 3243 1885 εἰς
3272 1820 3529 1874 ἐλάττονα
3560 1815 4006 1887 παραγνωρίζει.

2501 1919 2605 1974 πδ’.
2645 1917 2737 1987 Μὴ
2785 1916 3007 1969 πίστευε
3041 1913 3121 1983 τῷ
3163 1910 3411 1980 λογισμῷ
3456 1910 3697 1977 κρίνοντι
3731 1906 3823 1960 τὸν
3867 1906 4010 1974 πλη-

2430 2013 2566 2075 σίον,
2594 2012 2676 2064 ὃτι
2707 2008 2943 2079 πονηρὸν
2988 2006 3125 2077 ἔχων
3155 2002 3452 2075 Θησαυρὸν,
3483 1998 3696 2070 πονηρά
3723 1998 3819 2051 καὶ
3849 1996 4004 2065 λογί-

2429 2108 2605 2251 (5::
2660 2194 2865 2265 Ἀγαθὴ
2903 2192 3100 2263 καρδία
3138 2186 3350 2256 ἀγαθὰς
3400 2184 3609 2246 ἑννοίας
3637 2182 3795 2253 φέρει
3820 2197 3836 2212 ο
3865 2179 4008 2247 πρὸς

2431 2286 2539 2358 γὰρ
2560 2288 2651 2340 τὸν
2683 2284 2954 2356 θησαυρὸν
2976 2280 3164 2345 αὑτοῦ,
3203 2280 3296 2332 καὶ
3318 2278 3385 2331 τά
3427 2275 3790 2347 ἐνθυμήματα
3816 2270 4011 2325 αὐτοῦ.

2504 2471 2622 2530 πς’.
2665 2465 2833 2534 Τήρει
2859 2463 2984 2525 τοὺς
3010 2460 3327 2529 λογισμοὺς,
3356 2459 3450 2512 καὶ
3462 2457 3632 2526 φεῦγε
3657 2457 3767 2510 άπὸ
3787 2455 4012 2517 κακίαςο

2435 2559 2522 2612 ἵνα
2550 2558 2624 2629 μὴ
2648 2555 2951 2618 σκοτισοεὶς
2972 2558 2999 2608 ὁ
3031 2554 3153 2617 νοῦς
3191 2552 3327 2607 ἄλλα
3358 2552 3473 2605 ἀντ’
3502 2550 3679 2604 ἄλλων
3727 2548 3927 2619 βλέπῃ.

2506 2737 2614 2801 πζ’.
2670 2735 2869 2787 Ἐννόει
2894 2734 3021 2795 τοὺς
3054 2730 3365 2795 Ἰουδαίους,
3396 2728 3493 2784 καὶ
3516 2727 3815 2795 ἁσφάλισαι
3848 2743 4017 2780 σεαυ·

2436 2828 2545 2880 τόν.
2576 2829 2637 2881 Οἱ
2659 2829 2722 2879 ὲκ
2763 2825 2858 2877 τοῦ
2902 2824 3099 2890 φθόνου
3129 2821 3528 2890 τυφλωθέντες,
3557 2819 3648 2871 τὸν
3680 2818 3885 2889 Κύριον
3914 2816 4016 2868 καὶ

2439 2919 2571 2972 Θεὸν
2596 2920 2675 2979 εἰς
2710 2914 3038 2977 Βεελζεϐοὺλ
3068 2910 3516 2983 παρεγνὼρισαν.

2510 3008 2623 3078 πη’.
2674 3007 2933 3061 ’Υπόνοια
3000 3005 3215 3076 πονηρὰ
3272 3004 3512 3068 σκοτίζει
3592 3000 3859 3064 διάνοιαν,
3916 2998 4019 3052 καὶ

2441 3104 2604 3165 ποιεῖ,
2641 3099 2708 3152 τὰ
2738 3100 2885 3166 παρὰ
2913 3098 3012 3168 τὴν
3041 3097 3179 3160 ὁδὸν,
3212 3096 3335 3151 ἀντὶ⁵
3360 3098 3459 3166 τῆς
3484 3092 3605 3146 ὁδοῦ
3636 3093 3886 3162 Θεωρεῖν.

2515 3291 2621 3343 πο’.
2664 3291 2793 3352 Ταῖς
2847 3289 3067 3357 ἀρεταῖς
3136 3283 3376 3346 ἁπάσαις
3436 3279 3909 3351 παραπεπήγασιν
3968 3277 4023 3329 αι

2445 3386 2665 3439 κακίαι·
2705 3383 2800 3436 καὶ
2822 3383 2911 3435 διὰ
2939 3380 3100 3433 τοῦτο
3124 3378 3222 3440 τὰς
3248 3376 3451 3446 ἀρετὰς
3484 3387 3534 3427 οι
3558 3372 3782 3440 πονηροὶ
3810 3372 3892 3433 εἰς
3925 3387 4025 3423 κα-

2446 3479 2569 3541 κίας
2603 3472 3100 3546 παραγνωρίζουσι.

2517 3575 2589 3636 ιι..
2641 3568 2831 3635 οηδονῇ
2873 3565 2907 3634 ἦ
2956 3564 3104 3635 λύπῃ
3144 3558 3474 3630 ὲγχρονίξων
3530 3558 3560 3609 ὁ
3607 3553 3753 3617 νοῦς,
3802 3551 3883 3621 τῷ
3933 3550 4032 3620 τῆς

2449 3661 2681 3730 ἀκηδίας
2710 3656 2873 3711 πάθει
2900 3656 3131 3724 τάχιστα
3161 3650 3506 3720 περιπίπτει.

2520 3749 2630 3816 ια’.
2670 3746 2984 3816 Συνείδησις
3015 3740 3233 3811 καθαρὰ
3259 3739 3517 3810 διεγείρει
3534 3737 3609 3807 ψυ
3615 3736 3736 3807 χὴν,
3760 3733 4032 3803 λογισμὸς

2448 3843 2507 3897 δὲ
2540 3839 2780 3913 ῥυπαρὸς
2810 3834 3187 3905 καταχθονίζει
3214 3832 3409 3900 αὐτήν.

2523 3936 2628 4004 1.,βν.
2670 3929 2980 3999 Κινοὺμενα
3004 3927 3074 3980 τὰ
3106 3925 3253 3994 πάθη
3278 3920 3650 3976 ἀπελαύνουσι
3685 3915 4030 3984 κενοδοξίαν·

2453 4023 2822 4100 ἀναιρούμενα
2852 4021 2929 4085 δὲ,
2958 4018 3120 4071 πάλιν
3140 4016 3314 4085 αὐτὴν
3344 4010 3810 4082 ὑποστρέφουσιν.

2527 4216 2634 4277 [ιγ’.
2678 4206 2738 4259 Εἰ
2779 4204 2996 4257 πάντων
3051 4197 3187 4268 ὁμοῦ
3240 4193 3351 4247 τῶν
3413 4190 3603 4246 παθῶν
3650 4188 4039 4256 ἀπαλλαγῆναι

2458 4300 2650 4362 Θέλεις,
2676 4291 3002 4364 ἐγκράτειαν
3037 4288 3131 4340 καὶ
3162 4283 3385 4354 ἀγάπην
3416 4281 3509 4336 καὶ
3549 4278 3869 4349 προσευχὴν
3898 4277 4034 4331 ανά-

2457 4391 2612 4444 λαϐε.

847 4489 936 4543 94.
976 4489 1127 4543 Mens
1160 4488 1302 4557 apud
1335 4489 1509 4543 Deum
1550 4505 1758 4544 moram
1803 4490 2009 4546 faciens
2047 4494 2349 4562 precando,

2424 4527 2429 4555 ν
2531 4483 2630 4550 ίιιδό
2670 4476 2812 4540 Νοῧς
2840 4474 2928 4529 διὰ
2960 4467 3274 4567 προσευχῆξ
3298 4464 3376 4535 τῷ
3555 4461 3915 4567 ἔγχεονξζων,
3943 4462 4037 4515 καὶ

783 4578 1066 4634 aﬂ'ectivas
1108 4582 1305 4634 anima:
1351 4582 1496 4636 vires
1536 4597 1566 4635 a
1623 4582 1974 4649 passionibus
2019 4584 2236 4640 liberat.

857 4670 943 4724 95.
982 4671 1133 4723 Sicut
1181 4671 1326 4724 Deus
1365 4671 1621 4726 omnibus
1653 4688 1775 4741 qua:
1820 4683 1971 4738 sunt,
2020 4674 2174 4730 dedit
2205 4693 2349 4745 esse,

788 4761 864 4814 ita
906 4769 964 4813 et
993 4761 1179 4814 omnia
1214 4761 1557 4829 providentia
1605 4777 1701 4815 sua
1744 4764 1905 4817 simul
1948 4765 2244 4836 colligavit.

860 4853 951 4909 96.
989 4853 1055 4907 Et
1089 4870 1213 4907 cum
1256 4864 1403 4908 esset
1437 4855 1722 4918 Dominus,
1768 4854 1943 4909 factus
1973 4871 2164 4911 servus
2198 4872 2347 4914 sum-

791 4964 935 5003 mam
962 4963 1089 5017 erga
1122 4957 1406 5003 creaturas
1435 4948 1836 5017 providentiam
1868 4949 2169 5003 declaravit
2198 4953 2245 5005 ε.

862 5043 950 5095 97.
984 5041 1135 5094 Deus
1164 5050 1221 5093 et
1245 5042 1485 5094 Verbum
1518 5042 1726 5110 absque
1765 5042 1851 5094 sui
1884 5043 2243 5098 conversione
2275 5044 2356 5099 in-

793 5142 1072 5197 carnatus,
1109 5133 1255 5186 omni
1303 5140 1567 5187 creatura:
1598 5148 1694 5201 per
1728 5147 1950 5186 carnem
1986 5132 2174 5188 unitus
2214 5144 2317 5189 est.

866 5229 953 5282 98.
984 5229 1188 5281 Rarum
1223 5224 1545 5279 miraculum
1591 5225 1646 5277 in
1685 5224 1824 5278 C(BIO
1860 5233 1916 5279 et
1948 5225 2000 5279 in
2039 5235 2203 5289 terra,
2226 5227 2355 5297 quia

796 5321 943 5374 Deus
972 5332 1137 5386 super
1164 5326 1387 5378 terram,
1435 5323 1491 5369 ct
1524 5316 1687 5367 homo
1728 5317 1783 5369 in
1813 5316 1996 5381 oculis;
2028 5326 2088 5370 ut
2111 5318 2363 5373 homines

800 5410 1009 5481 angelis
1043 5409 1470 5471 associarentur,
1513 5416 1568 5462 et
1602 5407 1751 5462 omni
1797 5417 2061 5464 creatura:
2106 5409 2367 5466 divinitas

803 5502 1161 5557 tribueretur.

881 5643 899 5684 ί
928 5643 1062 5696 Luc.
1096 5654 1166 5695 xi.
1216 5638 1293 5690 lii.
1376 5642 1397 5677 ε
1427 5638 1659 5707 Philipp.
1706 5655 1759 5696 ιι.
1790 5638 1837 5690 7.

890 5791 914 5821 α
948 5779 1073 5834 Ii'd’r
1107 5777 1266 5832 Forte
1293 5774 1404 5831 καί.

2447 4585 2509 4639 τὸ
2548 4570 2847 4641 παθητικὸν
2870 4566 2971 4634 τῆς
3004 4561 3180 4631 ψυχῆς
3208 4556 3317 4610 τῶν
3340 4554 3531 4609 παθῶν
3559 4554 3931 4607 ἀπαλλάττει.

2521 4675 2623 4737 113',
2672 4666 2732 4717 Ὀ
2760 4660 2892 4720 Θεὸς
2921 4655 2983 4708 τὸ
3020 4647 3161 4704 εἶναι
3205 4649 3319 4711 τοῖς
3371 4644 3491 4699 οὖσι
3529 4641 3803 4706 δεδωκὼς,
3841 4642 3943 4695 καὶ
3978 4643 4042 4711 τῇ

2451 4759 2678 4833 προνοίᾳ
2706 4751 2869 4809 αὐτοῦ
2909 4749 3026 4819 ἅμα
3045 4746 3114 4799 τὲ
3141 4742 3320 4797 πάντα
3344 4739 3665 4808 συνέδησεν.

2521 4827 2951 4921 tg'.'Aeo1témg
2979 4839 3035 4893 δὲ
3067 4835 3350 4905 ὑπάρχων,
3374 4832 3467 4885 καὶ
3489 4827 3674 4890 δοῦλος
3718 4827 4041 4895 γενόμενος,

2457 4948 2518 5001 τὸ
2543 4945 2710 5014 ἄκρον
2741 4939 2840 5007 τῆς
2871 4930 3124 5005 προνοίας
3154 4930 3221 4998 τῇ
3252 4925 3429 4978 κτίσει
3452 4922 3739 4989 ἐξέφηνεν.

2531 5011 2635 5103 ιιζν,
2685 5034 2745 5087 Ὀ
2769 5028 2900 5090 θεὸς
2924 5023 3018 5077 καὶ
3032 5020 3203 5088 Λόγος
3226 5016 3509 5086 ἀτρέπτων
3533 5011 3863 5083 σαρκωθεκ,
3890 5013 4043 5083 πάσῃ

2460 5132 2527 5200 τῇ
2559 5126 2733 5180 κτίσει
2759 5119 2847 5175 διὰ
2876 5118 2977 5186 τῆς
3010 5110 3211 5182 σαρκὸς
3237 5106 3443 5200 ήνὼρη.

2533 5216 2640 5289 λη’.
2682 5214 2841 5267 Ξένον
2863 5207 3047 5276 θαῦμα
3074 5204 3132 5256 ἐν
3162 5197 3375 5271 οὖρανῷ
3396 5194 3490 5249 καὶ
3513 5193 3605 5248 ἐπὶ
3632 5193 3760 5289 γῆς,
3802 5192 3887 5289 se,

2470 5282 2570 5368 Eni:
2595 5282 2725 5378 ἧς,
2777 5304 2877 5358 κᾶν
2902 5313 2927 5341 ι
2954 5298 3236 5367 ἄνθρωπος
3286 5291 3346 5343 ὲν
3395 5289 3674 5362 οὐρανοϊς’
3715 5285 3806 5378 ἵνα
3830 5282 4043 5378 ἀνθρῴ.

2473 5376 2623 5465 πους-
2654 5376 2908 5467 άγγέλοις
2952 5388 3213 5458 συνάψας,
3268 5384 3385 5455 ἅμα
3433 5380 3680 5452 πάσῃντῇ
3718 5377 3904 5431 κτίσει
3952 5376 4045 5447 τὴν

2474 5482 2667 5552 θέωσιν
2693 5489 3007 5562 χαρίσηται.
