4198 6434
185 381 309 443 1437

1578 392 1963 452 CENTURIA
2003 393 2084 452 II.

3273 397 3407 458 1438

247 489 347 555 1.,θ’.
403 491 697 566 ’Δγιασμδς
742 501 833 555 καὶ
881 501 1078 565 θέωσις
1124 503 1372 571 ἀγγέλων
1398 506 1491 560 καὶ
1525 507 1736 578 ἀνθρώ·
1765 515 1808 569 Α

1765 515 1808 569 Α
1908 500 1996 554 99.
2041 499 2172 553 Tam
2212 501 2531 569 angelorum
2564 517 2726 570 quam
2767 501 3056 556 hominum
3094 503 3404 558 sanctiﬁca-

182 598 314 646 πων,
347 585 380 653 ἡ
421 585 622 652 γνῶσις
653 589 752 659 τῆς
779 593 942 660 ἁγίας
971 594 1066 647 καὶ
1097 596 1381 663 ὀμοουσίου
1404 598 1656 668 Τριάδος.

247 761 314 824 ρ’.
356 757 712 830 Συγχὼρησις
761 764 1067 834 ἁμαρτιῶν,
1116 765 1306 820 παθῶν
1343 768 1493 821 ἐστιν
1533 769 1747 822 ἐλευθε-

1840 590 1916 642 tio
1962 598 2017 641 cl.
2061 590 2373 653 deiﬁcatio,
2425 600 2509 646 est
2559 604 2760 646 sancta:
2809 594 3409 663 consubstantialisque

1844 680 2134 733 Trinitatis
2163 682 2425 749 cognitio.

1921 771 2041 824 l00.
2070 773 2425 826 Peccatorum
2450 773 2703 828 remissio
2722 773 3032 830 libertatem
3058 774 3128 829 ab
3159 773 3411 829 affectio-

181 847 292 915 ρία,
324 841 400 901 ὧν
431 849 459 900 δ
492 853 660 921 μήπω
707 853 1040 925 ἀπαλλαγεὶς
1082 857 1288 929 χάριτι,
1321 858 1423 930 τῆς
1455 862 1747 932 συγχωρή-

1844 861 2010 916 nibus
2039 871 2261 931 praestat
2296 881 2309 917 :
2345 881 2509 934 quam
2543 865 2638 933 qui
2669 866 2914 919 nondum
2945 882 3040 932 per
3062 866 3292 936 gratiam
3325 881 3409 920 as—

180 951 317 1002 σεως
340 937 494 994 οὔπω
514 942 722 1012 ἔτυχεν.

190 1209 385 1234 ξ

1846 962 2071 1008 secutus
2117 964 2222 1019 est,
2257 957 2327 1011 ab
2351 938 2420 1011 eo
2451 958 2617 1013 etiam
2654 966 2877 1028 peccata
2917 959 3162 1012 nondum
3194 959 3406 1014 disces-

1847 1051 2060 1096 serunt.

400 1221 1907 1254 ._..____________________

1364 1382 2020 1481 ΕΚΑΤΟΝΤΑΣ
2095 1399 2205 1492 B'.

1469 1555 1580 1626 Ἦς
1612 1567 1644 1637 ή
1675 1567 1984 1638 ἀκροστιχὶς
2011 1570 2106 1640 ἥδε

506 1701 695 1778 Εὖξαι
717 1711 870 1783 ὑπὲρ
898 1713 1064 1784 ἐμοῦ,
1099 1713 1324 1786 ἀδελφὰ
1347 1718 1666 1787 auiditate,
1700 1723 1790 1776 ὅτι
1809 1725 2042 1792 μεγάλα
2080 1729 2236 1783 κακὰ
2257 1725 2576 1796 προσδοκῶ
2603 1728 2742 1792 ἀξια
2769 1727 2881 1798 τῆς
2907 1725 3056 1796 ἑμῆς

931 1809 1352 1878 προαιρέσεως,
1385 1814 1584 1880 λύπας
1607 1815 1681 1883 τῇ
1701 1817 1894 1885 ψυχῇ,
1925 1817 2023 1872 καί
2052 1818 2274 1887 ὀδύνας
2297 1821 2376 1887 τῷ
2405 1821 2650 1889 σώματι.

1377 2119 1983 2214 CENTURIA
2066 2127 2203 2244 ιι,

1006 2309 1176 2385 Cujus
1201 2328 1459 2370 versuum
1490 2316 1679 2384 primae
1721 2317 1919 2373 litterae
1945 2317 2046 2372 has
2073 2332 2238 2374 voces
2272 2317 2535 2376 exhibent
2559 2336 2575 2374 ;

538 2460 667 2524 Ora
696 2479 819 2543 pro
869 2481 982 2536 me,
1025 2467 1229 2545 frater
1269 2466 1662 2544 dignissime;
1702 2469 1865 2530 mala
1911 2471 2069 2531 enim
2106 2478 2394 2548 exspecto
2431 2468 2700 2549 grandia
2741 2477 2798 2531 et
2835 2466 3028 2547 digna

767 2565 918 2628 meis
959 2564 1212 2644 studiis,
1264 2567 1564 2628 tristitia:
1603 2569 1839 2631 scilicet
1879 2569 2075 2632 animi
2112 2581 2166 2632 et
2205 2568 2454 2631 dolores
2492 2569 2804 2646 corporis.

240 2858 314 2915 α’.
356 2859 590 2924 Ἐθέλεις
616 2859 708 2928 ὑφ’
744 2860 804 2915 ἓν
831 2859 941 2914 τῶν
971 2860 1180 2916 κακιῶν
1205 2860 1589 2933 ἀπαλλαγῆναι
1613 2879 1628 2930 ;
1656 2863 1724 2934 τῇ
1767 2866 1810 2921 Β

1767 2866 1810 2921 Β
1906 2861 1956 2915 Ι.
1993 2860 2085 2916 Vis
2130 2860 2361 2916 Semela
2406 2859 2563 2915 malis
2608 2858 2865 2914 omnibus
2910 2859 3133 2916 llberari
3173 2860 3196 2914 ?
3235 2862 3396 2916 matri

173 2956 347 3026 μητρὶ
372 2953 482 3006 τῶν
508 2950 697 3006 κακῶν
724 2954 792 3024 τῇ
825 2952 1084 3024 φιλαυτία
1118 2952 1410 3016 ἀπόταξαι.

244 3045 314 3117 β’.
353 3044 545 3113 Ὑγεία
591 3043 795 3114 ψυχῆς,
822 3044 1062 3098 ἀπάθεια
1089 3045 1184 3099 καὶ
1212 3043 1436 3113 γνῶσις,
1463 3037 1532 3116 ἧς
1557 3045 1740 3114 τυχεῖν

174 3139 453 3208 ἀμήχανον
485 3136 575 3190 τὸν
596 3135 807 3206 ἡδοναῖς
833 3135 1174 3191 δουλεύοντα.

240 3227 314 3298 γ’.
347 3227 608 3298 Ξηραίνει
653 3226 752 3290 τὰς
795 3225 990 3297 ἡδονὰς
1017 3228 1119 3289 τὰς
1167 3223 1483 3295 σωματικάς
1513 3240 1570 3277 τε
1591 3262 1607 3288 ,
1643 3223 1740 3277 καὶ

166 3319 408 3390 ψυχικὰς
441 3319 738 3390 ἐγκράτεια
791 3317 911 3388 μεθ’
939 3317 1236 3388 ὑπομονῆς,
1260 3317 1356 3370 καὶ
1383 3315 1570 3385 ἀγάπη
1601 3313 1738 3385 μετά

169 3409 584 3482 μακροθυμίας.

237 3502 305 3555 δι.
343 3501 512 3572 Ἀρχὴ
565 3499 755 3554 κακῶν
801 3501 869 3570 τῇ
919 3498 1065 3569 ψυχῇ
1096 3498 1129 3568 ἡ
1163 3496 1416 3568 φιλαυτία
1466 3497 1689 3567 γέγονεν
1720 3515 1734 3528 ·

167 3593 432 3661 φιλαυτία
459 3591 516 3645 δέ
549 3592 752 3662 ἔστινὴ
781 3589 875 3644 τοῦ
910 3589 1161 3661 σώματος
1191 3587 1364 3655 φιλία.

235 3775 304 3822 ε’.
337 3769 502 3822 Ἰδιον
528 3766 625 3821 τοῦ
649 3765 872 3836 λογικοῦ
895 3766 958 3820 τὸ
978 3766 1318 3836 ὑποταγῆναι
1338 3765 1416 3837 τῷ
1443 3766 1606 3838 λόγῳ,
1640 3768 1734 3821 καὶ

162 3859 226 3912 τὸ
251 3857 576 3921 ὑποπιάσαι,
607 3856 701 3909 καὶ
728 3854 1148 3924 δουλαγωγῆσαι
1172 3856 1233 3909 τὸ
1268 3856 1450 3926 σῶμα.

241 3956 316 4014 ς’.
347 3948 544 4019 ⁶Ύ6ρις
574 3947 651 4017 τῷ
680 3946 884 4016 λογικῷ
914 3947 1252 4015 ὑποταγῆναι
1297 3947 1375 4018 τῷ
1413 3947 1612 4018 ἀλόγῳ,
1641 3948 1736 4001 καὶ

162 4043 430 4113 πρόνοιαν
458 4039 623 4093 αὐτοῦ
657 4039 926 4093 ποιεῖσθαι
955 4039 1037 4102 εἰς
1059 4037 1355 4110 ἐπιθυμίας
1375 4040 1624 4110 αἰσχράς.

1843 2953 2132 3018 malorum,
2164 2953 2335 3007 amori
2369 2953 2448 3007 tui
2488 2953 2660 3022 ipsius
2696 2952 2975 3007 renuntia.

1907 3045 1962 3098 2.
1987 3044 2196 3099 Animae
2251 3043 2457 3098 sanitas
2480 3051 2568 3096 est
2595 3042 3012 3110 impassibilitas
3043 3053 3100 3098 et
3138 3046 3400 3112 scientia,

1837 3152 2000 3206 quam
2028 3152 2189 3190 neruo
2213 3135 2588 3204 voluptatibus
2611 3133 2856 3188 serviens
2883 3135 3099 3202 assequi
3128 3147 3324 3205 potest.

1906 3226 1959 3279 5.
1988 3225 2332 3280 Abstinentia
2379 3239 2503 3278 cum
2537 3223 2822 3292 patientia,
2884 3232 2940 3276 et
2983 3224 3222 3280 charitas
3272 3243 3398 3281 cum

1838 3314 2272 3384 longanimitate,
2301 3322 2410 3368 tam
2433 3327 2731 3382 corporeas
2754 3327 2918 3381 quam
2947 3313 3213 3368 animales
3245 3317 3402 3370 volu»

1838 3415 2015 3476 ptates
2047 3407 2344 3461 exsiccant.

1907 3499 1961 3552 4.
1991 3497 2327 3565 Principium
2377 3495 2643 3550 malorum
2695 3496 2909 3559 animae,
2949 3496 3052 3550 fuit
3107 3511 3259 3550 amor
3314 3496 3401 3550 sui

1837 3589 2044 3658 ipsius;
2095 3603 2248 3642 amor
2286 3595 2469 3642 autem
2524 3587 2610 3642 sui
2668 3587 2875 3658 ipsius,
2922 3603 3076 3642 amor
3136 3597 3223 3643 est
3276 3604 3399 3642 cor-

1838 3681 2012 3750 poris.

1905 3768 1959 3822 5.
1983 3766 2273 3836 Proprium
2318 3773 2404 3820 est
2431 3763 2749 3828 rationalis,
2779 3771 2839 3817 ut
2875 3763 3074 3817 rationi
3109 3763 3399 3829 subdatur,

1802 3835 2266 3929 ‘castigatumque
2291 3872 2496 3926 corpus
2521 3856 2575 3910 in
2611 3855 2938 3909 servitutem
2985 3854 3216 3925 redigat.

1908 3950 1962 4004 6.
1989 3949 2194 4018 lnjuria
2243 3947 2304 4002 lit
2335 3946 2589 4001 rationali
2656 3945 2895 3999 hominis
2941 3946 3106 4014 parti,
3149 3946 3191 3999 si
3224 3946 3397 4015 subji—

1836 4043 2010 4096 ciatur
2034 4040 2209 4094 brute
2237 4038 2396 4092 alteri
2431 4044 2491 4092 et
2519 4036 2751 4090 rationis
2773 4035 3009 4104 experti,
3045 4036 3395 4103 prudentiam

1837 4149 1989 4189 suam
2015 4130 2340 4186 insumendo
2375 4128 2444 4182 ad
2473 4127 2743 4197 explenda
2786 4127 2966 4195 turpia
2997 4127 3269 4181 desideria

233 4226 302 4290 ζ’.
342 4227 581 4297 Πονηρὸν
605 4227 767 4297 ἔργον
801 4226 982 4296 ψυχῆς
1014 4224 1260 4293 λογικῆς,
1291 4220 1729 4290 καταλιμπάνειν
1758 4193 1805 4256 c

1758 4193 1805 4256 ϐ
1904 4225 1957 4278 7.
1997 4223 2194 4277 Malum
2222 4221 2505 4276 rationalis
2529 4221 2725 4274 anima:
2762 4233 2926 4287 opus,
2961 4228 3048 4272 est
3099 4219 3389 4288 reliquisse

159 4320 253 4373 τὸν
272 4319 574 4379 κτίσαντα,
605 4321 700 4371 καὶ
727 4316 1014 4388 λατρεύειν
1040 4315 1118 4386 τῷ
1144 4313 1378 4385 σώματι.

231 4416 307 4476 η’.
353 4407 712 4476 Ἐκελεύσθης
737 4408 800 4461 τὸ
821 4407 979 4476 σῶμα
1011 4405 1290 4476 ὑπηρέτην
1323 4403 1492 4474 ἔχειν,
1524 4403 1585 4456 οὐ
1623 4402 1729 4474 μὴν

157 4498 218 4551 δὲ
251 4499 374 4560 ταῖς
403 4496 618 4566 ἡδοναῖς
639 4496 804 4551 αὐτοῦ
833 4495 986 4568 παρά
1008 4495 1169 4566 φύσιν
1203 4494 1495 4550 δουλεύειν.

231 4668 300 4724 θ’.
345 4670 537 4739 Ῥῆξον
580 4670 648 4728 τὰ
698 4670 874 4742 δεσμά
912 4671 1012 4742 τῆς
1054 4673 1191 4742 πρὸς
1216 4672 1277 4725 τδ
1313 4671 1472 4743 σῶμα
1508 4672 1728 4742 φιλίας,

155 4767 258 4822 καὶ
326 4765 492 4835 μηδὲν
551 4765 839 4836 παράσχῃς
890 4765 969 4836 τῷ
1020 4765 1210 4836 δούλῳ,
1255 4765 1284 4818 ὅ
1337 4782 1390 4818 τι
1450 4765 1526 4836 μὴ
1580 4767 1731 4819 πᾶσα

153 4857 398 4925 ἀνάγκη.

230 4953 286 5000 ι’.
321 4946 640 5014 Ἔγκλεισον
686 4944 786 5008 τὰς
832 4944 1093 5015 ἀσθήσεις
1123 4945 1180 4997 ἐν
1238 4943 1318 5011 τῷ
1352 4944 1597 5017 φρουρίῳ
1626 4945 1726 5014 τῆς

153 5031 413 5100 ἡσυχίας,
444 5033 532 5084 ἵνα
577 5032 654 5103 μὴ
681 5031 774 5086 τὸν
816 5031 943 5087 νοῦν
974 5030 1322 5103 περισπῶσιν
1352 5034 1432 5097 είς
1464 5033 1559 5097 τὰς
1591 5034 1727 5098 ἰδίας

152 5122 475 5190 ἐπιθυμίας.

232 5211 322 5266 ια’.
353 5214 602 5279 Μέγιστα
630 5213 770 5267 ὅπλα
820 5213 913 5268 τοῦ
957 5213 1073 5285 μεθ’
1100 5214 1378 5284 ὑπομονῆς
1428 5215 1726 5285 ἡσυχάζον-

151 5321 269 5365 τος.
304 5304 601 5374 ἐγκράτεια
643 5305 739 5359 καὶ
775 5306 967 5375 ἀγάπη
1018 5304 1114 5358 καὶ
1163 5305 1440 5377 προσευχὴ
1467 5308 1563 5360 καὶ
1599 5307 1728 5360 ἀνά-

150 5412 380 5463 γνωσις.

227 5485 318 5553 ιβ’.
350 5485 424 5538 Οὐ
485 5486 717 5540 παύεται
767 5487 796 5538 ὁ
851 5487 976 5551 νοῦς
1031 5487 1162 5559 περὶ
1231 5489 1328 5551 τὰς
1379 5488 1570 5557 ἡδονὰς
1627 5507 1721 5541 κυ-

151 5575 391 5640 κλεύων,
442 5575 600 5647 ἄχρις
627 5573 688 5634 οὗ
719 5578 817 5650 τὴν
857 5580 1032 5651 σάρκα
1063 5580 1484 5650 δουλαγωγήσας
1522 5580 1723 5651 Θεωρία

153 5666 500 5737 σχολάζεται.

234 5763 324 5824 ιγ’.
369 5757 539 5828 ’Υπὲρ
565 5760 672 5815 τῶν
703 5759 930 5816 ἐντολῶν
963 5761 1376 5831 ἀγωνιζώμιθα,
1409 5762 1496 5816 ἵνα
1533 5762 1718 5818 παθῶν

1830 4315 2206 4379 Conditorem,
2229 4323 2285 4368 et
2313 4311 2524 4367 servire
2557 4309 2795 4378 corpori.

1901 4409 1952 4460 8.
1987 4407 2180 4461 Jussus
2205 4420 2266 4459 es
2299 4417 2499 4471 corpus
2529 4399 2764 4452 ministri
2793 4399 2915 4451 loco
2948 4398 3172 4462 habere,
3203 4407 3259 4454 et
3282 4415 3392 4453 non

1831 4508 1891 4555 ut
1917 4500 2062 4553 illius
2092 4498 2278 4568 (supra
2300 4508 2462 4563 quam
2495 4492 2664 4561 exigit
2703 4489 2923 4558 natura)
2982 4489 3192 4545 servias
3234 4491 3392 4559 cupi-

1831 4595 2120 4651 ditatibus.

1897 4687 1950 4740 9.
1974 4682 2240 4738 Amicitiae
2265 4695 2394 4750 erga
2431 4692 2634 4746 corpus
2658 4676 2876 4730 vincula
2935 4683 3282 4745 rumpantur,
3333 4685 3390 4728 et

1829 4792 1940 4830 non
1984 4772 2264 4841 indulgeas
2286 4784 2472 4835 servo,
2519 4765 2627 4821 nisi
2661 4764 2809 4833 quod
2852 4764 3033 4820 omnis
3087 4765 3390 4820 necessitas

1830 4866 2078 4923 requirit.

1932 4885 2078 4920 mm.

1892 4885 1984 5005 (ἐῢ.
2005 4949 2225 5006 lnclude
2259 4962 2457 5003 sensus
2486 4946 2627 5000 intra
2670 4943 2874 5013 quietis
2901 4946 3286 5010 munitionem,
3317 4959 3386 4999 ne

1827 5043 1883 5097 in
1916 5058 2013 5097 sua
2042 5040 2318 5096 desideria
2344 5045 2584 5092 mentem
2614 5035 2946 5088 distrahant.

1896 5218 1982 5270 Η.
2008 5216 2079 5271 Ut
2110 5216 2378 5286 tibiquies
2393 5217 2724 5286 etpatientia
2756 5217 3097 5288 contingant,
3120 5220 3378 5286 inpromr

1825 5317 1922 5377 ptu
1963 5309 2061 5362 tibi
2091 5307 2200 5362 sint
2245 5309 2638 5375 temperantia),
2685 5308 2995 5374 charitatis,
3054 5324 3280 5378 precum
3330 5317 3387 5364 ct

1823 5399 2078 5452 lectionis
2107 5413 2277 5463 arma,
2309 5413 2440 5452 sane
2463 5399 2634 5452 multo
2662 5399 2947 5454 ﬁdissima.

1897 5490 1984 5542 ιο.
2011 5489 2180 5554 Mens,
2213 5490 2553 5558 voluptatum
2585 5491 2728 5544 escis
2779 5506 2914 5558 quas
2950 5490 3138 5553 ambit,
3175 5489 3381 5544 inhiare

1828 5597 1936 5634 non
1971 5587 2168 5642 cessat,
2218 5579 2393 5634 donec
2425 5595 2654 5650 corpore
2710 5582 2763 5636 in
2793 5583 3114 5637 servitutem
3162 5581 3384 5636 redacto

1827 5669 2274 5740 contemplationi
2298 5680 2474 5726 vacet.

1900 5763 1983 5819 l3.
2016 5762 2072 5817 lu
2114 5763 2400 5830 prtcccptis
2436 5765 2722 5822 servandis
2771 5763 3150 5821 desudandum
3188 5772 3289 5826 cst,
3328 5769 3384 5816 ut
