4198 6434
802 400 939 465 1443

2051 398 2454 458 THALASSII
2496 399 2813 460 ABBATIS

3947 397 4066 461 1444

867 518 958 572 55.
1005 514 1126 570 Non
1160 520 1343 584 potest
1370 527 1529 567 mens
1560 511 1642 565 rei
1700 510 1892 566 sensili
1927 509 2020 565 diu
2069 510 2378 579 immorari,

2551 512 2651 581 νγ⁰.
2690 513 2979 567 ’Λδύνατον
2999 514 3090 566 τὸν
3107 513 3230 567 νοῦν
3255 515 3547 583 πράγματι
3574 512 3859 584 χρονίζειν
3887 516 4063 586 αἰσθη-

801 608 908 663 nisi
942 605 1173 661 omnino
1213 604 1280 657 ad
1317 603 1465 657 illam
1489 600 1777 655 afﬁciatur.

871 699 961 753 54.
1012 696 1165 750 Mens
1209 693 1457 763 perfecta
1491 700 1577 745 est
1630 707 1799 762 quam
1854 689 2088 746 scientia
2118 689 2376 760 perlicit;

796 791 982 847 anima
1018 801 1152 840 vero
1174 784 1479 838 virtutibus
1504 782 1785 837 roborata.

989 881 1187 935 Mentis
1211 894 1338 933 eum
1363 877 1623 933 sensibus
1643 874 2047 940 amicitia,eam
2076 873 2207 928 facit
2232 889 2382 929 man-

800 978 1010 1047 cipium
1040 985 1439 1042 corporearum
1471 970 1844 1038 voluptatum.

873 1066 962 1119 56.
1014 1061 1250 1129 Quando
1306 1076 1339 1116 a
1401 1058 1711 1112 virtutibus
1766 1056 1886 1112 suis
1932 1056 2204 1111 affectiva
2229 1054 2381 1109 vires

800 1164 1119 1217 moventur,
1184 1161 1319 1207 tunc
1368 1152 1538 1206 etiam
1582 1164 1741 1206 mens
1769 1166 1800 1205 a
1852 1149 2096 1204 scientiae
2124 1162 2238 1203 sua:
2259 1147 2382 1202 loco

799 1247 1148 1301 deturbatur.

876 1340 965 1393 57.
989 1336 1316 1406 Accepimus
1342 1342 1675 1405 potestatem
1708 1332 1853 1387 filios
1893 1332 1990 1387 Dei
2029 1330 2152 1387 fieri
2186 1332 2201 1371 ί
2235 1347 2251 1397 ;
2284 1330 2382 1386 sed

804 1450 913 1489 non
945 1433 1172 1495 erimus,
1206 1430 1313 1485 nisi
1348 1430 1677 1483 affectiones
1705 1425 2043 1480 exuerimus.

870 1526 959 1579 58.
990 1525 1191 1579 Nullus
1214 1538 1272 1578 se
1293 1530 1455 1591 putet
1480 1520 1653 1573 filium
1680 1517 1777 1572 Dei
1806 1516 2034 1579 factum,
2060 1513 2384 1570 efﬁcaciter-

802 1635 911 1689 quc
942 1619 1116 1672 Deum
1153 1617 1209 1669 in
1244 1630 1305 1670 se
1330 1612 1576 1683 operari,
1616 1612 1664 1666 si
1700 1624 1813 1665 non
1836 1608 2058 1663 divinos
2100 1607 2386 1661 characte-

804 1725 895 1763 res
926 1710 1069 1763 intra
1094 1723 1152 1762 se
1176 1705 1511 1776 possederit.

872 1802 960 1856 59.
1012 1796 1331 1855 Similitudo
1380 1810 1600 1850 morum
1651 1794 1737 1849 vel
1783 1792 2060 1847 bonorum
2085 1790 2182 1847 vel
2212 1788 2385 1842 malo-

807 1908 930 1945 rum
962 1890 1105 1944 lilios
1139 1887 1273 1943 facit
1301 1886 1387 1941 vel
1420 1885 1519 1942 Dei
1556 1885 1640 1940 vel
1663 1884 1900 1939 Satanze.

874 2063 960 2119 60.
1016 2063 1112 2117 Vir
1157 2060 1473 2131 intelligens
1515 2064 1622 2122 est,
1660 2056 1756 2127 qui
1790 2071 1851 2111 se
1882 2056 2063 2125 ipsum
2127 2054 2384 2120 attendit,

803 2167 861 2212 ct
905 2156 1131 2210 festinat
1185 2154 1480 2222 studetque
1532 2151 1603 2205 ab
1650 2148 1802 2204 omni
1851 2147 2271 2217 inquinamento
2297 2163 2388 2202 se-

849 2265 1014 2302 arari.

849 2265 1014 2302 arari.

810 2265 844 2318 ρ
872 2339 961 2393 61.
996 2336 1282 2393 Obczecata
1332 2336 1537 2397 anima,
1573 2335 1741 2388 etiam
1783 2332 1915 2384 dum
1965 2329 2213 2397 vapulat,
2276 2341 2389 2381 non

808 2432 999 2494 sentit,
1034 2428 1557 2495 benefactoremque
1579 2439 1879 2496 agnoscere
1917 2422 2123 2478 renuit.

883 2612 972 2665 62.
1006 2606 1241 2663 Sordida
1268 2604 1440 2661 vestis
1469 2619 1500 2658 e
1531 2603 1740 2657 divinis
1770 2600 1985 2670 nuptiis
2011 2598 2184 2668 ejicit,
2232 2606 2389 2651 exte-

811 2702 1137 2767 riorumque
1176 2696 1531 2751 tenebrarum
1574 2692 1901 2763 participem
1938 2687 2142 2743 faciti.

881 2792 969 2846 63.
1003 2790 1109 2857 Qui
1139 2790 1297 2842 timet
1331 2788 1527 2850 Deum,
1560 2786 1645 2839 sui
1686 2784 1864 2854 ipsius
1894 2795 2087 2837 curam
2122 2779 2289 2850 gerit,
2335 2790 2393 2835 et

812 2905 841 2942 a
866 2900 1036 2959 pravo
1057 2883 1345 2939 consortio
1363 2897 1421 2937 se
1438 2880 1661 2935 alienat.

888 3068 976 3123 64.
1007 3063 1354 3135 lmpossibile
1378 3072 1465 3117 est
1506 3057 1949 3114 misericordiam
1980 3073 2011 3111 a
2032 3057 2145 3111 Deo
2167 3055 2393 3124 assequi

2481 605 2580 675 τῷ,
2617 606 2669 658 εί
2728 606 2803 676 μὴ
2858 605 3078 669 πάντως
3107 606 3283 669 πάθος
3316 607 3585 675 κέκτηται
3615 607 3754 675 πρὸς
3780 608 3937 661 αὐτό.

2551 692 2645 745 νδ¹.
2675 692 2894 756 Τέλειός
2946 693 3099 745 ἐστιν
3128 696 3157 746 ὁ
3189 694 3316 756 νοῦς
3352 697 3380 747 ό
3424 694 3688 758 ποιωθεὶς
3726 699 3799 765 τῇ
3851 697 4063 764 γνώσει.

2479 782 2628 854 ψυχὴ
2653 782 2710 835 δέ
2742 784 2861 836 ἐστι
2897 783 3102 850 τελεία,
3135 786 3168 854 ἠ
3228 787 3352 847 ταῖς
3398 786 3625 856 ἀρεταῖς
3675 788 4066 857 ἁνακραθείπα.

2553 882 2646 930 γε’.
2693 874 2758 928 Ἦ
2804 876 2947 946 πρὸς
2977 876 3076 946 τὴν
3107 876 3363 948 αῖσθησιν
3400 879 3587 948 σχέσις
3616 879 3714 933 τοῦ
3750 881 3871 947 νοῦ,
3899 880 4070 934 δοῦλον

2481 966 2649 1020 αὑτὸν
2673 965 2970 1036 καθίστησι
3001 966 3114 1021 τῶν
3136 968 3233 1020 τοῦ
3262 967 3520 1038 σώματος
3542 970 3777 1040 ἡδονῶν.

2551 1065 2661 1122 νςν.
2690 1058 2989 1111 Σαλεύεται
3022 1062 3051 1112 ὁ
3083 1058 3209 1121 νοῦς
3243 1062 3309 1113 ἐκ
3338 1060 3436 1113 τοῦ
3463 1063 3635 1114 τόπου
3666 1063 3769 1132 τῆς
3801 1063 4068 1131 γνώσεως.

2480 1148 2571 1201 ὅτε
2626 1147 2688 1199 τὸ
2744 1146 3049 1218 παθητικὸν
3078 1148 3247 1202 αὑτοῦ
3294 1150 3492 1221 κινηθῇ
3528 1153 3595 1204 ἐκ
3616 1152 3728 1204 τῶν
3762 1152 3917 1205 ίδίων
3951 1154 4066 1223 ἁρε-

2479 1255 2611 1295 των.

2555 1328 2653 1395 νξξ
2707 1330 3010 1402 Ἐλάόομεν
3060 1332 3317 1399 ἐξουσίαν
3370 1332 3541 1387 τέκνα
3576 1333 3846 1403 γενέσθαι
3900 1334 4065 1387 Θεοῦ·

2483 1423 2545 1476 οὐ
2578 1424 2845 1493 γινόμεθα
2862 1425 2919 1477 δὲ
2950 1426 3003 1477 εἰ
3036 1426 3111 1494 μὴ
3133 1426 3205 1478 τὰ
3238 1425 3387 1496 πάθη
3420 1426 3857 1497 ἀποδυσώμεθα.

2556 1522 2657 1583 νη’.
2694 1516 2901 1586 Μηδεὶς
2958 1517 3158 1569 οἰέσθω
3213 1518 3407 1571 τέκνον
3454 1518 3594 1570 Θεοῦ
3641 1522 3767 1571 κατ’
3799 1522 4071 1589 ἐνέργειαν

2483 1606 2788 1675 γεγονέναι,
2829 1610 2999 1676 μήπω
3030 1609 3158 1671 τοὺς
3189 1608 3369 1672 θείους
3408 1614 3776 1681 χαρακτῆρας
3808 1613 3871 1664 ἐν
3902 1614 4067 1682 ἐαυτῷ

2484 1698 2849 1769 κτησάμενος.

2557 1789 2655 1843 νϐ’.
2700 1791 2765 1842 Ἦ
2811 1790 2955 1844 κατὰ
2985 1790 3077 1843 τὸν
3116 1790 3319 1862 τρόπον
3352 1792 3616 1862 ὁμοίωσις
3644 1794 3742 1847 τοῦ
3776 1795 4004 1862 ἀγαθοῦ,
4038 1798 4065 1865 ἧ

2412 1860 2459 1919 Β
2485 1880 2580 1932 τοῦ
2614 1880 2882 1952 πονηροῦ,
2925 1883 2959 1953 ἤ
2995 1881 3091 1934 τοῦ
3129 1882 3267 1936 Θεοῦ
3304 1886 3485 1951 υἱοὺς,
3516 1886 3550 1955 ἥ
3577 1886 3672 1939 τοῦ
3714 1888 3937 1941 Σατανᾶ
3974 1890 4068 1941 ἀπ·

2486 1970 2799 2041 εργάζεται.

2560 2062 2622 2126 ξ’.
2658 2064 2888 2127 Συνετὸς
2937 2064 3077 2136 ἀνὴρ
3107 2067 3135 2119 ό
3167 2065 3455 2137 προσέχων
3513 2068 3717 2139 ἐαυτῷ,
3758 2070 3856 2123 καὶ
3914 2071 4071 2123 σπεύ-

2487 2156 2593 2209 δων
2621 2157 2958 2229 χωρισθῆναι
2979 2159 3090 2211 ἀπὸ
3117 2159 3318 2224 παντὸς
3348 2160 3652 2232 μολυσμοῦ.

2562 2333 2666 2397 ξα¹.
2703 2334 3100 2406 Πεπωρωμένη
3140 2335 3311 2405 ψυχὴ,
3353 2338 3731 2409 μαστιζομένη
3754 2340 3858 2391 οὐκ
3890 2340 4081 2395 ilicei-

2489 2443 2661 2490 νεται,
2711 2427 2808 2479 καὶ
2852 2429 2934 2489 είς
2996 2427 3356 2498 συναίσθησιν
3413 2428 3591 2481 ἐλθεῖν
3648 2430 3745 2483 τοῦ
3791 2433 4077 2501 εὐεργέτου

2491 2518 2593 2571 οὐκ
2628 2517 2907 2587 ἀνέχεται.

2564 2609 2663 2679 ξβ’.
2710 2610 2963 2681 Ῥυπαρά
2990 2609 3157 2683 ἐσθὴς
3189 2612 3357 2666 θείων
3380 2614 3579 2683 γάμων
3608 2614 3959 2679 ἐκϐάλλεται,
3992 2617 4083 2668 καὶ

2491 2702 2752 2755 κοινωνὸν
2781 2702 3167 2771 ἀπεργάζεται
3202 2705 3431 2768 σκότους
3469 2705 3759 2777 ἐξωτὲρου.

2567 2790 2667 2862 ξγ’.
2715 2794 2772 2847 ’θ
2829 2794 3172 2865 φοϐούμενος
3234 2796 3329 2849 τὸν
3385 2799 3540 2863 Θεὸν,
3573 2800 3922 2869 ἐπιμελεῖται
3990 2801 4085 2867 τῆς

2495 2885 2694 2939 ἑαυτοῦ
2750 2887 2953 2959 ψυχῆς,
2986 2891 3082 2944 καὶ
3127 2893 3376 2961 πονηρᾶς
3424 2892 3711 2956 κοινωνίας
3750 2894 4087 2947 ἀπαλλάττει

2496 2978 2707 3033 ἑαυτόν.

2568 3070 2661 3137 ξδ’.
2711 3073 3019 3143 ’Λμήχανόν
3050 3075 3166 3127 ἐστι
3192 3076 3379 3144 τυχεῖν
3408 3075 3597 3139 ἐλέους
3618 3077 3754 3130 Θεοῦ
3789 3078 3885 3132 τὸν
3918 3095 4086 3132 κατα-

813 3175 976 3224 cum,
1046 3158 1143 3228 qui
1210 3157 1391 3225 ipsum
1440 3150 1840 3219 dereliquerit,
1901 3157 1957 3204 et
2016 3147 2392 3217 voluptatibus

2498 3162 2753 3217 λείπ.ντα
2782 3166 2965 3232 αὐτὸν,
2997 3166 3090 3219 καὶ
3119 3166 3336 3235 ἡδοναῖς
3369 3168 3715 3223 δουλεύοντα.

814 3251 1011 3306 servit.

887 3342 976 3395 65.
1008 3340 1298 3395 Neminem
1342 3350 1506 3406 posse
1557 3332 1777 3387 duobus
1806 3328 2049 3384 dominis
2100 3327 2312 3382 servire
2349 3326 2396 3391 ιι,

816 3452 846 3490 a
881 3436 1013 3490 Jesu
1048 3433 1385 3494 dictullest,
1414 3427 1631 3483 etiamsi
1659 3424 1886 3479 credere
1928 3422 2190 3474 nolimus.

888 3525 976 3579 66.
1002 3523 1198 3577 Anima
1247 3517 1651 3574 affectionibus
1684 3514 1906 3569 sordida
1946 3512 2086 3566 adeo
2124 3511 2398 3564 obczccata

816 3628 922 3686 est,
947 3626 1008 3671 ut
1033 3616 1142 3670 nisi
1170 3621 1391 3669 secetur
1412 3619 1468 3665 et
1499 3618 1716 3673 uratur,
1741 3606 1970 3661 credere
2010 3612 2231 3658 renuat.

888 3798 976 3854 67.
999 3795 1312 3852 Obduratos
1333 3787 1611 3845 horrenda
1633 3792 1908 3840 tormenta
1940 3780 2245 3851 excipient:
2271 3794 2397 3833 nam

819 3891 940 3946 sine
973 3888 1186 3958 magnis
1225 3882 1514 3940 laboribus
1535 3876 1828 3935 molleﬁeri
1850 3882 2151 3945 nequeunt.

894 4093 983 4147 68.
1005 4090 1101 4144 Vir
1132 4086 1449 4155 intelligens
1502 4078 1800 4136 sollicitam
1856 4076 1942 4131 sui
1975 4090 2166 4131 curam
2216 4075 2395 4145 gerit;

820 4185 1079 4251 ultroque
1125 4175 1403 4246 susceptis
1453 4171 1743 4227 laboribus
1772 4209 1787 4235 ,
1843 4183 1942 4224 eos
1993 4183 2135 4238 quos
2189 4167 2398 4222 invitus

819 4272 1011 4336 ferret,
1040 4265 1259 4335 effugit.

888 4364 978 4418 69.
1007 4361 1252 4430 Diligens
1279 4356 1478 4411 animae
1502 4367 1637 4409 cura
1676 4350 1734 4405 in
1768 4350 2039 4405 malorum
2069 4346 2398 4403 sustinentia

820 4462 877 4509 et
906 4450 1222 4506 humilitate
1247 4445 1500 4502 consistit
1526 4460 1541 4497 :
1583 4451 1810 4513 propter
1827 4456 1924 4496 eas
1942 4439 2089 4494 enim
2112 4439 2259 4494 Deus
2274 4453 2400 4508 pec-

821 4555 944 4600 cata
969 4542 1154 4597 omnia
1180 4540 1474 4594 condonat.

894 4633 981 4686 70.
1007 4631 1165 4685 Sicut
1217 4626 1681 4697 concupiscentiae
1709 4633 1766 4679 et
1793 4624 1890 4677 ira:
1929 4630 2156 4693 peccata
2210 4620 2398 4675 multi-

823 4724 1031 4795 plicant
1068 4720 1115 4788 1;
1144 4722 1218 4775 ita
1242 4718 1585 4775 continentia
1625 4724 1682 4771 et
1716 4714 2003 4769 humilitas
2043 4712 2239 4767 eadem
2283 4713 2399 4765 exi-

822 4815 1078 4869 naniunt.

892 4907 982 4961 7i.
1014 4904 1269 4959 Conterit
1303 4916 1402 4955 cor
1452 4899 1677 4954 tristitia
1703 4913 1825 4967 qua:
1876 4895 2181 4951 secundum
2226 4895 2399 4949 Deum

819 5007 905 5053 est
938 5009 1007 5061 IIr1;
1030 5011 1151 5049 eam
1184 4993 1331 5063 parit
1360 4992 1459 5045 tibi
1489 4990 1652 5044 timor
1678 4986 2099 5058 suppliciorum.

892 5088 983 5142 72.
1008 5086 1258 5139 Tristitia
1281 5098 1403 5153 qua:
1427 5080 1733 5142 secundum
1761 5079 1931 5132 Deum
1964 5085 2069 5140 est,
2102 5076 2268 5130 corda
2295 5092 2397 5146 pu-

821 5180 1022 5244 rificat,
1050 5186 1105 5232 et
1148 5177 1219 5229 ab
1242 5176 1325 5229 eis
1375 5175 1726 5243 voluptatum
1770 5170 2188 5239 inquinamenta
2241 5169 2399 5222 clon-

822 5284 934 5346 gat.

893 5359 1271 5422 73.Patientia
1293 5367 1397 5419 est,
1431 5356 1651 5426 quando
1674 5355 1856 5409 anima
1884 5353 2105 5407 labores
2132 5352 2278 5406 ultro
2297 5351 2395 5406 dc-

824 5456 1048 5522 ditaque
1070 5467 1239 5521 Opera
1261 5448 1445 5503 subit:
1485 5448 1578 5502 ubi
1606 5464 1671 5502 ea
1694 5446 1885 5511 fuerit,
1916 5446 2045 5499 inde
2068 5445 2121 5497 in
2140 5444 2394 5498 exsiliunt

824 5546 979 5602 abire
1016 5543 1360 5611 voluptatum
1388 5556 1541 5595 amor
1571 5534 1805 5611 cogitur.

894 5638 983 5692 74.
1019 5634 1264 5700 Quodvis
1308 5644 1592 5703 peccatum
1650 5632 1934 5700 voluptate
1993 5629 2391 5693 committitur;

2422 3208 2469 3268 C

2423 4567 2474 4626 D

2572 3344 2666 3412 ξεῆ
2706 3345 2917 3416 Ἰησοῦς
2947 3347 3097 3399 ἐστιν
3122 3349 3150 3401 ὁ
3174 3347 3375 3416 λέγων,
3441 3348 3545 3402 κᾶν
3574 3350 3860 3402 πιστεύειν
3892 3352 3958 3403 οὔ
4010 3352 4089 3403 θέ-

2498 3434 2699 3505 λωμεν,
2731 3438 2814 3488 ὅτι
2842 3436 3017 3501 οὐδεὶς
3045 3436 3267 3495 δύναται
3296 3438 3419 3491 δυσὶ
3452 3438 3661 3509 κυρίοις
3693 3438 3977 3493 δουλεύειν
4005 3482 4019 3493 .

2572 3527 2681 3594 «ἶς’.
2723 3529 3071 3582 Ῥυπωθεῖσα
3126 3531 3296 3601 ψυχὴ,
3330 3532 3439 3585 ἀπὸ
3482 3531 3673 3585 παθῶν
3720 3532 4088 3603 πεπὼρωται,

2502 3620 2597 3672 καὶ
2645 3620 2776 3674 ἄνευ
2826 3619 3010 3690 τομῶν
3050 3621 3144 3674 καὶ
3179 3624 3470 3694 καυτήρων
3514 3622 3793 3676 πιστεύειν
3836 3626 3943 3677 οὐκ
3997 3627 4088 3678 ἀν-

2501 3712 2708 3783 ἔχεται.

2572 3803 2670 3870 ξςν.
2716 3805 2979 3875 Ἐτασμοὶ
3021 3806 3248 3878 φοόεροὶ
3282 3807 3414 3871 τοὺς
3445 3810 3659 3879 πηροῦς
3696 3810 4042 3881 διαδέχονται
4072 3827 4086 3837 ·

2502 3896 2626 3967 δίχα
2683 3896 2793 3967 γὰρ
2854 3898 3111 3967 μεγάλων
3173 3900 3354 3954 πόνων
3411 3901 3756 3973 μαλαχθῆναι
3809 3904 3873 3957 οὐ
3918 3921 4090 3956 κατα-

2502 3988 2763 4058 δέχονται.

2577 4080 2677 4152 Er".
2717 4082 2946 4145 Συνετὸς
2997 4083 3137 4155 ἀνὴρ
3169 4085 3517 4156 ἐπιμελεῖται
3564 4089 3806 4143 ἐαυτοῦο
3862 4090 3969 4143 καὶ
4024 4089 4088 4142 δι’

2499 4173 2764 4226 ἑκουσίων
2793 4175 2972 4227 πόνων
2996 4177 3126 4240 τοὺς
3158 4178 3454 4242 ἀκουσίους
3489 4179 3774 4251 ἐκφεύγει.

2573 4350 2670 4417 ξο’.
2713 4354 3031 4424 Ἐπιμέλεια
3058 4355 3261 4425 ψυχῆς,
3290 4356 3636 4410 κακοπάθεια
3673 4358 3770 4410 καὶ
3817 4354 4091 4409 ταπείνω-

2500 4462 2587 4509 σις
2615 4459 2628 4472 ·
2662 4445 2732 4498 δι’
2765 4440 2840 4499 ὧν
2866 4450 2893 4500 ὁ
2932 4448 3065 4511 Θεὸς
3099 4452 3376 4520 συγχωρεῖ
3418 4450 3597 4511 πάσας
3636 4450 3949 4519 ἁμαρτίας.

2572 4626 2636 4680 o'.
2675 4629 2887 4695 Ὥσπερ
2909 4628 3195 4700 ἐπιθυμίαι
3230 4630 3329 4684 καὶ
3356 4632 3519 4700 ὀργαὶ
3559 4632 3839 4701 ἁμαρτίας
3888 4632 4095 4701 πληθύ-

2501 4737 2682 4773 νουσιν
2720 4739 2733 4751 ·
2768 4720 2999 4792 οὕτωςή
3032 4723 3329 4793 ἐγκράτεια
3371 4725 3468 4776 καὶ
3507 4725 3839 4787 ταπείνωσις
3870 4724 4091 4788 ἑξαλεὶ-

2501 4828 2690 4880 φουσιν
2720 4811 2909 4873 αὑτάς.

2572 4908 2672 4955 οα’.
2721 4902 3004 4972 Συντρίὸει
3052 4903 3280 4973 καρδίαν
3322 4902 3469 4973 λύπη
3515 4902 3656 4956 κατὰ
3689 4902 3824 4954 Θεόν
3868 4920 3889 4933 ’
3924 4902 4096 4971 αὐτὴν

2498 4990 2555 5042 δέ
2587 4990 2765 5043 τίκτει
2791 4991 2954 5058 φόϐος
2986 4990 3279 5055 κολάσεως.

2573 5080 2671 5151 οβ’.
2710 5082 2867 5152 Λύπη
2899 5084 3039 5137 κατὰ
3069 5085 3203 5136 Θεὸν
3234 5084 3485 5153 καθαίρει
3518 5085 3746 5155 καρδίαν
3776 5100 3790 5112 ·
3825 5088 3943 5138 καὶ
3975 5086 4097 5143 τοὺς

2512 5174 2825 5245 μολυσμοῦς
2860 5175 2969 5227 τῶν
3000 5175 3205 5246 ἡδονῶν
3231 5175 3504 5246 μακρύνει
3526 5175 3621 5226 ἀπ’
3649 5174 3847 5243 αὐτῆς.

2578 5362 2679 5423 ογ’.
2722 5354 3001 5425 ’Υπομονή
3058 5355 3208 5407 ἐστιν
3247 5354 3536 5423 φιλοπονία
3580 5353 3757 5423 ψυχῆς
3788 5370 3800 5380 ·
3848 5353 3997 5407 ἔνθα
4050 5352 4100 5406 δὲ

2508 5445 2817 5514 φιλοπονία,
2851 5444 3131 5515 φιληδονία
3162 5444 3476 5515 ἐξώρισται.

2575 5626 2667 5681 οδ’.
2737 5628 2891 5679 Πᾶσα
2953 5628 3202 5697 ἁμαρτία
3272 5625 3361 5680 διὰ
3398 5627 3495 5697 τὴν
3549 5626 3741 5697 ἡδονὴν
3822 5629 4096 5697 γίνεται·

899 5815 1102 5873 ιιοθη.
1138 5832 1173 5881 ι,
1217 5814 1279 5868 l2
1384 5824 1396 5863 ι
1451 5812 1639 5869 \lattli.
1680 5828 1810 5880 xxn,
1852 5811 1934 5878 l2,
1980 5810 2060 5865 l5.
2142 5810 2161 5849 ι(
2198 5808 2388 5865 Matth.

2482 5830 2509 5877 ι,
2538 5808 2625 5864 Ξιί.
2709 5805 2724 5847 ι
2755 5807 2925 5864 Eccli.
2961 5823 3089 5862 mn
3114 5806 3340 5879 passim.
3426 5817 3464 5844 ⁵
3495 5806 3644 5863 Eccl.
3679 5823 3780 5875 vn,
3814 5808 3880 5864 5.
