4198 6434
782 362 919 429 144-7

780 568 1160 632 humanitate;
1192 567 1272 621 sic
1317 583 1385 621 ex
1422 566 1638 619 duabus
1690 564 1921 628 naturis,
1945 573 2001 617 et
2030 562 2086 616 in
2143 558 2361 614 duabus

781 659 1017 724 naturis,
1053 658 1295 713 dicimus
1329 671 1453 711 esse
1486 671 1658 711 unum
1691 656 1886 710 Deum.

851 841 937 897 96.
976 839 1151 895 Unam
1185 837 1525 908 hypostasim
1563 836 1616 889 in
1673 833 1897 889 Christo
1931 828 2261 887 conﬁtemur
2293 842 2363 881 ex

782 933 1000 989 duabus
1027 929 1244 984 naturis
1275 927 1725 998 inseparabiliter
1759 925 1950 979 unitis.

854 1024 941 1076 91.
966 1020 1399 1090 lnseparabilem
1426 1034 1591 1072 unam
1613 1016 1821 1071 Christi
1850 1013 2225 1085 gloriﬁcamus
2260 1012 2363 1083 hy-

783 1113 1074 1183 postnsim,
1114 1118 1171 1164 et
1198 1108 1335 1163 citra
1357 1122 1577 1161 omnem
1630 1105 2014 1160 confusionem
2038 1110 2361 1156 naturarum

784 1205 1115 1261 conﬁtemur
1141 1203 1426 1256 unionem.

853 1297 943 1351 98.
975 1295 1167 1348 Trium
1210 1291 1593 1363 hypostasium
1616 1303 1780 1344 unam
1818 1287 2040 1342 deitatis
2069 1285 2365 1341 essentiam

784 1387 1098 1449 adoramus,
1131 1386 1497 1456 ejusdemque
1521 1382 1776 1437 essuitia:
1812 1388 2056 1434 sanctam
2113 1378 2361 1432 Trinita-

785 1481 894 1527 tem
925 1473 1277 1527 conﬁtemur.

854 1566 943 1621 99.
976 1566 1349 1636 Proprietates
1383 1565 1549 1619 trium
1578 1559 1954 1632 hypostasium
1982 1568 2132 1620 sunt,
2182 1567 2364 1629 pater-

785 1659 953 1721 nitas,
973 1659 1182 1723 ﬁliatio,
1205 1668 1261 1712 et
1292 1657 1601 1728 processio:
1631 1663 1687 1709 ct
1717 1655 2032 1708 communia
2060 1653 2235 1706 tribus
2263 1652 2363 1723 hy-

2021 350 2425 413 TIIALASSII
2466 349 2784 409 ABBATIS

849 478 939 534 95.
974 475 1044 533 Ut
1072 491 1143 532 ex
1169 475 1375 531 deitate
1393 483 1450 529 et
1481 473 1847 535 humanitate,
1880 481 1938 526 et
1970 471 2027 525 in
2065 470 2272 524 deitate
2293 476 2349 522 et

2522 463 2623 532 ιε’.
2687 464 2897 534 Ὥσπερ
2961 462 3026 514 ἐκ
3094 461 3346 531 Θεότητος

3913 342 4045 406 1448

3422 459 3516 515 καὶ
3603 457 3700 512 ἀνθ
3708 458 4043 528 ρωπότητος,

2462 560 2557 611 καὶ
2590 560 2648 609 ὲν
2677 556 2919 625 θεότητι,
2952 556 3046 607 καὶ
3067 553 3477 626 ἀνθρωπότητι,
3504 551 3681 615 οὕτως
3710 552 3805 604 καὶ
3845 552 3911 603 ἐκ
3957 551 4051 604 δύο

2466 649 2733 718 φύσεων,
2789 648 2886 700 καὶ
2943 649 3001 699 ὲν
3072 646 3166 700 δύο
3227 645 3426 714 φύσεσι
3498 643 3733 712 λέγομεν
3793 644 3889 695 τὸν
3954 644 4050 694 ἕνα

2463 741 2615 795 Θεόν.

2541 831 2661 900 ις’.
2685 832 2832 886 Μίαν
2863 832 3167 886 ὑπόστασιν
3193 829 3435 901 Χριστοῦ
3464 828 3843 901 ὁμολογοῦμεν
3874 829 3932 880 ἐν
3958 828 4053 880 δύο

2467 924 2697 997 φύσεσιν
2729 925 3041 995 ήνωμέναις
3064 923 3409 993 ἀδιαιρέτως.

2537 1011 2644 1079 [ιζ’.
2693 1012 3027 1084 ’Δδιαίρετον
3049 1012 3149 1081 τὴν
3180 1012 3310 1082 μίαν
3341 1009 3581 1081 Χριστοῦ
3621 1008 3922 1061 ὑπόστασιν
3964 1007 4053 1059 δί-

2467 1105 2847 1176 ξάζομεν,καὶ
2907 1105 3219 1174 ἀσύγχυτον
3277 1103 3377 1175 τὴν
3426 1102 3537 1157 τῶν
3585 1103 3804 1170 φύσεων
3852 1100 4053 1153 ἕνωσιν

2465 1193 2859 1263 ὁμολογοῦμεν.

2536 1288 2647 1359 1.,η’.
2696 1286 3146 1357 Τρισυπόστατον
3189 1284 3288 1354 τὴν
3326 1284 3458 1355 μίαν
3501 1286 3601 1353 τῆς
3642 1282 3902 1350 θεότητος
3961 1281 4054 1333 οὐ.

2470 1377 2592 1429 σεαν
2656 1374 3123 1447 προσκυνοῦμεν,
3198 1374 3294 1427 καὶ
3358 1374 3644 1442 ὁμοούσιον
3710 1372 3811 1440 τὴν
3887 1371 4056 1437 ἁγίαν

2361 1516 2381 1536 ο
2469 1468 2679 1537 Τριάδα
2711 1467 3093 1537 θεολογοῦμεν.

2542 1557 2646 1624 Lfl'.
2676 1560 2774 1612 Διὰ
2826 1559 2935 1612 τῶν
2983 1556 3151 1628 τριῶν
3196 1555 3552 1609 ὑποστάσεων
3603 1554 3906 1623 πατρότης,
3938 1550 4056 1602 υἱό-

2471 1668 2592 1720 της,
2656 1651 3031 1721 ἐκπόρευσις·
3095 1647 3191 1701 καὶ
3256 1648 3413 1700 κοινὰ
3465 1646 3572 1698 τῶν
3631 1645 3817 1698 αὐτῶν
3890 1642 4058 1695 πάλιν

785 1751 1100 1819 postasibus
1139 1758 1290 1817 sunt,
1314 1748 1578 1814 essentia,
1619 1754 1842 1811 natura,
1867 1745 2068 1810 deitas,
2092 1744 2330 1799 bonitas.

2473 1744 2642 1807 ἐστὶν,
2676 1745 2710 1814 ἡ
2749 1743 2927 1809 οὑσία,
2961 1744 2995 1813 ὴ
3024 1742 3205 1811 φύσις,
3245 1742 3280 1812 ἡ
3316 1739 3529 1811 θεότης,
3561 1740 3595 1810 ἡ
3628 1739 3928 1807 ἀγαθά-της.

1980 2133 2645 2223 ΕΚΑΤΟΝΤΑΣ
2718 2126 2829 2223 ΓΖ

2058 2318 2169 2387 fll;
2200 2322 2235 2393 ἡ
2265 2322 2582 2394 ἀκροστιχὶς
2608 2321 2704 2391 ἥδε
2732 2335 2748 2350 ο

800 2486 961 2542 Ἀλλ’
991 2481 1069 2557 ἦν
1113 2486 1270 2538 κακὰ
1306 2483 1542 2552 κυρίως.
1584 2481 1655 2534 οὐ
1680 2480 1753 2533 τὰ
1782 2478 1899 2547 τὴν
1938 2478 2302 2545 συνείδησιν
2332 2478 2466 2548 (leg.
2514 2473 2713 2546 σάρκα)
2749 2471 3087 2532 λυποῦντα.
3136 2472 3251 2539 τὴν
3286 2468 3356 2522 δὲ
3402 2467 3619 2538 ψυχὴν
3658 2468 4052 2537 καθαίροντα,

1417 2575 1578 2629 ἀλλὰ
1608 2571 1681 2626 τὰ
1706 2572 1819 2642 τὴν
1848 2571 2214 2637 συνείδησιν
2238 2569 2579 2633 λυποῦντα,
2616 2566 2912 2635 τέρποντα
2946 2564 3015 2618 δὲ
3045 2564 3161 2633 τὴν
3184 2561 3412 2631 σάρκα.

1927 2876 2998 2994 ρΕΝΤυΒιΑιιυ

2011 3087 2183 3160 Cujus
2210 3087 2329 3142 haec
2357 3096 2443 3142 est
2471 3087 2800 3143 acrostichis
2830 3104 2845 3141 :

912 3275 1350 3337 Verumtamen
1386 3273 1651 3349 proprie
1679 3268 1844 3329 mala
1881 3280 2050 3340 sunt,
2090 3286 2219 3327 non
2260 3284 2396 3346 qua:
2435 3286 2683 3327 carnem
2717 3268 3038 3348 afﬂigunt,
3069 3271 3339 3331 animam
3377 3290 3521 3333 vero
3554 3271 3900 3352 puriﬁcant
3920 3295 3947 3343 ;

1160 3371 1266 3432 sed
1306 3389 1441 3452 quae
1480 3371 1928 3433 conscientiam
1965 3367 2211 3448 quidem
2252 3366 2523 3430 tristitia
2553 3369 2867 3450 afﬁciunt,
2914 3388 3163 3433 carnem
3202 3393 3346 3435 vero
3390 3356 3685 3439 titillant.

864 3668 917 3724 l.
974 3667 1123 3721 Bona
1195 3665 1264 3719 de
1316 3678 1384 3718 eo
1444 3663 1591 3732 quod
1646 3672 1844 3717 natura
1896 3662 2100 3717 bonum
2160 3664 2369 3736 cogita;

2546 3674 2615 3722 α’.
2692 3668 2898 3738 Ἀγαθὰ
2933 3670 3167 3738 διανοοῦ,
3220 3672 3317 3726 καὶ
3363 3672 3491 3745 περὶ
3538 3674 3740 3736 παντὸς
3766 3673 4081 3746 ἀνθρώπου

791 3762 889 3819 sed
918 3768 974 3816 et
1007 3759 1075 3813 de
1099 3757 1251 3811 omni
1286 3754 1513 3809 homine
1546 3754 1754 3809 sentias
1785 3754 1945 3809 bene.

858 3853 913 3907 2.
948 3851 1255 3907 Verborum
1284 3856 1342 3902 et
1383 3863 1613 3917 operum
1664 3863 1729 3900 ac
1780 3846 2174 3915 cogitationum
2206 3847 2374 3903 ratio-

791 3958 918 3998 nein
952 3938 1224 3994 reddituri
1252 3953 1445 3992 sumus
1480 3936 1535 3989 in
1560 3936 1649 3990 die
1674 3935 1869 4006 judicii
1889 3946 1909 3973 τ
1934 3976 1949 3991 .

861 4035 916 4090 5.
970 4033 1205 4090 Habitus
1246 4030 1471 4087 virtutis
1510 4029 1595 4084 vel
1632 4028 1855 4083 malitiae
1890 4028 2125 4098 impellit
2156 4046 2279 4095 nos,
2314 4040 2376 4086 ut

792 4122 935 4177 bene
986 4121 1072 4176 vel
1121 4121 1263 4175 male
1297 4119 1627 4189 cogitemus,
1656 4118 1743 4172 vel
1786 4118 2077 4188 loquamur
2110 4120 2195 4174 vel
2240 4136 2375 4191 ope-

794 4228 1003 4268 remur.

860 4305 914 4359 ι.
942 4304 1094 4359 Mens
1117 4302 1207 4357 cui
1229 4301 1551 4356 aﬂ‘ectiones
1569 4299 1866 4370 imperant,
1897 4302 2239 4374 cogitatqua:
2265 4321 2376 4359 non

790 4395 1027 4461 decent;
1071 4394 1267 4464 quales
1306 4400 1492 4447 autem
1540 4391 1901 4462 cogitationes
1951 4393 2081 4456 sint,
2134 4393 2378 4462 produnt

790 4503 1077 4544 sermones
1107 4494 1165 4541 et
1193 4500 1383 4555 Opera.

863 4580 919 4633 5.
949 4578 1102 4633 Malae
1146 4573 1498 4646 cogitationis
1521 4573 1633 4628 dux
1668 4573 1923 4638 aﬁ'ectio;
1962 4583 2047 4630 est
2071 4576 2380 4633 aﬂ‘ectionis

793 4677 988 4722 auctor
1049 4680 1267 4729 sensus,
1309 4679 1419 4734 quo
1468 4670 1529 4717 ut
1573 4662 1717 4718 male
1762 4672 2001 4729 utamur,
2026 4665 2081 4719 in
2108 4681 2272 4723 causa
2296 4675 2381 4723 est

794 4774 968 4815 IllCﬂS.

864 4852 916 4904 6.
946 4847 1171 4903 lnclude
1198 4846 1367 4917 igitur
1393 4858 1610 4909 sensus,
1633 4860 1883 4915 expugna
1900 4845 2302 4916 phantasmata.
2325 4855 2381 4903 et

795 4941 1121 4995 aﬂcctiones
1156 4937 1326 4992 armis
1390 4935 1777 4990 mandatorum
1825 4936 2026 5007 diripe.

862 5138 914 5191 7.
945 5136 1146 5190 Malitia
1180 5136 1510 5200 inveterata,
1541 5132 1702 5205 longa
1738 5148 1879 5204 opus
1909 5134 2077 5189 habet
2100 5137 2371 5192 exercita—

794 5229 966 5295 tione;
986 5228 1233 5284 stabilita
1258 5227 1406 5281 enim
1431 5224 1775 5282 consuetudo
1793 5225 1940 5280 haud
1965 5226 2146 5281 subito
2171 5228 2371 5281 immu-

791 5331 958 5377 tatur.

860 5414 914 5469 8.
953 5411 1250 5467 Monastica
1279 5411 1390 5465 vita
1427 5428 1588 5482 quam
1646 5412 1981 5467 comitantur
2028 5411 2370 5468 continentia

798 5519 865 5560 ac
889 5504 1153 5568 Charitas,
1172 5520 1272 5573 per
1297 5503 1621 5573 patientiam
1641 5512 1696 5559 et
1716 5504 1963 5574 quietem
1979 5502 2140 5560 facile
2160 5504 2374 5575 quain-

790 5598 979 5669 juncta
1008 5603 1157 5661 sunt,
1179 5595 1521 5668 exsequitur.
2310 5578 2315 5583 ’

868 5761 894 5794 ³
919 5752 1112 5809 Matth.
1146 5769 1239 5819 xu,
1272 5754 1364 5809 56.

2474 3759 2616 3812 καλὰ
2650 3759 2980 3829 διαλογίζου.

2546 3850 2611 3920 β’.
2644 3852 2833 3919 Λόγων
2860 3856 2957 3906 καὶ
2983 3853 3161 3925 ἔργων
3192 3856 3288 3908 καὶ
3316 3854 3536 3909 ἐννοιῶν
3565 3856 3862 3925 ἀπολογίαν
3886 3860 4078 3914 ἁπαι-

2473 3942 2714 4010 τούμεθα
2744 3944 2897 4014 παρὰ
2920 3943 3055 3997 Θεοῦ
3090 3947 3150 3998 ὲν
3171 3946 3355 4017 ἡμέρᾲ
3376 3948 3612 4020 κρίσεως

2544 4032 2615 4102 γ).
2671 4035 2738 4086 Ἦ
2772 4035 2883 4100 ἕξις
2916 4035 3015 4105 τῆς
3046 4037 3248 4108 ἀρετῆς
3286 4038 3318 4108 ἢ
3352 4040 3451 4109 τῆς
3499 4040 3699 4103 κακίας
3741 4045 3887 4096 κινεί
3916 4045 4081 4113 ἡμᾶς

2476 4126 2570 4178 ἐπὶ
2627 4124 2696 4178 τὰ
2731 4125 2873 4179 καλὰ
2911 4126 2945 4196 ἢ
2978 4127 3049 4180 τὰ
3100 4129 3249 4183 κακὰ
3272 4131 3497 4196 ἐννοεῖν,
3546 4133 3581 4202 ἢ
3633 4132 3834 4202 λέγειν,
3872 4135 3913 4206 ἢ
3957 4137 4083 4190 δια-

2476 4216 2832 4287 πράττεσθαι.

2547 4310 2612 4364 δ’.
2645 4310 2789 4375 Νοῦς
2839 4314 2948 4366 ἀπὸ
2992 4312 3182 4366 παθῶν
3211 4315 3641 4386 κεκρατημένος,
3688 4318 3864 4372 ὲννοέ
3883 4319 3963 4374 τὰ
4003 4320 4081 4391 μὴ

2478 4404 2763 4473 πρέποντα
2781 4423 2796 4436 ο
2830 4407 3127 4477 φανεροῦσι
3146 4406 3206 4460 δὲ
3228 4408 3329 4478 τὴν
3357 4407 3569 4462 ἔννοιαν
3597 4410 3645 4462 oi
3674 4410 3826 4479 λόγοι
3864 4414 3977 4466 καὶ
4011 4417 4082 4465 τὰ

2479 4496 2637 4567 ἔργα.

2551 4588 2613 4643 ε’.
2663 4589 2858 4661 Κακῆς
2911 4589 3119 4655 ἑννοίας
3149 4594 3473 4663 προηγεῖται
3504 4596 3693 4659 πάθος,
3730 4594 3829 4649 τοῦ
3857 4595 3927 4649 δὲ
3976 4598 4083 4650 πά-

2482 4680 2608 4743 θονς
2640 4681 2789 4735 αἰτία
2852 4681 3190 4753 καθέστηκεν
3247 4686 3282 4756 ἠ
3332 4686 3605 4758 αἴσθησις,
3651 4687 3752 4757 τῆς
3791 4688 3847 4741 δὲ
3887 4690 4084 4759 κακῆς

2482 4771 2654 4842 αὑτῆς
2692 4774 2966 4843 χρήσεως,
2997 4774 3155 4845 δῆλον
3181 4776 3263 4830 ὅτι
3293 4780 3321 4830 ὁ
3350 4778 3496 4843 νοῦς.

2554 4867 2629 4927 ς’.
2674 4862 3023 4916 Ἀπόκλεισον
3052 4864 3152 4935 τὴν
3179 4865 3435 4936 αἴσθησιν
3458 4883 3474 4898 ο
3506 4868 3600 4920 καὶ
3623 4868 3951 4939 πολέμησον
3982 4871 4084 4938 τὴν

2484 4952 2775 5025 πρόληψιν,
2815 4956 2912 5009 καὶ
2968 4955 3155 5021 ὅπλοις
3204 4958 3317 5013 τῶν
3360 4959 3590 5013 ἐντολῶν
3638 4960 3797 5015 ἄνελὲ
3849 4977 3961 5014 σου
4016 4965 4085 5016 τὲ.

2408 5060 2454 5115 υ
2483 5045 2649 5115 πάθη.

2548 5137 2614 5202 ζ’·
2671 5139 2855 5193 Κακία
2903 5140 3224 5211 χρονίσασα,
3258 5141 3546 5213 ἀσκήσεως
3590 5142 3761 5197 δεῖται
3800 5146 4081 5215 χρονίαςσ

2478 5232 2736 5301 συνήθεια
2806 5232 2914 5305 γὰρ
2998 5235 3338 5303 παγιωθεῖσα
3430 5236 3642 5307 ἀθρόως
3702 5238 3764 5289 οὑ
3837 5256 4084 5308 μετακι-

2472 5324 2666 5377 νεῖται.

2550 5421 2619 5485 ηο,
2659 5415 2930 5485 Ἀσκησις
2955 5418 3320 5488 ὲπιτεταμὲνη
3349 5419 3674 5489 ἐγκρατείας
3696 5420 3791 5474 καὶ
3818 5422 4081 5495 ἀγάπηςι

2480 5506 2547 5560 δι’
2584 5506 2862 5601 ὑπομονῆς
2890 5509 2986 5562 καὶ
3016 5509 3248 5582 ἡσυχίας
3276 5511 3455 5565 ἀνεῖλε
3484 5511 3553 5565 τὰ
3586 5513 3918 5584 ὲγκείμενα.
