4198 6434
229 411 360 476 ίίὶθ

294 525 360 577 0'.
418 523 575 576 Κίνει
603 521 693 574 τὸν
740 519 866 574 νοῦν
911 519 990 582 εις
1051 517 1359 588 προσευχὴν
1393 515 1654 585 συνεχῶς,
1707 514 1800 565 καὶ
1829 516 1876 571 Α

223 614 553 685 διαφθείρεις
597 614 723 676 τοὺς
764 611 1060 681 λογισμοὺς
1110 608 1423 678 ἐφεστῶτας
1477 610 1544 676 τῇ
1581 604 1793 674 καρδίᾳ.

295 713 349 760 ι’.
413 707 726 774 ’Υπομονῆς
777 703 948 756 δεῖται
975 700 1072 755 καὶ
1112 699 1492 770 μακροθυμίας
1530 699 1793 766 ᾶτκησις·

225 795 411 867 χρονίᾳ
435 795 542 866 γάρ
573 794 862 864 φιλοπονίᾳ
884 789 1163 862 φιληδονία
1190 787 1515 858 ἐξορίζεται.

295 983 384 1030 ια’.
411 975 637 1048 Ῥᾳδίως
653 971 908 1045 γυμνάζῃ
923 973 1002 1036 είς
1024 972 1150 1036 τοὺς
1165 972 1262 1048 τῆς
1277 972 1560 1039 ἀσκήσεως
1582 966 1797 1028 πόνους,

225 1069 322 1123 ἐὰν
345 1069 520 1124 πάντα
540 1066 619 1138 τῷ
644 1066 829 1136 μέτρῳ
859 1064 954 1118 καὶ
984 1063 1171 1121 κανόνι
1197 1059 1489 1131 διαπράξῃ.

299 1241 388 1312 ιβ’.
415 1241 561 1303 Ἴσον
586 1240 646 1293 τὸ
673 1238 870 1310 μέτρον
889 1237 986 1315 τῆς
1013 1237 1302 1316 ἀσκήσεως
1318 1235 1576 1305 φύλαττε,
1602 1236 1696 1290 καὶ
1727 1234 1803 1305 μὴ

229 1333 395 1405 λύσῃς
427 1332 630 1387 κανόνα
659 1331 817 1394 ἐκτὸς
842 1329 945 1400 τῆς
973 1329 1240 1400 ἀνάγκης.

301 1518 391 1580 ιγ’.
427 1511 642 1580 Ὠσπερ
672 1509 968 1580 λογισμοὺς
993 1508 1245 1579 καθαίρει
1266 1508 1450 1577 ἀγάπη
1475 1507 1570 1561 καὶ
1599 1508 1803 1575 ἐγκρά-

229 1621 371 1668 τεια,
421 1603 593 1665 οῦτως
644 1603 753 1655 πᾶν
803 1601 1005 1671 ὕψωμα
1062 1601 1426 1668 ἐπαιρόμενον
1467 1598 1668 1666 Θεωρία
1711 1596 1804 1649 καὶ

228 1694 526 1765 προσευχὴ.

303 1783 384 1836 ιδ’.
445 1781 760 1850 Συνείδησιν
816 1779 1066 1851 καθαράν
1124 1780 1278 1833 πόνοι
1326 1777 1572 1831 ποιοῦσιν
1631 1778 1803 1846 ἀσκή-

1557 400 1944 464 (ΞΕΝῚἮΒΙΑ
1988 400 2098 457 lli.

3345 398 3482 465 1450

1973 510 2007 562 9
2053 510 2287 563 Mentem
2330 509 2550 563 assidue
2570 508 2638 563 ad
2666 508 2937 565 orandum
2969 507 3238 570 incita,ut
3265 511 3476 579 cngita-

1905 602 2084 654 tiones
2127 603 2180 653 in
2223 609 2444 668 pectore
2471 601 2830 653 obversantes
2857 598 3178 668 diSpertlere
3208 613 3397 666 queas.

1972 692 2057 743 ft).
2094 691 2430 746 Exercitatio
2457 690 2734 757 religiosa.
2765 689 3030 757 patientia
3061 703 3202 755 opus
3223 688 3389 745 habet
3411 706 3476 743 ac

1900 783 2345 848 longanimitate;
2378 782 2676 849 voluptatis
2715 784 2863 834 enim
2896 797 3070 844 amor,
3119 784 3289 834 multa
3321 781 3476 836 labo-

1903 874 1978 926 ris
2011 873 2331 928 assiduitate
2361 874 2416 926 in
2439 872 2694 932 exsilium
2728 875 2981 926 mittitur.

1974 963 2060 1014 ii.
2110 962 2286 1017 Facile
2335 963 2502 1032 hujus
2533 962 2951 1027 exercitationis
2984 963 3200 1017 labores
3231 963 3477 1021 exantla-

1903 1051 2010 1115 bis,
2049 1050 2092 1104 si
2121 1053 2187 1104 ad
2217 1066 2533 1106 mensuram
2558 1060 2615 1107 et
2643 1052 2885 1120 regulam
2912 1067 3082 1121 opera
3103 1062 3199 1108 tua
3229 1054 3476 1125 perfeceo

1903 1144 2001 1195 ris.
2950 1133 2952 1135 i

1975 1233 2062 1286 12.
2110 1232 2396 1301 Ᾱίίμιοιειιι
2463 1233 2568 1302 piae
2603 1233 3018 1293 exercitationis
3059 1249 3374 1291 mensuram
3421 1235 3478 1290 in

1903 1326 2162 1380 omnibus
2221 1341 2402 1388 serva,
2436 1326 2541 1380 nisi
2585 1327 2657 1380 ob
2701 1328 3127 1384 inexcusabilem
3176 1329 3476 1394 necessita-

1907 1426 2015 1472 tem
2047 1417 2290 1485 regulam
2326 1420 2508 1472 solvas
2533 1419 2843 1472 minimum.

1976 1510 2067 1563 15.
2100 1509 2169 1565 Ut
2196 1509 2534 1564 continentia
2580 1518 2637 1564 et
2665 1510 2906 1564 Charitas
2941 1511 3237 1578 puriticant
3263 1513 3475 1580 cogita-

1909 1599 2109 1664 tiones,
2137 1599 2208 1654 ita
2236 1613 2454 1665 omnem
2489 1600 2806 1668 superbiam
2864 1601 3064 1665 tollunt
3091 1601 3479 1670 contemplatio

1909 1703 2246 1757 precumque
2274 1689 2503 1757 puritas.

1980 1780 2069 1834 M.
2105 1779 2512 1836 Conscientiam
2533 1794 2727 1850 puram
2753 1780 2961 1835 faciunt
2982 1781 3199 1836 labores
3221 1783 3473 1835 monasii.

233 1890 394 1938 σεως,
451 1869 564 1926 οἷον
611 1873 854 1943 νηστεία,
910 1873 1207 1942 ἀγρυπνία,
1276 1871 1546 1942 ὑπομονὴ.
1594 1888 1805 1941 μακρο-

1914 1873 1980 1935 ci,
2015 1873 2204 1941 quales
2233 1881 2363 1926 sunt
2409 1874 2706 1943 jejunium,
2738 1874 2959 1943 vigiliae,
2983 1875 3246 1945 patientia
3277 1887 3333 1932 et
3354 1879 3482 1945 Ion:

231 1965 426 2035 θυμία.

302 2053 388 2110 ιε’.
441 2057 500 2109 '0
539 2056 647 2121 τῶν
689 2055 962 2111 ἀκουσίων
1001 2057 1325 2128 πειρασμῶν
1369 2057 1470 2118 τὰς
1512 2054 1805 2123 ἐπαγωγὰς

230 2146 540 2216 ὑπομένων,
586 2149 991 2219 ταπεινόφρων,
1040 2149 1135 2204 καὶ
1160 2148 1403 2219 δόκιμος,
1451 2149 1546 2201 καὶ
1587 2146 1806 2210 εὔελπις

227 2240 463 2308 γίνεται.

310 2332 409 2398 ις’.
445 2334 720 2404 ’Υπομονή
751 2337 897 2387 ἐστιν
928 2334 1213 2402 φιλοπονία
1242 2334 1421 2405 ψυχῆς
1440 2350 1455 2364 ⁸
1493 2336 1806 2388 συνίσταται

223 2431 290 2487 δὲ
348 2429 490 2500 αῦτη
543 2429 601 2495 ἐξ
649 2429 914 2482 ἑκουσίων
980 2429 1158 2484 πόνων
1209 2429 1304 2482 καὶ
1357 2427 1630 2482 ἀκουσίων
1688 2443 1810 2479 πει-

231 2540 483 2593 ρασμων.

308 2702 358 2766 ιῖ,
382 2739 396 2754 .
442 2700 629 2753 Τίκτει
668 2698 906 2753 ἀκακίαν
953 2698 986 2767 ἡ
1029 2697 1137 2751 τῶν
1169 2695 1359 2757 δεινῶν
1385 2698 1814 2768 καρτερία,ίκαὶ

230 2792 536 2848 ἀπόλλυσιν
577 2791 776 2853 κακίας
804 2792 886 2853 εἰς
913 2791 976 2843 τὸ
1012 2789 1164 2853 τέλος
1200 2790 1234 2860 ή
1277 2789 1440 2858 μέχρι
1465 2789 1651 2854 τέλους
1680 2789 1815 2842 ύπο·

236 2888 402 2956 μονή.

309 2977 405 3049 ιη’.
452 2979 713 3049 Αἴσθησιν
763 2975 926 3046 όδυνᾷ
971 2974 1153 3038 πόνων
1177 2973 1464 3044 ἐπαγωγὴ,
1493 2975 1590 3026 καὶ
1623 2972 1815 3043 ἡδονὴν

233 3076 457 3145 ἀναιρεῖ
481 3073 658 3142 λύπης
676 3071 946 3142 ἐπιφορά.

1905 1963 2218 2034 ganimitas.

1981 2054 2067 2108 15.
2094 2052 2199 2118 Qui
2236 2052 2730 2108 involuntariarum
2765 2057 3130 2120 tentationum
3163 2059 3348 2128 plagas
3390 2078 3484 2131 pa-

1908 2147 2108 2203 tienter
2150 2147 2291 2212 fert,
2337 2147 2617 2202 modestus
2671 2157 2729 2202 et
2780 2149 3062 2219 probatus,
3105 2163 3276 2220 atque
3334 2155 3488 2213 bonae

1905 2239 2022 2309 spei
2057 2240 2141 2293 vir
2170 2239 2297 2293 erit.

1979 2331 2066 2385 16.
2100 2329 2371 2394 Patientia
2404 2330 2606 2401 gaudet
2651 2333 2708 2387 in
2762 2332 3008 2391 ferendis
3035 2335 3315 2393 laboribus
3367 2341 3488 2393 ani-

1911 2435 2033 2483 mat,
2080 2421 2445 2490 consistitque
2491 2423 2546 2475 in
2575 2424 2975 2480 tentationibus
3006 2435 3062 2480 et
3089 2428 3371 2484 laboribus
3394 2431 3488 2501 qui

1910 2521 2106 2579 sponte
2164 2510 2565 2581 suscipiuntur,
2609 2519 2664 2567 et
2698 2514 3096 2571 tentationibus
3139 2532 3263 2586 qua:
3303 2519 3493 2584 invitis

1912 2601 2190 2657 accidunt.

1988 2694 2075 2747 17.
2097 2692 2415 2761 Tolerantia
2435 2709 2618 2749 rerum
2638 2695 2890 2775 gravium
2916 2697 3063 2766 parit
3090 2698 3490 2775 innocentiam;

1916 2785 2228 2837 constantia
2258 2791 2443 2838 autem
2471 2785 2527 2838 in
2582 2785 2690 2840 fine
2715 2803 2892 2855 usque
2919 2803 3279 2857 perseverans
3305 2791 3489 2853 omni.

1915 2891 1988 2930 no
2022 2875 2283 2929 malitiam
2330 2877 2680 2938 exterminat.

1991 2967 2056 3020 18
2132 2967 2306 3034 Plagw
2364 2969 2626 3030 immissae
2667 2983 2866 3024 sensus
2917 2969 3186 3040 aﬂligunt.
3245 2973 3341 3026 sed
3395 2989 3495 3031 vo:

1921 3061 2101 3128 luptas
2153 3061 2373 3119 tristitia
2405 3061 2555 3115 illata
2599 3061 2830 3115 tollitur.

313 3163 402 3220 ιθ⁹.
457 3161 715 3230 Τέσσαρά
762 3160 878 3212 ἐστι
919 3155 1258 3226 γενικώτατα
1292 3154 1462 3226 πάθη,
1514 3153 1598 3219 οἷς
1640 3152 1818 3223 σοφῶς

1991 3151 2080 3206 19.
2111 3151 2359 3216 Quatuor
2414 3162 2546 3207 sunt
2590 3155 2875 3222 generales
2924 3156 3246 3211 affectiones
3296 3157 3497 3226 quibus

237 3254 364 3318 κατ’
397 3253 642 3324 ἀλλήλων
675 3252 896 3304 ὑπόνοια
927 3249 1209 3319 κέχρηται.

312 3353 386 3401 κ’.
427 3344 649 3414 Ἡδονὴν
700 3343 811 3413 γὰρ
869 3340 1150 3403 συστέλλει
1194 3339 1376 3408 λύπης
1403 3335 1688 3406 ἐπαγωγὴ.
1725 3335 1817 3388 καὶ

235 3435 544 3506 ἐπιθυμίαν
580 3433 837 3505 μαραίνει
867 3431 1031 3502 φόϐος
1070 3430 1367 3495 κολάσεων.

313 3616 423 3670 κα⁰.
449 3614 593 3677 Νοῦς
630 3615 894 3684 φρόνιμος
911 3610 1177 3682 γυμνάζει
1202 3609 1379 3680 ψυχὴν
1402 3607 1588 3674 αὐτοῦ,
1618 3609 1713 3674 καὶ
1739 3608 1817 3669 είς

240 3710 435 3762 πᾶσαν
457 3707 695 3777 ἄσκησιν
725 3703 892 3769 ἐθίζει
922 3703 984 3756 τὸ
1011 3703 1171 3772 σῶμα
1204 3701 1392 3755 αὐτοῦ.

315 3797 422 3867 κβ’.
456 3796 700 3850 Σπεῦσον
718 3793 889 3860 δεῖξαι
921 3793 1176 3864 μοναχὸν,
1222 3792 1297 3862 μὴ
1349 3791 1440 3846 τὸν
1463 3789 1568 3857 ἔξω
1605 3788 1816 3859 ἄνθρω-

237 3906 371 3954 πον,
399 3887 536 3941 ἀλλὰ
559 3887 654 3940 καὶ
685 3886 780 3939 τὸν
807 3885 918 3950 ἔσω
940 3883 1051 3937 τῶν
1081 3882 1269 3937 παθῶν
1295 3881 1674 3949 άπαλλάττων.

321 4073 428 4134 κγ’.
472 4066 750 4135 Ἀποταγὴ
808 4065 1001 4135 πρώτη
1036 4066 1066 4134 ἠ
1109 4063 1218 4116 τῶν
1269 4063 1612 4135 πραγμάτων
1644 4062 1819 4114 ἀπαλ-

241 4158 416 4225 λαγὴ.
459 4154 688 4226 δευτέρα
713 4153 772 4218 δὲ
812 4153 906 4215 καὶ
935 4153 1093 4226 τρίτη
1133 4156 1167 4214 ἡ
1213 4153 1324 4208 τῶν
1354 4152 1547 4206 παθῶν
1585 4152 1677 4205 καὶ
1719 4151 1820 4219 τῆς

242 4248 498 4316 ἀγνοίας.

323 4358 424 4412 κδ’.
468 4357 694 4429 Ῥᾳδίως
721 4373 806 4421 τις
833 4356 1117 4428 βουληθεὶς
1145 4357 1256 4410 τῶν
1278 4357 1619 4429 πραγμάτων
1651 4357 1822 4411 ἀπαλ-

1927 3242 2222 3309 prudentia
2258 3243 2538 3310 sapienter
2556 3243 2796 3298 vicissim
2825 3261 2922 3300 usa
2953 3256 3057 3302 est.

1997 3334 2085 3387 20.
2123 3335 2470 3402 Voluptatem
2499 3335 2648 3388 enim
2688 3335 2913 3389 tristitia
2933 3338 3334 3408 superveniens
3358 3339 3502 3404 frau-

1926 3425 2004 3495 git
2047 3433 2103 3478 et
2128 3425 2424 3491 contrahit;
2459 3426 2965 3496 concupiscentiam
2997 3418 3132 3489 vero
3161 3439 3349 3485 metus
3372 3431 3497 3484 vin—

1927 3516 2087 3571 dictze
2116 3516 2319 3570 abolet.

1997 3605 2090 3659 2Ι.
2113 3604 2266 3659 Mens
2287 3604 2576 3683 prudentis
2605 3605 2842 3670 animam
2869 3622 3024 3664 suam
3045 3618 3285 3672 exercet,
3307 3619 3362 3664 et
3378 3625 3502 3678 cor,

1930 3714 2035 3771 pus
2060 3714 2220 3752 suum
2269 3695 2421 3752 omni
2443 3697 2545 3766 piae
2571 3698 2956 3757 exercitationi
2993 3699 3309 3756 assuefacit.

1997 3790 2088 3842 22.
2123 3790 2360 3857 Propera
2405 3799 2467 3842 ut
2501 3789 2833 3843 monachum
2874 3798 2927 3845 te
2952 3791 3237 3857 ostendas,
3267 3807 3376 3846 non
3405 3808 3498 3847 ex-

1927 3882 2190 3936 teriorem
2215 3881 2517 3949 hominem,
2563 3880 2659 3935 sed
2695 3881 3019 3938 interiorem
3079 3882 3150 3938 ab
3191 3881 3500 3948 affectioni-

1928 3973 2034 4037 bus
2063 3970 2373 4026 alienando.

1998 4069 2090 4123 25.
2127 4069 2416 4126 Abdicatio
2451 4070 2625 4138 prima
2655 4079 2740 4124 est
2768 4067 2972 4137 utquis
2991 4068 3062 4125 ab
3098 4068 3382 4137 operibus,
3414 4084 3502 4123 se-

1927 4162 2107 4217 cunda
2130 4162 2198 4216 ab
2218 4159 2625 4225 affectionibus,
2649 4159 2810 4230 tertia
2843 4168 2904 4214 ut
2931 4159 3006 4229 ab
3027 4159 3337 4228 ignorantia
3361 4158 3504 4216 liber

1931 4252 2041 4306 liat.

2001 4362 2092 4415 21.
2126 4361 2182 4416 Si
2207 4361 2330 4429 quis
2353 4359 2522 4423 volet,
2555 4359 2716 4415 facile
2747 4376 2781 4416 a
2804 4361 2964 4416 malis
2989 4361 3250 4435 operibus
3285 4365 3503 4420 alienus

242 4449 528 4512 ὶάττεται,
587 4447 688 4500 οὐκ
734 4446 902 4517 ὀλίγῳ
947 4445 1005 4500 δὲ
1058 4445 1310 4515 καμάτῳ,
1354 4445 1464 4506 τῶν
1496 4445 1630 4525 πρὸς
1685 4447 1822 4500 αὐτὰ

1929 4453 2064 4517 erit;
2093 4451 2188 4505 sed
2225 4466 2334 4505 non
2367 4450 2498 4505 item
2525 4465 2695 4519 parvo
2719 4453 2907 4508 labore
2928 4455 2996 4508 2b
3015 4456 3334 4510 earumdem
3368 4457 3505 4515 affe-

245 4540 618 4612 παθημάτων.

326 4664 427 4712 κε’.
454 4658 689 4726 Κρατιῖη
717 4655 1032 4727 ἐπιθυμίας,
1064 4656 1161 4709 καὶ
1189 4655 1362 4727 θυμοῦ
1391 4656 1652 4728 περιέσῃο
1689 4656 1826 4727 αῦτη

247 4747 368 4819 γάρ
395 4748 540 4804 αίτία
569 4748 667 4819 τῆς
690 4749 782 4800 τοῦ
818 4747 990 4818 θυμοῦ
1029 4747 1297 4818 ταραχῆς.

330 4958 445 5018 κζ’.
475 4947 623 5016 Ἀρά
651 4949 1046 5019 ἀπηλλάγημεν
1081 4946 1192 5002 τῶν
1222 4947 1493 5018 νὲμπαθῶν
1520 4947 1828 5016 νοημάτων,

244 5048 358 5101 καὶ
381 5033 482 5114 τῆς
509 5042 756 5112 καθαρᾶς
785 5041 880 5100 καὶ
915 5039 1085 5095 άΰλου
1123 5038 1470 5110 ἀπολαύομεν
1499 5037 1829 5109 προσευχῆς,

251 5139 288 5208 ἡ
318 5134 512 5201 οὔπως

329 5247 439 5313 κζ’.
474 5246 662 5316 Μέγας
703 5246 846 5310 νοῦς,
890 5247 918 5298 ὁ
957 5245 1067 5302 τῶν
1115 5245 1304 5312 παθῶν
1344 5245 1701 5315 ἀπαλλαγεὶς,
1741 5247 1835 5307 καὶ

237 5339 373 5395 τῶν
403 5339 574 5392 όντων
619 5338 908 5409 ,ωρισθε“ις,
951 5337 1046 5391 καὶ
1088 5339 1147 5391 ὲν
1169 5336 1252 5407 τῷ
1280 5337 1400 5406 Θεῷ
1426 5337 1653 5405 διάγων.

335 5521 445 5588 κη’.
499 5516 586 5567 Ἐν
621 5516 732 5577 τοῖς
765 5513 913 5585 τρισὶ
941 5511 1154 5569 τούτοις
1183 5516 1211 5566 ὁ
1259 5512 1586 5574 προκόπτων
1616 5513 1835 5581 φιλοσο-

233 5611 377 5684 ςεῖ,
432 5609 491 5660 ὲν
521 5611 639 5671 ταῖς
669 5607 930 5675 ἐντολαῖς,
973 5608 1035 5662 ὲν
1075 5609 1188 5671 τοῖς
1227 5607 1483 5678 δόγμασι,
1521 5608 1614 5661 καὶ
1657 5609 1716 5660 ἐν
1765 5610 1833 5678 τῇ

228 5701 445 5759 πίστει
471 5699 574 5769 τῆς
594 5699 847 5769 Τριάδος.

331 5794 440 5858 ιβ’.
473 5792 619 5855 Νοῦς
647 5791 837 5845 παθῶν
871 5793 1178 5862 γυμνωθεὶς
1225 5795 1283 5847 ἐν
1330 5794 1542 5858 τούτοις
1584 5795 1830 5864 εὑρίσκε-

584 5885 854 5947 ΡΑτιιοι..
883 5887 996 5946 Gn.
1049 5887 1200 5948 XCI.

1856 4525 1908 4584 θ
1937 4544 2236 4600 ctionibus.

2000 4659 2090 4714 25.
2109 4659 2167 4714 Si
2193 4661 2432 4730 imperas
2454 4659 2935 4730 concupiscentiis,
2958 4660 3247 4716 cohibebis
3264 4670 3318 4716 et
3343 4663 3502 4727 iram;

1931 4765 2058 4803 nam
2122 4749 2313 4816 eadem
2388 4750 2458 4805 de
2525 4765 2689 4819 causa
2751 4750 2878 4819 quis
2937 4759 2988 4804 et
3065 4751 3144 4804 ira
3204 4755 3504 4820 con-turba-

1933 4852 2043 4896 llll'.

2001 4953 2090 5008 26.
2117 4955 2201 5017 An
2225 4970 2335 5008 non
2351 4955 2575 5010 liberati
2600 4969 2628 5010 a
2659 4953 3092 5024 cogitationibus
3118 4970 3242 5024 qua:
3266 4957 3506 5011 animam

1933 5046 2200 5110 afficiunt,
2260 5047 2494 5116 spiritali
2551 5047 2718 5101 etiam
2773 5061 2840 5100 ac
2885 5061 3022 5116 pura
3075 5048 3331 5103 oratione
3365 5049 3505 5104 frui-

1933 5138 2095 5191 mur?

2003 5249 2092 5303 27.
2121 5248 2310 5317 Magna
2339 5248 2561 5318 quidem
2581 5263 2738 5312 mens
2765 5262 2889 5316 quae
2915 5247 2986 5303 ab
3010 5247 3400 5306 affectionibus
3424 5262 3504 5306 est

1933 5340 2129 5404 libera,
2158 5350 2214 5393 et
2233 5349 2574 5409 sequestrata
2601 5348 2692 5394 est
2713 5339 2784 5399 ab
2813 5340 2901 5395 his
2925 5355 3049 5409 quae
3065 5349 3217 5405 sunt,
3240 5350 3296 5395 et
3321 5344 3376 5397 in
3397 5343 3510 5400 Deo

1939 5437 2209 5482 νει-δοίην.

2004 5519 2095 5574 28.
2143 5518 2435 5589 Sapientia:
2467 5530 2646 5586 vacat,
2681 5521 2855 5592 quiin
2896 5522 3076 5578 tribus
3129 5523 3370 5593 proﬁcit,
3455 5527 3507 5578 in

1937 5610 2207 5665 mandatis
2230 5611 2459 5680 scilicet,
2485 5612 2770 5678 doctrinis,
2799 5621 2856 5684 et
2879 5613 2940 5687 in
2959 5612 3069 5685 fide
3097 5614 3402 5668 Trinitatis.

2017 5792 2106 5847 29.
2163 5792 2313 5848 Mens
2341 5792 2727 5848 affectionibus
2758 5802 2920 5848 exuta
2943 5792 2998 5847 in
3033 5790 3154 5848 istis
3178 5791 3509 5853 invenietur,

2996 5882 3075 5945 ιδ
