4198 6434
764 308 893 374 1451

2010 312 2410 374 THALASSII
2452 315 2767 379 ABBATIS

3864 324 3889 391 1
3902 326 3990 390 l5?

760 432 815 482 in
841 436 1101 481 tenutous
1146 424 1589 495 cogitationibus,
1628 424 2088 495 contemplatione
2134 426 2322 480 horum

2433 446 2544 496 ται,
2572 433 2631 484 ἐν
2654 436 2764 497 τοῖς
2792 434 2967 503 ψιλοῖς
2994 436 3251 506 νοήμασι,
3276 436 3335 489 ἐν
3360 438 3427 508 τῇ
3451 436 3656 508 θεωρία
3685 439 3796 492 τῶν
3815 439 3993 502 ὅντων,

759 538 882 591 quae
913 531 1063 584 sunt,
1097 530 1155 573 ct
1209 520 1414 573 lumine
1465 519 1674 573 nu|lam
1741 521 2014 575 referente
2066 522 2327 590 speciem.

825 614 915 668 50.
945 613 1184 668 Occulta:
1213 620 1341 666 sunt
1373 614 1425 665 in
1450 612 1740 667 animabus
1766 613 1968 668 nostris
2007 614 2328 669 affectiones

755 708 1033 776 pessimzc;
1057 704 1547 773 deprehenduntur
1569 712 1753 760 autem
1778 704 1872 760 ubi
1885 720 2051 776 opera
2073 706 2128 759 in
2148 706 2326 759 lucem

756 798 945 867 prodie
954 797 1081 850 rint.

820 887 907 940 51.
936 885 1330 955 [inperturbata
1344 895 1526 941 manet
1553 886 1845 955 aliquando
1865 900 2039 949 mens,
2066 886 2330 957 tranquil-

752 977 963 1031 litatem
995 977 1233 1045 aliquam
1282 978 1673 1047 particularem
1706 986 1873 1031 nacta
1906 994 1918 1029 :
1947 976 2191 1047 quandiu
2242 985 2326 1032 ta-

753 1084 876 1122 men
909 1068 1107 1122 absunt
1141 1083 1326 1137 opera,
1362 1068 1587 1136 probata
1623 1084 1729 1121 non
1765 1078 1868 1122 est.

821 1160 910 1212 52.
928 1160 1031 1213 Per
1064 1158 1186 1222 tria,
1206 1159 1420 1212 scilicet
1440 1160 1780 1223 memoriam,
1811 1159 2190 1214 habitudinem
2207 1174 2327 1213 cor-

751 1251 903 1318 poris
928 1257 984 1303 et
1012 1263 1226 1310 sensus,
1262 1257 1322 1301 ut
1347 1248 1666 1317 prmdictutn
1700 1257 1805 1310 est.
1831 1248 2144 1303 excitantur
2181 1249 2316 1304 alle-

754 1344 982 1396 ctiones.

822 1431 912 1485 55.
945 1430 1115 1495 Mens,
1140 1431 1431 1486 custoditis
1463 1432 1717 1485 sensibus
1748 1438 1802 1484 et
1830 1429 2078 1498 corporis
2103 1428 2325 1483 trahitu-

755 1526 904 1587 dine,
937 1527 990 1579 in
1048 1525 1421 1579 obedientiam
1455 1524 1658 1594 justam
1694 1523 1906 1576 ﬁrmata
1944 1520 2150 1574 bellum
2184 1522 2325 1592 gerit

753 1617 1018 1669 adversus
1048 1615 1219 1669 solam
1253 1616 1595 1669 memoriam.

823 1708 911 1760 54.
944 1708 985 1760 A
1017 1707 1273 1761 sensibus
1298 1706 1552 1759 oriuntur
1573 1706 1915 1773 affectiones,
1952 1708 2171 1780 quoties
2189 1722 2324 1761 con-

757 1800 985 1852 liuentia
1015 1798 1386 1866 Spiritalisque
1414 1797 1656 1853 charitas
1687 1798 1988 1854 abfuerint.

822 1959 1277 2014 55.1lloderatum
1311 1957 1604 2029 jejunium,
1650 1956 1852 2027 vigiliae
1899 1965 1957 2013 et
2006 1955 2324 2028 psalmodia‘:

752 2054 998 2123 parabile
1031 2066 1233 2121 corpus
1262 2051 1516 2106 reddunt.

820 2255 906 2308 56.
927 2252 1184 2323 Corporis
1200 2249 1579 2306 habitudinem
1595 2248 1699 2303 tria
1718 2247 1772 2304 in
1792 2247 2037 2304 deterius
2066 2246 2322 2310 alterant,

749 2364 946 2417 nempe
974 2347 1148 2399 dianus
1172 2341 1526 2406 inordinatio,
1554 2340 1682 2396 dein
1698 2339 2325 2405 aerisimmutatio,tan-

750 2439 875 2493 dem
906 2446 961 2490 et
992 2435 1301 2489 dmmonum
1334 2430 1640 2485 infestatio.

819 2528 907 2579 57.
939 2527 1141 2579 lterum
1169 2521 1441 2577 memoria:
1467 2520 1671 2589 quibus
1703 2519 2024 2575 aﬂ‘ectiones
2077 2521 2321 2575 excitan-

752 2629 858 2682 tur,
889 2616 1167 2687 precibus,
1192 2614 1449 2679 lectione,
1471 2612 1809 2667 continentia
1832 2627 1898 2667 ac
1922 2611 2189 2668 charitate
2221 2612 2322 2666 ini-

750 2718 1012 2763 linuntur.

819 2800 907 2853 58.
934 2799 1141 2853 Sensus
1169 2796 1403 2865 primum
1426 2795 1617 2850 claude
1641 2805 1698 2849 et
1723 2793 2033 2863 quietiores
2056 2789 2245 2856 facito,
2265 2798 2321 2844 et

749 2898 937 2959 postea
965 2888 1134 2942 armis
1158 2886 1424 2940 virtutum
1450 2886 1711 2941 adversus
1738 2900 1803 2940 ea
1824 2898 1947 2954 quae
1997 2882 2318 2937 memoriam

749 2976 1031 3038 infestant,
1063 2974 1334 3043 praeliare.

2430 524 2489 575 ἐν
2515 524 2595 593 τῷ
2619 524 2777 593 ἀϊδίῳ
2794 525 2957 593 φωτί.

2499 615 2562 667 λ’.
2602 616 2853 670 Κάκιστα
2894 616 3044 686 πάθη
3098 618 3159 670 ἐν
3204 621 3323 683 ταῖς
3374 620 3578 689 ψυχαῖς
3622 621 3781 691 ήμῶν
3804 621 3995 692 κέκρυ-

2431 722 2593 760 πται·
2637 706 2761 760 τότε
2798 708 2854 762 δὲ
2888 711 3166 778 φαίνεται,
3214 712 3345 765 ὃταν
3390 713 3461 766 τά
3507 714 3816 785 πράγματα
3855 715 3995 781 Divo

2429 816 2651 869 χωνται.

2498 887 2608 941 λα’·
2643 888 3024 960 Ἀνενόχλητος
3068 890 3219 960 μένει
3248 890 3362 944 ἔσθ’
3389 892 3481 944 ὅτε
3506 891 3538 944 6
3574 891 3719 953 νοῦς.
3772 889 3994 961 μερικῆς

2427 979 2605 1050 τυχὼν
2659 979 2967 1043 άπαθείαμ
3020 981 3278 1053 ἀδόκιμος
3329 982 3387 1035 δέ
3430 984 3582 1036 ἐστιν
3627 983 3719 1036 διὰ
3748 982 3848 1053 τὴν
3890 980 3996 1033 τῶν

2429 1072 2772 1143 πραγμάτων
2805 1073 3099 1128 ἀπουσίαν.

2498 1161 2599 1231 λβ’.
2643 1160 2937 1216 Κινοῦνται
2976 1163 3047 1215 τὰ
3092 1161 3240 1234 πάθη
3283 1161 3375 1217 διά
3429 1164 3541 1218 τῶν
3563 1164 3730 1232 τριῶν
3773 1164 3994 1225 τούτων,

2427 1254 2520 1307 διὰ
2550 1271 2609 1307 τε
2642 1254 2743 1325 τῆς
2769 1256 2990 1325 μνήμης
3015 1255 3111 1307 καὶ
3141 1256 3238 1325 τῆς
3270 1255 3545 1326 κράσεως.
3572 1259 3666 1310 καὶ
3687 1256 3791 1326 τῆς
3811 1256 3995 1324 δείνων

2429 1365 2588 1411 σεως,
2627 1349 2703 1410 ὠς
2743 1346 3091 1417 προείρηται.

2495 1436 2599 1505 λγ’.
2642 1439 2698 1489 ⁸0
2724 1435 2849 1499 νοῦς
2882 1438 2981 1506 τήν
3008 1454 3067 1489 τε
3106 1437 3361 1508 αἴσθησιν
3388 1437 3741 1499 ἀποκλείσας,
3778 1436 3876 1491 καὶ
3902 1436 3996 1503 τὴν

2429 1529 2629 1596 κρᾶσιν
2665 1526 2954 1598 ὁμαλίσας,
2997 1528 3136 1598 πρὸς
3168 1530 3338 1599 μόνην
3374 1527 3473 1599 τὴν
3504 1531 3729 1599 μνήμην
3762 1529 3878 1598 ἔχει
3909 1530 3998 1580 τὸν

2427 1620 2687 1688 πόλεμον.
3264 1678 3272 1685 ,

2498 1709 2592 1764 λδ’.
2630 1710 2769 1765 Ὑπὸ
2788 1708 2899 1762 τῶν
2933 1708 3244 1779 αίσθήσεων
3274 1710 3398 1765 τότε
3429 1710 3497 1762 τά
3523 1709 3667 1780 πάθη
3698 1706 3998 1768 κινοῦνται,

2378 1766 2663 1873 ὶὁπηνίκα
2706 1800 3004 1872 ἐγκράτεια
3049 1766 3125 1871 μή
3167 1804 3344 1873 παρῇ,
3397 1802 3491 1854 καί⁵
3528 1766 3717 1870 ἀγάπη
3762 1766 4001 1869 πνευμαξ

2424 1895 2570 1965 τική.

2495 1983 2590 2038 λε’.
2668 1984 2911 2056 Νηστεία
2971 1982 3307 2053 σύμμετρος,
3376 1982 3472 2035 καὶ
3540 1980 3843 2051 ἀγρυπνία,
3904 1979 3998 2031 καὶ

2422 2074 2711 2145 ψαλμῳδία
2784 2074 3029 2144 πέφυκεν
3106 2072 3390 2142 ὁμαλίζειν
3472 2072 3571 2143 τὴν
3638 2073 3834 2141 κρᾶσιν
3906 2068 4000 2121 τοῦ

2426 2164 2699 2236 σώματος.

2492 2255 2602 2319 λς’.
2648 2255 2729 2311 Τά
2779 2254 2906 2326 τρία
2948 2254 3123 2309 ταῦτα
3163 2255 3263 2326 τὴν
3306 2257 3507 2326 κρᾶσιν
3555 2255 3696 2309 κατά
3732 2255 3792 2307 τὸ
3823 2255 3999 2324 χεῖρον

2421 2346 2582 2417 δῆλον
2613 2347 2697 2401 ὅτι
2734 2346 3060 2413 ἀλλοιοῦσιν,
3109 2349 3143 2417 ἡ
3179 2348 3281 2418 τῆς
3306 2347 3518 2414 διαίτης
3552 2345 3773 2411 ἀταξία,
3806 2347 3843 2415 ἡ
3892 2344 4001 2398 τῶν

2423 2439 2604 2509 ἀέρων
2634 2438 3045 2510 μεταδολὴ,καὶ
3074 2441 3107 2510 ἡ
3141 2438 3249 2493 τῶν
3278 2439 3550 2509 δαιμόνων
3578 2439 3785 2507 ὲπαφή.

2493 2530 2593 2593 λζ’.
2639 2531 2705 2584 Δί
2756 2529 3023 2601 ἐμπαθεῖς
3064 2530 3278 2601 μνῆμαι
3307 2530 3397 2584 διά
3434 2528 3643 2583 τούτων
3688 2528 3996 2597 φιλοῦνται.

2421 2620 2511 2674 διὰ
2526 2620 2856 2693 προσευχῆς,
2877 2623 2973 2675 καὶ
2993 2621 3376 2689 ἀναγνώσεως,
3405 2621 3503 2675 καὶ⁵
3525 2620 3875 2692 ἐγκρατείας,
3904 2619 4001 2671 καὶ

2422 2713 2667 2784 ἀγάπης.

2491 2806 2595 2877 λη’.
2636 2807 2748 2877 Τὴν
2775 2807 3030 2878 αἴσθησιν
3065 2806 3281 2877 πρῶτον
3314 2807 3382 2877 τῇ
3408 2805 3613 2875 ἠσυχίᾳ
3646 2804 3996 2867 ἀπόκλεισον,

2421 2902 2516 2952 καὶ
2546 2899 2669 2952 τότε
2691 2901 2803 2963 τοῖς
2840 2899 3028 2963 ὅπλοις
3065 2898 3174 2952 τῶν
3203 2896 3419 2969 ἀρετῶν
3455 2896 3595 2967 πρὸς
3632 2896 3734 2959 τὰς
3773 2897 3999 2965 μνήμας

2424 2990 2553 3042 πολέ
2563 3006 2637 3059 μη
2644 3006 2759 3045 σον.

818 3068 905 3119 59.
933 3066 1002 3120 Ut
1031 3064 1422 3133 cogitationum
1456 3063 1683 3127 abusus,
1714 3062 1925 3117 malitia
1963 3070 2050 3117 est
2085 3076 2313 3128 earum;

2496 3080 2595 3135 λθ’.
2629 3081 2693 3133 Ἦ
2729 3082 2870 3135 κατά
2907 3081 3150 3137 διάνοιαν
3186 3082 3373 3148 κακία,
3407 3081 3445 3151 ἡ
3489 3074 3840 3150 παράχρησίς
3882 3074 4005 3126 ἑστι

748 3171 821 3215 ita
848 3170 903 3215 ct
927 3174 1155 3228 operum
1189 3157 1394 3213 abusus
1415 3155 1732 3213 eorumdem
1764 3163 1851 3210 est
1874 3153 2102 3210 malitia.

817 3355 905 3409 40.
930 3354 1064 3407 Tam
1094 3350 1488 3422 cogitationum
1516 3364 1683 3419 quam
1726 3360 1956 3419 operum
1980 3346 2206 3414 abusus,
2240 3355 2326 3404 est

747 3447 955 3503 eisdem
986 3463 1093 3501 non
1132 3444 1386 3515 religiose
1406 3452 1462 3500 et
1484 3444 1630 3515 juste
1661 3442 1762 3497 uti.

818 3630 905 3684 4L
938 3628 1275 3684 All'ectiones
1302 3634 1494 3692 turpes
1518 3623 1724 3680 mentis
1749 3622 1970 3679 vincula
2019 3630 2169 3690 sunt,
2194 3623 2322 3694 qui-

748 3725 851 3778 bus
882 3722 937 3775 in
969 3718 1288 3774 carnalibus
1312 3716 1576 3788 operibus
1604 3715 1909 3772 detinetur.

816 3814 903 3868 42.
944 3810 1249 3866 Perfectam
1284 3809 1732 3879 tranquillitatem
1766 3819 2054 3865 assecutus
2083 3818 2188 3876 est,
2225 3810 2320 3880 qui

746 3919 924 3974 neque
972 3917 1103 3972 erga
1143 3916 1309 3972 opera
1368 3915 1545 3971 neque
1598 3915 1829 3971 operum
1867 3901 2160 3956 memorias
2204 3900 2319 3955 alli-

784 3999 914 4050 itur.

784 4013 860 4049 llll
898 4037 914 4050 .

746 4014 777 4052 ε
815 4013 907 4141 43r.
943 4086 1138 4141 Anima
1172 4084 1316 4138 bona
1355 4083 1665 4152 proximum
1690 4098 1853 4138 suum
1885 4082 2170 4138 beneficiis
2194 4099 2322 4154 pro-

746 4180 1031 4249 sequitur:
1058 4186 1113 4231 et
1139 4175 1185 4230 si
1216 4175 1492 4245 ingratum
1556 4176 1895 4244 experiatur,
1932 4176 2321 4244 longanimiter

745 4271 893 4335 fert;
937 4268 1073 4340 quin
1098 4268 1265 4323 etiam
1296 4266 1496 4320 tolerat
1531 4265 1890 4332 sustinenter,
1927 4267 1974 4323 si
1996 4267 2068 4322 ab
2090 4283 2159 4323 co
2184 4268 2318 4338 quid

745 4362 1003 4432 patiatur.

2426 3172 2532 3224 τῶν
2583 3172 2909 3242 νοημάτωνο
2968 3173 3002 3242 ὴ
3061 3172 3119 3225 δὲ
3171 3172 3293 3227 κατ’
3342 3172 3629 3242 ἐνέργειαν
3681 3167 3929 3239 ἁμαρτία
3970 3164 4005 3235 η

2425 3263 2773 3335 παράχρησίς
2800 3267 2915 3317 ἐστι
2944 3264 3055 3318 τῶν
3074 3264 3435 3336 πραγμάτων.

2497 3363 2571 3426 μ’.
2604 3356 2908 3428 Νοημάτων
2945 3356 3042 3411 καὶ
3075 3356 3420 3429 πραγμάτων
3446 3355 3597 3409 ἐστὶν
3626 3353 4004 3424 παράχρησις.

2422 3446 2485 3499 τὸ
2516 3447 2592 3517 μὴ
2633 3446 2873 3511 εὐσεὸῶς
2925 3448 3019 3500 aut
3060 3446 3282 3511 δικαίως
3323 3448 3437 3511 τοῖς
3470 3446 3809 3517 ἀμφοτέροις
3859 3444 4006 3515 χρή·

2427 3535 2646 3590 σασθαι.

2496 3634 2606 3696 μα’.
2661 3625 2847 3698 Δεσμά
2899 3625 3228 3695 ὑπάρχουσι,
3266 3624 3416 3697 πάθη
3456 3623 3657 3695 ψεκτά,
3699 3622 4008 3692 κατέχοντα

2421 3717 2514 3770 τὸν
2538 3715 2662 3770 νοῦν
2690 3716 2749 3768 ἐν
2774 3717 2888 3779 τοῖς
2912 3716 3194 3786 αἰσθητοῖς
3218 3715 3583 3787 πραγμάτων.

2495 3807 2605 3879 μβ’.
2654 3807 2892 3871 Ἐκεῖνος
2911 3807 3124 3862 τελείαν
3151 3807 3265 3878 ἔχει
3308 3806 3601 3874 ἀπάθειαν,
3632 3810 3661 3862 6
3696 3808 3833 3879 μηδὲ
3861 3808 4008 3879 πρὸς

2421 3900 2490 3954 τά
2546 3900 2851 3971 πράγματα
2909 3900 3156 3971 πάσχων,
3226 3898 3362 3970 μηδὲ
3416 3898 3557 3971 πρὸς
3624 3899 3724 3962 τάς
3776 3900 4007 3970 μνήμας

2421 3989 2623 4043 αὐτῶν.

2492 4079 2604 4149 μγ’.
2662 4078 2824 4149 Ψυχὴ
2878 4076 3057 4147 ἀγαθὴ
3102 4078 3382 4148 εὐεργετεῖ
3434 4077 3526 4129 τὸν
3587 4075 3834 4148 πλησίον,
3899 4077 4002 4130 καὶ

2420 4170 2879 4241 ἀγνωμονουμὲνη
2918 4169 3268 4239 μακροθυμεῖ
3286 4168 3375 4223 ἐπ’
3394 4169 3566 4241 αὐτῷ,
3587 4170 3683 4223 καὶ
3707 4170 4005 4239 πάσχουσα

2419 4262 2682 4333 ὑπομένει
2720 4260 2791 4315 τά
2817 4260 2948 4332 παρ’
2976 4260 3168 4316 αὐτοῦ.

814 4451 903 4504 44.
934 4448 1067 4503 Tam
1101 4446 1286 4518 gravia
1322 4445 1464 4500 mala
1500 4453 1649 4511 sunt,
1688 4460 1871 4514 prava:
1930 4446 2316 4515 cogitationes,

2497 4442 2599 4513 μδ’.
2662 4440 3010 4511 Ὕπάρχοντά
3049 4440 3167 4494 ἔστι
3212 4441 3388 4505 κακά,
3448 4443 3700 4510 λογισμοὶ
3740 4447 4004 4515 πονηροὶ,

749 4549 809 4595 ut
850 4539 957 4594 nisi
997 4540 1123 4609 quis
1166 4538 1250 4593 eis
1289 4536 1603 4603 renuntiet,
1637 4537 1926 4593 scientiam
1968 4551 2155 4593 veram
2208 4555 2319 4594 non

748 4632 1013 4688 addiscat.

813 4723 904 4777 45.
930 4722 1216 4777 Christum
1243 4721 1339 4790 qui
1367 4719 1523 4774 audit
1546 4728 1593 4785 ι,
1624 4718 1867 4790 seipsum
1894 4718 1962 4774 ad
1991 4719 2171 4775 lucem
2225 4723 2321 4777 ad-

745 4815 898 4869 ducit
926 4832 938 4868 :
967 4814 1061 4883 qui
1087 4828 1219 4867 vero
1251 4812 1430 4882 ipsum
1458 4811 1725 4875 imitatur,
1747 4811 1989 4879 seipsum
2038 4811 2318 4867 emendat.

814 4908 905 4961 46.
932 4906 1263 4976 Iniuriarum
1295 4903 1636 4969 recordatio,
1663 4904 1813 4975 lepra
1840 4911 1925 4960 est
1948 4904 2172 4969 animae,
2199 4920 2320 4975 qua:

742 4999 830 5054 vel
861 5014 928 5053 ex
960 4998 1289 5069 ignominia,
1315 4997 1400 5051 vel
1431 4996 1663 5061 damno,
1691 4996 1777 5051 vel
1813 4996 2136 5067 suspiciosis
2169 4998 2322 5069 cogi-

746 5090 1053 5145 tationibus
1084 5088 1309 5143 accidit.

815 5184 905 5237 47.
955 5182 1194 5236 Mentem
1249 5180 1420 5235 invidi
1474 5190 1712 5234 excaecat
1761 5180 2057 5248 Dominus;
2119 5181 2320 5253 iniuste

746 5274 896 5329 enim
925 5272 993 5328 de
1024 5272 1185 5327 bonis
1212 5269 1447 5342 proximi
1476 5271 1857 5326 contristatur.

815 5387 908 5440 48.
944 5384 1362 5440 Obtrectatricis
1406 5384 1599 5437 animae
1643 5385 1858 5454 lingua,
1896 5384 2047 5440 hasta
2090 5394 2175 5440 est
2219 5386 2313 5441 tri-

748 5474 963 5543 cuspis;
996 5484 1124 5527 nam
1155 5482 1211 5527 et
1239 5474 1475 5542 seipsam
1507 5481 1561 5525 et
1590 5472 1935 5539 audientem,
1990 5473 2317 5544 quandoque

748 5566 913 5620 ctiam
945 5579 1073 5619 eum
1101 5562 1169 5619 de
1195 5578 1305 5632 quo
1329 5563 1672 5632 obloquitur,
1701 5562 1865 5617 laedit.

822 5733 844 5760 ³
872 5722 1058 5776 Matth.
1092 5738 1184 5780 vn.
1211 5722 1300 5775 24.

2423 4528 2505 4597 οἷς
2532 4535 2561 4588 6
2592 4533 2668 4605 μὴ
2684 4531 3150 4602 άποτασσόμενος,
3179 4533 3240 4585 οὐ
3264 4531 3556 4603 μαθητεύει
3591 4535 3659 4603 τῇ
3697 4534 3931 4600 γνώσει.

2496 4724 2599 4787 με’.
2629 4715 2869 4790 Χριστοῦ
2892 4717 2921 4768 6
2958 4714 3195 4779 ἀκούων,
3238 4714 3427 4769 ἑαυτὸν
3461 4719 3808 4786 φωταγωγεῖ,
3844 4718 3951 4771 καὶ
3977 4720 4009 4770 6

2425 4807 2760 4878 μιμούμενος
2793 4804 2979 4872 αὐτὸν,
3009 4804 3340 4876 διορθοῦται.

2494 4898 2611 4967 μςῆ
2670 4897 2736 4950 Ἦ
2791 4897 3128 4968 μνησικακία
3171 4896 3348 4967 λέπρα
3409 4898 3528 4951 ἐστὶ
3572 4897 3789 4968 ψυχῆς·
3852 4916 4010 4969 συμ-

2418 4990 2594 5044 ϐαίνει
2621 4990 2679 5043 δὲ
2711 4988 2850 5059 αὐτὴ
2884 4988 2993 5043 ἀπὸ
3035 4988 3292 5059 ἀτιμιῶν,
3332 4989 3364 5060 ἦ
3395 4990 3615 5061 ζημίας,
3655 4990 3688 5061 ἢ
3718 4990 4013 5061 λογισμῶν

2420 5082 2696 5144 ὑπονοίας.

2494 5172 2601 5242 με’.
2634 5171 2836 5242 Κύριος
2864 5169 2989 5225 νοῦν
3011 5170 3289 5242 ’φθονερὸν
3327 5173 3602 5241 ὲκτυφλοῖ,
3631 5174 3714 5226 ὅτι
3739 5173 4015 5227 λυπεῖται

2424 5264 2627 5325 ἀδίκως
2656 5263 2749 5314 ἰπὶ
2779 5263 2891 5324 τοῖς
2918 5260 3143 5329 ἀγαθοῖς
3184 5261 3279 5315 τοῦ
3324 5263 3571 5333 πλησίον.

2501 5386 2611 5450 μιν.
2638 5376 2953 5439 Καταλάλος
2981 5377 3036 5430 δὲ
3060 5376 3206 5449 ψυχὴ
3237 5378 3504 5448 τρίδωλον
3537 5380 3676 5449 ἔχων
3709 5378 3982 5447 γλῶσσαν
4003 5400 4021 5411 -

2426 5468 2617 5523 ἑαυτὸν
2660 5485 2770 5538 γαρ
2810 5466 2902 5519 καὶ
2943 5465 3032 5518 τὸν
3068 5467 3352 5535 ά..ούοντα,
3388 5469 3502 5524 ἔσθ’
3529 5471 3619 5523 ὅτε
3669 5470 3725 5525 δὲ
3770 5472 3867 5524 καὶ
3921 5474 4022 5525 τον

2429 5578 2530 5616 κατ
2537 5559 2731 5615 αλαλού
2742 5576 2900 5612 μενον
2926 5556 3153 5623 βλάπτει
