4198 6434
701 373 718 436 i
737 371 834 438 255

765 485 852 536 71.
887 480 1009 534 ιιιιξο
1053 483 1137 531 est
1191 477 1275 529 via
1327 473 1666 541 negligenter
1712 470 2019 538 agctttittlll,
2071 475 2127 518 et
2180 463 2266 516 hic
2301 470 2340 520 Α

701 580 992 632 thesaurus
1019 573 1114 642 qui
1145 573 1288 623 intra
1313 583 1399 621 me
1429 565 1746 620 reconditus
1771 573 1873 616 est.

769 670 853 720 72.
891 667 1132 718 Animam
1162 661 1432 714 malorum
1461 657 1751 712 tolerantia
1776 663 1832 706 ct
1856 651 2138 706 humilitas
2163 648 2267 702 sal.

703 771 856 821 vat-t,
886 767 939 808 ’.ιὶ
966 774 992 808 a
1024 753 1302 824 prmdictis
1332 751 1721 805 affectionibus
1750 745 1990 800 reddunt
2013 743 2270 797 alienam.

769 944 854 995 '75.
885 943 1076 995 Sermo
1105 938 1257 992 utilis
1283 937 1541 1007 proprius
1567 941 1650 987 est
1675 931 1842 987 menti
1872 929 2152 1001 prudenti,
2178 927 2274 981 sed

703 1035 921 1087 virtutis
949 1048 1087 1100 opus
1116 1031 1311 1084 animae
1343 1029 1498 1082 bona:
1526 1024 1802 1095 peculiare
1828 1032 1935 1076 est.

768 1126 856 1178 7t.
889 1124 1042 1176 Mens
1075 1121 1380 1175 illuminata
1413 1117 1689 1187 sapientes
1722 1115 1933 1184 profert
1962 1125 2274 1173 sermones;

701 1219 881 1270 anima
910 1226 1089 1269 autem
1125 1212 1329 1266 munda
1359 1212 1576 1264 divinas
1610 1207 1868 1278 producit
1894 1203 2273 1274 cogitationes.

773 1310 861 1364 75.
889 1307 1261 1376 Cogitationes
1296 1303 1526 1359 studiosi
1562 1300 1887 1372 sapientiam
1920 1297 2276 1358 meditantur,

704 1410 756 1454 ct
787 1402 950 1454 verba
982 1399 1153 1468 ipsius
1179 1398 1462 1451 auditores
1493 1396 1823 1451 illuminant.

774 1491 860 1544 76.
904 1490 959 1542 Si
1015 1491 1067 1543 in
1120 1491 1300 1542 anima
1346 1489 1580 1542 virtutes
1620 1486 1860 1545 fuerint,
1901 1496 2057 1536 mens
2107 1479 2282 1534 bonas

704 1581 1064 1651 cogitationes
1104 1579 1386 1648 producit;
1439 1578 1521 1630 sin
1565 1575 1696 1628 vitia
1744 1571 2077 1632 insederint,
2113 1570 2283 1622 malas

707 1674 865 1743 parit.

773 1766 860 1817 77.
889 1764 1082 1818 Anima
1109 1761 1498 1816 affectionibus
1529 1757 1748 1818 referta,
1771 1755 1986 1810 ofﬁcina
2009 1763 2092 1808 est
2116 1755 2281 1806 mala-

709 1870 828 1906 rum
861 1853 1256 1920 cogitationum
1295 1869 1304 1902 :
1336 1867 1398 1903 ex
1432 1865 1531 1904 suo
1558 1850 1818 1902 thesauro
1848 1846 2054 1916 profert
2074 1846 2176 1898 mal

775 2033 862 2086 78.
900 2032 1083 2085 Bonus
1125 2029 1416 2082 thesaurus
1456 2036 1540 2079 cst
1580 2023 1800 2077 habitus
1838 2022 2084 2084 virtutis,
2122 2030 2176 2076 et
2217 2037 2278 2074 cx

709 2125 809 2175 hoc
841 2135 996 2174 mcns
1022 2120 1163 2173 bona
1196 2117 1406 2187 profert
1433 2118 1573 2170 bona
1597 2125 1702 2166 ιι-ν.

779 2214 865 2268 79.
903 2214 1052 2266 Mens
1087 2213 1273 2265 divina
1308 2210 1578 2264 charitatc
1613 2208 1820 2268 aﬂlata,
1854 2206 2026 2259 bonas
2063 2205 2132 2260 de
2173 2207 2285 2259 Deo

709 2306 1073 2375 cogitationes
1113 2303 1314 2356 excolit
1347 2320 1360 2355 :
1396 2316 1519 2371 quae
1551 2307 1733 2354 autem
1770 2314 1957 2353 amore
2023 2299 2286 2368 suiipsius

711 2409 951 2459 tenetur,
983 2397 1210 2450 omnino
1250 2395 1518 2449 diversas.

781 2489 867 2544 80.
898 2489 1050 2542 Mens
1080 2503 1201 2557 qua:
1232 2502 1262 2539 a
1287 2486 1556 2540 charitate
1585 2484 1638 2537 in
1670 2483 1978 2553 proximum
2011 2492 2284 2546 movetur,

716 2584 858 2634 ιιυιιει
900 2581 968 2634 dc
1019 2580 1136 2648 ipso
1184 2579 1527 2631 incessanter
1566 2575 1843 2644 cogitat‘;
1890 2583 2080 2628 contra
2123 2590 2284 2635 vero,

709 2688 831 2740 quae
870 2685 1030 2723 secus
1071 2667 1264 2722 affecta
1303 2673 1408 2719 est.

782 2763 871 2816 8|.
911 2760 1182 2813 Bonarum
1216 2756 1608 2826 c0gitationnm
1649 2769 1829 2808 causa:
1862 2763 1990 2806 sunt
2023 2753 2286 2814 virtutes,

712 2855 976 2905 virtutum
1037 2858 1253 2908 autem,
1317 2855 1587 2914 prtecepta
1628 2862 1640 2895 :
1678 2854 1935 2897 caeterum
1974 2851 2032 2896 ut
2066 2843 2117 2895 in
2155 2842 2287 2895 effc-

709 2954 857 2997 ctum
887 2941 1183 3010 prodeant,
1215 2939 1268 2992 in
1301 2953 1464 2991 causa
1493 2947 1577 2990 est
1606 2935 1968 3004 propositum.

779 3035 868 3088 82.
902 3034 1146 3086 Virtutes
1179 3039 1233 3085 ct
1263 3029 1394 3084 vitia
1435 3030 1551 3082 sive
1587 3027 1750 3090 fiant,
1782 3027 1895 3080 sive
1935 3026 2286 3088 omittantur,

707 3126 930 3196 quando
981 3123 1225 3178 vicissim
1284 3121 1648 3188 cogitationes
1699 3119 1969 3179 excitant,
2015 3118 2153 3171 bene
2206 3121 2288 3172 vel

709 3217 853 3271 male
895 3217 1130 3268 animam
1177 3212 1444 3266 alliciunt.

785 3309 874 3363 85.
896 3307 1160 3361 Malarum
1185 3303 1580 3373 cogitationum
1607 3316 1786 3355 causa:
1807 3311 1938 3356 sunt
1958 3301 2110 3365 vitia,
2134 3303 2294 3356 vitio-

714 3413 834 3453 rum
870 3391 1275 3456 inobedientia,
1306 3389 1696 3444 inobedientiae
1728 3405 1865 3444 vero
1895 3405 2159 3445 sensuum
2194 3390 2288 3445 de-

711 3489 927 3559 ccptio,
955 3484 1302 3556 deccptionis
1335 3493 1520 3537 autem
1555 3497 1854 3545 sensuum,
1883 3483 2085 3537 mentis
2120 3484 2294 3554 negli-

711 3581 894 3651 gentia
925 3579 1071 3632 circa
1102 3576 1187 3629 sui
1217 3575 1594 3630 securitatem.

787 3669 875 3724 84.
927 3668 1318 3728 Proﬁcientes,
1367 3681 1396 3718 a
1454 3666 1570 3719 suis
1627 3663 2085 3735 dispositionibus
2139 3666 2298 3720 facile

713 3757 971 3812 excidere
999 3765 1252 3826 possunt,
1281 3756 1397 3809 sive
1429 3757 1584 3810 bona:
1611 3755 1743 3819 sint,
1771 3755 1883 3811 sive
1915 3757 2089 3811 make.
2121 3758 2299 3812 Perfe-

714 3858 928 3903 ctorum
969 3856 1152 3902 autem
1194 3847 1416 3901 habitus
1453 3848 1598 3902 circa
1643 3858 1939 3919 utrumque
1979 3848 2299 3905 difficillime

718 3946 1034 3992 moventur.

787 4031 874 4084 83.
922 4031 1112 4084 Robur
1157 4031 1352 4084 animae
1403 4039 1488 4085 est
1538 4031 1760 4086 habitus
1803 4032 2023 4088 virtutis
2073 4033 2296 4089 difﬁcile

715 4122 936 4176 mobilis
968 4130 1022 4173 et
1054 4121 1381 4184 immobilis;
1412 4136 1576 4189 quem
1648 4132 1964 4186 assecutus,
1996 4125 2144 4179 dicat
2175 4144 2298 4180 eum

720 4213 930 4266 invicto
963 4212 1132 4266 Paulo
1165 4229 1178 4264 :
1213 4211 1340 4276 Quis
1372 4229 1464 4266 nos
1497 4213 1760 4283 separabit
1791 4231 1822 4266 (ι
1857 4217 2115 4270 charitate
2149 4219 2298 4272 Chri-

719 4310 785 4359 sti
808 4306 868 4357 Y?
892 4315 947 4359 et
974 4320 1095 4373 qua:
1126 4313 1454 4373 sequuntur.

791 4397 877 4450 86.
907 4397 1311 4465 Antesignanus
1348 4396 1594 4449 omnium
1629 4395 1986 4450 all‘ectionum
2027 4408 2112 4452 est
2145 4417 2300 4453 amor

721 4486 1008 4554 suiipsius,
1038 4494 1314 4554 postrema
1343 4499 1476 4537 vero
1506 4485 1753 4538 omnium
1789 4487 2067 4554 superbia.

797 4577 883 4630 87.
916 4577 993 4631 Ex
1027 4575 1414 4631 affectionibus
1441 4577 1647 4632 amoris
1684 4577 1948 4647 suiipsius
1994 4587 2107 4634 tres
2134 4597 2298 4650 gene-

724 4667 868 4720 rales
905 4665 1478 4734 concupiscentiarum
1521 4667 1878 4736 cogitationes
1921 4669 2147 4724 trahunt
2185 4673 2301 4725 ori-

722 4758 925 4826 ginem.

793 4850 877 4902 88.
930 4849 1172 4916 lnlcllige
1220 4848 1446 4902 omnino
1498 4851 1858 4918 cogitationes
1907 4854 2076 4922 gulae,
2121 4856 2300 4911 inanis

719 4942 908 5010 gloriae
934 4950 987 4993 et
1013 4941 1257 4994 avaritiae
1289 4959 1298 4992 :
1330 4956 1467 5010 quas
1495 4952 1806 5011 sequuntur
1831 4959 2024 4998 omnes
2051 4947 2170 5000 alia:
2201 4964 2291 5002 co-

722 5033 1016 5103 gitationes
1039 5032 1416 5097 alicctionum,
1441 5033 1536 5087 sed
1561 5049 1670 5088 non
1693 5050 1886 5090 omnes
1906 5040 2294 5095 communiter.

788 5203 880 5257 89.
904 5202 1055 5259 Gulze
1089 5202 1473 5273 cogitationem
1509 5203 1758 5272 sequitur
1787 5203 2170 5264 fornicationis
2198 5224 2293 5266 co-

714 5295 937 5363 gitatio;
971 5295 1149 5349 inanis
1179 5301 1362 5348 autem
1394 5294 1581 5363 gloriae
1612 5296 2002 5364 cogitationem
2034 5301 2296 5370 cogitatio

715 5387 1018 5457 superbiae;
1051 5387 1488 5461 reliquaeautem
1521 5394 1631 5441 tres
1660 5389 2046 5444 communiter.

759 5480 872 5533 '90.
899 5478 1278 5534 Communiter
1306 5488 1416 5532 tres
1445 5475 1772 5546 Sequuntur.
1800 5480 2161 5550 cogitatio.es
2193 5487 2293 5538 tri-

714 5574 898 5636 s".iti:e,
926 5574 1041 5637 iraa,
1069 5571 1513 5637 machinationis,
1542 5571 1759 5626 invidiae
1788 5580 1842 5626 et
1870 5573 2094 5637 acediae,
2122 5586 2176 5629 et
2206 5593 2291 5631 re-

716 5667 901 5735 lirium.

795 5782 806 5814 ί
852 5778 1041 5834 Matth.
1083 5789 1172 5836 x‘u.
1198 5780 1281 5832 '53.
1365 5789 1451 5820 ιι--τ
1477 5778 1613 5833 ibid.
1696 5789 1715 5816 ι
1754 5781 1923 5834 lCor.
1951 5798 2060 5846 xm,
2098 5783 2146 5836 5.

1949 353 2348 418 ΤΗᾹΙΛΒΞῙΙ
2385 350 2704 411 ABBAT‘IS

2319 3165 2366 3226 C

3819 340 3958 403 1456

2440 459 2538 512 οα’.
2581 457 2711 510 ἼΙδε
2740 456 2858 516 ὁδὸς
2884 456 2989 507 τῶν
3017 457 3075 507 έν
3097 456 3328 527 ἀμελείᾳ
3363 453 3646 524 βιούντων,
3680 455 3774 506 καὶ
3803 446 3959 515 οὗτος

2375 555 2402 603 ο
2426 550 2699 618 θησαυρὸς
2738 548 2845 600 τῶν
2869 550 2927 600 ἐν
2957 547 3082 616 ἐμοὶ
3115 548 3536 617 κεκρυμμένων.

2447 641 2542 709 οβ’.
2598 639 2837 704 Σώζουσι
2877 639 3058 708 ψυχὴν
3092 639 3438 692 κακοπάθεια
3473 640 3566 691 καὶ
3600 641 3962 703 ταπείνωσις,

2380 737 2472 786 καὶ
2525 737 2586 785 ἐκ
2631 733 2738 786 τῶν
2789 733 3206 804 προειρημένων
3274 730 3467 784 παθῶν
3519 728 3966 782 ἀπαλλάττουσιν

2379 825 2569 892 αὐτήν.

2447 914 2548 977 ογ’.
2599 907 2758 959 Ἰδιον
2791 907 3002 970 ἐννοίας
3049 907 3278 976 συνετῆς
3315 904 3478 974 λόγος
3514 903 3824 974 ὠφέλιμος,
3874 905 3971 956 καὶ

2377 1000 2555 1069 ψυχῆς
2576 996 2785 1068 ἀγαθῆς
2810 998 3010 1068 πρᾶξις
3033 996 3318 1050 σπουδαία.

2449 1088 2540 1144 σε’.
2576 1085 2720 1150 Νοῦς
2749 1087 3167 1156 πεφωτισμένος
3202 1087 3394 1154 λόγους
3435 1086 3701 1157 προφέρει
3741 1086 3970 1154 σοφοὺς,

2381 1181 2476 1233 καὶ
2497 1180 2644 1249 ψυχὴ
2669 1177 2892 1247 καθαρὰ
2917 1177 3212 1248 λογισμοὺς
3250 1180 3490 1248 γεωργεῖ
3523 1178 3723 1241 θείους.

2450 1269 2546 1323 os'.
2601 1269 2871 1340 Λογισμοὶ
2907 1271 3200 1324 σπουδαίου
3236 1271 3430 1339 σοφίαν
3471 1270 3760 1340 μελετῶσι,
3789 1270 3888 1323 καὶ
3920 1271 3972 1323 οἱ

2380 1365 2530 1431 λόγοι
2554 1363 2724 1416 αὐτοῦ
2764 1363 3064 1430 φωτίζουσι
3093 1363 3221 1426 τοὺς
3247 1362 3570 1424 ἀκούοντας.

2452 1463 2560 1521 ος’.
2633 1456 3041 1526 Ὑποκειμένων
3098 1457 3156 1509 ἐν
3215 1455 3364 1525 ψυχῇ
3425 1455 3662 1526 ἀρετῶν,
3725 1455 3971 1523 ἀγαθοὺς

2383 1551 2622 1617 γεωργεῖ
2647 1548 2943 1618 λογισμούς
2960 1565 2973 1578 ⁸
3001 1547 3214 1602 κακιῶν
3240 1548 3298 1602 δὲ
3329 1549 3732 1617 ὑποκειμένων,
3759 1547 3976 1616 φαύλας

2382 1641 2558 1695 τίκτει
2600 1639 2834 1702 ἐννοίας.

2454 1729 2550 1794 οζ⁹.
2601 1727 2865 1799 Πονηρῶν
2905 1729 3129 1782 ἐννοιῶν
3163 1729 3552 1800 ἐργαστήριον,
3586 1728 3736 1799 ψυχὴ
3787 1730 3974 1798 ἐμπα-

2183 1861 2210 1898 a
2239 1849 2276 1894 ι,
2316 1817 2356 1871 Β
2386 1823 2518 1892 θής·
2593 1823 2688 1876 καὶ
2734 1824 2800 1876 ἐκ
2846 1821 2944 1875 τοῦ
3001 1821 3203 1891 ἑαυτῆς
3256 1821 3533 1893 θησαυροῦ
3581 1823 3850 1892 προφέρει
3904 1823 3971 1872 τὰ

2390 1915 2620 1985 πονηρά.

2459 2011 2559 2075 οηθ.
2624 2005 2682 2059 '0
2707 2003 2914 2072 ἀγαθὸς
2935 2003 3230 2074 θησαυρὸς,
3264 2005 3300 2074 ἡ
3335 2002 3451 2070 ἕξις
3480 2003 3598 2055 ἐστὶ
3619 2005 3719 2072 τῆς
3747 2003 3973 2073 ἀρετῆς,

2389 2099 2485 2152 καὶ
2523 2100 2551 2151 ὁ
2595 2097 2800 2166 ἀγαθὸς
2831 2095 2959 2160 νοῦς
2990 2098 3054 2150 ἐκ
3088 2096 3294 2166 ταύτης
3343 2096 3612 2167 προφέρει
3652 2096 3724 2147 τά
3767 2096 3971 2162 ἀγαθά.

2461 2191 2559 2245 οθ’.
2629 2190 2768 2244 Ὑπὸ
2822 2189 2975 2252 θείας
3037 2191 3262 2261 ἀγάπης
3309 2190 3704 2261 ἐνεργούμενος
3752 2189 3780 2240 ὁ
3828 2189 3977 2250 νῆες,

2392 2281 2603 2348 ἀγαθὰς
2642 2282 2857 2341 ἐννοίας
2909 2281 3040 2349 περὶ
3102 2280 3237 2333 Θεοῦ
3286 2285 3558 2350 γεωργεῐο
3610 2281 3716 2334 ὑπὸ
3766 2281 3824 2333 δὲ
3877 2281 3978 2347 τῆς

2394 2371 2682 2439 φιλαυτίας
2713 2373 2776 2423 ἐκ
2803 2371 2896 2425 τοῦ
2931 2372 3200 2425 ἐναντίου.

2468 2464 2541 2519 π’.
2581 2464 2728 2527 Νοῦς
2777 2464 2881 2517 ὑπὸ
2921 2468 3019 2536 τῆς
3050 2467 3132 2528 είς
3157 2465 3249 2520 τὸν
3281 2465 3513 2537 πλησίον
3542 2467 3763 2536 ἀγάπης
3795 2466 3980 2520 κινούο

2397 2576 2580 2628 μενος,
2617 2557 2758 2610 καλά
2791 2559 2920 2628 περὶ
2966 2558 3133 2612 αὐτοῦ
3169 2558 3533 2621 ἀδιαλείπτως
3560 2559 3859 2627 λογίζεται,
3885 2561 3982 2612 καὶ

2395 2648 2558 2701 πάλιν
2593 2650 2656 2702 ἐκ
2685 2647 2778 2702 τοῦ
2807 2648 3052 2702 ἐναντίου
3087 2649 3154 2702 τὰ
3191 2651 3406 2720 πονηρά
3436 2650 3753 2704 ὑποτίθεται

2465 2747 2578 2793 πα’.
2628 2741 2751 2792 Τῶν
2780 2739 3007 2807 ἀγαθῶν
3047 2741 3268 2794 ἐννοιῶν
3301 2742 3358 2795 αἱ
3401 2743 3598 2812 ἀρεταὶ
3636 2742 3834 2805 αἰτίαι,
3872 2743 3983 2796 τῶν

2394 2831 2450 2886 δὲ
2476 2833 2687 2900 ἀρετῶν
2717 2833 2770 2884 αί
2802 2831 3017 2884 ἐντολαί
3043 2850 3058 2862 ο
3104 2833 3203 2904 τῆς
3248 2833 3307 2886 δὲ
3355 2833 3562 2887 τούτων
3614 2836 3901 2906 ἐργασίας.
3948 2837 3983 2906 ἠ

2397 2923 2740 2994 προαίρεσις,

2466 3013 2578 3082 πβ’.
2613 3013 2678 3066 Ai
2717 3014 2916 3083 ἀρεταὶ
2947 3013 3042 3066 καὶ
3088 3013 3144 3066 αί
3189 3013 3380 3067 κακίαι
3405 3014 3695 3084 γινόμεναι
3722 3017 3816 3068 καὶ
3846 3015 3987 3070 ἀπο-

2399 3109 2702 3177 γινόμεναι,
2765 3108 2828 3162 εὖ
2893 3109 2926 3179 ἦ
2991 3108 3179 3171 κακῶς
3243 3110 3344 3180 τὴν
3409 3108 3590 3180 ψυχὴν
3658 3109 3987 3176 διατιθέασι,

2397 3201 2649 3254 κινοῦσαι
2680 3203 2758 3263 εἰς
2784 3201 2992 3264 ἐννοίας
3025 3201 3147 3254 κατ’
3181 3200 3453 3272 ἀλλήλων.

2467 3298 2579 3359 πγ’.
2618 3292 2739 3344 Τῶν
2771 3293 3026 3364 πονηρῶν
3067 3292 3289 3347 ἐννοιῶν
3314 3292 3501 3352 εαίτίαι
3548 3295 3603 3348 αί
3633 3295 3846 3358 κακίαι,
3875 3294 3991 3349 τῶν

2394 3382 2454 3435 δὲ
2507 3383 2713 3437 κακιῶν
2755 3385 2789 3454 ή
2849 3385 3126 3455 παρακοὴ,
3187 3385 3291 3455 τῆς
3341 3384 3400 3438 δέ
3454 3386 3740 3456 παρακοῆς
3782 3389 3818 3456 ἡ
3884 3387 3990 3456 τῆς

2398 3475 2701 3546 αἰσθήσεως
2722 3477 2928 3547 ἀπάτη,
2959 3477 3060 3548 τῆς
3086 3477 3142 3532 δὲ
3176 3478 3395 3550 ἀπάτης
3418 3480 3452 3550 ἡ
3478 3478 3576 3532 τοῦ
3603 3479 3695 3533 νοῦ
3730 3481 3864 3551 περὶ
3884 3480 3990 3550 τὴν

2399 3568 2700 3634 ἀσφάλειαν
2745 3569 2912 3638 αὐτῆς
2952 3569 3205 3638 ἀμέλεια.

2471 3659 2573 3712 τπδ’.
2649 3659 2738 3712 Ἐν
2809 3660 2908 3730 μὲν
2957 3663 3071 3724 τοῖς
3110 3663 3514 3732 προκόπτουσιν
3573 3662 3991 3733 εὐμετάπτωτοι

2399 3752 2640 3818 γίνονται
2693 3754 2749 3806 αἱ
2806 3753 3073 3819 διαθέσεις
3132 3757 3241 3808 τῶν
3290 3756 3568 3811 ἐναντίων.
3639 3757 3730 3809 Ἐν
3771 3757 3828 3810 δέ
3875 3760 3990 3820 τοῖς

2400 3843 2626 3906 τελείοις
2661 3845 2782 3897 κατ’
2816 3843 2983 3914 ἄμιξω
3011 3845 3153 3912 ἔξεις
3185 3846 3522 3915 δυσκίνητοι.

2476 4034 2576 4078 πεν.
2620 4026 2808 4097 Ῥώμη
2833 4027 3016 4098 ψυχῆς
3061 4029 3213 4081 ἐστιν
3244 4029 3355 4094 ἕξις
3402 4031 3605 4101 ἀρετῆς
3641 4033 3990 4105 δυσκίνητος,

2402 4117 2480 4180 εἰς
2511 4118 2576 4186 ἦν
2601 4120 2630 4170 ὁ
2651 4119 2861 4186 φθάσας
2891 4119 3074 4186 ἔλεγεν
3099 4137 3112 4151 ⁸
3141 4120 3241 4188 Τίς
3270 4121 3428 4190 ἡμᾶς
3451 4125 3696 4192 χωρίσει
3729 4126 3849 4180 ἀπὸ
3877 4128 3991 4194 τῆς

2402 4207 2644 4276 ἀγάπης
2673 4211 2780 4264 τοῦ
2818 4211 3076 4279 Χριστοῦ
3094 4228 3111 4273 ;
3142 4214 3236 4266 καὶ
3263 4214 3330 4267 τὰ
3352 4215 3498 4284 έξῆς.

2477 4390 2596 4447 πς’.
2631 4385 2964 4455 Προηγεῖται
2999 4388 3097 4456 μὲν
3128 4390 3347 4443 πάντων
3371 4391 3480 4444 τῶν
3512 4393 3755 4464 παθῶνή
3791 4397 3990 4462 φιλαυ-

2333 4505 2374 4559 D
2404 4473 2513 4535 τία,
2546 4475 2739 4529 ἕπεται
2767 4475 2823 4529 δὲ
2863 4478 3079 4531 πάντων
3130 4480 3360 4548 ἔσχατον
3393 4482 3425 4550 ἡ
3468 4482 3842 4552 ὑπερηφανία.

2478 4564 2582 4627 πῖ.
2616 4567 2677 4619 Oi
2706 4571 2854 4637 τρεῖς
2877 4568 3231 4634 γενικώτατοι
3259 4573 3359 4642 τῆς
3380 4572 3678 4644 ἐπιθυμίας
3708 4575 3988 4647 λογισμοὶ,

2406 4659 2470 4710 ἐκ
2556 4657 2651 4709 τοῦ
2741 4659 2946 4722 πάθους
3032 4661 3129 4732 τῆς
3208 4661 3495 4730 φιλαυτίας

2405 4749 2637 4818 ἔχουσιν.

2479 4843 2587 4912 πη’.
2628 4844 2756 4897 Νόει
2787 4844 3004 4908 πάντως
3033 4846 3158 4908 τούς
3191 4864 3248 4899 τε
3285 4848 3383 4917 τῆς
3411 4853 3857 4921 γαστριμαργίας
3890 4856 3988 4908 καὶ

2405 4934 2708 4998 κενοδοξίας
2745 4935 2840 4988 καὶ
2873 4935 3241 5005 φιλαργυρίας
3279 4936 3596 5007 λογισμοὺς,
3635 4935 3721 5002 οἷς
3757 4941 3987 4998 ἕπονται

2408 5027 2607 5090 πάντες
2658 5028 2708 5080 οἱ
2776 5029 3044 5097 ἐμπαθεῖς
3101 5029 3386 5100 λογισμοὶ,
3449 5031 3567 5084 ἀλλ’
3641 5032 3707 5086 οὐ
3780 5035 3988 5098 πάντες

2406 5118 2620 5182 κοινῶς.
3477 5116 3486 5123 ’

2474 5210 2582 5264 πθ¹.
2626 5208 2716 5279 Τῷ
2742 5211 2842 5279 τῆς
2867 5215 3308 5283 γαστριμαργίας
3337 5215 3582 5286 λογισμῷ
3606 5216 3802 5272 ἕπεται
3830 5221 3860 5272 ὁ
3885 5222 3987 5290 τῆς

2404 5300 2679 5372 πορνείας,
2714 5301 2789 5371 τῷ
2815 5301 2870 5356 δὲ
2899 5304 2998 5373 τῆς
3024 5305 3330 5371 κενοδοξίας
3362 5309 3388 5361 ὁ
3420 5308 3521 5378 τῆς
3552 5309 3943 5382 ὑπερηφανίας
3971 5333 3983 5345 ·

2403 5395 2452 5447 οἱ
2480 5395 2536 5447 δὲ
2570 5397 2747 5449 λοιποὶ
2768 5397 2964 5462 κοινῶς
2994 5400 3110 5462 τοῖς
3140 5401 3340 5468 τρισίν.

2472 5491 2542 5552 ιη’.
2603 5489 2980 5542 Ἀκολουθοῦσι
3028 5492 3221 5555 κοινῶς
3255 5495 3370 5556 τοῖς
3421 5497 3621 5565 τρισὶν,
3678 5497 3732 5549 οἶ
3764 5515 3825 5550 τε
3881 5498 3985 5567 τῆς

2401 5577 2599 5646 λύπης,
2651 5579 2747 5632 καὶ
2788 5577 2888 5648 τῆς
2939 5581 3113 5651 ὀργῆς
3163 5584 3254 5636 καί
3321 5585 3418 5653 τῆς
3466 5589 3840 5658 μνησικακίας
3888 5590 3984 5641 καὶ

2402 5669 2598 5737 φθόνου
2626 5670 2719 5722 καὶ
2751 5672 3001 5741 ἀκηδίας,
3038 5675 3132 5727 καὶ
3171 5677 3219 5727 οί
3247 5676 3420 5730 λοιποί

3578 4665 3676 4737 τὴν
3727 4668 3894 4738 γέννη
3905 4687 3989 4722 τιν

2231 5792 2257 5828 Υ
2279 5783 2437 5837 Rom.
2480 5801 2590 5849 vtu,
2623 5786 2708 5837 33.
