4198 6434
187 372 319 436 1457

1577 374 1959 436 CENTURIA
2003 378 2097 435 μ’.

3311 383 3444 443 15ῧῖ

249 494 362 556 μα’.
398 488 646 542 Δέσποτα
688 487 796 543 τῶν
846 489 1102 545 ἀπάντων
1150 489 1373 558 Χριστὲ,
1428 493 1493 542 ὲκ
1546 490 1762 544 πάντων

1943 492 2031 543 9i.
2065 493 2292 547 Domine
2321 491 2568 545 omnium
2598 491 2836 552 Christe.
2866 491 3035 545 libera
3065 507 3161 547 nos
3187 509 3250 547 ex
3282 498 3462 546 omni-

175 579 390 633 τούτων
414 581 562 650 ἡμᾶς
586 580 978 652 ὲλευθέρωσον,
1019 581 1133 636 τῶν
1169 599 1229 635 τε
1252 580 1514 653 ὀλεθρίων
1549 584 1760 650 παθῶν,

177 668 275 722 καὶ
299 669 408 724 τῶν
434 670 494 736 ἑξ
523 672 703 724 αὐτῶν
731 673 1065 743 τικτομένων
1098 671 1396 744 λογισμῶν.

250 761 360 831 ιιβδ.
409 761 614 818 Ἐνεκά
673 781 768 818 σου
822 765 1150 836 γεγόναμεν,
1188 766 1276 819 ἶνα
1333 765 1429 819 σοῦ
1482 783 1762 837 κατατρυ-

178 852 446 920 φήσωμεν
467 854 530 906 ὲν
556 853 876 926 παραδείσῳ
904 855 1168 922 τιθέντες,
1197 857 1276 928 τῷ
1301 858 1408 912 ὑπὸ
1434 859 1530 914 σοῦ
1567 877 1758 928 φυτευ-

177 938 352 996 θέντι.

254 1038 364 1103 ια’.
427 1036 540 1106 Τήν
572 1053 632 1089 τε
673 1037 770 1090 νῦν
820 1037 1049 1108 ἀτιμίαν
1086 1039 1300 1106 ἑαυτοῖς
1329 1042 1764 1112 ἐπεσπασάμεθα

177 1124 285 1195 τῆς
314 1128 594 1200 μακαρίας
615 1131 830 1202 τρυφῆς
865 1130 967 1202 τὴν
998 1129 1254 1204 ὀλεθρίαν
1293 1135 1760 1208 προτιμήσαντες.

253 1300 357 1369 ἥδ’.
411 1295 520 1367 Ἦς
569 1303 921 1377 ἀντιμισθίαν
983 1308 1043 1362 ὲν
1101 1309 1317 1374 ἑαυτοῖς
1371 1311 1760 1384 ἀπελάϐομεν,

176 1394 330 1464 ζωῆς
362 1395 535 1449 ἀϊδίου
567 1395 804 1450 θάνατον
827 1397 1316 1469 ἀπαλλαξάμενοι.

254 1483 355 1552 με’.
396 1486 515 1540 Νῦν
561 1482 677 1548 οῦν,
727 1487 998 1555 Δέσποτα,
1044 1489 1230 1553 καθὼς
1265 1493 1609 1565 ὲπέόλεψας,
1671 1499 1764 1552 καὶ

178 1578 265 1641 είς
298 1577 454 1641 τέλος
483 1578 798 1650 ὲπίὸλεψον·
831 1580 1016 1644 καθὼς
1043 1582 1496 1657 ὲνανθρὼπησας,
1523 1589 1619 1642 καὶ
1655 1590 1763 1643 σῶ-

179 1685 278 1724 σον
299 1670 511 1733 πάντας
533 1671 710 1742 ἡμᾶς.

250 1764 367 1829 ῑις’.
400 1761 580 1816 Σῶσαι
607 1763 718 1833 γάρ
744 1758 911 1835 ἦλθες
939 1765 1066 1830 τοὺς
1095 1766 1448 1833 ἀπολωλότας
1475 1772 1620 1842 ἡμᾶς
1642 1789 1656 1804 ·
1688 1773 1764 1844 μὴ

178 1852 424 1925 κωρίσῐις
462 1854 609 1924 ἡμᾶς
638 1854 741 1926 τῆς
762 1856 870 1909 τῶν
896 1856 1222 1928 σωζομένων
1255 1860 1493 1932 μερίδος,

249 2030 357 2096 ιιζι.
403 2029 734 2100 Ἀνάστησον
773 2029 974 2101 ψυχὰς,
1027 2031 1122 2085 καὶ
1158 2031 1333 2087 σῶσον
1378 2033 1448 2089 τά
1497 2034 1761 2106 σώματα,

179 2119 466 2191 καθαίρων
490 2123 700 2186 πάντας
719 2123 868 2194 ἡμᾶς
901 2122 1012 2177 ἀπὸ
1041 2123 1245 2189 παντδς
1283 2125 1583 2197 μολυσμοῦ.

253 2217 366 2283 ιιην.
410 2213 602 2284 Ῥἧξον
631 2214 704 2269 τά
731 2215 910 2286 θεσμά
952 2215 1064 2271 τῶν
1098 2218 1440 2288 κατεχόντων
1482 2223 1630 2291 ἡμᾶς
1659 2242 1762 2276 πα..

175 2305 314 2370 οῶν,
341 2306 371 2359 ό
413 2307 586 2379 ῥήξας
624 2307 726 2373 τάς
756 2307 1047 2378 φάλαγγας
1085 2309 1194 2365 τῶν
1219 2310 1545 2384 ἀκαθάρτων
1573 2315 1762 2386 δαιμό-

175 2413 288 2450 νων
296 2438 310 2450 .

249 2489 361 2558 ἥθ’.
397 2491 508 2545 Καὶ
537 2490 850 2560 ἀπάλλαξον
881 2494 1032 2564 ἡμᾶς
1065 2495 1169 2565 τῆς
1197 2495 1258 2561 ἐξ
1285 2496 1467 2552 αὐτῶν
1505 2502 1761 2570 τυραννί-

174 2577 291 2645 δος,
330 2579 418 2634 ἵνα
447 2581 532 2635 σοὶ
563 2583 713 2654 μόνῳ
741 2582 1134 2657 λατρεύσωμεν
1160 2585 1240 2657 τῷ
1267 2588 1471 2659 αἰωνίῳ
1507 2591 1667 2657 φωτί.

250 2667 323 2740 ρ’.
367 2673 729 2740 Ἀναστάντες
761 2676 827 2730 ἐκ
857 2676 1091 2747 νεκρῶν,
1122 2678 1218 2731 καὶ
1249 2679 1346 2733 σὺν
1378 2679 1634 2748 ἀγγέλοις
1667 2699 1762 2752 χο-

1883 583 1984 637 Ims
2016 585 2340 652 perniciosis
2363 583 2682 646 all‘ectibus,
2707 595 2762 637 et
2783 599 2850 638 ex
2880 585 3309 651 cogitationibus
3338 601 3460 652 qua‘

1875 691 1941 728 ex
1974 674 2109 742 ipsis
2135 673 2418 728 oriuntur.

1947 765 2038 820 92.
2085 766 2318 835 Propter
2369 777 2422 821 te
2464 767 2589 820 facti
2621 781 2844 830 sumus,
2887 775 2946 819 ut
2989 777 3043 822 te
3092 769 3457 822 delectemur.

1875 856 2040 927 positi
2084 857 2140 911 in
2180 857 2437 926 paradiso
2479 873 2510 912 a
2552 866 2605 914 te
2647 859 2916 928 plantato.

1940 1035 2032 1092 93.
2059 1035 2420 1107 Ignominiam
2453 1045 2639 1092 autem
2673 1038 2815 1092 hanc
2847 1045 3093 1092 nostram
3125 1037 3286 1092 nobis
3319 1054 3453 1091 eon—

1873 1127 2174 1193 traximus,
2204 1128 2334 1198 quia
2371 1128 2719 1199 praetulimus
2745 1129 2926 1185 beatis
2959 1129 3070 1185 iiiis
3102 1129 3320 1186 deliciis
3353 1131 3454 1184 has

1873 1219 2233 1288 perniciosas.

1943 1311 2034 1366 94.
2060 1311 2242 1377 Quare
2275 1311 2495 1382 dignam
2548 1312 2602 1365 in
2653 1312 2814 1366 nobis
2864 1313 3175 1367 mercedem
3237 1313 3454 1382 accepi-

1873 1416 1996 1456 mus
2012 1441 2027 1463 ,
2051 1410 2258 1456 aeterna
2283 1401 2397 1456 vita
2426 1409 2762 1456 commutata
2791 1415 2892 1469 pro
2917 1409 3116 1457 morte.

1940 1492 2033 1546 95.
2068 1490 2227 1546 Nunc
2269 1505 2434 1562 ergo,
2458 1491 2721 1554 Domine,
2753 1490 2899 1545 sicut
2935 1493 3252 1558 respexisti,
3286 1493 3357 1547 ita
3401 1493 3455 1547 in

1875 1582 2040 1637 ﬁnem
2065 1597 2238 1650 usque
2266 1583 2531 1652 respicias
2563 1600 2578 1636 :
2603 1591 2662 1636 et
2689 1582 2834 1637 sicut
2859 1582 3026 1637 homo
3055 1583 3232 1638 factus
3259 1601 3350 1648 es,
3381 1585 3456 1639 ita

1877 1674 2024 1728 salva
2051 1689 2152 1729 nos
2178 1689 2390 1730 omnes.

1943 1768 2035 1822 96.
2077 1767 2286 1823 Venisti
2333 1768 2482 1822 enim
2529 1776 2592 1822 ut
2632 1767 2814 1823 salvos
2858 1782 2961 1822 nos
3005 1767 3217 1822 faceres
3242 1777 3287 1831 ι,
3327 1767 3456 1838 quia

1791 1848 1840 1908 Β
1871 1859 2072 1928 perditi
2117 1874 2343 1914 eramus
2390 1878 2404 1912 :
2447 1875 2517 1915 ne
2563 1874 2787 1928 separes
2829 1873 2931 1914 nos
2969 1874 3000 1913 a
3043 1869 3195 1928 parte
3239 1859 3453 1913 salvan-

1872 1959 2094 2003 dorum.

1941 2038 2031 2092 97.
2067 2038 2358 2094 Resuscita
2390 2041 2641 2104 animas,
2670 2046 2729 2094 et
2771 2039 2922 2093 salva
2958 2053 3221 2108 corpora,
3256 2038 3446 2108 puriﬁ-

1871 2148 2002 2188 cans
2043 2148 2145 2187 nos
2187 2133 2258 2188 ab
2298 2134 2448 2188 omni
2489 2133 2912 2202 inquinamento
2933 2148 2980 2188 υ.

1939 2223 2028 2277 98.
2057 2223 2272 2294 Rumpe
2300 2223 2521 2278 vincula
2551 2221 2904 2278 aﬂectionum
2935 2240 3036 2279 nos
3064 2225 3449 2288 detinentium,

1870 2314 1964 2384 qui
1994 2315 2190 2385 rupiin
2223 2315 2521 2386 phalanges
2549 2314 2960 2370 immundorum
2993 2315 3324 2370 daamonum.

1941 2496 2031 2551 99.
2068 2495 2135 2550 Et
2174 2495 2348 2550 libera
2383 2509 2484 2549 nos
2516 2509 2548 2549 a
2583 2493 2873 2566 tyrannide
2913 2494 3192 2563 ipsorum.
3221 2500 3283 2546 ut
3316 2492 3448 2557 tibi,

1870 2586 2316 2650 mternolumini,
2355 2587 2666 2641 serviamus
2705 2584 2830 2640 soli.

1936 2679 2056 2734 100.
2085 2678 2152 2734 Ut
2174 2693 2302 2732 cum
2333 2693 2396 2732 ex
2417 2677 2652 2732 mortuis
2675 2675 3168 2739 resurrexerimus,
3200 2689 3326 2729 cum
3355 2689 3426 2727 an

176 2761 436 2833 ρεύοντες
464 2766 565 2845 τὴν
600 2767 881 2839 μακαρίαν
914 2769 1011 2822 καὶ
1043 2769 1272 2825 αἰωνίαν
1299 2770 1398 2824 καὶ
1419 2771 1760 2826 ἀκατὰλυτον

1863 2771 2003 2841 gelis
2025 2771 2242 2825 beatam
2268 2784 2332 2825 ac
2361 2777 2624 2825 aeternam
2648 2778 2704 2824 et
2728 2767 3167 2825 indissolubilcm
3189 2766 3450 2822 choream

175 2854 422 2925 χορείαν.
465 2857 661 2931 Ἀμήν.

249 3022 272 3049 ι
311 3013 433 3067 Act.
461 3029 536 3080 νι,
564 3013 653 3069 12.
723 3025 744 3048 ⁸
769 3015 978 3072 Ezech.
1023 3031 1209 3087 um,
1261 3019 1354 3075 25.

197 3167 626 3187 ----

1863 2866 2160 2937 agitemus.

632 3162 3412 3194 ..Μ-...Μ

1407 3317 2066 3410 ΕΚΑΤΟΝΤΑΣ
2139 3311 2251 3421 Δ’.

1475 3491 1584 3560 Ἧς
1617 3499 1651 3566 ἠ
1692 3497 2009 3566 ἀκροστιχὶς
2030 3498 2124 3567 ἧδε

174 3655 373 3725 Ὅμως
402 3648 515 3709 οὖν
543 3654 644 3711 καὶ
670 3654 740 3710 ἐκ
773 3655 891 3711 τῶν
923 3658 1142 3726 κυρίως
1170 3656 1392 3722 κακῶν,
1426 3657 1526 3712 καί
1555 3657 1676 3710 τῶν
1709 3659 1795 3727 μὴ
1824 3659 2064 3727 κυρίως,
2101 3657 2496 3730 νομιζομένων
2522 3655 2612 3722 δὲ,
2661 3653 2834 3721 εὖξαι
2864 3653 3120 3718 ἐκτενῶς
3143 3655 3296 3722 πρὸς
3335 3653 3447 3708 τὸν

1313 3753 1464 3810 Θεὸν
1501 3752 1692 3824 ἡμῶν,
1723 3754 2106 3824 λυτρωθῆναι
2139 3754 2318 3824 ἡμᾶς.

1385 4039 1990 4132 CENTUBIA
2071 4039 2235 4160 IV,

1406 4229 1578 4304 Cujus
1601 4229 1934 4287 acrostichis
1959 4230 2077 4285 haec
2102 4240 2188 4286 est
2213 4249 2226 4284 :

295 4389 514 4466 Igitur
567 4402 826 4466 precare
867 4386 1163 4448 continue
1197 4383 1281 4448 ad
1319 4385 1650 4448 Dominum
1701 4385 1896 4445 Deum
1931 4395 2244 4458 nostrum,
2287 4399 2355 4444 ut
2404 4381 2592 4445 simul
2633 4401 2746 4443 nos
2785 4380 3005 4443 liberet
3043 4399 3083 4440 α
3118 4378 3322 4452 malis,

399 4499 526 4552 tam
556 4491 633 4552 ab
671 4491 770 4554 his
801 4508 933 4571 qua
969 4489 1234 4570 proprie
1272 4489 1602 4564 dicuntur,
1646 4506 1831 4568 quam
1869 4488 1944 4549 ab
1989 4489 2071 4549 iis
2116 4507 2251 4567 qua:
2290 4489 2638 4566 improprie
2681 4486 2990 4549 habentur
3029 4485 3214 4545 mala.

247 4775 320 4823 α’.
362 4767 425 4821 '0
465 4766 568 4837 τῆς
597 4766 737 4837 πρὸς
763 4766 860 4820 τὸν
892 4764 1075 4835 σάρκα
1117 4761 1302 4833 φιλίας
1347 4764 1441 4817 καὶ
1469 4763 1762 4826 κολακείας

1939 4764 1989 4816 1.
2021 4762 2127 4826 Qui
2162 4770 2404 4815 mentem
2436 4761 2506 4815 ab
2539 4757 2780 4814 amicitia
2815 4773 2882 4812 ac
2913 4757 3230 4812 adulatione
3261 4761 3445 4813 carnis

165 4864 274 4917 τὸν
310 4858 440 4915 νοῦν
493 4859 884 4930 ἀποχωρίσαςο
915 4849 1074 4922 οὗτος
1113 4856 1194 4928 τῷ
1225 4855 1444 4927 ζωτικῷ
1486 4855 1765 4926 πνεύματι

167 4958 279 5012 τὰς
307 4951 541 5026 πράξεις
569 4950 664 5004 τοῦ
693 4949 947 5022 σώματος
981 4949 1344 5004 ἐθανάτωσεν.

248 5042 324 5120 β’.
387 5044 480 5116 Μὴ
516 5043 704 5114 νόμιζε
751 5041 1086 5114 κεχωρίσθαι
1134 5043 1234 5114 τῆς
1277 5043 1413 5115 πρὸς
1449 5042 1548 5114 τὴν
1586 5042 1766 5112 σάρκα

168 5138 448 5212 σχέσεως,
472 5135 556 5190 ετι
606 5136 666 5206 ἐν
695 5136 810 5198 τοῖς
867 5135 969 5206 τῆς
1023 5133 1228 5207 σαρκὸς
1257 5134 1482 5197 οίκείοις
1517 5133 1611 5186 τὸν
1640 5131 1766 5187 νοῦν

165 5235 325 5304 ἔχων
350 5227 646 5299 ἑνασχολού
655 5243 837 5298 μενον.

245 5321 324 5393 γ’,
360 5322 577 5390 "aa-mp
632 5319 736 5390 τῆς
779 5319 980 5390 σαρκὸς
1044 5319 1150 5372 ίδία
1204 5321 1237 5390 ἠ
1272 5319 1548 5390 αίοθησις,
1577 5320 1671 5373 καὶ
1699 5320 1768 5375 τά

165 5413 444 5485 αἰσθητὰ,
484 5409 627 5465 οὕτω
675 5411 769 5466 καὶ
818 5413 919 5482 τῆς
954 5409 1152 5482 ψυχῆς
1195 5409 1302 5465 ἴδια
1349 5411 1379 5462 ό
1417 5409 1541 5474 νοῦς
1571 5410 1666 5465 καὶ
1697 5411 1768 5466 τά

165 5511 456 5577 νοήματα.

251 5600 320 5656 3'.
353 5599 641 5653 Σύστειλον
672 5599 768 5670 τὴν
794 5598 972 5669 ψυχὴν
997 5602 1061 5650 ιίκ
1083 5596 1185 5664 τῆς
1207 5595 1518 5666 ιιίσθήσεως
1541 5596 1635 5650 καὶ
1657 5595 1764 5650 τῶν

175 5691 490 5763 αἰσθητῶν,
524 5692 617 5746 καὶ
650 5693 960 5764 εὒρὶσκεται
988 5698 1014 5744 ο
1049 5688 1164 5752 νοῦς
1203 5692 1260 5741 ἐν
1291 5689 1364 5758 τῷ
1401 5688 1518 5759 θεῴ
1572 5691 1664 5743 καί
1711 5693 1764 5743 ἐν

167 5786 300 5847 τοῖς
330 5785 560 5852 νοητοῖς.

1868 4851 2268 4920 sequestravit,
2315 4850 2470 4905 vitali
2514 4849 2716 4920 spiritu
2765 4863 2936 4918 opera
2985 4848 3171 4903 carnis
3211 4849 3446 4904 mortiﬁ-

1869 4946 2034 5000 cavit.

1938 5038 1991 5090 2.
2020 5036 2098 5091 Ne
2126 5043 2290 5104 putes
2313 5045 2553 5090 mentem
2581 5048 2613 5088 a
2643 5032 2826 5088 carnis
2850 5033 3094 5087 amicitia
3115 5033 3447 5100 descivisse,

1869 5143 1996 5184 cum
2033 5127 2216 5182 adhuc
2250 5125 2308 5180 in
2345 5125 2430 5180 his
2459 5139 2584 5195 qua:
2615 5124 2807 5179 carnis
2837 5133 2966 5178 sunt
2996 5124 3220 5194 propria
3239 5160 3254 5188 ,
3276 5138 3445 5180 occu-

1869 5229 2050 5290 petur.

1938 5317 1991 5368 5.
2021 5314 2174 5368 Sicut
2206 5313 2358 5370 carni
2401 5309 2612 5381 proprii
2651 5319 2781 5364 sunt
2811 5323 3008 5365 sensus
3051 5320 3106 5364 et
3140 5311 3447 5368 sensihiiia.

1875 5409 1946 5461 ita
2004 5408 2198 5462 animtve
2248 5403 2598 5467 intellectus,
2642 5409 2700 5457 et
2747 5416 2870 5471 qua:
2927 5401 3210 5458 intellectu
3265 5403 3448 5471 percia

1875 5501 2120 5571 piunu'r.

1945 5595 1997 5648 4.
2025 5591 2299 5647 Abstrahe
2333 5590 2571 5644 animam
2611 5604 2641 5642 a
2679 5587 3027 5643 sensilius'ct
3067 5586 3443 5649 sensiliilibus.

1873 5680 1929 5740 et
1960 5683 2270 5739 invenietur
2294 5698 2448 5740 mens
2484 5683 2537 5737 in
2576 5683 2717 5749 Dco,
2743 5689 2798 5736 et
2830 5681 2915 5737 his
2947 5697 3068 5751 quae
3099 5687 3282 5735 mente
3319 5695 3445 5749 [δον-

1874 5777 2166 5848 υἱυὶιίιιῖιιιι
