4198 6434
710 357 843 424 ιιστ

703 473 1060 538 aﬂirmativa,
1123 491 1219 544 per
1261 475 1678 532 aﬂirmationem
1739 480 2000 535 dicuntur
2053 501 2066 536 :

705 583 827 620 rum
860 583 982 622 esse
1017 569 1134 621 sine
1181 569 1478 638 principio,
1523 580 1579 624 et
1623 572 1973 639 immensum,
2014 585 2071 629 et
2115 577 2284 631 incir—

1938 367 2340 427 THALASSII
2380 367 2702 427 ABBATIS

3841 358 3982 421 1468

2127 482 2456 541 etate-Ala.
2516 481 2908 551 καταφατικῶς
2957 480 3177 547 λέγεται
3239 477 3333 531 καὶ
3392 475 3538 531 κατά
3580 475 3753 529 θέσιν⁸
3806 473 3871 524 τδ
3921 473 3982 524 δὲ

2386 572 2626 644 ἄναρχον
2673 573 2834 626 πάλιν
2856 611 2872 635 ,
2903 571 2999 625 καὶ
3026 570 3280 641 ἁπειρον,
3322 569 3418 622 καὶ
3445 569 3699 638 ἀόριστον
3733 564 3831 618 καὶ
3882 564 3984 614 ὅσα

703 662 1125 729 cumscriptum,
1157 669 1215 714 et
1241 677 1584 732 quaecunque
1611 665 1883 733 negativa,
1913 682 2012 736 per
2041 670 2286 738 negatio-

2389 664 2768 735 ἁποφατικῶς,
2805 665 2950 718 κατά
2985 663 3088 734 τὴν
3118 663 3435 732 ἀφαίρεσιν.

701 767 827 806 nem
864 752 972 806 diei
1004 752 1409 823 intelliguntur.

773 844 860 898 84.
893 844 1032 898 Cum
1069 861 1175 898 una
1203 847 1275 901 sit
1308 855 1508 902 sanctae
1533 847 1824 902 Trinitatis
1850 849 2034 904 unitas
2054 849 2288 904 abscon-

701 933 871 988 ditior
894 951 1059 1005 quam
1092 936 1303 991 ratione
1331 939 1416 991 vel
1451 946 1634 992 mente
1663 939 1784 1008 capi
1815 948 1999 1008 queat,
2025 941 2287 1009 praedicta

704 1035 884 1082 tamen
917 1038 974 1083 et
1021 1031 1224 1086 similia
1259 1033 1415 1086 aiunt
1459 1047 1582 1100 quae
1624 1032 1774 1087 circa
1820 1033 1993 1103 ipsam
2035 1035 2289 1090 conside-

704 1131 917 1175 rantur.

777 1214 866 1266 85.
902 1214 1056 1268 Sicut
1079 1219 1263 1268 autem
1309 1230 1476 1269 unam
1515 1217 1776 1273 deitatem
1820 1227 2022 1274 sancta:
2049 1219 2288 1274 Trinita-

704 1302 774 1356 tis
806 1302 1016 1367 dicunt,
1042 1303 1116 1358 ita
1148 1314 1206 1360 et
1231 1313 1345 1361 tres
1385 1307 1704 1378 hypostases
1731 1309 1896 1364 unius
1924 1310 2144 1365 deitatis
2174 1312 2290 1381 glo-

703 1394 940 1448 riﬁcant.
2011 1474 2021 1483 ο

773 1483 862 1540 86.
915 1487 1236 1558 lntelligunt
1268 1497 1452 1543 autem
1497 1489 1758 1559 prmdicta
1804 1508 1903 1562 per
1940 1493 2289 1564 negationem

700 1583 759 1629 et
787 1575 1230 1644 allirmationem,
1263 1590 1324 1634 ut
1359 1584 1672 1636 communia
1709 1592 1839 1637 sunt
1868 1595 2070 1641 sancta:
2098 1588 2290 1642 unius-

701 1682 808 1737 que
830 1671 1086 1725 essentiaa
1110 1671 1391 1737 Trinitati,
1437 1674 1646 1744 absque
1687 1678 2091 1746 proprietatum
2118 1681 2291 1736 deno-

702 1760 932 1823 tatione,
959 1777 1193 1830 quarum
1219 1765 1515 1819 nonnullas
1550 1782 1648 1834 per
1683 1767 2121 1835 aﬂirmationcm,
2146 1788 2288 1825 non-

699 1853 880 1908 nullas
906 1870 1005 1924 per
1040 1857 1388 1926 negationem
1415 1861 1724 1915 enuntiant.

771 1945 859 1999 87.
913 1948 1206 2017 Appellant
1276 1960 1460 2006 autem
1521 1953 1834 2008 divinarum
1905 1956 2284 2027 liypostasium

697 2038 1068 2107 proprietates
1111 2045 1523 2112 paternitatem,
1577 2046 1922 2110 liliationem,
1979 2052 2289 2118 processio-

697 2145 846 2194 nem,
883 2139 939 2186 et
975 2149 1322 2206 quacunque
1350 2137 1456 2191 alia
1479 2138 1701 2207 proprie
1732 2139 2014 2194 dicuntur.

767 2306 856 2361 88.
908 2308 1237 2380 Hypostasin
1289 2311 1594 2378 deﬁniunt,
1643 2316 1936 2371 essentiam
1986 2333 2114 2373 cum
2161 2336 2289 2390 pro.

698 2396 1030 2464 prietatibus
1055 2415 1068 2450 :
1098 2399 1224 2453 ideo
1254 2416 1597 2472 unaquaeque
1624 2404 1937 2476 hypostasis
1967 2408 2133 2465 habet
2152 2412 2285 2482 quid

695 2502 990 2543 commune
1024 2493 1297 2555 essentiaa,
1327 2503 1383 2547 et
1415 2494 1546 2564 quid
1571 2498 1857 2568 proprium
1882 2500 2210 2572 bypostasis.

768 2579 855 2633 89.
884 2581 1148 2637 Praedicta
1176 2595 1359 2639 autem
1387 2591 1699 2644 communia
1726 2593 1986 2650 omnibus
2010 2595 2066 2650 in
2095 2607 2287 2653 sancta

696 2668 988 2737 Trinitate,
1016 2690 1139 2742 qua:
1178 2692 1278 2744 per
1303 2679 1652 2747 negationem
1681 2685 2084 2752 attribuuntur,
2113 2691 2288 2759 magis

695 2760 920 2828 propria
932 2761 1253 2830 iudicantur
1272 2767 1357 2820 his
1374 2784 1496 2838 qua:
1511 2786 1610 2839 per
1622 2771 2037 2832 aﬂirmationem
2054 2790 2182 2834 sunt
2199 2782 2285 2837 di-

695 2857 802 2902 cta.
836 2849 905 2902 At
927 2866 1039 2905 non
1066 2853 1323 2910 similiter
1353 2859 1405 2910 in
1442 2863 1896 2930 proprietatibus.
1929 2869 2064 2923 Nam
2094 2887 2285 2926 earum

693 2939 862 2994 etiam
888 2941 1122 3012 aliquas,
1152 2956 1212 3000 ut
1239 2949 1562 3017 praedictum
1586 2963 1692 3018 est,
1722 2972 1820 3026 per
1842 2958 2283 3029 allirmationem,

693 3030 910 3101 aliquas
933 3049 1034 3103 per
1062 3039 1410 3108 negationem
1440 3042 1654 3110 dicunt,
1688 3056 1748 3101 ut
1783 3051 2029 3118 genitum
2057 3070 2200 3121 esse,
2231 3068 2288 3112 et

695 3125 920 3182 similia.
946 3129 1166 3186 Etenim
1195 3148 1304 3188 non
1342 3152 1466 3192 esse
1491 3141 1760 3209 genitum,
1789 3145 2051 3216 singulari
2079 3149 2288 3220 signiﬁ-
2314 3182 2358 3240 ο

695 3229 820 3275 cato
852 3221 1044 3278 dill‘ert
1086 3240 1116 3280 a
1158 3229 1404 3297 genitum
1456 3247 1598 3288 esse.
1646 3235 1751 3290 Per
1796 3237 1902 3294 hoc
1933 3242 2081 3295 enim
2117 3243 2288 3299 Filius

695 3314 916 3381 genitus
945 3331 1068 3372 esse
1109 3319 1486 3390 signiﬁcatur;
1514 3340 1613 3396 per
1641 3327 1777 3384 illud
1811 3346 1963 3398 vero,
1992 3333 2154 3389 Pater
2177 3351 2286 3390 non

695 3421 818 3460 esse
853 3409 1093 3477 genitus.

768 3498 858 3554 90.
885 3500 1082 3556 Verbis
1113 3504 1338 3574 insuper
1367 3519 1424 3563 et
1462 3511 1782 3567 nominibus
1809 3515 1892 3569 usi
1923 3526 2075 3582 sunt,
2101 3519 2168 3573 ad
2194 3521 2289 3576 de-

697 3592 986 3647 elarandas
1016 3596 1260 3652 rationes
1293 3600 1498 3669 quibus
1538 3619 1600 3656 ea
1638 3621 1761 3674 qum
1801 3607 1949 3662 circa
1989 3612 2285 3666 essentiam

698 3693 828 3739 sunt
871 3694 1074 3742 sanctae
1119 3689 1426 3755 Trinitatis,
1466 3702 1526 3747 ut
1560 3695 1767 3751 dictum
1795 3709 1901 3765 est,
1935 3703 2289 3759 consideran-

700 3787 810 3841 tur,
836 3793 945 3832 non
976 3788 1035 3834 ut
1058 3795 1122 3835 ea
1148 3797 1270 3851 qua:
1300 3785 1473 3853 ipsius
1502 3798 1629 3842 sunt
1653 3793 1932 3856 essentiaa,
1957 3794 2245 3851 declarent
2270 3816 2282 3851 :

696 3869 968 3938 ejusmodi
997 3871 1146 3926 enim
1171 3874 1322 3929 nulla
1349 3887 1533 3933 mente
1558 3883 1840 3952 cognosci,
1867 3886 2127 3957 nulloque
2171 3904 2288 3944 ser-

696 3977 860 4017 mone
902 3963 1088 4033 eloqui
1120 3977 1371 4035 possunt,
1405 3971 1502 4025 sed
1549 3974 1651 4029 soli
1692 3975 1968 4033 divinitati
2019 3989 2149 4035 sunt
2195 3998 2289 4037 eo-

695 4055 869 4124 gnita.

766 4147 855 4201 9|.
898 4147 1054 4204 Sicut
1096 4159 1282 4206 autem
1327 4152 1524 4210 dicunt
1568 4173 1731 4212 unam
1779 4162 2071 4216 essentiam
2118 4164 2285 4220 trium

697 4239 1096 4310 hypostasium,
1128 4245 1209 4299 sic
1235 4254 1292 4300 et
1326 4248 1488 4305 unius
1509 4253 1766 4309 essentia:
1795 4255 2130 4312 confitentur
2156 4274 2285 4314 san-

696 4341 840 4386 ctam
875 4332 1228 4391 Trinitatem.

768 4423 857 4478 92.
905 4424 1204 4481 Enimvero
1239 4429 1454 4486 Patrem
1503 4438 1948 4506 contemplantur
1979 4440 2097 4495 sine
2129 4444 2284 4512 prin-

2459 849 2559 902 πδ¹.
2597 850 2744 912 Μιᾶς
2764 849 2934 920 οὑσης
2960 848 3063 917 τῆς
3091 847 3237 915 ὑπὲρ
3257 843 3384 898 νοῦν
3407 843 3503 897 καὶ
3531 841 3690 909 λόγον
3714 838 3813 893 καὶ
3844 855 3982 906 κρυ-

2390 941 2517 1009 φίας
2549 940 2808 1010 θεότητος
2850 941 2947 1010 τῆς
2979 938 3143 1008 ἁγίας
3193 935 3447 1006 Τριάδος,
3502 932 3574 985 τὰ
3629 931 3764 1002 περὶ
3808 931 3984 999 αὑτὴν

2390 1033 2745 1104 θεωρούμενα
2795 1033 2866 1088 τά
2917 1030 3299 1103 προειρημένα
3336 1024 3477 1081 εἷναί
3510 1043 3700 1096 φασιν,
3765 1024 3865 1078 καὶ
3912 1021 3985 1074 τὰ

2389 1143 2572 1180 ομοια.

2599 1215 2810 1286 Ὠσπερ
2861 1214 2920 1269 δὲ
2975 1215 3105 1287 μίαν
3131 1212 3365 1282 θεότητα
3409 1211 3509 1280 τῆς
3552 1209 3714 1276 ἁγίας
3747 1205 3985 1277 Τριάδος

2389 1307 2642 1377 λέγουσιν
2662 1326 2676 1338 ·
2708 1307 2883 1372 οὕτως
2915 1310 3012 1362 καὶ
3041 1310 3190 1379 τρεῖς
3215 1307 3317 1370 τὰς
3352 1306 3684 1368 ὑποστάσεις
3709 1303 3810 1372 τῆς
3851 1302 3984 1373 μιᾶς

2391 1399 2646 1471 θεότητος
2672 1400 3012 1465 δοξάζουσιν.

2465 1502 2583 1560 σις’.
2619 1496 2818 1549 Νοοῦσι
2850 1495 2907 1549 δὲ
2935 1495 3004 1548 τὰ
3035 1495 3177 1549 κατὰ
3207 1493 3501 1562 ἀφαίρεσιν
3539 1491 3636 1544 καὶ
3667 1489 3819 1543 θέσιν
3844 1505 3987 1557 προσ

2391 1585 2682 1655 ειρημένα,
2716 1587 2872 1639 κοινὰ
2903 1587 2995 1639 ἐπὶ
3023 1586 3125 1654 τῆς
3153 1586 3320 1652 ἁγίας
3355 1583 3450 1637 καὶ
3478 1580 3773 1652 ὁμοουσίου
3807 1578 3985 1650 τριάο

2390 1675 2480 1738 δος
2529 1677 2697 1748 χωρὶς
2745 1678 2857 1730 τῶν
2903 1677 3250 1747 ίδιωμάτων·
3306 1675 3497 1745 ἐπειδὴ
3550 1675 3649 1729 καὶ
3697 1673 3883 1726 αὑτῶν
3911 1672 3985 1725 τὰ

2393 1767 2625 1822 πλείστα
2657 1768 2756 1838 μὲν
2807 1767 2951 1820 κατὰ
3003 1767 3174 1833 θέσιν,
3210 1765 3337 1819 τινὰ
3384 1765 3442 1818 δὲ
3499 1765 3642 1817 κατὰ
3681 1761 3985 1832 ἀφαίρεσιν

2321 1837 2363 1893 Β
2391 1837 2666 1928 λέγουσιν.

2463 1953 2572 2017 πῖ.
2616 1951 2884 2019 Λέγουσιν
2912 1951 2970 2005 δὲ
3003 1951 3170 2005 πάλιν
3200 1950 3272 2004 τὰ
3325 1949 3593 2020 ἰδιώματα
3652 1947 3762 2000 τῶν
3819 1945 3983 1999 θείων

2390 2043 2749 2098 ὑποστάσεων
2785 2043 2982 2106 ταῦτα,
3037 2037 3149 2096 οἷον
3181 2041 3284 2113 τὴν
3316 2040 3658 2110 πατρὸτητα,
3709 2038 3811 2109 τήν
3870 2036 3982 2090 υἱό-

2389 2155 2549 2209 τητα,
2598 2138 2700 2210 τήν
2755 2135 3105 2208 ὲκπόρευσιν,
3159 2137 3255 2189 καὶ
3300 2135 3405 2189 ὅσα
3443 2132 3579 2188 ἄλλα
3644 2130 3830 2194 ίδικῶς
3888 2129 3981 2181 λέ-

2387 2249 2570 2302 γεται.

2461 2331 2577 2396 σπη’.
2616 2322 2952 2378 ’Υπὸστασιν
2990 2323 3048 2378 δὲ
3101 2322 3399 2394 ὁρίζουσιν,
3430 2319 3621 2374 οὐσίαν
3657 2317 3798 2389 μετὰ
3835 2317 3982 2370 ίὸιωο

2394 2417 2602 2487 μάτων,
2638 2416 2708 2470 δι’
2733 2415 2762 2468 δ
2792 2416 2997 2485 ἑκάστη
3030 2415 3064 2485 ή
3123 2415 3426 2477 ὑπόστασις
3469 2413 3586 2481 ἔχει
3620 2410 3678 2464 ἓν
3703 2409 3765 2462 τὸ
3797 2408 3982 2462 κοινὸν

2387 2508 2489 2578 τῆς
2530 2505 2741 2570 οὐσίας,
2771 2506 2868 2559 καὶ
2899 2504 2960 2557 τδ
2982 2504 3116 2557 ίδιον
3148 2504 3248 2574 τῆς
3276 2502 3659 2564 ὑποστάσεως.

2461 2598 2572 2652 πθ’.
2605 2597 2686 2650 Τὰ
2720 2596 2779 2652 δὲ
2823 2596 3023 2651 κοινῶν
3057 2595 3223 2650 πάλιν
3273 2594 3369 2648 ἐπὶ
3402 2595 3501 2664 τῆς
3554 2592 3717 2662 ἁγίας
3746 2591 3982 2662 Τριάδος

2390 2689 2536 2743 κατὰ
2570 2688 2866 2759 ἀφαίρεσιν
2915 2687 3314 2758 προειρημένα,
3345 2685 3457 2740 τῶν
3505 2683 3646 2738 κατὰ
3702 2683 3856 2737 θέσιν
3888 2684 3980 2736 λε-

2393 2781 2638 2852 χθέντων
2661 2780 2978 2853 κυριώτερα
3005 2781 3304 2852 κρίνουσιν,
3338 2779 3439 2849 οὑχ
3463 2777 3634 2841 οὕτως
3666 2777 3854 2847 μέντοι
3885 2776 3982 2829 καὶ

2391 2873 2616 2926 ἐπὶτῶν
2653 2874 2985 2944 ἰδιωμάτων·
3040 2872 3231 2941 ἐπειδὴ
3261 2873 3354 2924 καὶ
3385 2869 3566 2922 αὑτῶν
3596 2870 3666 2922 τὰ
3703 2869 3804 2938 μὲν
3838 2867 3981 2921 κατά

2391 2967 2561 3032 θέσιν,
2587 2968 2656 3021 τὰ
2682 2968 2739 3020 δὲ
2771 2967 2916 3021 κατὰ
2949 2966 3266 3038 ἀφαίρεσιν,
3300 2964 3377 3026 ὼς
3413 2962 3759 3033 προείρηται,
3791 2961 3983 3028 λέγου-

2393 3079 2501 3124 σιν,
2534 3062 2610 3124 ὼς
2644 3062 2704 3113 τὸ
2735 3060 3017 3130 γεννητὸν,
3049 3059 3145 3112 καὶ
3185 3057 3254 3110 τὰ
3282 3057 3472 3126 ὃμοια.
3509 3056 3576 3109 'H
3605 3052 3715 3122 γὰρ
3745 3053 3983 3120 ἀγεννή-

2393 3154 2482 3206 σία
2513 3154 2612 3224 τῆς
2639 3153 2974 3223 γεννήσεως,
3011 3149 3156 3204 κατὰ
3185 3150 3356 3221 μόνην
3380 3149 3631 3218 διαφέρει
3663 3145 3764 3215 τὴν
3797 3160 3982 3214 σημα-

2391 3246 2535 3301 σίαν.
2571 3246 2636 3299 Ἦ
2673 3246 2772 3315 μὲν
2807 3244 2917 3314 γὰρ
2944 3244 3006 3296 τὸ
3042 3243 3118 3314 μὴ
3146 3241 3513 3312 γεγεννῆσθαι
3544 3240 3636 3293 τὸν
3668 3237 3910 3308 Πατέρα,
3944 3237 3980 3304 ή

2387 3337 2444 3390 δὲ
2468 3336 2531 3389 τὸ
2558 3335 2920 3406 γεγεννῆσθαι
2943 3335 3036 3389 τὸν
3069 3334 3200 3387 Υίὸν
3232 3331 3517 3403 σημαίνει.

2460 3527 2531 3587 ια.
2566 3520 2804 3592 Ῥήμασι
2834 3520 2879 3573 δ’
2907 3518 2980 3574 αὖ
3004 3518 3101 3573 καὶ
3128 3518 3358 3589 ὀνόμασι
3389 3517 3688 3587 κέχρηνται
3714 3513 3854 3585 πρὸς
3879 3513 3982 3581 τὴν

2386 3613 2496 3664 τῶν
2529 3613 2660 3680 περὶ
2691 3611 2791 3682 τὴν
2819 3611 3032 3673 οὑσίαν,
3073 3610 3148 3672 ὡς
3190 3609 3429 3680 εἴρηται,
3466 3608 3566 3678 τῆς
3595 3605 3759 3673 ἁγίας
3807 3603 3981 3674 Τριὰο

2387 3703 2479 3766 δος
2523 3700 2921 3774 θεωρουμένων
2971 3702 3150 3770 λόγων
3202 3701 3538 3769 σαφήνειαν·
3586 3698 3648 3750 οὑ
3689 3695 3878 3765 μέντοι
3911 3711 3982 3763 γε

2387 3797 2496 3849 τῶν
2527 3797 2668 3850 κατὰ
2692 3795 2791 3867 τήν
2817 3795 3006 3850 οὑσίαν
3024 3811 3042 3827 ο
3077 3794 3346 3862 ἄγνωστοι
3376 3792 3485 3862 γὰρ
3506 3784 3654 3844 οὑτοι
3682 3787 3756 3859 νῷ
3773 3787 3980 3858 πάντη,

2389 3889 2483 3942 καὶ
2511 3890 2737 3962 ἀρρήτῳ
2770 3887 2915 3959 λόγῳ
2944 3887 3147 3958 πάντη,
3196 3886 3296 3941 καὶ
3328 3885 3467 3958 μόνῃ
3501 3887 3569 3956 τῇ
3611 3885 3655 3938 Τ
3659 3882 3805 3956 ριὰδι
3835 3883 3982 3935 είσὶν

2387 3982 2808 4052 γινωσκόμενοι.

2460 4170 2567 4233 μα’.
2594 4165 2804 4235 Ὥσπερ
2821 4163 2875 4218 δὶ
2897 4163 3336 4235 τρισυπόστατον
3366 4160 3467 4230 τήν
3500 4162 3631 4230 μίαν
3657 4158 3849 4213 οὐσίαν
3876 4157 3979 4226 τῆς

2389 4259 2644 4329 Θεὸτητος
2681 4259 2958 4326 λέγουσιν,
2999 4255 3175 4320 οὑτως
3207 4257 3303 4310 καὶ
3333 4253 3620 4325 ὀμοοὺσιον
3664 4252 3766 4322 τὴν
3813 4251 3981 4320 ἁγίαν

2387 4349 2595 4419 Τριὰδα
2628 4347 3006 4419 ὁμολογοῦσιν.

2459 4439 2566 4509 ιιβν.
2599 4440 2899 4511 Θεωρεῖται
2927 4439 2985 4493 δὲ
3020 4439 3207 4503 αὑτοῖς
3227 4438 3390 4493 πάλιν
3414 4441 3443 4492 ὁ
3463 4436 3655 4506 Πατήρ
3685 4435 3783 4489 καὶ
3811 4436 3980 4506 ἀναρ-

695 4516 864 4586 cipio,
890 4525 948 4571 et
971 4518 1304 4589 principium
1339 4538 1352 4575 :
1382 4531 1440 4577 et
1472 4525 1591 4581 sine
1634 4529 1909 4599 principio
1937 4531 2187 4601 quidem,
2219 4544 2280 4591 ut

2389 4552 2481 4604 χος
2517 4534 2612 4596 καὶ
2644 4534 2789 4605 ἀρχή
2813 4549 2828 4563 ·
2866 4533 2963 4586 καὶ
2991 4532 3228 4605 ἁναρχος
3250 4534 3352 4602 μὲν
3374 4532 3448 4594 ὡς
3476 4530 3794 4601 ἀγέννητος,
3831 4528 3979 4598 ἁρχὴ

697 4607 1023 4678 ingenitum,
1064 4612 1402 4684 principium
1428 4629 1610 4673 autem
1651 4631 1711 4674 ut
1737 4623 2039 4692 genitorem
2075 4636 2132 4681 et
2159 4641 2285 4681 cru-

696 4709 962 4756 ctatorem
992 4718 1186 4758 eorum
1221 4706 1317 4775 qui
1341 4723 1408 4764 ex
1444 4711 1582 4781 ipso,
1607 4729 1807 4783 nempe
1836 4718 2195 4787 sempiterno,
2230 4728 2287 4774 et

696 4791 752 4845 in
816 4790 938 4861 ipso
997 4794 1304 4864 exsistunt,
1375 4799 1537 4867 Filii,
1599 4803 1855 4875 inquam,
1930 4816 1987 4862 et
2046 4807 2286 4880 Spiritus

694 4885 892 4940 sancti.

763 4978 856 5034 95.
884 4979 1079 5039 Unitas
1116 4988 1260 5058 apud
1294 4988 1445 5059 ipsos
1480 4990 1546 5045 ad
1577 4990 1904 5050 Trinitatem
1943 5012 2116 5067 usque
2161 5013 2285 5068 pro-

694 5080 840 5126 mota
875 5085 1062 5130 manet
1089 5079 1292 5146 unitas,
1336 5091 1393 5138 et
1439 5083 1682 5140 Trinitas
1710 5103 1887 5158 usque
1917 5089 1985 5144 ad
2017 5090 2283 5148 unitatem

696 5161 892 5218 iterum
922 5177 1112 5224 coacta
1142 5181 1329 5227 manet
1357 5172 1601 5230 Trinitas
1627 5193 1639 5230 :
1667 5178 1815 5247 quod
1849 5179 2008 5236 valde
2045 5181 2283 5240 admira-

695 5251 804 5306 bile
828 5262 931 5307 est.

767 5345 854 5399 94.
885 5345 1202 5420 lntelligunt
1227 5353 1452 5422 quidem
1485 5371 1677 5413 omnes
1701 5358 1900 5415 Filium
1928 5370 1985 5416 et
2016 5362 2283 5434 Spiritum

695 5445 946 5490 sanctum
975 5454 1084 5493 non
1111 5457 1300 5497 carere
1324 5445 1547 5514 quidem
1590 5447 1884 5520 principio,
1920 5454 2286 5524 sempiternos

695 5534 903 5580 autem.
941 5529 1009 5582 Et
1047 5529 1170 5585 ideo
1201 5550 1312 5589 non
1356 5537 1474 5591 sine
1506 5538 1777 5608 principio
1821 5542 1948 5611 quia
1983 5543 2049 5597 ad
2082 5545 2285 5614 princi-

702 5615 852 5684 pium
876 5625 934 5672 et
972 5618 1177 5675 fontem
1207 5624 1540 5688 referuntur,
1573 5627 1788 5682 Patrem
1819 5630 2049 5685 scilicet.
2076 5632 2285 5703 Sempi-

705 5718 890 5764 ternos
930 5728 1083 5780 vero,
1120 5717 1267 5785 quod
1302 5733 1333 5772 a
1380 5720 1738 5787 sempiterno,
1787 5721 1879 5776 ille
1922 5738 2018 5791 per
2062 5726 2281 5780 modum

2389 4623 2447 4676 δὲ
2475 4623 2551 4687 ὼς
2576 4623 2855 4695 γεννήτωρ
2884 4623 2981 4676 καὶ
3036 4617 3338 4692 προϐολεῑκ
3371 4618 3480 4673 τῶν
3527 4620 3587 4684 ὲξ
3636 4617 3806 4670 αὑτοῦ
3854 4617 3978 4670 κατ’

2390 4715 2582 4768 οὑσίαν
2605 4714 2663 4782 ἐξ
2682 4714 2854 4770 ἀϊδίου
2885 4714 3241 4785 ὑπαρχόντων
3262 4715 3320 4767 ὲν
3348 4711 3550 4781 ἐαυτῷ,
3582 4709 3710 4764 Υἱοῦ
3741 4726 3801 4763 τε
3831 4707 3978 4776 λέγω

2391 4810 2484 4863 κα)⁵
2521 4808 2663 4862 Πνεύ
2671 4825 2841 4879 ματος
2879 4807 3060 4875 ἁγίου.

2458 4994 2566 5057 ια’.
2616 4989 2684 5041 Ἥ
2718 4988 2889 5058 μονὰς
2932 4987 3095 5058 μέχρι
3130 4985 3362 5056 Τριὰδος
3397 4985 3522 5054 παρ’
3553 4982 3737 5044 αὑτοῖς
3788 4997 3974 5034 κινου-

2391 5079 2528 5151 μένη
2559 5079 2713 5150 μένει
2753 5078 2942 5148 μονὰς,
2977 5078 3129 5147 καὶή
3171 5077 3344 5147 Τριὰς
3382 5075 3546 5146 μέχρι
3584 5071 3817 5144 μονάδος
3849 5086 3974 5125 συν-

2388 5170 2654 5243 αγομένη,
2694 5170 2847 5242 μένει
2877 5169 3075 5240 Τριάς·
3108 5170 3137 5224 ὃ
3167 5169 3262 5223 καὶ
3288 5167 3611 5241 παράδοξον.

2459 5352 2563 5422 ιδ’.
2613 5353 2814 5408 Νοοῦσι
2849 5353 2907 5408 δὲ
2956 5353 3120 5407 πάλιν
3149 5351 3241 5405 τὸν
3276 5351 3425 5417 Υίδν,
3481 5351 3575 5406 καὶ
3606 5352 3668 5405 τὸ
3717 5350 3972 5421 Πνεῦμα,

2387 5447 2488 5500 οὑκ
2522 5445 2736 5517 ἁναρχα
2764 5445 2886 5517 μὲν,
2921 5444 3069 5499 ἁῖδια
3093 5443 3184 5498 δέ·
3235 5444 3330 5498 καὶ
3367 5443 3468 5497 οὑκ
3508 5442 3722 5513 ἁναρχα
3758 5442 3860 5512 μὲν
3897 5442 3976 5505 ὡς

2391 5539 2528 5608 πρὸς
2561 5536 2736 5610 ἀρχὴν
2786 5537 2882 5592 καὶ
2934 5536 3116 5609 πηγὴν
3143 5537 3532 5607 ἀναφερόμενα
3579 5534 3673 5588 τὸν
3726 5533 3972 5604 Πατέρα.

2386 5631 2530 5686 ἀΐδια
2555 5630 2630 5696 δὲ,
2656 5631 2731 5695 ὡς
2765 5630 2827 5696 ἐξ
2857 5629 3049 5696 ἀϊδίου,
3086 5628 3182 5683 τοῦ
3214 5629 3312 5698 μὲν
3343 5627 3642 5700 γεννητῶς,
3672 5624 3767 5681 τοῦ
3795 5625 3855 5681 δὲ
3887 5627 3972 5678 ἐκ·

2394 5724 2672 5795 πορευτῶς
2715 5725 2889 5798 Πατρὶ
2923 5723 3379 5797 συνυπάρχοντος.

703 5805 1104 5874 generationis,
1155 5809 1244 5864 hic
1295 5826 1391 5879 per
1454 5811 1678 5867 modum
1725 5815 2089 5883 proccssionis
2136 5818 2282 5875 l‘atri
2323 5818 2622 5874 cocxsistit.
