4198 6434
235 340 372 412 1469

1601 334 1993 400 CENTURIA
2031 338 2128 399 IV.

3368 333 3506 398 1470

300 456 403 518 ιβ’.
453 446 784 517 ’Δδιαίρετον
802 444 861 498 δὲ
889 443 991 514 τὴν
1022 442 1151 514 μίαν
1184 441 1417 511 θεότητα
1446 439 1543 509 τῆς
1582 440 1810 510 Τριάδος

1986 444 2075 498 95.
2105 446 2277 501 Unam
2308 452 2492 499 autem
2517 442 2805 497 Trinitatis
2847 442 3109 498 deitatem
3155 442 3500 510 inseparabi-

232 541 583 613 φυλάττουσι,
618 539 714 593 καὶ
761 534 1104 608 ἀσυγχύτους
1130 534 1231 599 τὰς
1281 536 1432 605 τρεῖς
1481 534 1810 595 ὑποστάσεις

229 630 328 702 τῆς
371 629 503 699 μιᾶς
541 626 799 697 θεότητος
841 624 1183 696 διατηροῦσι.

299 718 417 787 ις’.
459 718 751 789 ’ἰδιότητας
795 716 852 771 δὲ
904 714 1003 768 τοῦ
1040 713 1141 785 μὲν
1185 711 1425 783 [ἰατρὸς.
1474 711 1535 764 τὸ
1572 710 1810 780 ἄναρχον

231 815 325 869 καὶ
350 812 651 882 ἀγέννητον
680 809 929 878 λέγουσι’
961 806 1058 859 τοῦ
1085 805 1142 859 δὲ
1180 805 1313 858 Υἱοῦ
1336 804 1398 858 τὸ
1432 805 1489 857 ὲν
1519 804 1683 875 ἀρχῇ,
1713 801 1811 855 καὶ

230 905 292 956 τὸ
318 900 601 972 γεννητόν.
631 898 740 952 Τοῦ
772 898 832 952 δὲ
866 897 997 951 Υίοῦ
1026 898 1123 950 καὶ
1162 894 1258 948 τοῦ
1299 894 1456 962 ἀγίου
1490 892 1810 962 Ῑινεύματος

229 995 291 1047 οῦ
321 992 580 1063 χρονικὴν
604 990 825 1058 λέγουσι
862 988 962 1060 τὴν
993 987 1191 1059 ἀρχήν.
1211 987 1336 1049 Πῶς
1369 986 1511 1056 γάρ;
1546 984 1683 1039 ἀλλά
1711 985 1811 1053 τὴν

229 1086 402 1156 αὐτὴν
429 1083 707 1155 δηλοῦσιν,
735 1082 797 1147 ἐξ
821 1076 909 1151 ἦς,
930 1080 1006 1145 ὡς
1036 1078 1095 1145 ἐξ
1130 1079 1281 1150 ἡλίου
1300 1077 1363 1131 τὸ
1387 1077 1523 1147 φῶς,
1553 1075 1728 1139 οὕτως
1751 1076 1813 1140 ἐξ

228 1175 401 1229 ἀϊδίου
430 1174 531 1245 τὴν
561 1171 796 1244 ὓπαρξιν
825 1172 1061 1243 ἔχουσιν.
1104 1170 1192 1238 Ἐξ
1225 1169 1396 1239 αὐτῆς
1430 1168 1540 1240 γάρ
1576 1168 1694 1222 κατ’
1723 1169 1812 1221 οὺ-

230 1267 376 1332 σίαν,
409 1267 459 1319 εί
489 1266 584 1319 καὶ
618 1264 695 1336 μὴ
729 1266 847 1336 μετ’
876 1263 1068 1335 αὐτήν.

300 1448 405 1514 ιιζν.
451 1447 516 1499 'H
552 1445 749 1515 ἰδιότης
776 1443 939 1498 πάλιν
966 1441 1076 1496 τῶν
1121 1438 1493 1504 ὑποστάσεων,
1548 1439 1811 1508 ἀκίνητος

227 1542 326 1596 καὶ
354 1540 749 1611 ἀμετάπτωτος
806 1537 938 1607 παρ’
983 1535 1169 1598 αὐτοῖς
1227 1533 1591 1602 φυλάττεταιο
1648 1531 1807 1601 καὶὴ

227 1633 477 1703 κοινότης
503 1632 561 1686 δὲ
580 1631 683 1700 τῆς
713 1628 924 1693 οὐσίας,
953 1628 1123 1699 ἧγουν
1152 1625 1345 1696 θεότης
1373 1623 1701 1694 ἀδιαίρετος.

1911 535 2018 590 lem
2040 537 2382 599 custodiunt,
2408 545 2466 591 et
2489 533 2805 590 inconfusas
2838 544 2949 588 tres
2989 535 3313 604 bypostases
3339 534 3504 588 unius

1909 627 2129 681 deitatis
2151 635 2499 681 conservant.

1980 716 2069 768 96.
2094 715 2470 784 Proprietates
2494 715 2673 771 Patris
2696 715 2912 777 dicunt,
2936 730 3046 768 non
3074 730 3197 769 esse
3228 713 3500 781 genitum,

1908 816 1966 861 et
1990 823 2113 863 esse
2142 807 2213 862 ab
2246 807 2426 862 initio.
2456 808 2581 863 Filii
2607 823 2740 863 vero
2762 822 2885 862 esse
2912 807 2968 859 in
3002 806 3274 876 principio
3300 815 3357 861 et
3381 820 3503 859 esse

1910 901 2180 969 genitum.
2214 899 2283 952 At
2310 899 2551 968 Spiritus
2589 900 2788 963 sancti,
2813 914 2941 954 cum
2984 898 3262 968 principio
3295 912 3416 951 esse
3446 905 3503 952 ct

1911 992 2232 1060 procedere.
2263 990 2598 1060 Principium
2621 1002 2806 1045 autem
2832 991 2957 1045 Filii
2982 998 3041 1044 et
3062 988 3303 1058 Spiritus
3326 990 3501 1044 sancti

1912 1098 2022 1136 non
2049 1082 2351 1151 temporale
2379 1081 2591 1136 dicunt.
2623 1082 2730 1135 Sed
2776 1081 3095 1152 quomodo?
3135 1095 3357 1134 causam
3388 1096 3503 1133 ma»

1911 1171 2196 1237 nifestant,
2244 1188 2314 1227 ex
2367 1187 2500 1241 qua,
2558 1172 2705 1226 sicut
2760 1188 2826 1225 ex
2883 1174 3001 1226 sole'
3055 1172 3266 1232 lumen,
3311 1171 3391 1223 sic
3436 1186 3499 1223 cx

1912 1266 2252 1333 sempiterno
2295 1263 2674 1319 exsistentiam
2710 1264 2939 1319 habent.
2971 1264 3050 1318 Ex
3084 1264 3206 1330 ipso
3234 1261 3384 1315 enim
3418 1279 3504 1315 St;-

1912 1358 2153 1411 cundum
2186 1357 2505 1420 essentiam,
2538 1371 2651 1411 non
2678 1366 2802 1425 post
2833 1356 3029 1425 ipsam.

1981 1447 2070 1503 97.
2101 1447 2418 1517 Proprietas
2477 1448 2610 1503 item
2666 1447 3036 1517 hypostaseon
3066 1445 3135 1498 ab
3161 1444 3293 1514 ipsis
3321 1459 3504 1498 serm-

1914 1548 2006 1593 tur
2033 1540 2332 1595 immobilis
2352 1549 2409 1594 et
2430 1539 2667 1602 stabilis,
2694 1540 2863 1607 inque
2884 1538 3110 1591 alteram
3136 1552 3245 1590 non
3274 1534 3498 1588 cadens.

1911 1634 2290 1690 Communitas
2318 1648 2452 1687 vero
2492 1633 2769 1698 essentiaz,
2793 1631 2970 1686 deitas
2996 1627 3255 1683 videlicet
3288 1630 3507 1695 insepa-

1915 1725 2127 1780 rabilis.
2950 1722 2953 1725 ’

300 1816 411 1883 ιιηυ.
458 1809 679 1865 Μονάδα
728 1810 787 1862 ὲν
834 1808 1048 1880 Τριάδι,
1103 1807 1199 1861 καὶ
1245 1805 1451 1877 Τριάδα
1503 1804 1563 1857 ὲν
1617 1801 1803 1873 μονάδι

1981 1819 2072 1873 98.
2107 1818 2385 1873 Unitatem
2417 1817 2472 1871 in
2497 1815 2786 1879 Trinitate,
2828 1824 2885 1869 et
2926 1813 3256 1868 Trinitatem
3294 1812 3349 1865 in
3379 1809 3503 1864 uni-

221 1903 622 1977 ὀμολογοῦμεν,
656 1903 732 1966 ὡς
757 1902 1145 1974 διαιρουμένην
1176 1899 1519 1972 ἀδιαιρέτως,
1553 1900 1647 1952 καὶ
1679 1912 1806 1950 συν-

222 1997 548 2067 απτομὲνην
570 1995 939 2069 διῃρημένως.

297 2089 407 2157 ιιθ’.
452 2087 652 2160 Ἀρχὴν
671 2087 729 2141 δὲ
752 2086 889 2157 μίαν
912 2084 1023 2139 τῶν
1047 2084 1186 2139 ὅλων
1203 2084 1296 2138 τὸν
1322 2083 1545 2154 Πατέρα
1576 2082 1804 2144 οἴδασιν,

220 2180 322 2236 τοῦ
360 2180 460 2251 μὲν
483 2179 617 2234 Υίοῦ
647 2178 745 2235 καὶ
771 2177 868 2231 τοῦ
894 2175 1231 2247 Πνεῦματος,
1259 2177 1336 2240 ὡς
1364 2177 1689 2246 γεννήτορα,
1711 2176 1807 2226 καὶ

220 2275 300 2338 ὡς
328 2274 515 2344 πηγὴν
555 2272 729 2327 ἀΐδιον
783 2271 879 2325 καὶ
919 2270 1249 2341 ωνάπειρον
1281 2268 1375 2323 καὶ
1408 2270 1684 2340 ἀόριστον,
1715 2267 1809 2323 καὶ

218 2366 540 2437 δμοούσιον,
579 2365 674 2420 καὶ
703 2363 1028 2435 ἀχώριστον.
1062 2363 1185 2417 Τῶν
1230 2364 1290 2417 δὲ
1341 2361 1681 2430 κτισμάτων,
1732 2360 1810 2423 ὡς

218 2459 561 2532 δημιουργὸν
586 2458 683 2513 καὶ
709 2455 1039 2529 προνοητὴν,
1076 2458 1172 2510 καὶ
1200 2456 1394 2526 κριτὴν
1421 2455 1489 2510 δι’
1530 2454 1684 2519 Υίοῦ,
1714 2453 1808 2524 δη-

219 2549 361 2622 λαδὴ
386 2551 445 2602 ἑν
465 2547 609 2619 ἁγίῳ
658 2546 959 2617 Πνεῦματι.
1006 2547 1110 2612 Ἐξ
1137 2546 1326 2602 αὐτοῦ
1352 2544 1484 2614 γὰρ,
1521 2544 1677 2615 φησὶ,
1710 2543 1808 2596 καὶ

218 2639 298 2693 δι’
327 2638 541 2703 αὑτοῦ,
575 2636 674 2694 καὶ
696 2641 786 2706 είς
803 2638 993 2693 αὐτόν
1032 2637 1105 2693 τὰ
1128 2635 1347 2693 πάντα.
1373 2635 1545 2702 Αὐτῷ
1576 2638 1616 2706 ἠ
1657 2635 1809 2702 δόξα

218 2735 313 2801 εις
352 2731 494 2801 τοὺς
523 2730 766 2799 αἰῶνας.

298 2919 367 2984 ρ’.
394 2911 649 2967 Συναῒδια
697 2911 860 2967 πάλιν
909 2910 1132 2980 λέγουσι
1176 2909 1257 2982 τῷ
1303 2910 1481 2980 “arpi.
1519 2910 1615 2962 τὸν
1653 2908 1806 2974 Υίὺν,

222 3005 323 3061 καὶ
353 3004 415 3058 τὺ
450 3004 674 3075 Πνεῦμα
703 3004 766 3059 τὸ
796 3004 973 3073 ἅγιον,
1002 3005 1064 3057 οὐ
1096 3005 1410 3074 συνάναρχα
1435 3003 1525 3056 δέ·
1561 3002 1656 3056 καὶ
1682 3019 1812 3056 συν·

1912 1918 2023 1964 tate
2071 1910 2422 1972 conlitemur,
2480 1915 2672 1977 utpote
2713 1921 2837 1976 qua:
2884 1915 3101 1975 separet
3138 1905 3501 1974 inseparatos,

1911 2011 1969 2056 ct
1996 2003 2300 2072 conjungat
2326 2009 2633 2071 separatos.

1981 2094 2072 2149 99.
2106 2094 2447 2163 Principium
2472 2102 2658 2148 autem
2682 2106 2853 2146 unum
2876 2090 3126 2145 omnium
3148 2089 3368 2144 Patrem
3396 2088 3506 2143 sci-

1910 2203 2054 2241 mus.
2089 2187 2159 2242 Et
2183 2186 2518 2257 principium
2542 2185 2764 2255 quidem
2796 2183 2921 2238 Filii
2946 2192 3002 2237 et
3025 2183 3288 2252 Spiritus,
3314 2190 3376 2235 ut
3410 2197 3501 2252 g0.

1910 2281 2148 2336 nitorem
2210 2288 2267 2334 et
2310 2279 2517 2335 fontem
2566 2286 2941 2343 coaeternum,
2996 2282 3395 2331 coazternorum
3447 2282 3505 2328 et

1909 2373 2077 2427 simul
2127 2373 2525 2427 immensorum
2556 2378 2614 2426 et
2644 2369 3084 2430 indeﬁnitorum,
3113 2376 3170 2421 et
3213 2365 3378 2420 unius
3418 2381 3504 2419 es-

1910 2465 2130 2529 sentiaa,
2177 2472 2234 2519 et
2270 2463 2900 2533 incircumscriptorum.
2968 2459 3309 2528 Principium
3372 2472 3504 2511 vero

1910 2564 2311 2619 creaturarum,
2338 2564 2401 2607 ut
2428 2553 2685 2624 opiﬁcem
2717 2564 2773 2607 et
2807 2562 3248 2623 prospectorem,
3273 2556 3330 2603 et
3357 2548 3505 2619 judio

1910 2662 2049 2709 cem,
2082 2661 2279 2716 nempe
2321 2660 2421 2715 per
2446 2643 2645 2698 Filium
2674 2643 2728 2698 in
2775 2642 2986 2712 Spiritu
3028 2651 3240 2697 sancto.
3268 2641 3352 2695 Ex
3391 2642 3505 2708 ipso

1909 2740 2078 2802 enim,
2106 2740 2202 2803 ait,
2234 2746 2284 2791 et
2316 2754 2410 2808 per
2432 2738 2605 2808 ipsum
2639 2744 2688 2789 et
2720 2737 2774 2790 in
2811 2737 2923 2805 ipso
2950 2735 3151 2788 omnia.
3180 2733 3291 2803 Ipsi
3328 2731 3503 2803 gloria

1911 2834 1965 2885 in
2000 2830 2197 2885 uacula
2244 2828 2292 2884 ί.

1982 2922 2104 2976 100.
2136 2922 2453 2975 Coaaternos
2480 2921 2623 2975 item
2650 2919 2845 2975 dicunt
2873 2918 3021 2973 Patri
3055 2918 3156 2988 (2),
3182 2934 3293 2973 non
3320 2926 3504 2973 tamen

1911 3010 2074 3065 simul
2105 3026 2230 3064 cum
2254 3026 2321 3063 eo
2356 3019 2609 3063 carentes
2630 2998 2941 3078 principio;
2970 3016 3026 3061 et
3052 3014 3356 3060 coatternos
3381 3006 3505 3076 qui—

222 3097 377 3151 ιιῒδια
404 3097 525 3167 μὲν,
558 3097 634 3160 ὡς
660 3095 721 3162 ἐξ
753 3097 982 3167 ἀπείρου
1010 3095 1091 3165 τῷ
1129 3094 1307 3165 Πατρὶ
1354 3093 1803 3163 συνυπάρχοντα·

1910 3102 2055 3159 dem.
2089 3110 2149 3153 ut
2178 3100 2573 3154 coexsistentes
2605 3098 2775 3162 Patri,
2817 3097 2888 3152 ab
2931 3097 3231 3159 immenso;
3268 3111 3377 3149 non
3417 3110 3507 3150 ca-

218 3187 287 3239 οῦ
314 3186 627 3255 συνάναρχα
663 3184 742 3248 δὲ,
776 3184 853 3247 ὡς
898 3184 999 3237 οὐκ
1029 3183 1267 3237 ἀναίτια.
1308 3181 1399 3247 Ἐξ
1452 3180 1621 3236 αὐτοῦ
1671 3181 1806 3251 γὰρ,

221 3279 275 3331 εί
312 3276 407 3330 καὶ
432 3276 509 3348 μὴ
537 3278 655 3347 μετ’
688 3274 876 3341 αὐτὸν,
907 3276 984 3339 ῶς
1028 3276 1139 3344 γάρ
1171 3275 1325 3345 ἡλίου
1353 3274 1415 3326 τὸ
1442 3274 1584 3342 φῶς,
1626 3271 1812 3335 καθὼς

221 3369 580 3439 προείρηται.
615 3367 850 3435 Λέγουσι
875 3366 933 3420 δὲ
968 3367 1134 3420 πάλιν
1159 3366 1253 3418 καὶ
1279 3366 1518 3435 άναρχα,
1548 3365 1678 3418 ὅταν
1728 3381 1811 3427 τις

218 3463 330 3531 τὴν
358 3460 467 3515 ἀπὺ
491 3459 970 3532 χρόνουλαμϐάνῃ
1005 3458 1205 3530 ἀρχὴν,
1245 3459 1333 3511 ἵνα
1361 3458 1438 3528 μὴ
1470 3458 1577 3511 ὑπὸ
1616 3459 1810 3526 χρόνου

219 3552 398 3624 νοηθῇ
421 3552 489 3606 τά
513 3552 574 3618 ἐξ
598 3545 675 3607 ὧν
704 3554 735 3607 ό
777 3554 987 3629 χρόνος.
1018 3552 1132 3604 Οὐκ
1160 3551 1371 3621 άναρχα
1394 3546 1490 3603 οὖν
1519 3550 1598 3621 τῷ
1628 3552 1809 3621 αἰτίῳ,

218 3645 307 3715 τῷ
341 3645 399 3699 δὲ
428 3646 606 3716 χρόνῳ
631 3646 866 3716 άναρχα,
889 3646 965 3707 ὡς
996 3644 1104 3715 πρὸ
1130 3644 1329 3705 παντὸς
1350 3645 1441 3695 καὶ
1472 3645 1689 3712 χρόνου,
1716 3645 1813 3695 καὶ

218 3738 446 3802 αίῶνος,
475 3739 572 3792 καὶ
597 3737 740 3811 ὑπὲρ
768 3738 941 3793 αἰῶνα
970 3737 1065 3790 καὶ
1094 3736 1304 3807 χρόνον.
1329 3735 1410 3788 Δι’
1443 3728 1519 3790 ὧν
1547 3734 1693 3798 ἄπας
1717 3735 1814 3788 καὶ

220 3829 392 3893 αίὼν,
429 3830 522 3882 καὶ
547 3828 763 3899 χρόνος,
793 3829 888 3883 καὶ
909 3828 977 3881 τὰ
1000 3830 1059 3881 ἐν
1086 3827 1267 3889 αἰῶνι,
1294 3825 1390 3880 καὶ
1418 3826 1488 3879 τά
1520 3828 1578 3878 ὲν
1608 3824 1811 3896 χρόνῳ,

223 3920 329 3975 καὶ
356 3919 433 3983 ὡς
453 3918 530 3989 τῷ
564 3920 760 3991 “arpi,
799 3920 876 3984 ῶς
907 3921 1255 3990 προείρηται,
1281 3918 1548 3973 ωναῖδια.
1575 3918 1711 3971 Μεθ’
1736 3912 1813 3973 ὧν

219 4011 384 4082 αὐτῷ
415 4013 449 4083 ἠ
494 4009 640 4076 δόξα,
670 4012 765 4066 καὶ
814 4012 878 4066 τὸ
915 4011 1118 4082 κράτος
1167 4012 1249 4074 είς
1299 4010 1431 4074 τοὺς
1471 4008 1674 4074 αἰῶνας
1696 4010 1808 4065 τῶν

217 4101 463 4158 αἰώνων.
494 4104 688 4175 Ἀμήν.

299 4333 325 4374 ί
366 4334 528 4389 Rom.
560 4349 637 4399 XI,
658 4330 749 4390 56.

306 4470 385 4543 (2)
421 4470 586 4543 More
618 4470 937 4543 Graecorum
968 4472 1023 4526 in
1058 4470 1592 4543 sacrisipromiscue
1637 4474 1813 4527 utitur

221 4541 466 4612 nomine
503 4541 765 4612 principii
809 4550 866 4596 et
917 4557 1131 4597 causa:
1162 4550 1219 4596 at
1247 4541 1430 4597 Latini
1466 4542 1534 4597 ad
1569 4543 1715 4597 intra
1754 4543 1813 4598 in

224 4610 519 4668 'l‘rinitate
536 4626 651 4668 non
679 4610 979 4668 admittunt
1018 4613 1443 4683 appellationem
1474 4628 1652 4669 causa:
1678 4631 1692 4667 :
1718 4629 1815 4669 ne-

1908 3200 2091 3245 rcntes
2118 3189 2635 3259 autemprincipio,
2673 3188 2803 3259 quia
2846 3202 2956 3241 non
2990 3186 3110 3241 sine
3145 3200 3311 3240 causa
3353 3196 3499 3240 sunt.

1906 3286 1984 3340 Ex
2026 3286 2147 3354 ipso
2184 3286 2357 3349 enim,
2400 3285 2535 3339 licet
2564 3300 2675 3339 non
2702 3292 2828 3355 post
2857 3284 3057 3353 ipsum,
3091 3282 3237 3338 sicut
3280 3297 3347 3335 ex
3389 3280 3504 3333 sole

1907 3379 2118 3441 lumen,
2147 3388 2209 3432 ut
2232 3370 2556 3446 prmdictum
2591 3387 2697 3433 est.
2722 3379 2927 3433 Dicunt
2953 3387 3136 3431 autem
3160 3383 3217 3429 et
3250 3382 3505 3428 carentes

1909 3470 2204 3539 principio,
2224 3477 2285 3521 ut
2305 3468 2350 3522 si
2373 3469 2499 3538 quis
2520 3468 2590 3523 de
2612 3469 2900 3539 temporali
2923 3466 3197 3538 principio
3220 3466 3501 3533 loquatur,

1910 3580 1981 3616 ne
2007 3563 2232 3615 subesse
2263 3560 2497 3630 tempori
2528 3569 2815 3630 putentur,
2850 3577 2882 3614 a
2910 3560 3117 3629 quibus
3148 3566 3365 3625 tempus
3394 3570 3503 3609 coe-

1912 3657 2013 3724 pit.
2040 3656 2157 3709 Non
2183 3664 2373 3709 carent
2412 3654 2580 3724 igitur
2608 3652 2885 3723 principio
2925 3649 3155 3713 causali,
3183 3657 3374 3702 carent
3408 3661 3503 3700 au-

1911 3755 2021 3801 tem
2059 3744 2336 3814 principio
2365 3743 2681 3813 temporali.
2709 3743 2866 3808 Quod
2895 3750 3023 3795 ante
3050 3755 3213 3793 omne
3239 3735 3503 3791 saeculum

1911 3850 1968 3895 et
1994 3848 2228 3908 tempus,
2256 3847 2313 3893 et
2338 3853 2507 3907 super
2529 3837 2790 3892 saeculum
2814 3843 2871 3890 et
2893 3843 3135 3902 tempus,
3165 3846 3265 3901 per
3285 3841 3427 3898 quos
3447 3836 3506 3880 et

1911 3930 2171 3984 saeculum
2204 3936 2262 3982 et
2308 3938 2544 3997 tempus,
2573 3938 2630 3981 et
2674 3942 2796 3996 quae
2837 3927 2893 3980 in
2924 3924 3144 3987 seculo,
3191 3930 3249 3976 et
3295 3934 3417 3989 quae
3446 3916 3502 3971 in

1913 4027 2194 4087 tempore,
2225 4026 2281 4071 et
2315 4015 2464 4087 quod
2507 4016 2656 4070 Patri
2679 4056 2694 4081 ,
2727 4015 2873 4070 sicut
2901 4012 3227 4084 pnedictum
3261 4018 3347 4065 est
3368 4050 3382 4074 ,
3409 4022 3505 4063 co-

1912 4111 2127 4165 aeterni.
2160 4109 2299 4165 Cum
2342 4108 2546 4179 quibus
2590 4108 2693 4179 ipsi
2731 4109 2805 4164 sit
2833 4108 3006 4179 gloria
3031 4113 3087 4161 et
3123 4102 3416 4175 imperium
3445 4100 3502 4156 iu

1916 4201 2116 4256 saecula
2144 4204 2497 4257 saeculorum.
2528 4207 2723 4257 Amen.

2734 4343 2759 4377 τί

1918 4488 2027 4598 que
2074 4472 2247 4553 enim.
2274 4471 2500 4553 proprie
2549 4471 2729 4550 Pater.
2759 4468 2967 4523 dicitur
3009 4482 3175 4549 causa
3210 4465 3356 4527 Filii,
3406 4479 3476 4518 an

1962 4552 2081 4597 ater
2103 4550 2159 4597 et
2191 4542 2364 4597 Filius
2391 4557 2556 4596 causa
2586 4542 2829 4598 Sumtus
2851 4548 3056 4596 sanctt.
3115 4536 3238 4592 Vide
3266 4534 3324 4592 S.
3369 4535 3476 4590 Tho

1962 4552 2081 4597 ater
2103 4550 2159 4597 et
2191 4534 2364 4597 Filius
2382 4534 2556 4596 "causa
2586 4540 2829 4609 Spiritus
2851 4538 3056 4596 sancti.
3115 4536 3238 4592 Vide
3266 4534 3324 4592 S.
3369 4535 3505 4590 Tho-

1922 4629 2105 4668 mamt
2144 4631 2223 4684 p.,
2256 4630 2309 4683 q.
2337 4613 2429 4677 55,
2462 4620 2570 4666 art.
2604 4611 2625 4665 1
2661 4611 2789 4665 e12.
