4198 6434
231 405 366 470 1477

1259 400 1626 461 ιιιιιειιυδ
1663 397 1764 457 AD
1798 394 2296 456 THEODOSIUM
2341 404 2453 456 ltm
2483 443 2495 456 .

3341 394 3479 460 H78

227 537 332 590 μον
372 517 483 570 τῶν
527 514 892 569 ἐκτελοῦντων
921 515 1202 569 διακονίαν
1229 519 1349 568 τινὰ
1378 516 1498 585 Θεῷ
1527 519 1606 578 εἰς
1634 515 1796 586 ὀργὴν

1909 513 2260 577 monachum,
2305 521 2398 566 au:
2438 513 2754 580 religiosum
2797 513 2998 568 laieum
3031 513 3293 580 honorat;
3350 517 3477 570 nul-

222 611 368 664 κατὰ
418 609 528 662 τῶν
574 610 743 674 ἀξίων
767 647 782 671 ,
846 607 960 660 ἀλλ’
993 607 1354 676 ἐνδυσάμενος
1381 608 1478 677 τὴν
1504 607 1803 680 ὑπεροψίαν

221 701 370 753 κατά
397 701 616 754 πάντων
639 737 655 764 ,
710 697 931 770 θαρρῶν
961 682 1086 760 τοῖξ
1105 699 1370 767 χρήμασι,
1412 698 1502 752 καί
1530 717 1692 752 τινων
1721 698 1803 751 δι-

220 791 591 860 εφθαρμένων
620 793 685 860 τῇ
722 789 901 860 ίσχύῖ,
955 789 990 860 ἢ
1043 789 1131 842 ἵνα
1161 789 1379 858 ἀφόϐως
1406 791 1666 860 εἴπωμεν,
1707 791 1804 844 καὶ

218 879 303 951 τῷ
353 881 608 952 ὑμετέρῳ
650 882 874 952 κράτει,
911 879 1088 933 ταῦτα
1119 882 1300 932 ποιεῖ’
1342 879 1602 950 ἀξιοῦμεν
1634 881 1803 950 μηδὲν

221 972 378 1042 αὖτῷ
426 974 570 1027 κατά
613 990 775 1026 τινων
823 973 1022 1038 ἐξεῖναι
1066 973 1276 1036 ποιεῖν,
1329 971 1426 1024 ἐάν
1468 973 1542 1042 μὴ
1588 972 1804 1041 πρῶτον

220 1063 514 1133 διόρθωσιν
561 1063 705 1135 λάϐῃ
752 1065 821 1118 τά
869 1064 1010 1118 κατά
1036 1066 1136 1134 τὴν
1160 1063 1440 1135 όρθόδοξον
1466 1064 1669 1129 πίστιν,
1717 1064 1799 1117 ἵνα

226 1155 306 1224 μὴ
336 1154 540 1223 ταύτην
568 1154 920 1227 διασκεδάσῃ,
967 1156 1062 1209 καὶ
1089 1155 1188 1226 τὴν
1217 1154 1382 1208 αὑτοῦ
1415 1156 1804 1228 παρεισαγάγῃ

221 1240 402 1294 ταῦτα
429 1241 618 1297 ποιῶν.
652 1237 774 1296 Οἵδε
802 1243 930 1315 γὰρ,
965 1244 1041 1306 ῶς
1069 1245 1260 1308 οἴεται,
1296 1244 1380 1298 ὅτι
1413 1245 1516 1299 κᾶν
1549 1245 1628 1315 τῷ
1653 1246 1803 1315 φόϐῳ

223 1333 458 1396 πολλοὺς
480 1335 760 1403 ἀμὸλυνας
787 1336 1071 1406 ἀποστήσῃ
1100 1335 1199 1406 τῆς
1221 1336 1475 1400 πίστεωςο
1503 1339 1596 1391 καὶ
1619 1337 1804 1390 λοιπὸν

222 1423 405 1494 εὑρὼν
432 1425 825 1495 ὁμογνώμονας
847 1428 1047 1491 αὑτοῦ,
1087 1427 1344 1502 παράσχῃ
1368 1429 1552 1492 αὐτοῖς
1579 1429 1801 1498 θάρσος,

221 1511 368 1564 ὥστε
418 1515 514 1566 καὶ
555 1515 659 1577 ἕως
694 1515 918 1585 πληγῶν
943 1516 1180 1588 δημοσίᾳ
1211 1519 1536 1588 ἐπιχειρεῖν,
1591 1519 1684 1572 καὶ
1725 1520 1802 1573 δι-

221 1605 416 1674 ωγμδδ
464 1609 661 1659 ποιεῖν.
714 1608 790 1660 Οὐ
829 1609 990 1678 μόνον
1029 1609 1088 1660 δὲ
1135 1609 1260 1671 τοὺς
1287 1609 1448 1662 αὐτοῦ
1475 1610 1637 1680 δῆθεν
1666 1611 1800 1681 κλη-

223 1700 437 1768 ρικοὺς,
461 1701 493 1770 ἤ
517 1703 1017 1769 συγκέλλους,ἀλλά
1047 1706 1139 1758 καὶ
1160 1706 1223 1760 ἐκ
1243 1706 1350 1760 τῶν
1376 1707 1575 1772 ἔξωθεν
1607 1724 1801 1778 παροι-

220 1787 364 1840 κιῶν
411 1790 783 1858 προσελάϐετό
829 1810 1016 1858 τινας,
1071 1790 1149 1857 οἷς
1198 1795 1433 1864 μάλιστα
1466 1797 1566 1850 οὐκ
1591 1799 1799 1863 ἔξεστιν

221 1869 370 1928 εἶναι
401 1876 546 1930 κατά
573 1879 701 1942 τοὺς
724 1880 1211 1950 ἐκκλησιαστικοὺς
1239 1885 1468 1948 κανόνας
1510 1889 1588 1948 εἰς
1613 1888 1796 1958 ἕτερον

217 1966 579 2022 ἐπισκοπεῖον
597 2009 612 2031 .
663 1971 698 2041 ἦ
749 1973 830 2036 είς
858 1972 1027 2044 ἀλλην
1057 1975 1352 2044 ἐκκλησίαν
1377 2015 1392 2039 ,
1444 1976 1559 2031 ἀλλ’
1583 1980 1794 2049 ἀνάγκη

214 2058 421 2123 αὐτοὺς
446 2061 528 2124 είς
552 2063 651 2124 τὰς
681 2063 816 2127 ίδίας
845 2065 1157 2136 παροικίας,
1193 2066 1226 2136 ἢ
1262 2067 1462 2133 πόλεις,
1493 2068 1624 2121 ὅπου
1653 2072 1797 2138 ἐχει-

219 2151 615 2223 ροτονήθησαν,
639 2156 801 2208 κάκεῖ
818 2158 1031 2228 ήσυσχῆ
1053 2158 1280 2226 διάγειν³
1303 2160 1389 2213 ἴνα
1415 2161 1490 2230 μὴ
1507 2162 1584 2231 τῷ
1603 2162 1798 2232 μακρῷ

215 2243 400 2314 χρόνῳ
429 2245 518 2299 διὰ
545 2245 646 2312 τῆς
674 2248 1010 2320 προσκαίρου
1039 2249 1387 2314 δυναστείας,
1433 2251 1573 2321 ἐρῴη
1604 2269 1797 2322 περισ-

217 2335 462 2406 σοτέρως
513 2339 547 2408 η
597 2339 946 2410 παρανομία,
998 2341 1094 2393 καὶ
1139 2341 1418 2413 ἐπιγραφῇ
1461 2344 1530 2413 τῇ
1557 2343 1797 2414 ὑμετέρᾳ

213 2425 496 2498 εὐσεσείᾳ’
531 2430 610 2492 είς
634 2429 794 2483 τοῦτο
818 2430 928 2500 γάρ
959 2431 1103 2502 ὑμᾶς
1123 2432 1276 2486 ἔθετο
1295 2434 1324 2484 ὁ
1347 2433 1478 2496 Θεὸς
1498 2433 1796 2500 διακόνους,

217 2515 364 2587 ὑπὲρ
394 2516 496 2586 τῆς
520 2516 679 2590 δόξης
706 2519 872 2572 αὑτοῦ
893 2521 989 2574 τοῦ
1010 2520 1333 2586 δοξάσαντος
1358 2525 1522 2592 ὑμᾶς,
1543 2526 1635 2578 καὶ
1653 2527 1799 2586 δοξά-

215 2606 409 2670 ζοντος
427 2649 442 2673 ,
495 2610 590 2662 καὶ
635 2611 978 2676 ἀποδιδόντος
1005 2613 1133 2684 ὑμῖν
1155 2614 1248 2666 τὸν
1275 2615 1465 2685 μισθὸν
1498 2617 1637 2686 μετά
1663 2620 1798 2670 πάν-

212 2715 332 2752 των
369 2701 480 2754 τῶν
522 2704 714 2770 ἁγίων,
751 2707 860 2758 τῶν
893 2705 1074 2770 καλῶς
1105 2706 1458 2776 φυλαξάντων
1489 2710 1590 2773 τὰς
1619 2712 1798 2780 ἐγχει-

219 2793 507 2864 ρισθείσας
553 2798 740 2860 αὐτοῖς
781 2798 1078 2863 διακονίας.
1141 2800 1282 2870 Πρὸς
1312 2799 1404 2867 οὓς
1439 2797 1627 2854 εἶπενο
1689 2800 1794 2864 Εὖ,

213 2891 406 2946 δοῦλε
451 2892 783 2962 ἀγαθὲ·καί
820 2895 1033 2960 πιστέ,
1087 2896 1185 2949 ἐπὶ
1213 2898 1386 2965 ὀλίγα
1422 2893 1497 2967 ἧς
1557 2897 1794 2963 πιστὸς,

213 2984 317 3036 ἐπὶ
343 2983 590 3037 πολλῶν
612 3001 686 3039 σε
716 2987 1096 3055 καταστήσω·
1114 2988 1353 3042 clm-:st
1373 2991 1456 3051 εἰς
1475 2990 1589 3054 τὴν
1607 2992 1799 3057 χαρὰν

211 3073 329 3127 τοῦ
367 3075 589 3143 Κυρίου
619 3091 758 3132 σου.
809 3078 873 3130 οι
907 3078 1074 3142 ὅντως
1102 3080 1420 3149 Χριστιανοὶ
1447 3080 1652 3143 τούτοις
1683 3085 1796 3144 τοῖς

1909 605 2015 658 lam
2051 621 2268 673 poenam
2301 606 2505 673 iniquis
2538 606 2816 659 decretam
2849 606 3132 671 formidat,
3158 608 3362 661 nullam
3385 608 3482 664 de-

1905 695 2074 762 nique
2099 695 2274 762 legem
2299 696 2680 749 ministrorum
2709 696 2800 749 ira:
2834 697 3035 751 divinze
3073 697 3129 751 in
3173 699 3296 767 ejus
3349 714 3480 768 pro-

1903 797 2220 841 vocatores:
2276 789 2372 842 sed
2408 789 2670 857 superbia
2699 804 2806 858 qua
2857 805 3052 845 omnes
3095 793 3475 862 parvipendit,

1902 877 2104 937 elatus,
2164 878 2526 947 pecuniisquc
2565 887 2623 932 et
2675 888 3067 947 corruptorum
3105 881 3476 950 quorumdam

1905 965 2190 1020 hominum
2216 971 2461 1036 potentia
2501 967 2708 1032 fretus;
2747 981 2823 1030 et,
2867 978 2928 1022 ut
2981 970 3152 1025 libere
3194 971 3342 1040 quod
3389 987 3478 1025 res

1902 1065 2008 1121 est,
2037 1057 2308 1118 dicamus,
2370 1068 2554 1111 vestra
2613 1073 2834 1127 quoque
2875 1059 3252 1114 dominatione
3299 1061 3478 1116 fretus

1903 1148 2018 1202 haec
2049 1148 2203 1202 facit.
2268 1149 2534 1211 Petimus,
2580 1151 2828 1219 inquam,
2867 1166 2936 1205 ne
2967 1151 3269 1220 quidquam
3318 1153 3478 1208 dein-

1903 1255 2034 1309 ceps
2065 1240 2118 1293 in
2143 1242 2458 1310 quempiam
2515 1241 2596 1294 illi
2641 1243 2826 1304 liccat,
2861 1244 2964 1298 nisi
3009 1245 3244 1313 primum
3279 1247 3474 1299 ortho-

1904 1331 2061 1386 doxa:
2111 1332 2241 1385 ﬁdei
2275 1333 2483 1387 veritas
2513 1336 2872 1388 enuelectur:
2933 1353 3025 1396 ne,
3075 1337 3220 1404 quod
3272 1338 3475 1392 obnixo

1902 1425 2108 1490 studet,
2134 1425 2238 1479 hac
2265 1426 2489 1494 penitus
2515 1425 2780 1494 dissipata
2803 1442 3128 1495 eversaque,
3166 1443 3319 1482 suam
3345 1444 3477 1497 pau-

1902 1517 2055 1572 latim
2114 1516 2455 1571 introdueat.
2512 1517 2920 1570 Animadvertit
2954 1521 3127 1581 enim,
3175 1536 3314 1588 quos
3365 1522 3474 1575 alia

1903 1610 2118 1664 ratione
2151 1626 2258 1664 non
2295 1618 2497 1680 potest,
2531 1625 2629 1664 eos
2659 1610 2858 1664 timore
2890 1625 2920 1663 a
2979 1611 3085 1664 ﬁde
3135 1622 3383 1665 avertere
3414 1630 3472 1667 se

1901 1716 2090 1770 posse:
2123 1711 2184 1755 ut
2243 1718 2356 1756 sua:
2390 1702 2682 1757 sententiae
2713 1703 2882 1757 semel
2938 1704 3228 1773 adjunctus
3275 1707 3347 1758 ita
3386 1706 3472 1759 iu-

1903 1792 2167 1854 ﬁammet,
2197 1803 2256 1847 ut
2280 1796 2516 1849 verbera
2545 1811 2770 1865 quoque
2800 1796 3006 1867 quibus
3031 1797 3253 1850 libitum
3304 1799 3475 1852 fuerit

1902 1886 2120 1954 publice
2173 1886 2378 1940 inferre
2409 1887 2670 1952 audeant,
2722 1895 2778 1942 et
2831 1887 3272 1956 persecutionem
3321 1892 3472 1943 exci-

1903 1987 2016 2032 tare
2046 1993 2156 2030 non
2178 1977 2454 2032 dubitent.
2487 1978 2678 2046 Neque
2707 1993 2842 2032 vero
2868 1995 3092 2032 suorum
3127 1990 3474 2044 tantum,aut

1901 2069 2336 2124 domesticorum
2371 2083 2539 2138 opera
2575 2069 2908 2123 clericorum
2949 2085 3069 2123 eam
3118 2071 3184 2124 ad
3222 2087 3333 2124 rem
3368 2072 3476 2124 uti-

1901 2170 2013 2224 tur,
2047 2177 2241 2214 verum
2278 2163 2646 2222 quorumdam
2681 2176 2903 2230 quoque
2945 2162 3015 2215 ab
3056 2164 3262 2216 exteris
3299 2179 3476 2232 parur-

1898 2253 2000 2306 ciis
2054 2262 2111 2306 et
2141 2252 2480 2306 dimcesibus
2518 2255 2854 2316 ascitorum;
2910 2253 3115 2321 quibus
3148 2265 3328 2308 tamen
3385 2271 3472 2308 se-

1899 2343 2142 2397 cundum
2167 2343 2578 2397 ecclesiasticos
2607 2358 2850 2397 canones
2871 2343 2924 2397 in
2941 2345 3121 2398 alieno
3151 2346 3471 2414 episc0patu

1899 2437 1985 2490 vel
2015 2436 2252 2490 ecclesia
2284 2435 2486 2505 degere
2529 2451 2638 2489 non
2676 2437 2828 2499 licet,
2885 2437 2981 2491 sed
3043 2439 3359 2492 necessario
3419 2441 3472 2494 in

1899 2531 1966 2584 iis
2016 2531 2155 2584 locis
2182 2537 2240 2584 et
2292 2530 2630 2593 civitatibus,
2690 2531 2855 2599 idque
2908 2531 3120 2599 quiete,
3175 2531 3230 2585 iu
3267 2532 3473 2601 quibus

1899 2617 2142 2674 ordinati
2160 2631 2327 2673 sunt:
2356 2635 2423 2673 ne
2456 2635 2625 2673 mora:
2655 2619 3044 2684 diuturnitate,
3078 2630 3470 2690 tcmporanea-

1899 2725 2006 2779 que
2072 2710 2318 2780 potentia
2374 2711 2676 2778 nequitiam
2744 2727 2899 2765 suam
2961 2714 3127 2767 latius
3185 2724 3469 2783 propaget,

1898 2797 2168 2868 vobisque
2218 2798 2270 2852 id
2319 2798 2655 2860 ascribatur,
2703 2815 2843 2867 quos
2887 2801 2959 2854 ob
3014 2801 3067 2854 id
3103 2801 3157 2854 in
3189 2801 3473 2856 ministros

1901 2889 2043 2947 Deus
2074 2893 2393 2961 assumpsit,
2428 2902 2488 2945 ut
2551 2893 2700 2947 illius
2733 2894 2962 2964 gloriam
2995 2904 3218 2950 strenue
3262 2913 3470 2966 propu-

1898 2981 2098 3051 gnetis,
2127 2981 2222 3051 qui
2251 2983 2450 3037 illustri
2470 2983 2681 3038 honore
2708 2999 2807 3038 vos
2833 2987 3161 3048 cumulavit,
3193 2996 3249 3041 et
3271 3002 3470 3041 cumu-

1897 3075 2008 3138 lat;
2065 3074 2334 3143 vobisque
2369 3090 2494 3129 cum
2540 3075 2799 3130 omnibus
2843 3079 3070 3142 sanctis,
3122 3077 3217 3145 qui
3267 3094 3472 3133 munus

214 3163 399 3231 λόγοις
448 3165 538 3219 διὰ
584 3165 691 3219 τῶν
731 3166 912 3238 ἔργων
956 3168 1340 3223 πιστεύουσινο
1402 3170 1450 3222 οἱ
1485 3171 1540 3224 ὂέ
1580 3174 1796 3224 ἄπιστοι

1901 3177 2063 3216 suum
2107 3163 2363 3232 praeclare
2404 3164 2683 3226 obierunt,
2729 3166 3040 3220 mercedem
3072 3175 3321 3236 tempore
3367 3183 3469 3224 suo

211 3255 313 3308 καὶ
339 3258 881 3327 άπερῤιμμένοι,καὶ
908 3261 974 3329 τῇ
1005 3260 1214 3312 ἐαυτῶν
1244 3259 1423 3330 κοιλία
1449 3261 1672 3323 ζῶντες,
1704 3263 1798 3314 καὶ

211 3348 298 3409 εἰς
353 3347 484 3400 αὐτὸ
533 3349 693 3402 τοῦτο
726 3350 1267 3422 προσκαρτεροῦντες
1291 3393 1305 3413 ,
1367 3352 1460 3403 ἐάν
1494 3354 1798 3405 ἀκούσωσιν

209 3435 584 3506 ὁμολογοῦντά
619 3455 742 3494 τινα
761 3477 777 3500 ,
803 3440 896 3492 τὸν
921 3441 1154 3510 Χριστὸν
1182 3436 1321 3493 εἶναι
1345 3441 1497 3504 Θεὸν,
1518 3442 1795 3510 διαπρίον-

210 3544 344 3594 ται,
380 3528 456 3592 ὡς
487 3529 538 3582 οί
567 3528 692 3584 τότε
753 3530 997 3584 Ἰουδαῖοι
1024 3532 1280 3602 συνέσχον
1319 3532 1390 3585 τά
1447 3526 1560 3585 Cum
1591 3533 1792 3598 αὐτῶν,

208 3620 313 3675 τοῦ
341 3621 500 3690 ἀγίου
529 3621 808 3691 Στεφάνου
857 3623 954 3676 τοῦ
992 3624 1462 3696 πρωτομάρτυρος
1501 3624 1794 3695 διηγουμέ-

209 3730 344 3778 νου,
405 3713 488 3768 δτι
537 3714 761 3782 Θεωρῶ,
804 3714 960 3786 φησὶ,
1012 3714 1156 3781 τοὺς
1177 3715 1474 3783 οὐρανοὺς
1504 3716 1796 3785 ἀνεῳγμέ-

209 3821 364 3870 νους
381 3845 396 3867 ,
456 3805 554 3858 καὶ
604 3806 714 3859 τὸν
759 3805 898 3858 Υιὸν
948 3804 1056 3860 τοῦ
1101 3805 1416 3874 ἀνθρώπου
1465 3806 1534 3860 ἐκ
1580 3807 1795 3869 δεξιῶν

210 3893 447 3950 ἕστῶτα
460 3895 569 3950 τοῦ
587 3896 845 3964 ἀοράτου
870 3896 1202 3952 Θεοῦ.οὓτω
1221 3898 1314 3952 καὶ
1337 3891 1485 3952 οὗτοι
1509 3897 1790 3970 διαπρξον-

210 4003 303 4040 ⁶ται
365 3987 507 4041 κατά
586 3987 696 4041 τῶν
773 3988 1154 4058 Χριστιανῶν,
1222 3989 1315 4042 καὶ
1370 3989 1552 4046 πάντα
1623 3992 1795 4063 θυμὸν

211 4078 614 4144 σπουδάζουσιν
640 4078 902 4136 ἐκτελεῖν.

1902 3255 2118 3309 reddet.
2147 3253 2357 3319 Quibus
2379 3253 2582 3307 etillud
2610 3270 2828 3322 quoque
2859 3255 3113 3311 dicturus
3135 3266 3255 3311 est:
3297 3258 3468 3329 Euge,

1897 3363 2044 3401 serve
2071 3347 2200 3399 bone
2233 3355 2280 3398 et
2313 3347 2480 3412 fidi-tis
2502 3363 2692 3415 ςειιγιθν
2731 3365 2900 3416 pauca
2931 3349 3075 3416 fuisti
3107 3349 3472 3421 lidelis,mper

1899 3439 2070 3492 multa
2103 3449 2152 3492 te
2212 3441 2527 3492 constituam
2565 3455 2583 3492 :
2647 3442 2788 3493 intra
2846 3441 2902 3492 in
2954 3423 3206 3512 gaudium
3257 3442 3473 3496 homini

1899 3534 2035 3585 tui’.
2105 3529 2207 3596 Qui
2270 3531 2384 3583 veri
2439 3529 2741 3585 Christiani
2815 3541 2965 3594 sunt,
3021 3532 3057 3585 ii
3117 3549 3216 3603 per
3274 3550 3464 3603 opera,

1897 3632 2165 3693 quantum
2196 3622 2523 3677 Christianae
2550 3624 2817 3677 doctrina:
2847 3624 3116 3685 tribuant,
3139 3629 3464 3680 ostendunt.

1896 3718 1966 3771 At
1987 3732 2122 3770 vero
2161 3714 2415 3769 inﬁdeles
2442 3722 2496 3768 et
2526 3716 2747 3785 abjeeti,
2785 3717 2878 3784 qui
2919 3717 3098 3771 ventri
3118 3733 3219 3771 suo
3247 3719 3465 3778 vivunt,

1895 3816 1953 3862 et
1978 3807 2044 3862 ad
2072 3807 2221 3861 hunc
2242 3821 2470 3876 scopum
2499 3808 2684 3860 omnia
2714 3800 2822 3861 sua
2867 3806 3049 3860 studia
3089 3807 3358 3870 referunt,
3388 3809 3466 3862 illi

1898 3900 2128 3968 siquem
2174 3895 2453 3951 Christum
2508 3895 2678 3949 Deum
2730 3910 2852 3950 esse
2881 3895 3128 3964 proﬁteri
3161 3895 3465 3957 audierint,

1899 3991 2048 4044 illico
2072 3988 2442 4042 dissecantur.
2475 3986 2541 4040 Et
2559 3987 3022 4055 quemadmodum
3054 3987 3251 4048 Judaei,
3276 3998 3467 4041 sancto

1901 4081 2182 4149 Stephano
2210 4087 2611 4150 protomartyre
2639 4087 2930 4133 narrante:
2970 4079 3103 4133 Ecce
3150 4081 3295 4132 ιιίιίρο
3315 4080 3466 4133 caele:

210 4179 448 4242 apertos,
478 4179 528 4224 et
550 4168 746 4224 Filium
779 4169 1006 4224 hominis
1031 4178 1258 4224 stantem
1290 4188 1325 4226 α
1366 4171 1565 4225 dextris
1603 4172 1876 4226 invisibilis
1917 4171 2011 4224 Dei
2038 4170 2081 4234 ⁸,
2129 4184 2294 4224 aures
2344 4183 2472 4222 suas
2525 4168 2919 4223 continebant:
2971 4167 3044 4222 ita
3089 4178 3147 4223 et
3197 4169 3286 4223 isti
3324 4184 3466 4236 quo-

211 4281 323 4338 que
364 4266 419 4320 in
451 4263 798 4320 Christianos
853 4265 1116 4321 dentibus
1162 4265 1440 4330 frendent,
1464 4281 1796 4337 omnemque
1826 4268 2069 4321 furorem
2098 4278 2258 4318 suum
2289 4262 2344 4316 in
2367 4263 2491 4316 illos
2521 4262 2744 4330 explere
2781 4262 3056 4316 laborant.

284 4364 363 4424 ς’.
405 4358 692 4429 ’Δξιοῦμεν
713 4355 807 4414 οὗν
832 4361 1062 4432 προνοίᾳ
1087 4361 1181 4412 τοῦ
1207 4360 1793 4431 μεγαλοπρεπεστάτου

211 4450 460 4521 ἐπάρχου
492 4449 594 4520 τῆς
620 4450 747 4515 νέας
777 4451 1001 4522 Ῥώμης
1035 4451 1343 4505 κωλύεσθαι
1369 4452 1499 4515 τοὺς
1526 4451 1667 4506 κατὰ
1687 4453 1794 4506 τῶν

1964 4360 2024 4414 ν.
2069 4359 2347 4428 Rogamus
2384 4355 2636 4425 proinde,
2668 4365 2730 4408 ut
2758 4351 3287 4424 magniﬁcentissimi
3323 4368 3463 4420 pra)-

1895 4452 2023 4507 l'ecti
2049 4466 2206 4505 nova:
2226 4450 2413 4504 Romae
2453 4446 2820 4518 providentia,
2847 4454 3270 4513 compescantur
3302 4445 3336 4498 ii
3370 4445 3462 4512 qui

211 4539 515 4613 όρθοδόξων
561 4542 1069 4612 ἐπανισταμένους,
1127 4543 1224 4594 καὶ
1269 4544 1544 4612 προφάσει
1586 4543 1794 4598 δικαιο-

1897 4543 2160 4596 adversus
2199 4538 2539 4593 orthodoxos
2591 4537 2904 4606 insurgunt,
2953 4543 3005 4588 et
3035 4533 3139 4589 sub
3193 4546 3465 4603 praetextu

212 4632 450 4703 λογιῶν,
491 4632 568 4698 ῶς
610 4650 812 4702 φασιν,
859 4631 1273 4705 ἐπιχειροῦντας
1315 4635 1457 4688 κατά
1491 4651 1657 4701 τινος,
1688 4635 1793 4700 ἕως

211 4727 304 4781 ὅτε
337 4725 408 4780 τά
434 4725 534 4797 τῆς
565 4726 802 4789 πίστεως
827 4726 1112 4796 διόρθωσιν
1136 4726 1319 4780 λάϐοιο
1359 4729 1408 4780 εἰ
1433 4727 1489 4780 δέ
1520 4727 1796 4798 παρακού-

215 4836 384 4884 σετε,
444 4817 601 4890 ἡμῶν
658 4818 1066 4891 ἀμελήσαντες,
1124 4820 1614 4891 διαμαρτυρόμιθα
1665 4822 1795 4892 ὑμῖν

213 4910 452 4965 ἐνώπιον
480 4909 576 4963 τοῦ
607 4909 873 4979 βασιλέως
902 4909 1008 4964 τῶν
1030 4909 1264 4976 αἰώνων,
1294 4910 1600 4983 ἀφθάρτου,
1629 4911 1796 4984 ἀορά-

213 5019 310 5056 του
331 5041 350 5068 ,
390 5001 554 5072 μόνον
581 5000 750 5072 σοφοῦ
773 5001 910 5055 Θεοῦ
930 5041 947 5066 ,
981 5000 1079 5055 τοῦ
1105 5000 1354 5064 ἐλθόντος
1385 5003 1479 5056 καὶ
1504 5002 1793 5070 ἐπιφανένο

212 5111 329 5158 τος,
359 5094 437 5158 ὡς
462 5093 720 5163 ἠθέλησε,
751 5092 841 5148 διά
866 5094 968 5165 τὴν
991 5094 1267 5166 σωτηρίαν
1292 5094 1472 5164 ἡμῶν,
1507 5094 1605 5149 καὶ
1633 5094 1795 5148 πάλιν

215 5185 520 5258 ἐρχομένου
563 5187 748 5256 κρῖναι
776 5185 989 5251 ζῶντας
1021 5186 1117 5241 καὶ
1141 5186 1404 5259 νεκροὺς,
1461 5179 1508 5256 ᾧ
1549 5187 1794 5256 κάμπτει

215 5281 326 5332 πᾶν
379 5277 508 5346 γόνυ
564 5279 935 5347 ἐπουρανίων,
995 5279 1088 5332 καὶ
1135 5279 1424 5346 ἐπιγείων,
1479 5280 1576 5333 καὶ
1623 5297 1794 5333 κατα-

215 5369 447 5440 χθονίων
473 5411 489 5432 ,
548 5371 643 5424 καὶ
689 5373 835 5425 πᾶσα
872 5370 1092 5440 γλῶσσα
1133 5370 1588 5441 ἐξομολογήσεται
1617 5371 1792 5441 αὐτῷ,

213 5465 296 5515 ὃτι
343 5461 514 5516 ἀθῶοί
559 5465 746 5526 ἐσμεν.
797 5464 989 5534 Ἡμεῖς
1019 5463 1129 5534 γάρ
1161 5464 1302 5533 ὑμᾶς
1335 5463 1788 5534 παρεκαλέσαμεν

214 5554 346 5623 περὶ
376 5553 595 5607 συνόδου
627 5555 1042 5624 οίκουμενικῆς,
1095 5555 1189 5624 τῆς
1217 5555 1522 5625 δυναμένης
1548 5555 1790 5626 ἀκριϐῶς

214 5644 486 5711 κρατῦναι
543 5647 638 5699 καὶ
687 5645 994 5718 άνορθῶσαι
1057 5647 1127 5700 τὰ
1177 5647 1551 5718 σαλευόμενα,
1613 5647 1791 5701 εῖτουν

1893 4632 2040 4702 quod
2065 4647 2123 4686 se
2158 4629 2485 4694 defendunt,
2519 4637 2578 4682 ut
2607 4630 2782 4685 aiunt.
2807 4643 2918 4682 non
2955 4629 3146 4695 paucis
3173 4627 3464 4692 insultant;

1893 4724 2072 4778 donec
2095 4738 2159 4777 ea
2208 4721 2394 4776 omnia
2436 4736 2558 4790 qua:
2589 4722 2656 4775 ad
2689 4721 2849 4775 ﬁdem
2883 4722 3188 4790 pertinent,
3244 4736 3468 4790 compo-

1892 4825 2114 4870 nantur.
2139 4813 2294 4881 Quod
2329 4814 2375 4868 si
2393 4823 2640 4868 nostram
2665 4813 3128 4882 supplicationem
3160 4827 3263 4882 pro
3287 4815 3468 4869 nihilo

1893 4905 2221 4969 habueritis,
2260 4919 2360 4959 vos
2394 4919 2580 4958 coram
2606 4902 2905 4958 immortali
2944 4903 3272 4958 saeculorum
3298 4904 3464 4974 Rege,

1893 4997 2181 5060 invisibili,
2210 4997 2329 5052 solo
2367 4995 2616 5065 sapiente
2660 4997 2772 5050 Deo
2801 4995 2844 5059 δ,
2883 4997 2978 5065 qui
3019 5005 3221 5051 nostra:
3276 4996 3470 5051 salutis

1891 5105 2057 5146 causa
2085 5088 2394 5152 descendit,
2420 5096 2496 5154 et,
2520 5095 2582 5141 ut
2604 5087 2800 5150 voluit,
2827 5088 2972 5143 inter
2997 5089 3253 5142 homines
3303 5102 3470 5156 appa-

1895 5186 2030 5250 ruit,
2067 5196 2124 5242 et
2161 5185 2230 5241 ad
2251 5183 2613 5255 iudicandum
2641 5186 2798 5238 vivos
2850 5193 2906 5239 et
2932 5194 3184 5239 mortuos
3211 5185 3232 5215 ⁸
3265 5184 3466 5237 iterum

1895 5287 2168 5332 venturus
2230 5286 2352 5342 est;
2407 5277 2496 5330 cui
2527 5292 2692 5332 omne
2744 5293 2884 5345 genu
2936 5277 3471 5340 incurvatur,cmle-

1893 5370 2083 5433 stium,
2109 5370 2454 5424 terrestrium
2503 5379 2559 5424 et
2586 5369 2968 5435 infernorum;
2997 5377 3053 5422 et
3085 5369 3464 5439 omnislingua

1896 5464 2190 5519 conﬁtetur
2214 5465 2270 5522 ες
2305 5463 2634 5518 innocentia:
2673 5477 2873 5517 nosua:
2907 5471 3072 5517 testes
3105 5462 3464 5531 appellamus.

1897 5556 2007 5612 Nos
2030 5558 2178 5611 enim
2203 5571 2302 5610 vos
2332 5556 2400 5609 de
2427 5558 2771 5611 mcumenica
2797 5554 3008 5624 synodo
3034 5555 3279 5624 cogenda
3307 5569 3467 5624 roga-

1896 5648 2100 5714 vimus,
2130 5663 2252 5717 quae
2285 5648 2567 5718 aptissime
2594 5656 2781 5717 posset
2804 5646 3160 5702 constabilirc
3178 5653 3233 5698 et
3253 5644 3467 5714 erigere

289 5798 310 5829 ι
342 5798 531 5853 Matth.
587 5816 708 5854 xxv.
741 5801 830 5856 εδ.
908 5803 928 5834 ³
972 5801 1091 5857 Act.
1131 5816 1185 5867 v,
1221 5780 1342 5858 57.’
1382 5800 1449 5855 ιι
1488 5800 1627 5856 Tim.
1660 5819 1698 5866 l,
1747 5803 1796 5854 ιι

1908 5805 1927 5836 ⁵
1961 5803 2079 5858 Act.
2121 5818 2172 5862 ι,
2219 5802 2305 5857 42.
2385 5805 2406 5836 ⁸
2443 5802 2678 5874 Philipp.
2728 5819 2786 5869 ιι,
2842 5805 2926 5859 10.
