4198 6434
233 397 252 456 1
265 397 370 457 485

1497 387 1594 448 DE
1635 386 2218 445 INCARNATIONE.

3309 391 3446 454 “Si?

225 509 386 573 φαίου
409 505 513 557 τῶν
537 502 1132 568 ἀποστέ).ιι›ν,⁹Ετοιμοι.
1161 495 1450 567 γενώμεθα
1470 495 1617 560 πρὸς
1642 494 1791 547 ἀπο·
1822 505 1865 556 Α

1786 524 1791 534 -
1822 505 1865 556 Α
1893 499 2303 565 satisfactionem
2330 499 2470 550 omni
2491 501 2715 568 poscenti
2754 513 2846 550 nos
2879 499 3134 552 rationem
3153 501 3216 551 de
3237 517 3300 552 ea
3330 519 3444 570 qua!

221 599 442 664 ,λογίαν
479 597 570 649 ἀεὶ
603 634 618 656 ,
647 596 826 646 παντὶ
859 592 938 657 τῷ
969 589 1230 644 αἰτοῦντι
1264 587 1418 658 ἡμᾶς
1438 589 1624 654 λόγον
1656 588 1787 653 περὶ

224 687 336 753 τῆς
360 689 430 739 ἐν
444 686 589 752 ἡμῖν
612 685 882 748 ἐλπίδος,
906 682 1054 750 μετὰ
1083 681 1420 748 πραΰτητος
1447 679 1541 730 καὶ
1574 679 1783 745 φόϐου,

222 778 588 842 συνείδησιν
610 777 856 843 ἔχοντες
879 773 1126 839 ἀγαθήν·
1151 772 1237 824 ἵνα
1275 771 1333 821 ἒν
1365 769 1473 820 τῶν
1515 769 1789 837 ὁποτέρων

224 871 446 929 πάντως
469 869 602 936 ἡμῖν
638 864 857 934 ὑπάρξῃ
887 863 979 915 διὰ
1020 863 1119 931 τῆς
1169 861 1425 928 τοιαύτης
1477 859 1788 923 ἀξιεπαίνου

225 959 488 1026 σπουδῆς,
520 958 553 1027 ἢ
583 957 644 1008 τὸ
674 955 868 1017 σώζειν
904 953 1026 1014 τοὺς
1061 949 1501 1017 ἀποδιορίζοντας
1539 949 1787 1008 ἑαυτοὺς,

223 1049 324 1099 καὶ
353 1048 416 1099 ὲκ
448 1048 547 1115 τῆς
578 1048 820 1114 πονηρᾶς
851 1043 1174 1112 διακρίσεως
1195 1041 1395 1110 ταύτης
1411 1041 1608 1100 αὐτοὺς
1636 1039 1791 1108 ἐξαρ-

223 1135 443 1198 πάζειν,
483 1135 628 1187 καθά
670 1134 980 1202 παραινεῖὸ
1017 1131 1134 1182 κατ’
1161 1127 1392 1196 ἐπίκλην
1430 1125 1655 1193 ἀδελφὸς
1696 1125 1788 1177 τοῦ

225 1224 436 1291 Κυρίου
469 1223 542 1291 ’ἢ
587 1223 635 1273 εἰ
676 1221 752 1290 μὴ
811 1218 1005 1280 τοῦτο,
1042 1217 1147 1270 κᾶν
1188 1216 1566 1287 ἀπορράπτειν
1612 1213 1792 1267 αὐτῶν

225 1318 406 1384 στόμα
439 1317 552 1376 τοῖς
579 1314 807 1376 δικαίοις
833 1313 1094 1380 ἐλέγχοις,
1131 1309 1207 1370 ὡς
1252 1307 1386 1379 μηδὲ
1417 1306 1607 1375 καιρὸν
1647 1304 1790 1373 ἔχειν

223 1408 426 1468 dia-toi);
475 1403 901 1476 ἀθυρογλωττείν
948 1401 1092 1454 κατά
1153 1400 1250 1468 τῆς
1303 1398 1583 1469 ἀληθείας.
1629 1399 1694 1449 Ὅ
1734 1397 1790 1448 δὲ

220 1496 434 1548 τούτων
486 1493 811 1564 τιμιώτερόν
856 1507 915 1543 τε
951 1490 1049 1544 καὶ
1089 1488 1291 1559 μεῖζον,
1330 1488 1417 1541 ἵνα
1451 1489 1614 1557 ἡμεῖς
1639 1487 1793 1539 αὐτοὶ

223 1589 588 1655 γινώσκιυμεν
639 1585 733 1636 καὶ
781 1579 1323 1651 πεπληροφορήμεθα
1355 1579 1440 1646 ἐφ’
1469 1579 1558 1648 οἵᾳ
1611 1577 1794 1630 πίστει

218 1680 540 1747 ἑστήκαμεν
570 1676 663 1730 καὶ
689 1674 1040 1744 καυχώμεθα,
1077 1670 1580 1742 παρῤησιαζόμενοί
1609 1686 1666 1722 τε
1701 1672 1794 1722 καὶ

222 1767 817 1838 ὲλευθεροστομοῦντες
869 1768 934 1836 τῇ
985 1764 1156 1832 αὐτῆς
1207 1761 1486 1832 ὁμολογίᾳ,
1515 1756 1576 1814 οὗ
1632 1767 1793 1832 χάριν

1889 589 1942 639 in
1967 588 2107 639 nobis
2134 601 2208 640 est
2234 604 2342 656 spe,
2369 605 2485 642 cum
2501 591 2752 643 modestia
2777 600 2825 643 et
2853 591 3056 652 timore,
3081 594 3446 646 conscientiam

1889 676 2132 728 habentes
2162 677 2354 728 bonam
2391 679 2414 715 δ
2452 693 2465 729 :
2500 686 2557 728 ut
2586 677 2690 731 hoc
2712 677 2975 732 laudabili
3006 678 3192 730 studio
3217 679 3448 732 alterum

1888 768 2124 820 duorum
2149 767 2374 820 omnino
2398 781 2771 834 assequamur,
2790 779 2848 821 ut
2880 769 2963 820 vel
2997 783 3095 822 eos
3115 769 3294 821 salvos
3329 770 3452 821 red-

1889 858 2084 910 damus
2103 855 2533 924 quisemctipsos
2571 867 2854 927 segregant
2874 867 2930 912 et
2951 874 2981 911 a
3007 859 3146 911 mala
3195 872 3448 925 segrega-

1893 954 2038 1003 tione
2062 965 2179 1008 eos.
2209 959 2464 1018 tanquam
2481 965 2548 1002 ex
2563 949 2686 1018 igne
2709 957 2926 1018 ereptos
2959 948 3252 1016 rapiamus,
3280 957 3342 1000 ut
3362 947 3452 998 ille

1889 1039 1982 1108 qui
2023 1041 2190 1092 frater
2237 1039 2453 1093 Domini
2478 1049 2721 1101 vocatur,
2755 1040 3055 1093 admoneth
3088 1057 3103 1092 :
3133 1051 3228 1094 aut
3267 1042 3311 1095 si
3343 1057 3450 1094 non

1892 1129 2014 1190 hoc,
2041 1144 2102 1182 os
2122 1144 2312 1182 eorum
2328 1130 2519 1184 saltem
2545 1130 2707 1198 justis
2723 1129 3058 1200 argumentis
3082 1130 3451 1193 obstruamus.

1893 1229 1952 1271 ut
1976 1235 2086 1272 non
2117 1220 2354 1273 habeant
2406 1233 2624 1288 tempus
2667 1222 2885 1275 laxandi
2923 1236 2985 1274 os
3024 1230 3217 1274 contra
3262 1220 3453 1274 Eccle-

1893 1311 2066 1373 siam;
2101 1310 2330 1378 etquod
2365 1311 2561 1364 melius
2593 1326 2657 1364 ac
2705 1311 3058 1379 praestantius
3083 1319 3198 1366 est.
3236 1313 3316 1362 uti
3353 1325 3454 1362 nos

1895 1401 1999 1470 ipsi
2059 1416 2455 1471 cognoscamus
2487 1411 2544 1455 et
2582 1411 2738 1456 certo
2786 1405 3045 1466 sciamus,
3099 1403 3152 1454 in
3193 1417 3299 1470 qua
3348 1401 3454 1454 ﬁde

1894 1502 2123 1555 stemus,
2157 1501 2210 1547 et
2234 1493 2534 1562 gloriemur
2556 1509 2676 1546 eam
2707 1492 3057 1546 conﬁtentes.
3087 1493 3165 1546 Ex
3190 1509 3298 1559 quo
3337 1493 3451 1553 ﬁat.

1894 1592 1955 1635 ιιι
1976 1598 2072 1636 eos
2104 1583 2199 1652 qui
2223 1583 2630 1646 contradicunt,
2663 1581 3025 1636 declinemus.
3063 1580 3454 1649 Conjecturant

1895 1688 2031 1726 tero
2078 1673 2241 1736 facio,
2285 1690 2410 1728 cum
2455 1675 2634 1728 aderit
2689 1684 2907 1741 tempus
2952 1671 3452 1733 remunerationis.

1895 1765 2175 1832 copiosius
2225 1778 2352 1818 esse
2395 1767 2828 1818 remunerandos
2860 1779 2976 1825 eos,
3031 1763 3127 1832 qui
3195 1765 3454 1828 scienter,

222 1861 356 1920 τοὺς
403 1859 578 1929 ταύτῃ
627 1855 1036 1924 ἀντικειμένους
1081 1851 1556 1922 ἀποστρεφόμεθα.
1590 1853 1789 1919 Στοχά-
1828 1825 1866 1877 Β

1828 1825 1866 1877 Β
1896 1856 2052 1909 lirme
2088 1872 2153 1910 ac
2181 1864 2504 1909 constanter
2526 1856 2785 1924 pietatem
2827 1858 2880 1910 in
2930 1856 3098 1909 Deum
3139 1857 3453 1918 coluerunt,

224 1950 396 2022 ζομαι
427 1951 484 2002 δὲ
527 1951 608 2001 ὅτι
657 1950 750 2002 καὶ
799 1946 939 2000 κατά
981 1945 1075 1998 τὸν
1129 1944 1320 2013 καιρὸν
1365 1943 1462 2012 τῆς
1495 1942 1792 1996 ἀνταποδό-

226 2057 392 2102 σεως,
424 2038 624 2108 μείζων
645 2041 673 2091 ό
706 2037 893 2108 μισθὸς
916 2037 1066 2088 ἔσται
1095 2035 1189 2088 καὶ
1233 2035 1266 2103 ὴ
1309 2031 1547 2101 ἀποδοχὴ
1594 2031 1794 2083 πλείων

223 2135 342 2194 τοῖς
390 2131 528 2200 μετά
576 2128 832 2197 γνώσεως
864 2125 1161 2197 ἐμμελοῦς,
1201 2124 1484 2195 ἀραρότως
1506 2123 1599 2175 καὶ
1633 2124 1794 2193 ἑδρα-

227 2221 447 2290 σμὲνως
480 2221 758 2290 ἐχομένοις
781 2219 881 2288 τῆς
911 2218 1212 2281 εὐσεϐείας,
1243 2217 1354 2270 τῶν
1384 2215 1568 2278 ἁπλῶς
1597 2218 1690 2268 καὶ
1719 2216 1796 2278 ὡς

226 2317 424 2385 ἔτυχεν
468 2316 532 2367 ὲκ
574 2311 1058 2383 πατροπαραδότου
1119 2309 1408 2380 συνηθείας
1452 2310 1510 2361 ἐν
1554 2313 1621 2378 τῇ
1657 2310 1792 2378 αὐτῇ

227 2407 414 2460 πίστει
441 2404 878 2474 γνωριζομένων.
911 2403 976 2455 Οἱ
1009 2400 1109 2472 μὲν
1132 2399 1242 2472 γάρ
1269 2401 1409 2455 κατὰ
1445 2399 1795 2469 συμϐεϐηκὸς

230 2500 420 2569 μόνον,
453 2500 501 2550 οἱ
523 2499 580 2550 δὲ
607 2496 703 2549 καὶ
730 2495 836 2548 ἀπὸ
854 2493 1089 2556 διανοίας
1115 2494 1209 2547 καὶ
1235 2492 1463 2562 γνώμης
1492 2492 1674 2544 πιστοὶ
1700 2508 1796 2558 γε·

227 2591 457 2659 γονότες
521 2589 869 2654 εὑρίσκονται
901 2601 917 2617 ⁸
951 2586 1062 2648 ὡς,
1097 2584 1256 2654 εἴπερ
1313 2584 1505 2652 ἔτυχεν
1553 2583 1795 2646 ἐκείνους

226 2683 360 2743 τοὺς
392 2678 529 2750 “ea
540 2695 673 2748 μους
707 2677 801 2733 καὶ
829 2678 929 2730 οὐκ
957 2674 1340 2741 ἐξεταστικοὺς
1365 2674 1472 2727 ὑπὸ
1503 2671 1798 2744 αἱρετικῶν

227 2773 438 2840 γονέων
489 2769 749 2841 ὑπάρξαι,
775 2768 883 2822 οὐδ’
905 2769 972 2820 ἂν
1009 2766 1333 2836 ὶφρόντισαν
1391 2767 1490 2834 τὴν
1537 2763 1798 2835 πατρῴαν

226 2862 554 2917 δυσσέϐειαν
634 2857 1012 2916 ἀποδύσασθαι
1048 2875 1062 2889 ·
1126 2856 1270 2910 οὕτω
1348 2856 1734 2923 κατάγνωστον
1763 2857 1798 2925 ή

227 2954 464 3024 ἀμαθία,
502 2954 597 3006 καὶ
650 2951 711 3004 τὸ
748 2950 825 3021 μὴ
871 2949 1048 3004 θέλειν
1083 2947 1434 3003 διδάσκεσθαι
1466 2964 1481 2980 ·
1510 2947 1601 3001 διὰ
1639 2947 1800 3002 τοῦτο

228 3045 328 3098 καὶ
352 3042 568 3114 εἴρηται
595 3058 610 3074 ο
642 3041 869 3109 Σοφίαν
912 3038 1012 3093 καὶ
1051 3037 1328 3092 παιδείαν
1364 3041 1397 3092 ὁ
1440 3035 1798 3101 ἐξουθενῶν,

1893 1966 2057 2018 (plain
2081 1950 2175 2018 qui
2211 1949 2632 2018 sintpliciter,et
2665 1965 2891 2018 propter
2927 1966 3135 2004 morem
3165 1966 3195 2003 a
3234 1952 3460 2019 majori-

1895 2031 1999 2091 bus
2028 2039 2144 2092 suis
2179 2038 2439 2092 traditum
2493 2037 2546 2092 in
2602 2039 2795 2092 eadem
2853 2039 2958 2092 ﬁde
3004 2051 3152 2093 sunt.
3195 2039 3277 2092 llli
3311 2039 3456 2092 enim

1897 2127 2089 2181 ﬁdeles
2130 2138 2511 2190 numerantur,
2547 2130 2674 2197 quia
2715 2144 2843 2182 casu
2886 2130 3065 2184 solum
3106 2131 3296 2184 ﬁdeles
3338 2146 3460 2185 esse

1895 2211 2338 2287 cognoscuntur;
2373 2219 2592 2285 hivero,
2630 2235 2754 2272 cum
2808 2219 3170 2289 intelligentia
3210 2231 3268 2275 et
3307 2221 3460 2290 judi-

1896 2310 1983 2362 cio
2011 2327 2023 2362 :
2059 2319 2118 2362 ut
2156 2312 2267 2378 jam
2301 2310 2346 2363 si
2377 2311 2448 2365 ita
2471 2312 2767 2372 evenisset,
2797 2322 2855 2364 ut
2881 2311 2962 2365 illi
2998 2311 3240 2376 desides,
3287 2321 3344 2367 et
3367 2317 3462 2383 qui

1897 2403 2034 2456 nihil
2056 2402 2363 2470 inquirunt,
2390 2417 2455 2455 ex
2481 2402 2750 2456 haereticis
2778 2403 3098 2472 parentibus
3120 2404 3232 2457 nati
3255 2416 3462 2468 essent,

1899 2496 2036 2548 nihil
2065 2503 2353 2548 curassent
2404 2490 2689 2563 paternam
2733 2494 3071 2564 impietatem
3098 2512 3340 2561 exuere;
3375 2514 3465 2550 us.

1899 2602 2006 2656 que
2055 2586 2193 2640 adeo
2237 2596 2294 2640 ct
2337 2586 2704 2655 vituperabile
2755 2595 2840 2640 est
2894 2588 3170 2656 ignorare,
3221 2598 3278 2642 et
3320 2589 3464 2641 nolle

1898 2679 2135 2739 discere,
2173 2679 2380 2730 idcirco
2433 2678 2568 2731 dicit
2602 2677 2889 2746 Scriptura
2927 2695 2939 2730 :
2985 2677 3088 2742 Qui
3145 2681 3468 2749 sapientiam

1897 2780 1948 2822 et
1969 2769 2302 2839 disciplinam
2327 2769 2546 2838 spernit,
2581 2770 2770 2830 miser;
2825 2769 2915 2837 qui
2944 2784 3066 2822 vero
3113 2779 3261 2822 autat
3305 2770 3465 2823 disci-

1899 2859 2124 2928 plinam,
2187 2860 2412 2910 inveniet
2471 2859 2816 2931 cognitionem
2866 2875 2984 2912 cum
3032 2859 3247 2929 justitia
3281 2860 3322 2911 ί.
3394 2858 3467 2916 Ut

1898 2957 2082 3003 autem
2111 2948 2447 3009 faciliafﬁant
2477 2948 2672 3002 lectori
2695 2949 2858 3017 hujus
2888 2949 3014 3002 libri
3036 2964 3100 3004 ea
3125 2965 3247 3018 quae
3271 2957 3467 3003 contra

1899 3038 2245 3092 adversarios
2271 3038 2550 3098 dicuntur,
2583 3039 2760 3092 visum
2781 3048 2865 3092 est
2894 3040 3267 3096 necessarium
3293 3055 3466 3108 pauca

228 3133 610 3198 ταλαίπωρος
633 3146 650 3164 ο
695 3133 728 3184 ό
783 3128 852 3182 δὲ
897 3127 1144 3195 ἀγαπῶν
1194 3127 1491 3189 παιδείαν,
1555 3123 1800 3192 εὑρήσει
1825 3142 1870 3200 c

1825 3142 1870 3200 ε
1901 3128 2148 3196 quaedam
2209 3128 2276 3182 ad
2334 3129 2694 3198 aperiendum
2739 3130 2952 3182 aditum
3005 3132 3287 3192 scribere,
3341 3129 3467 3184 inde

229 3221 462 3291 γνῶσιν
493 3221 644 3289 μετὰ
685 3219 1102 3282 δικαιοσύνης.
1153 3216 1271 3270 Ἵνα
1313 3215 1372 3271 δὲ
1419 3214 1665 3284 εὔληπτα
1703 3215 1798 3282 γέ-

1907 3219 2182 3287 principio
2214 3228 2431 3288 sumpto
2470 3237 2483 3272 :

229 3329 393 3382 νηται
425 3311 590 3364 παντὶ
617 3309 695 3381 τῷ
716 3309 1096 3377 ἐντυγχάνοντι.
1139 3306 1218 3376 τῷ
1257 3305 1602 3376 προκειμένῳ
1657 3308 1929 3378 πονήματι
1970 3308 2038 3360 τὰ
2085 3309 2221 3377 πρὸς
2263 3309 2388 3371 τοὺς
2416 3307 2484 3359 δι’
2514 3308 2764 3387 ἐναντίας
2826 3309 3112 3380 λεγόμενα,
3145 3309 3318 3379 μικρά
3349 3324 3469 3362 τινα

230 3403 371 3476 πρὸς
415 3399 727 3469 εἰσαγωγὴν
778 3396 1034 3462 συντάξαι
1089 3397 1385 3463 ἀναγκαῖον
1428 3393 1657 3464 ἐνόμισα
1683 3436 1699 3462 ,
1725 3390 1794 3468 ἧς
1832 3398 1926 3450 καὶ
1951 3397 2277 3468 ἀρχόμενος,
2303 3397 2448 3450 οὓτω
2474 3398 2617 3468 φημί
2648 3415 2662 3428 ο

755 3516 912 3580 Δόξα
951 3513 1275 3578 Μάνεντος.

300 3635 495 3705 Μάνης
525 3636 554 3686 ό
585 3632 678 3685 τοῦ
713 3631 992 3684 ἀντιθέτου
1026 3632 1250 3690 σκότους
1295 3628 1592 3699 ὲφευρετὴς
1617 3669 1632 3690 ,
1666 3627 1802 3698 μᾶλ-

227 3707 424 3781 λον·δὲ
441 3728 540 3796 τῆς
569 3725 821 3790 ἐξουσίας
869 3721 966 3776 τοῦ
1014 3721 1238 3782 σκότους
1282 3719 1630 3789 ἀνάπλασμα,
1667 3736 1800 3786 φαν-

161 3815 180 3830 “
227 3817 397 3886 τασίᾳ
423 3815 556 3885 ψιλῇ
588 3813 681 3866 καὶ
711 3812 950 3882 σχήματι
983 3809 1214 3878 διακένῳ
1245 3807 1497 3878 σώματος
1523 3807 1805 3878 ἀνθρωπί-

228 3926 325 3960 νου
344 3949 360 3973 ,
388 3901 808 3974 πεφανερῶσθαι
857 3902 946 3955 τὸν
973 3900 1181 3972 Κύριον
1213 3898 1523 3969 ὲφαντάσθη
1544 3897 1626 3959 ὡς
1674 3897 1807 3967 άλη-

225 3999 345 4061 θῶς
384 3999 479 4052 καὶ
527 3994 863 4065 ὠνείρωξεν,
903 3992 1066 4057 ὥστε,
1105 3991 1256 4060 φησὶ,
1292 3990 1386 4043 καὶ
1440 3990 1670 4058 πάσχειν
1719 3990 1806 4041 δο-

231 4093 354 4145 κεῖν
399 4090 560 4142 αύτδν
610 4087 706 4140 καὶ
751 4084 1049 4155 πράττειν,
1094 4081 1236 4151 ἅπερ
1270 4080 1399 4148 ἔδρα
1447 4081 1541 4132 καὶ
1572 4080 1805 4132 πέπονθε

231 4183 360 4235 καθ’
379 4181 544 4250 ἡμᾶς,
569 4179 733 4247 μηδὲν
770 4177 827 4232 δὲ
879 4174 1083 4227 τούτων
1125 4173 1408 4242 πράγματι
1445 4173 1539 4225 καὶ
1583 4171 1806 4240 ἀληθείᾳ

228 4275 494 4346 ὑπάρξαι,
521 4271 655 4326 ἀλλὰ
670 4271 886 4339 δοκήσει.
912 4267 1072 4338 μόνον
1099 4266 1190 4318 καὶ
1210 4264 1393 4335 ἀπάτῃ
1429 4262 1812 4318 ἀποδουκολεϊν

228 4369 365 4431 τοὺς
415 4365 767 4434 ἀνθρώπους,
802 4356 886 4424 οἷς
938 4360 1031 4413 καὶ
1081 4355 1546 4426 συνανεστράφθαι
1600 4355 1812 4424 νενόμι-

234 4475 385 4512 σται.
416 4457 510 4509 Διά
525 4455 682 4509 τοῦτο
705 4451 905 4506 καὶδύο
934 4451 1119 4518 φύσεις
1147 4449 1485 4517 παραιτεῖται
1511 4446 1688 4514 λέγειν
1721 4444 1813 4497 ἐπὶ

2433 3516 2624 3584 Opinio
2651 3515 2947 3569 Manio/imi.

1978 3625 2306 3680 Maniehmus
2357 3625 2612 3679 inventor
2651 3625 3004 3678 tenebrarum
3043 3625 3466 3684 contrariarum.

1909 3719 2020 3772 imo
2051 3727 2368 3786 apotestate
2412 3718 2766 3771 tenebrarum
2801 3718 3127 3780 instructus,
3180 3718 3336 3772 ﬁnxit
3375 3730 3471 3773 aut

1911 3809 2227 3871 somniavit,
2251 3808 2571 3877 apparuisse
2601 3808 2892 3862 Dominum
2920 3809 3261 3878 phantastice
3292 3811 3469 3864 solum

1910 3910 1968 3954 et
1998 3900 2144 3954 inani
2189 3901 2359 3968 ﬁgura
2391 3900 2641 3967 corporis
2673 3900 2896 3953 humani
2924 3916 2939 3964 ;
2970 3901 3044 3954 ita
3079 3909 3138 3954 ut
3169 3901 3469 3962 videretur,

1913 3991 2116 4060 inquit,
2152 3991 2284 4059 pati,
2315 4000 2370 4045 et
2393 4005 2558 4059 agere
2584 4005 2707 4058 quae
2737 3989 2953 4058 agebat,
3003 3997 3058 4042 et
3092 4003 3285 4058 passus
3326 4005 3470 4050 esse,

1910 4077 2214 4147 sicut'nos;
2237 4083 2376 4136 nihil
2397 4092 2581 4137 tamen
2618 4082 2799 4150 reipsa
2821 4091 2877 4134 et
2902 4082 3136 4134 veritate
3166 4081 3468 4141 exstitisse.

1917 4176 2012 4230 sed
2047 4175 2226 4229 visum
2257 4191 2379 4229 esse
2412 4184 2643 4236 tantum,
2672 4183 2729 4228 et
2751 4175 2831 4228 sic
2859 4173 2990 4227 falsa
3022 4175 3206 4242 specie
3236 4174 3472 4228 illusisse

1917 4267 2252 4329 hominibus,
2278 4282 2401 4320 cum
2432 4266 2632 4334 quibus
2671 4266 2877 4319 versari
2913 4265 3226 4334 putabatur.
3267 4265 3475 4319 Idcirco

1918 4373 2026 4411 non
2051 4358 2166 4410 vult
2191 4357 2371 4411 dicere
2395 4356 2450 4408 in
2485 4356 2715 4409 Domino
2730 4355 2866 4408 duas
2888 4363 3135 4414 naturas.
3157 4353 3250 4407 sed
3288 4368 3471 4415 unam.

1921 4448 2130 4502 scilicet
2153 4448 2490 4512 divinitatis;
2514 4446 2641 4515 quia
2667 4447 2836 4514 ﬁgura
2863 4445 2953 4499 illa
2988 4447 3054 4498 ad
3077 4445 3369 4498 fallendum
3400 4446 3474 4498 si-

229 4549 332 4604 τοῦ
395 4547 619 4617 Κυρίου,
682 4544 817 4599 ἀλλά
869 4544 998 4613 μίαν
1029 4542 1126 4613 τὴν
1169 4541 1268 4610 τῆς
1320 4539 1587 4608 θεότητος,
1617 4537 1693 4600 ὡς
1724 4536 1819 4590 άτε
1850 4536 1887 4595 1]

1813 4555 1819 4587 ι
1850 4536 1896 4595 D
1923 4541 2146 4603 mulata,
2171 4539 2393 4609 indigna
2414 4539 2699 4593 videretur
2721 4537 2943 4591 nomine
2969 4545 3177 4592 natura:
3201 4535 3471 4598 humanm,

230 4641 333 4692 τοῦ
360 4637 828 4707 πεφενακισμένου
860 4633 1090 4706 [ἐκείνου
1121 4633 1416 4701 σχήματος.
1449 4629 1525 4699 μὴ
1556 4627 1810 4696 ἀξιουμέ-

231 4727 355 4801 νου]
389 4731 520 4798 παρ’
545 4727 710 4781 αὐτοῦ
767 4725 1076 4796 ἀνθρωπίνη
1130 4721 1290 4791 φύσις
1329 4716 1808 4789 κατονομάζεσθαι,

583 4841 739 4906 Δόξα
768 4841 1012 4893 Παύλου
1051 4833 1464 4905 Σαμοσατέως.

307 4956 522 5019 Παῦλος
566 4956 624 5010 δέ
657 4971 745 5017 τις
776 4953 953 5023 τούτῳ
989 4950 1065 5019 τῷ
1101 4949 1340 5004 Μάνεντι
1371 4947 1668 5018 σύγχρονος
1717 4961 1810 5014 γε-

228 5047 448 5117 γονὼς,
485 5045 837 5115 Σαμοσατεὺς
893 5044 993 5110 μὲν
1037 5040 1098 5092 τὸ
1141 5039 1319 5107 γένος,
1368 5036 1699 5106 Ἀντιοχείας
1754 5034 1810 5087 δὲ

229 5143 337 5210 τῆς
371 5139 574 5210 Συρίας
603 5136 885 5205 πρόεδρος,
913 5132 1066 5202 item
1093 5130 1378 5202 ἄνθρωπον
1402 5125 1539 5182 εἶναι
1576 5128 1668 5180 τὸν
1700 5125 1811 5179 Κύ-

2252 4821 2446 4894 Opinio
2467 4821 2625 4877 Pauli
2645 4819 3054 4876 Samosatensis.

1986 4936 2188 4991 Paulus
2217 4935 2465 5005 quidam,
2501 4934 2595 5004 qui
2629 4933 2734 4987 fuit
2756 4941 2913 4987 aetate
2941 4928 3245 4992 Manichzei,
3279 4942 3481 4998 genere

1911 5027 2336 5090 Samosatensis,
2361 5027 2654 5097 episcopus
2682 5035 2862 5078 autem
2887 5023 3196 5077 Antiochia:
3219 5021 3272 5074 in
3299 5020 3477 5090 Syria.

1911 5122 2225 5190 blaspheme
2271 5119 2591 5188 praedicavit
2657 5131 2775 5170 esse
2831 5115 3124 5168 Dominum
3198 5111 3479 5164 homineet

233 5202 357 5302 ριον
389 5202 784 5298 ἐδυσφήμησεν
811 5240 827 5256 ο
875 5223 1064 5292 ὥσπερ
1084 5222 1142 5274 δὲ
1182 5223 1261 5283 εἰς
1289 5221 1519 5272 ἕκαστον
1546 5217 1658 5270 τῶν
1685 5233 1814 5288 προ-

1912 5222 2148 5274 tantum,
2175 5221 2231 5265 et
2261 5211 2538 5266 habitasse
2562 5207 2803 5264 Verbum
2836 5207 2891 5261 in
2912 5221 2978 5260 eo
3003 5204 3208 5258 sicutin
3229 5202 3477 5271 quolibet

232 5324 449 5396 φητῶν,
478 5321 624 5374 οὕτω
649 5319 744 5371 καὶ
770 5319 828 5370 ἑν
857 5315 1006 5386 αὐτῷ
1029 5313 1284 5383 γενέσθαι
1327 5311 1421 5364 τοῦ
1465 5307 1603 5362 Θεοῦ
1621 5309 1808 5388 ,Λόγου

229 5416 338 5487 τὴν
365 5412 582 5483 οἴκησιν
600 5428 613 5445 ν
650 5408 804 5468 ἔνθεν
820 5409 917 5462 καὶ⁵
947 5407 1044 5460 δύο
1070 5405 1261 5474 φύσεις
1294 5400 1636 5473 διῃρημένως
1652 5397 1809 5468 ἑχού-

237 5524 342 5569 σας
388 5507 483 5558 καὶ
527 5501 922 5572 ἀκοινωνήτους
977 5497 1113 5569 πρὸς
1167 5494 1366 5557 ἑαυτὰς
1425 5488 1563 5544 εἶναι
1610 5491 1813 5544 παντά-

235 5616 413 5656 πασιν
448 5600 505 5650 ὲν
544 5595 622 5667 τῷ
648 5591 889 5664 Χριστῷ,
924 5591 1084 5644 ἄλλου
1132 5588 1282 5649 ὄντος
1330 5583 1497 5637 αὑτοῦ
1549 5581 1643 5634 τοῦ
1682 5583 1814 5648 Χρι-

315 5756 400 5815 σι
439 5756 585 5813 Patr.
622 5768 703 5816 ιιι,
756 5752 842 5813 l5,
891 5747 971 5805 lG.
1049 5747 1073 5786 ιι
1105 5744 1230 5803 Jud.
1268 5745 1351 5801 l9.

1440 5745 1442 5747 ’
1483 5739 1609 5806 Sap.
1652 5753 1730 5800 Ill,
1775 5735 1827 5794 ἓ.

1907 5321 1973 5359 ex
1994 5318 2225 5358 numero
2262 5303 2696 5372 prophetarum:
2735 5298 2881 5352 unde
2910 5296 3094 5350 alebat
3141 5295 3279 5348 duas
3319 5303 3480 5346 natu-

1916 5411 2004 5449 ras
2027 5409 2147 5448 csse
2177 5394 2231 5446 in
2261 5391 2482 5445 Christo
2516 5391 2743 5446 divisas.
2795 5388 2879 5441 vel
2933 5388 3052 5441 sine
3101 5384 3210 5439 ulla
3256 5383 3476 5453 penitus

1919 5487 2140 5539 interse
2172 5481 2558 5537 communione
2584 5497 2600 5544 ;
2661 5490 2916 5546 tanquam
2947 5477 3088 5529 alius
3112 5483 3258 5528 esset
3307 5471 3473 5525 Chri-

1920 5586 2058 5641 stus,
2090 5582 2147 5628 et
2175 5573 2313 5627 alius
2343 5571 2437 5642 qui
2489 5571 2545 5625 in
2589 5571 2706 5644 ipso
2731 5568 3011 5630 habitabat
3048 5568 3192 5622 Deus
3219 5562 3490 5624 Verbum.
