4198 6434
758 380 780 442 1
792 378 889 441 487

1885 370 2271 431 TIlEUDUill
2314 371 2830 430 lll‘lAlTUENSIS

3866 372 3995 435 1488

757 498 849 551 llae
880 495 1067 566 prima:
1099 494 1336 564 origines
1372 504 1556 552 unam,
1580 500 1635 542 et
1668 489 1803 542 duas
1840 498 2059 541 naturas
2110 489 2162 539 in
2201 489 2315 539 Sal-

2426 487 2574 547 στοῦ,
2614 489 2707 539 καὶ
2760 487 2922 539 ἄλλου
2972 487 3065 538 τοῦ
3116 487 3172 538 ἐν
3224 486 3372 555 αὖτῷ
3425 484 3811 549 κατοικοῦντος
3861 486 3992 539 Θεοῦ

755 595 945 640 valorc
966 584 1189 639 Christo
1214 597 1380 651 prave
1417 590 1472 634 et
1514 580 1831 648 blaspheme
1858 578 2173 646 prolitendi.
2226 578 2320 631 Illa

756 677 1157 732 humanitatem
1186 673 1435 736 tollebat,
1468 671 1584 725 lucc
1610 670 1976 724 divinitatem.

1259 957 1449 1025 Opinio
1480 955 1819 1027 Apollinarii.

824 1077 945 1131 Non
964 1074 1162 1143 exiguo
1183 1078 1308 1139 post
1333 1080 1578 1137 tempore
1605 1066 1805 1135 praesul
1842 1064 2125 1118 Laodiceae
2152 1063 2321 1133 Syriae

758 1168 1048 1223 maritimae
1098 1160 1471 1232 Apollinarius
1531 1159 1606 1230 (6)
1657 1158 1885 1211 alterius
1944 1156 2167 1210 insania:
2214 1153 2319 1207 fuit

758 1268 971 1314 auctor.
1009 1256 1145 1310 Cum
1189 1253 1337 1307 enim
1373 1250 1562 1305 Ariani
1590 1264 1812 1303 carnem
1846 1247 2050 1303 Christi
2096 1245 2322 1299 omnino

760 1351 1111 1405 inanimatam
1143 1360 1263 1400 esse
1288 1344 1557 1406 dicerent,
1604 1341 1785 1395 aiebat
1820 1338 2189 1409 Apollinarius
2233 1351 2322 1390 as-

757 1441 1056 1510 sumpsisse
1111 1437 1335 1510 quidem
1384 1434 1675 1487 Dominum
1728 1445 1947 1485 carnem
2002 1428 2320 1489 animatam,

758 1540 999 1585 mentem
1026 1542 1159 1583 νει-ο
1190 1534 1431 1579 nostram
1456 1537 1566 1575 non
1596 1533 1951 1587 assumpsnsse
1990 1535 2003 1570 ;
2040 1532 2142 1570 nec
2174 1531 2322 1569 θιιιιιι

758 1644 980 1683 carnem
1003 1627 1155 1679 illam
1174 1631 1355 1679 mcntc
1380 1621 1616 1674 humana
1640 1616 1963 1685 indiguisse,
1980 1614 2125 1683 quod
2176 1614 2321 1666 illam

756 1721 901 1775 Deus
926 1718 1163 1773 Verbum
1194 1714 1289 1784 qui
1330 1726 1453 1766 eam
1484 1710 1762 1769 induerat.
1814 1708 2184 1778 gubernaret;
2230 1718 2322 1757 nc-

755 1826 861 1880 qne
887 1823 1083 1878 capere
1102 1821 1222 1861 eam
1247 1805 1410 1859 aliam
1438 1802 1551 1855 vim
1581 1800 1979 1869 intelligentem
2013 1804 2212 1865 prater
2237 1794 2322 1847 di-

754 1901 936 1954 vinam
972 1916 985 1951 :
1020 1911 1131 1951 non
1165 1894 1315 1949 enim
1362 1893 1533 1963 ipsam
1561 1891 1856 1944 humanam
1889 1895 2127 1939 mentem
2162 1898 2322 1953 posse

754 1990 1049 2052 sustinere,
1084 1997 1143 2042 ut
1172 2001 1295 2041 cum
1331 1982 1641 2054 potentiore
1675 1992 1730 2034 et
1770 1979 2001 2032 Domino
2030 1976 2321 2029 habitaret.

755 2082 851 2137 His
869 2080 1087 2151 positis,
1128 2076 1362 2131 allirmat
1400 2088 1563 2127 unam
1602 2080 1855 2123 naturam
1899 2082 2020 2121 esse
2066 2065 2229 2120 Verbi
2271 2074 2326 2118 ct

754 2175 957 2237 carnis,
982 2173 1182 2240 quippe
1220 2182 1344 2221 eum
1366 2179 1496 2221 caro
1530 2161 1853 2232 imperfecta
1876 2160 1948 2214 sit
1982 2168 2040 2212 ut
2076 2159 2149 2212 sit
2181 2166 2326 2211 totus

758 2267 945 2327 homo,
984 2273 1040 2316 et
1072 2261 1143 2315 ob
1197 2260 1341 2313 hanc
1390 2270 1635 2320 causam,
1660 2252 1884 2318 indigna
1935 2265 2056 2314 qua:
2094 2258 2325 2304 vocetur

756 2360 971 2410 natura.

1130 2633 1319 2701 Opinio
1351 2630 1603 2683 Theodori
1636 2626 1982 2696 Mopsuestiw.

838 2758 957 2813 Post
982 2764 1135 2808 nunc
1162 2746 1563 2818 Apollinarium
1613 2742 1800 2799 statim
1832 2741 2044 2796 exstitit
2074 2738 2116 2792 Τ
2123 2736 2329 2792 heodo-

758 2861 852 2898 rus
891 2841 1113 2912 quidam
1162 2835 1510 2907 Mopsuestia:
1552 2832 1793 2887 civitatis
1818 2832 1897 2884 sic
1930 2830 2225 2882 nominatae
2272 2827 2325 2879 in

755 2933 948 2987 Cilicia
976 2930 1290 3000 episcopus,
1324 2925 1418 2993 qui
1457 2938 1523 2976 ex
1567 2930 1682 2975 toto
1721 2919 2108 2973 contradicens
2156 2917 2325 2985 Apul-

756 3023 974 3081 linario,
1026 3015 1389 3072 contumelias
1445 3028 1554 3066 non
1599 3013 1747 3065 leves
1791 3010 1981 3062 audaci
2031 3008 2213 3061 animo
2272 3014 2328 3058 et

757 3112 923 3167 corde
953 3107 1329 3177 imperterrito
1360 3103 1583 3159 Christo
1612 3100 1777 3155 infert
1796 3140 1811 3159 ,
1844 3101 1973 3152 dum
1998 3113 2125 3151 eum
2156 3111 2326 3149 unum

2426 576 2620 642 Λόγου.
2659 573 2825 629 Λῦται
2860 578 2957 645 μὲν
2985 574 3077 629 οῦν
3104 578 3161 630 αἱ
3197 578 3412 645 πρῶται
3443 578 3573 644 ᾳυαὶ
3607 576 3702 629 τοῦ
3730 579 3829 647 τήν
3870 580 3994 646 μίαν

2424 666 2586 731 φύσιν
2614 705 2627 728 ,
2654 668 2747 719 καὶ
2777 668 2877 729 τὰς
2920 668 3013 719 δύο
3044 668 3228 730 κακῶς
3266 669 3357 719 καὶ
3385 668 3686 737 δυσφήμους
3738 667 3995 732 λέγεᾶθαι

2425 760 2517 811 ἐπὶ
2570 759 2664 810 τοῦ
2712 758 2963 829 Σωτῆρος
3008 757 3245 828 Χριστοῦ
3284 774 3298 787 ·
3342 759 3401 811 τὸ
3444 758 3545 826 μὲν
3592 760 3677 810 ἐπ’
3709 759 3992 827 ἀναιρέσει

2424 849 2519 919 τῆς
2551 848 2991 919 ἀνθρωπότήτος,
3014 847 3075 900 τὸ
3097 848 3153 899 δὲ
3174 849 3271 917 τῆς
3296 848 3566 916 Θεότητος.

2892 960 3045 1021 Δόξα
3098 958 3530 1025 Ἀπολιναρίου.

2495 1072 2702 1141 Χρόνου
2747 1070 2803 1123 δὲ
2833 1071 2893 1123 οῦ
2939 1070 3138 1141 μικροῦ
3170 1071 3452 1139 προῖόντος
3495 1070 3879 1136 Ἀπολινὰριός
3918 1086 3998 1129 τις

2424 1161 2687 1231 πρόεδρος
2746 1159 3036 1228 γενόμενος
3100 1158 3420 1221 Λαοδικείας
3463 1159 3563 1226 τῆς
3614 1158 3839 1227 Συρίας,
3905 1157 3999 1223 τῆς

2434 1253 2699 1323 παράλου,
2725 1252 2918 1320 ἑτέρας
2946 1249 3419 1320 ματαιοφροσύνης
3454 1252 3722 1319 ήγήσατο.
3751 1249 3877 1300 Τῶν
3896 1252 3999 1316 γὰρ

2438 1342 2729 1412 ’Λρειανῶν
2786 1343 3132 1394 παντάπασιν
3185 1342 3393 1409 ἄψυχον
3450 1339 3719 1407 λεγόντων
3764 1340 3867 1407 τὴν
3908 1337 3997 1388 τοῦ

2427 1434 2633 1503 Κυρίου
2666 1433 2865 1501 σάρκα,
2893 1431 3054 1494 αὐτὸς
3083 1434 3111 1483 ὁ
3143 1431 3520 1500 Ἀπολινάριος
3553 1430 3680 1499 ἔφη,
3708 1432 3791 1482 ὅτι
3822 1430 3999 1498 σάρκα

2430 1529 2528 1595 μὲν
2552 1524 2956 1593 ὲμψυχωμένην
2990 1523 3136 1592 ψυχῇ
3165 1522 3369 1592 ζωτικῇ
3417 1522 3680 1576 ἀνέλαὸεν
3706 1523 3735 1572 ὁ
3771 1521 3998 1589 Κύριος,

2423 1616 2548 1669 νοῦν
2573 1617 2628 1667 δὲ
2659 1617 2750 1666 τὸν
2786 1613 3048 1683 ἡμέτερον
3084 1616 3145 1665 οῦ
3177 1615 3493 1683 προσήκατο
3519 1628 3534 1642 ο
3570 1613 3707 1682 μηδὲ
3729 1613 3842 1682 γὰρ
3874 1611 3998 1678 δεή-

2434 1708 2593 1777 οῆναι
2648 1706 2768 1767 νοὸς
2808 1706 3149 1773 ἀνθρωπίνου
3176 1706 3392 1775 ἐκείνην
3424 1706 3523 1774 τὴν
3554 1706 3757 1772 σάρκα,
3796 1706 4000 1771 ἡγεμο-

2356 1831 2397 1887 B
2425 1800 2719 1868 νευομένην
2747 1798 2850 1850 ὑπὸ
2890 1796 2985 1850 τοῦ
3016 1797 3185 1866 αὐτὴν
3214 1796 3557 1858 ἐνδεδυκότος
3603 1796 3740 1847 Θεοῦ
3770 1796 3951 1861 Λόγου
3986 1814 3997 1825 υ

2424 1890 2559 1945 ἀλλὰ
2594 1889 2728 1960 μηδὲ
2757 1891 2955 1959 χωρεῖν
2977 1888 3144 1956 αὐτὴν
3172 1889 3341 1958 ἀλλην
3365 1887 3557 1957 νοερὰν
3584 1887 3819 1956 δύναμιν
3848 1888 4001 1956 παρὰ

2425 1982 2523 2052 τὴν
2574 1980 2725 2034 θείαν
2758 1996 2771 2010 ³
2810 1980 2945 2049 μηδὲ
2984 1980 3093 2050 γὰρ
3141 1980 3305 2033 αὑτὸν
3352 1980 3442 2032 τὸν
3483 1979 3827 2049 ἀνθρώπινον
3877 1976 4001 2029 νοῦν

2428 2071 2727 2139 ὑποστῆναι
2782 2068 3042 2122 δύνασθαι
3080 2071 3181 2138 τὴν
3219 2069 3361 2139 μετά
3405 2068 3500 2121 τοῦ
3550 2068 3865 2137 κρείττονος
3904 2068 4001 2117 καὶ

2430 2160 2703 2212 Δεσπότου
2727 2160 3020 2230 ἐνοίκησιν.
3052 2159 3239 2212 Ταῦτα
3281 2159 3616 2227 ὑποθέμενος
3664 2158 3999 2210 διατείνεται

2432 2252 2560 2320 μίαν
2585 2247 2723 2303 εἶναι
2754 2252 2917 2319 φύσιν
2938 2250 3032 2303 τοῦ
3056 2252 3254 2318 Λόγου,
3276 2251 3371 2303 καὶ
3405 2253 3503 2319 τῆς
3538 2251 3764 2320 σαρκὸς.
3792 2250 3869 2311 ὡς
3902 2249 4000 2302 its

2426 2344 2523 2411 τῆς
2556 2344 2760 2412 σαρκὸς
2795 2342 3020 2403 ἀτελοῦς
3065 2341 3231 2411 οῦσης
3284 2342 3366 2403 εἰς
3416 2340 3477 2394 τὺ
3526 2337 3662 2393 εἶναι
3714 2340 4002 2409 ἄνθρωπον

2427 2437 2567 2497 ὅλον,
2618 2436 2711 2487 καὶ
2756 2434 2841 2488 διὰ
2894 2432 3052 2486 τοῦτο
3103 2432 3238 2504 μηδὲ
3286 2433 3465 2497 ἀξίαν,
3514 2436 3672 2501 φύσιν
3730 2447 4004 2503 προσαγο-

2430 2526 2705 2596 ρεύεσοαι.

2729 2634 2885 2699 Δόξα
2914 2633 3217 2700 Θεοδώρου
3247 2632 3693 2699 Μοψουεστιάς.

2502 2744 2658 2797 Μετὰ
2698 2743 2890 2797 τοῦτον
2938 2744 2996 2796 δὲ
3052 2742 3146 2795 τὸν
3186 2741 3593 2811 ’Δπολινάριον,
3625 2739 3836 2803 εὐθέως
3882 2741 4008 2793 ἀνα·

2430 2834 2682 2901 φαίνεταί
2715 2851 2798 2896 τις
2827 2834 3105 2902 Θεόδωρος
3142 2836 3239 2904 τῆς
3266 2834 3646 2901 Μοψουεστίας
3672 2834 3819 2886 οὕτω
3852 2834 4010 2899 λεγο-

2433 2926 2603 2992 μένης
2640 2928 2696 2977 ὲν
2722 2926 2785 2994 τῇ
2817 2926 2888 2991 γῇ
2918 2924 3028 2975 τῶν
3064 2923 3305 2976 Κιλίκων
3328 2923 3426 2994 τὴν
3456 2925 3749 2993 ήγεμονίαν
3773 2924 3966 2992 λαχών
3993 2940 4006 2952 ο

2432 3014 2488 3073 ὃς
2526 3015 2589 3065 ὲκ
2622 3014 2916 3082 διαμέτρου
2944 3011 3021 3080 τῷ
3060 3012 3423 3079 Ἀπολιναρίῳ
3450 3012 3786 3081 φερόμενος,
3817 3010 4011 3080 ὕϐρεις

2431 3104 2491 3154 οῦ
2525 3104 2621 3163 τὰς
2650 3102 2921 3169 τυχούσας
2974 3101 3223 3170 τολμηρᾷ
3265 3102 3412 3171 ψυχῇ
3439 3102 3531 3153 καὶ
3565 3100 3753 3169 ἀφόδῳ
3808 3100 4011 3169 καρδία

760 3202 1037 3255 hominem
1067 3214 1099 3252 e
1126 3206 1314 3251 nostro
1337 3207 1340 3210 '
1361 3208 1593 3247 numero
1619 3200 1672 3245 et
1721 3190 1885 3259 vulgo
1924 3188 2208 3242 hominum
2240 3202 2325 3239 m-

2434 3191 2693 3260 καταχέει
2724 3190 2815 3243 τοῦ
2846 3191 3116 3242 Δεσπότου
3147 3190 3386 3259 Χριστοῦ
3410 3207 3422 3219 ·
3456 3190 3745 3261 ἄνθρωπον
3774 3192 3875 3243 ἕνα
3902 3190 4013 3241 τῶν

755 3301 864 3351 cat,
903 3289 997 3357 qui
1027 3302 1125 3356 per
1157 3298 1507 3355 progressum
1551 3290 1775 3350 accepta
1808 3280 1903 3333 Dei
1927 3280 2123 3347 gratia,
2153 3278 2331 3331 nomi-

760 3394 922 3436 natus
944 3379 1110 3434 fuerit
1144 3378 1288 3431 Deus
1314 3417 1328 3438 ,
1356 3385 1411 3427 ct
1437 3390 1503 3427 ex
1544 3373 1817 3441 baptismo
1847 3371 1901 3423 in
1925 3370 2184 3432 Jordane,
2232 3371 2328 3422 ba-

759 3475 999 3542 ptizatus
1039 3469 1094 3523 in
1138 3467 1361 3521 nomine
1421 3464 1626 3526 Patris,
1675 3472 1732 3517 et
1774 3461 1936 3525 Filii,
1990 3471 2044 3514 et
2091 3461 2331 3529 Spiritus

760 3562 934 3618 sancti
965 3601 978 3621 ,
1006 3569 1114 3613 etc.
1139 3597 1153 3619 ,
1183 3556 1406 3609 habitus
1435 3556 1506 3609 sit
1534 3554 1734 3623 dignus
1775 3552 1919 3605 inter
1953 3553 2160 3620 primos
2186 3552 2330 3605 dono

762 3652 1003 3721 Spiritus
1021 3648 1216 3702 sancti.
1240 3647 1411 3700 Deum
1435 3653 1619 3699 autem
1643 3643 1883 3698 Verbum
1908 3651 2133 3711 propter
2152 3644 2332 3695 excel-

762 3742 970 3794 lentem
998 3738 1259 3792 virtutem
1294 3737 1432 3806 ejus,
1485 3735 1539 3789 in
1571 3749 1637 3788 eo
1673 3733 2008 3815 habitantem
2040 3775 2054 3797 ,
2099 3749 2200 3802 pro
2230 3733 2330 3787 lm-

762 3849 831 3886 na
872 3847 971 3886 sua
996 3831 1276 3885 voluntate
1310 3829 1718 3882 communicare
1753 3842 1878 3880 cum
1910 3826 2106 3881 eodem
2143 3838 2330 3896 postea

763 3924 833 3978 ad
860 3919 1395 3981 consummationem
1418 3959 1432 3981 ,
1468 3918 1714 3972 divinam
1759 3917 2080 3987 dignitatem
2109 3927 2163 3970 et
2204 3917 2333 3969 adn-

766 4015 1057 4069 rationem.
1105 4010 1229 4065 Haec
1262 4024 1319 4065 et
1360 4010 1463 4064 alia
1501 4010 1772 4078 ejusmodi
1819 4008 2134 4077 blaspheme
2179 4024 2331 4061 eom-

765 4116 985 4160 mentus
1020 4104 1158 4158 duas
1183 4113 1407 4156 naturas
1432 4101 1711 4169 sigillatim
1747 4102 1989 4169 signatas
2024 4100 2160 4153 dicit
2188 4114 2244 4152 sc
2278 4100 2331 4152 in

761 4199 983 4254 Christo
1014 4210 1311 4266 agnoscere
1335 4234 1348 4256 ,
1382 4194 1560 4248 solum
1596 4181 1922 4245 habitudine
1964 4191 2107 4244 inter
2138 4207 2195 4244 se
2222 4192 2334 4244 col-

763 4292 920 4343 latas.
952 4286 1077 4341 Haec
1104 4294 1190 4340 est
1216 4285 1455 4339 secunda
1484 4284 1730 4343 haeresis,
1769 4298 1890 4351 qua:
1935 4291 2055 4350 post
2103 4282 2332 4336 Paulum

764 4385 1205 4436 Samosatensem
1235 4391 1398 4431 unam
1429 4384 1705 4435 naturam,
1730 4381 1788 4425 et
1829 4374 1966 4426 duas
2014 4385 2235 4426 naturas
2263 4373 2333 4426 si-

763 4472 993 4545 gillatim
1016 4473 1254 4540 signatas
1283 4468 1358 4538 (7)
1386 4482 1552 4538 prave
1579 4465 1632 4519 in
1663 4465 1886 4519 Christo
1907 4466 2223 4519 eonlitetur.

1332 4665 1518 4736 Opinio
1550 4663 1796 4718 Nestorii.

838 4765 965 4818 Post
995 4763 1095 4816 hos
1120 4761 1223 4815 fuit
1249 4758 1473 4829 quidam
1502 4753 1722 4808 nomine
1746 4753 2034 4809 Nestorius
2063 4755 2334 4810 oriundus

766 4873 831 4911 ex
863 4853 1211 4909 Germanicia
1241 4852 1295 4904 in
1330 4850 1503 4921 Syria.
1545 4850 1744 4905 Factus
1764 4858 1848 4902 est
1880 4848 2119 4901 clericus
2144 4847 2336 4901 Antio-

761 4949 919 5010 chize,
940 4963 1061 5016 quae
1077 4946 1180 5000 sita
1197 4946 1443 5015 estjuxta
1459 4945 1720 4999 Orontem
1742 4941 1988 5005 ﬂuvium,
2007 4950 2062 4993 et
2080 4940 2337 4995 Ecclesia:

761 5036 1385 5105 Constantinopolitana:
1413 5033 1648 5102 praefuit.
1683 5031 1784 5086 llic
1819 5045 2013 5085 rursus
2042 5045 2175 5083 voce
2198 5028 2333 5082 dua-

766 5145 887 5183 rum
923 5138 1244 5182 naturarum
1271 5125 1325 5178 in
1359 5124 1581 5179 Christo
1621 5138 1789 5192 prave
1824 5122 2031 5176 abusus
2058 5130 2163 5183 est,
2196 5123 2337 5175 sient

768 5224 1002 5291 majores
1018 5222 1139 5291 ejus
1166 5218 1368 5273 Paulus
1384 5228 1438 5271 et
1459 5216 1783 5269 Theodorus
1812 5229 1949 5267 :non
1967 5214 2113 5267 enim
2145 5229 2336 5267 nume-

765 5331 885 5368 rum
911 5315 1143 5369 duarnm
1168 5320 1489 5365 naturarum
1514 5307 1766 5371 allirmat,
1798 5317 1859 5359 ut
1891 5307 2179 5361 veritatem
2196 5306 2335 5360 divi-

765 5408 955 5462 nitatis
1001 5416 1057 5460 et
1109 5403 1469 5459 humanitatis
1511 5403 1565 5455 in
1614 5400 1835 5454 Christo
1870 5400 1988 5453 sine
2029 5404 2333 5456 mutatione

2433 3282 2556 3335 καθ’
2588 3282 2735 3350 ἡμᾶς
2762 3282 2942 3333 κοινὸν
2964 3281 3275 3340 ἀποκαλῶν,
3303 3282 3397 3333 καὶ
3421 3284 3483 3334 ὲκ
3507 3283 3790 3351 προκοπῆς
3820 3280 4015 3333 λαϐόν-

2434 3366 2523 3426 τα
2550 3375 2649 3441 τὴν
2707 3373 2868 3442 χάριν
2905 3373 2999 3423 τοῦ
3025 3373 3181 3436 Θεοῦ,
3216 3373 3347 3425 Θεὸν
3370 3372 3732 3443 ὀνομάζεσθαι
3764 3390 3780 3404 ·
3822 3374 3922 3426 καὶ
3950 3376 4014 3425 ἐκ

2431 3462 2523 3515 τοῦ
2557 3466 2614 3516 ὲν
2646 3463 2724 3531 τῷ
2766 3462 3003 3533 Ἰορδάνῃ
3030 3463 3405 3533 βαπτίσματος
3436 3462 3735 3532 ἀξιωθῆναι
3758 3464 3819 3513 ὲν
3844 3466 4010 3533 ηπρὼο

2430 3572 2543 3616 τοις
2575 3554 2674 3623 τῆς
2729 3553 2822 3605 τοῦ
2877 3556 3032 3622 ἁγίου
3069 3554 3386 3624 Πνεῦματος
3428 3556 3672 3624 δωρεᾶς,
3708 3557 3787 3616 εἰς
3828 3556 4011 3623 ὄνομα

2434 3649 2674 3716 Πατὲρος
2699 3647 2791 3700 καὶ
2820 3646 2947 3699 Υἰοῦ
2968 3648 3060 3699 καὶ
3084 3648 3238 3714 ἁγίου
3269 3648 3580 3718 Πνεῦματος
3614 3648 4011 3716 βαπτισθέντα.

2435 3738 2539 3792 Τὸν
2580 3739 2637 3791 δὲ
2682 3738 2814 3791 Θεὸν
2845 3739 3016 3805 Λόγον
3067 3739 3153 3792 διὰ
3192 3740 3294 3808 τὴν
3335 3739 3782 3811 ὑπερϐάλλουσαν
3832 3738 4008 3791 αὐτοῦ

2434 3830 2636 3900 ἀρετὴν
2668 3831 2790 3882 κατ’
2814 3830 3065 3882 εὐδοκίαν
3107 3831 3163 3881 ὲν
3192 3829 3342 3899 αῦτῷ
3370 3831 3800 3899 κατοικήσαντα,
3844 3847 4019 3899 μετα-

2433 3920 2619 3974 δοῦναι
2652 3920 2803 3989 αὐτῷ
2834 3924 2929 3991 τῆς
2958 3920 3145 3988 Θεῖκῆς
3172 3920 3331 3985 ἀξίας
3356 3920 3447 3972 καὶ
3476 3922 3913 3991 προσκυνήσεως
3938 3924 4018 3978 εἰς

2435 4013 2660 4081 ὕστερον
2722 4012 2863 4083 μετὰ
2905 4010 3003 4082 τὴν
3050 4010 3327 4063 τελείωσιν
3354 4026 3367 4039 °
3403 4011 3576 4065 ταῦτά
3620 4029 3678 4063 τε
3717 4012 3814 4063 καὶ
3848 4013 4020 4079 ἕτερα

2435 4104 2606 4156 πολλὰ
2638 4104 3001 4172 δυσφημήσας
3030 4102 3278 4164 τοιαῦτα,
3307 4102 3401 4155 δύο
3435 4102 3623 4170 φυσεις
3654 4104 4020 4172 ἱδιοπεριορί-

2437 4214 2591 4260 στους
2640 4197 2803 4265 φησὶν
2852 4196 3046 4248 εἰδέναι
3089 4195 3181 4247 ἐπὶ
3234 4194 3496 4267 Χριστοῦ,
3526 4195 3710 4263 σχέσει
3757 4198 3877 4246 τινὶ
3920 4194 4017 4245 καὶ

2439 4287 2597 4357 μόνον
2629 4285 2888 4355 ἀλλήλαις
2918 4286 3298 4354 οἰκειωμένας.
3324 4286 3557 4355 Δευτέρα
3580 4287 3673 4337 καὶ
3697 4284 3846 4355 αὕτη
3879 4286 4021 4338 πλα-

2436 4394 2500 4447 νη
2531 4375 2625 4428 τοῦ
2664 4378 2794 4446 μίαν
2812 4376 2974 4443 φύσιν
2998 4377 3091 4429 καὶ
3117 4375 3211 4427 δῦο
3243 4375 3431 4443 φύσεις
3451 4376 4041 4443 ιδιοπεριορι”στους,ι

2360 4480 2406 4536 ι)
2439 4468 2514 4538 μὴ
2549 4469 2692 4521 κατά
2729 4468 2820 4520 τὸν
2856 4466 3018 4538 ὀρθὸν
3060 4467 3219 4535 λόγον
3267 4467 3647 4538 ὁμολογεῖσθαι
3686 4470 3743 4541 ὲν
3771 4467 3857 4537 τῷ
3888 4470 4025 4538 Χριι

2438 4559 2543 4630 στῷ
2552 4599 2563 4612 .

2660 4732 2663 4733 ν
2952 4673 3107 4736 Δόξα
3169 4674 3517 4747 Νεστορνίου.

2505 4754 2659 4819 Μετὰ
2694 4778 2917 4827 τουτους
2964 4766 3020 4818 δὲ
3082 4765 3288 4829 γίνεταί
3320 4782 3402 4828 τις
3443 4766 3729 4835 Νεστόριος
3760 4767 4027 4836 ὀνόματι,

2437 4858 2495 4919 ὃς
2521 4858 2748 4925 ὡρμᾶτο
2793 4857 2894 4925 μὲν
2948 4856 3059 4910 ἀπὸ
3105 4857 3505 4925 Γερμανικείας
3558 4857 3655 4925 τῆς
3695 4859 3751 4908 ὲν
3787 4859 3979 4930 Συρίᾳ
4014 4878 4025 4889 ·

2438 4948 2736 5017 κληροῦται
2765 4950 2821 5001 δὲ
2845 4951 2903 5001 ἐν
2942 4948 3211 5019 Ἀντιοχίᾳ
3236 4952 3303 5017 τῇ
3340 4949 3493 5020 παρὰ
3532 4950 3796 5018 Ὀρόντην
3851 4967 4029 5005 ποτα·

2443 5039 2564 5107 μον,
2588 5038 3208 5100 Κωνσταντινουπόλεως
3246 5038 3301 5090 δὲ
3347 5040 3439 5091 τὸν
3492 5039 3679 5110 θρόνον
3715 5039 4029 5107 λαμϐάνει.

2442 5127 2608 5195 Οὗτος
2651 5131 2812 5184 πάλιν
2833 5135 2898 5201 τῇ
2932 5132 3083 5200 φωνῇ
3120 5131 3231 5183 τῶν
3262 5131 3354 5184 δύο
3388 5133 3601 5199 φύσεων
3632 5132 3737 5185 τῶν
3785 5135 3852 5185 ὲν
3891 5134 4002 5201 Χρι

2446 5225 2575 5291 στῷ.
2628 5224 2920 5291 κακοφυῶς
2970 5223 3345 5293 ἀποκέχρηται
3398 5223 3602 5293 ὁμοίως
3662 5223 3879 5292 Παύλῳ
3942 5226 4033 5277 καὶ

2398 5386 2407 5402 ν
2438 5316 2697 5386 Θεοδώρῳ
2717 5317 2827 5377 τοῖς
2861 5315 3052 5368 ἑαυτοῦ
3081 5317 3383 5385 προγόνοις.
3411 5316 3485 5368 Οὐ
3512 5317 3615 5384 γὰρ
3639 5316 3723 5366 ἵνα
3756 5317 3869 5382 τὴν
3900 5317 4034 5385 ah,

2441 5409 2641 5478 Θότητα
2683 5408 2781 5477 τῆς
2826 5408 2969 5461 κατὰ
3012 5409 3247 5479 Χριστὸν
3287 5408 3539 5478 Θεότητός
3566 5424 3624 5459 τε
3664 5408 3759 5459 καὶ
3809 5410 4033 5479 ἀνθρω-

2252 5521 2482 5577 ΝΟΤλΕ.

836 5622 910 5692 (6)
938 5619 1063 5692 llaec
1100 5628 1157 5671 et
1216 5632 1336 5685 quae
1389 5625 1695 5692 sequuntur
1734 5613 2254 5692 descripsitASuidas
2281 5634 2331 5671 ν.

775 5684 1201 5757 Ἀπολλινάριος,
1238 5684 1307 5739 nt
1357 5684 1593 5739 advertit
1623 5686 1885 5740 Knstcrus
1920 5684 1985 5737 ad
2022 5685 2203 5740 Suidzu
2233 5687 2332 5741 Lc-

765 5762 947 5825 xicon,
995 5768 1128 5812 tom.
1162 5758 1200 5823 Ι,
1245 5774 1365 5828 pag.
1412 5758 1515 5810 280

2513 5618 2589 5683 (7)
2652 5618 3168 5687 Ἰδιοπεριορίστους,
3210 5629 3361 5673 verte
3390 5620 3497 5672 suis
3526 5635 3797 5688 quamque
3826 5618 4029 5684 ﬁm‘bm

2443 5690 2806 5749 terminatam,
2857 5689 2961 5743 hoc
3010 5700 3116 5753 cst,
3154 5705 3260 5743 non
3310 5690 3647 5761 hypostatice
3699 5690 3896 5743 unitas
