4198 6434
231 367 251 430 1
271 369 366 431 489

1463 369 1558 428 DE
1600 370 2185 433 INCARNA'I‘IONE.

3325 380 3458 443 1490

223 484 478 549 πότητος,
510 481 604 535 καὶ
638 482 736 551 τὴν
764 478 967 534 τούτων
993 479 1259 551 ἀτρεψίαν
1283 480 1376 532 καλ⁵
1403 481 1668 550 ἐπιμονὴν
1691 483 1782 534 καὶ
1815 493 1856 546 Α

1815 493 1856 546 Α
1887 497 1941 541 et
1970 488 2290 540 confusione
2313 487 2609 554 signiticet;
2638 491 2730 545 sed
2765 500 2824 545 ut
2850 494 3144 560 peripsum
3166 507 3453 549 numerum

221 574 559 644 ἀσυγχυσίαν
587 575 827 644 σημάνῃ,
853 572 946 624 τὸν
974 572 1208 642 ἀριθμὸν
1230 570 1338 623 τῶν
1375 572 1466 624 δύο
1497 576 1783 642 καταφρά-

221 666 301 730 Cat
335 665 570 734 φύσεων,
599 665 712 720 ἀλλ’
744 665 833 718 ἵνα
851 663 945 716 δύο
972 664 1240 734 πρόσωπα
1281 663 1348 716 δι’
1377 663 1544 718 αὑτοῦ
1573 665 1665 716 τοῦ
1690 664 1784 716 δύο

221 754 457 826 ἀριθμοῦ
479 754 710 824 δολερῶς
731 754 1104 823 ὑπαινίξηται,
1135 753 1234 824 τὴν
1264 753 1376 807 τῶν
1405 755 1622 824 φύσεων
1655 755 1784 824 κλῆ-

222 861 306 897 σιν
347 845 468 897 am
515 843 624 897 τῶν
658 843 965 914 προσώπων
1005 843 1300 914 λαμϐάνων
1335 844 1677 912 κακούργως,
1711 844 1782 905 ὡς

219 933 437 1005 ἀληθῶς
465 936 562 988 καὶ
579 935 884 1003 κακοήθως,
920 937 1455 1007 πεπαρῤησιασμένῃ
1497 954 1782 1006 προσωνυ-

224 1025 325 1095 μία
363 1025 470 1078 τῶν
501 1026 716 1092 φύσεων
743 1025 804 1078 τὸ
836 1026 1286 1098 ἀπηγορευμένον
1327 1027 1436 1080 τῶν
1479 1026 1786 1096 προσώπων

221 1118 480 1184 εἰσάγων,
505 1117 644 1170 ὥστε
675 1116 832 1171 ἄλλον
874 1111 1016 1171 εἶναι
1048 1117 1175 1189 παρ’
1202 1116 1351 1185 αὐτῷ
1392 1118 1484 1170 τὸν
1527 1117 1785 1189 Χριστὸν,

223 1208 318 1261 καὶ
344 1207 504 1260 ἀλλον
530 1208 620 1260 τὸν
651 1207 784 1260 Θεὸν
810 1207 1002 1275 Λόγον,
1035 1207 1174 1260 κατά
1195 1208 1292 1276 τὴν
1325 1206 1585 1277 πατρῴαν
1622 1205 1786 1260 αὑτοῦ

221 1296 430 1366 πλάνην
461 1311 475 1325 ’
524 1296 638 1358 υίὸς
675 1297 784 1367 γὰρ
814 1291 882 1365 ἦν
925 1295 1017 1348 τοῦ
1053 1295 1308 1366 ξΚίλικος,
1349 1296 1443 1349 τοῦ
1493 1295 1551 1348 δὲ
1613 1295 1788 1363 Σαμο-

224 1389 433 1450 σατέως
464 1388 750 1456 ἀπόγονος.
781 1388 890 1440 Καὶ
928 1387 1016 1440 διὰ
1068 1387 1223 1440 τοῦτο
1266 1387 1402 1456 πρὸς
1450 1388 1550 1456 τὴν
1587 1388 1788 1456 σεμνὴν

225 1477 501 1548 Παρθένον
534 1477 799 1531 ἄσπονδον
844 1477 1014 1548 ἤρατο
1052 1478 1308 1547 πόλεμον,
1337 1477 1412 1548 μὴ
1447 1477 1787 1547 δυσωπηθεὶς

222 1565 321 1635 τὴν
349 1565 655 1635 θεομητέρα
678 1567 770 1618 καὶ
802 1566 969 1635 ἁγνὴν
994 1568 1229 1636 Μαρίαν,
1249 1567 1325 1628 ὼς
1363 1565 1632 1618 Δεσπότου
1677 1566 1790 1636 Mq-

221 1656 358 1726 τέρα
383 1673 396 1686 ·
426 1657 541 1709 ἀλλ’
572 1657 647 1720 ὡς
699 1657 883 1720 δοῦλος
932 1660 1334 1730 τραχηλιαοκιὴς
1377 1660 1471 1712 καὶ
1506 1659 1790 1728 ἀναίσχυν-

222 1763 337 1810 τος,
371 1747 703 1817 ἀρνούμενος
743 1750 835 1801 τὸν
879 1749 1074 1801 ἑαυτοῦ
1117 1751 1338 1818 Κύριον,
1369 1749 1464 1802 καὶ
1507 1749 1789 1818 ἀτιμάζων

1891 579 2123 632 duarum
2150 589 2471 633 naturarum
2490 581 2627 634 duas
2649 598 2908 650 personas
2937 583 3205 651 designet,
3235 598 3458 640 naturas

1892 685 1993 740 pro
2022 673 2270 740 personis
2303 673 2618 741 appellans;
2659 684 2715 728 et
2738 677 3104 742 appellatione
3134 686 3460 733 naturarum

1893 762 2161 815 malitiose
2188 772 2243 815 et
2266 779 2361 830 per
2393 763 2579 815 dolum
2609 763 2780 816 frctus
2824 772 2879 816 et
2901 764 3159 828 conlisus,
3198 781 3460 832 personas

1893 860 2083 904 contra
2128 850 2357 904 vetitmn
2397 849 2782 915 introducens;
2837 861 2896 903 ut
2947 854 3089 919 apud
3143 869 3269 907 eum
3321 854 3460 907 alius

1891 949 2036 993 esset
2062 941 2336 1000 Christus.
2375 952 2432 996 et
2483 942 2624 996 alius
2682 942 2827 995 Deus
2853 943 3116 1006 Verbum,
3154 944 3458 998 secundum

1891 1046 2136 1084 errorem
2172 1041 2385 1100 patrum
2420 1049 2481 1086 ac
2517 1035 2782 1102 majorum
2829 1050 3050 1088 suorum
3094 1054 3107 1088 :
3162 1037 3265 1089 fuit
3309 1038 3457 1090 enim

1895 1124 2038 1177 [ilius
2071 1123 2278 1180 Cilicis.
2327 1135 2383 1178 ct
2431 1141 2498 1179 ex
2533 1125 2768 1193 posteris
2823 1127 2976 1179 Pauli
3033 1126 3454 1181 Samosatensis.

1894 1217 2105 1271 Idcirco
2149 1215 2352 1269 bellum
2397 1217 2640 1284 suscepit
2689 1232 2814 1270 cum
2863 1219 3085 1285 Virgine
3132 1220 3456 1283 venerabili,

1895 1307 2098 1360 nullam
2129 1306 2492 1359 reverentiam
2531 1307 2798 1361 adhibens
2825 1309 2985 1362 matri
3020 1309 3114 1362 Dei
3138 1318 3193 1363 et
3226 1311 3460 1378 purissi-

1895 1411 1994 1450 mze
2031 1397 2212 1450 Maria:
2244 1438 2258 1458 ,
2309 1406 2498 1464 utpote
2538 1397 2694 1451 Matri
2742 1398 2979 1461 Domini,
3025 1400 3119 1454 sed
3164 1402 3350 1468 potius
3399 1410 3461 1455 ut

1894 1501 2087 1538 servus
2140 1486 2413 1554 superbus
2453 1494 2509 1537 et
2560 1485 2870 1556 impudens,
2919 1503 3123 1556 negans
3167 1489 3458 1542 Dominum

1895 1589 2077 1634 suum,
2099 1581 2156 1627 et
2181 1574 2464 1628 Dominam
2514 1589 2668 1628 suam
2703 1575 3049 1642 vituperans,
3096 1589 3206 1627 non
3244 1585 3351 1626 tam
3379 1574 3461 1625 in-

1893 1664 2086 1716 videns
2111 1663 2160 1716 ei
2195 1663 2617 1732 appellationem
2653 1665 2843 1717 matris
2869 1663 2985 1724 Dei,
3021 1679 3185 1731 quam
3211 1661 3461 1716 invidens

1895 1753 1988 1804 Dei
2023 1751 2440 1820 appellationem
2467 1768 2530 1805 ex
2565 1753 2680 1821 ipsa
2711 1752 2931 1820 Virgine
2965 1762 3137 1806 matre
3174 1761 3325 1805 nato.
3362 1751 3462 1803 llic

221 1837 323 1904 τὴν
351 1836 646 1889 Δέσποιναν
673 1837 887 1897 ἑαυτοῦ.
923 1837 1229 1907 βασκαίνων
1258 1840 1318 1890 οὐ
1351 1838 1604 1892 τοσοῦτον
1652 1839 1788 1907 αὐτῇ
1826 1841 1864 1893 Β

1826 1841 1864 1893 Β
1894 1842 2058 1910 igitur
2106 1841 2391 1895 Nestorius
2425 1843 2618 1895 tertius
2645 1843 2808 1912 hujus
2841 1844 3064 1896 haeresis
3095 1842 3333 1897 Iudaica:
3366 1841 3462 1894 de-

223 1928 342 1994 τῆς,
370 1927 650 1992 Θεοτόκος,
688 1930 1054 1999 προσηγορίας
1081 1969 1096 1990 ,
1125 1930 1248 1982 ὅσον
1289 1929 1409 1998 τῆς,
1439 1929 1589 1992 Θεὸς,
1623 1928 1701 1998 τῷ
1734 1929 1791 1992 ἐξ

221 2020 394 2088 αὐτῆς
415 2019 745 2090 γεννηθέντι.
787 2015 953 2083 Οὗτος
987 2023 1083 2090 μὲν
1113 2018 1204 2074 οὖν
1233 2023 1262 2073 6
1294 2023 1585 2095 Νεστόριος
1641 2021 1820 2091 τρίτος

222 2117 303 2177 είς
331 2112 520 2166 ἑαυτὸν
550 2111 720 2183 αὐτὴν
745 2113 1124 2183 περιέστησεν.

736 2226 892 2290 Δόξα
943 2229 1272 2297 Εὐτυχοῦς.

295 2345 407 2414 Τῆς
456 2343 514 2396 δὲ
564 2342 840 2397 ἀντιθέτου
890 2345 1101 2416 μοίρας,
1133 2347 1232 2416 τῆς
1269 2345 1412 2400 κατὰ
1464 2346 1658 2416 Μάνην
1696 2347 1790 2400 καὶ

237 2436 635 2505 ’Δπο).ινάριον,
664 2435 847 2502 τρίτος
903 2436 1064 2490 πάλιν
1109 2438 1451 2509 προαπιστὴς
1479 2441 1508 2492 6
1547 2438 1791 2508 Εὑτυχὴς

225 2525 605 2594 ἀναφαίνεται,
634 2525 693 2588 ὃς
720 2523 788 2596 ἦν
811 2526 1116 2598 ἡγούμενος
1146 2545 1381 2598 μοναστη
1392 2529 1504 2600 ρίου
1539 2530 1661 2592 ἐνὸς
1682 2529 1792 2582 τῶν

229 2615 362 2683 περὶ
391 2615 453 2667 τὸ
480 2612 794 2676 Βυζάντιον.
823 2609 990 2678 οὗτος
1012 2616 1120 2686 γάρ
1145 2617 1219 2687 μὴ
1245 2618 1571 2687 ἀνεχόμενος
1599 2618 1790 2688 ὁμοούκ

229 2725 345 2760 σιον
373 2708 504 2778 ἡμῖν
531 2708 627 2761 καὶ
653 2707 868 2776 ὁμοφυῆ
901 2708 999 2778 τὴν
1031 2709 1207 2779 σάρκα
1233 2707 1329 2762 τοῦ
1360 2709 1564 2779 Κυρίου
1594 2711 1791 2778 ὁμολο-

227 2800 369 2866 γεῖν,
399 2797 499 2860 τὰς
542 2795 638 2850 δύο
676 2796 867 2864 φύσεις
905 2797 1202 2866 ἀπηρνεῖτο
1232 2797 1501 2859 σώζεσθαι
1531 2797 1710 2865 λέγειν
1735 2801 1794 2850 ὲν

228 2886 309 2955 τῷ
333 2883 552 2956 Χριστῷ
583 2883 722 2954 μετά
749 2885 848 2954 τῆς
875 2884 1080 2938 τούτων
1127 2885 1375 2949 ὲνὼσεὼς
1417 2903 1478 2938 τε
1521 2887 1615 2938 καὶ
1662 2903 1797 2956 συμ-

229 2976 431 3042 φυΐας·
467 2975 528 3027 ού
589 2976 749 3042 μόνον
798 2974 876 3039 δὲ,
903 2973 1038 3026 ἀλλά
1068 2975 1163 3027 καὶ
1215 2973 1493 3044 τερατώδη
1536 2976 1660 3028 τινὰ
1702 2977 1797 3028 καὶ

227 3065 492 3118 ἀλλόκοτα
517 3063 798 3129 ἔπλαττεν,
818 3063 878 3128 ἐξ
903 3063 1132 3132 ούρανοῦ
1153 3062 1326 3130 λέγων
1347 3064 1673 3133 κατηνέχθαι
1700 3064 1795 3116 τοῦ

230 3155 440 3224 Κυρίου
472 3153 533 3206 τὸ
563 3153 744 3222 σῶμα,
772 3152 868 3204 καὶ
899 3151 973 3214 ὠς
997 3151 1086 3205 διὰ
1121 3152 1357 3221 σωλῆνος
1384 3153 1480 3221 τῆς
1519 3153 1792 3223 Παρθένου

231 3245 614 3316 παραδραμεῖν
640 3244 732 3297 τὸν
758 3243 888 3296 Θεὸν
908 3242 1100 3310 Λόγον,
1139 3243 1428 3312 οὐρανόθεν
1458 3244 1614 3298 τοῦτο
1652 3245 1798 3298 ἑνδε-

226 3336 595 3406 δυμένον,ῖνα
640 3333 767 3404 δόξῃ
816 3333 978 3402 δῆθεν
1014 3334 1374 3402 γεγεννῆσθαι
1419 3337 1482 3388 ἐκ
1517 3335 1797 3404 γυναικὸς,

229 3427 435 3497 καίπερ
463 3427 601 3496 μήτε
621 3425 1036 3494 γεγεννημένον.
1071 3427 1368 3496 Μανιχαῖος
1382 3426 1411 3478 6
1432 3428 1602 3495 Λόγος
1623 3421 1796 3490 οὗτος.

229 3521 328 3574 καὶ
375 3517 922 3588 πεφαντασιασμένος
969 3517 1147 3588 πολλῷ
1189 3517 1388 3588 μᾶλλον
1429 3518 1659 3573 ἐκείνου.
1691 3521 1800 3574 Καὶ

227 3611 406 3674 οὕτως
455 3604 548 3663 οὖν
598 3609 727 3678 μίαν
776 3609 940 3676 φύσιν
993 3609 1084 3662 τὸν
1123 3609 1359 3680 Χριστὸν
1394 3609 1798 3680 διεστραμμένη

231 3702 434 3771 καρδίᾳ
483 3699 842 3770 ἐπρέσϐευσε.
897 3699 1019 3752 Τῶν
1058 3699 1151 3753 οὖν
1208 3700 1302 3754 δύο
1348 3700 1528 3770 μερῶν
1572 3699 1797 3762 τούτων,

229 3791 330 3844 τοῦ
359 3807 418 3844 τε
451 3791 589 3844 κατά
623 3790 816 3859 Μάνην
848 3791 941 3842 καὶ
985 3790 1357 3861 Ἀπολινάριον
1386 3789 1480 3843 καὶ
1530 3790 1798 3860 Εὑτυχέα,

233 3883 332 3937 καὶ
381 3880 476 3934 τοῦ
504 3880 648 3934 κατά
687 3880 896 3935 Παῦλον
930 3881 1027 3933 καὶ
1057 3880 1330 3950 Θεόδωρον
1363 3881 1458 3934 καὶ
1485 3881 1800 3952 Νεστόριον,

232 3973 347 4025 τῶν
386 3972 486 4042 μὲν
518 3971 646 4041 μίαν
693 3970 877 4039 φύσιν,
906 3969 1015 4023 τῶν
1043 3969 1100 4022 δὲ
1133 3969 1227 4022 δύο
1251 3969 1444 4037 φύσεις
1471 3969 1532 4034 ἐξ
1553 3971 1801 4032 ἐναντίας

233 4063 483 4132 ἀλλήλων
511 4060 602 4114 τὸν
622 4060 900 4127 Δεσπότην
929 4059 1165 4130 Χριστὸν
1193 4060 1424 4128 ἀμαθῶς
1475 4061 1798 4130 εἰρηκότων,

233 4155 337 4215 τὰς
358 4151 443 4220 ἐφ’
475 4151 711 4220 ἑκάτερα
736 4148 1000 4214 κακίστας
1023 4149 1370 4220 μετατροπάς
1393 4151 1486 4203 καὶ
1515 4148 1801 4210 δυσσεϐεῖς

237 4241 626 4313 παρεγκλίσεις
664 4238 1072 4308 ἀπαναινομένη
1111 4240 1144 4308 ἡ
1179 4237 1440 4308 καθολικὴ
1481 4237 1800 4305 Ἐκκλησία,

241 4336 418 4408 μέσην
450 4333 775 4406 ἀμφοτέρων
803 4331 1029 4402 βαδίζει,
1063 4331 1168 4402 ὁδῷ
1207 4331 1462 4402 βασιλικῇ
1502 4331 1804 4401 πορευομέ-

1899 1930 2087 1983 fcnsor
2112 1939 2167 1984 ct
2195 1939 2477 1999 patronus,
2515 1947 2634 1985 eam
2667 1931 2770 1985 sibi
2803 1932 3120 1987 vindicavit.

1861 2023 2169 2091 προστάτης
2229 2022 2327 2090 τῆς
2353 2023 2650 2091 Ἰουδαϊκῆς
2670 2022 2869 2092 ταύτης
2891 2023 3157 2093 αἱρέσεως
3187 2021 3428 2092 γεγονὼς

2392 2229 2584 2299 Opinio
2628 2230 2946 2299 Eutychetis.

1971 2349 2144 2404 Secue
2177 2346 2464 2401 contrariae
2498 2345 2780 2399 Manicluei
2834 2356 2890 2399 et
2922 2345 3244 2414 Apollinarii
3271 2343 3466 2398 tertius

1902 2455 2092 2495 rursus
2123 2448 2388 2508 patronus
2409 2447 2566 2491 ortus
2593 2447 2676 2490 est
2697 2437 2993 2506 Eutyches,
3018 2435 3311 2504 pnefectus
3343 2435 3464 2490 cui-

1903 2531 2024 2586 dam
2047 2529 2376 2584 monasterio
2404 2529 2614 2583 circum
2636 2526 3187 2595 ConstantinOpolim.
3211 2523 3311 2578 llic
3339 2540 3464 2578 cum

1902 2625 2069 2678 nollet
2085 2621 2333 2676 conﬁteri
2351 2635 2472 2674 esse
2493 2634 2713 2672 carnem
2727 2619 2941 2671 Domini
2957 2617 3200 2687 ejusdem
3213 2617 3469 2671 substan-

1903 2717 1989 2769 tiae
2016 2723 2072 2766 ct
2105 2722 2314 2766 natura;
2362 2727 2469 2779 qua
2521 2719 2710 2764 nostra
2750 2718 2856 2771 est,
2893 2709 3126 2779 negabat
3169 2708 3376 2761 servari
3408 2709 3463 2761 in

1898 2804 2118 2860 Christo
2154 2804 2292 2857 duas
2319 2810 2544 2855 naturas
2577 2816 2686 2854 una
2713 2815 2839 2854 cum
2861 2816 3050 2856 earum
3076 2801 3278 2854 unione
3309 2817 3321 2851 :
3362 2813 3466 2852 nec

1902 2897 2006 2948 hoc
2031 2896 2206 2948 solum
2229 2934 2242 2955 ,
2294 2891 2390 2946 sed
2430 2890 2678 2960 quaedam
2705 2889 2880 2942 instar
2917 2889 3145 2942 monstri
3177 2898 3230 2942 et
3260 2887 3465 2941 absona

1901 2985 2158 3055 ﬁngebat.
2204 2983 2399 3037 Aiebat
2437 2983 2583 3036 enim
2612 2980 2854 3034 delatum
2881 2994 3002 3034 esse
3025 2993 3228 3046 corpus
3257 2976 3465 3030 ChriSti

1898 3093 1928 3130 e
1953 3075 2112 3138 ecelo,
2149 3084 2205 3129 et
2253 3074 2421 3127 Deum
2467 3072 2729 3132 Verbum,
2757 3085 2882 3124 cum
2924 3084 3122 3138 corpus
3145 3085 3176 3123 e
3211 3069 3350 3123 coelo
3386 3068 3468 3121 in-

1899 3164 2129 3227 duisset,
2164 3177 2263 3232 per
2296 3163 2571 3230 Virginem
2604 3171 2858 3229 tanquam
2891 3175 2990 3227 per
3016 3158 3258 3213 canalem
3291 3166 3468 3211 trans-

1901 3270 2141 3319 measse;
2174 3261 2234 3306 ut
2255 3252 2507 3306 videatur
2533 3258 2694 3303 natus
2720 3264 2787 3303 ex
2827 3248 3079 3312 muliere,
3115 3263 3242 3302 cum
3274 3255 3458 3300 tamen

1898 3353 2062 3397 natus
2099 3357 2207 3395 non
2263 3341 2354 3394 sit.
2410 3339 2526 3392 Hoc
2570 3337 2751 3391 aiebat
2791 3335 3144 3397 Manichaéus,
3201 3335 3312 3387 imo
3351 3348 3466 3386 ma-

1899 3434 1982 3502 gis
2004 3434 2129 3495 hoc,
2171 3445 2335 3500 quam
2379 3427 2514 3482 illud
2553 3425 2990 3481 commentitium
3028 3434 3132 3479 est.
3180 3423 3271 3478 Sic
3301 3423 3467 3491 igitur

1902 3536 2065 3576 uuam
2095 3531 2346 3574 naturam
2381 3518 2435 3572 in
2475 3517 2694 3572 Christo
2723 3529 2984 3584 perverse
3041 3513 3321 3583 professus
3360 3520 3464 3566 cst.

1899 3612 2037 3666 Cum
2069 3611 2234 3681 igitur
2267 3608 2387 3662 dua:
2416 3607 2525 3661 sint
2561 3617 2765 3675 partes,
2817 3620 2924 3658 una
2959 3602 3269 3664 Manichaei,
3301 3600 3466 3670 Apol-

1902 3703 2083 3758 linarii
2144 3712 2200 3756 et
2235 3699 2589 3772 Eutychetis;
2644 3700 2812 3753 altera
2860 3697 3034 3760 Pauli,
3080 3693 3357 3749 Theodori
3411 3702 3468 3748 et

1900 3791 2169 3854 Nestorii;
2220 3791 2296 3843 illi
2338 3804 2499 3842 uuam
2550 3799 2825 3845 naturam.
2875 3785 2929 3838 hi
2973 3785 3112 3838 duas
3146 3785 3201 3837 in
3242 3782 3464 3838 Christo

1906 3884 2224 3946 inscienter,
2257 3897 2319 3935 ac
2348 3882 2491 3935 inter
2519 3896 2576 3934 se
2607 3889 2914 3949 pugnantes
2949 3886 3153 3947 ponant
3183 3893 3198 3929 :
3234 3877 3467 3929 istorum

1905 3973 1960 4025 in
2009 3972 2330 4026 alterutram
2401 3980 2611 4039 partem
2663 3968 2924 4038 pessimas
2975 3964 3369 4020 declinationes
3416 3973 3472 4017 et

1906 4063 2101 4131 impias
2145 4061 2524 4116 aberrationes
2569 4074 2832 4128 respuens
2893 4056 3134 4112 Ecclesia
3180 4053 3469 4112 catholica.

1907 4153 2086 4208 media
2110 4154 2251 4206 inter
2275 4161 2562 4220 utramque
2579 4150 2666 4203 via
2697 4150 2844 4218 regia
2871 4148 3095 4209 incedit,
3124 4161 3226 4200 nec
3247 4145 3314 4198 ad
3347 4159 3471 4198 eam

1907 4243 2186 4297 declinans
2217 4257 2338 4310 qua:
2375 4239 2592 4294 videtur
2632 4239 2699 4292 ad
2748 4239 3024 4291 dexteram
3063 4234 3324 4297 tendere,
3370 4248 3473 4286 nec

1907 4331 1974 4384 ad
2004 4345 2124 4384 eam
2146 4345 2266 4398 qua:
2313 4329 2474 4397 plane
2509 4326 2686 4382 tendit
2726 4325 2794 4380 ad
2835 4325 3135 4379 sinistram.
3175 4321 3294 4375 Non
3327 4320 3474 4374 enim

238 4443 330 4496 νη,
348 4426 422 4497 μὴ
446 4425 768 4494 ὲγκλίνουσα
787 4426 865 4487 είς
885 4424 954 4477 τά
985 4424 1247 4476 δοκοῦντα
1269 4423 1439 4488 δεξιὰ,
1469 4423 1603 4492 μηδὲ
1633 4423 1714 4482 είς
1737 4419 1806 4474 τὰ
1843 4435 1884 4488 ί)

1843 4435 1884 4488 ί)
1909 4417 2232 4489 simpliciter
2251 4418 2538 4488 proﬁtetur
2555 4432 2715 4470 unam
2737 4425 2986 4470 naturam
3011 4415 3066 4468 in
3080 4410 3475 4476 Christo,sicut

240 4515 492 4588 προφανῆ
518 4513 800 4583 ἀριστερά.
830 4512 989 4568 Κατά
1015 4512 1123 4583 γὰρ
1151 4513 1378 4583 Μάνητα
1399 4513 1493 4566 καὶ
1531 4511 1809 4565 ’Λπολινά-

245 4625 361 4679 ριον
381 4606 478 4660 καὶ
510 4604 754 4674 Εὗτυχέα
784 4603 914 4674 μίαν
945 4603 1106 4672 φύσιν
1129 4603 1314 4666 ἁπλῶς
1336 4604 1430 4656 ἐπὶ
1456 4601 1692 4669 Χριστοῦ
1719 4601 1805 4654 λέ-

243 4715 361 4766 γειν
389 4697 451 4750 οὐ
473 4694 860 4766 παραδέχεται,
885 4693 1022 4748 ἀλλά
1053 4695 1181 4764 μίαν
1197 4692 1358 4763 φύσιν
1378 4692 1467 4746 τοῦ
1485 4691 1620 4746 Θεοῦ
1637 4695 1809 4760 Λόγου

246 4785 675 4855 σεσαρκωμένην
709 4799 723 4812 ·
752 4781 842 4834 διὰ
879 4783 978 4849 τῆς
1003 4781 1324 4853 προσθήκης
1362 4780 1456 4834 τοῦ
1481 4820 1496 4844 ,
1523 4798 1808 4854 σεσαρκω·

247 4877 446 4948 μένην,
495 4874 748 4945 δηλοῦσιν
779 4873 878 4944 τὴν
920 4873 1083 4942 φύσιν
1123 4873 1223 4942 τῆς
1267 4873 1709 4943 ἀνθρωπότητος,
1745 4875 1812 4942 ἢν

245 4973 276 5040 ἡ
315 4969 479 5037 φύσις
510 4967 605 5020 τοῦ
635 4967 770 5020 Θεοῦ
798 4967 974 5033 Λόγου
1003 4964 1562 5035 προσλαμϐανομένη,
1595 4965 1711 5034 ἀμα
1751 4982 1810 5017 τε

246 5058 344 5111 καὶ
367 5057 466 5109 σὺν
489 5054 661 5124 ταύτῃ
689 5048 770 5115 εἷς
803 5053 1005 5122 Κύριος
1049 5049 1253 5120 Ἰησοῦς
1275 5051 1510 5120 Χριστὸς
1543 5048 1766 5118 γέγονεν
1797 5067 1809 5080 ·

244 5147 368 5201 οὐδὲ
411 5146 548 5216 αὐτὴ
570 5147 604 5215 ἡ
635 5143 728 5197 τοῦ
757 5145 931 5212 Λόγου
953 5141 1114 5211 φύσις
1149 5141 1309 5212 ἑτέρα
1339 5143 1468 5212 παρ’
1499 5142 1698 5210 ἑαυτὴν
1722 5140 1816 5194 καὶ

244 5239 358 5292 τῶν
404 5236 528 5290 κατ’
562 5235 731 5305 αὐτὴν
760 5234 1079 5300 θεοπρεπῶς
1133 5233 1468 5301 αὐχημάτων
1514 5231 1812 5300 γενομένη,

247 5331 298 5382 εί
327 5329 421 5382 καὶ
446 5331 506 5381 ὲν
535 5327 838 5398 προσλήψει
893 5327 1092 5396 σαρκὸς
1142 5326 1356 5393 γέγονε,
1387 5325 1587 5393 σαρκὸς
1636 5323 1693 5376 δὲ
1721 5325 1817 5390 ούχ

248 5419 442 5482 ἁπλῶς
473 5435 488 5448 °
520 5418 681 5472 τοῦτο
727 5419 834 5487 γὰρ
879 5416 1223 5487 ’Δρειανικόν
1245 5431 1257 5444 ο
1295 5413 1436 5467 ἀλλὰ
1467 5412 1672 5480 σαρκὸς
1719 5413 1815 5480 ὲμο

247 5509 584 5579 ψυχωμένης
617 5525 632 5539 ·
668 5511 764 5562 καὶ
794 5508 917 5578 οὐχὶ
965 5506 1370 5577 ἐμψυχωμένης
1408 5503 1566 5574 μόνον
1590 5519 1603 5532 ⁸
1657 5503 1818 5556 πάλιν

251 5598 364 5668 γάρ
404 5598 783 5668 ’Λπολιναρίου
830 5599 926 5651 καὶ
970 5596 1130 5650 τοῦτο
1159 5611 1170 5623 '
1243 5595 1356 5649 ἀλλ’
1417 5593 1820 5664 ὲμψυχωμένης

248 5690 403 5763 ψυχῇ
433 5692 599 5762 νοερᾷ
627 5690 722 5744 καὶ
753 5689 946 5760 λογικῇ
967 5704 980 5718 ³
1007 5690 1126 5743 οὐδὲ
1157 5690 1262 5759 μὴν
1289 5688 1387 5757 τὴν
1408 5686 1696 5756 ἀνθρώπου
1722 5685 1820 5753 φύι

1913 4510 2263 4571 Manichaeus,
2304 4508 2676 4578 Apollinarius
2697 4513 2754 4561 et
2795 4505 3107 4574 Eutyches,
3150 4501 3247 4555 sed
3290 4498 3475 4568 potius

1914 4616 2076 4656 uuam
2111 4610 2364 4654 naturam
2395 4599 2562 4653 Verbi
2593 4597 2692 4652 Dei
2724 4597 3060 4651 incarnatam
3089 4611 3102 4645 :
3128 4589 3475 4661 adiungendo

1912 4694 2082 4756 enim,
2115 4694 2475 4754 incarnatam,
2522 4689 2770 4744 declarat
2806 4695 3058 4742 naturam
3095 4680 3474 4743 humanitatis,

1913 4796 2073 4850 quam
2107 4788 2299 4833 natura
2349 4778 2511 4833 Verbi
2554 4779 2644 4831 Dei
2689 4775 3004 4844 assumpsit,
3069 4782 3124 4827 et
3153 4770 3316 4824 simul
3346 4783 3471 4825 cum

1917 4873 2018 4925 hac
2051 4871 2226 4924 factus
2250 4879 2335 4923 est
2369 4885 2512 4923 unus
2545 4869 2810 4922 Dominus
2831 4867 2993 4921 Jesus
3021 4863 3278 4918 Christus
3319 4877 3332 4912 :
3373 4874 3478 4911 nec

1919 4965 2030 5031 ipsa
2062 4970 2253 5015 natura
2276 4961 2438 5015 Verbi
2461 4959 2711 5014 Deifacta
2739 4969 2826 5013 est
2854 4959 2959 5012 alia
2981 4965 3178 5025 praeter
3216 4953 3474 5020 seipsaui,

1916 5063 1969 5106 et
2003 5068 2064 5106 ea
2099 5067 2220 5121 qua:
2254 5052 2357 5119 ipsi
2399 5059 2462 5104 ut
2491 5066 2611 5104 eam
2659 5050 2880 5112 decent,
2928 5047 3286 5106 conveniunt,
3337 5053 3476 5095 tam-

1916 5141 2019 5196 etsi
2041 5155 2260 5194 carnem
2278 5139 2574 5208 assumpsit
2593 5155 2608 5203 ;
2629 5154 2850 5193 carnem
2867 5153 3001 5192 vero
3019 5153 3129 5190 non
3152 5131 3478 5201 simpliciter

1917 5232 2232 5301 assumpsit,
2259 5231 2364 5284 hoc
2382 5230 2530 5284 enim
2543 5230 2738 5283 dicunt
2757 5228 2966 5292 Ariani,
2996 5227 3090 5282 sed
3119 5241 3343 5281 carnem
3356 5225 3481 5279 ani-

1919 5328 2146 5381 matam,
2198 5334 2301 5373 nec
2337 5319 2631 5372 animatam
2695 5325 2927 5379 tantum,
2984 5316 3091 5369 hoc
3121 5315 3268 5368 enim
3311 5313 3482 5367 tradit

1918 5410 2309 5478 Apollinarius,
2365 5407 2464 5461 sed
2519 5407 2700 5462 anima
2752 5406 3007 5460 rationali
3053 5414 3112 5460 et
3139 5403 3481 5482 intelligente

1919 5503 2200 5574 praeditam
2223 5519 2235 5553 :
2254 5515 2431 5569 neque
2449 5508 2702 5553 naturam
2724 5496 2962 5552 hominis
2980 5509 3141 5565 quam
3159 5491 3475 5562 assumpsit,

1922 5596 1975 5649 in
2048 5595 2284 5661 seipsam
2316 5590 2553 5654 refudit,
2593 5605 2696 5644 nec
2725 5589 2873 5643 illam
2909 5589 3082 5658 ipsam
3132 5583 3384 5645 mutavit,
3417 5591 3479 5636 ut

1923 5683 2473 5740 extradeﬁnitionem
2498 5683 2616 5752 ejus
2645 5680 2950 5735 naturalem
2978 5687 3035 5733 et
3061 5673 3477 5732 substantialem
