4198 6434
769 375 899 441 Mill

749 579 863 649 jam
891 588 1007 632 tota
1038 576 1289 630 deﬁnitio
1334 587 1456 639 qua:
1490 571 1605 623 haec
1635 570 1899 632 declarat,
1945 570 2025 621 sic
2055 582 2086 619 a
2125 566 2233 634 piis
2255 573 2313 618 ct

752 667 1054 724 Catholicis
1066 664 1331 718 efferatur
1359 680 1372 715 :
1405 662 1522 717 Una
1548 670 1743 714 natura
1762 660 1923 713 Verbi
1940 658 2034 711 Dei
2059 658 2313 711 incarna-

755 764 830 821 ta,
862 757 1048 811 anima
1081 752 1335 806 rationali
1362 760 1421 803 et
1460 750 1801 819 intelligente
1818 745 2066 815 prmdita.
2100 745 2315 797 Rursus

749 846 1186 904 ecclesiasticum
1221 844 1416 913 dogma
1446 859 1558 898 non
1576 842 1797 910 probat,
1828 847 1891 892 ut
1916 838 2165 891 dicamus
2184 835 2315 887 sim-

749 940 970 1009 pliciter
1016 938 1156 992 duas
1202 944 1431 989 naturas
1489 934 1544 988 in
1596 933 1843 991 Christo,
1881 929 2021 981 sicut
2085 926 2309 986 Paulus,

748 1028 1074 1083 Theodorus
1113 1037 1170 1083 et
1196 1025 1515 1087 Nestorius;
1574 1020 1670 1077 sed
1712 1021 1849 1075 duas
1900 1029 2127 1073 naturas
2176 1015 2309 1069 sub-

746 1118 1081 1173 stantialiter
1117 1118 1302 1172 unitas
1327 1132 1338 1168 :
1367 1116 1469 1168 hac
1490 1114 1642 1168 enim
1672 1110 2031 1181 adjunctione
2060 1106 2309 1163 excludit

746 1221 967 1260 omnem
988 1206 1375 1275 cogitationem
1404 1202 1747 1257 dividentem
1771 1208 1961 1261 eas,et
1991 1212 2089 1252 eos
2120 1209 2314 1248 omnes

745 1296 841 1363 qui
875 1310 1205 1364 quocunque
1229 1294 1391 1349 modo
1421 1301 1693 1348 conantur
1713 1292 2027 1360 disjungere
2049 1287 2314 1341 unionem

747 1400 922 1453 usque
954 1385 1094 1439 adeo
1146 1384 1554 1447 admirabilem,
1605 1392 1661 1437 et
1699 1396 1864 1450 supra
1915 1387 2170 1432 naturam
2204 1393 2215 1426 :
2256 1382 2314 1427 et

746 1488 854 1526 non
886 1473 1063 1528 solum
1096 1474 1233 1529 duas
1264 1485 1491 1528 naturas
1538 1472 1671 1527 dicit
1708 1468 2145 1525 substantialiter
2190 1463 2311 1516 uni-

746 1574 850 1627 tas,
879 1565 976 1619 sed
1019 1566 1223 1621 unione
1267 1566 1605 1637 hypostatica
1642 1561 2086 1632 inseparabiliter
2117 1567 2174 1612 et
2217 1558 2299 1609 in-

743 1658 969 1713 eunfuse
998 1661 1195 1715 unitas.

1156 1940 1476 2010 Explanatio
1497 1942 1831 2009 deﬁnitionis.

821 2050 942 2109 ll:ec
984 2066 1168 2110 autem
1215 2056 1466 2109 deﬁnitio
1501 2055 1771 2125 dogmatis
1818 2070 1943 2107 cum
1996 2054 2133 2108 dicit
2175 2055 2314 2109 duas

745 2156 993 2205 naturas,
1029 2145 1301 2215 signiﬁcat
1350 2145 1627 2199 diversam
1667 2144 2029 2198 substantiam
2080 2145 2311 2199 duarum

748 2242 1066 2287 naturarum
1115 2251 1236 2303 quae
1284 2242 1681 2299 convenerunt,
1734 2234 2039 2290 divinitatis
2103 2236 2314 2289 scilicet

742 2337 865 2391 qua:
894 2324 1212 2391 assumpsit,
1238 2333 1295 2377 et
1319 2323 1677 2378 humanitatis
1706 2340 1827 2392 qua:
1857 2333 2133 2393 assumpta
2180 2336 2262 2377 est
2295 2342 2307 2375 :

742 2422 869 2466 cum
899 2411 1489 2468 dicitsubstautialiter
1513 2412 1714 2473 unitas,
1748 2411 2019 2480 signiﬁcat
2045 2426 2151 2463 non
2191 2426 2311 2464 esse

746 2501 1148 2570 intelligendam
1190 2503 1445 2555 unionem
1475 2502 1707 2557 duarum
1754 2512 2070 2555 naturarum
2113 2517 2312 2556 secun-

743 2594 875 2647 dum
902 2594 1228 2649 benevolum
1253 2592 1531 2656 affectum,
1562 2602 1658 2648 aut
1682 2594 1844 2647 aliam
1873 2594 2164 2662 quamdam
2208 2609 2309 2647 no-

746 2684 951 2737 tionem
984 2682 1347 2748 habitudinis,
1379 2683 1475 2739 sed
1507 2685 1624 2752 ipsa
1647 2684 1957 2738 substantia
1986 2694 2041 2738 et
2061 2685 2311 2754 subjecto

742 2791 805 2827 ac
830 2790 889 2829 re
918 2776 1327 2830 consubsistere
1357 2784 1415 2829 et
1450 2777 1771 2844 coniunctas
1807 2791 1960 2839 esse;
2016 2791 2140 2830 cum
2176 2775 2312 2830 dicit

746 2868 949 2923 t.uione
986 2868 1349 2937 hypostatica,
1373 2867 1643 2937 signiﬁcat
1678 2882 1788 2921 non
1812 2867 1971 2936 prius
1996 2867 2166 2922 fuisse
2199 2869 2311 2922 for-

743 2969 943 3013 matam
975 2959 1397 3025 humanitatem,
1419 2968 1476 3014 et
1513 2959 1593 3012 sic
1628 2959 1681 3011 in
1707 2973 1829 3011 eam
1859 2959 2162 3028 ingressam
2186 2975 2307 3014 esse

741 3050 1112 3112 divinitatem,
1137 3049 1231 3103 sed
1257 3051 1464 3103 unitam
1488 3064 1610 3103 esse
1627 3048 1901 3103 divinitati
1926 3058 2041 3101 tum
2067 3050 2306 3117 primum

741 3140 1128 3203 subsistendo;
1184 3154 1309 3192 eum
1343 3137 1590 3208 adjungit
1636 3137 2074 3205 inseparabiliter
2118 3149 2175 3190 et
2218 3136 2307 3189 in-

1887 363 2273 427 TliEODORI
2317 350 2833 422 liliAl’l‘UENSlS

757 497 1011 559 poneret,
1042 502 1144 541 nec
1175 487 1316 538 hanc
1346 480 1691 549 consumpsit
1727 488 1785 532 ut
1810 480 1949 547 ignis
1981 493 2162 531 ceram
2197 493 2210 525 ε
2254 483 2314 526 ιιι
2344 479 2387 531 Α

1384 480 1691 549 ousumpsit
1727 488 1785 532 ut
1810 480 1949 547 ignis
1981 493 2162 531 ceram
2197 493 2210 525 :
2254 483 2314 526 ut
2344 479 2387 531 Λ
2418 486 2522 521 σιν.
2550 462 2617 537 ἧς
2654 467 2713 516 ἓν
2738 458 3042 559 προσξτξκιξι

2354 1680 2357 1683 -
2416 1649 2527 1713 Qui
2574 1648 2669 1698 καὶ
2746 1643 3057 1713 Θαυμασίαν
3119 1642 3312 1693 ἑνωσιν
3346 1654 3359 1667 ⁸

3861 326 3996 389 1533

3072 455 3319 522 γέγονεν,
3346 448 3427 511 είς
3458 444 3658 514 ἑαυτὴν
3692 440 3939 508 ἁνέχεεν,
3964 440 3991 507 ξ

2418 530 2589 627 αὐτὴν
2621 530 2835 623 ἑκείνην
2859 541 3173 621 ὴλλοίωσεν’
3194 545 3299 608 ἔξω
3334 542 3433 594 τοῦ
3458 538 3601 591 κατα
3632 536 3724 627 τδγ
3758 530 3993 627 qua..st

2418 623 2586 717 αὐτῆς
2617 646 2712 699 καὶ
2739 644 2973 711 οὑσιώδη
3020 642 3145 709 ὅρον
3190 638 3284 689 καὶ
3316 634 3495 698 λόγον,
3521 627 3669 689 οὑδὲ,
3696 626 3768 687 ὡς
3818 623 3991 722 rupi»:

2418 742 2550 811 πῦρ,
2579 739 2782 806 ταύτην
2800 733 3222 802 ἑξεδαπάνησεν.
3247 729 3412 779 Ὥστε
3438 724 3531 775 τὸν
3555 720 3676 773 ὅλον
3701 719 3828 783 ερον
3840 719 3992 811 ’ταῦ-

2417 806 2789 899 ’τα-δηλοῦντα
2836 826 3035 879 οὑτωσὶ.
3071 819 3327 889 λέγεσθαι
3366 816 3503 885 πρὸς
3542 812 3653 864 τῶν
3694 806 3943 861 εὑσεδῶν
3972 822 3987 835 ο

2419 922 2535 976 Μία
2595 919 2754 989 φύσις
2812 916 2907 969 τοῦ
2955 912 3091 967 Θεοῦ
3150 910 3326 977 Λόγου
3375 901 3789 989 σεσαρκωμένη,

2417 1012 2475 1063 κὶ
2548 985 2915 1079 ὲμίψνκωμένη
2946 1045 2961 1067 ι
3020 1003 3166 1071 ψυχῇ
3244 998 3408 1066 νοερᾷ
3460 996 3555 1047 καὶ
3601 985 3817 1056 λογικῇ·
3880 987 3994 1079 "if

2413 1101 2499 1153 λιν
2549 1076 2811 1153 signa:
2864 1096 3077 1150 Παῦλον
3127 1092 3225 1145 καὶ
3287 1087 3561 1154 Θεόδωρον
3640 1082 3733 1134 καὶ
3786 1076 3994 1130 Νεστό-

2413 1208 2527 1261 ριον
2558 1191 2653 1244 δύο
2673 1189 2862 1257 φύσεις
2894 1185 3081 1248 άπλῶς
3109 1184 3203 1237 ἑπὶ
3227 1178 3471 1251 Χριστοῦ
3501 1176 3685 1242 λέγειν
3728 1169 3993 1225 ἀποδεδο-

2408 1283 2646 1352 κίμακεν
2671 1284 2700 1334 6
2719 1280 2877 1347 λόγος
2898 1280 2927 1331 6
2950 1272 3410 1345 ἑκκλησιαστικός
3443 1286 3459 1301 ο
3492 1267 3631 1321 ἀλλὰ
3655 1265 3751 1317 δύο
3794 1261 3992 1352 φύγπεις

2406 1351 2679 1435 οὑσιωδῶς
2691 1372 2974 1441 ήνωμένας
2986 1385 3001 1399 ⁸
3022 1368 3111 1421 διὰ
3131 1369 3230 1435 τῆς
3247 1366 3356 1416 ἐπα
3369 1358 3493 1432 [γω]
3508 1358 3610 1426 γῆς
3626 1354 3832 1419 ταύτης
3854 1351 3992 1441 duo:

2409 1464 2625 1518 ϐάλλων
2675 1466 2856 1517 πᾶσαν
2905 1457 3246 1530 διαιρετικὴν
3295 1455 3545 1513 ἔννοιαν,
3576 1449 3671 1501 καὶ
3726 1446 3818 1496 τὸν
3864 1438 3993 1493 καθ’

2404 1556 2582 1608 ὀτιούν
2627 1554 3009 1624 ἐπιχειροῦντα
3053 1545 3433 1614 διαζευγιύναι
3469 1542 3569 1611 τὴν
3601 1541 3772 1598 δντωῖ
3817 1536 3991 1624 ἔθεθ’

3436 1633 3531 1686 καὶ
3592 1631 3655 1682 οὑ
3693 1628 3853 1697 μόνον
3897 1622 3993 1673 δύο

2429 1704 2441 1713 ”
2855 1704 2867 1713 ⁸
3978 1704 3993 1722 0

2415 1738 2604 1803 φύσεις
2625 1735 2904 1799 ούσιωδῶς
2934 1734 3239 1805 ὴνωμένας,
3271 1729 3406 1782 ἀλλὰ
3444 1728 3537 1777 καὶ
3561 1722 3750 1776 ἑνώσει
3774 1720 3842 1786 τῇ
3865 1716 3975 1767 κιθ

2412 1828 2708 1882 ὑπόστασιν
2729 1829 3111 1889 ἁδιασπάστως
3139 1827 3256 1893 ἅμα
3288 1823 3383 1876 καὶ
3408 1817 3751 1887 ἀσυγχύτωςα

2883 1940 3211 2007 Ἐξήτησις
3247 1937 3353 1990 τοῦ
3377 1935 3543 2002 ὅρου.

2494 2056 2553 2109 '0
2582 2055 2637 2108 δε
2667 2054 2910 2115 τοιοῦτος
2943 2053 3090 2122 ὅρος,
3126 2051 3216 2104 διὰ
3265 2048 3364 2117 μὲν
3410 2043 3505 2097 τού
3554 2041 3738 2107 λέγειν
3765 2035 3860 2088 δύο
3888 2031 3997 2100 φύ-

2416 2164 2548 2211 σεις,
2584 2145 2860 2216 σημαίνει,
2899 2143 2963 2196 τὸ
3003 2139 3317 2212 ἑτερογενὲς
3355 2134 3446 2188 καὶ
3489 2129 3826 2196 ἑτεροούσιον
3870 2122 3999 2216 -τιῖιν

2417 2235 2785 2289 συνελθουσῶν
2813 2233 2905 2286 δύο
2929 2232 3171 2301 φύσεων,
3192 2228 3292 2295 τῆς
3320 2242 3379 2277 τε
3408 2216 3830 2290 προσλαϐούσης
3864 2210 3998 2263 θεόο

2411 2346 2573 2398 τητος
2620 2329 2713 2382 καὶ
2741 2327 2842 2395 τῆς
2875 2300 3359 2395 προσειλημμένης
3409 2309 3866 2398 ἁνθρωπότητος.-
3890 2300 4002 2398 Δία

2409 2388 2479 2471 δὲ.
2513 2388 2609 2470 τοῦ
2644 2388 2834 2483 λέγειν
2870 2388 3500 2476 ούσιιυδῶςήήνωμένας,
3534 2395 3792 2495 σημαίνει
3820 2393 3882 2442 τδ
3917 2388 4001 2495 μζὴ

2413 2509 2533 2563 κατ’
2562 2507 2833 2567 εὐδοκίαν,
2864 2504 2897 2573 ἢ
2930 2503 3123 2572 ἑτέραν
3144 2498 3267 2553 τινὰ
3299 2491 3558 2565 σχετικὴν
3597 2490 3811 2539 ἔννοιαν
3843 2490 4002 2573 νερει-

2412 2599 2537 2652 σθαι
2581 2597 2680 2668 τὴν
2728 2597 2838 2648 τῶν
2870 2593 2965 2647 δύο
3006 2591 3221 2662 φύσεων
3244 2587 3461 2647 ἕνωσιν,
3492 2580 3605 2635 ἀλλ’
3632 2578 3770 2644 αὑτῇ
3825 2571 4003 2674 siis-fg.

2412 2690 2507 2739 καὶ
2540 2685 2887 2754 ὑποκειμένῳ
2908 2684 3003 2735 καὶ
3022 2683 3311 2751 πράγματι
3343 2669 3746 2737 συνυφεστάναι
3778 2669 4001 2716 ταύτας

2412 2781 2507 2833 καὶ
2538 2776 2937 2831 συντεθεῖσθαι.
2969 2774 3066 2826 Διὰ
3093 2771 3151 2824 δὲ
3178 2768 3273 2822 τοῦ
3294 2768 3497 2833 λέγειν,
3530 2760 3723 2815 ἑνώσει
3752 2760 3822 2824 τῇ
3858 2754 4000 2805 καθ’

2411 2874 2743 2933 ὑπόστασιν,
2775 2865 3031 2938 σημαίνει
3078 2863 3137 2915 τὺ
3172 2862 3247 2929 μὴ
3275 2857 3544 2926 πρότερον
3577 2845 4000 2903 διαπεπλάσθαι

2408 2963 2507 3031 τὴν
2539 2960 2957 3030 ἅνθρωπότητα,
2992 2955 3087 3007 καὶ
3106 2952 3279 3012 οὕτως
3311 2948 3448 3016 αὐτῇ
3474 2941 3837 2997 εἰσδεδυκέναι
3886 2938 4000 3031 τῂν

2409 3028 2663 3118 θενότητα,
2692 3048 2809 3099 ἀλλ’
2835 3048 2917 3099 ὅτι
2943 3044 3064 3097 κατ’
3102 3040 3235 3094 αὑτὸ
3261 3039 3324 3090 τδ
3348 3033 3677 3103 ὑφίστασθαι
3696 3030 3796 3097 τὴν
3826 3028 3999 3096 πρώ-

2408 3158 2508 3209 την
2552 3138 2727 3209 ἀρχὴν
2771 3137 2948 3205 ἧνωτο
2998 3136 3063 3202 τῇ
3115 3131 3349 3197 θεὸτητι.
3378 3125 3479 3178 Διὰ
3510 3125 3569 3177 δὲ
3595 3122 3689 3175 τοῦ
3724 3122 3997 3186 ἐπάγειν,

740 3231 997 3293 confuse,
1041 3228 1353 3299 signiﬁcat,
1390 3237 1621 3282 naturas
1674 3244 1797 3296 quze
1843 3227 2116 3289 coierunt,
2170 3226 2307 3279 nihil
2337 3242 2379 3296 ρ

2338 3242 2379 3296 c
2410 3230 2792 3289 ἀδιασπάστως
2842 3226 2959 3294 ἅμα
3008 3224 3105 3275 καὶ
3148 3218 3507 3287 ἀσυγχύτως,
3543 3213 3806 3308 σημαίνει
3846 3209 3996 3308 me:

740 3337 970 3375 navasse
992 3336 1093 3391 per
1118 3322 1399 3381 unionem,
1421 3320 1555 3389 quin
1578 3322 1764 3388 potius
1783 3334 2001 3387 semper
2021 3327 2079 3371 et
2108 3317 2300 3371 eodem

740 3412 903 3464 modo
939 3419 1209 3465 servatam
1239 3425 1361 3463 esse
1389 3410 1585 3463 harum
1618 3408 1902 3470 unionem,
1929 3416 1987 3461 et
2011 3416 2302 3476 utramque

739 3510 990 3555 naturam
1023 3515 1243 3553 manere
1274 3499 1392 3553 sine
1415 3498 1525 3552 ulla
1559 3497 1943 3552 imminutione
1967 3498 2019 3551 in
2052 3498 2306 3551 substan-

742 3591 853 3643 tiali
883 3606 981 3644 sua
1014 3588 1337 3643 deﬁnitione
1360 3596 1418 3641 et
1440 3587 1674 3641 ratione.
1696 3586 1958 3641 Deﬁnitio
1991 3587 2162 3657 igitur
2196 3588 2303 3640 Ec-

738 3681 923 3735 clesiae
972 3679 1287 3749 huiusmodi
1344 3678 1794 3746 adjunctionibus
1844 3694 1965 3748 qua:
2001 3680 2305 3734 calumnias

738 3772 925 3825 subire
967 3787 1077 3825 non
1128 3779 1401 3839 possunt,
1444 3786 1540 3826 eos
1595 3772 1689 3840 qui
1739 3788 1806 3825 ex
1859 3780 2091 3841 utraque
2150 3782 2304 3841 parte

738 3866 1021 3926 aberrant,
1049 3863 1238 3933 procul
1275 3862 1500 3931 relegat,
1548 3872 1604 3917 et
1648 3863 1731 3917 eis
1771 3864 1867 3932 qui
1892 3864 2182 3917 veritatem
2215 3879 2307 3917 ca-

738 3956 999 4010 lumniari
1029 3955 1241 4015 volunt,
1277 3969 1385 4006 nou
1417 3955 1621 4013 praebet
1650 3954 1855 4007 locum.
1902 3953 1961 4008 Si
2001 3954 2150 4007 enim
2180 3954 2305 4023 quis

737 4050 1019 4105 studiosus
1050 4048 1353 4109 dividendi.
1391 4064 1488 4118 per
1515 4048 1917 4103 confessionem
1942 4048 2175 4102 duarum
2200 4066 2299 4102 na-

738 4149 1009 4200 turarum,
1038 4139 1176 4192 duas
1231 4138 1571 4207 hypostases,
1619 4137 1675 4191 id
1722 4148 1827 4201 est,
1869 4137 2011 4192 duas
2041 4152 2305 4206 personas

738 4229 1089 4283 introducere
1115 4238 1371 4291 conatur,
1418 4228 1779 4298 redarguetur
1825 4228 2051 4297 quidem
2098 4229 2302 4282 nihilo-

738 4322 919 4373 minus
962 4320 1413 4388 adjunctionibus
1464 4319 1573 4373 illis
1610 4335 1749 4389 quas
1801 4320 2079 4382 diximus;
2130 4320 2303 4375 multo

736 4427 870 4465 vero
907 4411 1079 4481 magis
1115 4412 1285 4464 altera
1334 4410 1655 4465 deﬁnitione
1702 4412 2007 4481 dogmatis,
2042 4411 2158 4473 illa,
2212 4412 2296 4465 in-

734 4514 1046 4567 quam,qua
1068 4500 1272 4552 dicitur
1299 4515 1406 4551 una
1439 4509 1634 4553 natura
1666 4500 1833 4555 Verbi
1860 4501 1952 4554 Dei
1992 4501 2293 4555 iucarnata.

2406 3315 2867 3385 καινοτομηθῆναι
2926 3312 3023 3375 τὰς
3094 3306 3454 3367 συνελθούσας
3523 3303 3680 3372 φύσει
3728 3301 3820 3353 διά
3887 3301 3998 3383 τῆς

2405 3409 2677 3477 ἑνότητος,
2712 3405 2849 3459 ἀλλὰ
2905 3406 2999 3457 καὶ
3050 3403 3149 3473 τὴν
3181 3400 3377 3452 ἕνωσιν
3413 3395 3621 3449 τούτων
3664 3391 3750 3444 ἀεί
3795 3407 3854 3441 τε
3892 3388 3997 3441 και

2412 3501 2673 3563 ὡσαύτως
2693 3496 3151 3567 διαπεφυλάχθαι,
3182 3496 3278 3547 καὶ
3315 3489 3580 3559 ἑκατέραν
3610 3486 3717 3538 τῶν
3756 3484 3992 3551 φύσεων

2404 3594 2692 3663 άμειὼτως
2735 3594 2827 3644 ἐπὶ
2883 3589 2964 3659 τῷ
3010 3586 3258 3640 οὑσιώδει
3295 3583 3466 3651 αὑτῆς
3513 3582 3625 3649 ὅρῳ
3669 3579 3761 3630 καὶ
3806 3576 3987 3641 λόγῳ.

2404 3686 2539 3747 Ταῖς
2572 3680 2665 3738 οὖν
2697 3681 2972 3743 τοιαύταις
3012 3678 3444 3747 ἀνεπηρεάστοις
3486 3670 3825 3738 ἐπαγωγαῖς,
3848 3668 3991 3727 τοὺς

2404 3775 2464 3841 ἑξ
2495 3774 2759 3843 ἑκατέρου
2794 3772 2992 3842 μέρους
3020 3765 3459 3834 άποσφαλέντας,
3484 3761 3700 3830 μακράν
3718 3758 3991 3825 ἀποπέμ-

2406 3883 2567 3919 πεται
2597 3867 2626 3917 6
2654 3864 2812 3931 λόγος
2839 3862 2937 3931 τῆς
2971 3858 3319 3929 Ἐκκλησίας,
3351 3856 3449 3909 καὶ⁵
3469 3856 3583 3915 τοῖς
3614 3850 3993 3919 συκοφαντεῖν

2403 3957 2647 4010 ἑθέλουσι
2696 3955 2796 4024 τὴν
2832 3952 3113 4021 ἀλήθειαν,
3140 3950 3327 4018 χώραν
3373 3947 3435 4000 οὑ
3485 3945 3723 3997 δίδωσιν.
3759 3940 3825 3993 El
3880 3941 3991 4008 μὲν

2403 4050 2511 4117 γάρ
2538 4062 2621 4109 τις
2651 4042 3048 4114 φιλοδιαιρέτης
3077 4041 3167 4094 διὰ
3200 4038 3302 4107 τῆς
3337 4038 3448 4089 τῶν
3476 4036 3570 4088 δύο
3602 4033 3822 4102 φύσεων
3842 4034 3990 4098 ὁμο-

2403 4138 2614 4204 λογίας,
2644 4135 2737 4188 δύο
2790 4134 3141 4194 ὑποστάσεις,
3180 4131 3347 4198 ἧγουν
3396 4126 3688 4197 πρόσωπα,
3733 4138 3990 4187 συναγα-

2403 4232 2522 4297 γεῖν
2571 4224 2901 4297 ἐπιχειροίη,
2949 4225 3049 4293 οὐχ
3078 4225 3281 4293 ἥκιστα
3328 4221 3427 4291 μὲν
3485 4219 3581 4270 καὶ
3612 4218 3735 4276 ταῖς
3776 4214 3989 4284 προλε-

2402 4321 2649 4391 χθείσαις
2670 4320 3010 4386 ἐπαγωγαῖς,
3026 4314 3206 4383 πολλῷ
3226 4314 3283 4365 δὲ
3323 4310 3522 4382 μᾶλλον
3545 4308 3627 4376 τῷ
3658 4306 3832 4375 ἑτέρῳ
3868 4305 3987 4357 τῶν

2400 4414 2543 4483 ὅρων
2572 4410 2929 4477 διελέγχεται,
2958 4408 3053 4461 καὶ
3081 4406 3228 4475 μάλα
3252 4402 3468 4473 ῥαδίως.
3496 4398 3645 4468 Φημὶ
3666 4397 3722 4450 δὲ
3738 4395 3838 4465 τῷ,
3876 4394 3986 4464 μία

2403 4504 2567 4572 φύσις
2588 4499 2683 4552 τοὺ
2710 4500 2887 4566 Λόγου
2919 4494 3336 4565 σεσαρκωμένη.

808 4588 933 4642 llaec
958 4560 1213 4642 deﬁnitio
1245 4588 1531 4642 evidenter
1565 4590 1805 4643 ostendit
1832 4590 1979 4659 quod
2015 4606 2295 4661 nunquam
2329 4560 2371 4615 θ
2416 4560 2427 4572 Ι

2329 4560 2371 4615 D
2416 4560 2427 4572 Ι
2469 4560 2640 4655 Οὗτος
2709 4560 2819 4661 γάρ
2874 4592 2903 4642 ὀ
2954 4560 3080 4658 ὅρος
3150 4560 3400 4655 ἑναργῶς
3466 4580 3813 4652 παρίστησι,
3875 4579 3986 4629 οὐκ

735 4679 788 4731 in
822 4680 1144 4734 universum
1171 4681 1487 4735 humanitas
1508 4682 1712 4736 Christi
1739 4698 1905 4753 agens
1927 4684 1982 4737 in
2016 4685 2296 4755 hypostasi

733 4770 952 4838 cognita
1004 4771 1221 4836 fuisset,
1262 4773 1371 4826 nisi
1421 4782 1615 4827 natura
1663 4774 1849 4828 divina
1890 4776 2055 4829 Verbi
2102 4777 2199 4831 Dei
2241 4777 2296 4830 in

735 4874 952 4914 uterum
975 4862 1295 4932 virginalem
1326 4864 1591 4934 ingressa,
1613 4880 1682 4919 ex
1707 4866 1824 4934 ipsa
1861 4866 2025 4920 modo
2058 4867 2297 4936 inexpli-

730 4952 892 5005 cubili
924 4952 1067 5007 hanc
1102 4963 1353 5009 naturam
1389 4957 1495 5010 sibi
1532 4957 1821 5011 formasset
1850 4966 1907 5012 et
1934 4958 2185 5025 fecisset;
2223 4960 2297 5013 ita

733 5056 793 5096 ut
853 5059 954 5098 nec
1019 5045 1136 5114 ipsa
1195 5048 1371 5115 prima
1447 5048 1717 5117 principia
1768 5050 1969 5104 divina:
2039 5052 2296 5105 incarna-

734 5132 899 5187 tionis
960 5141 1218 5189 naturam
1268 5146 1607 5200 assumptam
1660 5137 1780 5191 sine
1839 5136 2185 5191 substantiali
2238 5146 2295 5189 et

730 5224 967 5277 naturali
1006 5226 1349 5281 habitatione
1398 5239 1609 5283 natura!
1648 5229 1809 5283 Verbi
1836 5229 1931 5282 Dei
1961 5228 2293 5282 assumentis

732 5314 1071 5371 habuissent.
1098 5318 1167 5373 Et
1195 5320 1327 5388 quid
1366 5320 1489 5373 dico
1519 5320 1787 5389 principia
1833 5320 2035 5374 divinae
2081 5319 2289 5371 fortna-

730 5403 917 5469 tionis,
954 5407 1070 5461 sive
1100 5409 1494 5465 incarnationis
1514 5410 1537 5461 ?
1561 5409 1830 5479 siquidem
1863 5422 1962 5461 nec
1988 5408 2103 5475 ipsa
2132 5408 2290 5462 beata

732 5496 897 5565 Virgo
931 5496 1192 5551 virtutem
1225 5498 1581 5553 fecunditatis
1617 5514 1781 5567 supra
1809 5507 2022 5551 natura:
2044 5496 2193 5565 leges
2222 5497 2291 5550 ad

730 5590 1132 5657 procreandum
1164 5592 1333 5645 ﬁlium
1367 5592 1689 5662 accepisset,
1721 5590 1826 5645 nisi
1865 5606 1961 5660 per
1988 5589 2289 5644 adventum

799 5728 874 5781 (3»
916 5727 1306 5790 {v-ioxiastia;.

2393 4687 2460 4740 ἄν
2524 4700 2652 4737 ποτε
2727 4685 2788 4736 ἑν
2848 4681 3144 4734 ὑποστάσει
3213 4677 3276 4730 τδ
3338 4674 3567 4729 καθόλου
3652 4670 3985 4740 γνωσθῆναι

2392 4776 2492 4847 τὴν
2548 4774 2692 4828 κατά
2750 4773 2983 4843 Χριστὸν
3043 4768 3443 4840 άνθρωπότητα
3468 4806 3484 4829 ,
3542 4766 3591 4816 εί
3652 4763 3727 4831 μὴ
3784 4764 3817 4830 ἡ
3880 4760 3985 4812 τοῦ

2393 4867 2568 4935 Λόγου
2631 4865 2789 4934 θεῖκὴ
2856 4862 3019 4932 φύσις
3087 4858 3389 4915 ὑπεισδύσα
3455 4857 3554 4926 τὴν
3622 4853 3986 4921 παρθενικὴν

2396 4958 2595 5028 νηδὺν,
2644 4957 2703 5021 ἑξ
2779 4955 2948 5023 αὑτῆς
3018 4953 3247 5023 ἀρρήτῳ
3309 4949 3454 5018 λόγῳ
3523 4945 3727 5012 ταύτην
3796 4945 3983 5013 ἑαυτῇ

2400 5046 2771 5117 περιεμόρφου
2834 5045 2930 5096 καὶ
2979 5041 3373 5111 περιέπλαττεν
3400 5080 3414 5103 ,
3472 5036 3610 5089 ὥστε
3670 5033 3807 5104 μηδὲ
3876 5038 3985 5087 αὑ-

2397 5138 2493 5200 τὰς
2543 5136 2639 5199 τὰς
2696 5134 2915 5205 πρώτας
2974 5133 3072 5201 τῆς
3125 5129 3499 5194 ζωοπλαστίας
3564 5125 3737 5195 ἀρχὰς
3799 5127 3982 5195 ἐσχη-

2396 5230 2554 5283 κέναι
2611 5227 2712 5295 τὴν
2774 5223 3216 5296 προσληφθεῖσα-ι
3281 5221 3465 5291 φύσιν,
3510 5218 3638 5272 ἄνευ
3702 5217 3806 5285 τῆς
3880 5219 3982 5271 ού-

2398 5321 2620 5381 σιώδους
2648 5319 2746 5371 καὶ
2778 5317 3012 5385 φυσικῆς
3045 5315 3535 5387 ἑμφιλοχωρὴσεως
3558 5311 3657 5377 τῆς
3680 5308 3981 5377 προσλαμο

2396 5412 2702 5481 ὀρινομένης
2735 5410 2903 5481 αὐτὴν
2954 5408 3092 5463 Θεοῦ
3116 5410 3290 5476 Λόγου
3322 5406 3556 5474 φύσεως.
3594 5403 3701 5456 Καὶ
3738 5402 3794 5454 τί
3821 5402 3984 5467 λέγω

2396 5504 2493 5566 τὰς
2508 5502 2609 5571 τῆς
2633 5502 2985 5563 θεοπλαστίας
3000 5500 3077 5569 (8)
3100 5499 3296 5571 ἀρχὰς,
3325 5499 3529 5564 ὅπουγε
3550 5494 3659 5546 οὐδ’
3677 5494 3746 5547 ἂν
3762 5494 3911 5561 αἰτή
3946 5498 3978 5563 ἡ

2400 5591 2646 5663 μακαρία
2662 5588 2935 5661 Παρθένος
2956 5590 3093 5659 ὑπὲρ
3114 5590 3206 5643 τὸν
3233 5590 3355 5659 ὅρον
3382 5585 3477 5656 τῆς
3507 5584 3720 5653 φύσεως
3741 5582 3983 5652 γόνιμον
