4198 6434
747 354 770 420 1
783 360 880 425 £95

744 565 901 628 tium,
956 576 1012 621 et
1053 570 1183 636 quid
1220 575 1505 641 proprium
1547 584 1917 636 communicet
1977 587 2302 643 alterutrum

742 671 866 709 cum
919 674 987 712 eo
1034 662 1179 728 quod
1221 678 1406 717 secum
1446 672 1808 737 compositum
1855 682 1910 727 et
1952 678 2168 731 unitum
2199 691 2301 745 est,

740 756 795 798 et
825 748 957 815 quid
984 750 1216 805 vicissim
1252 755 1321 808 ab
1349 771 1416 809 eo
1441 761 1687 828 recipiat.
1724 764 1839 818 Hoc
1870 775 2052 821 autem
2078 779 2161 823 est
2182 787 2309 840 pro-

741 838 920 903 prium
965 840 1186 895 unionis
1228 859 1416 900 revera
1470 849 1768 905 inconfusze
1801 862 1856 907 et
1883 858 2213 924 purissimze,
2248 871 2307 913 ut

743 924 795 977 in
828 942 890 979 ea
917 941 1216 986 cernantur
1238 951 1360 1003 quae
1385 949 1513 992 sunt
1552 944 1865 999 communia
1900 949 2183 1005 ambarum
2212 970 2306 1006 nu-

742 1024 1023 1084 turarum;
1082 1032 1140 1076 et
1206 1023 1352 1093 quod
1415 1032 1697 1098 proprium
1773 1038 2041 1106 cujusque
2094 1056 2303 1096 earum.

740 1101 855 1159 Nisi
908 1110 1058 1164 enim
1107 1114 1344 1182 primum
1392 1121 1698 1188 proprietas
1746 1140 2129 1195 cognoscatur,
2161 1150 2307 1187 nun-

742 1212 907 1266 quam
953 1207 1319 1260 communitas
1368 1222 1713 1278 agnoscetur.
1756 1215 2042 1281 Quomodo
2072 1225 2219 1279 enim
2253 1227 2307 1281 in

743 1297 801 1340 re
830 1288 1012 1359 aliqua
1035 1292 1127 1346 ﬁet
1159 1299 1494 1364 communio,
1525 1304 1626 1357 nisi
1662 1310 2090 1380 unumquodque
2116 1328 2307 1369 eorum

741 1390 863 1445 quae
889 1384 1333 1441 communionem
1360 1389 1585 1456 habent,
1613 1399 1894 1465 proprium
1923 1403 2055 1470 quid
2080 1404 2311 1461 habeat?

743 1465 835 1520 Sic
854 1482 986 1538 ergo
1019 1472 1153 1525 mihi
1178 1478 1465 1533 considera
1496 1498 1508 1531 :
1537 1481 1828 1551 Proprium
1873 1465 1958 1542 est
1982 1500 2190 1548 natur.»
2214 1496 2310 1550 Dei

742 1551 905 1611 Verbi
940 1576 1062 1629 qua:
1093 1568 1391 1635 assumpsit
1428 1580 1677 1626 naturam
1732 1576 2050 1645 humanam,
2078 1598 2198 1638 esse
2218 1584 2307 1639 Fi-

741 1642 876 1697 lium
930 1644 1067 1702 Dei:
1108 1655 1392 1721 proprium
1430 1666 1642 1714 naturae
1693 1663 1945 1720 humana:
1997 1684 2308 1741 assumpta,

740 1748 861 1789 esse
896 1736 1066 1793 ﬁiium
1112 1741 1367 1798 hominis.
1418 1746 1513 1801 llis
1560 1750 1725 1819 igitur
1772 1760 1987 1812 naturis
2038 1761 2091 1815 in
2140 1779 2307 1817 unum

741 1832 1066 1897 compositis
1097 1844 1153 1888 et
1185 1839 1396 1895 ratione
1450 1846 1781 1914 cognitionis
1821 1862 1878 1907 et
1916 1856 2135 1912 unionis
2168 1861 2310 1915 inter

740 1932 800 1972 se
856 1924 1185 1981 coeuntibus
1215 1968 1231 1992 ,
1302 1932 1562 1989 similiter
1599 1943 2003 2000 nominationes
2059 1951 2204 2004 inter
2249 1968 2309 2009 se

742 2021 961 2073 coeunt,
1006 2022 1061 2066 et
1105 2015 1347 2072 vicissim
1378 2029 1878 2095 communicantur,
1934 2047 1991 2089 et
2031 2037 2309 2095 liuutam-

743 2097 824 2153 bze
870 2115 1014 2157 unus
1058 2107 1229 2163 Filius
1278 2112 1372 2165 Dei
1423 2117 1583 2170 simul
1620 2128 1676 2173 et
1723 2122 1983 2191 hominis,
2018 2129 2069 2182 id
2102 2142 2185 2185 est
2215 2135 2308 2188 Dei

742 2187 919 2247 Patris
950 2206 1005 2250 et
1054 2200 1295 2270 Virginis
1335 2208 1546 2271 matris,
1599 2224 1658 2266 ut
1685 2214 1879 2271 beatus
1911 2220 2105 2276 Petrus
2131 2225 2307 2280 dixit:

742 2281 815 2333 Tu
849 2302 902 2337 ea
935 2286 1168 2344 Christus
1211 2293 1376 2349 Filius
1410 2298 1502 2351 Dei
1531 2304 1632 2355 vivi
1667 2304 1679 2353 ἱ
1707 2322 1721 2367 ;
1751 2316 1809 2360 et
1841 2309 2034 2367 beatus
2064 2315 2288 2370 Paulus:

741 2375 903 2438 Misit,
954 2379 1152 2449 inquit,
1211 2382 1404 2441 Filium
1460 2408 1613 2445 suum
1659 2396 1857 2462 factum
1902 2417 1965 2453 ex
2000 2405 2219 2461 muliere
2264 2406 2309 2464 δ.

744 2462 1000 2524 υουιτίηιι
1028 2471 1196 2540 igitur
1213 2477 1587 2536 ecclesiastica
1609 2486 1936 2552 reprehendi
1966 2507 2073 2547 uon
2104 2506 2307 2563 potest,

741 2571 862 2621 quae
905 2572 1029 2613 cum
1076 2578 1243 2617 unum
1283 2565 1572 2624 Dominum
1603 2573 1787 2629 Jesum
1825 2576 2105 2637 Christum
2146 2587 2309 2641 simul

742 2642 914 2702 Deum
985 2660 1040 2705 et
1092 2653 1373 2712 hominem
1426 2661 1582 2725 dicit,
1633 2665 1771 2721 duas
1816 2677 2045 2726 naturas
2096 2675 2150 2727 in
2201 2693 2313 2729 uno

744 2736 975 2796 Domino
998 2743 1125 2799 Jesu
1154 2745 1378 2804 Christo
1399 2753 1689 2819 profitetur
1714 2773 1726 2809 :
1764 2758 1908 2815 Deus
1936 2763 2081 2817 enim
2112 2782 2311 2821 nomen

741 2840 953 2887 natura:
987 2845 1092 2899 est;
1141 2850 1199 2892 et
1254 2840 1418 2896 homo
1461 2861 1661 2900 nomen
1715 2848 1845 2904 item
1902 2861 2138 2917 natura);
2182 2858 2313 2924 quia

741 2933 874 2987 ergo
908 2921 1053 2976 idem
1079 2934 1163 2979 est
1192 2927 1337 2983 Deus
1364 2941 1420 2984 et
1453 2932 1636 2997 homo,
1677 2937 1882 2993 idcirco
1927 2941 2063 2997 duas
2089 2921 2314 3002 naturas

744 3024 911 3064 unum
958 3024 1016 3067 et
1054 3019 1307 3071 eumdem
1356 3023 1685 3079 conﬁtemur
1727 3031 2040 3086 Dominum.
2080 3036 2310 3102 Rursus,

741 3100 871 3166 quia
906 3103 1023 3171 ipse
1067 3113 1154 3158 est
1198 3121 1340 3160 unus
1384 3109 1557 3164 Filius
1608 3115 1700 3166 Dei
1756 3116 1935 3171 Patris
1979 3130 2035 3172 et
2078 3100 2313 3191 Virginis

742 3190 969 3253 matris,
1006 3192 1152 3247 ﬁlius
1197 3207 1380 3249 autem
1446 3214 1645 3254 nomen
1689 3214 1775 3257 est
1823 3190 2317 3276 hypostasimrsive

742 3291 1033 3345 personam
1066 3284 1398 3351 signiﬁcans,
1432 3298 1488 3342 et
1514 3306 1623 3344 non
1649 3304 1900 3349 naturam
1929 3316 1944 3363 ;
1979 3300 2185 3357 idcirco
2210 3322 2315 3360 una

743 3365 1049 3438 lxypostasis
1094 3385 1307 3429 natura:
1341 3377 1539 3435 divina:
1590 3391 1647 3436 et
1697 3384 1951 3442 humana:
1990 3390 2241 3449 Christus
2286 3414 2315 3451 a

740 3460 845 3527 piis
889 3462 1221 3518 celebratur.

810 3549 1057 3606 Ecclesia
1095 3554 1263 3622 igitur
1293 3572 1455 3610 unam
1491 3576 1785 3627 personam
1814 3577 1871 3621 et
1916 3569 2053 3626 duas
2086 3584 2313 3631 naturas

743 3640 1052 3706 proﬁtendo
1107 3645 1289 3699 media
1337 3649 1425 3703 via
1465 3652 1816 3722 ingreditur:
1866 3675 2047 3730 neque
2093 3679 2315 3736 propter

742 3728 1002 3784 unionem
1056 3732 1414 3791 Manichzeum
1468 3744 1719 3812 sequitur
1782 3748 1921 3803 duas
1987 3763 2212 3811 naturas
2261 3761 2312 3814 in

741 3833 905 3872 uuam
963 3822 1260 3893 reﬁngens,
1308 3844 1487 3898 neque
1540 3846 1765 3904 prepter
1819 3840 2145 3900 divisionem
2180 3849 2313 3905 dua-

702 3921 862 3963 »rum
905 3922 1222 3969 naturarum
1291 3921 1593 3976 secundum
1647 3929 2031 3996 cogitationem
2084 3937 2311 3995 Paulum

741 4000 1182 4059 Samosatensem
1235 4018 1519 4075 sectatur,
1567 4029 1635 4068 ex
1688 4034 1796 4073 una
1846 4021 2125 4092 hypostasi
2176 4031 2312 4089 duas

737 4092 982 4158 faciens;
1019 4096 1148 4163 quia
1170 4112 1280 4152 non
1307 4100 1439 4155 facit
1468 4119 1910 4180 unamquamque
1929 4127 2181 4175 naturam
2217 4141 2313 4192 per

738 4199 797 4237 se
866 4186 1191 4253 subsistere,
1226 4192 1313 4245 vel
1372 4191 1700 4253 divisionem
1764 4203 1884 4258 sine
1936 4207 2163 4274 unione,
2222 4218 2310 4270 vel

738 4275 999 4330 unionem
1044 4278 1164 4335 siue
1207 4279 1500 4339 divisione.
1534 4286 1643 4342 Sed
1692 4292 1853 4347 simul
1893 4295 2037 4352 inter
2071 4317 2128 4355 se
2176 4305 2313 4360 alte-

736 4381 859 4419 rum
887 4382 1011 4422 cum
1042 4370 1256 4436 altero;
1289 4375 1443 4429 unite
1471 4379 1619 4432 enim
1647 4380 1863 4448 dividit,
1896 4402 2060 4443 unam
2088 4394 2309 4461 quidem

1860 380 2248 449 THEODORI
2287 392 2804 460 RHAITUENSIS

744 475 939 539 possit,
962 472 1092 543 quid
1117 478 1397 548 proprium
1425 481 1621 539 habeat
1646 493 2071 561 unumquodque
2105 510 2308 551 coeun-

2410 501 2461 554 τί
2494 503 2624 557 ῐδιον
2666 509 2897 562 ἑκάστου

3845 415 3984 482 1496

2942 511 3050 564 τῶν
3102 517 3487 583 συνελθόντων,
3518 522 3611 573 κα)⁸
3662 523 3717 574 τί
3748 524 3863 576 τῶν
3907 528 3986 578 οἱ·

2411 593 2570 645 κείων
2601 595 2836 650 ἕκαστον
2867 599 3118 669 ἀλλήλοις
3144 606 3403 674 παρέχον,
3433 608 3500 659 τὰ
3530 610 3683 679 παρὰ
3727 612 3829 664 τοῦ
3869 630 3983 665 συν-

2410 684 2713 749 υφεστῶτος
2742 689 2837 742 καὶ
2868 694 3228 763 συγκειμένου
3259 699 3688 769 ἀντικομίζεται.
3721 703 3897 756 Τοῦτο
3925 705 3982 758 δέ

2405 774 2827 848 διηρθρωμένης
2877 781 3049 846 ὅντως
3106 789 3200 840 κα)⁸
3254 789 3653 861 καθαρωτάτης
3706 794 3983 858 ἐνώσεως.

2409 866 2502 918 καὶ
2554 869 2621 921 τά
2668 871 2827 924 κοινὰ
2874 874 2970 927 τοῦ
3002 879 3441 950 συναμφοτέρου,
3477 884 3572 936 καὶ¹
3607 884 3675 937 τὰ
3718 886 3827 938 ἴδια
3858 888 3984 940 ἐκά-

2409 973 2539 1010 στου
2568 959 2679 1012 τῶν
2709 966 3071 1034 συνημμένων
3098 969 3408 1037 ἐμφαίνειν.
3444 975 3507 1026 Εἰ
3532 974 3640 1044 γὰρ
3673 976 3749 1046 μὴ
3783 977 3985 1047 ἰδιότης

2410 1050 2626 1118 πρῶτον
2656 1054 2949 1125 γνωσθείη,
2976 1058 3085 1111 οὐδ’
3113 1058 3179 1112 ἂν
3208 1062 3241 1130 ὴ
3289 1064 3538 1133 κοινότης
3569 1069 3984 1137 ἐπιγνωσθήσε-

2406 1156 2517 1195 ται.
2560 1142 2681 1207 Πῶς
2739 1146 2849 1216 γὰρ
2906 1150 2938 1218 ἡ
2991 1149 3049 1201 ἐν
3094 1168 3200 1204 τινι
3267 1158 3522 1209 κοινωνία
3553 1160 3874 1227 γενήσεται,
3913 1162 3987 1229 μὴ

2410 1232 2618 1299 ἔχοντος
2650 1236 2882 1289 ἑκάστου
2915 1240 3025 1292 τῶν
3057 1243 3455 1297 κοινωνούντων
3496 1246 3625 1299 ἴδιόν
3653 1265 3736 1314 τι;
3786 1250 3990 1301 Σκόπει

2409 1323 2465 1375 δὲ
2507 1323 2710 1388 οὑτως·
2749 1327 2911 1381 Ἵδιον
2949 1333 3049 1400 τῆς
3102 1334 3553 1406 ηπροσλαδομένης
3611 1337 3749 1391 Θεοῦ
3809 1340 3988 1405 Λόγου

2409 1412 2643 1481 φύσεως,
2695 1417 2754 1468 τὸ
2800 1414 2937 1471 εἶναι
2984 1420 3115 1474 Υίὸν
3162 1423 3322 1479 Θεοῦ.
3378 1428 3537 1480 Ἴδιον
3580 1429 3684 1497 τῆς
3737 1429 3988 1498 προσλη-

2410 1499 2638 1572 φθείσης
2665 1504 2952 1576 ἀνθρώπου
2983 1508 3218 1575 φύσεως.
3252 1512 3314 1563 τὸ
3343 1508 3481 1567 εἶναι
3518 1516 3642 1567 Υίὸν
3665 1516 3985 1585 ἀνθρώπου.

2409 1593 2766 1663 Κιρναμένων
2792 1592 2882 1650 οὖν
2910 1598 3020 1652 τῶν
3050 1601 3305 1655 τοιούτων
3338 1603 3573 1671 φύσεων,
3607 1609 3703 1661 καὶ
3748 1625 3990 1678 περιχωο

2413 1685 2621 1754 ρουσῶν
2650 1688 2730 1750 είς
2757 1688 2993 1759 ἀλλήλας
3039 1692 3118 1762 τῷ
3170 1693 3312 1764 λόγῳ
3340 1696 3439 1765 τῆς
3468 1699 3744 1766 συμφυΐας
3769 1700 3865 1751 καὶ
3892 1701 3992 1766 τῆς

2412 1775 2675 1842 ἐνώσεως,
2708 1782 3003 1851 κιρνῶνται
3054 1788 3150 1839 καὶ
3194 1788 3598 1859 περιχωρούσιν
3630 1791 3713 1853 είς
3740 1789 3991 1861 ἀλλήλας

2417 1867 2677 1935 ὡσαύτως
2718 1875 2813 1926 καὶ
2847 1874 3091 1944 κλήσεις,
3143 1881 3240 1931 καὶ
3283 1880 3494 1945 γίνεται
3538 1882 3851 1951 ἀμφότερα,
3912 1879 3993 1935 εἷς

2413 1962 2540 2027 Υίὸς
2562 1963 2696 2017 Θεοῦ
2712 1983 2771 2017 τε
2796 1966 2934 2035 ὁμοῦ
2957 1969 3049 2021 καὶ
3074 1969 3387 2040 ἀνθρώπου,
3419 1973 3563 2025 τοῦτ’
3590 1974 3705 2025 ἐστι
3732 1974 3829 2025 τοῦ
3852 1972 3992 2025 Θεοῦ

2413 2051 2627 2121 Πατρδς
2669 2055 2765 2107 καὶ
2817 2057 2916 2124 τῆς
2968 2058 3247 2127 Παρθένου
3302 2062 3535 2129 μητρός’
3570 2058 3682 2114 οἷον
3710 2080 3727 2095 ο
3758 2063 3843 2116 Σὺ
3879 2060 3994 2116 eid

2410 2144 2665 2210 Χριστὸς
2689 2150 2723 2199 ό
2760 2147 2889 2211 Υἱὸς
2913 2148 3018 2201 τοῦ
3046 2151 3195 2204 Θεοῦ
3217 2151 3324 2204 τοῦ
3353 2150 3597 2218 ζῶντοςσ
3620 2154 3747 2206 καί·
3804 2153 3996 2217 ἐξαπτ

2410 2236 2685 2290 ἔστειλεν
2704 2242 2736 2290 ὀ
2760 2240 2903 2304 Θεὸς
2931 2240 3039 2293 τὸν
3059 2241 3199 2295 Υίὸν
3223 2243 3411 2299 αὑτοῦ
3448 2246 3781 2311 γενόμενοι·
3801 2244 3868 2296 ἐκ
3893 2263 3997 2312 γι*-

2413 2330 2640 2390 ναικός.
2672 2329 2816 2397 Ἀρα
2851 2324 2946 2382 οὖν
2975 2331 3240 2401 ἀμεμφὴς
3264 2336 3294 2386 ὁ
3316 2333 3771 2403 ἐκκλησιαστικὺς
3798 2336 3963 2402 λόγος
3981 2353 3994 2366 ·

2410 2413 2498 2465 διὰ
2526 2417 2625 2483 μὲν
2652 2416 2744 2469 τοῦ
2776 2414 2917 2471 εἶναι
2967 2420 3065 2473 ἕνα
3093 2420 3296 2491 Κύριον
3344 2421 3553 2491 Ἰησοῦν
3594 2424 3831 2491 Χριστὸν
3858 2423 3999 2475 Θεόν

2412 2521 2471 2557 τε
2497 2506 2632 2574 ὁμοῦ
2679 2510 2771 2560 καὶ
2806 2510 3116 2580 ἄνθρωπον.
3165 2512 3259 2567 δύο
3305 2515 3498 2582 φύσεις
3547 2515 3642 2567 τὸν
3686 2516 3852 2568 αὑτὸν
3897 2516 3997 2567 ἕνα

2413 2594 2618 2664 Κύριον
2663 2596 2869 2665 Ἰησοῦν
2902 2600 3138 2669 Χριστὸν
3174 2603 3535 2669 ἀπαγγέλλων
3558 2620 3571 2634 ι
3596 2604 3656 2656 τὸ
3674 2604 3806 2673 γὰρ.
3834 2604 3995 2662 Θεὺε,

2414 2685 2628 2752 φύσεως
2655 2687 2845 2759 ὄνομα,
2875 2692 2969 2745 καὶ
3009 2692 3092 2753 τὺ,
3124 2693 3431 2763 ἄνθρωπος,
3467 2695 3729 2758 ὡσαύτως
3778 2696 3999 2763 φύσεως

2412 2776 2605 2847 ὄνομα.
2642 2779 2857 2851 Ἐπειδὴ
2889 2778 2983 2836 οὑν
3010 2786 3039 2836 ὁ
3068 2786 3230 2847 αὑτὸς
3248 2785 3382 2847 Θεός
3415 2788 3531 2838 ἐστι
3562 2787 3655 2840 καὶ
3682 2787 3998 2857 ἄνθρωπος·

2413 2867 2500 2921 διὰ
2524 2871 2681 2923 τοῦτο
2704 2872 2798 2924 δύο
2829 2875 3023 2941 φύσεις
3053 2870 3133 2939 εἷς
3155 2879 3184 2929 ὁ
3210 2878 3374 2939 αὐτὸς
3400 2878 3739 2947 ὁμολογεῖται
3768 2880 3997 2947 Κύριος.

2414 2962 2585 3017 Πάλιν
2611 2964 2686 3017 ⁵δὲ
2732 2965 2819 3019 διὰ
2853 2967 2914 3020 τὸ
2957 2964 3098 3021 εἶναι
3149 2970 3313 3023 αὑτὸν
3349 2960 3443 3043 ἕνα
3488 2970 3618 3023 Υἱὸν
3645 2970 3739 3023 τοῦ
3764 2987 3819 3022 τε
3855 2968 3999 3021 Θεοῦ

2415 3057 2646 3126 Πατρδς,
2687 3060 2778 3110 καὶ
2806 3060 2905 3126 τῆς
2947 3060 3226 3129 Παρθένου
3261 3061 3467 3129 μητρός
3492 3074 3508 3088 ⁶
3538 3062 3602 3114 τὸ
3630 3061 3689 3113 δὲ
3717 3062 3831 3123 υίὸς
3874 3061 3999 3113 ὅνοο

2342 3151 2384 3207 C
2420 3163 2496 3214 μα
2524 3147 2874 3210 ὑποστάσεως
2906 3149 3142 3218 ὑπάρχει
3173 3151 3530 3219 σημαντικὸν,
3556 3150 3651 3202 καὶ
3670 3150 3730 3202 οὑ
3756 3148 3997 3217 φύσεως.

2418 3238 2515 3290 Διὰ
2541 3236 2700 3291 τοῦτο
2734 3240 2827 3292 καὶ
2872 3241 2968 3310 μία
2996 3242 3312 3307 ὑπόστασις,
3348 3242 3410 3295 τό
3458 3259 3519 3294 τε
3552 3242 3697 3294 θεῖον
3727 3241 3865 3311 ὁμοῦ
3902 3244 4002 3293 καὶ

2416 3328 2757 3398 ἀνθρώπινον
2785 3331 2815 3383 ό
2851 3331 3085 3401 Χριστὸς
3127 3332 3280 3402 παρὰ
3327 3331 3435 3385 τῶν
3480 3330 3851 3384 εὐσεϐούντων
3909 3332 4000 3384 δοο

2417 3419 2662 3487 ξάζεται.

2486 3578 2632 3631 Μιαν
2666 3573 2760 3631 οὖν
2796 3578 3094 3632 ὑπόστασιν
3126 3580 3219 3634 καὶ
3245 3580 3340 3633 δύο
3366 3580 3557 3649 φύσεις
3601 3579 3932 3651 πρεσϐεύων
3972 3582 4003 3634 δ

2415 3666 2571 3734 λόγος
2593 3668 2693 3736 τῆς
2731 3669 3083 3739 Ἐκκλησίας,
3125 3671 3299 3739 μέσην
3323 3672 3445 3723 τινὰ
3479 3671 3597 3724 ὁδὸν
3626 3672 3996 3741 πεπόρευται·

2415 3756 2539 3809 οὔτε
2569 3757 2658 3810 διὰ
2685 3760 2786 3826 τὴν
2832 3760 3029 3812 ἕνωσιν
3059 3761 3379 3829 Μανιχαῐος,
3411 3761 3505 3814 καὶ
3536 3762 3633 3823 τὰς
3662 3760 3854 3829 φύσεις
3892 3763 4002 3830 φύ-

2417 3861 2502 3899 σιν
2544 3847 3073 3910 άναπλάττων,οὑτε
3114 3848 3203 3902 διὰ
3250 3850 3351 3917 τὴν
3399 3849 3684 3921 διαίρεσιν,
3726 3853 3829 3921 τὴν
3872 3854 4001 3905 κατ’

2415 3936 2659 3989 ἐπίνοιαν
2700 3938 2807 3991 τῶν
2862 3939 3160 4009 ήνωμένων
3202 3940 3417 4009 φύσεων
3462 3941 3863 4005 Παυλιανίζων,
3903 3945 4003 3995 καὶ

2410 4027 2512 4098 τὴν
2535 4028 2833 4082 ὑπόστασιν
2860 4030 3189 4092 ὑποστάσεις
3218 4032 3389 4084 ποιῶν
3414 4046 3428 4061 ·
3464 4034 3546 4084 δτι
3580 4033 3657 4103 μὴ
3683 4033 3789 4086 ἀνὰ
3825 4035 4001 4104 μέρος

2413 4118 2471 4171 ἓν
2499 4120 2605 4171 τῶν
2634 4120 2911 4191 ὁποτέρων
2952 4124 3115 4182 ποιεῖ.
3148 4121 3181 4192 ἢ
3219 4122 3319 4192 τὴν
3360 4122 3625 4193 διαίρεσιν
3675 4126 3849 4194 χωρὶς
3896 4128 4002 4193 τῆς

2414 4212 2681 4275 ἐνώσεως,
2713 4212 2747 4282 ἢ
2785 4211 2883 4281 τὴν
2916 4212 3110 4265 ἕνωσιν
3144 4214 3315 4283 χωρὶς
3360 4214 3464 4283 τῆς
3504 4213 3844 4284 διαιρέσεως,
3879 4217 4001 4268 ἀλλ’

2412 4300 2527 4371 ἅμα
2557 4302 2651 4353 καὶ
2673 4304 2794 4354 κατ’
2823 4302 3092 4372 ἀλλήλων.
3130 4300 3455 4371 Ἦνωμένως
3475 4303 3585 4374 γὰρ
3608 4304 3831 4374 διαιρεῖ,
3864 4306 4001 4373 μίαν

2419 4392 2516 4463 μὲν
2549 4393 2846 4446 ὑπόστασιν
2872 4394 3068 4461 λέγων,
3106 4394 3300 4458 φύσεις
3328 4394 3386 4447 δὲ
3411 4393 3534 4447 δύο·
3565 4395 3661 4448 καὶ
3707 4396 4002 4467 διακεκριο

736 4454 1055 4527 hypostasin
1096 4459 1308 4525 dicens,
1360 4475 1585 4521 naturas
1620 4485 1753 4525 vero
1802 4473 1985 4529 duas:
2034 4490 2089 4534 et
2135 4482 2309 4540 divise

2416 4454 2593 4553 μένως
2629 4485 2911 4547 συνάπτει.
2944 4454 3037 4539 δύο
3058 4454 3172 4556 ’μέν
3218 4487 3412 4553 φύσεις
3456 4489 3653 4555 λέγων,
3685 4488 4000 4541 ὑπόστασιν

733 4549 856 4601 uuit
878 4565 891 4612 ;
914 4548 1053 4603 duas
1084 4552 1307 4620 quidem
1332 4569 1556 4612 naturas
1588 4559 1800 4624 dicens,
1822 4564 2139 4634 hypostasin
2174 4590 2306 4631 vero

733 4653 935 4704 unam;
977 4649 1167 4695 contra
1197 4653 1360 4711 atque
1395 4645 1451 4699 in
1482 4647 1755 4720 theologia
1788 4651 2074 4711 Trinitatis
2104 4676 2307 4716 secun-

732 4730 865 4782 dum
886 4729 1209 4801 Gregorium
1236 4734 1510 4806 Magnum.
1534 4739 1651 4793 Illic
1677 4742 1825 4796 enim
1848 4746 1942 4812 qui
1974 4747 2029 4801 in
2057 4755 2308 4819 personis

732 4820 954 4886 dividit,
991 4824 1046 4877 iu
1082 4834 1279 4878 natura
1333 4828 1454 4881 uuit
1494 4846 1507 4881 :
1554 4829 1640 4883 hic
1687 4842 1894 4897 autem,
1936 4839 2030 4905 qui
2092 4841 2147 4894 iu
2204 4844 2309 4914 hy-

733 4912 940 4979 postasi
993 4914 1135 4979 unit,
1184 4916 1238 4970 in
1291 4918 1505 4974 naturis
1545 4920 1763 4978 dividit.
1823 4926 1942 4982 lllic
1988 4932 2134 4985 enim
2180 4912 2308 4992 sunt

732 5000 1051 5057 diﬁ‘erentes
1102 5006 1327 5074 quidem
1379 5009 1721 5079 hypostases,
1756 5024 1951 5072 natura
2001 5035 2133 5075 vero
2166 5041 2304 5081 una:

732 5092 823 5145 hic
854 5101 1066 5147 naturae
1108 5095 1329 5163 quidem
1369 5098 1621 5167 diversa},
1662 5103 1973 5175 hypostasis
2009 5127 2141 5165 vero
2177 5131 2305 5171 una.

734 5183 789 5235 Si
833 5183 957 5253 quis
987 5184 1154 5254 igitur
1179 5189 1481 5245 secundum
1513 5204 1752 5250 mentem
1788 5198 2045 5256 Ecclesia:
2083 5207 2305 5276 accipit,

717 5258 880 5343 quod
928 5276 1166 5332 dicimus
1219 5294 1381 5334 unam
1432 5284 1598 5339 Verbi
1642 5296 1895 5343 naturam
1944 5292 2306 5362 incarnatam,

731 5365 967 5434 accipiat
1016 5367 1146 5421 item
1178 5369 1433 5435 libenter,
1460 5376 1605 5442 quod
1644 5377 1881 5433 dicimus
1918 5381 2054 5436 duas
2084 5395 2308 5441 naturas

730 5458 1169 5514 substantialiter
1191 5461 1244 5514 in
1277 5462 1496 5518 Christo
1530 5467 1729 5522 unitas.
1750 5469 1807 5524 Si
1835 5472 1982 5525 enim
2017 5475 2082 5526 ad
2119 5486 2303 5531 osten-

728 5546 974 5606 dandum
1014 5561 1071 5606 et
1102 5551 1514 5623 signiﬁcandum
1539 5558 1832 5616 humanam
1857 5573 2128 5631 naturam,
2158 5581 2305 5637 postr-

805 5726 822 5780 ί
867 5730 1053 5790 Matth.
1093 5749 1202 5801 xiv,
1238 5736 1315 5791 l6.
1400 5740 1418 5777 ιι
1459 5738 1631 5795 Cal-at.
1684 5760 1758 5808 γι,
1795 5744 1844 5799 4-

2411 4576 2467 4629 δὲ
2492 4576 2623 4645 μίαν
2642 4592 2657 4607 ο
2688 4576 2925 4646 ἔμπαλιν
2955 4579 3050 4631 ἐπὶ
3078 4579 3179 4649 τῆς
3202 4580 3483 4649 θεολογίας
3511 4580 3658 4633 κατὰ
3690 4579 3782 4632 τὸν
3816 4580 3999 4649 μέγαν

2412 4666 2736 4737 Γρηγόριον.
2781 4668 2929 4722 Ἐκεῖ
2960 4670 3059 4738 μὲν
3082 4670 3189 4741 γάρ
3216 4674 3337 4735 ταῖς
3374 4671 3709 4724 ὑποστάσεσι
3738 4670 3995 4740 διαιρῶν,

2413 4757 2523 4809 ἐνοῖ
2552 4760 2617 4827 τῇ
2668 4758 2864 4826 φύσει·
2909 4758 3159 4813 ἐντεῦθεν
3193 4762 3251 4814 δὲ
3300 4765 3367 4833 τῇ
3428 4762 3726 4815 ὑποστάσει
3774 4762 3995 4826 ἐνίζων,

2412 4848 2674 4918 διακρίνει
2708 4854 2826 4914 ταῖς
2864 4851 3112 4919 φύσεσιν.
3154 4855 3303 4907 Ἐκεῖ
3360 4856 3459 4924 μὲν
3504 4854 3614 4921 γὰρ
3660 4853 3999 4917 ὑποστάσεις

2412 4938 2680 5010 διάφοροι,
2726 4942 2889 5010 φύσις
2935 4943 2992 4996 δὲ
3033 4947 3066 5013 ἡ
3115 4947 3256 5017 αὐτή
3280 4963 3294 4976 ·
3326 4946 3637 5001 ἐνταῦθαδὲ
3670 4947 3866 5014 φύσεις
3898 4949 3999 5016 μὲν

2407 5030 2677 5100 διάφοροι,
2705 5034 3003 5099 ὑπόστασις
3033 5036 3089 5089 δὲ
3121 5038 3154 5107 ἡ
3183 5039 3345 5109 αὑτή.
3379 5039 3447 5092 Εἴ
3474 5056 3557 5102 τις
3593 5034 3689 5092 οὖν
3720 5039 3867 5091 κατὰ
3903 5042 3998 5092 τὸν

2410 5120 2534 5175 νοῦν
2569 5124 2667 5194 τῆς
2711 5126 3037 5195 Ἐκκλησίας
3060 5129 3395 5201 ἐκλαμϐάνει
3436 5133 3517 5197 τὸ,
3552 5130 3684 5204 μίαν
3721 5134 3819 5188 τοῦ
3854 5134 3995 5187 Θεοῦ

2410 5213 2587 5281 Λόγου
2616 5216 2777 5283 φύσιν
2807 5222 3258 5291 σεσαρκωμένην,
3287 5225 3571 5287 ἀσπασίως
3601 5224 3995 5289 καταδεξάσΘω

2410 5303 2505 5353 καὶ
2535 5302 2594 5355 τὸ
2619 5303 2712 5357 δύο
2746 5307 2938 5374 φύσεις
2966 5309 3241 5373 οὑσιωδῶς
3266 5311 3554 5381 ήνωμένας
3588 5312 3775 5380 λέγειν
3811 5316 3873 5367 ἐν
3915 5316 3993 5383 τῷ

2409 5392 2651 5464 Χριστῷ.
2688 5398 2751 5449 Εἰ
2793 5398 2902 5467 γὰρ
2935 5400 3028 5452 ἐπὶ
3068 5402 3410 5471 παραστάσει
3451 5403 3544 5455 καὶ
3589 5406 3846 5474 «quasi;
3891 5409 3993 5472 τῆς

2409 5483 2757 5556 ἀνθρωπίνης
2787 5488 3026 5557 φύσεως,
3071 5490 3210 5561 μετὰ
3235 5490 3297 5543 τὸ
3323 5494 3498 5545 εἰπεῖν
3536 5494 3669 5560 μίαν
3696 5494 3868 5548 φύσιν
3893 5495 3988 5548 te":

2408 5556 2541 5628 Θεοῦ
2594 5556 2809 5646 Λόγου,
2841 5582 3034 5649 ἐπάγει
3073 5556 3162 5648 τὸ,
3194 5556 3624 5656 σεσαρκωμένην
3658 5602 3673 5617 ·
3698 5586 3808 5640 τίνι
3843 5586 3992 5656 λόγῳ
