4198 6434
245 417 376 482 H97

1459 413 1555 475 DE
1591 415 2103 476 INCARNATION
2116 417 2176 476 E.

3341 413 3473 474 ΜΩδῖ

237 531 421 584 λοιπὸν
454 529 742 584 ἀναδύεται
771 527 832 580 τὸ
860 527 953 579 δύο
982 527 1171 595 φύσεις
1211 527 1511 597 ὁμολογεῖν,
1547 529 1676 598 μίαν
1707 529 1804 598 μὲν

1906 542 2067 594 quam
2119 528 2257 580 dixit
2316 543 2478 580 unam
2542 537 2790 579 naturam
2843 525 2936 580 Dei
2985 522 3172 585 Verbi,
3230 527 3472 594 adjungit

234 625 337 690 τῆν
364 622 459 675 τοῦ
496 621 632 674 Θεοῦ
661 621 857 687 Λόγου,
903 619 1098 689 ἑτέραν
1128 620 1183 672 δὲ
1212 620 1310 689 τὴν
1339 619 1707 690 ἀνθρωπίνην,
1738 621 1804 690 ἢν

235 714 397 776 αὐτὸς
427 712 516 766 διὰ
560 713 656 780 τῆς
707 709 1138 780 σεσαρκωμένης
1188 709 1386 774 λέξεως
1437 709 1804 777 ἀπαγγέλλειν

235 803 659 874 διισχυρίζεταις
693 801 728 854 ἃ
755 801 865 871 γὰρ
891 802 1144 870 ὁμολογεῖ
1171 800 1266 854 καὶ
1311 800 1633 870 ἁριθμείτω,
1666 799 1804 852 κατά

233 895 326 948 τὸν
370 894 544 964 μέγαν
589 892 887 946 Βασίλειον.
921 892 982 944 ΕΞ
1029 891 1086 944 δὲ
1129 893 1368 945 αἰτιᾶται
1401 891 1492 943 τὸν
1522 891 1616 943 δύο
1645 889 1804 958 ἀριθ-

240 985 362 1052 μὸν,
396 982 473 1046 ὡς
501 982 812 1052 διχαπικόν
841 985 961 1035 τινα
991 982 1085 1034 καὶ
1109 981 1459 1052 διαιρετικὸν,
1491 980 1805 1046 γινωσκέτω

241 1077 317 1146 μὴ
346 1073 567 1142 εὔλογον
613 1071 752 1128 εἶναι
799 1075 900 1143 τὴν
942 1071 1199 1143 τοιαύτην
1235 1071 1583 1142 παραίτησιν.
1613 1071 1674 1122 Ei
1708 1069 1805 1136 μὲν

237 1167 366 1238 γὰρ,
390 1166 465 1228 ῶς
487 1164 583 1218 καὶ
609 1163 866 1234 ἀνωτέρω
884 1165 1118 1234 εἴρηται,
1132 1161 1300 1215 εἰπὼν
1316 1163 1344 1214 ό
1358 1164 1482 1233 ὄρος
1507 1160 1599 1213 δύο
1617 1159 1806 1226 φύσεις

237 1256 422 1318 ἁπλῶς
446 1257 504 1309 ἐν
536 1253 614 1324 τῷ
664 1255 885 1324 Χριστῷ
938 1253 1253 1322 γινώσκειν,
1287 1253 1380 1306 καὶ
1422 1252 1587 1322 μηδὲν
1619 1251 1805 1320 ἓτερον

237 1347 675 1418 προσεπιφέρων,
728 1345 1037 1408 ἀπεσιώπα,
1078 1343 1262 1414 χώραν
1303 1345 1432 1406 ἴσως
1482 1341 1652 1395 ἐδίδου
1687 1344 1804 1401 ταῖς

235 1439 514 1500 τοιαύταις
550 1436 831 1504 ὑποψίαις,
861 1433 938 1497 ὡς
989 1436 1170 1504 μήπου
1225 1432 1324 1504 τὴν
1371 1430 1567 1485 ἑαυτοῦ
1601 1431 1805 1484 ἔννοιαν

235 1531 449 1600 τρανῶς
467 1528 849 1600 παραστήσας,
881 1527 1028 1587 ὅπως
1049 1521 1162 1578 οῐδε
1190 1525 1292 1588 τὰς
1309 1523 1564 1586 τοιαύτας
1589 1522 1681 1576 δύο
1701 1522 1804 1588 φύ-

239 1636 353 1682 σεις
391 1618 536 1688 ἔχειν
565 1616 701 1687 πρὸς
739 1614 959 1678 ἑαυτάς.
994 1614 1129 1668 Είδὲ
1155 1614 1349 1680 ἐπάγει
1384 1613 1468 1674 τὸ,
1497 1610 1803 1679 ήνωμένας,

237 1712 332 1764 καὶ⁵
367 1709 506 1780 πρὸς
538 1706 751 1770 τούτοις
781 1705 880 1776 τὴν
919 1705 1048 1774 μίαν
1077 1703 1339 1774 κηρύττει
1368 1701 1685 1763 ὑπόστασιν,
1715 1700 1805 1750 ού-

233 1803 292 1855 δὲ
321 1799 560 1854 ἐθέλοντί
599 1814 705 1851 τινι
761 1797 1127 1864 συκοφαντίας
1166 1793 1330 1847 τόπον
1360 1792 1677 1860 παρέχεται.
1712 1790 1807 1841 Δέ-

233 1894 447 1947 δεικται
477 1887 572 1946 οὖν
620 1893 684 1943 ἐκ
719 1889 940 1952 παντὸς,
982 1889 1064 1942 ὅτι
1096 1886 1290 1940 ταυτὸν
1332 1883 1658 1955 ἀμφοτέροις
1689 1883 1802 1942 τοῖς
1837 1877 1874 1930 ll

233 1986 482 2057 ὁρισμοῖς
523 1981 733 2045 τούτοις
773 1980 835 2060 to
863 1979 1128 2050 βούλημα,
1163 1977 1310 2030 καὶὸ
1332 1978 1520 2046 ἕτερος
1561 1973 1657 2026 τοῦ
1690 1971 1804 2023 ἐτέ-

237 2092 332 2142 ρου
367 2069 761 2143 ἐρμηνευτικὸς
793 2069 992 2138 μᾶλλον
1019 2067 1114 2120 καὶ
1140 2066 1240 2119 ούκ
1266 2065 1510 2125 ἐναντίος
1541 2063 1799 2130 ὑπάρχει.

233 2166 345 2217 Καὶ
377 2164 547 2216 ταῦτα
580 2162 681 2232 μὲν
708 2159 784 2224 ὡς
814 2161 872 2212 ἐν
902 2157 1322 2230 προεισαγωγῆς
1365 2155 1494 2208 εῖδει
1541 2153 1803 2221 λελέχθωο

233 2271 333 2308 σαν
359 2273 472 2309 νυν.

306 2435 372 2487 ..ο
403 2433 447 2486 δ’
495 2427 587 2486 οὖν
615 2433 644 2484 ὁ
673 2431 832 2498 λόγος
872 2429 1101 2501 ὥρμητο
1141 2424 1528 2495 διηγήσασθαι,
1576 2425 1658 2477 ὅτι
1699 2425 1801 2491 τῆς

241 2522 574 2594 Ἐκκλησίας
601 2519 1014 2591 παρωσαμένης
1037 2517 1136 2581 τὰς
1165 2517 1250 2585 ἐφ’
1301 2516 1537 2586 ἑκάτερα
1569 2514 1801 2583 τροπὰξν

231 2620 405 2690 μέσην
432 2635 490 2672 τε
525 2617 617 2671 καὶ
635 2613 1008 2686 ἀληθεστάτην
1035 2610 1341 2683 τεμνούσης
1369 2609 1485 2664 ὀδόν
1509 2626 1522 2638 ·
1565 2608 1804 2676 Σευῆρός

235 2728 315 2774 τις
344 2712 409 2780 τῇ
431 2709 537 2761 τῶν
560 2710 617 2762 ἐν
650 2705 948 2775 Ἀντιοχείᾳ
970 2703 1235 2774 προεδρίᾳ
1253 2701 1445 2754 ἐαυτὸν
1469 2699 1801 2769 είσωθήσας,

237 2801 330 2871 τὴν
359 2799 552 2869 έτέραν
599 2796 710 2850 τῶν
748 2794 1063 2865 όμομοίρων
1095 2792 1322 2858 τούτων,
1357 2793 1507 2846 τοῦτ’
1558 2794 1673 2845 ἔστι
1705 2793 1802 2862 τὴν

231 2892 374 2947 κατά
404 2892 616 2960 Μάνην,
659 2887 1036 2958 Ἀπολινάριόν
1082 2904 1142 2940 τε
1178 2887 1271 2940 καὶ
1303 2875 1572 2957 Εὐτυχέα,
1605 2887 1804 2940 διεκδι-

229 2985 348 3037 κεῖν
385 2983 668 3051 ἐπειρᾶτο,
715 2978 900 3034 κυκῶν
949 2979 1049 3046 ὅση
1095 2977 1322 3049 δύναμις
1359 2977 1507 3048 αύτῷ
1558 2977 1658 3048 τὴν
1702 2979 1802 3046 τῆς

240 3073 570 3142 Ἐκκλησίας
590 3071 833 3142 είρήνην.
880 3067 1125 3133 Ἐλαθεὶς
1153 3068 1211 3122 δέ
1246 3069 1346 3139 τῆς
1379 3067 1694 3138 Ἀντιοχέων
1725 3064 1803 3127 ὡς

1908 618 2282 683 inearuatam;
2329 634 2500 688 quare
2549 627 2736 685 postea
2781 627 2995 672 recusat
3041 616 3290 670 contiteri
3337 617 3473 671 duas

1908 719 2154 770 naturas,
2203 727 2367 764 unam
2405 710 2632 779 quidem
2671 710 2767 763 Dei
2801 711 2989 768 Verbi.
3025 718 3082 762 et
3109 709 3338 762 alteram
3369 709 3471 758 hu-

1907 818 2144 861 manam,
2179 818 2341 870 quam
2374 803 2488 871 ipse
2531 799 2800 853 vocabulo
2836 800 3102 853 incarnati
3151 797 3379 850 allirmat
3415 812 3474 849 sc

1909 891 2197 958 profiteri?
2239 907 2360 959 quae
2403 892 2550 944 enim
2596 889 2906 950 confitetur,
2963 897 3240 947 numeret,
3298 895 3355 938 ut
3398 887 3474 938 ait

1907 995 2136 1048 magnus
2175 979 2425 1034 Basilius.
2465 982 2522 1034 Si
2558 989 2742 1034 autem
2783 986 3004 1031 accusat
3049 976 3323 1028 binariuin
3367 991 3473 1026 :iu-

1908 1087 2118 1123 inerum
2169 1080 2424 1138 tanquam
2485 1071 2822 1124 dividentem
2867 1076 2923 1123 et
2951 1067 3299 1136 partientem,
3340 1066 3473 1119 sciat

1908 1179 2016 1216 non
2057 1178 2179 1215 esse
2212 1164 2407 1216 rationi
2439 1171 2868 1216 consentaneain
2913 1157 3226 1228 liujusmodi
3264 1172 3476 1209 recusa-

1909 1254 2134 1306 tioucm.
2171 1252 2225 1306 Si
2263 1254 2434 1314 enim,
2471 1263 2530 1305 ut
2571 1251 2827 1320 superius
2849 1250 3058 1303 dictum
3089 1255 3193 1310 est,
3224 1245 3475 1300 definitio

1906 1359 2026 1412 qua:
2074 1343 2211 1397 dicit
2253 1343 2576 1411 simpliciter
2616 1341 2837 1411 agnosci
2873 1341 2927 1394 in
2957 1337 3178 1393 Christo
3212 1339 3348 1388 duas
3380 1351 3477 1387 na-

1909 1445 2082 1497 turas,
2123 1445 2178 1488 et
2214 1433 2353 1488 nihil
2404 1435 2554 1487 aliud
2583 1433 2906 1502 adjungens,
2949 1430 3212 1491 reticeat;
3244 1427 3474 1480 fortasse

1907 1527 2085 1580 locum
2129 1526 2346 1580 dederit
2396 1525 2710 1593 hujusmodi
2782 1521 3211 1591 suspicionibus,
3262 1528 3326 1570 ut
3379 1517 3473 1583 qui

1907 1631 2014 1669 non
2053 1617 2215 1683 plane
2251 1617 2584 1670 sententiam
2632 1630 2787 1668 suam
2837 1611 3156 1682 protulerit,
3197 1607 3476 1678 quomodo

1910 1706 2241 1774 intelligeret
2270 1706 2338 1758 ad
2378 1722 2437 1760 se
2465 1706 2700 1758 invicem
2732 1703 2958 1758 affectas
2987 1698 3304 1770 huiusmodi
3340 1697 3478 1748 duas

1909 1805 2151 1850 naturas.
2177 1797 2232 1850 Si
2258 1812 2389 1850 vero
2427 1797 2709 1866 adiungat,
2739 1795 2940 1857 unitas,
2960 1802 3016 1847 et
3055 1807 3216 1845 unam
3249 1798 3476 1857 praeter-

1904 1905 1966 1942 ea
2001 1889 2317 1958 hypostasiu
2389 1888 2671 1958 prardicet,
2707 1903 2774 1941 nc
2803 1884 3006 1940 volenti
3053 1883 3276 1951 quidem
3304 1879 3474 1932 ullqu

1903 1982 2083 2035 locum
2113 1983 2207 2036 dat
2239 1980 2546 2035 calumnia).
2583 1981 3024 2033 Demonstratum
3055 1975 3220 2044 igitur
3251 1981 3337 2025 est
3361 1987 3480 2024 oni-

1905 2074 2036 2126 nino
2089 2071 2346 2126 eumdem
2376 2085 2597 2125 sensum
2636 2084 2757 2122 esse
2799 2067 3088 2134 utriusque
3117 2062 3474 2124 definitionis,

1902 2173 1957 2217 et
1996 2163 2222 2217 alteram
2264 2177 2385 2214 esse
2431 2161 2662 2214 alterius
2691 2156 3233 2226 interpretationem,
3273 2161 3328 2206 et
3373 2152 3479 2204 iiii--

1904 2256 2050 2308 nunc
2123 2254 2481 2307 contrariam.
2563 2250 2632 2304 Et
2690 2251 2807 2302 haec
2875 2249 3143 2302 hactenus
3219 2253 3476 2310 tanquam

1905 2348 1959 2400 in
2007 2346 2249 2413 speciem
2304 2341 2720 2412 pra-parationis
2755 2340 2902 2394 dicta
2951 2339 3062 2392 sint
3113 2351 3282 2389 nunc.

1971 2433 2126 2499 Quod
2153 2443 2337 2488 autem
2367 2446 2643 2502 creperam
2671 2444 2968 2500 exponere,
3007 2426 3474 2497 quemadmodum

1905 2527 2146 2580 Ecclesia
2184 2526 2426 2595 explosis
2456 2522 2904 2579 aberrationibus
2932 2523 2985 2576 in
3031 2531 3320 2588 utramque
3354 2534 3479 2587 par-

1906 2627 2014 2672 tem
2062 2619 2206 2673 inter
2254 2633 2314 2672 se
2375 2617 2868 2680 dissentientium,
2925 2613 3107 2668 inedia
3155 2611 3242 2666 via
3302 2627 3478 2680 eaque

1907 2709 2212 2763 rectissima
2254 2707 2634 2776 ingrediatur;
2689 2708 2930 2761 Severus
2972 2703 3220 2774 quidam,
3265 2703 3362 2771 qui
3416 2717 3477 2756 se

1905 2801 1960 2855 in
1977 2800 2355 2870 episcopatum
2381 2797 2640 2852 Ecclesiae
2667 2795 3056 2851 Antiochensis
3077 2795 3284 2856 intulit,
3315 2792 3478 2846 aliam

1903 2910 2066 2964 quam
2113 2893 2360 2962 ipsorum
2388 2891 2659 2945 sodalium
2701 2897 2928 2954 sectam,
2970 2889 3024 2942 id
3058 2897 3162 2952 est,
3197 2885 3479 2939 Manichari

1903 2997 1958 3042 et
2005 2987 2331 3056 Apollinarii
2373 2993 2430 3039 et
2481 2983 2819 3054 Eutychetis,
2859 2980 3157 3035 defendere
3193 2993 3482 3048 aggressus

1904 3089 2007 3140 est,
2035 3079 2281 3139 turbans,
2311 3077 2488 3147 quoad
2512 3075 2712 3146 potuit,
2737 3089 2926 3144 pacem
2957 3070 3232 3126 Ecclesiae.
3257 3070 3483 3139 Ejectus

229 3161 536 3230 στασιώδης
582 3160 676 3213 καὶ
715 3157 1004 3228 ταραξίας,
1051 3161 1119 3229 τῇ
1172 3157 1565 3226 Ἀλεξανδρέων
1604 3157 1803 3224 κουφό-

1907 3184 2041 3220 vero
2084 3169 2153 3221 ab
2199 3167 2673 3221 Antiochensibus
2703 3173 2962 3233 tanquam
3002 3161 3263 3216 factiosus
3288 3169 3345 3215 et
3369 3170 3484 3213 tur-

234 3270 356 3322 τητι
395 3250 656 3312 λαίλαπος
688 3248 781 3301 καὶ
823 3247 1056 3318 θυέλλης
1095 3247 1251 3318 δίκην
1282 3246 1605 3316 ἐνέσκηψεν.
1637 3245 1806 3299 Ἔνθα

231 3344 325 3396 καὶ
349 3342 540 3411 ἐτέρας
574 3339 886 3407 καταιγίδος
910 3339 1351 3407 ἀντιπνευσάσης
1377 3337 1546 3406 αύτῷ,
1581 3339 1802 3406 ήμερώο

234 3447 386 3501 τερος
426 3429 525 3498 μὲν
549 3429 642 3481 καὶ
663 3421 828 3499 ἦττον
849 3426 1094 3498 ζαλώδης
1129 3427 1205 3496 (9)
1235 3427 1400 3490 αὐτὸς
1427 3427 1623 3480 ἑαυτοῦ
1652 3427 1802 3494 γίνε-

228 3539 360 3576 ται·
404 3523 453 3574 οἱ
481 3521 539 3574 δὲ
571 3522 667 3574 ὐπ’
698 3519 868 3574 αὐτοῦ
901 3519 1351 3592 κλυδωνιζόμενοι
1383 3523 1478 3575 καὶ
1509 3521 1805 3593 περιφερό-

233 3631 407 3685 μενοι,
454 3611 831 3682 διεσπάρησαν
874 3612 969 3666 ἀπ’
1007 3611 1274 3682 ἀλλήλων,
1329 3612 1426 3665 καὶ
1470 3611 1806 3684 διῃρέθησαν

229 3709 490 3778 χειρόνως
528 3706 560 3778 ἢ
603 3707 889 3778 πρότερον.
935 3705 1260 3761 Διεσκέδασε
1287 3706 1397 3776 γὰρ
1437 3705 1638 3769 αὐτοὺς
1678 3706 1805 3758 Ἰουο

229 3798 434 3862 λιανὸς,
469 3797 756 3868 ἐπίχαρμα
785 3795 896 3849 τῶν
927 3795 1139 3868 ἐχθρῶν
1167 3795 1358 3862 αὐτοῦ,
1391 3795 1578 3860 καθὼς
1603 3796 1807 3868 γέγρα-

231 3908 384 3944 πται.
438 3887 728 3952 Ἰουλιανὸς
765 3889 823 3943 δὲ
863 3879 1019 3952 οὗτος
1085 3886 1519 3958 Ἁλικαρνασσοῦ
1573 3888 1673 3959 μὲν
1707 3888 1806 3958 τῆς

245 3975 429 4038 Ἀσίας
456 3975 757 4039 ἐπίσκοπος
784 3972 874 4048 ἦν,
902 3976 1004 4046 τῆς
1039 3975 1097 4030 δὲ
1119 3977 1462 4050 Εὑτυχιανῆς
1495 3979 1806 4049 συμμορίας

230 4069 649 4139 προαγωνιστής
673 4067 1066 4140 ἐκθυμότατος,
1107 4069 1347 4141 Σευήρου
1395 4086 1456 4122 τε
1494 4070 1565 4123 τά
1611 4069 1805 4139 πρῶτα

233 4159 470 4230 συνήθης
503 4160 596 4214 καὶ
627 4159 803 4229 φίλος.
840 4161 1342 4232 συγκεκροτημένοι
1373 4179 1434 4214 τε
1463 4162 1632 4232 ἄμφω
1658 4162 1802 4216 κατὰ

229 4249 331 4318 τῆς
362 4249 658 4320 ἀληθείας·
721 4249 950 4321 ὕστερον
993 4249 1050 4304 δὲ
1109 4251 1444 4322 ἐμπεσόντος
1487 4253 1671 4316 αὐτοῖς
1705 4253 1802 4308 τοῦ

231 4341 476 4396 τοιούτου
505 4342 845 4412 ζητήματος,
877 4342 1111 4414 πότερον
1153 4343 1394 4412 φθαρτὸν
1431 4342 1594 4412 φύσει
1623 4343 1806 4412 λέγειν

230 4435 294 4488 τὸ
340 4433 498 4504 σῶμα
539 4433 635 4486 τοῦ
684 4435 890 4503 Κυρίου
935 4435 1087 4500 ποτὲ,
1136 4435 1169 4506 ἦ
1216 4437 1337 4489 ούδέ
1386 4453 1552 4503 ποτε,
1591 4437 1706 4491 ἀλλ’
1747 4437 1806 4502 ἐξ

1909 3258 2190 3320 bulentus,
2231 3257 2396 3310 irruit
2434 3257 2607 3309 instar
2637 3254 2891 3324 procellae
2929 3261 2985 3306 et
3031 3251 3267 3305 turbinis
3312 3251 3366 3303 in
3406 3249 3484 3303 Ic-

1908 3349 2131 3402 vitatem
2169 3347 2665 3401 Alexandrinorum
2694 3385 2707 3405 ,
2755 3344 2848 3398 ubi
2890 3343 2995 3396 alia
3025 3349 3351 3411 tempestate
3393 3355 3482 3392 re-

1908 3440 2074 3494 flante
2115 3439 2458 3493 mansuetior
2496 3447 2554 3492 ct
2590 3437 2772 3491 minus
2831 3433 3092 3488 turbidus
3135 3432 3312 3486 factus
3356 3439 3478 3492 est;

1907 3531 2001 3600 qui
2048 3539 2230 3584 autem
2267 3530 2336 3582 ab
2383 3544 2450 3583 eo
2494 3529 2717 3582 fuerant
2746 3525 3007 3581 ﬂuctibus
3051 3523 3240 3594 jactati
3279 3531 3336 3577 ct
3370 3522 3481 3574 cir-

1908 3621 2164 3678 cumacti.
2199 3636 2227 3674 a
2259 3637 2318 3674 se
2344 3619 2476 3689 ipsis
2503 3619 2726 3673 fuerunt
2762 3615 3012 3678 dissecti,
3044 3625 3100 3669 et
3129 3613 3291 3668 divisi
3327 3615 3482 3682 pejus

1907 3730 2069 3782 quam
2125 3722 2306 3766 antea.
2361 3710 2633 3781 Dispersit
2680 3709 2830 3764 enim
2880 3723 2978 3764 eos
3025 3705 3298 3768 Julianus,
3339 3705 3482 3758 risus

1911 3803 2258 3858 inimicorum
2312 3817 2562 3863 suorum,
2611 3810 2671 3855 ut
2717 3800 2984 3868 scriptum
3040 3805 3145 3851 est.
3200 3796 3336 3850 Erat
3394 3795 3482 3850 hic

1906 3896 2157 3951 Julianus
2187 3893 2478 3964 episcopus
2526 3889 2894 3946 llalicarnassi
2942 3890 2997 3943 in
3027 3888 3176 3950 Asia,
3221 3885 3480 3940 defensor

1907 3986 2330 4040 ardentissimus
2372 3994 2534 4039 secta:
2583 3979 2927 4052 Eutychetis,
2995 3977 3154 4032 initio
3198 3976 3483 4030 familiaris

1905 4089 1962 4133 et
2009 4079 2223 4134 amicus
2276 4077 2466 4133 Severi
2511 4095 2524 4130 :
2563 4076 2726 4130 ambo
2756 4074 2907 4128 enim
2951 4079 3144 4128 contra
3195 4071 3480 4124 veritatem

1906 4171 2389 4240 conspiraret-ant,
2441 4177 2631 4237 postea
2680 4182 2814 4222 vero
2875 4165 3145 4220 dissidere
3196 4173 3485 4232 eruperunt

1906 4274 2026 4318 orta
2053 4263 2197 4319 inter
2223 4278 2319 4317 eos
2349 4261 2774 4330 disceptatione,
2806 4269 2990 4312 utrum
3015 4256 3311 4312 dicendum
3339 4263 3485 4309 esset

1906 4372 2108 4425 corpus
2148 4355 2355 4409 Christi
2406 4364 2603 4408 natura
2658 4351 2957 4421 aliquando
3007 4348 3366 4417 corruptibile
3414 4362 3484 4400 an

1906 4464 2208 4517 nunquam,
2261 4446 2355 4502 sed
2420 4449 2603 4516 potius
2658 4445 2728 4499 ab
2777 4448 2894 4513 ipsa
2953 4443 3158 4496 unione
3213 4440 3483 4494 sublatam

235 4524 401 4593 αὐτῆς
460 4527 560 4596 τῆς
631 4523 876 4588 ἐνὼσεως
931 4525 1316 4596 ἀπαρνηθῆναι
1387 4527 1486 4598 τῆς
1553 4528 1802 4601 φθαρτῆς

1906 4553 2025 4592 esse
2075 4539 2468 4606 proprietatem
2522 4544 2737 4589 natura!
2785 4531 3184 4601 corruptibilis,
3226 4540 3484 4598 tanquam

232 4613 448 4681 φύσεως
471 4614 536 4667 τὸ
565 4614 760 4685 ἰδίωμα
783 4655 800 4680 ,
855 4613 934 4680 ὡς
961 4619 1089 4687 μιᾶς
1118 4617 1336 4686 φύσεως
1359 4619 1660 4690 γινομένων
1691 4621 1800 4674 τῶν

230 4709 346 4770 δύο,
410 4707 505 4760 καὶ
558 4709 658 4777 τῆς
713 4707 1005 4772 ούσιὼδους
1046 4710 1310 4781 διαφορᾶς
1357 4711 1558 4782 ἀμφοῖν
1601 4713 1802 4785 μηκέτι

230 4797 662 4871 γινωσκομένης,
709 4799 806 4852 τοῦ
843 4800 901 4855 δέ
937 4801 1250 4871 κρείττονός
1279 4819 1339 4856 τε
1365 4804 1458 4857 καὶ
1487 4803 1632 4858 θείου
1669 4806 1805 4876 μᾶλ-

228 4891 321 4942 λόν
360 4907 477 4953 πως
507 4890 896 4960 ἐκνικήσαντος
921 4891 1038 4963 ἅμα
1065 4895 1132 4963 τῇ
1169 4893 1358 4965 πρώτῃ
1388 4896 1673 4964 συναφείᾳ,
1711 4897 1805 4949 καὶ

230 4981 369 5050 πρὸς
407 4980 469 5034 τδ
513 4981 710 5035 ἑαυτοῦ
758 4982 955 5054 ίδίωμα
995 4983 1057 5036 τὸ
1082 4979 1244 5056 ἦττον
1283 4986 1343 5038 ἐν
1376 4986 1574 5058 ἀκαρεῖ
1595 4986 1804 5056 μεθαρ-

232 5072 502 5141 μόσαντος
522 5073 758 5143 τῆςκατ’
786 5074 920 5126 αὐτὸ
943 5076 1181 5145 φυσικῆς
1210 5076 1490 5147 ίδιότητος.
1521 5079 1715 5132 Κοινὸν
1747 5079 1804 5131 δὲ

229 5165 562 5236 ἀμφοτέροις
594 5167 865 5238 ’ἰουλιανῷ
889 5170 982 5222 καὶ
1006 5171 1228 5240 Σευήρῳ
1249 5172 1397 5224 τουτὶ
1421 5170 1482 5223 τὸ
1501 5171 1766 5241 ἀπόρημα
1785 5186 1799 5200 ο

228 5255 401 5326 ἄμφω
454 5256 564 5328 γὰρ
615 5259 714 5328 τῆς
755 5260 1090 5328 συγχυτικῆς
1139 5261 1485 5330 προεμάχουν
1533 5260 1799 5323 ἐνώσεως.

738 5369 894 5434 Δόξα
945 5369 1289 5424 Ἰουλίαν-οῦ.

312 5479 601 5569 Ἰουλιανός
639 5479 771 5548 γοῦν
795 5481 974 5545 καλῶς
997 5483 1246 5552 ποιήσειν
1274 5482 1490 5553 διέγνω,
1518 5486 1566 5538 εί
1597 5486 1792 5540 παντά.

227 5587 396 5624 πασιν
419 5569 479 5634 ἐξ
505 5571 749 5624 ἀπόπτου
791 5573 1018 5643 χωρήσῃ
1053 5574 1196 5627 κατά
1226 5575 1323 5644 τῆς
1364 5575 1641 5646 ἀληθείας,
1705 5579 1799 5631 καὶ

233 5659 310 5732 μὴ
335 5661 516 5732 ἐαυτῷ
541 5680 599 5716 τε
623 5664 716 5716 καὶ
743 5664 916 5736 ταύτῃ
948 5665 1201 5734 πολέμιος
1298 5669 1390 5719 καὶ
1419 5668 1756 5738 ἀνάρμοστος
1781 5687 1795 5700 ο

1907 4627 2029 4680 duae
2067 4633 2276 4679 natura:
2320 4624 2476 4677 facta:
2504 4632 2692 4678 essent
2735 4638 2864 4686 una,
2908 4631 2966 4676 et
3011 4621 3321 4674 differentia
3352 4618 3486 4672 sub-

1909 4717 2179 4772 stantialis
2231 4725 2443 4770 natura:
2492 4731 2599 4769 non
2651 4716 2887 4784 amplius
2930 4719 3280 4774 nosceretur,
3328 4711 3486 4779 quasi

1910 4806 2105 4860 melior
2133 4820 2281 4875 pars,
2314 4804 2369 4858 id
2422 4814 2507 4859 est
2536 4805 2743 4867 divina,
2779 4803 2940 4858 simul
2977 4817 3102 4855 eum
3139 4801 3258 4869 ipsa
3283 4803 3487 4854 unione

1909 4898 2153 4954 vicisset,
2194 4905 2252 4950 ct
2284 4899 2352 4951 ad
2385 4912 2538 4952 suam
2583 4897 2980 4966 proprietatem
3019 4895 3072 4947 in
3114 4903 3318 4962 puncto
3352 4903 3487 4946 tem-

1911 4988 2062 5055 poris
2095 4986 2363 5039 minorem
2394 4994 2604 5055 partem
2633 5002 2663 5040 a
2710 4991 2947 5041 naturali
2983 4990 3105 5056 ejus
3149 4985 3488 5056 proprietate

1911 5077 2303 5131 transtulisset.
2345 5077 2666 5132 Communis
2704 5089 2886 5132 autem
2939 5079 3250 5140 amborum,
3282 5078 3483 5132 Juliani

1909 5170 2122 5223 scilicet
2168 5180 2225 5223 et
2275 5169 2500 5232 Severi,
2569 5170 2686 5224 hrec
2748 5170 3022 5224 dubitatio
3081 5183 3138 5224 et
3203 5168 3482 5237 quaestio:

1908 5261 2070 5315 ambo
2114 5261 2260 5315 enim
2306 5262 2568 5316 unionem
2610 5261 3039 5316 confundentem
3091 5260 3481 5315 defendebant.

2239 5376 2427 5445 Opinio
2454 5375 2664 5430 Iuliani
2712 5376 3113 5429 Halicarnassei

1975 5488 2225 5544 Julianus
2259 5489 2426 5557 igitur
2450 5490 2680 5556 pulchre
2712 5504 2770 5544 se
2807 5490 3080 5543 facturum
3115 5486 3396 5557 cogitavit,
3433 5487 3481 5542 si

1907 5579 2121 5632 occulte
2159 5585 2216 5631 et
2249 5577 2510 5631 insidiose
2564 5587 2752 5632 contra
2783 5582 3072 5633 veritatem
3107 5578 3324 5645 penitus
3354 5591 3481 5646 pro-

1905 5669 2142 5733 cederet,
2193 5678 2247 5722 et
2275 5685 2383 5722 non
2417 5669 2696 5722 videretur
2744 5669 2850 5724 sibi
2895 5671 3206 5724 contiarius
3230 5679 3286 5722 et
3329 5684 3358 5721 a
3391 5681 3480 5721 ve-

303 5787 379 5861 (9)
421 5790 550 5846 Fed.
599 5791 735 5848 Mor.
793 5795 898 5866 leg.
936 5811 1001 5850 ex
1050 5797 1170 5852 cod.
1224 5814 1324 5856 nis.
1388 5801 1446 5855 Ρ.
1507 5803 1583 5857 St.
1636 5800 1791 5873 ἦττον
1816 5802 2030 5868 (quas,
2062 5803 2242 5858 mitior
2275 5815 2328 5858 et
2365 5806 2544 5859 minus
2580 5807 2927 5862 turbulentus
2951 5823 3112 5876 quam
3139 5817 3317 5862 antea.
