4198 6434
839 360 971 423 uso

1931 365 2313 427 ΤΠΕΟΒΟΒΙ
2352 358 2861 421 RHAITUENSIS

3859 347 3992 413 ιωο

834 469 994 518 ritate
1015 462 1337 533 discrepare.
1361 467 1698 523 Existimavit
1721 485 1848 539 ergo
1867 484 2202 537 consequens
2219 457 2376 526 esse,
2397 477 2427 521 δ
2441 466 2492 514 ρά

2330 457 2742 526 ›,’δ,ἀκόλουθον
2787 457 2923 512 εἶναι
2975 459 3199 526 νομίσας
3267 458 3345 526 τῷ
3390 457 3621 523 λέγοντι,
3648 459 3774 524 μίαν
3812 460 3988 524 φύσιν,

835 560 896 604 ut
939 552 1034 620 qui
1089 569 1248 606 unam
1296 565 1545 609 naturam
1579 558 1805 620 diceret,
1845 573 1954 612 non
1998 559 2198 610 faceret
2241 572 2359 609 eam

832 642 1157 693 contrariam
1188 643 1290 695 sibi
1318 652 1438 697 et-a
1471 661 1530 697 se
1566 648 1991 714 discrepantem;
2025 648 2234 699 sublata
2263 661 2360 698 au-

837 732 942 777 tem
963 728 1321 795 discrepantia
1345 769 1360 792 ,
1377 734 1705 798 sequebatur
1723 734 1890 802 magis
1916 736 2138 801 impium
2157 749 2296 792 esse.
2313 736 2357 786 si

837 812 1283 881 diceretur,un
1304 817 1542 872 deterius
1561 828 1663 882 est,
1677 822 1888 888 aggredi
1915 822 1980 873 ad
1999 825 2358 888 praestantius,

840 899 890 951 id
905 911 1007 961 est,
1025 903 1375 969 corruptibilc
1389 905 1454 958 ad
1473 907 1891 974 incorruptibile.
1907 909 2028 962 Haec
2043 925 2162 961 cum
2183 912 2259 963 sic
2277 927 2362 964 sc-

835 1001 958 1038 cum
976 989 1326 1043 ratiocinatus
1339 1003 1502 1056 esset,
1519 1003 1574 1046 et
1590 995 1723 1046 nihil
1744 995 1889 1046 aliud
1907 996 2010 1048 sibi
2027 998 2358 1050 contrarium

834 1075 1200 1140 praevidisset,
1255 1077 1718 1148 incorruptibilem
1773 1096 1986 1149 semper
2035 1093 2090 1136 et
2142 1086 2361 1140 omnino

835 1159 1044 1213 Domini
1089 1177 1307 1216 carnem
1355 1166 1637 1234 imperiose
1665 1158 2077 1236 pronuntiavit.
2128 1170 2361 1226 Severus

830 1258 1010 1319 autem
1045 1267 1152 1305 non
1189 1255 1450 1322 probabat
1495 1259 1615 1316 ista.
1660 1271 1721 1312 ut
1749 1275 1868 1327 quae
1903 1261 2272 1314 confusionem
2306 1271 2361 1316 et

831 1342 1260 1396 commistionem
1286 1350 1597 1399 naturarum
1624 1349 1779 1415 plane
1808 1350 2154 1414 inducerent;
2185 1366 2359 1418 neque

830 1433 1008 1478 tamen
1054 1444 1240 1494 pacem
1285 1431 1460 1486 facere
1510 1435 1724 1486 volebat
1766 1450 1888 1488 cum
1935 1437 2196 1500 Ecclesia,
2243 1454 2362 1505 qua:

832 1517 1216 1570 convenienter
1247 1519 1569 1575 diil‘erentia:
1615 1531 1671 1576 et
1702 1525 2122 1591 proprietatibus
2144 1539 2364 1582 naturas

833 1614 1096 1666 numerat,
1129 1607 1182 1658 in
1220 1609 1419 1674 quibus
1450 1611 1752 1665 diﬂ'crentia
1798 1616 2188 1680 proprietatum
2241 1633 2361 1671 cer-

2462 551 2535 618 μὴ
2579 551 2710 616 πρὸς
2756 547 2950 616 ἑαυτὴν
2994 547 3235 624 ἱναντίαν
3280 548 3373 598 καὶ
3431 545 3824 613 διαφερομένην
3863 548 3992 598 ποτὲ

2459 637 2658 704 ταύτην
2708 640 2897 689 ποιεῖν.
2945 637 3214 702 Διαφορᾶς
3246 635 3301 685 δὲ
3333 635 3407 702 μὴ
3444 631 3609 701 οὔσης
3638 633 3990 700 ἀσεϐέστερον

2460 725 2643 790 φάναι,
2687 725 2748 775 τδ
2784 726 2961 792 χεῖρον
2991 723 3263 792 μετελθεῖν
3289 721 3423 789 πρὸς
3451 721 3811 788 τδ“κρεϊττον,
3850 718 3988 770 τοῦτ’

2457 811 2571 862 ἐστι
2607 811 2666 861 τὸ
2705 811 2941 880 φθαρτὸν
2984 809 3117 878 πρὸς
3171 807 3233 859 τὸ
3277 805 3567 874 ἄφθαρτον.
3602 803 3782 854 ταῦτα
3814 801 3992 851 συλλο-

2459 900 2768 964 γισάμενος,
2793 899 2888 948 καὶ
2927 899 3047 965 μηδ’
3085 897 3156 954 ὡς
3183 895 3368 962 ἕτερον
3393 891 3798 957 ἐναντιούμενον
3818 889 3992 955 ἑαυτᾷ

2460 986 2710 1054 προϊδὼν,
2765 986 3040 1052 ἄφθαρτον
3073 985 3158 1035 ἀεί
3186 998 3244 1034 τε
3274 982 3368 1034 καὶ
3399 980 3538 1032 κατὰ
3566 981 3740 1031 πάντα
3778 979 3880 1046 τὴν
3903 977 3992 1028 τοῦ

2459 1073 2662 1141 Κυρίου
2714 1073 2891 1141 σάρκα
2920 1069 3332 1136 ἑξουσιαστικῶς
3369 1068 3708 1134 ἀπεφήνατο.
3757 1065 3995 1130 Σευῆρος

2458 1162 2514 1214 δὲ
2539 1162 2745 1222 τούτοις
2776 1162 2847 1229 μὴ
2870 1160 3116 1230 ἀρεσθεὶς
3146 1160 3219 1220 ὡς
3242 1156 3534 1224 διαρρήδην
3555 1154 3882 1222 κηρύττουσι
3899 1152 3996 1216 τὴν

2458 1251 2715 1319 ἀνάχυσιν
2751 1268 2807 1301 τε
2855 1251 2946 1302 καὶ
2993 1250 3286 1313 σύμφυσιν,
3329 1245 3451 1297 οὔτε
3501 1243 3822 1294 σπείσασθαι
3864 1240 3995 1306 πρὸς

2457 1338 2554 1406 τὴν
2594 1338 2917 1406 Ἐκκλησίαν
2944 1336 3211 1398 ἐϐούλετο,
3234 1335 3310 1394 ὡς
3339 1331 3642 1391 ἀκολούθως
3669 1333 3737 1398 τῇ
3762 1329 3998 1394 διαφορᾷ

2459 1425 2551 1478 καὶ
2598 1428 2716 1486 ταῖς
2767 1425 2986 1492 ίδιότησι
3032 1425 3124 1475 καὶ
3164 1425 3262 1483 τὰς
3309 1420 3498 1488 φύσεις
3552 1415 3995 1485 ἀπαριθμοῧσαν,

2458 1514 2585 1582 περὶ
2614 1512 2680 1574 ἀς
2713 1513 2746 1580 η
2783 1513 3008 1579 διαφορά
3048 1512 3348 1577 θεωρεῖται.
3376 1509 3469 1561 καὶ
3495 1502 3570 1559 ὧν
3608 1507 3746 1559 εἰσιν
3779 1507 3837 1558 αἱ
3870 1504 3997 1554 ἰδιό-

2457 1617 2616 1669 τητες
2642 1602 2878 1667 φυσικῶς
2917 1602 3103 1659 αὑταῖς
3138 1581 3529 1664 ὲνύπάρχουσαι
3556 1614 3574 1630 ο
3597 1594 3694 1646 καὶ
3719 1593 3780 1645 τδ
3807 1592 3997 1643 συνθι-

831 1691 1001 1751 nitur,
1040 1701 1095 1773 et
1134 1710 1362 1760 quarum
1393 1708 1518 1750 sunt
1543 1701 1896 1767 proprietates
1923 1704 2211 1765 naturales,
2243 1720 2360 1772 qua:
2392 1748 2429 1773 η
2461 1705 2489 1740 σ

2339 1722 2360 1758 Β
2392 1748 2429 1773 n
2461 1689 2583 1740 σθαι
2619 1689 2737 1749 ταῖς
2793 1686 3075 1740 Ἰουλιανοῦ
3114 1687 3446 1751 τολμηρῐαις,
3485 1684 3696 1773 ἀναιδὲς
3747 1684 3864 1748 ἃμα
3895 1683 3997 1773 ,καὶ

832 1776 886 1829 in
911 1778 1040 1845 ipsis
1063 1783 1272 1834 naturis
1305 1783 1522 1848 insunt;
1548 1795 1602 1838 ct
1619 1787 1869 1871 assentiri
1894 1789 2135 1844 andaciis
2160 1791 2359 1845 Iuliani

831 1867 1118 1932 impudens
1158 1878 1213 1922 et
1265 1873 1515 1937 petulans
1562 1889 1681 1926 esse
1707 1867 2100 1942 arbitrabatur;
2139 1889 2196 1932 et
2249 1896 2358 1933 non

832 1950 1008 2005 minus
1039 1969 1158 2007 esse
1187 1971 1346 2022 quam
1385 1957 1532 2010 nudo
1563 1960 1738 2028 capite
1769 1969 1824 2014 ct
1853 1970 2040 2030 aperto
2065 1979 2160 2017 ore
2193 1965 2360 2033 pieta-

828 2049 934 2094 tem
979 2058 1304 2114 oppugnare.

1382 2175 1567 2245 Opinio
1614 2177 1810 2237 Seueri.

894 2298 972 2351 Ex
1001 2313 1069 2352 eo
1112 2310 1350 2368 tempore
1389 2303 1562 2359 lactus
1590 2313 1674 2358 est
1712 2307 1947 2362 Severus
1973 2307 2075 2361 sibi
2123 2317 2180 2362 et
2207 2326 2358 2363 men-

825 2385 981 2440 dacio
1019 2403 1119 2441 suo
1168 2392 1492 2454 contrarius,
1533 2402 1590 2447 et
1625 2409 1728 2448 nec
1768 2411 1836 2448 ex
1883 2404 1995 2450 toto
2044 2414 2227 2460 verax,
2261 2415 2361 2454 nec

824 2489 890 2527 ex
934 2483 1047 2528 toto
1097 2478 1348 2544 mendax,
1383 2479 1497 2542 sed,
1546 2489 1606 2533 ut
1631 2485 1703 2534 ita
1742 2482 1939 2546 dicam,
1982 2486 2359 2551 pseudalethes

826 2562 902 2630 (id
924 2571 1018 2628 est,
1048 2565 1361 2635 fabium),
1389 2569 1582 2622 similis
1610 2579 1817 2624 natura:
1847 2574 2361 2641 composita'quam

825 2652 1150 2721 excogitavit
1183 2674 1197 2708 :
1235 2657 1440 2711 idcirco
1471 2658 1655 2712 secum
1701 2670 1921 2729 pugnat,
1952 2671 2008 2715 et
2051 2663 2362 2722 inconstans

823 2749 954 2804 est,
998 2750 1053 2796 et
1116 2743 1262 2797 fatue
1308 2753 1471 2814 amne
1543 2747 1812 2802 inerudite
1870 2739 2105 2804 medium
2159 2751 2361 2820 aliquid

829 2828 974 2881 inter
1044 2831 1380 2886 mendacium
1449 2844 1506 2887 et
1586 2836 1867 2889 veritatem
1925 2841 2147 2905 quaerit;
2215 2841 2360 2907 quod

823 2919 1031 2973 nullum
1077 2931 1181 2976 est.
1213 2922 1329 2975 Non
1378 2924 1523 2975 enim
1550 2925 1782 2978 inveniri
1816 2942 1916 2980 nec
1946 2929 2238 2996 excogitari
2266 2946 2361 2998 po-

825 3013 930 3060 test
945 3007 1146 3074 aliquid
1169 3008 1385 3062 veritati
1402 3017 1457 3061 et
1477 3012 1756 3064 mendacio
1776 3013 2133 3084 interiectum.
2149 3017 2360 3068 Veritas

822 3095 968 3146 enim
992 3110 1206 3163 semper
1237 3097 1412 3159 media
1441 3106 1544 3158 est,
1571 3114 1674 3150 non
1702 3096 2026 3164 transversa,
2051 3113 2209 3169 atque
2241 3104 2362 3157 ideo

825 3180 979 3233 ﬁrma
1019 3192 1075 3235 et
1117 3185 1357 3253 undique
1402 3187 1626 3254 aequalis
1671 3195 1729 3240 et
1772 3197 1918 3242 recta
1965 3207 1977 3242 :
2023 3191 2158 3244 nihil
2202 3192 2364 3260 igitur

827 3270 1042 3337 recipit,
1072 3273 1217 3339 quod
1242 3289 1360 3326 eam
1409 3275 1596 3328 reddat
1625 3276 1920 3344 obliquam,
1947 3287 2004 3331 et
2024 3294 2054 3331 e
2085 3294 2185 3331 suo
2213 3289 2354 3332 statu

824 3367 881 3410 et
931 3357 1184 3412 ﬁrmitate
1239 3361 1492 3428 expellat.
1547 3362 1807 3433 Coarguit
1861 3371 2041 3416 autem
2093 3364 2358 3431 quidquid

826 3447 1084 3500 insidiose
1115 3448 1181 3500 ad
1221 3464 1340 3501 eam
1369 3449 1597 3509 accedit.
1627 3459 1683 3503 et
1729 3445 1968 3503 medium
1992 3453 2110 3518 ejus
2139 3462 2361 3519 quatere

825 3537 1020 3590 nititur
1055 3554 1067 3588 :
1097 3536 1148 3588 id
1172 3537 1316 3604 quod
1350 3536 1552 3590 Severo
1588 3538 1832 3590 evenisse
1875 3541 2195 3606 reperimus.
2225 3540 2362 3605 Quia

823 3624 990 3684 enim,
1031 3632 1089 3676 ut
1112 3624 1367 3686 diximus,
1403 3624 1641 3676 medium
1676 3625 1878 3694 aliquid
1929 3643 2128 3681 novum
2165 3638 2363 3697 prater

825 3712 1104 3765 veritatem
1141 3723 1368 3767 conatus
1395 3715 1769 3779 estvinvenire,
1797 3700 1941 3784 quod
1978 3718 2221 3772 invenire
2253 3737 2363 3774 non

825 3798 1020 3866 potuit,
1057 3800 1188 3852 fecit
1216 3801 1349 3867 ipse.
1394 3801 1528 3855 Cum
1561 3805 1704 3856 enim
1737 3804 1968 3860 Severus
2000 3808 2111 3876 ipse
2154 3811 2363 3864 diceret

824 3900 941 3938 esse
975 3885 1248 3938 Christum
1286 3891 1450 3939 unam
1486 3898 1756 3954 naturam,
1806 3901 1863 3946 et
1900 3894 2261 3949 diﬂ'erentiam
2307 3899 2360 3950 in

823 3974 1040 4028 Christo
1086 3976 1383 4043 reciperet;
1425 3979 1670 4052 Julianus
1715 3998 1846 4034 vero
1891 3999 2053 4036 unam
2095 3995 2362 4049 naturam,

826 4064 966 4117 sicut
1015 4064 1265 4129 Severus,
1297 4078 1542 4134 poneret,
1584 4069 1678 4122 sed
1719 4070 2079 4126 ditl'erentiam
2105 4074 2361 4128 tolleret:

828 4151 1023 4204 veritas
1038 4190 1052 4212 ,
1078 4152 1131 4204 id
1145 4161 1246 4214 est,
1269 4156 1633 4209 ecclesiastitzi
1655 4157 1925 4221 doctrina,
1946 4176 2103 4213 suum
2125 4161 2364 4215 medium

828 4240 1029 4308 ubique
1049 4242 1380 4304 custodiens,
1404 4227 1597 4312 recipit
1614 4247 1830 4313 quidem
1853 4248 2237 4310 differentiam.
2264 4251 2358 4304 sed

2460 1775 2720 1844 προπετὶς
2741 1774 3104 1842 ὑπελάμϐανε.
3145 1773 3241 1824 καὶ⁵
3273 1773 3426 1822 οὐδὲν
3452 1771 3635 1836 ἕτερον
3662 1769 3696 1835 ἢ
3728 1772 3910 1834 γυμνῇ
3932 1772 3998 1836 τῇ

2459 1865 2685 1932 κεφαλῇ.
2713 1865 2804 1916 καὶ
2828 1862 3246 1934 ἀπερικαλύπτῳ
3269 1861 3343 1930 τῷ
3368 1861 3592 1928 στόματι
3621 1858 3876 1924 πολεμεῖν
3902 1856 3999 1926 τὴν

2457 1952 2753 2005 εὐσέϐειαν.

2991 2165 3140 2227 Δόξα
3182 2167 3462 2229 Σευῆρον.

2539 2295 2631 2345 Ἐκ
2678 2291 2864 2344 τούτου
2914 2293 3144 2359 Σευῆρος
3203 2291 3408 2356 γίνεται
3457 2290 3547 2342 καὶ
3606 2287 3781 2354 ἑαυτῷ
3807 2287 3903 2339 καὶ
3928 2290 3996 2354 τῇ

2457 2381 2682 2449 ἀληθείᾳ
2708 2381 2800 2433 καὶ
2834 2379 2909 2447 τῷ
2934 2379 3132 2445 γείτονι
3169 2376 3332 2430 αὐτοῦ
3359 2376 3537 2444 ψεύδει
3571 2377 3862 2436 ἀντίθετος,
3903 2375 3997 2427 καὶ

2458 2471 2579 2524 οὔτε
2605 2470 2738 2531 ὅλως
2757 2469 2960 2538 ἀληθὴς
2985 2467 3106 2520 οὔτε
3132 2467 3268 2528 ὅλως
3286 2467 3505 2534 ψευδὴς,
3537 2465 3649 2516 ἀλλ’
3682 2460 3791 2517 οἷον
3821 2464 3996 2514 εἰπεῖν

2456 2555 2811 2624 ψευδαληθῆς.
2848 2556 3028 2624 ὅμοιος
3052 2558 3119 2623 τῇ
3149 2555 3239 2606 ὑπ’
3282 2553 3445 2605 αὐτοῦ
3479 2549 3862 2618 ὲπινενοημάνῃ
3895 2549 3996 2615 μιᾷ

2460 2643 2692 2711 συνθιτῳ
2714 2643 2890 2708 φύσει.
2920 2644 3015 2695 Διά
3049 2642 3204 2695 τοῦτο
3229 2644 3325 2706 καὶ,
3358 2641 3489 2711 πρὸς
3529 2639 3718 2691 ἑαυτὸν
3747 2637 3993 2704 μάχιμος

2461 2732 2554 2785 καὶ
2587 2732 2965 2800 ἀπαλίμὸολος,
2992 2731 3209 2799 ἠλιθίως
3240 2732 3410 2800 ῥντως
3448 2730 3540 2781 καὶ
3578 2725 3806 2794 ἀμαθῶς
3833 2725 3996 2792 μισον

2458 2839 2512 2874 τι
2555 2821 2738 2890 χρῆμα
2781 2820 3004 2887 ψεύδους
3033 2820 3136 2872 ’καὶ
3188 2811 3441 2887 ἀκηθείας
3487 2816 3685 2884 ζητῶν,
3720 2814 3858 2880 ὅπερ
3897 2811 3998 2860 οὐκ

2459 2909 2592 2961 ἐστι.
2642 2909 2930 2978 Μεσότητα
2987 2909 3095 2976 γὰρ
3139 2907 3390 2973 ἀληθείας
3449 2906 3544 2956 καὶ
3599 2901 3828 2971 ψεύδους
3873 2897 3997 2950 οὒτε
4095 2928 4097 2930 -

2461 2999 2657 3065 εὑρεῖν,
2694 2995 2816 3046 οὔτε
2841 2996 3119 3061 ἐπινοῆσαι
3150 2995 3369 3046 δυνατόν
3394 3007 3409 3019 ·
3453 2994 3486 3058 ἡ
3515 2992 3611 3056 μὲν
3643 2990 3748 3057 γὰρ
3774 2986 4000 3055 ἀλήθεια

2469 3087 2606 3154 μέση
2652 3086 2739 3138 ἀεὶ
2775 3084 2868 3136 καὶ
2899 3083 3316 3152 ἀπαρέγκλιτος,
3366 3081 3458 3132 καὶ
3487 3079 3573 3129 διά
3610 3078 3764 3128 τοῦτο
3811 3075 4004 3143 ἀδραεα

2463 3174 2556 3226 καὶ
2593 3171 2852 3224 πάντοθεν
2901 3170 2988 3238 ῐση
3036 3169 3128 3220 καὶ
3171 3166 3486 3225 εὐθύτονοςο
3533 3163 3596 3214 ού
3640 3161 4002 3229 παραδίκιται

2461 3259 2555 3314 οὖν
2592 3261 2777 3331 ἔτερόν
2815 3277 2869 3312 τι
2913 3259 2973 3312 τὸ
3021 3258 3306 3325 ιγκάρσιον
3338 3253 3503 3323 αὐτὴν
3538 3247 3849 3310 ἀποτελοῦν,
3908 3247 4005 3297 καὶ

2461 3349 2692 3415 ὲξωθοῦν
2743 3351 2838 3416 τῆς
2909 3347 3114 3407 οίκείας
3174 3345 3416 3403 στάσεως
3481 3339 3576 3393 καὶ
3625 3336 4002 3408 μωιμότητος,

2463 3437 2731 3501 ἐκτοξεύει
2772 3437 2829 3488 δὲ
2883 3439 2990 3488 πᾶν
3033 3436 3092 3486 τὸ
3119 3431 3415 3490 ἐπιϐούλοις
3437 3429 3572 3494 αὐτῇ
3601 3421 4004 3494 προσπελάζον,

2462 3529 2557 3580 καὶ
2592 3528 2654 3578 τὸ
2686 3526 2848 3593 μέσον
2875 3523 3042 3590 αὐτῆς
3070 3519 3403 3575 διασαλεύειν
3435 3515 3789 3582 πειρώμενον.
3821 3511 4006 3579 Ὅπερ
4061 3543 4063 3545 ι

2463 3617 2558 3670 καὶ
2611 3615 2842 3682 Σευῆρον
2899 3613 2992 3664 ὑπ’
3044 3611 3212 3677 αὐτῆς
3275 3605 3581 3658 πεπονθότα
3654 3601 4004 3669 εὑρίσκομεν.

2475 3704 2689 3773 Ἐπειδὴ
2719 3705 2849 3772 γὰρ,
2878 3702 2953 3763 ὡς
2995 3701 3217 3769 ἔφαμεν,
3247 3695 3430 3749 καινόν
3455 3709 3508 3744 τι
3534 3691 3696 3759 μέσον
3725 3688 3881 3757 παρά
3908 3687 4008 3754 τὴν

2464 3793 2718 3859 ἀλήθειαν
2762 3791 2939 3858 εὑρεῖν
2984 3786 3324 3854 ἀπεκείρησε,
3386 3778 3738 3846 πλαγιασθὶν,
3778 3777 3854 3837 ὡς
3907 3776 4008 3826 οὐκ

2465 3881 2606 3945 ἔγνω
2639 3879 2808 3947 μέσην
2838 3875 3027 3929 ἑαυτοῦ
3053 3873 3145 3927 καὶ
3166 3871 3260 3925 τοῦ
3279 3871 3551 3939 ὁμοφύλου
3579 3868 3724 3934 αὐτῷ
3751 3866 4008 3935 ψεύδους,

2465 3969 2726 4035 πεποίηκε
2776 3965 2994 4031 ταύτην.
3039 3961 3210 4013 Αύτοῦ
3250 3961 3357 4026 γὰρ
3398 3959 3631 4026 Σευήρου
3671 3957 3800 4024 μίαν
3842 3955 4009 4023 φύσιν

2463 4050 2879 4122 λέγοντοςεῐναι
2915 4055 3006 4105 τὸν
3033 4049 3290 4120 Χριστὸν,
3334 4049 3426 4100 καὶ
3471 4047 3568 4115 τὴν
3602 4045 3870 4112 διαφορὰν
3907 4045 4009 4108 τὴν

2463 4147 2522 4196 ὲν
2557 4143 2635 4212 τῷ
2686 4141 2904 4211 Χριστῷ
2948 4141 3264 4209 δεχομένου·
3319 4134 3602 4189 Ίουλιανοῦ
3630 4133 3691 4205 δὲ
3729 4133 3861 4202 μίαν
3910 4133 4011 4199 μὲν

2467 4234 2607 4286 κατά
2644 4233 2878 4300 Σευῆρον
2916 4231 3160 4295 λέγοντος
3196 4228 3375 4295 φύσιν,
3411 4223 3757 4292 ἀναιροῦντος
3806 4223 3865 4274 δὲ
3911 4222 4013 4289 τὴν

828 4340 937 4379 non
982 4327 1123 4379 sicut
1151 4329 1417 4392 Severus;
1448 4309 1555 4382 non
1588 4309 1733 4384 enim
1765 4336 1915 4388 novit
1940 4350 2175 4403 unquam
2202 4309 2364 4389 unam
2394 4322 2486 4385 Μ

2352 4353 2364 4388 ι
2394 4330 2440 4385 ι)
2463 4319 2722 4388 διαφοράν
2741 4334 2754 4348 ’
2793 4319 2826 4385 ἡ
2867 4317 3110 4384 ἀλήθεια,
3146 4313 3289 4368 τοῦτ’
3326 4314 3470 4369 εστιν
3502 4315 3530 4364 ὁ
3560 4309 4010 4403 ἐκκλησιαστιῑδς

827 4425 1074 4467 naturam
1131 4417 1234 4467 sibi
1284 4419 1642 4481 contrariam;
1674 4420 1810 4472 duas
1845 4423 1990 4474 enim
2038 4431 2261 4475 naturas
2309 4425 2363 4476 in

827 4499 1045 4552 Christo
1081 4515 1204 4552 cum
1243 4510 1518 4567 agnoscat,
1573 4502 1910 4557 divinitatem
1941 4506 2366 4560 scilicetit‘hu-

829 4588 1161 4650 manitatem,
1185 4588 1378 4641 harum
1405 4590 1567 4642 etiam
1597 4590 1741 4644 inter
1768 4606 1826 4644 se
1848 4592 2210 4646 diﬂerentiam
2245 4612 2367 4663 per-

828 4677 1015 4742 spicue
1041 4679 1444 4745 contemplatur
1471 4696 1485 4730 ε
1511 4696 1613 4733 nec
1642 4681 1790 4734 enim
1815 4689 1900 4734 est
1941 4681 2080 4757 idem
2110 4682 2365 4738 divinitas

829 4773 885 4816 et
909 4762 1219 4818 humanitas
1254 4782 1268 4816 :
1303 4769 1518 4820 tametsi
1548 4784 1691 4821 unus
1714 4778 1796 4823 est
1821 4749 2071 4822 Christus
2092 4770 2147 4821 in
2176 4772 2362 4824 amba-

831 4852 933 4903 bus
955 4853 1187 4915 naturis;
1211 4863 1264 4905 et
1291 4854 1431 4907 idem
1460 4865 1544 4908 est
1560 4857 1731 4910 amba
1759 4866 2003 4911 naturae:
2025 4872 2146 4910 nam
2179 4873 2367 4929 quam-

833 4938 912 4989 vis
934 4937 1105 4989 amba:
1126 4947 1330 4992 natura:
1352 4951 1479 4994 sunt
1500 4959 1687 5006 unum,
1713 4960 1818 4996 non
1844 4953 2020 4997 tamen
2048 4952 2174 4997 sunt
2201 4960 2365 4997 unum

831 5035 1046 5087 natura,
1095 5027 1190 5079 sed
1222 5043 1388 5081 unum
1434 5046 1724 5084 concursu.
1766 5032 1855 5085 Sic
1892 5032 2130 5085 Ecclesia
2168 5034 2366 5098 praedi-

830 5124 938 5179 cat,
980 5131 1101 5183 quae
1149 5132 1255 5168 non
1297 5119 1488 5184 recipit
1520 5121 1883 5174 diﬂ'erentiam
1915 5137 1982 5174 eo
2034 5121 2215 5181 modo,
2260 5138 2368 5188 quo

824 5202 1068 5256 Severus
1114 5221 1128 5255 :
1175 5205 1270 5257 sed
1314 5205 1610 5257 secundum
1660 5209 1924 5261 rationem
1973 5218 2029 5261 et
2067 5209 2368 5262 doctrinam

834 5304 984 5344 suam
1031 5293 1177 5344 illam
1226 5309 1333 5346 non
1378 5293 1573 5359 reiicit,
1622 5301 1682 5344 ut
1722 5295 1897 5361 reiicit
1937 5295 2188 5348 Julianus
2221 5294 2366 5346 ilali:

835 5389 1152 5432 carnasscus
1171 5397 1198 5442 ;,
1215 5381 1318 5432 scit
1340 5381 1483 5432 enim
1507 5382 1860 5446 assumpsisse
1879 5382 2117 5434 Verbum
2152 5398 2366 5435 carnem

842 5477 1021 5514 verum
1048 5477 1102 5518 et
1126 5467 1358 5518 animum
1395 5468 1803 5532 intelligeulein,
1834 5484 1958 5521 cum
1987 5469 2101 5522 suis
2133 5463 2371 5535 proprie-

841 5538 1089 5612 tatibus;
1135 5560 1238 5612 scit
1281 5559 1409 5613 itcui
1461 5558 1671 5612 unitum
1718 5572 1838 5611 esse
1887 5558 2229 5625 corruptibili
2274 5560 2371 5612 iui-

2462 4411 2636 4474 λόγος,
2667 4408 2764 4476 τὴν
2796 4407 3066 4474 μεσότητα
3107 4405 3273 4472 ἑαυτῇ
3314 4401 3588 4468 πανταχοῦ
3646 4399 4008 4460 διασώζουσι,

2461 4497 2676 4564 δέχεται
2731 4495 2830 4561 μὲν
2874 4493 2974 4562 τὴν
3003 4492 3286 4559 διαφορὰν,
3330 4489 3392 4541 ού
3448 4487 3588 4540 κατά
3625 4486 3866 4551 Σευῆρον
3912 4483 4006 4534 δὲ·

2474 4586 2596 4636 οὐδὲ
2621 4584 2728 4649 γάρ
2756 4577 2863 4634 οἶδέ
2899 4597 3028 4633 ποτε
3076 4581 3202 4647 μίαν
3233 4577 3392 4644 φύσιν
3417 4575 3580 4641 ἑαυτῇ
3608 4573 3875 4624 ἐναντίαν.
3909 4571 4013 4622 Δύο

2463 4672 2573 4738 γὰρ
2605 4669 2791 4736 φύσεις
2815 4670 2871 4718 ὲν
2897 4666 2976 4735 τῷ
3017 4664 3233 4734 Χριστῷ
3263 4660 3624 4729 γινώσκουσα,
3657 4659 3891 4723 θεότητα
3923 4658 4021 4708 καὶ

2463 4759 2870 4827 ἀνθρωπότητα,
2894 4754 3098 4806 τούτων
3130 4751 3224 4804 καὶ
3249 4750 3508 4818 διαφορὰν
3527 4751 3623 4816 τὴν
3645 4749 3779 4816 πρὸς
3809 4747 4013 4814 ἄλληλα

2462 4847 2900 4916 τηλαυγεστάτην
2944 4843 3155 4910 θεωρεῖ.
3205 4842 3280 4893 Ού
3325 4841 3432 4908 γὰρ
3469 4837 3659 4902 ταυτὸν
3693 4836 3888 4904 θεά-της
3925 4837 4016 4887 καὶ

2464 4933 2830 5001 ἀνθρωπότης,
2857 4934 2906 4982 εί
2934 4931 3028 4983 καὶ
3057 4924 3137 4990 εἷς
3171 4931 3200 4981 δ
3237 4928 3466 4997 Χριστὸς
3501 4928 3532 4977 δ
3575 4927 3631 4976 ὲν
3673 4923 4015 4991 ἀμφοτέραις

2467 5025 2747 5091 ὑπάρχων,
2785 5023 2878 5073 καὶ
2905 5021 3243 5089 ἀμφότερον·
3292 5018 3476 5084 εί·γάρ
3515 5016 3610 5068 καὶ
3636 5015 3698 5065 τδ
3730 5013 4014 5080 συναμῴ

2465 5130 2619 5182 τερον
2651 5112 2728 5174 ἓν,
2759 5110 2869 5162 ἀλλ’
2905 5110 2967 5161 ού
3003 5111 3069 5177 τῇ
3104 5108 3282 5174 φύσει,
3333 5109 3399 5175 τῇ
3427 5105 3483 5156 δὲ
3511 5103 3729 5170 συνόδῳ,
3763 5104 3792 5151 ό
3821 5099 4017 5164 ὲκκληο

2469 5202 2742 5262 σιαστικὸς
2784 5200 2958 5268 κῆρυξ
2987 5198 3247 5266 ἀριδήλως
3276 5197 3391 5263 βοᾷ.
3441 5193 3534 5262 Μὴ
3566 5190 3834 5259 δεχομένη
3885 5189 3945 5239 δὲ
3983 5189 4015 5256 ἡ

2481 5289 2774 5356 Ἐκκλησία
2800 5289 2939 5340 κατὰ
2969 5286 3204 5353 Σευῆρον
3241 5283 3339 5352 τὴν
3368 5280 3658 5349 διαᾳοράνο
3703 5276 3841 5327 ἀλλὰ
3877 5275 4017 5324 κατά

2470 5380 2560 5431 τὸν
2626 5380 2821 5444 ἑαυτῆς
2870 5377 3026 5441 λόγον
3084 5375 3181 5424 οὐκ
3236 5370 3596 5424 ἀποϐάλλεται
3634 5364 3841 5428 ταύτην
3898 5361 4016 5414 καθ’

2471 5469 2759 5534 ὁμοιότητα
2792 5465 2884 5514 τοῦ
2942 5457 3424 5529 Ἀλικαρνασσέίυς.
3457 5461 3654 5524 mata.
3693 5454 3803 5519 γὰρ
3843 5453 4017 5520 ἀληθῆ

2476 5558 2567 5609 καὶ
2591 5557 2768 5626 ψυχὴν
2798 5555 2984 5622 νοεράν
3022 5553 3158 5621 μετά
3193 5551 3309 5604 ni»!
3324 5548 3534 5602 οἰκείων
3558 5542 3870 5609 ἰδιωμάτων
3894 5542 4014 5595 ἀνι-
