4198 6434
253 365 380 439 1501

1511 371 1606 430 DE
1647 364 2236 431 lNCAIlNA'l'it).\°E.

3349 376 3483 442 150⁵2

245 491 474 542 λαϐόντα
522 487 614 540 τὸν
646 486 816 554 Λόγον
851 486 1136 540 ἐπίσταται
1158 502 1171 514 ’
1225 488 1320 540 καὶ
1353 488 1551 541 ὲνωθὲν
1582 485 1690 541 οἶδε
1737 486 1814 556 τῷ

1933 489 2168 552 nortale,
2216 500 2274 542 ιιι
2319 498 2447 544 ante
2491 501 2823 546 memoratus
2863 491 3160 562 Gregorius
3177 493 3482 565 Theologus

243 579 472 648 φθαρτῷ
527 578 588 631 τὸ
628 578 920 640 ἀθάνατον,
975 576 1052 640 ὡς
1103 581 1131 630 ὁ
1185 578 1503 649 προλεχθεὶς
1552 578 1814 646 Θεολὸγος

245 669 544 738 Γρηγόριος
589 667 714 736 ἔφη.

317 758 440 828 Ἆρ’
476 755 591 824 οὖν,
628 760 767 828 ὅπερ
803 759 1085 829 ἐλέγομεν,
1113 759 1252 829 μέση
1283 757 1596 828 μεμένηκεν
1634 759 1814 828 ἀμφο-

242 849 418 919 τέρων
445 851 540 902 καὶ
568 850 822 920 ἀκίνητος
847 851 882 922 ἡ
911 850 1160 920 ἀλήθεια,
1192 848 1602 921 ἀποόαλλομένη
1638 851 1737 920 μὲν
1754 852 1815 902 τὸ

243 941 423 1008 λέγειν
469 941 608 996 κατὰ
667 942 908 1014 Σευῆρον
965 942 1096 1013 μίαν
1152 943 1316 1010 φῦσιν
1372 944 1465 996 καὶ
1518 943 1812 1012 διαφοράν-

245 1033 569 1102 αἱνίγματος
597 1033 706 1105 γὰρ
731 1035 824 1088 καὶ
853 1035 1252 1105 τερατομυθίας
1278 1034 1431 1087 οὐδὲν
1454 1029 1617 1106 ἦττον
1638 1035 1817 1105 διενή-

244 1139 368 1193 νοχε
420 1123 601 1178 τοῦτο.
660 1123 784 1188 Πῶς
842 1126 953 1197 γὰρ
985 1126 1020 1196 ἡ
1060 1125 1197 1196 αὐτὴ
1231 1127 1393 1195 φύσις
1434 1126 1528 1179 δύο
1563 1126 1717 1178 ἐσται
1749 1127 1818 1178 τὰ

246 1216 501 1280 ἐναντίας
558 1213 677 1278 πῶς
734 1215 792 1268 δὲ
841 1217 937 1270 καὶ
993 1218 1359 1287 ὑποστήσεται
1403 1217 1526 1270 κατ’
1577 1215 1710 1270 αὐτὸ
1757 1215 1818 1268 τὸ

244 1307 547 1375 πεφυκέναι
607 1307 989 1378 πολεμουμένῃ
1064 1307 1155 1377 ὑφ’
1209 1306 1432 1377 ἑαυτῆς,
1495 1308 1589 1360 καὶ
1649 1307 1818 1375 αὐτὴν

246 1398 601 1466 πολεμοῦσας
636 1398 748 1453 Καὶ
797 1401 857 1451 ὲν
903 1398 1080 1469 τούτῳ
1113 1399 1170 1452 δὲ
1218 1400 1359 1453 κατὰ
1387 1400 1580 1468 καιρὸν
1609 1414 1819 1467 μνημο-

243 1491 459 1544 νευτέον
489 1489 584 1543 τοῦ
610 1489 817 1560 Κυρίου
849 1489 1103 1560 βοῶντος,
1149 1491 1230 1544 ὅτι
1256 1492 1407 1543 πᾶσα
1432 1489 1576 1543 οἰκία
1599 1490 1631 1558 ἢ
1663 1489 1819 1556 βασι-

243 1579 362 1634 λεία
387 1581 509 1633 καθ’
541 1581 740 1650 ἑαυτὴν
768 1581 1109 1651 μερισθεῖσα,
1149 1581 1208 1634 οὐ
1238 1582 1586 1651 σταθήσεται.
1631 1579 1694 1632 Εἰ
1725 1577 1817 1632 οὖν

244 1673 368 1726 κατ’
413 1673 576 1725 αὑτὸν
609 1673 643 1742 ἡ
682 1671 783 1743 μία
832 1671 994 1740 φύσις
1027 1673 1292 1743 ἐμερίσθη
1325 1675 1408 1742 ἐφ’
1451 1673 1669 1744 ἑαυτὴν,
1701 1672 1818 1734 πῶς

247 1763 576 1833 σταθήσεται
614 1763 650 1832 ὴ
685 1757 892 1832 ταύτης
927 1761 1198 1833 ὖπαρξιςς
1256 1759 1345 1832 ἄρ’
1390 1759 1482 1816 οῦν
1529 1763 1670 1816 κατὰ
1719 1763 1817 1825 τὰς

242 1856 434 1916 amvi;
461 1852 670 1918 ἑννοίας
689 1853 833 1907 κατὰ
859 1870 919 1906 τε
950 1853 1111 1907 αὑτὸν
1145 1855 1235 1905 τὴν
1267 1853 1360 1906 τοῦ
1402 1855 1606 1924 Κυρίου
1639 1855 1814 1921 λόγον,

243 1944 305 2000 εὖ
333 1962 397 2014 γε
429 1943 599 1998 ποιῶν
628 1946 658 1998 ὁ
686 1945 783 2014 τῆς
809 1945 1134 2016 Ἐκκλησίας
1164 1945 1342 2013 λόγος,
1371 1947 1430 1998 οὐ
1453 1946 1818 2016 παραδέχεται

246 2031 378 2106 μίαν
438 2034 602 2104 φύσιν
635 2035 772 2106 πρὸς
816 2035 1014 2107 ἑαυτὴν
1059 2035 1479 2108 διαφερομένην,
1538 2036 1634 2089 καὶ
1681 2036 1816 2105 αὑτῇ

244 2128 519 2193 ἐναντίαν,
562 2128 704 2182 κατὰ
729 2127 832 2199 τὴν
861 2126 956 2181 τοῦ
989 2127 1231 2199 Σευήρου
1261 2129 1493 2182 ἄστατον
1524 2126 1618 2179 καὶ
1655 2144 1819 2195 μαχι-

247 2222 504 2291 μωτάτην
539 2220 803 2273 ἐπίνοιαν.
859 2219 1017 2272 Ἀλλὰ
1051 2220 1157 2291 μὴν
1199 2220 1320 2273 οὐδὲ
1354 2219 1495 2272 κατὰ
1540 2217 1821 2272 Ἰουλιανδν

247 2314 562 2364 παντάπασι
613 2310 712 2382 τὴν
761 2311 1024 2382 διαφορὰν
1073 2311 1438 2365 ἁποδάλλεται
1480 2313 1512 2380 ἡ
1559 2309 1653 2363 τοῦ
1684 2307 1820 2362 Θεοῦ

258 2403 580 2471 Ἐκκλησία.
644 2403 706 2454 Ei
756 2402 864 2470 γὰρ
915 2402 1013 2471 μία
1050 2401 1150 2471 μὲν
1191 2401 1354 2470 φύσις
1389 2403 1507 2454 κατ’
1551 2403 1756 2454 ἐκεῖνον
1793 2403 1822 2454 ὁ

245 2493 504 2564 Χριστὸς,
522 2492 619 2545 καὶ
633 2492 898 2562 διαφορὰν
917 2490 1148 2562 οὑσιὼδη
1181 2491 1255 2562 μὴ
1286 2492 1408 2546 καθ’
1438 2492 1615 2546 ὁτιοῦν
1646 2509 1824 2562 παρα-

245 2582 518 2644 δέδεκται,
553 2581 611 2633 ἓν
658 2579 767 2634 τῶν
798 2580 1074 2652 ὁποτέρων
1107 2582 1321 2652 ἀνάγκη
1379 2581 1595 2645 πάντως
1630 2580 1823 2650 ὁμολο-

247 2675 368 2742 γεῖν
397 2673 489 2726 τὸν
518 2673 692 2727 ταῦτα
721 2673 1210 2745 διισχυριζόμενον,
1262 2675 1294 2744 ἢ
1339 2676 1624 2746 ἄνθρωπον
1670 2672 1824 2741 ψιλὸν

247 2761 393 2818 εἶναι
423 2765 516 2816 τὸν
548 2762 776 2835 Κύριον,
803 2764 898 2816 καὶ
923 2763 990 2816 τὰ
1032 2763 1302 2834 λεγόμενα
1342 2767 1428 2818 ἐπ’
1461 2765 1647 2829 αὐτοῦ,
1674 2765 1826 2818 θείαν

246 2855 479 2925 δύναμιν
534 2855 726 2924 ἑτέραν
774 2856 903 2924 παρ’
942 2855 1104 2908 αὐτὸν
1160 2851 1363 2920 οὖσαν,
1422 2859 1515 2908 καὶ
1571 2858 1628 2908 ὲν
1677 2855 1827 2924 αὐτῷ

247 2941 436 3010 οὖσαν,
470 2947 563 2998 καὶ
610 2945 940 3016 ἐνεργοῦσαν
972 2945 1318 3016 πεπρᾶχθαι’
1366 2947 1399 3017 ἢ
1444 2947 1576 2999 Θεὸν
1622 2945 1826 3016 γυμνὸν

249 3038 347 3090 καὶ
379 3035 453 3107 μὴ
492 3035 953 3106 ὲνηνθρωπηκὸτα
991 3032 1134 3088 εἶναι
1180 3036 1271 3091 τὸν
1309 3037 1568 3106 Χριστὸν,
1621 3039 1716 3091 καὶ
1757 3037 1826 3091 τὰ

248 3127 520 3192 λεγόμενα
553 3123 640 3177 ἐπ’
683 3122 848 3176 αὑτοῦ
889 3122 1226 3192 ἀνθρώπινα,
1272 3123 1346 3193 μὴ
1389 3124 1464 3187 ὼς
1512 3124 1822 3196 ἄνθρωπον,
1850 3153 1894 3211 c

249 3216 365 3270 ἀλλ’
420 3215 496 3278 ὡς
557 3213 690 3266 Θεὸν
730 3211 903 3266 ταῦτα
953 3213 1171 3278 παθεῖν,
1216 3215 1296 3276 είς
1339 3213 1438 3283 τὴν
1476 3215 1604 3281 μίαν
1660 3215 1824 3268 αὐτοῦ

251 3306 417 3375 φύσιν
461 3304 633 3358 ταῦτα
663 3303 1096 3373 ἀναδεχόμενον·
1156 3304 1188 3373 ἧ
1223 3305 1270 3356 εί
1329 3304 1462 3373 μηδὲ
1502 3304 1561 3356 ἒν
1599 3304 1824 3368 τούτων,

251 3395 528 3465 φαντασία
570 3395 676 3447 τινὶ
707 3392 805 3446 καὶ
841 3394 1026 3463 ἀπάτῃ
1059 3393 1240 3460 λέγειν
1285 3394 1414 3462 περὶ
1447 3393 1611 3447 αὐτοῦ
1639 3395 1826 3463 δεδρα-

253 3488 410 3540 κέναι
439 3485 584 3556 ἆπερ
614 3484 764 3555 ἔδρα,
789 3484 910 3554 ἦτοι
934 3484 1001 3537 τὰ
1025 3483 1164 3545 θεῖα,
1184 3485 1304 3554 ἤτοι
1334 3484 1402 3537 τὰ
1426 3482 1764 3554 ἀνθρώπινα,
1794 3486 1827 3555 ἦ

251 3581 316 3630 τὸ
362 3577 623 3647 παράπαν
670 3575 840 3645 ψευδῆ
897 3570 1037 3629 εἶναι
1081 3574 1181 3644 τὴν
1241 3575 1368 3645 περὶ
1435 3575 1601 3628 αὑτοῦ
1647 3578 1828 3629 πᾶσαν

253 3667 618 3738 εὐαγγελικὴν
668 3667 931 3738 ἱστορίαν,
987 3667 1083 3719 καὶ
1129 3667 1306 3737 μάτην
1342 3665 1656 3720 ἀπατᾶσθαι
1699 3669 1830 3730 τοὺς

255 3761 644 3832 Χριστιανοὺς,
670 3759 765 3812 καὶ
799 3757 964 3828 κενὴν
999 3758 1279 3828 μακαρίαν
1305 3753 1464 3821 εἶναι,
1498 3758 1558 3811 τὸ
1581 3759 1645 3828 δὴ
1674 3759 1830 3827 λεγό-

259 3867 443 3920 μενον,
474 3849 573 3918 τὴν
589 3849 670 3910 είς
684 3847 920 3917 Χριστὸν
953 3845 1165 3900 ἐλπίδα.
1195 3845 1399 3914 Καιρὸς
1437 3845 1494 3898 δὲ
1523 3844 1709 3898 λοιπὸν
1738 3849 1830 3900 καὶ

254 3942 318 3994 τὸ
346 3939 442 3994 τοῦ
479 3937 804 3990 Ἀποστὸλου
845 3935 1046 4003 λέγειν,
1090 3936 1282 3990 Κενὸν
1306 3934 1416 4004 ἄρα
1456 3935 1520 3988 τὸ
1558 3935 1832 4005 κήρυγμα

257 4030 447 4099 ἡμῶν.
498 4029 917 4098 Εὐρισκόμεθα
951 4027 1020 4079 δὲ
1067 4025 1166 4080 καὶ
1199 4024 1685 4094 ψευδομάρτυρες
1727 4027 1832 4080 τοῦ

259 4118 432 4184 Θεοῦ,
474 4120 566 4174 ὅτι
599 4117 1292 4188 ψευδοεμαρτυρήσαμεν
1331 4116 1482 4169 κατὰ
1515 4117 1620 4170 τοῦ
1657 4117 1828 4183 Θεοῦ,

256 4214 347 4268 ὅτι
377 4212 574 4282 ἤγειρε
599 4211 705 4265 τὸν
731 4209 1009 4278 Χριστὸν,
1027 4207 1100 4262 ὃν
1130 4211 1239 4262 οὐκ
1266 4208 1484 4278 ἤγειρε.

331 4301 648 4370 Ματαιὸτης
677 4299 845 4362 ὅντως
876 4299 926 4350 οί
952 4298 1180 4351 τοιοῦτοι
1208 4299 1578 4368 συλλογισμοὶ,
1610 4300 1706 4352 καὶ
1736 4299 1836 4369 τῆς

258 4394 496 4456 πίστεως
551 4389 831 4460 ἀνατροπὴ
879 4389 1018 4442 κατὰ
1049 4389 1139 4442 τὸν
1177 4389 1440 4458 Θεολὸγον
1498 4391 1822 4463 Γρηγόριον,

1913 580 2068 633 dixit.

1984 762 2157 815 Media
2195 763 2360 830 igitur
2389 765 2588 817 mansit
2619 761 2763 816 inter
2795 769 3112 829 utrumque,
3163 773 3225 817 ut
3297 763 3482 820 iceba-

1916 867 2056 915 Inus,
2098 853 2324 906 immota
2364 855 2592 920 veritas,
2641 869 2764 924 qua:
2804 854 3015 922 respuit
3063 857 3210 921 quod
3245 858 3482 910 Severus

1915 945 1990 998 ait
2021 960 2143 998 esse
2185 959 2347 998 unam
2384 953 2636 999 naturam
2674 957 2729 998 et
2751 945 3120 999 dill‘erentiam
3150 962 3164 997 :
3201 963 3308 998 non
3333 949 3480 999 enim

1915 1037 2101 1090 ditfert
2163 1037 2267 1090 hoc
2325 1035 2394 1090 ab
2442 1036 2730 1105 aenigmate
2776 1045 2832 1090 et
2878 1046 3149 1090 monstro.
3197 1036 3484 1101 Quomodo

1914 1128 2061 1179 enim
2105 1127 2296 1180 eadem
2335 1133 2532 1179 natura
2579 1125 2689 1178 erit
2717 1125 2827 1179 duo
2858 1126 3180 1180 contraria?
3209 1128 3486 1194 quomodo

1916 1218 2201 1280 subsistet,
2237 1217 2294 1270 ‘si
2347 1217 2398 1268 ei
2458 1216 2684 1269 insitum
2729 1224 2831 1278 est,
2891 1226 2953 1271 ιιι
2999 1219 3106 1271 sibi
3158 1233 3188 1270 a
3231 1233 3289 1271 se
3339 1219 3487 1270 circa

1918 1306 2061 1360 idem
2106 1306 2312 1360 bellum
2343 1304 2645 1357 inferatur?
2689 1305 2864 1358 Etiam
2913 1306 3002 1360 hic
3043 1315 3353 1385 opportune
3396 1322 3488 1359 re-

1917 1399 2208 1452 colendnm
2255 1399 2517 1452 memoria
2563 1407 2647 1452 est
2687 1399 2834 1466 quod
2882 1399 3146 1453 Dominus
3189 1400 3286 1462 ait,
3339 1396 3485 1467 quod

1916 1488 2095 1542 omnis
2131 1489 2328 1541 domus
2353 1488 2442 1542 vel
2472 1504 2698 1558 regnum
2731 1489 2786 1541 in
2838 1489 3081 1556 seipsum
3117 1487 3350 1541 divisum
3378 1505 3485 1540 non

1917 1579 2087 1633 stabit
2126 1579 2167 1632 ι.
2209 1579 2265 1632 Si
2307 1594 2460 1647 ergo,
2489 1589 2550 1632 ut
2582 1581 2686 1633 iste
2720 1587 2897 1649 putat,
2929 1594 3036 1633 una
3063 1588 3259 1632 natura
3290 1580 3486 1647 partita

1917 1679 2000 1724 est
2027 1672 2080 1723 in
2111 1686 2170 1724 se
2207 1671 2399 1738 ipsam,
2437 1671 2714 1741 quomodo
2746 1670 3055 1726 substantia
3081 1672 3199 1740 ejus
3231 1671 3490 1724 exsistet?

1922 1761 2064 1829 Ergo
2095 1761 2396 1816 secundum
2424 1777 2769 1816 communem
2794 1776 3037 1824 sensum,
3081 1770 3138 1816 et
3187 1761 3488 1814 secundum

1924 1852 2101 1920 ipsum
2151 1851 2380 1905 verbum
2431 1852 2669 1917 Domini,
2701 1861 2849 1905 recte
2893 1851 3023 1905 facit
3070 1852 3332 1914 Ecclesia,
3369 1867 3492 1919 qna-

1920 1958 2029 1996 non
2082 1941 2279 2011 recipit
2329 1957 2492 1996 unam
2546 1950 2800 1996 naturam
2849 1957 3037 1995 secum
3067 1951 3398 2012 pugnantem
3427 1957 3489 1994 ae

1919 2033 2022 2088 sibi
2081 2033 2434 2099 centrariam,
2479 2033 2787 2088 secundum
2833 2033 3224 2101 cogitationem
3279 2033 3488 2094 Severi.

1919 2125 2298 2180 inconstantiae
2347 2140 2412 2178 ac
2449 2123 2824 2192 repugnantia
2853 2123 3092 2195 plenam,
3119 2137 3298 2190 neque
3336 2121 3489 2175 dilic-

1923 2217 2150 2271 rentiam
2177 2215 2399 2284 penitus
2423 2214 2574 2283 ejicit
2597 2213 2903 2267 secundum
2926 2213 3225 2266 lulianum.
3259 2213 3316 2265 Si
3344 2214 3492 2266 enim

1918 2310 2171 2363 Christus
2203 2317 2290 2362 est
2314 2306 2616 2361 secundum
2655 2306 2806 2360 illum
2841 2320 2948 2359 una
2985 2313 3205 2368 natura,
3239 2315 3296 2358 et
3333 2305 3494 2360 diffe-

1923 2401 2153 2454 rentiam
2209 2399 2625 2453 substantialem
2673 2414 2786 2451 non
2843 2398 2896 2451 in
2948 2398 3198 2467 quolibet
3259 2398 3495 2465 recipit;

1923 2492 2248 2545 alterutrum
2275 2504 2500 2544 necesse
2519 2497 2602 2542 est
2628 2488 2978 2552 confiteatur,
3000 2488 3092 2556 qui
3120 2487 3226 2541 hoc
3243 2488 3496 2550 allirmal,

1923 2593 2018 2638 aut
2055 2583 2343 2636 Dominum
2386 2596 2509 2635 esse
2553 2580 2834 2634 hominem
2885 2588 3130 2644 tantum;
3176 2587 3233 2633 et
3289 2579 3496 2641 divina,

1923 2694 2046 2747 qua:
2091 2677 2159 2731 de
2197 2691 2263 2730 eo
2306 2675 2589 2737 dicuntur,
2635 2688 2743 2725 non
2779 2681 3038 2740 tanquam
3074 2672 3194 2740 ejus
3230 2671 3325 2741 qui
3355 2681 3502 2726 esset

1924 2771 2091 2831 Deus,
2136 2767 2368 2822 dicenda
2436 2781 2581 2828 esse,
2654 2761 2749 2817 sed
2807 2763 3113 2818 secundum
3170 2772 3499 2832 potestatem

1925 2860 2167 2914 divinam
2225 2872 2347 2926 qua:
2393 2865 2542 2909 esset
2593 2855 2700 2908 alia
2751 2863 2952 2923 praeter
3001 2870 3152 2916 etim,
3198 2863 3255 2908 et
3315 2856 3370 2909 in
3433 2871 3500 2908 eo

1925 2951 2268 3014 operaretur,
2300 2942 2442 2997 facta
2486 2957 2609 2996 esse
2642 2958 2656 2994 :
2683 2950 2780 2995 aut
2813 2941 2983 2996 Deum
3037 2951 3271 3007 tantum,
3306 2954 3362 2997 et
3389 2960 3498 2997 ιιοιι

1927 3049 2048 3089 esse
2089 3033 2371 3088 Christum
2409 3031 2612 3086 factum
2647 3031 2963 3096 hominem;
3015 3041 3071 3086 et
3108 3033 3347 3086 humana
3381 3049 3503 3102 qua:

1926 3125 1995 3179 de
2044 3141 2112 3179 eo
2162 3127 2446 3187 dicuntur,
2480 3141 2589 3178 non
2644 3135 2705 3179 ut
2733 3126 3038 3189 hominem,
3089 3127 3185 3181 sed
3233 3137 3293 3181 ut
3331 3128 3502 3182 Deum

1928 3216 2020 3270 illa
2071 3232 2291 3285 passum
2330 3232 2452 3271 esse
2479 3217 2555 3269 .in
2605 3232 2712 3269 una
2749 3231 2848 3270 sua
2890 3227 3086 3270 natura
3124 3235 3138 3270 :
3173 3226 3266 3272 aut
3293 3221 3338 3272 si
3370 3235 3506 3273 nen-

1928 3317 2070 3360 trum
2116 3307 2346 3367 horum,
2387 3321 2616 3360 necesse
2659 3307 2769 3361 erit
2815 3307 3004 3361 dicere
3059 3308 3127 3361 de
3179 3309 3318 3377 ipso,
3371 3310 3506 3363 falsa

1927 3399 2130 3466 specie,
2183 3410 2239 3452 et
2285 3407 2344 3452 ut
2393 3407 2621 3466 apparet
2671 3407 2904 3462 tantum,
2969 3397 3167 3454 fecisse
3207 3415 3329 3468 quae
3376 3400 3508 3454 fecit

1927 3489 2132 3552 divina,
2171 3489 2285 3542 sive
2317 3489 2558 3543 humana
2593 3506 2606 3541 :
2637 3498 2731 3542 aut
2758 3503 2986 3558 prorsus
3013 3489 3204 3543 falsam
3239 3504 3359 3543 esse
3392 3506 3509 3544 om-

1929 3597 2054 3635 nem
2086 3581 2372 3634 historiam
2406 3580 2810 3650 evangelieam,
2845 3588 2902 3634 et
2930 3580 3133 3635 frustra
3165 3581 3507 3636 Christianos

1930 3673 2064 3735 falli,
2112 3688 2419 3741 vanamque
2480 3685 2622 3736 esse,
2669 3679 2731 3724 ut
2781 3671 2918 3726 alias
2957 3671 3181 3736 dicitur,
3237 3687 3391 3740 spem
3451 3673 3507 3726 in

1930 3765 2230 3820 Christum.
2265 3763 2334 3818 Ut
2358 3765 2468 3833 jam
2498 3763 2823 3832 tempestive
2863 3763 2972 3818 diei
3005 3765 3200 3833 possit,
3253 3764 3398 3834 quod
3433 3765 3509 3817 ait

1933 3856 2177 3909 Paulus:
2212 3854 2397 3908 Inanis
2447 3869 2580 3923 ergo
2635 3862 2710 3907 est
2756 3863 2938 3908 nostra
2976 3856 3319 3924 prwdicatio;
3359 3873 3508 3923 repe—

1932 3946 2103 3998 rimur
2143 3955 2320 3998 autem
2369 3945 2494 4014 falsi
2557 3953 2711 3999 testes
2771 3944 2888 4008 Dei,
2927 3947 3052 4015 quia
3103 3946 3298 4014 falsum
3364 3948 3508 3998 testi-

1933 4037 2166 4088 monium
2201 4042 2385 4088 contra
2408 4035 2576 4089 Deum
2611 4035 2864 4101 diximus,
2890 4035 3030 4106 quod
3063 4036 3330 4090 suscitavit
3358 4035 3480 4089 Chri

1933 4135 2094 4190 stum,
2143 4144 2297 4197 quem
2342 4143 2445 4180 non
2474 4129 2748 4182 suscitavit
2781 4140 2845 4182 ω.

2006 4303 2166 4356 Vanze
2199 4319 2389 4358 revera
2437 4314 2565 4360 sunt
2609 4305 2925 4375 hujusmodi
2973 4308 3509 4376 argumentationes,

1934 4403 1991 4448 et
2018 4395 2236 4448 eversio
2285 4393 2435 4457 ﬁdei,
2469 4405 2528 4449 ut
2567 4397 2645 4451 ait
2675 4396 2976 4466 Gregorius
3005 4398 3338 4468 Theologus.
3379 4401 3509 4453 0m-

269 4483 580 4546 Ἐκπαντὸς
603 4481 696 4535 οὗν
725 4480 1098 4534 ἀποδέδεικται
1130 4479 1548 4552 κεκαθαρμένην
1577 4484 1830 4554 ἀντιρρή-

1937 4483 2068 4536 ιιίιιο
2122 4482 2290 4551 igitur
2339 4483 2778 4538 demonstratum
2825 4495 2910 4540 est
2961 4488 3130 4541 solam
3183 4489 3510 4542 sententiain

262 4595 403 4640 σεως
424 4577 667 4645 ἀπάσης,
697 4573 795 4627 καὶ
817 4573 1203 4640 ἀνεξέλεγκτον
1233 4569 1392 4637 εἶναι,
1420 4573 1512 4626 καὶ
1543 4574 1712 4644 μόνην
1740 4575 1832 4628 ἐπὶ

259 4670 360 4738 τῆς
378 4665 636 4731 ἀληθείας
663 4665 888 4717 ἑστάναι
937 4663 1036 4732 τὴν
1065 4662 1223 4727 δόξαν
1256 4663 1353 4732 τῆς
1385 4664 1546 4730 ἁγίας
1574 4665 1667 4717 τοῦ
1697 4663 1832 4716 Θεοῦ

259 4760 359 4811 καὶ
379 4754 679 4824 καθολικῆς
726 4753 1075 4822 Ἐκκλησίας.
1121 4754 1289 4807 Ὅταν
1325 4755 1421 4823 μὲν
1460 4754 1566 4823 γὰρ
1587 4753 1678 4808 τὸν
1706 4755 1832 4825 τρό-

261 4869 367 4904 πον
397 4848 522 4903 καθ⁶
555 4849 614 4901 ὃν
640 4847 865 4916 γέγονεν
898 4847 932 4916 ἡ
959 4847 1023 4898 ὲκ
1054 4845 1211 4909 θείας
1257 4845 1667 4916 φιλανθρωπίας
1699 4847 1835 4919 πρὸς

263 4944 414 5013 ἡμᾶς
452 4939 860 5008 συγκαταϐασις
909 4936 1167 5006 ϐούληται
1209 4940 1504 5008 παριστᾷν,
1554 4937 1653 5008 τὴν
1705 4939 1836 5008 μίαν

260 5031 359 5086 τοῦ
386 5029 522 5083 Θεοῦ
556 5029 730 5097 Λόγου
767 5028 930 5097 φύσιν
976 5028 1405 5099 σεσαρκωμένην
1442 5028 1795 5097 ὁμολογοῦσιν
1817 5043 1834 5059 °

260 5121 341 5182 ὡς
365 5122 461 5174 ac:
490 5119 585 5171 τοῦ
602 5119 774 5186 Λόγου
799 5117 1036 5186 ἀνάρχου
1057 5134 1114 5170 τε
1146 5118 1298 5181 ὁντος
1337 5119 1430 5171 καὶ
1461 5118 1646 5181 ἁῖδίως
1675 5119 1733 5171 ὲν
1760 5118 1838 5189 τῷ

265 5208 466 5279 Πατρῖ,
499 5211 556 5262 ὲν
587 5209 797 5279 ὑστέρῳ
817 5209 875 5261 δὲ
903 5208 972 5260 δι’
1003 5211 1150 5279 ἡμᾶς
1176 5210 1272 5262 καὶ
1302 5211 1403 5279 τὴν
1423 5210 1696 5280 ἡμετέραν
1731 5227 1839 5262 σω-

266 5301 463 5372 τηρίαν
491 5301 1030 5372 ὲνανθρωπήσαντος,
1086 5303 1180 5354 καὶ
1207 5303 1550 5370 σπέρματος
1584 5302 1840 5372 Ἀϐραὰμ

265 5393 728 5462 ἐπιλαϐομένου,
790 5394 886 5446 καὶ
921 5393 1061 5446 κατὰ
1109 5394 1289 5447 πάντα
1324 5397 1458 5464 ἡμῖν
1482 5393 1840 5461 ὁμοιωθέντος

265 5486 393 5554 δίχα
420 5485 588 5554 μόνης
612 5485 907 5555 ἁμαρτίας.
945 5484 1115 5536 Ὅταν
1158 5483 1216 5536 δὲ
1245 5485 1313 5538 τὰ
1339 5487 1396 5536 ὲν
1426 5478 1506 5547 οἷς
1533 5485 1561 5537 ὀ
1585 5485 1838 5554 Χριστὸς,

269 5575 305 5647 ῆ
334 5575 428 5629 καὶ
453 5575 554 5628 ὃσα
595 5577 624 5629 ὁ
658 5575 912 5646 Χριστὸς,
946 5573 1201 5645 βούληται
1231 5573 1477 5645 θεωρεῖν,
1525 5573 1617 5626 δύο
1649 5574 1840 5642 φύσεις

349 5724 596 5800 ιιΜίιιιὶι.
652 5743 752 5794 xu,
792 5727 882 5782 ‘25.
956 5739 995 5767 ιιι
1038 5726 1056 5781 1
1105 5725 1231 5781 Cor.
1285 5743 1371 5792 xv,
1439 5728 1522 5793 li,
1596 5729 1676 5783 13.
1757 5735 1780 5761 η

1932 5729 2004 5780 hr.
2060 5743 2117 5790 tl,
2166 5727 2244 5779 lii.

1936 4583 2136 4628 sancta:
2165 4584 2220 4628 et
2272 4576 2561 4630 catholicae
2607 4577 2704 4631 Dei
2745 4577 3008 4632 Ecclesiae
3064 4595 3250 4633 veram
3292 4590 3514 4641 esse,et

1937 4664 2074 4718 nihil
2105 4665 2413 4720 contradici
2459 4682 2654 4735 posse,
2709 4683 2888 4737 neque
2923 4683 3084 4737 posse
3117 4683 3236 4723 eam
3268 4670 3512 4739 coargui.

1937 4757 2074 4812 Cum
2107 4757 2254 4812 enim
2283 4757 2579 4812 ostendere
2603 4759 2742 4823 vult,
2774 4759 3056 4828 quomodo
3081 4774 3149 4813 ex
3177 4759 3363 4814 divina
3384 4776 3514 4829 erga

1939 4847 2192 4902 homines
2241 4847 2510 4902 charitate
2558 4847 2802 4902 Verbum
2852 4849 2947 4903 Dei
3003 4849 3072 4902 ad
3129 4851 3518 4905 assumendam

1941 4955 2160 4994 carnem
2185 4939 2342 4993 nobis
2372 4939 2850 5002 condescenderit,
2878 4955 3044 4992 unam
3071 4951 3326 4993 naturam
3355 4941 3517 4994 Verbi

1938 5031 2032 5085 Dei
2063 5031 2357 5084 confitetur
2398 5030 2784 5094 ,incarnatam;
2841 5029 2989 5098 quod
3024 5045 3091 5084 ex
3122 5033 3428 5084 aeternitate
3462 5043 3517 5084 et

1937 5122 2055 5176 sine
2089 5121 2359 5190 principio
2387 5131 2507 5175 erat
2539 5122 2593 5175 in
2623 5121 2736 5175 Deo
2755 5121 2918 5175 Patre
2951 5135 2965 5184 ;
2997 5128 3054 5173 et
3079 5130 3270 5188 postea
3294 5130 3521 5189 propter

1941 5227 2042 5265 nos
2073 5221 2127 5265 et
2149 5219 2373 5280 propter
2399 5212 2632 5266 salutem
2665 5217 2935 5272 nostram,
2958 5213 3163 5264 factum
3193 5209 3300 5264 fuit
3330 5211 3515 5276 homo,

1940 5310 1998 5354 et
2039 5316 2217 5353 senten
2255 5301 2526 5354 Abraham
2558 5300 2906 5370 apprehendit
2930 5308 2982 5364 η,
3011 5307 3067 5354 et
3094 5315 3193 5368 per
3228 5301 3411 5355 omnia
3435 5302 3519 5354 fa-

1944 5401 2067 5444 ctus
2128 5397 2213 5444 est
2269 5389 2468 5444 similis
2519 5391 2681 5445 nobis
2738 5398 2969 5458 excepto
3041 5391 3162 5449 solo
3222 5402 3446 5461 peccato
3471 5399 3519 5446 ο.

1945 5478 2175 5545 Quando
2209 5489 2392 5534 autem
2420 5481 2622 5536 docere
2665 5481 2783 5534 vult
2811 5481 2902 5535 illa
2934 5480 2989 5534 in
3023 5481 3228 5549 quibus
3266 5481 3521 5539 Christus

1949 5572 2234 5632 consistit,
2267 5581 2476 5641 etquae
2525 5571 2778 5628 Christus
2822 5570 2942 5624 vult
2995 5585 3097 5628 nos
3131 5573 3515 5644 contemplari,

2329 5734 2350 5757 τ’
2391 5725 2554 5782 llt‘br.
2595 5742 2666 5791 ιγ,
2727 5726 2805 5779 15.
