3992 6192
381 310 519 416 ‘689

408 519 509 590 τὴν
535 517 644 572 ἀπὸ
680 518 877 579 κακίας
907 518 1000 570 καὶ
1035 519 1309 586 ἀγνωσίας
1340 521 1419 582 εἰς
1454 519 1657 590 ἀρετὴν
1696 521 1790 573 καὶ
1844 521 1983 588 γνῶ-

413 628 518 673 σιν,
566 609 858 681 μετάθεσιν
910 608 1021 663 τῶν
1066 609 1275 664 πιστῶν
1310 612 1620 682 σημαίνειν,
1654 614 1682 665 ὁ
1706 612 1983 681 μακάριος

411 702 566 779 ἔλεγε
619 702 818 770 γέρων.
868 703 942 754 Οὐ
982 702 1091 770 γὰρ
1128 702 1288 772 μόνον
1331 705 1445 773 τὴν,
1470 704 1562 755 ἐπὶ
1589 704 1681 757 τὸν
1729 704 1983 772 ἀληθινὸν

411 793 545 846 Θεὸν
581 793 918 864 ἐπιστροφὴν
962 793 1071 844 τῶν
1116 793 1360 845 ἀπίστων
1390 795 1423 863 ἡ
1453 796 1533 856 εἰς
1559 793 1658 864 τὴν
1684 794 1984 864 ἐκκλησίαν

412 884 612 948 εἴσοδος
650 884 981 955 παραδηλοῖ’
1014 884 1149 936 ἀλλά
1195 886 1285 937 καὶ
1308 886 1541 937 ἑκάστου
1577 886 1731 955 ἡμῶν
1761 885 1868 937 τῶν
1896 903 1983 939 m-

414 972 708 1025 στευόντων
732 972 850 1042 μὲν,
873 970 1206 1024 ἀθετοῦντων
1237 971 1408 1035 δὲτὰς
1423 973 1638 1036 ἐντολὰς
1658 974 1750 1026 τοῦ
1778 975 1981 1045 Κυρίου

408 1064 474 1117 δι’
505 1065 724 1133 ἀγωγῆς
740 1062 1035 1116 ἀκολάστου
1051 1063 1142 1114 καὶ
1170 1064 1479 1133 ἀσχήμονος
1502 1063 1637 1132 βίου,
1655 1063 1752 1134 τὴν
1777 1065 1864 1118 διὰ
1885 1081 1981 1135 με·

409 1152 625 1217 τανοίας
640 1151 942 1220 διόρθωσιν.
956 1152 1067 1213 Πᾶς
1083 1150 1187 1222 γάρ
1201 1149 1296 1204 ἀνθ
1307 1167 1505 1220 ρωπος,
1518 1149 1623 1202 εἴτε
1640 1152 1853 1218 φονεὺς,
1870 1151 1981 1203 εἴτε

317 1282 322 1285 -
413 1244 621 1317 μοιχὸς,
656 1244 766 1295 εἴτε
789 1242 1180 1311 κλέπτης,εῖτε
1212 1241 1583 1310 ὑπερήφανος,
1616 1242 1723 1292 εἴτε
1742 1239 1978 1304 ἀλαζὼν,

409 1330 442 1401 ἢ
474 1318 765 1400 ίῖὄριστὴς,
806 1330 838 1399 ἢ
873 1329 1198 1398 πλεονέκτης
1220 1368 1235 1392 ,
1265 1329 1297 1398 ἧ
1341 1328 1696 1398 φιλάργυρος,
1723 1327 1755 1396 ἢ
1809 1328 1979 1381 κατά-

406 1420 650 1490 λαλος,ἢ
707 1421 1064 1491 μνησίκακος,
1129 1419 1161 1489 ἢ
1223 1419 1362 1489 πρὸς
1428 1419 1598 1487 θυμὸν
1658 1420 1754 1471 καὶ
1810 1418 1981 1490 ὀργὴν

405 1513 707 1581 εὐάγωγος,
739 1513 772 1585 ἢ
814 1512 1071 1583 λοίδορος,
1102 1511 1134 1583 ἢ
1170 1511 1530 1580 συκοφάντης,
1580 1511 1613 1579 ἢ
1662 1510 1910 1579 ψίθυρος,
1946 1509 1978 1578 ἢ

407 1604 590 1673 φθόνῳ
638 1604 986 1676 εὐχείρωτος,
1020 1603 1052 1672 ἢ
1113 1601 1346 1673 μέθυσος
1369 1618 1381 1630 '
1410 1602 1503 1656 καὶ
1535 1602 1743 1667 ἁπλῶς,
1782 1602 1871 1655 ἵνα
1904 1603 1978 1671 μὴ

406 1697 589 1750 πάντα
631 1697 698 1749 τὰ
727 1697 825 1765 τῆς
868 1695 1065 1757 κακίας
1091 1694 1205 1765 εἴδη
1233 1693 1713 1764 ἀπαριθμούμενος
1755 1693 1980 1763 μηκύνω

1785 319 2286 381 MYSTAGOGIA.

412 432 491 490 εἰς
519 425 817 493 ἐπίγνωσιν
861 425 994 480 Θεοῦ
1044 425 1379 498 ἐπιστροφὴν
1435 427 1544 480 τῶν
1583 427 1851 493 ἀπίστων,
1894 431 1977 481 καῚ

2091 438 2529 494 convertuntur;
2562 428 2820 498 quodque
2855 427 3043 481 fideles
3095 442 3125 480 a
3175 426 3446 496 pravitate
3482 444 3545 481 ac
3574 429 3663 482 iu—

3552 319 3658 381 690

2090 521 2247 575 scitia
2276 520 2344 574 ad
2372 520 2632 574 virtutem
2661 534 2726 581 ac
2754 518 3038 571 scientiam
3067 517 3665 581 traducumur,‘beatus

2092 610 2181 663 ille
2207 625 2377 685 senex
2422 610 2732 680 signiﬁcare
2761 609 2966 663 aiebat.
3010 609 3227 663 Nedum
3285 610 3431 663 enim
3463 610 3660 665 inﬁde-

2090 697 2224 750 lium
2268 696 2336 750 ad
2384 713 2578 752 verum
2642 699 2929 766 solumque
2985 699 3178 762 Deum,
3245 699 3661 754 conversionem

2091 785 2362 854 signiﬁcat
2386 785 2477 840 ille
2515 786 2570 839 in
2629 787 2917 841 ecclesiam
2966 788 3281 857 ingressus;
3331 789 3426 843 sed
3459 798 3516 842 et
3560 804 3663 843 no-

2090 885 2267 930 strum
2321 877 2608 946 cujusque,
2648 877 2741 943 qui
2798 876 3078 930 credimus
3128 878 3375 946 quidem,
3422 879 3665 949 alboque

2091 966 2332 1020 fidelium
2368 950 2568 1019 nomen
2591 966 2866 1031 dedimus,
2898 967 2993 1021 scd
3034 984 3252 1022 morum
3302 970 3525 1025 lascivia
3549 979 3664 1024 tur-

2089 1057 2255 1125 pique
2291 1057 2403 1111 vita
2434 1056 2717 1110 Dominiea
2744 1056 3015 1111 violamus
3042 1060 3403 1125 mandataaac
3430 1062 3662 1118 facimus

2090 1145 2269 1210 irrita,
2300 1146 2639 1215 pcnnitentize
2664 1147 2953 1201 laboribus
2982 1148 3294 1204 institutam
3315 1154 3661 1209 emendatio-

2087 1253 2235 1292 nem.
2260 1237 2452 1292 Omnis
2480 1238 2624 1291 enim
2659 1237 2775 1292 sive
2810 1238 3110 1303 homicida,
3130 1241 3245 1294 sive
3287 1242 3528 1309 adulter,
3546 1245 3663 1299 sive

2087 1328 2196 1393 fur,
2226 1329 2345 1382 sive
2372 1327 2662 1396 superbus,
2690 1328 2804 1381 sive
2849 1343 3134 1397 arrogans,
3172 1338 3268 1382 aut
3302 1333 3664 1386 contumelio-

2089 1435 2202 1481 sus,
2241 1428 2337 1472 aut
2364 1419 2529 1473 alieni
2556 1420 2852 1488 appetitor,
2877 1429 2967 1473 aut
2988 1436 3208 1486 avarus,
3235 1434 3331 1475 aut
3354 1422 3677 1488 detractor,.

2087 1520 2183 1566 aut
2206 1512 2545 1581 injuriarum
2576 1528 2805 1579 memor,
2845 1522 2941 1566 aut
2971 1513 3293 1580 iracundus,
3347 1526 3444 1570 aut
3467 1517 3662 1571 convi-

2088 1601 2273 1665 tiator,
2332 1609 2428 1655 aut
2485 1603 2871 1666 calumniator,
2921 1612 3016 1656 aut
3069 1620 3318 1677 susurro,
3372 1616 3466 1659 aut
3496 1623 3661 1676 quem

2088 1694 2295 1748 invidia
2328 1694 2490 1748 facile
2522 1703 2767 1763 superet,
2799 1706 2895 1749 aut
2930 1696 3181 1750 ebriosus
3208 1714 3222 1762 ;
3252 1698 3359 1761 vel,
3403 1706 3464 1752 ut
3491 1700 3660 1754 semel

402 1789 492 1842 τὸν
526 1788 707 1857 λόγον,
739 1790 886 1851 ὅστις
917 1789 1006 1856 ὑφ’
1047 1787 1369 1856 οίασδήποτε
1411 1786 1610 1849 κακίας
1634 1785 1976 1856 ἐνεχόμενος,

2086 1785 2260 1840 dicam
2290 1787 2380 1856 (ne
2413 1795 2612 1841 cuncta
2635 1787 2896 1840 vitiorum
2927 1805 3130 1857 genera
3160 1804 3492 1847 enumerans
3534 1806 3665 1861 pro-

404 1882 538 1934 ὲπδν
569 1880 661 1935 τοῦ
693 1881 962 1943 ἑκουσίως
997 1882 1116 1933 κατ’
1148 1879 1493 1950 ἐπιτήδευσιν
1543 1878 1825 1948 ἐνέχεσθαι
1882 1876 1978 1929 καὶ

407 1974 653 2043 ἐνεργεῖν
676 1972 814 2040 κατᾲ
839 1971 1096 2040 πρόθεσιν
1129 1970 1410 2035 παύσοιτο,
1440 1970 1535 2022 καὶ
1562 1969 1858 2038 μεταδαλοῖ
1890 1969 1979 2022 τὸν

412 2059 531 2129 βίον
553 2061 645 2112 ἐπὶ
675 2060 734 2112 τὸ
765 2063 1032 2130 κρεῖττον,
1062 2060 1160 2129 τῆς
1194 2060 1392 2123 κακίας
1415 2060 1515 2130 τὴν
1555 2060 1757 2129 ἀρετὴν
1788 2058 1977 2111 ἀνθαι-

411 2152 677 2224 ρούμενος
698 2167 710 2181 ’
737 2154 764 2205 6
784 2152 1026 2215 τοιοῦτος
1047 2152 1256 2221 κυρίως
1293 2168 1351 2204 τε
1389 2152 1481 2203 καὶ
1512 2149 1728 2219 ἀληθῶς
1753 2149 1976 2222 Χριστῷ

409 2242 491 2313 τῷ
527 2241 647 2311 Θεῷ
676 2242 769 2295 καὶ
802 2243 1049 2313 ἀρχιερεῖ
1079 2240 1306 2295 νοείσθω
1331 2258 1391 2294 τε
1440 2242 1530 2293 καὶ
1576 2240 1820 2309 λεγέσθω
1852 2258 1979 2294 συν-

410 2334 634 2407 ειῖσιέναι
694 2335 773 2397 εἰς
841 2334 941 2403 τὴν
1002 2334 1246 2403 ἀρετὴν,
1313 2331 1639 2401 Ἐκκλησίαν
1702 2332 1981 2404 τροπικῶς

407 2440 526 2477 νοου
536 2424 725 2495 μένην.

1006 2535 1258 2588 ΚΕΦΑΛ.
1315 2537 1375 2590 ι’.

479 2652 668 2706 Τίνων
690 2648 810 2703 εὶσὶ
848 2649 1155 2717 σύμϐολον
1197 2650 1268 2703 τὰ
1296 2648 1423 2704 θεῖα
1450 2648 1905 2719 ἁναγνώσματιι.

474 2762 586 2825 Τάς
621 2761 678 2814 δὲ
723 2759 878 2823 θείας
914 2758 1035 2835 τῶν,
1065 2759 1341 2830 πανιέρων
1379 2758 1575 2829 βίϐλων
1621 2760 1978 2829 ἀναγνώσεις,

2077 1877 2243 1933 lixior
2266 1875 2416 1948 sim),
2450 1878 2704 1947 quisquis
2730 1878 2840 1931 ullo
2864 1879 2999 1932 vitio
3025 1880 3657 1950 tenebatur,postquam

2080 1977 2276 2037 sponte
2303 1983 2401 2022 sua
2426 1968 2681 2022 consulto
2711 1968 2798 2021 his
2834 1969 3069 2037 amplius
3112 1971 3310 2035 teneri,
3360 1986 3424 2025 ac
3459 1972 3659 2026 volun-

2076 2068 2189 2113 tate
2218 2058 2438 2127 Operari
2467 2057 2719 2121 desierit,
2753 2056 2985 2127 vitiique
3029 2059 3152 2113 loco
3182 2060 3445 2115 virtutem
3463 2077 3658 2131 praeo-

2078 2159 2238 2221 ptans
2270 2150 2488 2204 meliori
2522 2150 2678 2220 fruge
2718 2150 2886 2204 vitam
2932 2152 3264 2217 mutaverit;
3326 2153 3373 2206 is
3421 2132 3660 2223 .proprie

2080 2258 2146 2298 ac
2175 2259 2305 2299 vere
2343 2259 2466 2298 cum
2491 2242 2712 2299 Christo
2743 2244 2856 2297 Deo
2889 2259 2953 2297 ac
2980 2224 3268 2313 pontifice,
3298 2247 3352 2298 in
3373 2229 3672 2312 virtutem,

2081 2350 2202 2402 qum
2234 2334 2427 2388 morali
2463 2334 2825 2404 intelligentia
2858 2336 3101 2390 Ecclesia
3129 2344 3235 2402 est,
3293 2338 3456 2392 simul
3488 2338 3659 2393 intro-

2083 2425 2191 2479 isse
2219 2425 2560 2495 intelligatur
2589 2435 2757 2495 atque
2784 2426 3023 2483 dicatur.

2695 2537 2922 2594 CAPUT
2959 2540 3026 2592 Χ.

2220 2649 2586 2715 Quorumnam
2614 2650 2802 2704 divina:
2830 2639 3084 2706 'lectioncs
3115 2655 3220 2706 sint
3252 2654 3513 2723 symbolo.

2148 2762 2371 2816 Divinas
2392 2772 2573 2815 autem
2603 2761 3103 2817 sacratissimorum
3145 2763 3416 2817 librorum
3462 2764 3673 2819 lceti0-.

413 2856 513 2919 τὰς
541 2855 693 2917 θείας
727 2854 822 2905 καὶ
859 2852 1134 2922 μακαρίας
1169 2851 1261 2905 τοῦ
1297 2851 1564 2920 παναγίου
1598 2851 1733 2905 Θεοῦ
1785 2850 1977 2921 βουλή-

2086 2868 2196 2917 nes,
2231 2851 2446 2906 divinas
2491 2852 2788 2921 beatasque
2816 2853 3149 2907 sanctissimi
3192 2853 3289 2907 Dei
3342 2854 3657 2910 voluntates

409 2962 525 3008 σεις
547 2946 591 2978 ³⁸
618 2960 676 2997 τε
703 2941 1025 3011 καϊβουλάς
1048 2941 1431 3011 ὑπεμφαίνειν,
1456 2941 1641 3011 ἔλεγεν
1671 2944 1698 2994 6
1718 2942 1975 2994 διδάσκα-

2086 2957 2147 2996 ac
2178 2940 2411 3009 consilia
2429 2940 2790 3005 subinnuere,
2811 2942 2994 2996 aiebat
3018 2943 3310 3013 magister;
3343 2959 3407 2996 cx
3451 2944 3654 3012 quibus

406 3036 528 3107 λοςο
558 3035 625 3088 δι’
654 3028 728 3087 ὧν
756 3038 854 3097 τὰς
888 3033 1170 3105 ὑποθήκας
1209 3033 1319 3085 τῶν
1351 3034 1661 3102 πρακτέων,
1696 3033 1976 3100 ἀναλόγως

2086 3033 2413 3104 agendorum
2448 3031 2779 3087 documenta
2810 3048 2873 3088 ac
2910 3034 3211 3103 praecepta,
3250 3050 3348 3103 pro
3372 3050 3471 3088 suo
3504 3036 3656 3104 quis~

404 3129 635 3192 ἒκαστος
665 3126 845 3201 ἡμῶν,
879 3126 1019 3180 κατά
1066 3126 1167 3197 τὴν
1212 3125 1455 3178 ὑποῦσαν
1517 3125 1665 3194 αὐτῷ
1722 3124 1973 3194 δύναμιν,

2086 3139 2185 3195 que
2227 3131 2414 3193 captu,
2460 3139 2523 3178 ac
2562 3125 2682 3195 ejus
2726 3140 2848 3193 qua:
2891 3124 3034 3180 inest
3091 3126 3368 3180 facultatis
3404 3126 3479 3190 vi,
3513 3128 3657 3181 acci—

404 3219 795 3289 λαμϐάνομεν⁹
840 3218 933 3271 καὶ
992 3218 1120 3280 τοὺς
1172 3218 1282 3270 τῶν
1318 3216 1479 3270 θείων
1523 3218 1619 3269 καὶ
1689 3217 1975 3287 μακαρίων

2086 3217 2292 3285 pimus;
2359 3214 2789 3284 divinorumque
2826 3232 2904 3269 .ac
2956 3217 3243 3272 beatorum
3292 3219 3652 3272 certaminum

404 3311 631 3377 ἀγώνων
675 3310 873 3380 νόμους
944 3307 1285 3379 μανθάνομεν
1317 3325 1330 3338 ο
1384 3307 1507 3361 καθ’
1565 3306 1659 3370 οὒς
1731 3307 1977 3377 νομίμως

2086 3312 2223 3377 leges
2249 3307 2535 3373 discimus,
2567 3325 2668 3378 pro
2693 3325 2928 3379 quarum
2987 3310 3203 3365 ratione
3254 3309 3497 3378 legitime.
3535 3324 3655 3362 cer-

404 3402 723 3466 ἀθλοῦντες,
770 3400 878 3455 τῶν
932 3401 1217 3468 ἀξιονίκων
1262 3401 1362 3471 τῆς
1410 3398 1649 3471 Χριστοῦ
1701 3398 1977 3475 βασιλείας

2086 3409 2276 3464 tantes,
2306 3399 2612 3470 condignas
2661 3399 2867 3459 Christi
2914 3414 3085 3471 regno
3129 3401 3390 3455 victrices
3421 3413 3652 3454 coronas

406 3493 711 3566 ἀξιούμεοα
739 3495 1038 3563 στεφάνων.

976 3608 1227 3662 ΚΕΦΑΛ.
1281 3609 1385 3662 IA'.

537 3720 700 3784 Τίνος
726 3718 859 3772 ἐστὶ
897 3719 1206 3786 σύμϐολον
1240 3718 1283 3750 ³⁸
1326 3718 1396 3773 τὰ
1434 3717 1561 3772 θεῖα
1591 3716 1849 3787 ᾅσματα.

473 3832 583 3901 Τὴν
616 3830 672 3883 δὲ
704 3827 1081 3899 πνευματικὴν
1115 3827 1224 3880 τῶν
1260 3827 1420 3881 θείων
1458 3828 1716 3901 ᾀσμάτων
1745 3827 1974 3897 τερπνό-

400 3940 575 3991 τητα,
613 3921 711 3990 τὴν
757 3917 1098 3988 ὲμφαντικὴν
1153 3916 1348 3986 δηλοῦν
1387 3916 1614 3985 ἔφασκε,
1657 3915 1765 3969 τῶν
1813 3914 1973 3968 θείων

402 4013 596 4083 ἡδονὴν
650 4009 907 4080 ἀγαθῶν·
967 4008 1065 4077 τὴν
1123 4008 1225 4070 τὰς
1270 4006 1451 4076 ψυχὰς
1512 4006 1650 4077 πρὸς
1721 4004 1820 4076 μὲν
1878 3992 1972 4057 τὸν

400 4107 678 4175 ἀκήρατον
746 4100 841 4155 τοῦ
911 4098 1047 4153 Θεοῦ
1112 4099 1208 4153 καὶ
1273 4099 1544 4169 μακάριον
1606 4095 1972 4151 ἀνακινοῦσαν

400 4194 581 4266 ἔρωτα
606 4210 618 4223 ·
651 4194 787 4265 πρὸς
808 4192 866 4246 δὲ
896 4191 957 4245 τὸ
994 4194 1150 4263 μῖσος
1191 4191 1289 4261 τῆς
1314 4189 1591 4261 ἁμαρτίας
1634 4188 1796 4242 πλέον
1826 4186 1972 4256 ἐγεί-

400 4300 623 4355 ρουσαν.
876 4321 924 4345 ,σι

988 4395 1234 4449 ΚΕΦΑΛ.
1279 4393 1378 4450 ΙΒ’.

404 4508 464 4563 Τί
505 4505 915 4575 σημαίνουσιν
946 4508 1005 4558 al
1036 4504 1148 4573 τῆς
1194 4504 1441 4574 εἰρήνης
1482 4504 1969 4574 προσφωνήσας.

466 4614 566 4669 Διά
611 4615 675 4668 δὲ
701 4615 811 4668 τῶν
851 4616 1153 4686 γινομένων
1199 4615 1407 4669 ἔνδοθεν
1448 4619 1511 4669 ἐκ
1561 4616 1657 4670 τοῦ
1701 4619 1968 4687 ίερατείου

397 4705 645 4758 κελεύσει
678 4704 775 4757 τοῦ
804 4705 1128 4775 ἀρχιερέως,
1178 4705 1265 4775 ἐφ’
1313 4706 1530 4776 ἑκάστῳ
1581 4706 1968 4777 ἀναγνώσματι

398 4798 497 4866 τῆς
569 4798 795 4867 εἰρήνης
850 4798 1289 4868 ὑποφωνήσεων·
1347 4800 1446 4860 τὰς
1507 4798 1595 4851 διά
1640 4798 1750 4852 τῶν
1799 4799 1970 4865 ἁγίων

400 4887 647 4954 ἀγγέλων
676 4888 1136 4957 διακομιζομένας
1166 4888 1313 4951 θείας
1337 4886 1608 4957 ἀποδοχάς
1653 4887 1968 4957 δηλοῦσθαι,
2010 4880 2019 4901 ¹

398 4979 429 5031 6
450 4978 609 5047 σοφὸς
630 4979 938 5047 διωρίζετο·
976 4979 1045 5031 δι’
1071 4972 1144 5032 ὧν
1163 4980 1191 5031 6
1219 4979 1351 5041 Θεὸς
1377 4977 1551 5050 ὁρίζει
1587 4979 1697 5032 τῶν
1723 4980 1970 5050 νομίμως

400 5068 539 5138 ὑπὲρ
567 5069 673 5138 τῆς
695 5069 956 5139 ἀληθείας
982 5070 1118 5141 πρὸς
1150 5069 1248 5131 τάς
1295 5070 1678 5140 ἀντικειμένας
1712 5071 1970 5141 δυνάμεις

398 5155 708 5211 ἀθλούντων
751 5160 879 5221 τοὺς
932 5158 1173 5227 ἀγῶνας,
1218 5159 1316 5222 τὰς
1347 5160 1614 5231 ἀοράτους
1652 5159 1972 5231 συμπλοκὰς

2001 4400 2048 4454 D

2077 3489 2487 3561 consequimur.

2098 3575 2102 3579 ⁴
2590 3604 2753 3675 510
2788 3605 3014 3661 CAPUT
3053 3607 3145 3660 x1.

2276 3716 2515 3782 Quarum
2535 3717 2830 3788 symbolum
2860 3718 2967 3771 sint
2997 3718 3176 3771 divina
3201 3720 3431 3775 cantica.

2096 3902 2101 3907 ί
2145 3820 2461 3899 Spiritalem
2501 3836 2684 3883 autem
2721 3827 3033 3883 divinorum
3090 3829 3430 3883 canticorum
3466 3833 3651 3886 suavi-

2077 3929 2241 3977 tatem
2277 3918 2588 3991 signiﬁcare
2619 3920 2822 3984 aiebat,
2850 3919 3193 3988 voluptatem
3221 3920 3493 3974 bonorum
3513 3922 3654 3977 divi-

2078 4026 2276 4066 norum
2308 4025 2555 4086 sensum,
2588 4010 2812 4079 vimque
2852 4009 3413 4081 exprimentemmure
3435 4013 3651 4068 animos

2080 4101 2302 4172 quidem
2333 4101 2400 4154 ad
2428 4100 2731 4169 perfectum
2764 4101 3094 4170 beatumque
3118 4101 3212 4155 Dei
3233 4117 3476 4158 amorem
3499 4116 3649 4157 com-

2080 4197 2317 4255 moveat,
2352 4191 2520 4258 inque
2546 4190 2733 4245 odium
2765 4193 2974 4260 peccati
2997 4193 3168 4262 magis
3194 4194 3418 4249 excitet.

2677 4387 2903 4444 CAPUT
2936 4388 3027 4443 ΧΠ
3039 4430 3051 4442 .

2318 4501 2457 4567 Quid
2476 4500 2780 4572 signiﬁcent
2813 4504 2956 4572 pacis
2987 4503 3415 4556 acclamationes.

2144 4620 2251 4675 Per
2284 4617 2436 4689 pacis
2462 4625 2644 4671 autem
2677 4616 3123 4677 acclamationes,
3165 4632 3287 4686 qum
3336 4618 3535 4670 intuse
3562 4632 3646 4670 εα-

2074 4710 2253 4765 crario
2277 4709 2333 4763 in
2355 4722 2681 4777 unaquaque
2710 4706 2947 4761 lectione
2983 4707 3244 4761 antistitis
3282 4709 3437 4778 jussu
3486 4705 3644 4771 ﬁunt,

2070 4819 2164 4857 cas
2210 4818 2333 4872 quae
2377 4816 2477 4870 per
2507 4809 2726 4854 sanctos
2770 4800 2995 4870 angelos
3065 4790 3644 4856 deferuntur‘divinas

2068 4894 2283 4958 laudes,
2308 4893 2635 4960 favoresque
2662 4892 2982 4960 significari,
3014 4893 3100 4946 vir
3150 4894 3239 4947 ille
3280 4892 3500 4962 sapiens
3531 4902 3639 4962 sta-

2069 4982 2289 5046 tuebat;
2317 4980 2522 5050 quibus
2550 4981 2697 5035 Deus
2727 4996 2917 5036 eorum
2946 4982 3042 5051 qui
3072 4983 3315 5052 legitime
3347 4998 3447 5053 pro
3494 4981 3638 5036 veri-

2068 5080 2178 5126 tate
2201 5082 2393 5127 contra
2414 5072 2760 5127 adversarias
2784 5080 3084 5142 potestates
3130 5075 3278 5128 lucta
3332 5074 3647 5143 defungum

2066 5171 2176 5227 tur,
2201 5163 2501 5217 certamina
2531 5161 2671 5225 ﬁnit,
2720 5162 3024 5218 invisibiles
3078 5165 3499 5234 congressiones
3531 5161 3640 5219 disc

1654 5333 1887 5388 VARIAS
1921 5333 2322 5391 LECTIONES.

573 5469 683 5545 “A
709 5484 887 5545 marg.
915 5469 1185 5545 ﬁculneis
1208 5470 1354 5545 εστιν
1383 5471 1563 5545 θρεξις
1592 5472 1930 5545 φανταστικὴ
1960 5473 2066 5527 τῶν
2106 5476 2189 5543 ἐφ’
2212 5476 2366 5545 ἡμῖν,
2393 5475 2489 5529 καὶ
2511 5474 2609 5527 οὐκ
2639 5475 2721 5541 ἐφ’
2740 5474 2886 5545 ,ἡμῖν
2913 5488 2924 5501 ”
2959 5475 2991 5544 ἦ
3017 5474 3145 5527 ποία
3168 5474 3372 5545 φυσικὴ
3398 5472 3638 5545 θέλησις.

393 5537 487 5620 Fr:
517 5537 687 5620 βουλὴ
711 5537 878 5620 ἤγουν
912 5537 1195 5620 βούλευσίς
1211 5541 1372 5620 ἐστιν.
1385 5537 1565 5609 ὄρεξις
1594 5537 1862 5620 ζητητικὴ
1892 5537 2112 5620 τέερί-τι-
2131 5537 2346 5620 ἐφ’
2380 5546 2518 5620 ἡμῖν
2542 5537 2804 5620 πρακτῷν
2834 5537 3136 5620 γινομένηζ
3150 5537 3231 5595 Ti
3251 5543 3307 5596 δὲ
3346 5537 3436 5620 τοῦ
3464 5537 3632 5607 Θεοῦ,

388 5608 663 5686 ξεαξςιπὲρ
690 5608 1064 5686 east-mam
1094 5626 1108 5639 °
1140 5609 1235 5686 καὶ
1256 5608 1511 5686 ᾕούλησις
1547 5608 1891 5686 καὶθέλησίς

381 5678 441 5713 ³³
478 5676 648 5731 Τίνων
682 5679 788 5733 εἰσὶ
810 5678 1055 5749 σύμϐολα
1076 5695 1125 5735 c.
1160 5678 1224 5733 Α.
1255 5676 1428 5733 Τίνων
1458 5681 1592 5735 ἐστί.
1623 5681 1713 5734 Fr.

1952 5616 2045 5667 καὶ

2088 5615 2285 5683 βουλή·
2346 5617 2441 5666 καὶ
2495 5616 2593 5667 ὅσα
2656 5614 2788 5667 ἀλλα
2855 5614 2946 5667 ἐπὶ
3003 5613 3138 5665 Θεοῦ
3183 5616 3645 5682 καταφασκεται...
