3978 6168
407 267 511 330 699

1580 273 1639 337 δ’.
1683 272 1968 336 MAXlMl
2010 275 2538 338 CONFESSORIS'

3558 287 3656 352 700

408 381 1007 454 tionem(tranquillam
1032 384 1181 438 illam
1202 399 1266 439 ac
1294 383 1363 439 ab
1391 385 1542 438 omni
1578 385 1896 442 turbatione
1925 387 1971 442 li

2098 388 2334 460 ἀληθοῦς
2385 376 2548 460 ἡμῶν
2583 387 2717 443 Θεοῦ
2758 389 2853 443 καὶ
2898 390 3201 462 ἀρχιερέως
3241 396 3650 474 εἰσερχομένην.

406 474 623 542 heram)
651 491 759 529 una
792 490 920 530 cum
959 475 1171 537 Verbo,
1201 474 1493 545 Verboque
1519 475 1642 547 ipso
1682 493 1886 548 magno
1922 493 1989 534 ac

405 584 537 623 vero
559 569 672 623 Deo
687 576 879 622 nostro
902 583 968 623 ac
998 567 1260 638 pontiﬁce
1282 569 1535 634 ductore,
1554 570 1984 641 ingredientem;

405 676 639 730 quaque
673 670 735 716 ut
755 677 856 730 per
878 662 1125 731 symbola
1151 678 1341 718 rerum
1370 678 1652 720 sacrarum
1675 664 1985 734 anigmata,

402 766 504 817 per
536 766 631 805 eas
653 766 775 820 qua
805 741 1082 806 habentur
1112 752 1328 808 divinas
1360 753 1651 820 lectiones,
1684 770 1874 810 rerum
1906 770 1990 810 ra-

402 841 584 897 tiones
607 842 903 908 doceatur,
934 844 1381 914 stupendumque
1420 861 1485 901 ac
1514 862 1793 914 magnum,
1839 847 1981 915 ejus,

398 949 524 1001 qua
565 935 622 990 in
653 934 771 1005 lege
807 944 864 990 et
906 936 1196 1006 prophetis
1245 938 1583 1003 declaratur,
1616 939 1986 1009 providentia

397 1026 604 1081 divina
633 1027 989 1097 mysterium;
1026 1028 1194 1098 inque
1228 1030 1495 1100 singulis,
1531 1031 1782 1100 pulchra
1812 1032 1869 1086 in
1898 1032 1988 1085 his

397 1117 710 1186 disciplina
736 1134 799 1172 ac
831 1119 1133 1190 diligentia
1169 1122 1420 1189 pramio,
1452 1122 1727 1177 divinitus
1766 1132 1986 1177 sancta-

398 1224 522 1262 rum
558 1209 898 1263 Potestatum
945 1224 1134 1279 opera,
1174 1212 1603 1283 intelligentium
1647 1229 1801 1269 more
1836 1213 1989 1269 intus

397 1300 590 1352 animo
630 1300 1071 1370 alloquentium,
1124 1305 1277 1372 pacis
1340 1320 1575 1360 munera
1631 1306 1989 1376 designantes

397 1390 600 1446 laudes
632 1391 920 1462 faustaque
954 1403 1081 1448 vota
1106 1395 1366 1464 accipiat,
1402 1411 1510 1450 una
1533 1411 1660 1450 cum
1689 1395 1866 1450 divini
1892 1410 1988 1450 ac-

2085 480 2181 533 καὶ
2213 481 2290 543 ὡς
2324 481 2413 534 διὰ
2443 480 2730 552 συμϐόλων
2757 480 2866 558 τῶν
2891 483 3197 552 γινομένων
3235 483 3398 539 θείων
3422 488 3651 558 ἀναγνω.

2086 571 2332 641 σμάτων,
2362 574 2491 635 τοὺς
2531 571 2640 627 τῶν
2674 552 2845 627 ὄντων
2890 572 3291 645 διδασκομένην
3328 552 3543 645 λόγους,
3562 583 3651 636 καὶ

2083 663 2143 716 τὸ
2174 663 2486 734 θαυμαστὸν
2523 664 2622 718 καὶ
2661 664 2807 735 μέγα
2836 665 2936 735 τῆς
2972 667 3030 718 ὲν
3052 664 3205 736 νόμῳ
3232 666 3331 719 καὶ
3359 670 3647 738 προφήταις

2083 755 2420 826 δηλουμένης
2463 754 2614 819 θείας
2649 755 2906 825 προνοίας
2943 755 3264 826 μυστήριονο
3291 756 3416 810 καθ’
3437 757 3648 815 ἕκαστόν

2089 865 2149 902 τε
2176 848 2503 921 δεξαμένην,
2535 850 2676 920 ὑπὲρ
2707 850 2804 920 τῆς
2832 851 2893 902 ὲν
2916 848 3132 912 τούτοις
3161 849 3335 920 καλῆς
3360 851 3644 922 μαθητείας

2091 939 2277 995 θεόθεν
2302 940 2388 993 διὰ
2425 941 2534 994 τῶν
2585 941 2757 1009 ἁγίων
2807 941 3115 1011 δυνάμεων,
3151 938 3353 1012 νοερῶς
3386 944 3519 996 κατά
3541 945 3644 999 διά-

2085 1048 2237 1103 νοιαν
2265 1032 2403 1102 αὐτῇ
2420 1032 2845 1102 διαλεγομένων,
2875 1031 2978 1095 τὰς
3003 1031 3395 1103 είρηνοδώρους
3420 1033 3639 1102 σημειώ-

2086 1138 2222 1187 σεις,
2251 1124 2389 1192 μετὰ
2409 1126 2509 1193 τῆς
2538 1123 2813 1192 ρωστικῆς
2839 1124 2934 1177 καὶ
2971 1123 3375 1194 συντηρητικῆς
3404 1123 3636 1189 θέλξεως,

2084 1214 2193 1283 τῆς.
2217 1213 2368 1278 θείας
2399 1215 2493 1268 καὶ
2516 1214 2784 1286 διαπύρου
2819 1215 2963 1268 κατὰ
2990 1214 3124 1267 Θεὸν
3152 1215 3410 1283 ἐφέσεως,
3442 1213 3525 1266 διὰ
3550 1214 3639 1283 τῆς

2090 1306 2370 1375 μυστικῶς
2394 1306 2738 1377 ὑπᾳδομένης
2765 1307 2902 1377 αὐτῇ
2934 1306 3143 1377 νοητῶς
3159 1307 3268 1360 τῶν
3288 1307 3449 1360 θείων
3478 1304 3642 1379 ᾀσμά-

2087 1406 2197 1449 των
2223 1396 2440 1467 ἡδονῆς.

397 1485 663 1555 censique
702 1483 864 1556 516
890 1486 1067 1541 divini
1100 1485 1362 1542 desiderii
1401 1486 1700 1543 roborante
1747 1502 1812 1541 ac
1875 1495 2241 1543 eonservante
2300 1487 2583 1552 illecebra,
2613 1502 2716 1557 per
2739 1502 2884 1555 eam,
2914 1503 3034 1558 qua
3096 1488 3327 1559 mystice
3360 1488 3438 1543 illi
3475 1490 3648 1543 animo

358 1560 365 1565 Χ
394 1577 726 1643 succinitur,
749 1578 1065 1634 divinorum
1099 1581 1443 1636 canticorum
1475 1582 1836 1651 voluptatem.

465 1671 717 1741 Tumque
747 1671 950 1727 iterum
992 1687 1062 1727 ex
1091 1672 1180 1727 bis
1216 1680 1620 1738 transeuntem,
1659 1673 1828 1743 inque
1866 1685 1971 1726 uno

2152 1666 2325 1721 Πάλιν
2374 1668 2439 1721 ὲκ
2493 1666 2700 1721 τούτων
2740 1667 3194 1738 μεταϐαίνουσαν,
3229 1672 3323 1725 καὶ
3357 1675 3653 1746 συναγομέ⁸

392 1778 459 1818 ac
487 1764 626 1826 solo,
662 1763 876 1832 hosque
912 1763 1069 1818 unite
1112 1780 1175 1819 ac
1214 1754 1573 1835 singulariter
1609 1762 1977 1833 comprehen-

390 1854 558 1909 dente
591 1869 899 1920 sermones,
927 1871 992 1910 ac
1019 1855 1268 1911 rationes
1296 1856 1525 1920 vertice,
1557 1870 1679 1911 sese
1709 1854 1975 1924 colligen-

389 1956 412 2001 t
431 1962 533 2012 2m;
587 1962 789 2017 nempe
839 1954 1032 2002 saneto
1062 1947 1359 2019 Evangelio
1390 1947 1446 2001 in
1471 1963 1581 2017 quo
1612 1961 1806 2001 omnes
1848 1960 1974 2000 cum

389 2038 773 2108 providentia,
806 2047 920 2093 tum
963 2054 1170 2104 rerum,
1207 2040 1371 2094 unius
1394 2038 1715 2109 complexus
1736 2038 1815 2101 vi,
1845 2036 1975 2092 uni-

388 2131 645 2187 formiter
677 2130 1067 2201 praexsistunt
1093 2131 1357 2186 rationes.
1381 2131 1500 2198 Quo
1531 2131 1798 2201 perlecto,
1835 2128 1976 2185 divi-

389 2237 463 2275 no
505 2235 700 2276 rursus
731 2235 897 2275 sensu
920 2219 1111 2274 videre
1147 2220 1335 2285 liceat,
1374 2218 1652 2289 religiosis
1670 2218 1974 2275 inturbatis

388 2315 594 2368 mentis
624 2312 821 2377 oculis,
852 2312 1033 2382 ipsum
1067 2312 1310 2367 Verbum
1352 2327 1418 2367 ac
1459 2311 1636 2366 Deum
1668 2311 1894 2367 caelitus
1916 2310 1971 2366 ei

388 2404 815 2469 advenientem,
848 2404 927 2458 uti
969 2403 1181 2459 scilicet
1210 2404 1492 2474 pontiﬁcis
1552 2420 1585 2459 e
1639 2402 1973 2459 sacerdotali

388 2495 522 2552 sede
541 2494 1083 2560 descensusindicat,
1101 2510 1165 2549 ac
1181 2494 1424 2564 perfecte
1442 2495 1563 2565 ejus
1581 2494 1970 2564 cogitationes,

387 2601 513 2656 qua
533 2585 716 2641 adhuc
741 2601 986 2651 sensum,
1011 2601 1074 2642 ac
1106 2601 1228 2657 qua
1264 2601 1365 2655 pro
1400 2585 1521 2656 ejus
1564 2585 1780 2640 ratione
1834 2584 1976 2640 divi-

386 2678 499 2732 dua
530 2685 696 2742 sunt,
752 2677 1035 2749 conceptis
1067 2674 1401 2748 imaginibus
1453 2676 1641 2731 animo
1679 2675 1970 2747 etﬁngunt,

387 2769 912 2825 eatecbumenorum
961 2768 1070 2823 ritu
1121 2776 1532 2839 segregantem;
1575 2767 1815 2838 indeque
1843 2783 1972 2822 rur-

384 2877 545 2928 sum,
591 2862 760 2918 rebus
813 2862 871 2917 in
937 2877 1160 2918 sensum
1198 2861 1529 2918 cadentibus
1586 2861 1969 2929 excedentem,

384 2970 495 3025 qua
540 2955 754 3009 ratione
789 2963 994 3009 sancta
1053 2953 1150 3008 Dei
1205 2953 1469 3008 Ecclesia
1521 2952 1671 3007 fores
1711 2952 1967 3018 occlusa,

383 3046 806 3116 intelligendum
832 3045 1153 3110 admonent,
1183 3045 1253 3100 ad
1276 3060 1419 3111 eam,
1461 3060 1582 3114 qua
1607 3060 1706 3113 per
1733 3058 1969 3098 arcano-

384 3151 507 3191 rum
540 3136 931 3208 mysteriorum
978 3134 1268 3189 introitum
1319 3134 1688 3205 signiﬁcatur,
1737 3131 1969 3188 materia

380 3236 687 3291 carentem,
736 3226 1079 3296 simplicem,
1139 3225 1555 3289 invariabilem,
1612 3223 1965 3288 deil'ormem,

380 3318 647 3387 omnique
677 3316 986 3371 absolutam
1018 3314 1194 3369 forma
1221 3329 1285 3369 ac
1335 3312 1538 3384 ﬁgura,
1573 3326 1768 3367 eorum
1790 3350 1806 3376 ,
1844 3325 1967 3380 qua

381 3406 499 3463 sola
528 3414 715 3461 mente
748 3401 1156 3476 percipiuntur,
1179 3402 1467 3458 scientiam
1488 3401 1784 3457 ducentem
1812 3403 1965 3469 (qua,

383 3498 439 3552 in
484 3497 665 3567 seipsa
722 3512 850 3552 suas
888 3497 1005 3566 ipsa
1036 3496 1204 3559 vires,
1260 3509 1429 3565 seque
1481 3494 1653 3565 ipsam
1686 3494 1744 3549 in
1782 3493 1967 3550 Verbo

380 3589 668 3661 colligens,
727 3588 1040 3657 mentisque
1090 3586 1300 3650 osculo,
1334 3585 1527 3650 unitis,
1578 3600 1701 3655 qua
1738 3585 1806 3639 ad
1845 3585 1967 3656 ejus

382 3687 638 3748 spectant
682 3678 916 3731 salutem
956 3674 1266 3729 rationibus
1307 3674 1520 3744 pariter
1555 3690 1620 3730 ac
1653 3674 1857 3746 modis)
1894 3673 1964 3729 ad

382 3769 563 3838 ipsum
598 3768 805 3832 evadit,
853 3784 954 3838 per
997 3767 1123 3824 ﬁdei
1170 3766 1495 3839 Symbolum
1530 3772 1701 3838 grato‘
1718 3776 1775 3823 et
1814 3765 1965 3821 ﬁdeli

381 3863 570 3918 animo
598 3862 850 3918 conﬁteri
876 3863 1187 3919 docentem.

449 3953 580 4007 Post
614 3953 731 4007 hac
753 3963 939 4008 autem
965 3969 1161 4008 rursus
1188 3964 1252 4008 ut
1280 3970 1402 4024 qua
1430 3955 1541 4024 jam
1576 3952 1838 4022 deinceps
1867 3968 1967 4023 per

379 4045 688 4114 potentiam
732 4044 1066 4114 simplicem,
1102 4044 1557 4114 individuamque
1610 4044 1878 4099 doctrina
1910 4046 1966 4099 vi

378 4146 751 4206 comparatam
785 4135 1094 4199 scientiam,
1129 4145 1245 4190 tum
1282 4150 1466 4189 rerum
1504 4150 1627 4205 qua
1651 4135 1707 4190 in
1738 4150 1962 4190 sensum

377 4228 627 4286 eadunt.
680 4237 797 4283 tum
835 4243 957 4296 qua
1010 4235 1193 4282 mente
1241 4227 1654 4299 intelliguntur,
1718 4228 1965 4283 rationes

375 4313 663 4386 compleia
697 4317 799 4382 sit,
824 4317 892 4371 ad
915 4317 1077 4373 clara
1105 4334 1169 4373 ac
1195 4317 1501 4373 manifesta
1519 4334 1640 4373 eam
1674 4318 1962 4390 theologia
1992 4343 2041 4402 ι)

379 4408 693 4473 scientiam,
722 4418 848 4478 post
869 4409 1054 4463 omnia
1080 4419 1336 4479 superata
1354 4410 1771 4483 provehentem,
1796 4419 1964 4482 atque

379 4490 569 4570 parem
602 4501 833 4571 angelis,
865 4500 1047 4571 quoad
1081 4501 1298 4571 assequi
1328 4501 1491 4569 licet,
1540 4502 1962 4574 intelligentiam

377 4591 746 4663 praebentem,
794 4609 970 4663 eaque
1018 4593 1165 4649 illam
1211 4594 1507 4665 sagacitate
1539 4595 1860 4660 docentem,
1900 4604 1965 4652 ut

378 4698 551 4737 unum
583 4683 755 4738 Deum
780 4682 939 4748 sciat,
971 4699 1139 4738 unam
1175 4684 1497 4749 essentiam,
1529 4694 1643 4739 tres
1671 4700 1959 4755 personas,

374 4776 633 4831 essentia
674 4776 941 4831 unitatem
970 4777 1117 4832 trine
1154 4776 1571 4841 subsistentem,
1623 4792 1688 4832 ac
1713 4778 1959 4832 consub-

376 4866 692 4921 stantialem
739 4882 1102 4936 personarum
1162 4866 1467 4922 trinitatem
1521 4886 1535 4922 :
1582 4868 1851 4924 unitatem
1905 4869 1960 4923 in

380 4957 649 5024 trinitate,
688 4968 746 5014 et
780 4960 1082 5014 trinitatem
1116 4959 1171 5014 in
1210 4961 1451 5026 unitate;
1485 4976 1596 5015 non
1627 4961 1789 5015 aliam
1815 5001 1829 5026 ,
1876 4971 1961 5016 at-

379 5062 489 5115 que
511 5048 716 5114 aliam;
756 5065 939 5119 neque
986 5051 1152 5105 aliam
1197 5060 1400 5121 prater
1438 5051 1622 5111 aliam.
1662 5061 1760 5106 aut
1795 5052 1958 5106 aliam

376 5154 479 5207 per
501 5138 687 5203 aliam,
716 5140 848 5195 sive
868 5157 969 5211 per
1003 5142 1165 5197 aliam
1204 5142 1392 5207 aliam,
1423 5150 1517 5197 aut
1549 5143 1712 5198 aliam
1747 5144 1800 5197 in
1828 5143 1955 5207 alia,

374 5226 461 5278 vel
515 5241 581 5280 ex
629 5225 736 5281 alia
769 5228 968 5295 aliam;
999 5229 1096 5284 sed
1145 5230 1398 5285 eamdem
1437 5231 1492 5285 in
1538 5232 1737 5302 seipse,
1766 5241 1822 5287 et
1858 5248 1959 5302 per

281 5319 296 5329 ’
376 5303 634 5387 seipsam,
676 5334 845 5390 penes
890 5322 1239 5391 semetipsam
1264 5321 1367 5377 sibi
1396 5322 1497 5392 ipsi
1535 5323 1783 5377 eamdem
1828 5339 1954 5378 cum

379 5407 689 5475 unitatem,
745 5421 859 5467 tum
923 5413 1245 5478 trinitatem,
1298 5414 1447 5468 omni
1499 5425 1613 5470 tum
1667 5425 1953 5471 vacantem

2078 1778 2178 1833 νην
2198 1763 2291 1815 ἐπὶ
2314 1761 2413 1833 τὴν
2445 1761 2575 1832 μίαν
2597 1763 2690 1817 ml.
2723 1762 2892 1835 μόνην
2919 1763 3016 1817 καὶ
3039 1764 3254 1828 ἑνιαίως
3281 1765 3508 1831 τούτους
3537 1769 3654 1822 συλ-

2078 1852 2467 1923 λαμϐάνουσαν
2509 1854 2637 1917 τοὺς
2681 1854 2877 1923 λόγους
2923 1856 3213 1926 κορυφήνο
3260 1856 3412 1927 λέγω
3469 1858 3548 1926 δὲ,
3595 1860 3657 1914 τὸ

2079 1944 2239 2013 ἅγιον
2272 1945 2627 2014 Εὑαγγέλιον,
2669 1947 2726 2000 ὲν
2753 1938 2798 2013 ᾧ
2822 1946 3023 2011 πάντες
3062 1948 3161 2018 τῆς
3187 1966 3248 2002 τε
3276 1950 3542 2020 προνοίας
3568 1953 3658 2006 καὶ

2075 2037 2185 2091 τῶν
2242 2037 2411 2091 ὄντων
2462 2039 2511 2090 ot
2557 2037 2709 2105 λόγοι
2737 2037 2881 2091 κατὰ
2928 2038 3059 2107 μίαν
3112 2041 3381 2111 περιοχῆς
3427 2041 3660 2113 δύναμιν

2077 2129 2324 2193 ἑνοειδῶς
2355 2130 2829 2200 προῡρεστήκασι.
2858 2130 2995 2184 Μεθ’
3015 2130 3045 2184 δ
3071 2132 3194 2186 κατ’
3216 2133 3484 2204 αἴσθησιν
3514 2135 3661 2189 θείαν

2076 2219 2239 2273 αὐτὸν
2295 2220 2429 2291 ὁρᾷν
2479 2218 2657 2273 ἔνεστι
2703 2219 2868 2274 πάλιν
2923 2219 3144 2291 θεμιτὸν
3192 2224 3308 2286 τοῖς
3364 2223 3662 2293 φιλοθέοις,

2075 2309 2415 2381 ἀταρϐήτοις
2458 2310 2579 2374 νοὸς
2627 2310 2841 2381 ὄμμασι
2878 2313 3317 2385 παραγινόμενον
3362 2316 3665 2386 οὐρανόθεν

2074 2401 2213 2472 αὐτῇ
2250 2400 2343 2455 τὸν
2384 2400 2561 2470 Λόγον
2596 2402 2690 2455 καὶ
2727 2401 2879 2467 Θεὸν,
2908 2402 2985 2467 ὼς
3029 2404 3062 2474 ή
3094 2403 3188 2457 τοῦ
3213 2406 3528 2476 ἀρχιερέως
3559 2408 3666 2461 ἀπὸ

2074 2490 2167 2545 τοῦ
2199 2490 2392 2563 θρόνου
2441 2490 2538 2545 τοῦ
2589 2492 2865 2563 ἱερατικοῦ
2902 2493 3169 2563 σημαίνει
3193 2495 3535 2561 κατάϐασιςο
3571 2499 3669 2551 καὶ

2073 2583 2279 2638 τέλειον
2306 2583 2477 2655 αὐτῆς
2498 2582 2842 2656 διακρίνοντα
2869 2585 3295 2657 κατηχουμόνων
3326 2588 3497 2660 δίκην
3540 2590 3671 2653 τοὺς

2076 2675 2156 2729 ἔτι
2196 2675 2296 2747 τὴν
2320 2675 2598 2747 αἴσθησιν,
2632 2677 2729 2729 καὶ
2775 2675 2837 2729 τὸ
2873 2676 2994 2731 κατ’
3023 2677 3195 2749 αὐτὴν
3234 2682 3509 2751 μεριστὸν
3535 2699 3673 2751 φαν-

2073 2766 2466 2838 τασιουμένους
2515 2766 2833 2837 λογισμούς.
2878 2770 3193 2824 Κάντεῦθεν
3223 2771 3399 2826 πάλιν
3428 2772 3543 2839 ἔξω
3576 2789 3677 2842 γε-

2075 2859 2306 2929 νομὲνην
2349 2858 2459 2911 τῶν
2494 2857 2791 2928 αἰσθητῶν,
2832 2858 2909 2922 ὡς
2936 2861 2969 2930 ὴ
2998 2859 3108 2914 τῶν
3153 2861 3341 2931 θυρῶν
3372 2863 3482 2934 τῆς
3506 2864 3676 2932 ἁγίας

2074 2948 2168 3001 τοῦ
2205 2948 2339 3002 Θεοῦ
2392 2949 2690 3020 ἐκκλησίας
2740 2951 2880 3002 νοεῖν
2925 2951 3241 3006 ὑποτίθεται
3285 2954 3534 3019 κλετσις·
3580 2956 3675 3009 ἐπὶ

1996 3008 2039 3065 c
2071 3041 2169 3109 τὴν
2196 3008 2683 3110 δηλουμέντινῶιὰ⁷
2715 3044 2816 3112 τῆς
2869 3042 3077 3095 εἰσόδου
3128 3042 3236 3096 τῶν
3272 3008 3553 3117 ἀρρήτων
3585 3067 3680 3119 μυ-

2072 3131 2331 3203 στηρίων,
2384 3131 2547 3184 άῦλον
2605 3131 2703 3185 καὶ
2759 3131 2940 3202 ἁπλῆν
2981 3133 3078 3186 καὶ
3140 3134 3526 3192 ἀναλλοίωτον
3582 3139 3679 3191 καὶ

2070 3222 2298 3292 θεοειδῆ,
2331 3222 2427 3276 καὶ
2473 3222 2671 3286 παντὸς
2706 3223 2999 3295 ἐλευθέραν
3028 3224 3205 3288 εἴδους
3232 3207 3673 3299 καίσχήματος

2068 3313 2382 3383 ἐπιστήμην
2422 3313 2532 3366 τῶν
2562 3313 2771 3383 νοητῶν
2800 3314 3024 3383 ἄγοντα·
3060 3315 3180 3368 καθ’
3211 3316 3278 3386 ἢν
3313 3318 3681 3386 συναγαγοῦ-

2070 3414 2169 3450 σαν
2194 3398 2332 3469 πρὸς
2367 3399 2465 3468 μὲν
2513 3400 2713 3470 ἑαυτῆς
2743 3398 2842 3462 τὰς
2875 3400 3082 3464 οἰκείας
3108 3401 3407 3471 δυνάμεις·
3442 3404 3593 3475 πρὸς
3626 3404 3687 3458 δὲ

2066 3488 2160 3543 τὸν
2235 3490 2431 3558 Λόγον.
2516 3491 2716 3563 ἑαυτὴν
2773 3494 3014 3563 καταντᾷ
3038 3532 3055 3556 ,
3127 3493 3215 3547 διὰ
3295 3496 3409 3550 τοῦ
3482 3496 3687 3567 νοεροῦ

2067 3581 2364 3652 ἀσπασμοῦ
2398 3581 2684 3640 ὲνώσασαν
2702 3585 2828 3648 τοὺς
2861 3586 2992 3656 περὶ
3018 3585 3220 3655 ἑαυτὴν
3248 3586 3559 3658 ἀρρήτους
3583 3590 3689 3659 τῆς

2069 3673 2345 3744 σωτηρίας
2370 3674 2464 3727 καὶ
2490 3673 2684 3743 λόγους
2712 3674 2807 3728 καὶ
2834 3676 3092 3746 τρόπους,
3129 3676 3353 3745 διὰποῦ
3393 3695 3465 3731 συ
3475 3679 3689 3748 μϐόλου

2066 3764 2165 3835 τῆς
2198 3765 2439 3829 πίστεως
2480 3765 2820 3836 εὐχαρίστως
2849 3765 3139 3837 ὁμολογεῖν
3169 3767 3617 3826 ὲκδιδάσκοντα.

2150 3942 2273 3996 Ἐπὶ
2309 3941 2523 4006 τούτοις
2560 3923 2639 3995 δὲ’
2659 3942 2846 4008 πάλιν,
2894 3942 2970 4008 ὡς
3027 3944 3127 4016 ἤδη
3166 3945 3372 4002 λοιπὸν
3407 3952 3569 4005 κατὰ
3597 3951 3691 4004 δύα
3782 3958 3791 3975 '

2065 4051 2229 4107 ναμιν
2266 4034 2315 4066 ⁴⁹
2347 4034 2526 4104 ἁπλῆν
2560 4033 2655 4089 καὶ
2688 4035 2996 4105 ἀδιαίρετον
3026 4036 3116 4089 διά
3142 4036 3499 4108 μαθητείας,
3534 4041 3693 4111 γνώ-

2066 4142 2170 4189 σει,
2203 4124 2605 4195 περιλαϐοῦσαν
2635 4126 2764 4190 τούς
2804 4143 2866 4180 τε
2907 4127 3020 4182 τῶν
3072 4128 3367 4198 αίσθητῶν
3416 4133 3525 4185 καὶ
3574 4133 3697 4186 τῶν

2065 4216 2285 4288 νοητῶν
2303 4216 2518 4285 λόγους,
2555 4217 2649 4270 ἐπὶ
2691 4218 2790 4289 τὴν
2818 4219 3022 4287 γνῶσιν
3046 4220 3147 4290 τῆς
3177 4223 3483 4290 ἐκφανοῦς
3511 4226 3698 4297 αὐτὴν

2067 4310 2268 4379 ἄγοντα
2300 4308 2596 4378 θεολογίας,
2632 4308 2770 4379 μετὰ
2817 4308 2916 4381 τὴν
2960 4311 3180 4365 πάντων
3231 4311 3546 4385 διάόασιν,
3591 4319 3699 4372 καὶ

2066 4401 2166 4473 τὴν
2206 4401 2329 4472 ἴσην
2355 4403 2471 4464 τοῖς
2506 4401 2758 4470 ἀγγέλοις
2790 4404 2934 4458 κατὰ
2969 4402 3031 4456 τὸ
3074 4403 3303 4471 ἐφικτὸν
3339 4407 3501 4479 αὐτῇ
3539 4427 3699 4481 παρ-

2068 4492 2333 4562 εχόμενον
2360 4490 2569 4563 νόησιν-ο
2598 4491 2692 4545 καὶ
2717 4491 2971 4546 τοσοῦτον
2994 4493 3330 4548 διδάσκοντα
3366 4499 3701 4568 σωφρόνως

2066 4582 2256 4652 αὐτὴν,
2292 4582 2415 4635 ὅσον
2460 4580 2661 4634 εἰδέναι
2690 4581 2822 4635 Θεὸν
2850 4581 2968 4649 ἕνα,
3008 4582 3394 4652 μίαν-οὐσίαν,
3433 4588 3704 4643 ὑποπά-

2068 4691 2181 4736 σεις
2207 4674 2378 4744 τρείς⁴
2408 4671 2614 4742 μονάδα
2648 4672 2835 4736 οὐσίας
2862 4672 3349 4744 στρισυπόοτατον,
3388 4680 3496 4731 καὶ
3523 4680 3708 4752 Τριά.

2064 4766 2131 4820 δα
2175 4764 2527 4818 ύποστάσεων
2581 4764 2888 4832 όμοούσιον’
2950 4764 3153 4834 μονάδα
3200 4765 3266 4817 ἐν
3314 4770 3548 4840 τριάδι,
3599 4774 3709 4827 καὶ

2059 4858 2254 4928 τριάδα
2297 4858 2355 4909 ἐν
2393 4856 2579 4926 μονάδι
2609 4855 2677 4889 δ”
2706 4858 2808 4911 ούκ
2849 4858 3017 4928 ἄλλην
3052 4860 3146 4911 καὶ
3187 4858 3402 4931 ἄλλην,
3448 4865 3580 4918 οὐδ’
3609 4867 3711 4921 ἄλ-

2057 4949 2158 5019 λην
2193 4948 2324 5019 παρ’
2353 4947 2541 5017 ἄλλην,
2571 4947 2692 5001 οὐδὲ
2720 4948 2787 5002 δι’
2816 4948 2984 5018 ἄλλης
3006 4949 3173 5019 ἄλλην
3192 4990 3206 5011 ,
3243 4952 3372 5006 οὐδ’
3414 4954 3614 5027 eum
3646 4958 3714 5011 ὲν

2056 5040 2212 5112 άλλη,
2232 5040 2356 5094 οὐδὲ
2394 5040 2453 5107 ἐξ
2475 5040 2644 5110 ἄλλης
2666 5039 2854 5110 ἄλλην
2887 5040 3027 5093 ἀλλὰ
3043 5040 3141 5111 τὴν
3167 5041 3369 5110 αὑτὴν-
3389 5045 3460 5098 ‘ev
3487 5048 3708 5120 ἑαυτῇ,

2052 5135 2153 5187 καὶ
2171 5133 2294 5188 καθ’
2321 5134 2521 5204 ἑαυτὴν
2551 5134 2638 5204 ἐφ’
2658 5132 2878 5204 ἑαυτὴν,
2908 5135 3074 5204 ἑαυτῇ
3103 5132 3325 5202 ταύτὴν
3362 5136 3415 5169 ἰ
3458 5142 3576 5193 καὶ,
3606 5159 3717 5213 μο-

2058 5224 2192 5279 νάδα
2225 5226 2325 5277 καὶ
2350 5225 2544 5295 τριάδα
2592 5223 2901 5295 ἀσύγχυτόν
2926 5241 2987 5277 τε
3027 5226 3123 5278 καὶ
3171 5224 3552 5296 ἀσυγχύτως
3604 5234 3714 5304 τὴν

2060 5316 2253 5368 ἕνωσιν
2265 5316 2315 5348 ³⁸
2334 5315 2584 5385 ἔχουσαν,
2605 5316 2700 5370 καὶ
2718 5314 2818 5386 τὴν
2835 5315 3108 5387 διάκρισιν
3134 5314 3484 5387 ἀδιαίρετόν
3505 5338 3578 5377 τε
3612 5325 3717 5379 καὶ

2060 5411 2359 5482 ἀμέριστον
2382 5426 2396 5441 ο
2432 5409 2639 5479 μονάδα
2676 5408 2775 5479 μὲν
2817 5407 2963 5462 κατὰ
2994 5407 3091 5461 τὸν
3126 5407 3231 5478 τῆς
3279 5410 3534 5478 οὐσίας,
3556 5398 3723 5485 θὴτοι

1681 5526 1916 5583 VARUE
1952 5524 2359 5582 LECTIONES.

454 5636 497 5711 δέ
530 5636 672 5711 κοιτᾲ
697 5639 820 5711 νοῦν
846 5655 903 5711 _c.
940 5640 1005 5711 Α.
1081 5641 1343 5697 "Eadem
1375 5643 1429 5696 iu
1454 5642 1604 5698 Orat.
1638 5643 1999 5708 Dominicam,
2032 5643 2125 5696 ubi
2158 5642 2322 5696 etiam
2351 5642 2692 5711 singulorum
2736 5641 2980 5695 rationes
3009 5638 3287 5708 assignat.
3356 5642 3434 5695 ,⁵¹
3476 5644 3710 5700 Tauro»

387 5716 440 5757 c.
473 5707 535 5758 Λ.
616 5706 659 5736 ⁸²
699 5708 992 5761 ἀσύνθετον
1033 5726 1090 5761 τε
1125 5713 1215 5764 καὶ
1248 5713 1556 5783 ἀσύγχυτον
1587 5714 1686 5783 τὴν
1718 5714 1913 5783 ἕνωσιν
1951 5706 2000 5769 c.
2038 5714 2101 5766 A.
2139 5721 2191 5767 ct
2224 5714 2312 5767 Fr.
