3992 6192
372 295 468 363 ⁸101
530 316 549 335 ³

1730 295 2230 363 MYSTAGOGIA.

3514 306 3626 369 702

370 402 580 462 τὸν-τοῦ
616 400 754 460 εἶναι
805 404 984 474 λόγον·
1025 405 1141 460 ἀλλ’
1187 408 1248 460 οὑ
1289 408 1431 463 κατά
1469 408 1720 465 σύνθεσιν
1748 413 1782 481 ἢ
1822 431 1949 465 συν-

2058 417 2490 485 cmnpositione,
2551 422 2664 468 tum
2700 413 3046 468 inconfusam
3113 413 3275 485 517
3324 415 3622 471 habentem

370 498 664 572 αἰρεσιν,ἢ
703 497 805 569 τὴν
849 496 1063 552 οίανοῦν
1104 498 1388 569 σύγχυσιν·
1436 501 1632 572 τριάδα
1685 503 1766 566 δὲ,
1809 503 1949 563 κατὰ

371 588 580 647 τδνιτοῦ
612 590 730 653 πῶς
757 590 1025 660 ὑπάρχειν
1055 592 1152 643 καὶ
1197 591 1497 660 ὑφεστάναι
1530 594 1707 662 λόγον·
1741 594 1856 648 ἀλλ’
1885 594 1947 647 οὑ

373 682 517 737 κατὰ
555 680 825 752 διαίρεσιν
856 680 889 751 ἢ
925 681 1301 752 ἀλλοτρίωσιν,
1339 684 1372 754 ἢ
1415 684 1508 738 τὸν
1539 683 1747 739 οἱονοῦν
1795 702 1951 756 μερι-

375 774 532 841 σμόν.
568 774 642 827 Οὐ
672 774 781 845 γὰρ
814 773 1148 846 μεμέρισται
1196 778 1321 839 ταῖς
1363 778 1728 831 ὑποστάσεσιν
1766 779 1799 848 ὴ
1851 794 1949 847 p.0-

372 864 490 929 νὰς,
529 863 653 918 οὑδὲ
685 862 955 934 σχετικιῖκῖ
984 863 1161 918 ἔνεστι
1183 864 1281 918 καὶ
1311 865 1700 938 ὲπιθεωρεῖται
1732 868 1945 931 αὑταῖς·

372 955 493 1010 οὑδὶ
523 954 896 1008 συντέθεινται
930 955 1011 1016 εἰς
1032 953 1256 1009 Μονάδα
1295 956 1355 1010 αἱ
1374 954 1729 1021 ὑποστάσεις,
1769 956 1948 1027 ῆσυν-

373 1047 586 1119 αιρέσει
620 1045 789 1116 αὐτὴν
829 1043 1218 1115 ἐκπληροῦσιν·
1261 1046 1400 1101 ἀλλά
1438 1047 1537 1119 τὴν
1566 1049 1740 1119 αὐτὴν
1782 1050 1947 1119 ἑαυτῇ

370 1136 588 1207 ταὺτὺν,
623 1135 804 1199 ἄλλως
857 1135 1047 1205 μέντοι
1080 1135 1176 1188 καί
1229 1134 1432 1199 άλλωςο
1483 1137 1649 1210 μονὰς
1680 1137 1805 1209 γάρ
1834 1140 1951 1191 ἔστι

373 1224 683 1295 άσὺγχυτος
710 1227 777 1295 τῇ
810 1223 990 1295 οὐσίᾳ,
1017 1224 1114 1278 καὶ
1148 1223 1226 1295 τῷ
1252 1225 1376 1278 κατ’
1407 1228 1579 1299 αὑτὴν
1610 1228 1769 1299 ἁπλῷ
1808 1228 1952 1297 λόγῳ

374 1321 410 1388 ὴ
444 1317 575 1386 ἁγία
596 1316 891 1387 τριὰντῶν
934 1317 1320 1371 ὑποστάσεωνο
1360 1318 1456 1372 καὶ
1486 1319 1645 1391 τριάς
1677 1323 1795 1373 εστι
1833 1322 1953 1382 ταῖς

375 1406 708 1460 ὑποστάσεσι
740 1406 839 1460 καὶ
879 1403 959 1475 τῷ
990 1405 1181 1477 τρόπῳ
1237 1406 1334 1476 τῆς
1384 1404 1675 1477 ὑπάρξεως
1725 1407 1759 1476 ἠ
1818 1407 1951 1474 ἁγία

379 1500 569 1570 μονάςν
632 1498 731 1569 τὴν
767 1497 939 1569 αὐτὴν
975 1497 1105 1569 ὅλην
1156 1498 1319 1551 τοῦτο
1368 1500 1591 1553 κάκεῖνο
1635 1499 1912 1568 διαφόρως
1936 1539 1951 1563 ,

375 1591 497 1647 κατ’
529 1590 690 1647 ἀλλον
727 1589 823 1643 καὶ
846 1589 1027 1656 ἀλλον,
1062 1590 1139 1654 ὡς
1166 1591 1402 1662 εἴρηται,
1437 1591 1596 1660 λόγον
1629 1594 1950 1662 νοουμένην*

378 1684 504 1754 μίαν
536 1684 632 1737 καὶ
681 1683 870 1753 μόνην,
920 1683 1229 1755 ἀδιαίρετόν
1254 1699 1315 1736 τε
1363 1685 1459 1737 καὶ
1492 1683 1824 1754 ἀσὺγχυτον,
1858 1682 1954 1736 καὶ

2050 507 2329 573 unionem,
2360 505 2762 575 indivisamque
2810 519 2875 559 ac
2908 504 3074 559 nullis
3098 505 3322 559 scissam
3352 507 3622 575 partibus,
3709 569 3714 573 _

2049 597 2477 653 discretionem:
2507 597 2773 651 unitatem
2805 596 3027 665 quidem
3076 595 3379 650 secundum
3430 611 3625 651 essen-

2052 689 2141 743 tia:
2172 688 2410 759 (essendi
2460 687 2692 758 scilicet)
2741 688 3010 741 rationem
3032 728 3046 751 ,
3083 696 3139 741 at
3171 702 3281 741 non
3317 688 3623 747 secundum

2051 778 2508 847 compositionem
2540 785 2639 831 aut
2659 776 3113 841 contractionem,
3145 777 3260 832 sive
3288 778 3455 831 ullam
3486 795 3622 833 con-

2051 862 2358 935 fusionem;
2401 869 2708 924 trinitatem
2746 883 2879 922 vero
2917 868 3222 923 secundum
3270 870 3435 925 talem
3481 872 3628 925 exsi-

2052 952 2231 1016 stendi
2275 975 2337 1015 ac
2376 959 2711 1015 subsistendi
2764 959 3066 1025 rationem;
3098 974 3209 1013 non
3241 975 3375 1014 vero
3425 976 3626 1014 secun-

2051 1052 2183 1107 dum
2212 1050 2540 1106 divisionem
2580 1061 2678 1106 aut
2725 1051 3123 1115 diversitatem,
3170 1051 3405 1105 ullamve
3459 1052 3628 1121 parti-

2052 1144 2279 1199 tionem.
2332 1143 2456 1200 Non
2513 1143 2662 1198 enim
2711 1144 2896 1197 unitas
2948 1143 3204 1211 personis
3271 1142 3446 1197 divisa
3510 1153 3624 1209 est,

2052 1251 2231 1305 neque
2264 1235 2319 1289 in
2359 1235 2442 1289 eis
2489 1234 2793 1290 secundum
2842 1233 3222 1288 habitudinem
3268 1235 3431 1298 inest,
3460 1235 3628 1304 inque

2053 1328 2163 1383 illis
2188 1326 2569 1383 consideratur
2595 1341 2811 1399 :neque
2841 1340 3091 1394 persona;
3123 1325 3177 1378 in
3210 1325 3478 1379 unitatem
3501 1340 3627 1378 coa-

2054 1418 2268 1472 lescunt
2314 1415 2740 1484 compositione,
2791 1421 2888 1467 aut
2950 1428 3072 1467 eam
3123 1413 3350 1481 explent
3404 1420 3630 1467 contra-

2054 1509 2270 1573 ctione,
2334 1506 2429 1561 sed
2486 1506 2734 1560 eamdem
2786 1505 2890 1559 sibi
2933 1504 3035 1574 ipsi
3090 1504 3255 1569 idem,
3292 1504 3399 1557 alia
3449 1512 3630 1556 tamen

2053 1609 2217 1670 atque
2255 1598 2359 1653 alia
2414 1598 2652 1652 ratione.
2691 1597 2788 1652 Est
2829 1596 2977 1651 enim
3032 1605 3220 1650 sancta
3270 1609 3627 1663 personarum

2056 1687 2275 1743 trinitas
2310 1686 2614 1742 secundum
2657 1686 2972 1749 essentiam,
3013 1693 3068 1738 et
3111 1683 3347 1751 simplici
3392 1698 3492 1736 sua
3546 1697 3633 1736 ra-

374 1777 550 1848 άπλῆν
594 1778 691 1829 καὶ
735 1776 1009 1847 άμείωτον
1058 1778 1153 1831 καὶ⁵
1211 1776 1637 1848 ἀπαράλλακτον
1694 1776 1950 1847 θεότητα*

2058 1780 2227 1844 tione,
2256 1781 2439 1833 unitas
2463 1777 2789 1842 inconfusa;
2822 1784 3121 1843 sanctaque
3147 1774 3333 1827 unitas
3353 1773 3630 1841 personis,

376 1870 581 1941 μονάδα
639 1869 783 1925 κατά
833 1870 937 1940 τὴν
1004 1869 1194 1923 οὐσίαν
1237 1869 1365 1940 ὅλην
1425 1870 1810 1940 ὑπάρχουσαν,
1859 1867 1954 1920 καὶ

288 1997 321 2033 ο,
371 1966 505 2036 ὅλην
530 1963 722 2034 τριάδα
764 1964 864 2036 τὴν
908 1963 1080 2035 αὑτὴν
1118 1965 1239 2027 ταῖς
1272 1963 1606 2018 ὑποστάσεσι
1633 2002 1649 2027 ,
1691 1962 1787 2015 καὶ
1823 1960 1953 2031 μίαν

374 2056 497 2119 ἑνὸς
520 2053 884 2128 τρισσοφαοῦς
925 2056 1125 2109 ἀκτῖνα
1168 2055 1346 2124 φωτὸς
1376 2053 1668 2125 μονοειδῶς
1703 2053 1945 2123 ἐπιλάμ-

373 2162 608 2200 πουσαν·
644 2146 729 2216 ἐφ’
751 2139 796 2214 ᾧ
836 2147 932 2200 καὶ¹
969 2145 1068 2216 τὴν
1091 2145 1292 2216 ψυχὴν,
1328 2145 1615 2215 όμοτίμως
1629 2147 1745 2209 τοῖς
1775 2143 1953 2213 ἁγίοις

373 2237 630 2306 ἀγγέλοις
659 2238 783 2301 τοὺς
816 2238 1075 2306 ἐκφανεῖς
1105 2235 1203 2291 καὶ
1238 2237 1495 2306 ὲφικτοὺς
1527 2239 1594 2308 τῇ
1620 2237 1797 2291 κτίσει
1826 2233 1953 2307 περὶ

375 2330 629 2401 θεότητος
673 2318 978 2401 δεξαμένην
1024 2316 1239 2397 λόγους,
1288 2329 1385 2382 καὶ
1424 2327 1734 2399 συμφώνως
1766 2328 1952 2389 αὑτοῖς

373 2422 653 2491 ἀσιγήτως
696 2422 958 2492 ἀνυμνεῖν
1007 2419 1289 2490 μαθοῦσαν
1341 2418 1638 2490 τριαδικῶς
1687 2418 1787 2489 τὴν
1823 2416 1951 2488 μίαν

372 2510 623 2581 θεότητα,
663 2510 759 2563 ἐπὶ
794 2510 894 2583 τὴν
922 2509 1062 2565 κατά
1091 2511 1253 2579 χάριν
1299 2507 1364 2562 δι’
1389 2508 1715 2578 ὁμοιότητος
1772 2510 1953 2576 ἐμφε-

375 2599 500 2670 ροῦς
561 2598 836 2653 υἱοθεσίαν
894 2597 1150 2669 ἀχθῆναιο
1189 2596 1258 2650 δι’
1292 2593 1359 2669 ἧς
1409 2596 1528 2667 μετ’
1565 2596 1612 2629 ⁸³
1650 2596 1819 2667 εὑχάς
1861 2598 1952 2652 τὸν

370 2690 505 2743 Θεὸν
541 2688 784 2762 Πατέρα,
814 2688 1076 2760 μυστικόν
1104 2704 1164 2741 τε
1197 2689 1381 2760 χάριτι
1410 2689 1504 2741 καὶ
1537 2689 1699 2759 μόνον
1728 2688 1949 2758 ἔχουσα,

371 2780 511 2853 πρὸς
549 2781 611 2833 τὸ
647 2781 708 2834 εν
763 2779 864 2849 τῆς
908 2778 1075 2834 αὑτοῦ
1120 2778 1487 2849 κρυφιότητος
1538 2777 1660 2831 κατ’
1696 2776 1953 2832 ἔκστασιν

371 2871 597 2925 πάντων
638 2870 1058 2941 συναχθήσεται’
1101 2868 1197 2923 καὶ
1238 2867 1491 2921 τοσοῦτον
1531 2868 1778 2921 πείσεται
1817 2868 1954 2937 μᾶλ-

373 2964 487 3026 λον,
514 2961 548 3034 ἢ
590 2963 862 3031 γνώσεται
889 2962 958 3015 τὰ
987 2962 1127 3015 θεῖαι
1159 2962 1282 3015 ὅσον
1327 2961 1401 3031 μὴ
1436 2961 1635 3031 ἑαυτῆς
1666 2954 1807 3013 εἶναι
1839 2958 1955 3029 βοὺ-

2055 1887 2119 1927 ac
2154 1869 2321 1926 modo
2351 1868 2675 1932 exsistendi,
2707 1867 2946 1921 trinitas.
2988 1864 3118 1931 Quae
3144 1863 3339 1918 eadem
3374 1872 3485 1917 tota
3525 1862 3634 1917 hoc

2052 1970 2111 2017 et
2147 1961 2287 2015 illud
2309 1959 2600 2025 distincte,
2622 1958 2729 2013 alia
2756 1966 2919 2025 atque
2950 1956 3055 2009 alia
3078 1957 3312 2022 ratione,
3337 1961 3399 2007 ut
3422 1953 3631 2007 dictum

2053 2061 2157 2120 est,
2189 2053 2561 2123 intelligatur,
2593 2065 2703 2104 una
2736 2056 2793 2103 et
2819 2046 3109 2119 singularis
3144 2044 3537 2115 individuaque
3577 2051 3633 2099 et

2054 2144 2362 2208 inconfusa,
2390 2142 2643 2211 simplex,
2677 2140 2892 2209 integra
2916 2146 2974 2192 et
3005 2135 3477 2191 incommutabilis
3503 2136 3632 2190 Dei-

2054 2250 2175 2293 tas:
2206 2253 2329 2308 qua:
2356 2236 2661 2292 secundum
2699 2232 3000 2289 essentiam
3027 2239 3139 2285 tota
3177 2230 3358 2285 unitas
3378 2230 3629 2294 exsistat,

2054 2338 2281 2401 totaque
2327 2329 2519 2384 eadem
2551 2325 2803 2398 personis
2848 2325 2921 2379 sit
2977 2324 3226 2385 trinitas,
3270 2332 3433 2392 atque
3462 2337 3631 2376 unum

2055 2423 2385 2478 uniustrine
2419 2420 2656 2475 lucentis
2693 2416 2919 2473 luminis
2954 2415 3167 2471 radium
3196 2415 3486 2484 eﬂ'ulgeat,
3523 2428 3634 2483 quo

2053 2524 2109 2571 et
2144 2515 2348 2579 anima,
2380 2512 2496 2583 pari
2526 2526 2650 2567 cum
2690 2510 2894 2565 sanctis
2928 2507 3137 2579 angelis
3184 2506 3470 2577 dignitate,
3524 2506 3665 2560 cla-.

2054 2621 2163 2670 ras,
2190 2620 2253 2659 ac
2283 2619 2423 2674 quas
2449 2611 2704 2658 creatura
2737 2599 2955 2669 assequi
2986 2605 3186 2667 potest,
3213 2596 3436 2651 deitatis
3468 2594 3636 2649 ratio-

2053 2712 2153 2752 nes
2188 2696 2521 2765 suscipiens,
2545 2693 2775 2763 parique
2804 2692 2913 2745 illis
2942 2704 3215 2745 consensu
3250 2686 3401 2741 nullo
3427 2685 3635 2740 indicto

2054 2786 2275 2841 silentio
2325 2794 2420 2839 aut
2468 2782 2659 2853 requie
2712 2780 2890 2836 'unam
2938 2780 3081 2835 trine
3138 2777 3405 2833 deitatem
3472 2774 3634 2830 docta

2054 2878 2301 2941 laudare,
2351 2874 2420 2930 ad
2453 2874 2831 2944 adoptionem,
2866 2887 2990 2941 qua:
3019 2880 3104 2925 est
3143 2869 3337 2940 gratia,
3363 2880 3636 2937 expressa:

2053 2970 2107 3025 vi
2155 2967 2539 3025 similitudinis
2598 2971 2953 3036 promoveat;
3013 2961 3170 3031 cujus
3218 2959 3432 3013 ratione
3488 2956 3636 3010 inter

370 3052 584 3116 λεσθαι,
639 3034 775 3124 μηδὲ
830 3052 890 3117 ἐξ
919 3051 1125 3116 ἑαυτῆς
1172 3052 1265 3120 ὑφ’
1294 3051 1493 3122 ἑαυτῆς
1544 3050 1576 3122 ἦ
1612 3050 1776 3104 ἄλλου
1807 3050 1952 3114 τινὸς

2058 3062 2395 3133 precandum
2426 3061 2601 3115 Deum
2638 3059 2858 3113 Patrem
2885 3053 3175 3125 mysticum
3211 3060 3377 3121 atque
3410 3049 3632 3103 unicum

369 3144 679 3215 γνωσθῆναι
723 3144 1016 3207 δύνασθαι,
1057 3144 1091 3214 ἢ
1144 3142 1306 3213 μόνου
1344 3142 1442 3196 τοῦ
1484 3143 1615 3213 ὅλην
1650 3142 1956 3213 ἀγαθοπρε-

371 3233 496 3297 πῶς
528 3233 703 3303 αὑτὴν
738 3233 1094 3303 ἀνειληφότος
1136 3232 1259 3286 ὅλου
1315 3231 1477 3298 Θεοῦ,
1520 3232 1614 3286 καὶ
1648 3232 1769 3287 ἂον
1813 3235 1951 3305 αὑτῇ

372 3326 697 3398 θεοπρεπῶς
753 3326 852 3399 ὅλῃ
896 3324 1040 3397 [ὅλον
1097 3325 1233 3397 αὑτῇ
1286 3324 1608 3396 θεοπρεπῶς
1657 3324 1818 3397 ὅλως]
1860 3327 1954 3378 καὶ

374 3418 604 3482 ἀπαθῶς
653 3419 847 3473 ἑαυτὸν
897 3418 1155 3483 ὲνιέντος,
1197 3417 1293 3471 καὶ
1330 3416 1458 3489 ὅλην
1512 3417 1951 3491 θεοποιήσαντος·

373 3510 451 3574 ὼς
499 3506 662 3576 εῖναι,
710 3509 896 3589 καθώς
944 3526 1111 3580 φησιν
1157 3511 1186 3563 ό
1236 3511 1502 3577 πανάγιος
1553 3510 1955 3581 Ἀρεοπαγίτης

380 3600 650 3663 Διονύσιος
674 3641 689 3664 ,
735 3599 919 3654 εἰκόνα
954 3600 1049 3653 καὶ
1083 3601 1391 3671 φανέρωσιν
1430 3600 1526 3653 τοῦ
1560 3600 1801 3668 ἀφανοῦς
1841 3618 1951 3669 φω-

380 3690 472 3755 τὸς
491 3733 507 3757 ,
535 3692 792 3762 ἔσοπτρον
834 3690 1162 3762 ἀκραιφνὲς,
1190 3690 1553 3744 διειδέστατον
1574 3732 1588 3755 ,
1647 3690 1949 3759 ἀλώὸητον,

379 3781 1044 3853 ἀχραντον,ἀκηλίδωτον,
1090 3782 1463 3853 εἰσδεχόμενον
1504 3782 1653 3853 ὅλην,
1698 3784 1746 3835 εἰ
1793 3782 1951 3852 Θέμις

375 3876 585 3940 εἰπεῖν,
632 3875 733 3945 τὴν
790 3874 1100 3946 ὡραιότητα
1158 3872 1253 3927 τοῦ
1328 3872 1713 3943 ἀγαθοτύπου,
1781 3871 1953 3925 θεοει-

372 3969 482 4033 δῶς
511 3969 607 4024 καὶ
657 3966 944 4039 ἀμειώτως
976 3967 1287 4038 ὲπιλάμπον
1342 3969 1402 4021 ὲν
1464 3966 1663 4038 ἐαυτῷ,
1699 3965 1955 4035 καθάπερ

373 4054 485 4113 οἷόν
538 4058 599 4115 τέ
645 4062 782 4124 ἐστι,
832 4059 930 4130 τὴν
973 4058 1288 4128 ἀγαθότητα
1336 4058 1439 4128 τῆς
1487 4060 1545 4111 ἐν
1590 4057 1808 4120 ἀδύτοις
1873 4072 1955 4108 σι-

373 4168 497 4220 της.

2057 3170 2158 3227 per
2175 3154 2408 3225 gratiam
2459 3151 2707 3215 habens,
2742 3148 2797 3201 in
2829 3146 3059 3202 occulta:
3093 3145 3214 3214 ejus
3248 3140 3469 3197 deitatis
3501 3153 3632 3202 uno,

2058 3245 2306 3298 omnium
2370 3258 2555 3296 rerum
2608 3254 2841 3295 excessu
2870 3278 2884 3301 ,
2932 3235 3222 3307 colligetur
3261 3239 3634 3299 :tantumque

2059 3336 2245 3389 divina
2269 3335 2442 3405 magis
2469 3334 2736 3404 patietur,
2756 3345 2921 3401 quam
2953 3345 3015 3383 ea
3047 3329 3202 3390 sciet,
3222 3314 3283 3380 ut
3314 3340 3382 3378 ne
3411 3322 3634 3392 quidem

2038 3428 2145 3481 'sui
2190 3426 2307 3496 ipsa
2335 3440 2457 3480 esse
2494 3425 2647 3491 velit,
2690 3438 2871 3492 neque
2907 3438 2975 3475 ex
3005 3434 3063 3474 se
3105 3435 3134 3472 a
3179 3417 3381 3485 scipsa,
3413 3414 3497 3468 vel
3523 3411 3636 3466 ullo

2058 3518 2167 3572 alio
2197 3518 2449 3588 cognosci
2483 3518 2677 3586 possit,
2707 3525 3073 3585 przeterquam
3100 3528 3166 3566 ex
3198 3511 3317 3579 ipso
3347 3508 3632 3568 duntaxat,

2055 3608 2149 3679 qui
2209 3617 2376 3662 totam
2403 3609 2577 3677 ipsam
2624 3608 2862 3675 benigne
2889 3618 3065 3672 exque
3117 3601 3247 3655 boni
3294 3597 3626 3659 rationibus,

2056 3702 2200 3756 Deus
2227 3709 2375 3755 totus
2413 3700 2678 3768 suscepit,
2707 3706 2993 3765 totumque
3019 3712 3078 3749 se
3110 3693 3188 3746 illi
3223 3692 3345 3755 toti,
3376 3701 3433 3744 ut
3463 3690 3634 3743 Deum

2057 3793 2242 3855 decet,
2273 3793 2411 3846 citra
2443 3791 2610 3845 ullam
2647 3790 2980 3860 passionem,
3015 3785 3238 3849 indidit,
3261 3799 3323 3838 ac
3348 3793 3515 3837 totam
3549 3781 3635 3846 di;-

2054 3885 2284 3939 vinitate
2334 3883 2567 3947 imbuit,
2624 3882 2764 3936 adeo
2804 3889 2883 3945 ut,
2930 3881 3073 3934 sicut
3120 3878 3208 3931 vir
3256 3874 3634 3931 sanctissimus

2056 3976 2346 4047 Dionysius
2371 3974 2701 4044 AreOpagita
2732 3974 2829 4037 ait,
2864 3971 3045 4040 imago
3068 3967 3142 4023 sit
3173 3983 3237 4025 ac
3267 3965 3635 4020 manifestatio

2055 4069 2471 4139 inaspectabilis
2536 4067 2806 4132 luminis;
2875 4063 3229 4119 verissimum
3303 4058 3631 4130 speculum,

2061 4159 2577 4228 pellucidissimum,
2611 4158 2883 4227 integrum
2907 4196 2920 4220 ,
2955 4154 3301 4224 impollutum
3321 4192 3334 4213 ,
3368 4149 3515 4203 nulla
3535 4148 3636 4201 tu-

373 4252 587 4299 scatum
610 4243 845 4309 macula,
879 4242 1026 4313 quod
1061 4250 1231 4296 totam
1270 4242 1328 4295 in
1368 4255 1447 4305 se,
1513 4251 1576 4296 ut
1641 4243 1719 4298 ita
1747 4244 1912 4300 liceat
1942 4246 2118 4318 loqui,
2150 4250 2483 4319 exemplaris
2540 4249 2670 4302 boni
2727 4245 3201 4318 pulchritudinem
3247 4241 3447 4311 capiat,
3513 4237 3637 4293 dei-

373 4335 652 4400 formiter,
712 4342 770 4391 et
822 4345 883 4393 ut
926 4334 1067 4389 nihil
1091 4333 1256 4399 desit,
1308 4334 1364 4388 in
1406 4333 1620 4406 seipse,
1653 4352 1757 4407 pro
1793 4353 1861 4394 eo
1893 4356 1957 4395 ac
1992 4355 2319 4398 concessum
2350 4351 2456 4407 est,
2486 4342 2605 4412 ejus
2628 4340 2838 4394 silentii
2872 4337 3020 4409 quod
3080 4336 3134 4389 in
3192 4334 3372 4405 adytis
3405 4340 3509 4396 est,
3538 4330 3636 4385 bo-

379 4426 611 4481 nitatem
638 4425 931 4497 effulgens.

938 4540 1191 4595 ΚΕΦΑΛ.
1223 4540 1350 4594 KA’.

2514 4544 2678 4614 διε
2710 4542 2940 4599 CAPUT
2984 4540 3174 4595 xxnv.

310 4725 319 4731 ἢ
387 4658 571 4713 Τίνων
595 4655 769 4739 εστὶν
793 4653 1160 4739 festinam?-
1181 4670 1245 4707 τε
1275 4652 1375 4739 θεαὶ
1400 4654 1838 4739 ductet/laqueti;
1849 4671 1952 4739 μυ·

2058 4659 2297 4739 Ωιιοτιιηι
2330 4659 2608 4730 operatria:
2650 4650 2811 4739 atque
2860 4654 3091 4736 effectrix
3121 4651 3510 4739 mysteriorum,
3542 4665 3636 4717 per

450 4725 735 4795 στηρίῳν,
784 4722 1030 4795 angor
1048 4722 1435 4795 τελουμένων
1458 4725 1609 4795 κατὰ
1640 4723 1758 4793 τὴν
1782 4722 1961 4795 ἀγλιᾳν

452 4790 711 4859 σύιῖαξιν
745 4790 982 4861 θεσμῶν
1033 4793 1104 4847 ἐν
1150 4792 1273 4857 τοῖς
1319 4792 1556 4858 πιστοῖς
1603 4790 1712 4848 καί
1732 4790 1962 4861 πιστῶς

450 4880 639 4934 συναρι
648 4863 906 4951 ομένοις,
932 4864 972 4931 ἡ
998 4861 1426 4951 παραμένουσα
1449 4863 1557 4918 τοῦ
1580 4863 1754 4933 ἁγίου
1775 4865 1962 4918 11νεύ-

446 4932 633 5003 mror
663 4932 850 5003 χάρις-

453 5047 756 5120 Τοιγαροῦν
784 5047 922 5119 ᾤετο
947 5047 1058 5101 δεῖν
1085 5046 1115 5096 ό
1144 5046 1412 5116 μακάριος
1432 5044 1633 5116 γέρων,
1658 5043 1753 5098 καὶ
1778 5059 1956 5113 παρα-

382 5139 570 5196 καλεῖν
600 5141 709 5195 οὑκ
730 5137 970 5193 ἐπαύετο
998 5138 1177 5192 πάντα
1203 5136 1531 5207 Χριστιανὸν
1553 5177 1568 5202 ,
1602 5137 1668 5207 τῇ
1694 5135 1828 5206 ἁγία
1858 5135 1953 5188 τοῦ

378 5231 537 5285 Θεοῦ-
553 5231 855 5303 Ἐκκλησίᾳ
884 5229 1197 5300 σχολάζειν,
1248 5228 1343 5281 καὶ
1375 5228 1449 5298 μὴ
1477 5225 1956 5296 ἀπολιμπάνεσθαι

381 5332 517 5371 ποτε
543 5316 644 5388 τῆς
671 5318 731 5371 ὲν
754 5318 892 5388 αὑτῇ
917 5314 1248 5387 τελουμένης
1280 5314 1440 5384 ἀγίας
1470 5311 1762 5379 συνάξεως,
1787 5314 1876 5367 διά
1896 5331 1955 5368 τε

379 5408 512 5473 τοὺς
540 5409 957 5483 παραμένοντας
986 5410 1123 5480 αὑτῇ
1154 5407 1343 5477 ἁγίους
1371 5406 1661 5476 ἀγγέλους,
1693 5408 1788 5460 καὶ⁸
1816 5406 1954 5459 ἀπο-

463 5676 510 5709 “
534 5675 651 5733 κατ’
686 5691 735 5731 c.
764 5675 828 5731 Α.
853 5682 910 5729 et
942 5674 1031 5731 Fr.

2126 4746 2211 4783 eos
2250 4720 2381 4783 ritus
2415 4746 2477 4783 ac
2494 4720 2834 4796 cwremojtias
2866 4720 3048 4794 q'iurin
3066 4720 3251 4796 sancta
3277 4720 3469 4790 syuaxi
3489 4734 3636 4796 pera.

2128 4807 2350 4870 guntur,
2390 4800 2448 4851 in
2492 4792 2758 4870 ﬁdelibus,
2791 4813 2853 4850 ac
2879 4792 2949 4870 iis
2982 4797 3072 4863 qui
3088 4792 3632 4870 [ide_congregantur,

2128 4863 2244 4940 qui:
2278 4863 2744 4938 assistit,Spiritus
2769 4866 2939 4919 sancti
2962 4864 3139 4935 gratia
3172 4863 3261 4915 sit.

2123 5043 2486 5099 Existimabat
2508 5042 2678 5113 igitur
2693 5040 2892 5096 beatus
2922 5039 3011 5093 ille
3040 5051 3230 5099 senex,
3255 5049 3359 5089 nec
3389 5033 3635 5104 singulos

2052 5147 2304 5203 quosque
2331 5130 2679 5187 Christianos
2703 5129 2912 5186 hortari
2939 5126 3196 5184 cessabat
3218 5133 3280 5179 ut
3313 5124 3636 5193 frequentes

2053 5232 2239 5280 essent
2287 5223 2346 5278 in
2388 5231 2578 5279 sancta
2608 5224 2705 5279 Dei
2747 5220 3005 5284 ecclesia,
3065 5232 3169 5272 nec
3203 5231 3447 5285 unquam
3490 5230 3520 5268 a
3575 5227 3635 5268 re

2056 5330 2208 5371 sacra
2235 5354 2251 5381 ,
2309 5331 2433 5386 quae
2466 5315 2524 5369 in
2572 5330 2638 5369 ea
2698 5313 3020 5383 peragitur,
3081 5307 3455 5367 decederent,
3519 5312 3635 5356 tum

2054 5415 2281 5476 propter
2310 5408 2635 5463 assistentes
2668 5403 2913 5475 angelos,
2944 5418 3009 5457 ac
3032 5398 3282 5472 quotidie
3307 5412 3404 5452 eos
3436 5396 3531 5468 qui
3552 5393 3636 5449 in-

1709 5561 1936 5618 νΑῘὶΙιΕ
1968 5562 2371 5623 LECTIONES.
