3978 6168
414 200 520 270 703

1616 205 1674 263 S.
1720 204 2003 263 MAXIMI
2043 202 2546 262 CONFESSORIS

3570 205 3672 270 704

413 322 559 368 trant
602 312 656 366 in
704 312 889 366 album
930 311 1252 374 referentes,
1286 310 1502 377 Dcoque
1535 310 1951 384 manifestantcs

2096 310 2475 377 γραφομένους
2529 308 2788 362 ἑκάστοτε
2841 310 2967 373 τοὺς
3010 309 3280 375 εἰσιόντας
3313 313 3408 366 καὶ
3438 313 3669 386 ἐμφανι-

412 418 476 456 ac
503 418 605 471 pro
635 402 715 456 cis
763 416 952 470 preces
979 407 1212 467 votaque
1258 399 1557 463 facientes;
1605 409 1722 452 tum
1763 409 1991 468 propter

409 492 651 561 Spiritus
704 491 879 544 sancti
926 505 1144 558 semper
1175 490 1401 559 quidem
1460 482 1841 559 inaspectabili
1899 506 1988 543 ra—

409 584 555 636 tione
585 589 907 650 prresentem
938 580 1191 649 gratiam,
1226 580 1580 649 peculiariter
1610 594 1795 634 autem
1811 581 1988 635 maxi-

404 688 493 727 me
552 688 663 741 quo
714 682 962 740 tempore
1018 688 1108 725 res
1150 687 1307 725 sacra
1368 673 1683 740 peragitur,
1740 672 1987 740 singulos

405 777 656 832 quosque
692 761 786 830 qui
833 761 1197 815 inveniuntur
1233 769 1692 816 transmutantem
1725 763 1987 831 velutque

408 844 917 916 transformantem,
970 866 1033 905 ac
1061 866 1190 905 vere
1240 851 1297 905 in
1333 852 1385 905 id
1417 852 1562 921 quod
1594 852 1835 907 divinius
1879 864 1983 918 est,

403 958 506 1012 pro
544 943 787 1011 ipsorum
817 950 978 1010 captu
1014 956 1076 1015 ac
1100 942 1260 995 modo
1301 942 1682 997 traducentem
1731 951 1894 1013 atque
1918 945 1985 999 ad

405 1036 485 1098 id,
513 1035 660 1104 quod
695 1033 952 1104 mysteria
1000 1050 1121 1103 qua:
1148 1042 1489 1103 peraguntur
1525 1036 1863 1105 signiﬁcant,
1890 1037 1987 1092 de-

401 1128 695 1181 ducentem
751 1127 876 1197 (etsi
933 1126 979 1180 is
1004 1126 1093 1180 cui
1140 1127 1266 1180 talia
1314 1127 1576 1182 accidunt
1617 1128 1764 1182 haud
1819 1144 1981 1184 sensu

400 1218 693 1288 percipiat,
731 1218 774 1271 si
810 1216 974 1271 modo
1010 1233 1078 1271 ex
1108 1217 1215 1270 illis
1243 1225 1348 1281 est,
1389 1217 1484 1285 qui
1514 1218 1569 1270 in
1603 1208 1824 1272 Christo
1862 1234 1986 1287 par-

400 1309 519 1362 vuli
549 1317 700 1371 sunt,
736 1324 837 1361 nec
872 1309 927 1361 in
955 1322 1150 1375 eorum
1191 1322 1314 1376 quae
1346 1305 1486 1360 ﬁunt
1534 1308 1871 1376 profundum
1900 1308 1986 1362 in-

402 1399 549 1454 tueri
575 1397 962 1468 valent),quam
988 1398 1226 1467 denique
1250 1398 1462 1467 singula
1490 1398 1559 1451 iis
1590 1398 1790 1452 ritibus
1820 1399 1984 1451 insti-

400 1498 539 1551 tuta,
559 1489 746 1543 divina
768 1490 962 1543 salutis
980 1488 1246 1559 symbola,
1267 1498 1324 1542 ut
1343 1490 1547 1551 ferunt,
1566 1489 1821 1557 gratiam,
1839 1488 1984 1543 serie

398 1581 633 1649 quadam
669 1597 731 1634 ac
763 1581 978 1643 ordine,
1007 1582 1075 1634 ab
1105 1582 1170 1634 iis
1197 1597 1317 1650 quae
1349 1580 1597 1650 proxima
1632 1584 1980 1637 suntabom-

399 1670 550 1724 nium
571 1687 742 1740 usque
768 1672 951 1735 ﬁnem,
982 1673 1034 1725 in
1056 1673 1137 1724 eis
1159 1682 1508 1740 pnestantem
1540 1688 1603 1727 ac
1621 1672 1973 1728 efﬁcientem.
2011 1648 2055 1705 Β

467 1761 647 1829 Atque
687 1762 743 1814 in
792 1762 971 1831 primo
1035 1763 1261 1831 quidem
1332 1764 1564 1818 introitu
1630 1764 1977 1818 inﬁdelitatis

396 1852 750 1920 ejectionem,
800 1853 929 1907 ﬁdei
954 1863 1330 1924 augmentum,
1360 1856 1478 1908 vitii
1507 1857 1973 1920 extenuationem,

396 1940 615 1994 virtutis
636 1942 1030 2004 accrctionem,
1060 1942 1380 2010 ignorantia:
1398 1942 1777 2007 abolitionem,
1800 1945 1977 1998 scien-

302 2090 313 2099 ’
398 2026 486 2081 tize
511 2028 906 2082 accessionem.
933 2031 1036 2083 Per
1070 2030 1385 2084 divinorum
1411 2041 1595 2087 autem
1630 2032 1976 2100 eloquiorum

394 2120 757 2184 auditionem,
808 2122 1007 2175 horum
1062 2139 1183 2192 quae
1216 2122 1362 2177 dicta
1399 2132 1529 2177 sunt
1561 2123 1710 2195 (ﬁdei
1742 2124 1973 2189 scilicet,

393 2211 616 2264 virtutis
652 2226 716 2264 ac
746 2212 1017 2283 scicntia!)
1071 2214 1260 2268 ﬁrmos
1287 2221 1619 2283 tenaccsque
1657 2215 1879 2269 habitus
1914 2231 1979 2270 ac

392 2301 806 2370 dispositiones.
831 2303 935 2355 Per
956 2318 1020 2356 ea
1042 2312 1225 2357 autem
1249 2319 1370 2372 qua:
1397 2304 1512 2357 hate
1530 2313 1972 2372 consequuntur,

390 2390 578 2444 divina
605 2393 840 2455 cantica,
872 2402 1235 2460 spontaneum
1263 2394 1460 2448 animae
1495 2394 1549 2447 in
1572 2394 1807 2448 virtutes
1842 2410 1976 2449 con-

391 2497 636 2547 sensum,
680 2499 743 2537 ac
772 2499 938 2553 quam
992 2500 1056 2537 ea
1091 2501 1159 2539 ex
1183 2485 1291 2540 illis
1326 2485 1633 2555 spiritalem
1681 2494 1977 2555 menteque

392 2580 552 2626 tenus
580 2574 913 2642 voluptatem
958 2575 1129 2628 sumit
1164 2583 1220 2629 et
1247 2577 1677 2646 jucunditatem.
1726 2579 1831 2633 Per
1884 2594 1977 2651 sa:

390 2679 540 2717 eram
553 2680 684 2718 vero
702 2667 875 2719 sancti
896 2667 1178 2735 Evangelii
1192 2669 1510 2734 lectionem,
1534 2672 1739 2725 terreni
1759 2686 1974 2737 sensus,

391 2764 651 2824 tanquam
686 2757 805 2826 ejus
833 2758 1021 2811 mundi
1050 2760 1143 2829 qui
1172 2775 1336 2815 sensu
1359 2762 1687 2829 percipitur,
1714 2777 1977 2816 consum-

389 2847 710 2901 mationem.
742 2849 844 2902 Per
876 2860 1158 2918 portarum
1186 2861 1371 2905 autem
1406 2852 1669 2921 deinceps
1702 2854 1977 2908 occlusio-

390 2952 539 3001 nem,
557 2953 706 3002 eum,
727 2939 821 3006 qui
844 2939 1148 2993 secundum
1177 2941 1434 2996 affectum
1460 2953 1564 3008 est,
1591 2959 1619 2996 a
1646 2944 1852 2998 mundo
1870 2945 1976 2999 hoc

389 3029 760 3098 corruptibili,
778 3030 844 3082 ad
860 3033 1126 3086 mundum
1147 3033 1569 3104 intelligibilem,
1586 3035 1779 3089 animai
1800 3043 1976 3090 trans-

382 3122 535 3174 »itum
580 3136 644 3175 ac
691 3120 855 3190 519
916 3122 1354 3190 traductionem;
1406 3124 1460 3179 vi
1505 3127 1663 3195 cujus
1714 3138 1974 3195 tanquam

390 3211 539 3265 fores
561 3226 759 3265 sensus
786 3213 1105 3277 oecludens,
1156 3231 1185 3269 a
1218 3217 1427 3285 peccati
1462 3216 1777 3270 simulacris
1813 3233 1973 3270 mun-

388 3303 490 3357 dos
524 3319 619 3357 eos
653 3303 853 3357 reddit.
884 3305 990 3358 Per
1024 3316 1339 3362 sanctorum
1361 3317 1544 3363 autem
1578 3310 1971 3379 mysteriorum

390 3392 730 3464 ingressum,
775 3393 1161 3462 perfectiorem
1200 3397 1717 3467 abstrusioremque
1761 3414 1825 3452 ac
1871 3413 1975 3452 no-

389 3500 510 3539 vam
552 3486 645 3539 Dei
701 3486 757 3539 in
797 3494 1049 3540 nostrum
1086 3504 1246 3542 usum
1285 3489 1719 3559 dispensationis
1763 3489 1974 3544 doctri-

388 3592 514 3631 nam
546 3593 611 3631 ac
631 3577 940 3632 scientiam.
969 3580 1083 3633 Per
1110 3580 1358 3634 divinum
1389 3582 1640 3635 osculum
1677 3599 1740 3637 ac
1765 3584 1973 3637 saluta-

390 3669 620 3734 tionem,
651 3670 896 3725 omnium
943 3686 1069 3726 cum
1100 3671 1379 3735 omnibus,
1412 3688 1475 3727 ac
1517 3674 1672 3742 prius
1706 3675 1974 3743 cujusque

390 3773 581 3811 secum
610 3775 673 3814 ac
702 3775 825 3815 cum
865 3761 978 3815 Deo
1001 3760 1313 3815 concordiae
1334 3800 1347 3824 ,
1395 3776 1810 3831 consensusque
1855 3764 1975 3816 ani-

391 3864 606 3903 morum
654 3866 719 3904 ac
773 3851 1091 3905 dilectionis
1128 3851 1379 3904 eamdem
1418 3853 1528 3906 vim
1573 3870 1638 3908 ac
1680 3857 1969 3911 rationem.

390 3940 493 3994 Per
523 3940 766 4009 Symboli
806 3940 932 3993 ﬁdei
964 3926 1392 4005 confessionem;
1431 3957 1725 4011 congruam
1769 3946 1974 4014 gratia-

390 4046 512 4083 rum
545 4031 817 4083 actionem
861 4028 933 4083 ob
963 4029 1340 4083 inauditosnae
1383 4028 1668 4087 mirabiles
1709 4036 1972 4100 paranda:

390 4128 591 4172 nostrm
643 4119 838 4171 salutis
881 4118 1092 4174 modos.
1142 4118 1246 4174 Per
1301 4120 1608 4192 Trisagium
1668 4124 1969 4195 hymnum,

346 4216 355 4229 '
393 4208 651 4261 unionem
699 4223 825 4262 cum
860 4209 1067 4263 sanctis
1098 4210 1327 4279 angelis,
1367 4228 1665 4281 paremque
1699 4229 1824 4268 cum
1865 4214 1973 4269 illis

392 4298 744 4369 dignitatem,
787 4314 890 4353 nec
930 4298 1091 4353 finem
1122 4316 1365 4370 unquam
1401 4303 1711 4358 habituram
1734 4284 1968 4360 ’divinte

390 4390 810 4460 gloriﬁcationis
857 4390 1195 4445 modulatam
1222 4395 1660 4450 consonantiam.
1698 4396 1805 4452 Per
1840 4412 1968 4451 ora-

392 4482 620 4548 tionem,
652 4498 759 4551 qua
790 4469 966 4536 Deum
993 4482 1209 4537 Patrem
1243 4499 1444 4539 vocare
1471 4486 1816 4549 conceditur,
1843 4502 1967 4556 quae

389 4576 447 4631 in
474 4576 672 4646 spiritu
702 4585 817 4641 est,
850 4575 1195 4631 verissimam
1225 4577 1609 4647 adaptionem.
1658 4579 1763 4633 Per
1801 4578 1963 4645 iltud,

394 4667 537 4723 Unus
590 4667 858 4732 Sanctus,
894 4676 951 4722 et
985 4684 1106 4737 qua:
1159 4678 1487 4737 sequuntur,
1535 4669 1794 4724 uniﬁcam
1842 4686 1966 4724 cum

390 4760 502 4815 Deo
538 4760 799 4814 unionem
823 4775 889 4813 ac
919 4759 1409 4814 necessitudinem.
1456 4760 1559 4813 Per
1590 4775 1825 4822 sacram,
1859 4776 1967 4828 qua

391 4836 693 4921 impollutis
716 4868 780 4906 ac
811 4850 1048 4906 viviﬁcis
1080 4851 1359 4922 mysteriis
1395 4849 1765 4921 impartimur,
1813 4867 1965 4906 eom-

390 4945 730 5007 munionem,
764 4945 910 4998 illam
932 4959 1059 4999 cum
1084 4946 1225 5014 ipso,
1244 4954 1452 5014 quanta
1474 4944 1805 4999 mortalibus
1828 4959 1965 4999 con-

390 5051 541 5092 cessa
560 5045 663 5099 est,
683 5051 752 5090 ex
776 5036 1138 5092 similitudine
1157 5037 1476 5093 societatem
1500 5052 1565 5091 ac
1586 5036 1964 5102 identitatem;

391 5143 493 5198 per
523 5142 687 5197 quam
720 5127 888 5181 homo
921 5127 1027 5181 hoc
1051 5127 1428 5196 consequitur,
1464 5137 1524 5181 ut
1551 5143 1620 5182 ex
1656 5127 1879 5182 homine
1908 5128 1965 5181 in

392 5216 564 5269 Deum
606 5214 987 5270 transferatur.
1042 5215 1173 5281 Qua:
1213 5218 1363 5271 enim
1411 5217 1522 5281 hic,
1569 5232 1632 5271 ac
1676 5217 1967 5271 mortalem

395 5313 617 5375 agentes
639 5306 832 5369 vitam,
862 5321 962 5376 per
998 5308 1229 5376 gratiam
1262 5323 1384 5376 quae
1430 5307 1485 5361 in
1515 5306 1620 5362 ﬁde
1648 5314 1753 5369 est,
1785 5306 1968 5376 perci-

399 5409 527 5463 pere
562 5411 663 5450 nos
702 5394 875 5449 sancti
908 5394 1148 5464 Spiritus
1181 5396 1324 5450 dona
1348 5396 1660 5459 credimus;
1691 5395 1807 5449 haec
1838 5410 1969 5449 vere

399 5488 455 5542 in
484 5486 674 5542 futuro
718 5488 940 5552 swculo,
991 5499 1046 5542 et
1083 5497 1140 5541 ut
1192 5489 1369 5557 reipsa
1409 5489 1479 5541 ita
1524 5487 1623 5551 sit,
1664 5487 1967 5540 secundum

477 5600 523 5631 "
554 5601 767 5670 ἀληθῶς
794 5619 841 5656 c.
872 5604 936 5657 Α.
965 5604 1028 5655 R.
1067 5604 1281 5672 ἀληθῶς
1311 5607 1502 5657 εἰπεῖν.

2093 401 2286 463 ζοντας
2305 400 2383 469 τῷ
2403 400 2541 469 Θεῷ,
2574 401 2667 454 καὶ
2691 402 2791 464 τὰς
2817 402 2959 472 ὑπὲρ
2984 403 3163 457 αὐτῶν
3183 405 3673 479 δεήσειςποιουμέ·

2091 507 2213 551 νους
2238 505 2251 519 ο
2316 492 2411 541 καὶ
2458 490 2546 543 διὰ
2590 489 2699 561 τὴν
2729 491 2977 561 ἀοράτως
3008 492 3098 545 ἀεὶ
3130 494 3231 563 μὲν
3261 490 3547 566 παροῦσαν
3577 498 3671 556 τοῦ

2093 580 2250 646 ἁγίου
2310 579 2629 648 Πνεῦματος
2684 581 2847 650 χάριν
2876 620 2892 647 ,
2960 581 3279 652 ἰδιοτρόπως
3326 584 3384 638 δὲ
3438 587 3668 655 μάλιστα

2091 668 2367 726 κατάτὸν
2404 671 2597 741 καιρὸν
2631 671 2732 741 τῆς
2756 672 2919 742 ἁγίας
2945 673 3224 738 συνάξεως
3250 714 3265 739 ,
3320 677 3414 729 καὶ
3441 677 3667 732 ἕκαστον

2089 764 2197 818 τῶν
2226 763 2638 835 εὑρισκομένων
2673 764 3079 833 μεταποιοῦσὰν
3108 784 3167 819 τε
3207 770 3301 821 καὶ
3330 769 3667 838 μετασκευά-

2090 858 2288 921 ζουσαν
2313 898 2327 923 ,
2377 858 2471 911 καὶ
2504 857 2704 927 ἀληθὲς
2720 857 2766 889 ⁸⁸
2802 857 3283 927 μεταπλάττουσαν
3316 862 3409 913 ἐπὶ
3437 862 3497 915 τὸ
3522 862 3665 915 θειό-

2087 962 2245 1016 τερον
2298 946 2579 1013 ἀναλόγως
2627 944 2807 1013 ὲαυτῷ
2833 986 2848 1010 ,
2914 946 3010 1000 καὶ
3055 945 3192 1016 πρὸς
3238 947 3299 999 τὸ
3336 948 3663 1018 δηλούμενον
3756 986 3773 993 -

2087 1036 2177 1090 διά
2204 1037 2312 1091 τῶν
2341 1036 2682 1106 τελουμένων
2714 1036 3031 1105 μυστηρίων
3054 1037 3297 1103 ἄγουσαν
3322 1055 3336 1068 ·
3374 1038 3476 1092 κᾶν
3500 1041 3663 1104 αὐτὸς

2088 1127 2165 1198 μὴ
2196 1127 2539 1198 αἰσθάνηται,
2595 1127 2752 1197 εἰπερ
2781 1125 2892 1180 τῶν
2921 1126 3001 1180 ἔτι
3034 1128 3176 1181 κατά
3197 1130 3434 1199 Χριστὸν
3460 1132 3664 1201 νηπίων

2087 1219 2222 1271 ὲστί·
2260 1220 2356 1271 καὶ
2384 1220 2465 1281 είς
2493 1218 2555 1271 τὸ
2582 1217 2749 1288 ’βάθος
2778 1218 2886 1271 τῶν
2910 1218 3211 1289 γινομένων
3237 1220 3371 1290 όρᾷν
3394 1219 3663 1286 ἀδυνατεῖ,

2086 1308 2182 1362 καὶ
2232 1308 2330 1379 τὴν
2375 1308 2712 1378 δηλουμένην
2779 1308 2845 1361 δι’
2884 1308 3117 1361 ἑκάστου
3173 1290 3281 1362 τῶν
3328 1310 3667 1381 τελουμένων

2087 1400 2247 1454 θείων
2299 1400 2585 1470 συμϐόλων
2638 1401 2737 1469 τῆς
2782 1400 3057 1471 σωτηρίας
3106 1401 3165 1451 ἐν
3205 1400 3356 1470 αὐτῷ
3393 1402 3554 1472 χάριν
3581 1404 3665 1454 ὲν-

2085 1489 2357 1560 εργοῦσαν
2376 1529 2391 1554 ,
2428 1490 2551 1544 καθ’
2574 1488 2765 1561 είρμὸν
2809 1491 2903 1543 καὶ
2933 1490 3084 1554 τάξιν
3114 1492 3222 1545 ἀπὸ
3247 1492 3357 1545 τῶν
3383 1493 3667 1563 προσεχῶν

2088 1580 2250 1652 μέχρι
2272 1580 2375 1634 τοῦ
2411 1581 2630 1635 πάντων
2658 1581 2847 1645 τέλους
2877 1581 3185 1636 ὀδεύουσαν.

2147 1755 2309 1810 Κατὰ
2342 1756 2444 1825 μὲν
2473 1754 2697 1827 πρώτην
2728 1756 2932 1809 εῐσοεὸν
2961 1757 3217 1820 ἀπιστίας
3245 1757 3541 1827 ἀποϐολὴν,
3573 1758 3665 1809 πί-

2079 1863 2249 1908 στεως
2293 1846 2552 1916 αὔξησιν,
2613 1846 2812 1909 κακίας
2859 1848 3111 1916 μείωσιν,
3167 1848 3371 1917 ἀρετῆς
3400 1849 3660 1908 ἐπίδοσιν,

2077 1938 2300 2007 ἀγνοίας
2346 1938 2692 2008 ἀφανισμὸν,
2764 1938 3019 2004 γνώσεως
3064 1939 3401 2009 προσθήκην,
3459 1940 3558 1992 Διά
3607 1940 3662 1993 δὲ

2075 2032 2176 2101 τῆς
2207 2030 2530 2101 ἀκροάσεως
2557 2030 2664 2083 τῶν
2692 2028 2853 2081 θείων
2879 2028 3078 2096 λογίων
3101 2070 3115 2092 ,
3173 2030 3272 2093 τὰς
3298 2031 3408 2083 τῶν
3434 2032 3660 2103 εἰρημές-

2078 2138 2185 2173 νων
2213 2120 2437 2193 τουτων,
2476 2118 2713 2182 πίστεώς
2742 2136 2887 2189 φημι
2918 2119 3014 2172 καὶ
3038 2121 3240 2190 ἀρετῆς
3267 2122 3359 2174 καὶ
3383 2125 3657 2190 γνώσεως,

2081 2212 2288 2278 παγίας
2319 2212 2414 2264 καὶ
2440 2210 2812 2281 ἀμεταθέτους
2838 2210 2978 2274 ἕξεις
3000 2228 3059 2263 τε
3086 2214 3179 2265 καὶ
3200 2212 3483 2275 διαθέσεις.
3498 2213 3659 2279 ῥιάδὲ

2078 2302 2184 2355 τῶν
2214 2302 2306 2354 ἐπὶ
2332 2300 2542 2364 τούτοις
2574 2301 2732 2353 θείων
2761 2301 3046 2371 ᾀσμάτων,
3067 2302 3164 2373 τὴν
3191 2302 3326 2373 πρὸς
3348 2302 3444 2365 τάς
3459 2302 3659 2372 ἀρετάς

2078 2395 2174 2462 τῆς
2200 2393 2380 2464 ψυχῆς
2408 2393 2654 2445 ἑκούσιον
2684 2392 3104 2460 συγκατάθεσιν,
3127 2393 3221 2447 καὶ
3245 2393 3345 2463 τὴν
3365 2392 3658 2455 ὲπ⁹αὑταῖς

2078 2485 2438 2554 ἐγγινομένην
2490 2483 2627 2555 αὐτῇ
2682 2483 2873 2553 νοεράν
2924 2483 3118 2553 ἡδονὴν
3170 2486 3265 2536 καὶ
3296 2484 3677 2554 τερπνότητα..

2078 2574 2178 2628 Διὰ
2205 2574 2262 2627 δὲ
2306 2574 2403 2643 τῆς
2434 2574 2584 2644 ἱερᾶς
2613 2572 2974 2640 ἀναγνώσεως
3000 2571 3092 2627 τοῦ
3119 2572 3275 2641 ἁγίου
3302 2574 3657 2643 Εὑαγγελίου,

2077 2667 2177 2737 τὴν
2206 2666 2298 2720 τοῦ
2327 2664 2513 2735 χοϊκοῦ
2538 2665 2905 2735 φρονήματος,
2938 2664 3128 2736 ῶσπερ
3148 2664 3408 2736 αίσθητοῦ
3428 2667 3661 2737 κόσμου,

2081 2758 2412 2812 συντέλειαν.
2464 2757 2564 2810 Διά
2591 2757 2651 2810 δὲ
2687 2756 2787 2826 τῆς
2816 2756 2952 2826 μετὰ
2978 2757 3151 2811 ταῦτα
3176 2758 3286 2811 τῶν
3312 2758 3490 2829 θυρῶν
3512 2758 3660 2812 κλεί-

2081 2868 2219 2914 σεως
2245 2892 2260 2917 ,
2317 2849 2415 2920 τὴν
2465 2849 2606 2902 κατὰ
2646 2848 2886 2901 διάθεσιν
2937 2850 3045 2903 ἀπὸ
3071 2850 3261 2903 τούτου
3293 2850 3388 2904 τοῦ
3418 2851 3660 2921 φθαρτοῦ

2079 2944 2285 3013 κόσμου
2316 2942 2452 3011 πρὸς
2474 2941 2567 2995 τὸν
2589 2941 2778 3010 νοητὸν
2805 2941 3008 3013 κόσμον
3042 2942 3339 3009 μετάϐασιν
3362 2943 3461 3013 τῆς
3478 2941 3662 3012 ψυχῆς

2080 3031 2174 3083 καὶ
2224 3029 2549 3099 μετάθεσινο
2605 3027 2671 3080 δι’
2693 3022 2762 3098 ἦς
2802 3028 2903 3091 τὰς
2932 3030 3235 3100 αἰσθήσεις,
3271 3030 3455 3099 θυρῶν
3479 3030 3658 3100 δίκην,

2081 3121 2317 3191 μύσασα,
2339 3120 2453 3173 τῶν
2468 3118 2873 3189 καθ’ἁμαρτίαν
2897 3120 3399 3190 εἰδώλων,καθαρὰς
3417 3122 3521 3174 ἀπε
3531 3108 3663 3191 ργά-

2078 3213 2250 3276 ζεται.
2314 3212 2414 3264 Διά
2456 3212 2515 3265 δὲ
2564 3212 2665 3281 τῆς
2708 3212 2917 3265 εἰσόδου
2966 3212 3074 3265 τῶν
3120 3212 3291 3280 ἁγίων
3324 3213 3659 3283 μυστηρίων,

2076 3304 2174 3375 τὴν
2202 3303 2563 3372 τελειωτέραν
2599 3303 2697 3355 καὶ
2726 3304 3140 3373 μυστικωτέραν
3177 3304 3272 3355 καὶ
3295 3302 3488 3369 καινὴν
3532 3305 3662 3373 περὶ

2076 3396 2175 3463 τὴν
2230 3397 2308 3458 εἰς
2354 3396 2503 3464 ἡμᾶς
2550 3394 2861 3463 οἰκονομίαν
2892 3394 2986 3447 τοῦ
3016 3393 3149 3447 Θεοῦ
3181 3394 3528 3448 διδασκαλίαν
3566 3396 3661 3448 καὶ

2076 3487 2295 3554 γνῶσιν.
2356 3486 2455 3539 Διὰ
2496 3486 2552 3539 δὲ
2601 3484 2696 3537 τοῦ
2744 3485 2891 3537 θείου
2928 3483 3258 3554 ἀσπασμοῦ,
3313 3486 3412 3554 τὴν
3440 3485 3660 3538 πάντων

2078 3579 2214 3649 πρὸς
2265 3578 2474 3640 πάντας
2532 3577 2628 3631 καὶ
2683 3576 2817 3647 πρὸς
2869 3576 3061 3628 ἑαυτὸν
3116 3576 3346 3629 ἑκάστου
3394 3576 3661 3647 πρότερον

2077 3672 2171 3723 καὶ
2198 3670 2292 3722 τὸν
2320 3670 2475 3733 Θεὸν,
2509 3668 2763 3737 ὁμονοίας
2796 3667 2892 3720 καὶ⁵
2919 3666 3380 3736 ὁμογνωμοσύνης
3404 3668 3499 3720 καλ⁵
3520 3667 3660 3734 ἁγά-

2077 3778 2187 3830 πης
2212 3762 2535 3832 ταυτότητα.
2572 3759 2670 3813 Διά
2684 3759 2741 3811 δὲ
2766 3758 2867 3828 τῇς
2893 3757 2986 3811 τοῦ
3014 3757 3285 3827 συμϐόλου
3307 3758 3405 3826 τῆς
3427 3758 3662 3822 πίστεως

2075 3852 2384 3922 ὁμολογίας,
2433 3837 2531 3921 τῆν
2563 3850 2654 3903 ἐπὶ
2682 3852 2797 3912 τοῖς
2823 3848 3152 3920 παραδόξοις
3174 3848 3399 3919 τρόποις
3424 3852 3522 3918 τῆς
3551 3866 3660 3902 σω-

2073 3946 2268 4014 τηρίας
2314 3944 2470 4013 ἡμῶν
2514 3943 2827 4013 πρόσφορον
2875 3941 3249 4011 εὐχαριστίαν.
3308 3942 3406 3993 Διά
3450 3941 3509 4015 δὲ
3563 3941 3660 3994 τοῦ

2075 4035 2390 4104 Τρισαγίου,
2423 4034 2524 4101 τὴν
2556 4032 2693 4102 πρὸς
2723 4032 2852 4094 τοὺς
2878 4032 3066 4099 ἁγίους
3092 4031 3356 4099 ἀγγέλους
3382 4030 3576 4084 ἕνωσίν
3596 4048 3660 4084 τε

2075 4123 2170 4176 καὶ
2219 4122 2527 4192 ἰσοτιμίαν,
2584 4123 2683 4174 καὶ
2730 4123 2829 4191 τὴν
2876 4123 3155 4176 ἄπαυστον
3199 4121 3295 4191 τῆς
3333 4122 3663 4192 ἀγιαστικῆς

2074 4213 2385 4282 δοξολογίας
2416 4212 2510 4266 τοῦ
2539 4212 2673 4266 Θεοῦ
2711 4213 3001 4283 σύμφωνον
3031 4213 3296 4277 εὐτονίαν.
3353 4213 3451 4265 Διά
3480 4213 3536 4266 δὲ
3560 4213 3664 4282 τῆς

2002 4298 2044 4352 D
2074 4304 2405 4375 προσευχῆς,
2426 4296 2578 4372 δι’ἦς
2607 4301 2827 4371 Πατέρα
2852 4303 3037 4354 καλεῖν
3064 4301 3159 4354 τὸν
3181 4302 3313 4355 Θεὸν
3339 4301 3662 4372 ἁξιοῦμεθα,

2069 4394 2168 4463 τὴν
2219 4394 2277 4444 ὲν
2326 4392 2511 4462 χάριτι
2564 4390 2654 4444 τοῦ
2704 4392 2863 4459 ἁγίου
2908 4392 3229 4461 Πνεῦματος
3282 4391 3666 4463 ἀληθεστάτην

2072 4483 2368 4538 υἱοθεσίαν.
2424 4483 2523 4536 Διά
2563 4483 2619 4536 δὲ
2667 4482 2782 4546 τοῦ,
2832 4477 2935 4548 Εἷς
2968 4483 3192 4549 "Ayroc,
3238 4482 3333 4535 καὶ
3371 4483 3479 4535 τῶν
3510 4481 3665 4551 ἑξῆς,

2070 4574 2172 4643 τὴν
2219 4573 2353 4643 πρὸς
2394 4573 2557 4625 αὐτὸν
2594 4573 2685 4624 τὸν
2715 4572 2848 4625 Θεὸν
2882 4574 3128 4626 ἑνοποιὸν
3152 4573 3314 4644 χάριν
3347 4573 3442 4626 καὶ
3464 4575 3668 4627 οἰκειό-

2070 4684 2229 4737 τητα.
2283 4666 2383 4719 Διά
2418 4666 2476 4720 δὲ
2518 4667 2618 4735 τῆς
2655 4666 2819 4733 ἁγίας
2851 4665 3210 4737 μεταλήψεως
3240 4665 3350 4718 τῶν
3380 4667 3671 4736 ἁχράντων

2071 4759 2165 4811 καὶ
2223 4756 2502 4822 ζωοποιῶν
2558 4758 2871 4827 μυστηρίων
2897 4797 2911 4819 ,
2977 4756 3075 4825 τὴν
3132 4756 3270 4828 πρὸς
3310 4756 3472 4810 αὑτὸν
3521 4759 3671 4812 κατά

2075 4848 2290 4919 μέθεξιν
2356 4848 2711 4918 ἐνδεχομένην
2787 4847 2852 4900 δι’
2902 4848 3220 4918 ὁμοιότητος
3277 4848 3564 4901 κοινωνίαν
3607 4866 3670 4901 τε

2074 4939 2171 4992 καὶ
2218 4937 2525 5007 ταυτότητά
2550 4952 2568 4971 ο
2622 4937 2691 4989 δι’
2727 4931 2795 5006 ἧς
2845 4936 3100 5003 γενέσθαι
3129 4935 3253 4998 θεὸς
3286 4934 3346 5000 ἐξ
3375 4935 3668 5006 ἀνθρώπου

2074 5028 2426 5093 καταξιοῦται
2466 5031 2495 5082 ὁ
2519 5028 2829 5099 ἄνθρωπος.
2863 5021 2966 5080 Ὧν
2992 5028 3101 5098 γὰρ
3130 5027 3368 5083 ἐνταῦθα
3399 5029 3541 5081 κατά
3567 5030 3673 5099 τὴν

2075 5119 2352 5191 παροῦσαν
2379 5118 2547 5190 ζωὴν,
2582 5119 2674 5173 διὰ
2702 5120 2803 5189 τῆς
2838 5121 2897 5171 ὲν
2926 5119 3108 5172 πίστει
3138 5120 3384 5189 χάριτος,
3409 5119 3675 5174 πιστεύο-

2076 5229 2175 5282 μεν
2248 5210 2632 5281 μετειληφέναι
2682 5210 2904 5280 δωρεῶν
2969 5210 3065 5264 τοῦ
3111 5211 3269 5279 ἁγίου
3315 5211 3676 5282 Πνεύματος,

2072 5301 2277 5354 τούτων
2328 5301 2385 5352 ἐν
2432 5300 2512 5369 τῷ
2562 5302 2812 5369 μέλλοντι
2863 5301 3023 5354 αἰῶνι
3079 5302 3223 5356 κατά
3269 5302 3532 5372 ἀλήθειαν
3579 5304 3677 5358 ιν-

2074 5391 2392 5455 υποστάτως
2440 5391 2590 5461 αὑτῷ
2619 5392 2696 5463 τῷ
2726 5394 3020 5463 πράγματι
3049 5432 3065 5456 ,
3121 5393 3263 5446 κατά
3292 5394 3389 5463 τὴν
3417 5395 3679 5449 ἄπτωτον

2075 5484 2268 5536 ἐλπίδα
2298 5483 2399 5552 τῆς
2427 5485 2662 5548 πίστεως
2693 5485 2873 5556 ἡμῶν,
2904 5487 2997 5538 καὶ
3027 5484 3125 5555 τὴν
3155 5472 3249 5539 τοῦ
3275 5486 3688 5557 ἐπαγγειλαμέ-

1724 5594 1956 5650 VARI}:
1989 5592 2389 5649 LFCTIUNES.
