3992 6192
272 307 406 372 ⁷⁸105
1340 336 1345 339 -
1402 296 1441 311 ’⁷
1546 326 1557 335 ν
1646 298 1881 358 MYSth

1989 296 2039 356 ’δ
2052 296 2123 354 id
2136 345 2149 355 .
3461 294 3570 358 706

296 436 387 475 νου
417 415 647 488 βεϐαίαν
691 414 788 470 καὶ
814 406 1170 486 ἀτταράϐατον
1199 414 1516 484 ὑπόσχεσιν,
1552 410 1881 480 φυλάξαντες

1989 424 2143 478 spem
2172 408 2386 463 ﬁrmam
2417 415 2622 461 nostra:
2652 405 2801 469 fidei,
2830 421 2896 460 ac
2918 406 3039 477 ejus
3074 404 3166 476 qui
3193 405 3474 476 pollicitus
3489 422 3574 464 est

296 512 435 565 κατὰ
488 509 726 579 δύναμιν
780 509 883 572 τὰς
928 508 1148 572 ἐντολάς
1177 546 1192 572 ,
1266 505 1595 575 πιστεύομεν
1644 503 1885 571 καταλή-

293 603 494 674 ψεσθαι
518 603 585 667 ⁸⁸,
638 602 1060 672 μεταϐαίνοντες
1088 602 1198 655 ἀπὸ
1222 600 1321 671 τῆς
1346 600 1405 651 ὲν
1432 597 1612 651 πίστει
1640 597 1884 665 χάριτος,

294 696 375 758 είς
403 697 504 765 τὴν
551 694 672 746 κατ’
693 691 834 756 εἶδος
861 694 1023 764 χάριν
1048 708 1062 722 ·
1123 689 1547 762 μεταποιοῦντος
1570 687 1717 758 ἡμᾶς
1746 685 1885 755 πρὸς

293 785 490 839 ἑαυτὸν
536 783 742 855 δηλαδὴ
792 784 887 836 τοῦ
919 781 1057 836 Θεοῦ
1105 783 1200 836 καὶ
1239 781 1493 851 Σωτῆρος
1523 778 1681 850 ἡμῶν
1709 774 1883 846 Ἰησοῦ

293 864 535 946 Χριστοῦ
559 892 571 905 ·
630 879 697 947 τῇ
746 875 1088 946 περιαιρέσει
1142 875 1252 927 τῶν
1292 875 1351 928 ἐν
1386 875 1519 945 ἡμῖν
1553 873 1651 943 τῆς
1678 871 1885 941 φθορᾶς

293 965 719 1036 γνωρισμάτων,
742 965 838 1018 καὶ
861 964 928 1017 τὰ
951 963 1386 1035 παραδειχθέντα
1408 962 1497 1016 διὰ
1519 961 1627 1015 τῶν
1651 959 1883 1014 ἐνταῦθα

293 1058 573 1128 αίσθητῶν
637 1057 924 1128 συμϐόλων
978 1059 1116 1131 ἡμῖν
1173 1050 1487 1126 ἀρχέτυπα(
1517 1054 1880 1126 χαριζομένου

297 1151 597 1221 μυστήρια.
676 1166 680 1170 ·
1316 1162 1327 1167 ‘

359 1402 460 1455 Διά
507 1401 564 1454 δὲ
592 1401 655 1454 τὸ
706 1400 1171 1472 εὐμνημόνευτον,
1224 1402 1272 1453 εί
1316 1400 1483 1464 δοκεῖ,
1537 1400 1637 1471 τὴν
1670 1399 1779 1453 τῶν
1806 1400 1881 1451 εί-

289 1494 550 1564 ρημένων
580 1494 814 1563 δύναμιν
841 1493 963 1546 κατ’
986 1492 1252 1563 ἐπιτομὴν
1281 1491 1706 1561 ἐπιδραμόντες,
1738 1488 1879 1542 οὕτω

281 1590 780 1660 κεφαλαιὼσωμεν.
809 1590 966 1642 Ἔστι
999 1590 1099 1659 μὲν
1125 1584 1220 1643 οῦν
1244 1591 1277 1659 ή
1307 1587 1438 1656 ἁγία
1465 1587 1761 1656 Ἐκκλησία
1786 1586 1880 1639 τύ-

285 1702 387 1748 πος
412 1724 428 1749 ,
483 1683 587 1746 ὡςι
610 1682 862 1754 εἴρηται,
910 1682 1005 1735 καὶ
1032 1679 1219 1744 εἰκὼν,
1255 1680 1348 1733 τοῦ
1385 1680 1483 1749 μὲν
1510 1678 1645 1732 Θεοῦ
1670 1695 1682 1707 ·
1743 1678 1878 1731 διότι

1988 500 2499 563 incommutabilem
2520 507 2840 569 certamque
2866 500 3093 553 omnino
3123 500 3570 569 promissionem,

1986 593 2083 647 ubi
2118 608 2219 662 pro
2242 594 2391 646 virili
2431 600 2622 646 nostra
2660 592 2921 649 facultate
2966 594 3223 647 mandata
3267 596 3578 648 servaveri-

1988 701 2132 748 mus,
2172 693 2536 754 percepturos
2580 700 2681 739 nos
2710 685 3010 750 credimus,
3039 686 3132 754 qui
3162 701 3191 738 a
3239 685 3418 754 gratia
3449 701 3573 755 quae

1986 777 2042 829 in
2087 776 2194 830 ﬁde
2222 784 2329 839 est,
2353 776 2420 829 ad
2461 776 2694 845 gratiam
2718 791 2841 845 quae
2870 783 2953 830 est
2979 777 3287 830 secundum
3326 776 3570 846 speciem

1985 868 2273 922 transituri
2296 869 2505 933 simus;
2551 869 2664 921 Deo
2697 866 2932 922 scilicet'
2957 883 3025 920 ac
3053 868 3349 923 Servatore
3377 876 3573 923 nostro

1983 960 2113 1015 Jesu
2146 958 2372 1014 Christo
2399 975 2502 1013 nos
2526 959 2581 1012 in
2605 973 2662 1012 se
2688 966 3119 1023 transmutantc,
3162 974 3380 1013 necnon
3445 974 3573 1014 cor-

1986 1050 2264 1120 ruptionis
2302 1050 2662 1119 mortalisque
2698 1049 2756 1103 in
2786 1050 2951 1105 nobis
2979 1051 3105 1105 vita:
3145 1061 3307 1104 notas
3337 1051 3570 1105 abolen-

1985 1143 2079 1205 do,
2132 1157 2232 1211 per
2266 1156 2330 1195 ca
2357 1141 2604 1212 symbola
2653 1156 2778 1210 quae
2813 1142 2871 1195 in
2916 1156 3139 1196 sensum
3203 1142 3432 1205 cadunt,
3480 1141 3573 1196 hic

1985 1233 2149 1288 nobis
2182 1233 2454 1303 tantisper
2497 1239 2825 1297 monstrata,
2864 1232 3148 1302 primitiva
3180 1234 3447 1304 mysteria
3473 1232 3571 1287 lar-

1979 1326 2185 1395 giente.

2055 1416 2279 1470 Summa
2333 1417 2592 1471 dictorum
2631 1436 2693 1472 ac
2743 1418 3141 1488 recapitulatio.
3168 1448 3241 1459 —
3280 1418 3352 1475 Ut
3384 1426 3571 1474 autem

1984 1510 2266 1585 memoriae
2324 1510 2692 1574 consulatur,
2750 1510 2991 1577 silibet,
3028 1526 3223 1567 eorum
3275 1528 3398 1581 quae
3444 1512 3573 1566 data

1982 1610 2112 1656 sunt
2164 1600 2275 1653 vim
2307 1600 2554 1655 breviter
2602 1613 3022 1671 percurrentes,
3067 1604 3144 1658 ita
3193 1604 3247 1657 in
3300 1618 3570 1658 summam

1983 1690 2320 1759 redigamus.
2355 1691 2454 1744 Est
2492 1690 2902 1760 igitur'sancta
2942 1692 3211 1755 Ecclesia,
3253 1692 3334 1746 uti
3358 1693 3570 1747 dictum

283 1776 351 1849 ἥν
382 1776 680 1849 ἐργάζεται
730 1776 873 1829 κατὰ
920 1774 1019 1845 τὴν
1060 1776 1287 1845 ἄπειρον
1319 1772 1488 1849 αῦτοῦ
1514 1772 1746 1842 δύναμιν
1787 1771 1880 1823 καὶ

1989 1792 2088 1847 est,
2115 1783 2211 1836 Dei
2248 1783 2475 1852 quidem
2527 1782 2703 1854 ﬁgura
2760 1801 2826 1839 ac
2865 1785 3076 1855 imago;
3123 1785 3271 1855 quod
3296 1786 3571 1849 nimirum

286 1869 508 1939 σοφίαν,
546 1886 612 1921 πε
624 1869 676 1938 pi.
705 1869 805 1932 τὰς
830 1869 1123 1937 διαφόρους
1154 1867 1264 1920 τῶν
1291 1867 1459 1920 ὄντων
1485 1864 1676 1927 οὐσίας
1706 1863 1877 1930 ἀσύγ-

286 1978 456 2033 χυτον
509 1962 706 2015 ἕνωσιν
730 2001 745 2025 ,
808 1961 884 2023 ὼς
938 1960 1271 2031 δημιουργὸς
1325 1959 1448 2012 κατ’
1478 1957 1646 2028 ἄκρον
1703 1954 1881 2025 ἑαυτῷ

276 2054 540 2124 ,συνέχων
564 2071 577 2084 ·
617 2054 711 2106 καὶ
740 2053 879 2106 κατὰ
909 2053 1039 2123 μίαν
1067 2052 1166 2122 τῆς
1198 2052 1435 2113 πίστεως
1470 2050 1566 2104 καί⁹
1596 2049 1756 2119 χάριν
1786 2049 1882 2100 καὶ

291 2147 496 2216 κλῆσιν
528 2147 657 2209 τοὺς
688 2146 914 2208 πιστοὺς
940 2146 1195 2215 ἀλλήλοις
1218 2145 1467 2208 ἑνοειδῶς
1490 2144 1840 2197 συνάπτουσα
1865 2158 1877 2169 ·

289 2240 423 2303 τοὺς
463 2239 521 2292 δὲ
565 2241 903 2309 πρακτικοὺς
945 2240 1042 2292 καὶ
1071 2239 1383 2309 ἐναρέτους,
1415 2238 1559 2291 κατὰ
1589 2238 1718 2307 μίαν
1745 2235 1884 2304 γνώ-

297 2349 408 2403 μης
432 2333 757 2401 ταυτότηταο
787 2333 916 2395 τοὺς
938 2332 996 2385 δὲ
1025 2332 1397 2403 θεωρητικοῦς
1428 2334 1522 2385 καὶ
1547 2331 1883 2399 γνωστικοὺς

293 2428 432 2499 πρὸς
478 2428 691 2488 τούτοις
747 2427 843 2482 καὶ
896 2428 1021 2483 καθ’
1044 2430 1298 2500 ὁμόνοιαν
1331 2428 1555 2499 ἁρραγῆ
1590 2428 1684 2480 καὶ
1712 2426 1883 2481 άδιαί-

297 2536 471 2591 ριτον.

1972 1891 2151 1943 σαυοιιι
2208 1876 2297 1929 ille
2330 1875 2546 1930 inﬁnita
2597 1876 2844 1945 potentia
2892 1892 2990 1931 sua
3035 1893 3098 1931 ac
3129 1877 3401 1947 sapientia
3439 1893 3572 1947 erga

1983 1966 2280 2020 distinctas
2318 1981 2508 2019 rerum
2543 1966 2819 2020 essentias
2858 1967 3209 2021 inconfusam
3257 1968 3571 2022 unitionem

1983 2059 2137 2119 facit,
2177 2067 2436 2127 tanquam
2487 2060 2673 2129 opifex
2704 2075 2769 2114 ac
2817 2060 3130 2115 conditoris
3172 2061 3300 2132 jure
3356 2076 3572 2115 summa

1985 2150 2147 2220 520
2194 2150 2433 2220 quadam
2490 2152 2911 2206 necessitudine
2971 2152 3155 2221 seipse
3191 2162 3570 2216 connectens;

1982 2256 2103 2294 eam
2131 2257 2353 2310 quoque
2384 2242 2475 2295 illa
2504 2236 2603 2311 per
2647 2243 2771 2297 ﬁdei
2804 2244 3033 2312 gratiam
3077 2244 3133 2297 in
3165 2243 3422 2299 ﬁdelibus
3438 2260 3571 2314 ope-

1984 2342 2161 2396 retur,
2187 2348 2383 2386 omnes
2414 2333 2641 2402 quidem
2672 2334 2863 2388 lidelcs
2887 2350 3074 2389 secum
3106 2335 3257 2404 ipsos
3280 2336 3572 2390 uniformi-

1984 2432 2069 2478 ter
2110 2440 2209 2494 per
2236 2424 2360 2479 ﬁdei
2392 2441 2558 2478 unam
2585 2426 2816 2495 gratiam
2867 2442 2931 2481 ac
2956 2427 3307 2481 vocationem
3338 2430 3573 2500 conjun-

1982 2531 2149 2586 gens;
2187 2530 2283 2570 eos
2316 2527 2502 2571 autem
2525 2502 2620 2585 qui
2652 2517 2925 2571 actionem
2963 2533 3027 2571 ac
3062 2519 3325 2572 virtutem
3356 2520 3569 2583 colunt,

278 2628 394 2685 aper
425 2628 591 2667 unam
632 2614 933 2668 voluntatis
990 2613 1413 2680 animorumque
1475 2611 1936 2673 consensionem;
1980 2607 2050 2661 ad
2099 2607 2215 2662 haec
2248 2624 2381 2662 vero
2431 2609 2598 2663 etiam
2648 2625 2746 2664 eos
2783 2609 2878 2678 qui
2922 2610 3448 2679 contemplationem
3504 2627 3569 2666 ac

286 2706 603 2769 scientiam,
638 2722 740 2775 per
788 2704 1191 2769 ﬁrmissimam,
1240 2718 1572 2772 omnemque
1608 2701 1911 2757 divisionis
1939 2714 2002 2754 ac
2025 2699 2416 2755 rimaainoxam
2450 2710 2826 2770 respuentcm,
2854 2699 3211 2754 concordiam

362 2799 472 2855 Τοῦ
512 2800 569 2851 δὲ
615 2799 825 2867 κόσμου
853 2836 868 2859 ,
924 2797 1018 2850 τοῦ
1050 2816 1108 2850 τε
1142 2796 1334 2868 νοητοῦ
1366 2798 1460 2851 καὶ
1489 2796 1581 2849 τοῦ
1611 2795 1873 2866 αἰσθητοῦ
1928 2850 1933 2855 ι

284 2888 464 2953 τύπος
492 2891 658 2943 ἐστίν’
686 2889 761 2952 ὡς
786 2889 881 2942 τοῦ
910 2890 1101 2959 νοητοῦ
1128 2891 1335 2960 κόσμου
1361 2890 1421 2943 τὸ
1451 2891 1713 2960 ίερατείον
1738 2888 1875 2958 σύμ-

284 2983 451 3037 βολον
482 2983 699 3053 ἔχουσα*
735 2980 832 3034 τοῦ
863 2981 1122 3051 αἰσθητοῦ
1150 2981 1228 3047 δὲ,
1264 2982 1356 3035 τὸν
1380 2982 1523 3035 ναόν.

364 3158 692 3230 ’Ἃνθρὼπου
730 3159 787 3213 δὲ
842 3160 1006 3213 πάλιν
1039 3159 1202 3213 εἰκών
1231 3160 1407 3224 ἐστιν,
1461 3159 1536 3221 ὡς
1570 3158 1668 3229 τὴν
1697 3156 1877 3228 ψυχὴν

188 3261 200 3270 ‘
288 3253 384 3306 διὰ
425 3254 519 3306 τοῦ
568 3253 834 3322 ίερατείου
868 3253 1181 3322 μιμουμένη
1202 3269 1216 3282 ·
1275 3252 1335 3305 τὸ
1361 3253 1418 3305 δὲ
1453 3252 1631 3321 σῶμα,
1665 3251 1752 3304 διὰ
1781 3250 1875 3304 τοῦ

296 3346 428 3399 ναοῦ
458 3345 896 3415 προϐαλλομένη.
931 3344 1111 3415 Αὐτῆς
1129 3345 1187 3397 δὲ
1211 3345 1311 3415 τῆς
1334 3344 1513 3414 ψυχῆς
1538 3344 1661 3397 καθ’
1679 3344 1877 3414 ἑαυτὴν

299 3437 596 3507 νοουμένης
624 3436 792 3500 τύπος
822 3438 938 3490 ἐστὶ
974 3438 1066 3490 καὶ
1091 3438 1276 3500 εἰκὼν,
1313 3436 1388 3498 ὼς
1417 3436 1511 3490 τοῦ
1537 3434 1876 3507 θεωρητικοῦ

274 3530 390 3582 ιδιά
420 3529 512 3581 τοῦ
544 3528 813 3599 ίερατείου
846 3528 1086 3599 φέρουσα
1114 3529 1175 3582 τὸ
1201 3528 1446 3593 ἐπίδοξον
1469 3546 1483 3560 ·
1521 3528 1617 3581 τοῦ
1644 3529 1701 3582 δὲ
1734 3546 1875 3600 πρα-

305 3621 496 3675 κτικοῦ
525 3622 611 3676 διὰ
634 3620 883 3675 τοῦ’ναοῦ
918 3618 981 3674 τδ
1007 3621 1237 3691 κόσμιον
1268 3620 1486 3691 ἔχουσα.

372 3883 486 3954 Τῆς
514 3883 569 3936 δὲ
597 3884 928 3954 τελουμένης
961 3885 1020 3935 ὲν
1049 3884 1189 3954 αὐτῇ
1217 3884 1375 3952 ἁγίας
1402 3885 1694 3961 συνάξεως,
1721 3887 1752 3953 ἡ
1781 3885 1879 3954 μὲν

301 3974 494 4045 πρώτη
540 3974 743 4037 εἴσοδος
787 3971 1029 4041 γενικῶς
1073 3974 1169 4041 μὲν
1216 3973 1366 4043 δηλοῖ
1397 3974 1496 4043 τὴν
1528 3972 1751 4044 πρώτην
1784 3972 1878 4024 τοῦ

299 4059 436 4112 Θεοῦ
469 4059 624 4130 ἡμῶν
653 4061 956 4131 παρουσίαν
978 4078 991 4092 ·
1030 4060 1235 4124 ,ὶδικῶς
1259 4061 1338 4125 δὲ,
1374 4064 1471 4133 τὴν
1499 4062 1562 4115 δι’
1589 4062 1755 4116 αὐτοῦ
1787 4063 1881 4137 καῖι

303 4154 400 4206 σὺν
423 4152 576 4221 αὐτῷ
606 4153 714 4205 τῶν
741 4152 800 4217 ἐξ
820 4154 1081 4217 ἀπιστίας
1108 4154 1416 4218 εἱςῇίστιν,
1438 4155 1529 4207 καὶ
1551 4157 1658 4208 ἀπὸ
1679 4156 1880 4217 κακίας

300 4246 379 4308 εἰς
408 4243 632 4314 ἀρετὴν,
669 4245 764 4297 καὶ⁵
795 4245 902 4297 άπὸ
933 4246 1210 4313 ἀγνωσίας
1241 4247 1323 4308 είς
1351 4246 1552 4312 γνῶσιν
1584 4246 1881 4316 εἰσαγομέ-

299 4354 403 4391 νων
428 4339 589 4390 ὲπιστ
599 4338 790 4407 ροφήν.

367 4518 451 4571 Τά
476 4518 532 4570 δὲ
566 4516 826 4587 γινόμενα
863 4518 982 4586 μετ’
999 4517 1168 4589 αὐτὴν
1194 4518 1620 4589 άναγνώσματα,
1647 4516 1879 4585 γενικῶς

301 4611 422 4680 μὲν,
480 4610 552 4662 τὰ
600 4609 719 4661 θεῖα
767 4609 1047 4678 θελήματά
1088 4627 1148 4662 τε
1205 4611 1299 4662 καὶ
1335 4610 1671 4680 βουλήματα,
1704 4606 1882 4661 καθ’ἃ

300 4703 407 4771 χρὴ
459 4702 591 4764 τοὺς
631 4701 838 4764 πάντας
870 4701 1223 4755 παιδεύεσθαί
1258 4719 1317 4754 τε
1361 4701 1453 4755 καὶ
1480 4701 1878 4764 πολιτεύεσθαι,

305 4793 522 4861 μηνύει·
566 4791 751 4855 ἱδικῶς
774 4791 852 4856 δὲ,
886 4792 984 4862 τὴν
1014 4793 1157 4846 κατὰ
1188 4794 1288 4863 τὴν
1317 4793 1499 4846 πίστιν
1526 4793 1881 4846 διδασκαλίαν

302 4884 401 4937 καὶ
452 4885 735 4955 προκοπὴν
787 4885 896 4939 τῶν
946 4887 1395 4957 *πιστευσάντων*
1454 4886 1550 4937 καὶ
1600 4884 1708 4936 τῶν
1740 4902 1880 4954 πρα-

299 4977 509 5032 κτικῶν
558 4981 658 5045 τὴν
703 4978 824 5031 κατ’
854 4978 1055 5049 ἀρετὴν
1084 4979 1288 5046 παγίαν
1325 4978 1566 5031 διάθεσιν
1587 4993 1603 5009 ·
1661 4972 1784 5029 καθ’
1816 4979 1882 5049 ἢν

290 5068 380 5139 τῷ
407 5069 536 5140 θείῳ
560 5071 711 5141 νόμῳ
740 5069 1080 5140 στοιχοῦντες
1128 5070 1236 5122 τῶν
1270 5071 1498 5123 ἐντολῶν
1528 5070 1795 5141 ἀνδρικῶς
1821 5087 1881 5123 τε

292 5160 399 5225 καὶ
449 5160 759 5232 άκλονήτως
800 5162 1047 5215 ἵστανται
1111 5163 1247 5232 πρὸς
1299 5163 1398 5226 τὰς
1454 5161 1732 5232 μεθοδείας
1781 5161 1878 5215 τοῦ

282 5253 584 5333 διαϐόλου,
636 5256 728 5307 καὶ
757 5254 856 5318 τὰς
884 5256 1266 5325 ἀντικειμένας
1297 5255 1578 5323 ἐνεργείας
1605 5254 1879 5322 διαδιδρά-

282 5359 518 5399 σκουσι⁸
572 5346 666 5398 καὶ
692 5346 800 5398 τῶν
823 5346 1141 5414 γνωστικῶν
1170 5347 1266 5418 τὴν
1297 5346 1441 5402 κατὰ
1466 5347 1701 5419 θεωρίαν
1729 5346 1871 5411 ἕξιν·

286 5435 423 5490 καθ’
445 5435 514 5506 ἢν
557 5437 683 5499 τοὺς
729 5436 837 5489 τῶν
877 5437 1151 5492 αίσο.ιτῶν
1193 5439 1286 5492 καῖ⁶
1312 5439 1412 5509 τῆς
1436 5440 1522 5491 ἐπ’
1540 5439 1719 5500 αὐτοῖς
1744 5455 1876 5508 προ-

2055 2778 2247 2848 Mundi
2280 2804 2488 2858 autem,
2524 2803 2641 2859 tum
2671 2796 2791 2865 ejus
2819 2794 2911 2863 qui
2953 2802 3135 2848 mente
3168 2795 3303 2859 sola,
3336 2792 3569 2861 tumqui

1981 2899 2146 2939 sensu
2173 2884 2501 2954 percipitur,
2543 2883 2715 2954 ﬁgura
2744 2892 2862 2949 est;
2903 2894 2961 2938 ut
2987 2900 3110 2953 quae
3141 2884 3330 2937 mundi
3363 2883 3567 2937 intelli-

1908 3019 1912 3023 ‹
1980 2976 2164 3046 gibilis
2196 2976 2502 3030 sacrarium
2542 2975 2853 3046 symbolum
2896 2976 3131 3039 habeat;
3180 2976 3343 3045 hujus
3377 2983 3564 3028 autem

1979 3070 2075 3139 qui
2102 3070 2158 3124 in
2192 3084 2412 3125 sensum
2446 3069 2614 3132 cadit,
2643 3068 2928 3138 templum.

2051 3163 2270 3216 Rursus
2296 3175 2429 3214 vero
2475 3161 2655 3230 imago
2699 3168 2784 3213 est
2830 3160 3094 3221 hominis,
3118 3168 3181 3213 ut
3213 3175 3334 3228 quae
3368 3159 3565 3214 animm

1978 3270 2079 3324 per
2119 3255 2423 3309 sacrarium
2465 3255 2705 3322 speciem
2738 3253 2978 3319 referat;
3031 3269 3131 3322 per
3157 3253 3422 3321 templum
3468 3268 3565 3307 au.-

1980 3350 2090 3397 tem
2129 3358 2334 3412 corpus
2360 3344 2636 3412 prmferat.
2678 3342 2864 3411 Ipsius
2897 3351 3080 3397 autem
3108 3343 3304 3398 anima:
3344 3352 3404 3397 ut
3446 3343 3564 3413 ipsa

1979 3436 2287 3490 secundum
2319 3451 2377 3488 se
2405 3450 2470 3489 ac
2518 3436 2769 3489 sc‘orsum
2820 3435 3233 3498 consideratur,
3278 3434 3448 3505 ﬁgura
3478 3444 3564 3490 est

1980 3544 2045 3582 ac
2087 3528 2296 3593 imago,
2346 3535 2405 3580 ut
2429 3542 2551 3595 quae
2586 3542 2684 3593 per
2735 3527 3040 3580 sacrarium
3074 3527 3195 3594 ejus
3232 3531 3408 3595 partis
3439 3542 3561 3594 qua:

1980 3615 2433 3683 contemplationi
2487 3615 2674 3669 studet
2716 3616 3027 3669 claritatem
3069 3615 3238 3679 ferat;
3290 3631 3391 3684 per
3425 3625 3561 3669 tem-

1980 3709 2131 3777 plum
2180 3716 2366 3759 autem
2408 3707 2529 3776 ejus
2554 3723 2676 3787 quae
2711 3708 2952 3772 actioni,
2989 3716 3246 3760 ornatum
3278 3708 3560 3762 decorem-

1978 3815 2086 3868 que
2121 3797 2389 3851 obtineat.

2052 3890 2189 3959 Ejus
2209 3897 2392 3941 autem
2416 3887 2608 3957 qumin
2638 3904 2702 3941 ea
2733 3892 3017 3957 peragitur
3052 3903 3221 3943 sacra:
3252 3904 3557 3959 synaxeos;

1979 3982 2189 4052 primus
2223 3981 2446 4050 quidem
2488 3981 2749 4034 introitus
2797 3980 3133 4051 generaliter
3160 3980 3384 4049 quidem
3440 3982 3558 4051 pri—

1980 4089 2130 4127 mum
2164 4072 2367 4126 Christi
2402 4071 2497 4126 Dei
2546 4073 2724 4125 nostri
2774 4073 3070 4141 adventum
3100 4073 3401 4141 significat;
3434 4088 3562 4142 pro-

1980 4164 2097 4235 prie
2127 4179 2279 4226 vero,
2326 4180 2467 4225 eam,
2494 4180 2615 4231 quae
2661 4181 2759 4232 per
2795 4165 2974 4233 ipsum
3005 4205 3019 4227 ,
3057 4165 3284 4234 ipsoque
3336 4165 3561 4233 auspice

1981 4263 2086 4320 est,
2122 4269 2315 4308 eorum
2361 4254 2456 4323 qui
2506 4254 2574 4307 ab
2615 4255 2944 4308 inﬁdelitate
2976 4254 3041 4307 ad
3078 4255 3335 4317 ﬁdem,ct
3362 4270 3392 4309 a
3425 4255 3562 4309 vitio

1900 4404 1913 4425 ο
1982 4348 2049 4400 ad
2096 4347 2382 4410 virtutem,
2419 4358 2585 4415 atque
2608 4346 2677 4399 ab
2701 4346 3008 4416 ignorantia
3034 4346 3099 4399 ad
3136 4347 3423 4400 scientiam
3476 4345 3562 4399 in-

1912 4469 1955 4523 ο
1984 4436 2270 4490 ducuntur
2297 4437 2747 4491 conversionem.

2054 4528 2185 4595 Quae
2214 4536 2395 4583 autem
2426 4529 2495 4582 ab
2535 4543 2602 4582 eo
2633 4536 2943 4597 sequuntur
2979 4527 3267 4589 lectiones,
3293 4526 3566 4596 generali-

1982 4628 2066 4672 ter
2096 4618 2320 4687 quidem
2339 4617 2555 4671 divinas
2572 4618 2886 4672 voluntates
2915 4628 2971 4672 et
2997 4615 3224 4671 consilia
3250 4615 3559 4684 designant,

1977 4727 2045 4765 ex
2081 4726 2318 4780 quorum
2350 4711 2564 4765 ratione
2590 4726 2815 4765 necesse
2849 4720 2956 4774 est,
2989 4722 3051 4765 ut
3082 4725 3275 4763 omnes
3297 4708 3561 4761 erudian-

1978 4812 2070 4855 tur
2100 4802 2380 4869 vitamque
2404 4801 2732 4865 instituant;
2766 4803 2988 4872 proprie
3017 4809 3224 4863 autem,
3250 4814 3441 4852 eorum
3465 4796 3557 4866 qui

1979 4894 2339 4969 crediderunt
2367 4894 2492 4948 ﬁdei
2522 4893 2829 4947 doctrinam
2862 4902 3029 4961 atque
3074 4891 3414 4960 profectum;
3445 4895 3557 4940 tum

1980 4986 2192 5040 scilicet
2217 5000 2432 5049 eorum,
2465 4985 2558 5053 qui
2588 4986 2863 5039 actionem
2897 4984 3105 5047 colunt,
3153 4981 3363 5034 ﬁrmam
3386 4980 3561 5033 virtu-

1982 5074 2051 5129 tis
2073 5073 2519 5143 dispositionem;
2552 5074 2944 5151 gua,divinam
2973 5074 3354 5127 mandatorum
3384 5072 3558 5140 legem

1979 5171 2269 5225 sectantes,
2295 5164 2441 5217 virili
2468 5164 2812 5233 infractaque
2831 5162 3139 5216 constantia
3155 5162 3416 5216 adversus
3438 5159 3559 5213 dia-

1978 5253 2090 5307 boli
2128 5254 2356 5309 insidias
2385 5255 2716 5316 consistunt,
2748 5268 3052 5323 eorumque
3076 5254 3346 5307 occultam
3370 5251 3478 5305 vim
3497 5265 3560 5304 ac

1984 5345 2510 5401 molitioncscavcnt
2524 5354 2688 5415 atque
2708 5345 2956 5415 fugiunt;
2975 5353 3090 5397 tum
3110 5360 3241 5398 vero
3260 5343 3353 5413 qui
3378 5341 3563 5395 scien-

1987 5438 2118 5491 tiam
2155 5436 2348 5491 colunt
2386 5437 2720 5505 studeutque
2777 5433 3065 5504 sapientia:
3088 5476 3109 5500 ,
3145 5429 3564 5503 contemplatio-

1533 5588 1764 5645 νΑιιιιΕ
1804 5588 2221 5647 ΙΑΕΟΤΙΟΝΕΞπ

357 5704 413 5738 ⁸⁸
452 5703 722 5774 μεταλήψ.
757 5719 807 5758 c.
842 5704 907 5759 A.
939 5713 994 5760 et
1020 5706 1109 5760 Fr.
