3978 6168
420 206 524 268 707

1614 195 1674 255 S.
1719 192 2007 255 ΜΛΧΙΜΙ
2044 195 2551 259 CONFESSORIS

3585 206 3691 271 708

415 317 507 369 nis
534 311 820 375 habitum;
848 310 1007 378 cujus
1046 321 1302 371 munere,
1335 321 1520 361 rerum
1569 306 1623 359 in
1651 320 1875 360 sensum
1907 321 2001 359 ca-

2120 304 2253 371 ψοίας
2295 312 2700 375 πνευματικοὺς
2750 311 2891 365 κατὰ
2930 312 3160 382 δύναμιν
3202 314 3588 386 συλλεγόμενοι
3610 319 3695 371 λό-

416 405 672 458 dentium
704 399 1082 470 spiritalisque
1117 397 1175 451 in
1218 396 1301 451 eis
1344 395 1709 465 providentiae
1756 396 2001 449 rationes

2120 420 2253 470 τους,
2292 404 2546 468 ἀπλανῶς
2579 405 2719 475 πρὸς
2748 404 2845 476 τὴν
2872 405 3132 475 ἀλήθειαν
3160 407 3439 477 φέρονται.

418 496 764 565 colligentes,
796 492 1008 562 absque
1042 505 1236 545 errore
1271 489 1340 543 ad
1368 488 1663 544 veritatem
1684 495 1941 542 currunt.

486 587 698 640 Divina:
713 592 900 638 autem
928 583 1273 638 canticorum
1301 580 1732 644 modulationes,
1754 580 2001 634 divinam

415 677 819 751 iucunditatem
850 690 917 730 ac
952 675 1295 744 voluptatem
1329 674 1576 728 omnium
1604 672 1807 728 animis
1843 672 2002 751 inna-

414 780 695 836 scentem;
716 785 823 839 qua
840 768 1068 839 mystice
1090 766 1355 830 roborati,
1375 764 1724 835 superiorum
1752 763 2004 818 omnium

419 861 579 932 521
612 860 839 915 virtutis
867 859 1021 914 cultu
1046 858 1297 912 laborum
1321 855 1658 911 oblivionem
1693 863 2003 918 sumentes,

418 954 489 1007 ad
522 968 716 1008 eorum
743 968 865 1022 qua;
895 952 1109 1021 reliqua
1138 958 1290 1014 sunt,
1318 949 1636 1004 divinorum
1669 945 2005 1015 incorrupti-

420 1046 730 1115 biliumque
766 1045 1037 1099 bonorum
1088 1043 1390 1097 vehemens
1444 1048 1885 1107 contentamque
1915 1052 2008 1092 ve—

419 1138 532 1209 geti
569 1153 633 1192 ac
652 1138 865 1191 alacres
893 1134 1277 1191 accenduntur
1309 1132 1671 1187 desiderium.

495 1230 757 1285 Sanctum
796 1240 982 1282 autem
1012 1227 1390 1297 Evangelium,
1422 1223 1753 1295 generaliter
1784 1220 2009 1292 quidem

416 1323 587 1393 hujus
630 1322 817 1377 διέσυιί
864 1320 1357 1376 consummationis
1385 1327 1470 1372 est
1498 1316 1839 1388 symbolum;
1880 1330 2009 1385 pro-

419 1415 540 1483 prie
567 1429 722 1477 vero,
752 1428 947 1467 eorum
969 1412 1064 1483 qui
1087 1410 1464 1473 crediderunt,
1488 1408 1728 1479 perfecte
1750 1406 2010 1475 omnique

414 1523 488 1561 ex
514 1515 668 1576 parte
696 1505 908 1574 antiqui
933 1504 1140 1559 erroris
1169 1502 1524 1558 abolitionem
1555 1500 1835 1570 designat;
1868 1507 2013 1552 tum-

414 1614 526 1669 que
575 1613 767 1653 eorum
810 1597 906 1666 qui
946 1596 1225 1651 actionem
1262 1595 1473 1657 colunt,
1507 1591 2008 1655 mortiﬁcationem,

418 1689 665 1759 legisque
697 1704 761 1743 ac
790 1704 986 1743 sensus
1015 1688 1222 1752 carnis,
1256 1702 1353 1741 seu
1394 1686 1514 1755 ejus
1538 1683 1847 1753 prudentia:
1873 1697 2008 1736 con—

416 1782 874 1846 summationcm;
908 1790 1024 1834 tum
1062 1794 1257 1833 eorum
1289 1779 1385 1847 qui
1424 1776 1749 1847 sapientiam
1778 1790 1843 1829 ac
1874 1789 2011 1829 con—

422 1874 858 1943 templationem,
890 1873 1132 1942 plurium
1162 1886 1228 1924 ac
1269 1870 1613 1923 diversarum
1643 1867 1920 1921 rationum
1955 1865 2012 1919 in

419 1964 815 2033 amplissimam
850 1978 1013 2015 unam
1060 1958 1393 2028 maximique
1426 1957 1668 2012 ambitus
1713 1955 2011 2037 rationem,

422 2055 815 2109 coercitionem
867 2068 932 2107 ac
979 2052 1339 2115 relationem;
1390 2064 1588 2118 nempe
1633 2055 2013 2102 consummata

2177 580 2259 634 Τά
2305 581 2362 635 δὲ
2419 583 2541 635 θεῖα
2593 582 2703 637 τῶν
2740 584 3004 654 ᾀσμάτων
3033 583 3370 655 μελξσματα,
3413 585 3516 657 τὴν
3540 586 3693 655 ἐγγιν-

2108 671 2347 742 νομένην
2395 676 2518 736 ταῖς
2560 673 2819 727 ἁπάντων
2835 674 2882 705 ⁸⁸
2932 672 3136 743 ψυχαῖς
3182 674 3337 729 θείαν
3369 676 3564 747 ἡδονὴν
3602 677 3694 730 καὶ

2106 765 2474 835 τερπνότητα’
2510 765 2633 819 καθ’
2656 766 2724 835 ὴν
2755 766 3037 836 μυστικῶς
3070 766 3432 837 ρωννύμεναι,
3454 766 3566 820 τῶν
3593 766 3692 837 μὲν

2106 855 2502 927 παρελθόντων
2552 858 2651 926 τῆς
2711 858 2913 930 ἀρετῆς
2963 857 3408 914 ἐπιλανθάνονται
3460 860 3643 912 πόνων
3673 875 3687 889 ο

2108 951 2248 1022 πρὸς
2293 950 2352 1003 δὲ
2401 950 2501 1021 τὴν
2547 950 2659 1004 τῶν
2698 950 3038 1021 λειπομένων
3072 953 3231 1006 θείων
3274 954 3369 1008 καὶ
3396 955 3689 1027 ἀκηράτων

2110 1042 2355 1111 ἀγαθῶν,
2393 1044 2646 1108 νεάςουσι
2677 1043 2892 1098 εὔτονον
2924 1044 3130 1113 ἔφεσιν.

2181 1221 2257 1275 Τὸ
2311 1223 2368 1275 δὲ
2425 1223 2579 1291 ἆγιον
2633 1224 2987 1292 Εὑαγγέλιον,
3028 1226 3262 1293 γενικῶς
3290 1228 3389 1295 μὲν
3426 1228 3691 1298 σύμϐολόν

2112 1312 2226 1363 ἐστι
2271 1311 2371 1380 τῆς
2423 1312 2733 1376 συντελείας
2781 1313 2874 1366 τοῦ
2902 1313 3100 1373 αίῶνος
3130 1315 3323 1369 τούτου
3353 1332 3369 1346 ’
3404 1316 3587 1382 ἰδικῶς
3607 1318 3689 1389 δὲ,

2110 1402 2221 1457 τῶν
2274 1404 2373 1473 μὲν
2433 1404 2847 1459 πιστευσάντων
2893 1407 3047 1477 δηλοῖ
3072 1407 3164 1461 τὸν
3191 1409 3436 1480 παντελῆ
3465 1411 3563 1482 τῆς
3598 1413 3694 1483 ἀρ-

2111 1493 2273 1561 χαίας
2311 1494 2518 1564 πλάνης
2545 1495 2852 1566 ἀφανισμόν
2883 1513 2899 1531 ·
2933 1498 3043 1552 τῶν
3080 1498 3139 1552 δὲ
3198 1501 3543 1570 πρακτικῶν,
3597 1503 3693 1573 τὴν

2113 1586 2380 1655 νέκρωσιν
2431 1588 2526 1640 καὶ
2577 1589 2891 1644 συντέλειαν
2919 1591 3016 1644 τοῦ
3062 1592 3207 1646 κατά
3231 1594 3411 1664 σάρκα
3439 1593 3605 1665 νόμου
3637 1612 3693 1649 τε

2110 1679 2205 1731 καὶ
2238 1680 2586 1750 φρονήματος
2620 1697 2636 1713 ·
2670 1682 2780 1735 τῶν
2800 1681 2859 1735 δὲ
2888 1684 3229 1751 γνωστικῶν,
3259 1686 3359 1757 τὴν
3416 1687 3553 1758 πρὸς
3605 1688 3694 1740 τόν

2113 1771 2583 1824 συνεκτικώτατον
2633 1772 2792 1841 λόγον
2845 1774 2956 1828 τῶν
3013 1775 3227 1829 πολλῶν
3278 1777 3374 1829 καὶ
3420 1776 3694 1848 διαφόρων

2111 1859 2285 1930 λόγων
2340 1862 2667 1932 συναγωγήν
2697 1880 2757 1917 τε
2786 1865 2880 1920 καὶ
2904 1866 3209 1937 ἀναφορὰν,
3251 1867 3695 1939 συντελεσθείσης

2112 1959 2294 2020 αὐτοῖς
2351 1958 2447 2011 καὶ
2496 1958 2913 2031 περατωθείσης
2963 1960 3068 2031 ’τῆς
3116 1957 3559 2032 διεξοδικωτέρας
3605 1962 3697 2015 καὶ

2115 2050 2509 2121 ποικιλωτέρας
2538 2055 2775 2123 φυσικῆς
2795 2040 3051 2125 θεωρίαςξ

421 2148 533 2202 iilis
562 2159 829 2218 nactaque
866 2149 1183 2212 terminum,
1209 2160 1332 2215 qua:
1375 2143 1550 2198 fusior
1577 2142 1909 2212 expatiatur,
1940 2157 2006 2198 ac
2041 2146 2213 2216 magis
2279 2149 2429 2203 varia
2491 2157 2596 2213 est,
2634 2149 2870 2204 naturali
2898 2149 3362 2220 contemplatione
3394 2164 3459 2206 ac
3500 2165 3700 2221 specu-

421 2245 647 2299 latione.

490 2337 773 2391 Pontiﬁcis
819 2343 1001 2390 autem
1033 2350 1064 2389 e
1096 2334 1227 2389 sede
1276 2332 1609 2396 descensus,
1650 2346 1714 2387 ac
1752 2331 2013 2387 catechu-

420 2444 710 2482 menoruni
736 2428 953 2498 ejectio,
985 2426 1318 2495 generaliter
1345 2423 1568 2493 quidem
1601 2422 1895 2493 signiﬁcat,
1924 2437 2015 2477 se-

420 2519 664 2575 cundum
697 2519 877 2588 magni
914 2518 1006 2572 Dei
1040 2534 1103 2573 ac
1127 2518 1425 2571 Salvatoris
1452 2516 1625 2572 nostri
1652 2514 1779 2569 Jesu
1802 2515 2014 2571 Christi

420 2624 451 2663 e
476 2609 635 2663 cmlis
659 2609 980 2671 adventum,
1013 2623 1076 2660 ac
1101 2616 1453 2675 peccatorum
1484 2621 1515 2659 a
1539 2605 1743 2659 sanctis
1769 2620 2016 2675 segrega-

422 2701 655 2764 tioncm,
704 2701 1019 2771 justamquc
1068 2714 1168 2768 pro
1213 2699 1480 2769 cujusque
1527 2696 1741 2751 meritis
1771 2697 2015 2751 retribu-

424 2792 662 2856 tionem;
696 2790 914 2860 proprie
951 2796 1156 2853 autem,
1192 2787 1491 2857 perfectam
1539 2803 1733 2841 eorum
1764 2788 1858 2857 qui
1889 2803 2013 2842 cre-

420 2882 683 2936 diderunt
706 2882 760 2936 in
799 2881 904 2935 ﬁde
931 2880 1342 2944 certitudinem,
1372 2895 1537 2950 quam
1583 2879 1714 2933 facit
1763 2879 1907 2933 Deus
1950 2893 2015 2934 ac

422 2975 664 3029 Verbum
713 2973 977 3027 invisibili
1025 2972 1236 3026 ratione
1283 2971 1613 3035 adveniens;
1665 2986 1764 3039 per
1806 2984 2008 3039 quam,
2040 2954 2081 3010 (ἶ

421 3067 603 3119 omnis
639 3065 749 3119 ullo
794 3064 958 3119 modo
1008 3062 1325 3118 claudicans
1359 3062 1415 3117 in
1462 3062 1569 3117 ﬁde
1623 3062 1821 3132 (instar
1858 3069 2010 3115 cate-

422 3157 705 3225 chumeni)
733 3156 992 3226 cogitatio
1035 3168 1201 3226 atque
1247 3157 1388 3210 ratio
1430 3155 1501 3208 ab
1531 3154 1614 3208 eis
1659 3153 1954 3222 expellitur
1993 3169 2009 3207 :

422 3266 615 3305 eorum
656 3259 838 3305 autem
886 3250 981 3319 qui
1015 3250 1204 3303 colunt
1237 3248 1533 3312 actionem,
1563 3245 1862 3315 perfectam
1906 3244 2012 3298 im-

426 3342 734 3411 perturbati
768 3342 936 3396 animi
983 3340 1459 3410 tranquillitatem,
1488 3353 1587 3408 per
1615 3352 1778 3406 quam
1824 3322 2012 3390 libidi-

425 3451 561 3490 nosa
609 3437 811 3499 omnis,
866 3450 970 3489 nec
1026 3432 1433 3488 illuminatione
1471 3431 1670 3485 donata
1729 3429 2010 3499 cogitatio,

425 3528 495 3583 ab
536 3528 716 3583 anima
759 3528 1014 3592 decedit;
1047 3540 1243 3580 eorum
1284 3540 1416 3579 vero
1445 3523 1539 3593 qui
1586 3521 1915 3592 sapientiam
1950 3536 2015 3575 ac

427 3620 968 3691 contemplationem,
999 3618 1253 3673 altiorem
1303 3615 1521 3687 cognita
1554 3614 1838 3691 complexu
1885 3627 2015 3667 con-

430 3690 695 3764 tinentem
733 3709 1042 3770 scientiam,
1080 3708 1238 3777 cujus
1264 3720 1493 3760 munere
1522 3720 1587 3758 ac
1612 3690 1733 3757 lucc
1769 3712 2016 3756 terreno-

428 3814 549 3853 rum
584 3799 878 3853 simulacra
904 3798 1089 3853 omnia
1112 3798 1181 3851 ab
1211 3799 1392 3851 anima
1418 3795 1727 3864 diﬁ‘ugiant.

496 3890 655 3956 Quod
714 3897 899 3945 autem
963 3889 1296 3943 clauduntur
1359 3887 1527 3949 fores,
1591 3893 2015 3953 sanctorumque

423 3982 814 4052 mysteriorum
854 3981 1153 4049 ingressus,
1189 3993 1405 4031 necnon
1460 3974 1707 4029 divinum
1741 3972 2011 4040 osculum,

425 4086 490 4127 ac
534 4071 779 4141 Symboli
828 4070 954 4125 ﬁdei
1004 4068 1365 4132 exclamatio,
1420 4065 1748 4137 generaliter
1790 4065 2013 4135 quidem

425 4160 755 4231 signiﬁcant,
782 4161 1071 4230 praeterire-
1095 4175 1218 4230 quae
1247 4161 1302 4214 in
1334 4173 1553 4214 sensum
1584 4156 1807 4223 cadunt,
1839 4173 2014 4226 eaque

426 4253 826 4308 manifestanda
849 4270 969 4324 qua:
994 4262 1178 4308 mente
1213 4252 1629 4323 intelliguntur;
1660 4265 1856 4305 novam
1880 4250 2009 4305 item

425 4343 598 4398 divini
648 4360 775 4416 erga
824 4361 928 4399 nos
971 4345 1212 4416 mysterii
1261 4344 1603 4408 doctrinam;
1653 4343 2011 4412 omniumque

425 4450 550 4490 cum
577 4437 856 4503 omnibus,
885 4436 1083 4506 seipsis
1117 4436 1323 4506 pariter
1345 4451 1410 4490 ac
1439 4436 1572 4497 Deo,
1608 4435 1848 4489 futuram
1881 4452 2014 4490 con-

425 4529 628 4584 cordiae
657 4545 720 4584 ac
763 4528 1145 4584 consensionis
1192 4543 1256 4582 ac
1300 4526 1615 4583 dilectionis
1652 4527 1761 4580 vim
1813 4542 2011 4593 unam;

425 4621 654 4690 ejusque
683 4619 876 4674 salutis
907 4634 1055 4689 ergo,
1089 4634 1254 4689 quam
1297 4617 1366 4672 iis
1400 4616 1579 4671 modis
1607 4619 1889 4673 consecuti
1923 4634 2017 4673 su-

427 4726 571 4772 mus.
602 4711 907 4781 gratiarum
939 4709 1234 4763 actionem.
1272 4707 1500 4777 Proprie
1529 4716 1736 4773 autem,
1770 4708 2014 4764 ﬁdelium

424 4803 647 4873 quidem
698 4819 728 4857 a
782 4802 1017 4873 simplici
1071 4802 1177 4857 ﬁde
1222 4801 1290 4857 ad
1337 4800 1655 4871 dogmatum
1705 4802 2012 4857 doctrinam

424 4903 482 4948 et
512 4895 894 4949 cinitiationem
936 4908 1377 4963 consensumque
1407 4892 1568 4963 522
1610 4907 1674 4948 ac
1714 4893 2015 4963 gratiarum

424 4986 721 5052 actionem,
755 4985 1064 5056 profectum
1097 4985 1246 5056 (nam
1276 4987 1515 5056 primum
1563 4985 1837 5055 signiﬁcat
1867 4986 2014 5056 quod

425 5072 760 5128 clauduntur
794 5073 970 5141 fores;
999 5075 1257 5137 alterum,
1284 5084 1598 5129 sanctorum
1625 5073 2013 5143 mysteriorum

425 5165 719 5232 introitus;
752 5168 996 5232 tertium,
1025 5168 1275 5222 osculum
1316 5167 1433 5221 sive
1462 5165 1746 5235 amplexus
1776 5174 1832 5221 et
1861 5166 2011 5221 salu--

426 5258 595 5323 tatio;
622 5243 903 5328 quartum,
935 5259 1166 5331 symboli
1191 5257 1533 5325 exclamatio)
1564 5272 1794 5312 :eorum
1827 5265 2010 5311 autem

426 5345 521 5413 qui
543 5347 732 5400 colunt
753 5349 1047 5415 actionem,
1073 5350 1141 5403 ab
1162 5349 1375 5404 actione
1397 5349 1463 5403 ad
1487 5348 2007 5417 contemplationem

2199 2331 2262 2384 'H
2291 2332 2348 2384 δὲ
2375 2331 2468 2386 τοῦ
2499 2333 2803 2404 ἀρχιερέως
2832 2334 2939 2387 ἀπὸ
2995 2334 3089 2387 τοῦ
3137 2333 3329 2405 θρόνου
3367 2338 3694 2403 κατάϐασις,

2117 2424 2211 2476 καὶ
2259 2426 2291 2492 ἡ
2343 2425 2451 2477 τῶν
2477 2425 2907 2496 κατηχουμένων
2948 2425 3169 2495 ἐκϐολὴ,
3198 2427 3432 2495 γενικῶς
3462 2429 3561 2498 μὲν
3597 2447 3698 2498 ση-

2120 2515 2302 2584 μαίνει
2336 2516 2435 2585 τὴν
2462 2516 2556 2569 ἀπ’
2587 2516 2819 2587 ούρανοῦ
2853 2516 3115 2587 δευτέραν
3150 2518 3245 2571 τοῦ
3279 2519 3516 2589 μεγάλου
3559 2520 3699 2574 Θεοῦ

2116 2609 2211 2661 καὶ
2239 2608 2489 2678 Σωτῆρος
2516 2608 2675 2678 ἡμῶν
2735 2608 2911 2678 Ἰησοῦ
2951 2609 3187 2680 Χριστοῦ
3234 2600 3557 2681 παρουσίαν,
3606 2614 3702 2666 καὶ

2114 2698 2205 2751 τὸν
2247 2697 2355 2751 ἀπὸ
2385 2698 2492 2751 τῶν
2523 2698 2696 2767 ἁγίων
2721 2698 3028 2769 άφορισμδν
3051 2699 3161 2753 τῶν
3191 2700 3535 2772 ἁμαρτωλῶν
3560 2718 3576 2750 .-
3604 2704 3701 2756 xui.

2113 2789 2213 2858 τὴν
2242 2788 2464 2843 δικαίαν
2495 2790 2634 2861 πρὸς
2680 2790 2780 2862 τὴν
2811 2790 3044 2844 ἑκάστου
3079 2790 3237 2855 ἀξίαν
3262 2791 3499 2864 ἀμοιϐήν
3532 2810 3548 2823 ·
3603 2793 3701 2846 ίδι-

2116 2877 2225 2939 κῶς
2249 2877 2328 2937 δὲ,
2354 2875 2452 2948 τὴν
2482 2877 2700 2931 τελείαν
2733 2879 2793 2930 ὲν
2837 2877 3019 2932 πίστει
3049 2878 3162 2932 τῶν
3198 2881 3608 2935 πιστευσάντων
3649 2881 3697 2913 ⁸⁷

2115 2966 2511 3039 πληροφορίαν,
2573 2970 2639 3039 ἣν
2699 2973 2848 3022 ποιεῖ
2890 2971 3327 3041 παραγινόμενος
3374 2972 3622 3043 ἀοράτως
3670 2975 3701 3027 ό

2113 3058 2247 3121 Θεὸς
2290 3059 2385 3112 καὶ
2422 3060 2596 3128 Λόγος
2625 3075 2642 3091 ’
2677 3059 2746 3113 δι’
2778 3055 2847 3132 ἦς
2877 3064 2986 3124 πᾶς
3017 3061 3100 3115 ἔτι
3122 3060 3245 3117 καθ’
3273 3061 3455 3117 ὁτιοῦν
3482 3064 3702 3129 σκάζων

2114 3151 2259 3205 κατά
2284 3150 2382 3219 τὴν
2404 3151 2589 3205 πίστιν
2620 3152 2883 3224 λογισμὸς
2910 3153 3326 3226 κατηχουμένου
3351 3156 3576 3227 τρόπον,
3601 3157 3703 3211 αύ-

2112 3244 2225 3298 τῶν
2262 3244 2630 3300 ἀπελαύνεται
2662 3262 2678 3277 ο
2710 3246 2821 3299 τῶν
2844 3246 2901 3300 δὲ
2947 3249 3289 3319 πρακτικῶν,
3342 3249 3442 3319 τὴν
3485 3248 3701 3302 τελείαν

2112 3331 2405 3396 ἀπάθειαν.
2439 3336 2507 3389 δι’
2542 3331 2609 3407 ἦς
2635 3338 2746 3399 ⁸ιάς
2782 3337 3036 3407 ἐμπαθὴς
3081 3338 3178 3393 καὶ
3207 3337 3514 3408 ἀφώτιστος
3562 3338 3703 3406 λογιο

2116 3429 2252 3498 σμὸς
2276 3429 2377 3497 τῆς
2417 3428 2595 3500 ψυχῆς
2627 3430 2948 3499 ἀπογίνεται
2974 3447 2990 3462 ·
3015 3431 3124 3484 τῶν
3148 3432 3204 3484 δὲ
3233 3432 3575 3500 γνωστικῶν,
3597 3433 3700 3504 τὴν

2117 3521 2440 3590 συνεκτικὴν
2496 3523 2810 3593 ἐπιστήμην
2855 3521 2967 3575 τῶν
3005 3523 3437 3594 ἐπεγνωσμένων
3488 3523 3536 3555 ⁵⁸
3566 3539 3583 3556 ’
3630 3523 3700 3578 δι’

2113 3605 2182 3683 ἧς
2231 3614 2404 3666 πᾶσαι
2448 3613 2556 3667 τῶν
2607 3613 2807 3667 ύλικῶν
2836 3617 2893 3668 αί
2938 3614 3148 3680 εἰκόνες
3171 3616 3270 3686 τῆς
3294 3616 3472 3687 ψυχῆς
3506 3615 3703 3669 ἐκδιώ-

2113 3722 2319 3760 κονται.

2200 3881 2264 3933 Ἠ
2295 3880 2352 3934 δὲ
2385 3880 2591 3945 κλεῖσις
2618 3881 2726 3935 τῶν
2765 3881 2970 3953 θυρῶν,
3009 3882 3106 3937 καὶ
3152 3886 3198 3955 ὴ·
3225 3884 3333 3938 τῶν
3372 3886 3544 3954 ἁγίων
3589 3905 3700 3958 μυ-

2117 3973 2356 4043 στηρίων
2376 3972 2600 4039 εἴσοδος,
2630 3973 2725 4026 καλ⁵
2754 3975 2782 4028 ὁ
2811 3973 2955 4038 θεῖος
3002 3976 3313 4047 ἀσπασμὸς,
3368 3980 3464 4031 καὶ
3511 3981 3545 4049 ἡ
3600 3979 3700 4033 τοῦ

2118 4067 2391 4136 συμϐόλου
2433 4067 2535 4138 τῆς
2581 4067 2818 4131 πίστεως
2848 4068 3177 4139 ὲκφώνησις,
3210 4072 3446 4141 γενικῶς
3477 4074 3575 4144 μὲν
3605 4074 3701 4145 δη-

2116 4159 2201 4212 λοῖ
2238 4160 2335 4230 τὴν
2363 4159 2471 4212 τῶν
2499 4158 2777 4231 αίσθητῶν
2802 4162 3055 4233 πάροδον,
3098 4164 3192 4217 καὶ
3221 4164 3322 4235 τὴν
3349 4165 3457 4219 τῶν
3491 4168 3701 4238 νοητῶν

2118 4250 2443 4331 φανέρωσιν,
2482 4249 2579 4317 καὶ
2629 4250 2729 4321 τὴν
2782 4252 2974 4321 καινὴν
3025 4253 3120 4306 τοῦ
3176 4256 3306 4326 περὶ
3355 4257 3503 4328 ἡμᾶς
3550 4259 3701 4312 θείου

2120 4341 2423 4411 μυστηρίου
2455 4340 2701 4411 διδαχὴν,
2758 4343 2853 4396 καὶ
2898 4342 2995 4414 τὴν
3047 4346 3184 4413 πρὸς
3224 4346 3433 4412 πάντας
3475 4349 3704 4404 πάντων

2112 4433 2338 4495 ἑαυτούς
2389 4450 2448 4486 τε
2494 4435 2589 4487 καὶ¹
2617 4434 2710 4487 τὸν
2742 4435 2876 4489 Θεὸν
2914 4436 3289 4510 γενησομένην
3317 4439 3567 4510 όμονοίας
3602 4445 3704 4497 καὶ

2111 4527 2572 4596 ὁμογνωμοσύνης
2611 4531 2705 4582 καὶ
2746 4530 2970 4601 ἀγάπης
2998 4509 3327 4600 ταυτότηταξ
3355 4532 3449 4586 καὶ
3482 4533 3582 4603 τὴν
3609 4535 3701 4603 ἐφ’

2111 4610 2193 4680 οἷς
2223 4616 2510 4689 ἐσώθημεν
2536 4619 2761 4689 τρόποις
2793 4620 3147 4691 εὐχαριστίαν
3174 4638 3189 4652 ’
3222 4623 3407 4687 ίδικῶς
3451 4623 3529 4686 δὲ,
3585 4627 3706 4680 τῶν

2118 4707 2217 4777 μὲν
2251 4708 2461 4763 πιστῶν
2489 4709 2589 4780 τὴν
2623 4709 2734 4764 ἀπὸ
2758 4712 2858 4783 τῆς
2890 4711 3067 4784 ἁπλῆς
3110 4712 3348 4779 πίστεως
3383 4716 3461 4778 είς
3499 4716 3601 4788 τὴν
3641 4721 3708 4773 ὲν

2114 4798 2348 4869 δόγμασι
2392 4800 2615 4871 διδαχὴν
2661 4802 2759 4856 καὶ
2815 4803 3042 4874 μύησιν,
3090 4808 3187 4860 καὶ
3246 4806 3557 4877 ὁμοφωνίαν
3604 4811 3706 4862 καὶ

2115 4890 2420 4955 εὐσέϐειαν,
2455 4894 2742 4964 προκοπήν
2769 4909 2786 4926 ο
2807 4895 2870 4948 τὸ
2897 4896 3007 4967 γὰρ
3033 4896 3271 4968 πρῶτον,
3304 4899 3337 4969 ὴ
3366 4898 3477 4951 τῶν
3513 4898 3708 4969 θυρῶν

2112 4980 2264 5051 δηλοῖ
2301 4983 2525 5047 κλεῖσις.
2555 4983 2630 5037 Τὸ
2658 4984 2912 5056 δεύτερον
2932 4988 3008 5050 δὲ,
3041 4989 3075 5058 ὴ
3108 4987 3216 5041 τῶν
3261 4988 3434 5057 ἁγίων
3460 4990 3703 5055 εἴσοδος·

2111 5073 2176 5126 τὸ
2207 5072 2265 5126 δὲ
2289 5076 2494 5145 τρίτον,
2516 5077 2546 5129 ὁ
2568 5076 2859 5146 ἀσπασμός
2889 5092 2905 5107 ’
2930 5079 3027 5131 καὶ
3059 5078 3120 5132 τὺ
3145 5079 3427 5152 τέταρτον,
3459 5081 3494 5151 ἠ
3515 5080 3709 5149 ἑκφὼ-

2116 5181 2272 5233 νησις
2299 5163 2393 5219 τοῦ
2425 5164 2648 5219 σοϐόλου
2674 5182 2688 5197 °
2718 5166 2826 5220 τῶν
2849 5168 2906 5221 δὲ
2931 5170 3270 5239 πρακτικῶν,
3300 5171 3400 5242 τὴν
3422 5171 3531 5226 ἀπὸ
3557 5172 3702 5242 πράο

2118 5258 2255 5323 ξεως
2292 5260 2373 5322 είς
2416 5257 2654 5329 θεωρίαν
2701 5260 2987 5329 μυσάντων
3020 5260 3119 5323 τὰς
3154 5262 3437 5330 αίσθήσεις
3467 5262 3563 5317 καὶ
3596 5262 3709 5329 ἔξω

2119 5330 2443 5419 σαρκὸςᾟιαλ⁵
2474 5349 2680 5419 κόσμου
2701 5350 3016 5421 γενομένων
3033 5351 3122 5405 διά
3158 5351 3256 5422 τῆς
3282 5353 3561 5426 ἀποϐολῆς
3591 5353 3708 5409 τῶν

1708 5506 1937 5562 VARUE
1977 5505 2272 5561 LECTION
2284 5505 2385 5562 ES.
2424 5530 2433 5537 ι

506 5617 552 5649 τ’
579 5616 667 5671 l"r.
708 5617 946 5671 πάντων.
1023 5619 1066 5651 ⁵⁷
1104 5620 1469 5674 πιστευόντων
1499 5619 1561 5675 C.
1609 5618 1673 5674 A.
1706 5629 1761 5676 et
1791 5620 1879 5674 Fr.

1979 5619 2023 5652 "
2056 5620 2413 5691 ἐγνωσμένων
2444 5619 2503 5675 C.
2535 5620 2599 5673 A.
2639 5629 2693 5676 et
2715 5619 2805 5675 Fr.
