3992 6192
332 292 434 383 70's

1710 299 2213 390 MYSTAGOGIA.

3490 292 3599 358 710
3658 298 3676 315 ’

334 423 646 487 κατάῦτὰς
664 418 976 493 ἐνεργειῶν,
1022 417 1335 491 μετάθεσιν,
1374 416 1486 469 mai.
1530 414 1627 485 τὴν
1676 413 1785 466 ἀπὸ
1822 412 1917 466 τοῦ

2048 410 2141 465 ubi
2171 424 2362 464 sensus
2409 408 2766 474 occluserint,
2800 422 3011 463 necnon
3065 422 3252 475 carne,
3286 410 3601 480 mundoque

330 520 535 587 τρόπου
564 515 672 587 τῶν
702 512 939 566 ὲντολῶν
977 512 1056 575 εἰς
1089 510 1181 564 τὸν
1209 509 1368 576 λόγον
1384 505 1575 559 -αῦτῶν
1608 505 1873 559 ἀνάϐασιν
1908 518 1921 533 ο

316 578 428 663 καὶ
476 609 581 676 τὴν
612 578 802 665 αὐτῶν
842 602 953 655 τῶν
980 598 1212 654 ἐντολῶν
1234 595 1529 657 κατὰιτοῦς
1561 592 1796 656 οἰκείους
1832 592 1924 645 λό-

333 715 466 768 γους
524 692 762 764 συγγενῆ
814 690 951 763 πρὸς
980 689 1078 753 τὰς
1106 688 1364 775 δυνάμεις
1388 687 1487 755 τῆς
1512 683 1698 775 ,ψυχῆς
1728 682 1927 775 οίκειό-

335 787 474 859 τητά
498 802 571 838 τεν
594 784 692 837 καὶ
723 782 941 840 ἕνωσιν.
974 779 1068 832 καὶ
1110 771 1216 847 τὴν
1247 776 1385 846 πρὸς
1416 772 1733 844 θεολογικὴν
1759 771 1925 842 εὐχα-

338 879 552 952 ριστίαν
580 875 889 947 ἐπιτήδειον
909 873 1025 937 ἕξιν
1058 888 1072 901 ·
1094 870 1205 923 τῶν
1224 869 1282 921 δὲ
1316 866 1652 937 γνωστικῶν,
1689 864 1787 935 τὴν
1813 863 1922 917 ἀπὸ

336 973 436 1041 τῆς
465 970 703 1038 φυσικῆς
729 965 965 1037 θεωρίας
1012 965 1093 1025 είς
1122 964 1223 1032 τὴν
1249 960 1357 1014 τῶν
1385 957 1591 1029 νοητῶν
1611 956 1792 1027 ἁπλῆν
1819 973 1922 1009 κα·-

229 1091 238 1099 -
336 1060 594 1131 τανόησιν
629 1076 643 1090 ·
677 1057 801 1111 καθ’
832 1058 898 1127 ἥν
930 1054 1179 1125 οὐδαμῶς
1209 1053 1275 1106 δι’
1324 1051 1628 1121 αἰσθήσεως
1679 1048 1718 1118 ἦ
1777 1064 1919 1110 τινος

337 1153 448 1206 τῶν
478 1150 826 1221 φαινομένων
849 1147 931 1200 ἑτι
956 1146 1048 1199 τὸν
1077 1146 1221 1198 (λεῖον
1252 1144 1345 1197 καὶ
1382 1143 1621 1213 ἄρρητον
1664 1138 1927 1210 μεταδιώ-

338 1261 497 1298 κουσι
554 1242 716 1313 λόγον
744 1257 758 1271 ’
812 1241 905 1294 καὶ
955 1239 1055 1310 τὴν
1111 1237 1249 1308 πρὸς
1288 1237 1388 1307 τὴν
1415 1233 1592 1305 ψυχὴν
1616 1232 1726 1287 τῶν
1750 1233 1927 1302 αὐτῆς

340 1335 623 1405 δυνάμεων
665 1333 882 1396 ἕνωσιν,
940 1330 1035 1384 καὶ
1084 1328 1185 1398 τὴν
1212 1326 1354 1381 κατὰ
1376 1325 1503 1379 νοῦν
1528 1324 1773 1386 ἐνοειδῶς
1803 1323 1929 1375 συλ-

342 1420 730 1499 λαμϐάνουσαν
762 1423 854 1477 τὸν
882 1423 985 1492 τῆς
1022 1419 1280 1492 προνοίας
1307 1418 1462 1487 λόγον
1494 1415 1796 1486 ἁπλότητα.

2023 518 2217 557 eorum
2261 501 2489 573 abiectis
2520 502 2934 572 operationibus
2970 502 3329 570 excesserint)
3365 514 3602 558 transla-

2025 595 2265 659 tionem;
2297 609 2698 663 ascensumque
2728 609 2758 648 a
2783 594 3165 649 mandatorum
3197 595 3382 661 modo,
3414 596 3483 651 ad
3508 612 3606 651 co-

2023 701 2147 739 rum
2174 688 2480 752 rationem;
2505 701 2722 741 necnon
2770 686 3015 756 ipsorum
3046 687 3429 742 mandatorum
3448 689 3604 759 juxta

2023 776 2278 846 proprias
2322 777 2566 832 rationes
2615 776 2831 831 amnem
2876 794 3001 833 cum
3033 780 3230 835 animae
3261 780 3476 835 viribus
3504 796 3604 834 ne-

2028 866 2422 922 cessitudinem
2458 882 2523 922 ac
2566 868 2904 933 unitionem;
2934 878 3232 939 aptumque
3258 870 3504 924 habitum
3537 870 3605 924 ad

2029 973 2172 1023 eam,
2218 975 2340 1030 quae
2382 975 2448 1015 ex
2486 961 2771 1031 theologia;
2803 962 3015 1016 ratione
3044 972 3148 1028 est,
3177 964 3471 1033 gratiarum
3513 979 3607 1019 ac-

2031 1050 2237 1105 tionem
2266 1066 2497 1106 :eorum
2521 1067 2653 1107 vero
2689 1052 2781 1122 qui
2819 1054 3138 1122 sapientiam
3179 1070 3242 1110 ac
3270 1056 3609 1125 contempla-

2035 1141 2262 1204 tionem,
2298 1158 2329 1197 a
2365 1144 2601 1197 naturali
2649 1144 3023 1212 speculatione
3068 1145 3136 1199 ad
3182 1143 3609 1217 intelligiliilium

2035 1232 2340 1303 simplicem
2374 1235 2576 1289 mentis
2619 1234 3149 1301 considerationem;
3197 1252 3304 1305 qua
3348 1247 3473 1291 non‘
3493 1252 3612 1308 am-
3679 1287 3687 1292 .

2036 1324 2182 1394 plius
2215 1340 2476 1391 sensuum
2525 1340 2726 1396 opera,
2781 1326 3014 1381 ulliusve
3063 1341 3255 1380 eorum
3305 1342 3440 1396 ope,
3492 1343 3614 1397 quae

2034 1424 2168 1471 sunt
2196 1416 2374 1472 oculis
2401 1417 2722 1486 conspicua,
2759 1416 2998 1472 divinam
3050 1433 3413 1488 arcanamque
3441 1418 3614 1472 ratio-

341 1536 469 1575 nem
518 1523 965 1588 persequuntur;
1015 1511 1208 1569 animae
1253 1509 1385 1565 item
1430 1508 1754 1563 facultatum
1802 1519 1929 1559 cum
1965 1503 2083 1575 ipsa
2112 1506 2448 1573 unitionem;
2513 1523 2636 1563 eam
2699 1507 2937 1578 denique
2967 1524 3088 1578 quae
3121 1509 3305 1564 animo
3330 1508 3618 1564 uniformi-

343 1620 428 1669 ter
454 1608 818 1682 providentiae
864 1605 1135 1660 rationem
1165 1600 1566 1672 complectitur,
1608 1596 2039 1668 simplicitatem.

424 1702 492 1756 Ἦ
522 1701 581 1754 δὲ
606 1699 705 1753 τοῦ
732 1695 1031 1768 Τρισαγίου
1054 1694 1331 1756 ἄπαυστος
1351 1692 1461 1744 τῶν
1485 1689 1654 1759 ἁγίων
1684 1688 1935 1757 ἀγγέλων

2108 1689 2333 1759 Trisagii
2375 1689 3120 1761 exclamatio.——Irrequieta
3170 1700 3354 1747 autem
3403 1704 3620 1750 sancto-

343 1790 649 1863 άγιαστικὴ
678 1787 983 1856 δοεολογία,
1018 1783 1253 1854 γενικῶς
1283 1783 1382 1852 μὲν
1411 1780 1666 1853 σημαίνει
1691 1777 1789 1849 τὴν
1811 1768 1947 1847 ἅμα

340 1904 402 1941 τε
432 1885 529 1940 καὶ
558 1885 616 1936 ὲν
631 1881 815 1952 ταῦτῷ
832 1876 1211 1950 γενησομένην
1230 1874 1371 1929 κατὰ
1390 1874 1479 1927 τὸν
1499 1874 1670 1926 αἰῶνα
1687 1871 1779 1924 τὸν
1802 1870 1931 1940 μέλ-

343 1980 508 2033 λοντα
532 1976 643 2028 τῶν
667 1971 935 2042 οὐρανίων
959 1971 1052 2023 καὶ
1070 1965 1336 2035 ἐπιγείων
1363 1964 1646 2032 δυνάμεων
1674 1960 1796 2029 ἴσην
1837 1960 1932 2013 καὶ

350 2067 631 2124 πολιτείαν
686 2066 778 2119 καὶ
837 2060 1060 2132 ἀγωγὴν
1110 2058 1206 2111 καὶ
1254 2054 1574 2127 συμφωνίαν
1626 2052 1727 2120 τῆς
1784 2049 1967 2114 Θείας⁸

349 2159 677 2227 δοξολογίας,
716 2150 1163 2213 άθανατισθέντος
1205 2151 1320 2211 τοῖς
1353 2143 1663 2216 ἀνθρώποις
1691 2141 1786 2195 τοῦ
1822 2140 1932 2194 σώ-

357 2269 525 2323 ματος
561 2249 650 2302 διὰ
691 2246 793 2317 τῆς
845 2242 1215 2304 ἀναστάσεως,
1237 2262 1245 2276 ι
1271 2240 1365 2292 καὶ
1411 2234 1609 2307 μηκέτι
1643 2231 1934 2304 βαροῦντος

351 2344 449 2415 τὴν
476 2341 654 2413 ψυχὴν
671 2343 741 2409 τῇ
768 2337 965 2407 φθορᾷ,
1000 2335 1096 2387 καὶ
1143 2330 1475 2403 βαρουμένου
1502 2345 1516 2359 ο
1549 2327 1684 2381 ἀλλὰ
1721 2326 1808 2379 διὰ
1836 2324 1936 2395 τῆς

351 2406 433 2497 εἰς
463 2406 791 2501 ἀφόὲιρσεᾷνί
822 2406 1062 2495 ἀλλαγῆς
1124 2423 1261 2494 πρὸς
1306 2417 1572 2490 ὑποδοχὴν
1633 2416 1937 2489 παρουσίας
1981 2406 2003 2421 ⁵

349 2523 487 2578 Θεοῦ
537 2520 793 2583 λαϐόντος
824 2519 919 2571 καὶ
948 2518 1179 2586 δύναμιν
1205 2512 1302 2566 καὶ⁵
1332 2510 1748 2582 ἐπιτηδειότητα
1780 2524 1795 2539 ⁸
1837 2507 1938 2560 ἰδι-

354 2616 466 2679 κῶς
504 2614 585 2678 δὲ,
642 2611 751 2666 τῶν
810 2610 908 2681 μὲν
940 2606 1148 2662 πιστῶν
1176 2607 1275 2676 τὴν
1324 2604 1461 2676 πρὸς
1504 2602 1769 2670 ἀγγέλους
1795 2598 1939 2653 κατὰ

348 2704 451 2776 τὴν
497 2702 679 2758 πίστιν
710 2700 1025 2771 θεολογικὴν
1049 2696 1280 2768 ἅμιλλαν
1314 2713 1327 2727 ·
1362 2695 1470 2749 τῶν
1503 2693 1559 2747 δὲ
1595 2690 1937 2763 πρακτικῶν,

332 2798 453 2869 τὴν
488 2794 796 2864 ίσάγγελον,
820 2793 896 2856 ὡς
924 2790 1143 2861 ἐφικτὸν
1170 2789 1502 2861 ἀνθρώποις,
1538 2786 1682 2841 κατὰ
1705 2786 1795 2840 τὸν
1827 2785 1940 2856 βίον

332 2887 737 2958 ιλαμπρότητα,
775 2884 868 2937 καὶ
903 2883 1001 2954 τὴν
1027 2882 1271 2935 εὐτονίαν
1299 2881 1396 2949 τῆς
1428 2877 1749 2947 θεολογικῆς
1780 2877 1944 2946 ὑμνο-

356 2980 542 3049 λογίας
578 2995 593 3009 ·
652 2977 763 3032 τῶν
810 2977 867 3030 δὲ
920 2974 1262 3061 γνωστικῶν,
1297 2971 1396 3033 τὰς
1453 2969 1771 3039 ἰσαγγέλους
1800 2967 1941 3061 κατά

2037 1796 2157 1835 rum
2223 1782 2543 1852 angelorum
2603 1782 2952 1839 sanctiﬁcans
2988 1784 3219 1856 Trisagii
3272 1786 3615 1857 glorilicatio,

2036 1871 2367 1942 generaliter
2399 1872 2622 1941 quidem
2673 1871 2964 1942 signiﬁcat,
3003 1873 3164 1928 simul
3194 1876 3507 1947 pariterque
3535 1877 3621 1931 fu-

2040 1974 2221 2021 turam
2247 1964 2303 2019 in
2337 1965 2536 2020 szeculo
2554 1971 2811 2028 venturo,
2836 1966 3147 2021 caelestium
3178 1983 3242 2022 ac
3276 1970 3618 2024 terrestrium

2038 2057 2328 2121 virtutum,
2357 2071 2546 2125 parem
2571 2056 2698 2111 vita:
2726 2056 2995 2112 rationem
3021 2072 3084 2112 ac
3112 2058 3513 2115 institutionem
3537 2062 3621 2115 di-

2038 2148 2290 2218 vinaeque
2312 2146 2447 2218 glori
2457 2146 2725 2203 ﬁcationis
2743 2163 3043 2203 consonam
3063 2165 3275 2217 vocem,
3304 2153 3622 2209 hominibus

2040 2254 2142 2310 per
2172 2238 2635 2294 resurrectionem
2669 2240 2966 2296 immortali
2998 2256 3228 2313 corpore
3249 2245 3495 2314 donatis;
3530 2249 3620 2301 tali

2042 2330 2274 2393 Scilicet,
2310 2338 2371 2384 ut
2396 2346 2503 2385 non
2535 2330 2792 2400 amplius,
2824 2347 2933 2403 qua
2963 2334 3144 2403 ipsum
3173 2336 3438 2406 gravitate
3469 2338 3623 2391 labo-

2044 2429 2149 2488 rat,
2198 2432 2387 2493 gravet
2438 2424 2675 2479 animam
2719 2426 3097 2496 corruptione,
3153 2426 3247 2483 sed
3290 2438 3623 2484 commutata

2044 2514 2480 2585 incorruptione,
2510 2517 2578 2571 ad
2607 2516 2700 2572 Dei
2733 2518 3140 2588 suscipiendum
3184 2520 3477 2575 adventum
3511 2524 3624 2576 vim

2045 2605 2521 2676 aptitudinemque
2556 2607 2805 2663 obtineat
2833 2628 2845 2663 :
2876 2613 3098 2680 preprie
3141 2621 3347 2678 autem,
3382 2612 3627 2668 ﬁdelium

2047 2696 2269 2766 quidem
2303 2713 2427 2752 eum
2475 2701 2684 2771 angelis
2717 2701 3082 2772 theologicum
3139 2704 3264 2758 fidei
3314 2712 3627 2770 certamen;

2047 2801 2240 2841 eorum
2268 2784 2451 2843 autem
2483 2790 2585 2860 qui
2609 2792 2798 2847 colunt
2843 2794 3136 2859 actionem,
3182 2811 3495 2866 comparem
3536 2812 3634 2851 an-

2049 2879 2206 2950 gelis,
2232 2880 2413 2949 quoad
2446 2881 2657 2937 homini
2702 2899 3026 2940 concessum
3070 2896 3174 2951 est,
3212 2889 3334 2943 vita:
3376 2888 3633 2958 splendo-

2050 2985 2167 3024 rem
2193 2980 2627 3043 contentumque
2648 2973 2870 3031 deitatis
2892 2976 3178 3033 laudandae
3200 2979 3443 3034 studium
3468 2990 3632 3050 atque

356 3071 419 3125 τὸ
455 3070 681 3125 δυνατὸν
732 3048 1210 3139 άνθρώποιςτπερὶ
1242 3064 1497 3136 θεότητος
1516 3064 1729 3133 νοήσεις
1753 3076 1813 3113 τε
1850 3059 1942 3114 καὶ

2048 3061 2329 3128 ardorem;
2366 3078 2559 3121 eorum
2604 3082 2737 3122 vero
2781 3068 2875 3137 qui
2912 3071 3235 3141 sapientiam
3282 3088 3347 3127 ac
3388 3082 3633 3128 contem-

352 3161 623 3233 ,ὑμνήσεις
658 3159 751 3214 καὶ
786 3155 1157 3229 άεικινησίας.

442 3444 511 3498 Ἣ
539 3442 595 3497 δὲ
622 3439 868 3513 μακαρία
896 3438 991 3493 τοῦ
1021 3437 1259 3510 μεγάλου
1278 3435 1414 3490 Θεοῦ
1445 3435 1540 3490 καὶ
1570 3433 1785 3504 Πατρδς
1818 3431 1943 3486 ἐπί-

363 3536 576 3607 κλησις,
615 3533 713 3586 καὶ
735 3534 770 3604 ἠ
801 3529 921 3595 τοῦ,
947 3526 1052 3597 Εἷς
1089 3528 1279 3600 ἅγιος.
1318 3527 1411 3581 καὶ
1443 3525 1556 3579 τῶν
1594 3524 1723 3596 ἑξῆς
1758 3523 1943 3595 ὲκφώ-

364 3641 520 3697 νησις
548 3640 567 3655 ·
615 3624 713 3676 καὶ
752 3624 786 3692 ἠ
834 3620 943 3674 τῶν
986 3620 1160 3688 ἁγίων
1188 3619 1283 3672 καὶ
1323 3616 1602 3682 ζωοποιῶν
1632 3614 1947 3687 μυστηρίων

370 3715 692 3789 μετάληψις,
718 3714 818 3787 τὴν
849 3714 941 3767 ἐπὶ
970 3713 1105 3766 πᾶσι
1138 3711 1235 3765 καὶ
1261 3710 1356 3763 ἐπὶ
1385 3708 1601 3763 πάντων
1630 3707 1737 3760 τῶν
1781 3705 1948 3771 ἀξίων

367 3808 634 3877 ἐσομένην
677 3805 766 3859 διὰ
805 3804 901 3875 τὴν
946 3802 1263 3873 ὰγαθότητα
1294 3800 1389 3855 τοῦ
1422 3799 1556 3854 Θεοῦ
1584 3799 1744 3869 ἡμῶν
1770 3797 1948 3851 υἱοθε-

369 3898 526 3961 σίαν,
586 3895 779 3950 ἕνωσίν
844 3896 913 3949 τε
961 3895 1056 3947 καὶ
1106 3892 1448 3963 οἰκειότητα,
1507 3890 1602 3944 καὶ
1658 3888 1950 3960 ὁμοιότητα

368 3989 519 4043 θείαν
545 3990 639 4044 καὶ
676 3986 870 4042 θέωσιν
896 3986 1047 4055 δηλοῖ
1066 4001 1081 4017 °
1111 3985 1179 4038 δι’
1203 3980 1270 4055 ἦς
1310 3984 1489 4039 πάντα
1527 3984 1584 4036 ὲν
1613 3983 1777 4036 πᾶσιν
1798 3980 1950 4036 ἔσται

366 4083 500 4144 τοῖς,
526 4077 856 4150 σωζομένοις
896 4076 1058 4140 αὐτὸς
1091 4078 1120 4128 ὁ
1173 4074 1328 4140 Θεὸς,
1362 4074 1563 4145 ὁμοίως
1588 4091 1603 4105 ·
1644 4072 1720 4136 ὡς
1756 4071 1952 4136 κάλλος

367 4170 681 4243 ἀρχέτυπον
713 4168 836 4223 κατ’
870 4168 1048 4222 αίτίαν
1089 4166 1388 4237 ἐμπρέπων
1412 4167 1526 4225 τοῖς
1552 4164 1702 4235 αῦτῷ
1728 4164 1795 4217 δι’
1819 4165 1952 4235 dips-

366 4262 470 4334 τῆς
493 4263 591 4315 καὶ
616 4261 868 4329 γνώσεως
902 4258 1043 4313 κατά
1060 4258 1220 4330 χάριν
1247 4256 1445 4327 ὁμοίως
1476 4249 1879 4326 συμπρέπουσι.

467 4438 489 4469 ⁹
516 4435 751 4499 Πιστοῦς
771 4433 827 4487 δὲ
848 4434 945 4487 καὶ
968 4432 1259 4504 ἐναρέτους
1280 4432 1375 4486 καὶ
1392 4432 1727 4500 γνωστικοὺς
1750 4431 1953 4495 ἐκάλει,

366 4527 498 4591 τοῦς
555 4525 944 4596 εἰσαγομένους
1002 4524 1099 4577 καὶ
1126 4522 1253 4586 τοὺς
1273 4521 1684 4594 προκόπτοντας
1711 4521 1805 4574 καὶ
1836 4521 1961 4583 τοὺς

369 4614 649 4678 τελείους,
674 4614 844 4684 ἦγουν
880 4612 1098 4675 δούλους
1135 4611 1230 4665 καὶ
1264 4611 1511 4682 μισθίους
1540 4609 1634 4665 καὶ
1659 4609 1829 4672 υἱούς·
1862 4608 1964 4672 τὰς

373 4709 521 4778 τρεῖς
546 4704 728 4770 τάξεις
749 4704 855 4758 τῶν
883 4703 1227 4774 σωζομένων.
1259 4701 1443 4756 Δοῦλοι
1464 4701 1572 4770 γάρ
1602 4701 1730 4765 είσι,
1760 4698 1962 4765 πιστοὶ,

377 4798 428 4850 οἱ
463 4797 612 4868 φόϐῳ
641 4796 747 4849 τῶν
771 4796 1155 4865 ὴπειλημένων
1190 4792 1592 4866 ἐκπληροῦντες
1632 4790 1725 4845 τοῦ
1769 4791 1962 4851 δεσπό-

378 4904 473 4941 του
495 4889 591 4952 ea;
609 4887 847 4949 ἐντολὰς,
873 4888 1098 4949 καὶτοῖς
1119 4886 1483 4939 πιστευθεϊσιν
1508 4874 1767 4939 εὐνοϊκῶς
1789 4883 1952 4952 ἐπερ-

280 4992 283 4995 ‘
380 4972 710 5051 γαζόμενοιο
755 4980 959 5051 μὶοῡιοι
1013 4981 1091 5040 δὲ.
1139 4981 1187 5032 οἱ
1222 4979 1371 5049 πόθῳ
1398 4978 1506 5030 τῶν
1536 4976 1959 5047 ἐπηγγελμένων

381 5072 600 5140 ἀγαθῶν
638 5071 997 5143 βαστάζοντες
1045 5072 1164 5142 μεθ’
1219 5069 1497 5141 ὑπομονῆς
1541 5068 1604 5121 τὸ
1660 5068 1825 5139 βάρος
1862 5068 1960 5137 τῆς

382 5164 596 5235 ἡμέρας
639 5164 733 5218 καὶ
777 5164 865 5218 τὸν
920 5163 1178 5217 καύσονα·
1248 5162 1517 5228 τουτέστι,
1564 5161 1666 5234 τὴν
1720 5161 1961 5231 ἔμφυτον

383 5254 481 5307 καὶ
505 5251 940 5325 συνεζευγμένην
968 5257 1032 5325 τῇ
1065 5253 1315 5326 παρούσῃ
1339 5254 1450 5324 ζωῇ
1500 5254 1565 5307 ὲκ
1611 5256 1709 5323 τῆς
1747 5269 1959 5325 προπα-

382 5343 609 5416 τορικῆς
647 5346 944 5414 καταδίκης
978 5346 1177 5410 Οὶίψιν,
1229 5346 1321 5397 καὶ
1366 5348 1494 5405 τοὺς
1534 5343 1621 5398 ἐπ’
1648 5344 1785 5413 αὐτῇ
1819 5341 1960 5412 ὑπὲρ

2045 3152 2366 3223 plationem,
2418 3170 2577 3225 pares
2635 3157 2866 3228 angelis,
2907 3169 3174 3229 quantum
3234 3162 3341 3216 fert
3394 3163 3633 3218 humana

2046 3241 2314 3307 conditio,
2339 3242 2407 3298 de
2436 3244 2642 3301 deitate
2676 3248 3039 3319 cogitationes
3062 3266 3127 3305 ac
3146 3251 3379 3318 cantica,
3405 3267 3467 3307 ac
3488 3252 3634 3324 iugis

2045 3340 2231 3387 motus
2257 3332 2605 3403 agitationes.

2116 3424 2281 3480 Beata
2309 3434 2493 3482 autem
2516 3430 2699 3499 magni
2720 3430 2819 3486 Dei
2837 3446 2902 3488 ac
2920 3432 3100 3488 Patris
3125 3432 3434 3502 invocatio;
3462 3435 3635 3491 illius-

2047 3528 2175 3584 que,
2213 3515 2356 3571 Unus
2394 3528 2631 3584 sanctus,
2664 3526 2722 3574 et
2756 3536 2878 3590 qua:
2918 3532 3247 3591 sequuntur,
3279 3524 3632 3591 exclamatio;

2048 3615 2486 3678 sanctorumque,
2513 3625 2578 3664 ac
2627 3611 2972 3667 viviﬁcorum
3015 3614 3399 3684 mysteriorum
3447 3629 3638 3684 perce-

2048 3697 2187 3766 ptio,
2211 3706 2336 3767 post
2361 3699 2565 3764 omnia,
2605 3700 2770 3771 inque
2805 3702 3064 3758 omnibus
3095 3704 3296 3775 dignis,
3328 3704 3424 3759 Dei
3459 3707 3634 3761 nostri

2049 3788 2388 3860 benignitate
2438 3790 2679 3846 futuram
2722 3794 3091 3865 adoptionem,
3125 3796 3541 3869 unitionemquc
3573 3815 3638 3854 ac

2050 3880 2517 3951 coniunctionem,
2552 3881 2906 3955 divinamque
2933 3882 3348 3943 similitudinem
3384 3906 3448 3946 ac
3475 3891 3635 3946 deiti-

2053 3974 2326 4030 cationem
2365 3973 2524 4046 523
2555 3976 2865 4045 declarant;
2889 3978 2943 4033 vi
2978 3981 3136 4052 cujus
3184 3982 3301 4051 ipse
3336 3982 3482 4039 Deus
3521 4000 3641 4040 om-

2052 4065 2145 4119 nia
2173 4064 2228 4118 in
2256 4065 2515 4119 omnibus
2543 4067 2820 4124 similibus
2853 4070 3029 4125 salute
3059 4070 3330 4128 donandis
3369 4074 3497 4142 erit,
3535 4092 3636 4132 ceu

2054 4155 2395 4227 primitivum
2425 4156 2593 4213 decus
2623 4158 2930 4231 secundum
2959 4176 3140 4218 causa:
3180 4163 3447 4220 rationem
3476 4167 3532 4221 in
3558 4168 3640 4224 cis

2055 4264 2156 4319 per
2200 4247 2459 4303 virtutem
2503 4265 2568 4304 ac
2616 4252 2901 4307 scientiam
2933 4263 3222 4324 praestans,
3253 4257 3345 4327 qui
3386 4259 3642 4316 similiter

1984 4381 2031 4437 υ
2058 4354 2183 4393 eum
2217 4354 2284 4394 eo
2310 4346 2633 4408 praestantes
2663 4351 2827 4417 erunt
2854 4356 2955 4413 per
2982 4347 3234 4416 gratiam.

2131 4428 2303 4483 Porro
2334 4428 2546 4495 ﬁdeles,
2572 4431 2764 4486 virtuti
2803 4433 3018 4489 deditos
3049 4452 3113 4491 ac
3141 4439 3426 4495 scientiam
3460 4443 3643 4498 Colen-

2061 4530 2163 4586 tcs,
2196 4521 2449 4587 vocabat,
2498 4524 2591 4592 qui
2637 4524 2976 4581 inducuntur
3012 4508 3271 4600 velutque
3307 4532 3643 4588 rudimenta-

2059 4614 2192 4678 rios,
2239 4613 2591 4683 proﬁcientes
2640 4625 2802 4686 atque
2851 4619 3159 4687 perfectos;
3208 4622 3260 4676 id
3298 4631 3401 4687 est,
3432 4640 3639 4691 servos,

2060 4705 2465 4770 mercenarius,
2520 4704 2693 4772 ﬁlios;
2753 4715 2864 4762 tres
2910 4725 3108 4780 nempe
3152 4712 3376 4766 ordines
3417 4728 3639 4778 eorum;

2063 4795 2157 4864 qui
2188 4795 2365 4850 salute
2413 4795 2711 4851 donantur.
2757 4797 2911 4854 Servi
2954 4803 3100 4855 enim
3144 4813 3273 4858 sunt
3308 4803 3516 4869 lidcles,
3548 4807 3642 4876 qui

2065 4883 2338 4937 minarum
2371 4896 2542 4947 metu,
2572 4886 2787 4941 Domini
2829 4891 3084 4945 mandata
3116 4893 3365 4963 implent,
3394 4903 3449 4949 et
3474 4895 3646 4951 bene-

2066 4978 2188 5032 vole
2229 4994 2292 5033 ac
2334 4977 2572 5033 candore
2603 4981 2772 5036 animi
2821 4982 2874 5037 in
2923 4985 2989 5040 iis
3030 5002 3151 5055 quae
3187 4987 3411 5043 fuerunt
3436 4989 3644 5044 credita

2065 5076 2380 5123 versantur.
2410 5069 2734 5125 Mercenarii
2764 5083 2968 5139 autem,
2996 5076 3089 5145 qui
3118 5077 3386 5132 bonorum
3415 5081 3649 5149 promis-

2067 5172 2255 5213 sorum
2280 5157 2584 5228 cupiditate
2624 5160 2813 5227 illecti,
2844 5178 2967 5216 cum
3001 5164 3263 5234 patientia
3288 5167 3502 5237 pondus
3538 5167 3646 5222 dici

2064 5257 2122 5304 et
2144 5258 2338 5304 aestum
2376 5259 2624 5319 portant;
2659 5268 2778 5306 eam
2808 5254 3018 5309 scilicet
3044 5271 3166 5325 qum
3196 5267 3451 5314 concreta
3480 5271 3562 5314 est
3588 5276 3651 5314 ac

2068 5341 2298 5395 inolevit
2342 5342 2417 5407 ei,
2471 5359 2633 5411 quam
2680 5345 2892 5412 agimus
2934 5345 3081 5410 vitaz,
3127 5349 3358 5418 exprimi
3407 5351 3653 5421 parentis

1666 5476 1899 5534 vitam:
1924 5442 2342 5532 'LECTIONES.

460 5576 511 5607 ⁸⁹
544 5573 635 5628 Fr.
675 5572 870 5626 Πιστοὶ
898 5574 1144 5642 ἑνάρετοι
1170 5589 1183 5602 ·
1214 5572 1530 5640 γνωστικοί.
1563 5572 1927 5642 Εἰσαγόμενοι
1961 5588 1975 5602 ·
2009 5570 2424 5644 προκόπτοντες
2460 5588 2473 5602 ·
2506 5572 2731 5644 τέλειοι,
2792 5573 2975 5626 Δοῦλοι
3008 5590 3022 5605 ο
3073 5575 3277 5644 μίσθιοι
3311 5593 3324 5607 ·

3386 5577 3513 5631 υίοί.
3564 5577 3657 5632 Γί-

389 5644 551 5704 deles,
582 5644 789 5715 tvirtutis
811 5639 1097 5709 studentes,
1138 5639 1404 5714 sapientia
1438 5653 1686 5697 vacantes
1718 5639 1779 5695 et
1803 5639 2115 5713 spiritales;
2160 5639 2555 5707 rudimentarii,
2596 5643 2949 5712 proﬁcientes,
2985 5639 3218 5715 perfecti,
3256 5648 3410 5711 servi,
3458 5664 3659 5701 nterce-

391 5717 535 5772 narii
564 5713 687 5782 ﬁlii.
