3978 6168
389 205 492 274 ιιι

392 407 626 461 taliones
678 407 1016 472 obveniunt;
1065 406 1267 475 quique
1321 407 1486 461 vitam
1531 409 1662 472 vita,
1709 411 1964 478 praesenti

389 499 653 562 futuram,
689 514 787 567 per
811 497 1045 552 liberum
1081 499 1248 552 animi
1295 502 1655 568 prepositum,
1690 501 1965 570 sapienter

387 597 742 642 commutant.
807 589 928 643 Filii
989 589 1248 660 denique,
1301 591 1394 660 qui
1455 607 1634 660 neque
1690 593 1963 647 minarum

389 695 558 747 metu,
593 699 696 738 nec
740 684 1133 754 promissorum
1175 687 1503 754 cupiditate,
1534 687 1629 742 sed
1675 688 1838 742 modo
1871 688 1963 742 illo

385 791 450 830 ac
484 776 696 841 habitu,
741 792 851 845 quo
893 778 948 830 in
995 777 1199 830 bonum
1245 778 1644 848 honestumque
1692 796 1960 849 propensa

384 867 554 919 animi
584 867 862 920 voluntate
905 867 1156 932 tendunt,
1183 883 1212 920 a
1244 868 1354 922 Deo
1385 884 1666 938 nunquam
1707 887 1964 940 separan-

386 966 496 1024 tur,
528 960 678 1013 velut
715 959 858 1013 lilius
893 942 1004 1021 ille,
1031 959 1097 1013 ad
1137 976 1301 1028 quem
1343 961 1552 1014 dictum
1597 970 1718 1016 est:
1747 962 1868 1022 Fili,
1905 974 1961 1018 tu

320 1063 329 1071 ·
381 1066 588 1118 semper
621 1067 820 1104 mecum
857 1067 930 1112 es,
958 1059 1006 1103 et
1035 1053 1212 1106 omnia
1251 1067 1368 1105 mea
1424 1060 1515 1105 tua
1557 1063 1680 1106 sunt
1712 1054 1768 1118 d;
1802 1075 1819 1106 ι
1857 1055 1963 1112 hoc

385 1140 561 1210 ipsum
603 1159 700 1212 per
721 1141 1069 1213 adoptionem
1103 1142 1555 1216 [deiﬁcationem],
1585 1162 1705 1215 qua:
1733 1155 1815 1200 est
1841 1162 1961 1216 gra-

385 1233 478 1299 tia,
527 1235 874 1300 exsistentes,
925 1236 1105 1304 quoad
1140 1237 1261 1304 ejus
1295 1251 1612 1290 concessum
1661 1247 1762 1302 est,
1811 1237 1959 1306 quod

383 1323 528 1378 Deus
555 1340 654 1392 per
680 1334 932 1379 naturam
961 1333 1020 1380 et
1049 1341 1226 1381 causa:
1268 1327 1534 1381 rationem
1575 1337 1686 1382 tum
1730 1337 1814 1382 est
1842 1338 1958 1382 tum

378 1414 627 1467 creditur
659 1431 798 1470 esse.
1542 1421 1584 1448 ‘

452 1503 859 1574 Frequentanda
908 1507 1339 1564 ecclesia.—Ne
1385 1525 1519 1580 ergo
1569 1525 1599 1564 a
1641 1520 1826 1565 sancta
1863 1511 1957 1565 Dci

381 1594 623 1650 Ecclesia
666 1597 857 1652 abesse
905 1599 960 1652 in
994 1599 1237 1653 animum
1271 1601 1614 1665 inducamus,
1645 1618 1767 1672 qua:
1808 1609 1954 1658 tanta

1541 209 1602 270 S.
1642 214 1929 272 ΜΛΧΙΜΙ
1968 214 2473 276 CONFESSORIS

391 325 568 381 reatu,
594 314 972 372 alllictionem,
1007 330 1070 368 ac
1097 329 1215 383 quae
1248 315 1372 370 inde
1405 316 1623 370 virtutis
1654 335 1814 372 causa
1851 328 1955 372 ten-

2069 323 2164 389 τῆς
2221 323 2422 390 ἀρετῆς
2479 326 2815 394 πειρασμούς
2849 342 2862 356 ⁸

2923 327 3016 381 καὶ
3067 327 3213 399 ζωῆς
3267 329 3411 402 ζωὴν
3463 337 3644 402 σοφῶς

2067 412 2184 462 κατ’
2238 414 2557 482 αὐθαίρετον
2611 417 2832 487 γνώμην
2853 421 3334 488 ἁνταλλάσσοντες,
3366 429 3466 496 τῆς
3490 444 3635 498 παρ·

2065 502 2231 573 ούσης
2282 504 2380 574 τὴν
2436 506 2756 576 μέλλουσαν.
2807 510 2928 563 Υἱοὶ
2967 511 3046 576 δὲ,
3100 513 3151 564 οἱ
3179 515 3318 584 μήτε
3355 516 3506 588 φόϐῳ
3533 519 3644 570 τῶν

2069 594 2470 666 ήπειλημένων,
2505 599 2644 667 μήτε
2673 599 2822 670 πόθῳ
2865 601 2976 654 τῶν
3000 603 3425 676 ἐπηγγελμένων
3457 647 3472 670 ,
3508 609 3644 662 ἀλλὰ

2063 685 2251 756 τρόπῳ
2278 690 2372 748 καὶ
2403 687 2517 752 ἔξει
2543 692 2644 761 τῆς
2675 691 2812 764 πρὸς
2839 691 2900 744 τὸ
2925 692 3091 747 καλὸν
3122 695 3263 748 κατὰ
3289 697 3516 769 γνώμην
3540 703 3640 770 τῆς

2061 777 2240 848 ψυχῆς
2275 781 2448 850 ῥοπῆς
2477 797 2539 833 τε
2573 783 2666 834 καὶ
2697 782 3016 848 διαθέσεως,
3055 787 3320 855 μηδέποτε
3365 789 3462 842 τοῦ
3497 791 3634 844 Θεοῦ

2062 870 2417 940 χωριζόμενοι
2443 889 2456 902 ο
2487 873 2608 926 κατ’
2635 875 2840 927 ἐκεῖνον
2866 875 2956 928 τὸν
2987 877 3124 938 υἱὸν,
3151 879 3283 948 πρὸς
3315 879 3374 932 ὃν
3393 881 3627 951 εἴρηται,

2068 959 2308 1022 Τέκνον,
2354 960 2435 1013 σὺ
2471 961 2730 1014 πάντοτε
2769 962 2896 1030 μετ’
2941 962 3091 1033 ἐμοῦ
3132 959 3206 1026 εἷ,
3255 965 3354 1018 καὶ
3398 965 3472 1019 τὰ
3513 967 3630 1036 ἐμὰ

2067 1047 2262 1102 πάντα
2296 1049 2380 1103 σά
2406 1049 2536 1104 ἐστι
2568 1067 2581 1082 ο
2615 1049 2774 1105 τοῦτο
2801 1053 2940 1106 κατὰ
2967 1055 3066 1124 τὴν
3110 1055 3167 1106 ἐν
3195 1055 3380 1124 χάριτι
3413 1055 3557 1109 θέσιν
3580 1057 3625 1087 ⁵⁸

2062 1135 2420 1209 ἐνδεχομένὶυς
2457 1142 2812 1213 ὑπάρχοντες,
2845 1145 2981 1214 ὅπερ
3011 1146 3040 1198 ὀ
3065 1145 3197 1208 Θεὸς
3226 1147 3366 1199 κατὰ
3394 1146 3494 1216 τὴν
3527 1145 3618 1214 φύ-

2064 1246 2147 1282 σιν
2169 1233 2258 1282 καὶ
2287 1231 2463 1286 αἰτίαν
2491 1233 2584 1286 καὶ
2617 1232 2731 1286 ἔστι
2765 1235 2858 1288 καὶ
2889 1235 3224 1290 πιστεύεται.

2126 1500 2217 1571 Μὴ
2243 1501 2418 1554 τοίνυν
2447 1501 2862 1571 ἀπολειφθῶμεν
2887 1503 2986 1570 τῆς
3019 1500 3180 1568 ἁγίας
3213 1498 3304 1554 τοῦ
3332 1495 3468 1552 Θεοῦ
3531 1490 3642 1545 Ἐο’

2062 1591 2310 1660 κλησίας,
2345 1590 2584 1644 τοσαῦτα
2608 1591 2749 1644 κατὰ
2777 1591 2876 1662 τὴν
2924 1590 3032 1644 τῶν
3080 1589 3418 1660 τελουμένων
3468 1588 3630 1642 θείων
3733 1589 3744 1596 ’

381 1685 438 1738 in
483 1685 796 1740 divinorum
843 1687 1245 1758 symbolorum,
1291 1707 1412 1759 qua:
1453 1692 1824 1758 celebrantur,
1875 1676 1955 1747 ri;

2064 1681 2347 1752 συμϐόλων
2374 1681 2532 1750 ἁγίαν
2563 1682 2806 1748 διάταξιν
2851 1685 2950 1753 τῆς
2995 1681 3266 1751 σωτηρίας
3313 1681 3474 1752 ἡμῶν
3531 1697 3630 1733 πε-
3689 1754 3695 1759 ⁸

379 1787 646 1847 tuumque
675 1789 866 1846 sancta
891 1779 1254 1844 ordinatione,
1287 1781 1480 1836 salutis
1507 1792 1710 1838 nostra:
1751 1796 1954 1855 myste-

378 1869 458 1922 ria
483 1869 896 1937 complectitur;
919 1869 1121 1940 quibus
1151 1873 1368 1942 egregie
1393 1889 1666 1943 quemque
1703 1886 1952 1930 nostrum

377 1961 472 2029 qui
505 1961 672 2014 vitam
716 1963 919 2018 virtute
964 1963 1226 2028 instituit,
1270 1980 1372 2034 pro
1415 1980 1483 2020 eo
1518 1982 1584 2021 ac
1611 1967 1791 2036 capit,
1825 1983 1956 2023 con-

379 2057 639 2104 sentanea
666 2050 887 2106 Christo
917 2054 1128 2108 ratione
1159 2053 1454 2119 fabricatis,
1488 2058 1635 2126 quod
1684 2073 1783 2127 per
1825 2075 1953 2114 san-

380 2150 525 2194 etum
551 2141 819 2209 baptisma
843 2143 898 2196 in
931 2141 1138 2212 Spiritu
1169 2155 1357 2201 sancto
1385 2146 1571 2201 datum
1595 2157 1677 2202 est
1708 2149 1956 2220 adoptio-

379 2233 465 2287 nis
494 2249 714 2298 munus,
742 2233 1068 2290 Christianis
1099 2235 1347 2292 moribus
1377 2238 1431 2291 in
1461 2239 1636 2307 palam
1660 2241 1949 2310 producit:

379 2322 472 2376 sed
505 2331 705 2392 quanta
739 2323 988 2391 facultas,
1017 2327 1277 2397 omnique
1305 2328 1605 2398 diligentia,
1631 2330 1826 2402 dignos
1853 2349 1954 2388 nos

378 2413 580 2469 divinis
605 2417 926 2472 muneribus
949 2418 1326 2480 exhibeamus,
1351 2435 1450 2488 per
1471 2421 1617 2476 bona
1642 2437 1808 2492 opera
1833 2419 1952 2493 pla-

378 2514 563 2558 ccntes
610 2505 755 2568 Deo;
804 2522 915 2560 non
973 2518 1363 2564 conversantes
1409 2511 1544 2564 sicut
1590 2520 1788 2581 gentes,
1838 2530 1955 2583 qua:

379 2593 545 2647 Deum
587 2597 857 2664 ignorant,
888 2599 941 2650 in
969 2601 1213 2668 passione
1251 2600 1495 2654 desiderii
1528 2613 1551 2640 θ
1597 2618 1661 2656 ac
1688 2603 1950 2670 libidine;

380 2683 475 2738 sed
504 2686 648 2742 sicut
676 2687 754 2740 ait
781 2699 1002 2742 sanctus
1028 2689 1319 2758 Apostolus
1343 2707 1356 2742 :
1388 2691 1764 2759 Mortiﬁcantes
1794 2711 1955 2748 mem-

379 2779 472 2832 bra
510 2794 626 2848 qua:
663 2787 786 2832 sunt
824 2796 980 2849 super
1017 2789 1236 2845 terram,
1274 2780 1695 2851 fornicationem,
1728 2786 1955 2838 immun-

381 2871 585 2935 ditiam,
616 2870 904 2935 libidinem,
939 2874 1408 2942 concupiscentiam
1439 2874 1670 2938 malam,
1691 2885 1738 2928 et
1775 2881 1953 2931 avario

2057 1773 2344 1844 ριεχούσης
2401 1774 2698 1849 μυστήρια,
2743 1773 2810 1826 δι’
2844 1766 2920 1828 ὧν
2971 1773 3202 1828 ’ἑκαστον
3257 1771 3414 1843 ήμῶν
3452 1771 3632 1835 καλῶς

2059 1863 2293 1934 μάλιστα
2333 1863 2748 1934 πολιτευόμενον
2778 1863 3058 1932 ἀναλόγως
3093 1861 3269 1933 ἑαυτῷ
3317 1862 3460 1916 κατὰ
3499 1863 3634 1934 Χρμ

2037 1956 2180 2009 κετὸν
2237 1955 2667 2028 δημιουργοῢσα,
2715 1957 2775 2009 τὸ
2831 1955 2984 2010 δοθὲν
3015 1957 3102 2010 διὰ
3133 1955 3227 2009 τοῦ
3251 1955 3406 2024 ἁγίου
3434 1953 3630 2026 βαπτί-

2058 2065 2259 2118 σματος
2289 2050 2346 2101 ἐν
2370 2047 2645 2118 Πνεύματι
2679 2047 2818 2118 ἁγίῳ
2843 2047 3088 2119 χάρισμα
3106 2048 3202 2118 τῆς
3231 2045 3520 2109 υἱοθεσίας,
3552 2046 3632 2110 είς

2055 2138 2364 2210 φανέρωσιν
2406 2137 2530 2206 ἄγει
2572 2139 2714 2192 κατὰ
2737 2137 2973 2208 Χριστὸν
3005 2137 3418 2208 πολιτευόμενον
3447 2151 3463 2168 ⁸
3493 2135 3634 2190 ἀλλὰ

2057 2231 2208 2302 πάσῃ
2243 2230 2470 2300 δυνάμει
2498 2247 2556 2282 τε
2585 2230 2680 2284 καὶ
2701 2229 2906 2301 σπουδῇ
2941 2229 3384 2300 παραστήσωμεν
3404 2229 3633 2302 ἐαυτοῦς

2055 2321 2236 2386 ἀξίους
2267 2321 2376 2375 τῶν
2414 2321 2575 2375 θείων
2629 2321 3000 2392 χαρισμάτων,
3057 2321 3124 2373 δι’
3157 2319 3352 2390 -ἔργων
3405 2319 3631 2388 ἀγαθῶν

2056 2410 2482 2481 εὐαρεστοῦντας
2511 2410 2588 2480 τῷ
2616 2410 2734 2480 θεῷ
2765 2426 2779 2440 ·
2833 2411 2910 2480 μὴ
2967 2410 3429 2480 ἀναστρεφόμενοι
3480 2410 3632 2463 κατὰ

2055 2505 2127 2558 τὰ
2165 2505 2333 2572 ἔθνη,
2368 2505 2439 2559 τὰ
2453 2504 2539 2574 μὴ
2570 2504 2770 2558 εἰδότα
2809 2504 2978 2569 Θεὸν,
3000 2504 3070 2558 ἐν
3097 2500 3269 2558 πάθει
3293 2504 3626 2572 ἐπιθυμίας

2055 2597 2212 2660 ἀλλὰ,
2243 2596 2428 2659 καθώς
2461 2613 2625 2664 φησιν
2649 2596 2678 2647 ὁ
2712 2597 2868 2663 ἆγιος
2907 2594 3246 2660 ’Δπόστολος,
3277 2593 3633 2662 Νεκρώσαν-

2055 2707 2154 2755 τες
2205 2691 2277 2742 τὰ
2320 2688 2476 2759 μέλη
2516 2689 2588 2742 τὰ
2615 2688 2714 2741 ἐπὶ
2742 2687 2853 2755 τῆς
2881 2686 3008 2756 τῆς,
3040 2689 3345 2756 πορνείαν,
3375 2688 3632 2754 ἀκαθαρ-

2055 2784 2218 2846 σίαν,
2255 2781 2466 2847 πάθος,
2489 2773 2810 2849 ὲὲτιθυμίαν
2837 2780 3057 2846 κακὴν,
3119 2780 3216 2833 καί
3265 2779 3379 2846 τὴν
3415 2783 3632 2834 πλεον-

2054 2875 2245 2938 εξίαν,
2277 2873 2408 2941 ἢτις
2441 2873 2614 2926 ἐστίν
2661 2871 3120 2937 εἰδωλολατρεία
3148 2884 3162 2899 ⁶
3209 2871 3283 2924 δι’
3322 2868 3361 2924 ἀ
3400 2871 3631 2938 ἔρχεται

382 2965 532 3026 tiam,
573 2979 690 3033 qua:
737 2971 813 3016 est
851 2961 1258 3017 simulacrorum
1289 2967 1546 3032 servitus;
1582 2977 1796 3037 prapter
1839 2984 1955 3038 qua:

2060 2967 2095 3033 ὴ
2122 2963 2266 3034 ὀργὴ
2292 2964 2389 3018 ἐπὶ
2410 2964 2552 3040 τοὺς
2577 2963 2748 3028 υἱοὺς
2781 2962 2892 3032 τῆς
2941 2961 3244 3030 ἀπειθείας
3270 2980 3284 2992 ·
3331 2961 3518 3032 ὀργήν
3568 2977 3632 3016 τε

382 3056 519 3107 venit
547 3055 630 3108 ira
665 3054 760 3107 Dei
793 3055 846 3108 in
884 3053 1022 3122 filios
1050 3066 1418 3129 contumaces;
1453 3056 1615 3128 524
1647 3074 1956 3129 omnemque

382 3145 518 3197 iram
549 3153 598 3196 et
632 3144 1045 3213 indignationem
1070 3127 1124 3196 et
1155 3153 1361 3215 turpem
1391 3161 1683 3199 sermonem
1723 3155 1772 3199 et
1807 3164 1954 3200 men-

379 3236 590 3289 dacium
620 3235 638 3274 ί
673 3252 686 3288 :
711 3244 787 3299 et,
819 3245 877 3289 ut
903 3235 1070 3289 semel
1098 3237 1298 3299 dicam,
1333 3246 1506 3290 totum
1534 3247 1760 3291 veterem
1789 3241 1956 3292 homi-

381 3341 521 3386 nem,
543 3327 632 3395 qui
673 3327 1028 3396 corrumpitur
1065 3325 1351 3379 secundum
1391 3325 1648 3380 desideria
1682 3329 1874 3380 erroris
1905 3329 1950 3391 8,

379 3416 689 3486 deponentes
740 3433 859 3470 cum
910 3417 1108 3470 actibus
1131 3419 1238 3471 suis
1282 3418 1308 3456 ιι
1356 3426 1404 3470 et
1451 3418 1752 3483 desideriis,
1799 3419 1955 3489 digne

380 3504 488 3558 Deo
534 3505 888 3571 ambulemus,
933 3509 1022 3577 qui
1069 3509 1267 3561 vocavit
1309 3525 1402 3561 nos
1441 3510 1494 3562 in
1529 3509 1687 3562 suum
1739 3507 1954 3579 regnum

379 3606 428 3649 ct
453 3596 679 3668 gloriam
722 3596 776 3662 ί,
827 3599 1103 3652 induentes
1146 3617 1238 3652 nos
1304 3603 1505 3654 viscera
1561 3602 1950 3662 misericordia,

378 3690 767 3760 benignitatem,
804 3692 1220 3757 submissionem,
1262 3687 1734 3756 mansuetudinem,
1765 3692 1952 3762 longa-

379 3782 708 3846 nimitatem;
748 3792 1119 3854 supportantes
1159 3785 1375 3836 invicem
1423 3786 1476 3837 in
1518 3785 1780 3838 charitate
1825 3783 1871 3849 ι,
1903 3795 1952 3838 et

377 3871 631 3925 donantcs
667 3875 1068 3943 nobismetipsis,
1097 3878 1141 3928 si
1171 3879 1284 3945 quis
1317 3876 1565 3928 adversus
1597 3875 1827 3944 aliquem
1856 3879 1952 3930 Ita-

377 3964 458 4016 bet
489 3965 782 4034 querelam,
803 3967 934 4018 sicut
969 3977 1015 4018 et
1047 3967 1300 4019 Dominus
1342 3969 1556 4021 donavit
1588 3969 1753 4022 nobis.
1784 3968 1952 4038 Super

377 4058 576 4118 omnia,
629 4056 893 4109 vinculum
953 4055 1088 4108 illud
1135 4057 1487 4126 perfectionis,
1538 4060 1850 4114 charitatem
1902 4073 1950 4116 et

377 4162 582 4215 pacem,
615 4147 666 4198 in
704 4163 863 4216 quam
898 4155 946 4198 et
977 4149 1144 4200 vocati
1185 4164 1363 4200 sumus
1400 4149 1453 4201 in
1493 4167 1598 4204 uno
1631 4168 1846 4220 corpore
1879 4155 1903 4192 κ
1933 4171 1946 4206 :

377 4243 460 4302 et,
485 4247 542 4290 ut
570 4253 781 4291 summa
809 4237 1007 4298 dicam,
1034 4256 1224 4293 novum
1245 4241 1527 4306 hominem,
1553 4243 1642 4311 qui
1668 4253 1950 4297 renovatur

2062 3053 2290 3119 πᾶσαν,
2347 3054 2442 3106 καὶ
2475 3053 2665 3122 θυμὸν
2687 3053 2784 3108 καί
2806 3054 3238 3124 αισχρολογίαν
3260 3053 3356 3106 καί
3383 3052 3628 3122 ψεῦδος

2063 3146 2178 3210 καὶ,
2218 3145 2498 3215 συντόμως
2532 3145 2728 3208 εἰπεῖν,
2781 3146 2958 3199 πάντα
2991 3144 3098 3230 τὸ]
3129 3144 3386 3199 παλαιὸν
3414 3144 3632 3212 ἀνθρω-

2062 3247 2199 3298 πον,
2234 3235 2341 3288 τόν
2357 3235 2747 3305 φθειρόμενον
2789 3235 2942 3288 κατὰ
2997 3235 3105 3299 τὰς
3153 3235 3469 3304 ἐπιθυμίας
3523 3232 3634 3299 τῆς

2061 3324 2315 3391 ἀπάτης,
2341 3325 2697 3393 ἀποθέμενοι
2721 3325 2845 3380 σὺν
2869 3326 2996 3392 ταῖς
3017 3325 3312 3394 πράξεσιν
3329 3326 3512 3381 αὐτοῦ
3531 3327 3629 3379 καὶ

2064 3417 2190 3483 ταῖς
2213 3418 2570 3487 ἐπιθυμίαις,
2601 3418 2783 3482 ἀξίως
2807 3417 2912 3471 τοῦ
2939 3417 3088 3471 Θεοῦ
3113 3415 3629 3486 περιπατήσωμεν,

2062 3509 2168 3564 τοῦ
2216 3509 2609 3584 καλέσαντος,
2633 3507 2789 3578 ἡμᾶς
2818 3511 2906 3584 είς
2937 3509 3053 3579 τὴν
3079 3508 3278 3563 ἀὐτοῦ
3304 3508 3632 3572 ,βασιλείαν

2061 3601 2158 3655 καί
2198 3601 2386 3664 δόξαν
2415 3617 2428 3630 °
2475 3580 2875 3672 ἐνδυσάμενοι
2913 3599 3242 3670 σπλάγχνα
3293 3599 3627 3668 οἰκτιρμοῦ,

2060 3693 2456 3760 γρηστότητα,
2479 3692 3063 3760 ταπεινοφροσύνην,
3087 3691 3395 3758 πραΰτητα
3422 3691 3488 3754 ⁸⁸,
3517 3706 3630 3758 μα-

2059 3784 2386 3852 κροθυμίαν
2409 3799 2424 3812 ·
2453 3783 2805 3852 ἀνεχόμενοι
2827 3780 3115 3846 ἀλλήλων
3147 3780 3218 3833 ἐν
3258 3779 3481 3849 ἀγάπῃ,
3531 3779 3629 3832 καί

2058 3871 2427 3942 χαριζέἱμενοι
2475 3873 2713 3938 ἑαυτοῖς
2764 3871 2876 3926 ἐάν
2904 3889 2994 3937 τις
3019 3873 3168 3940 πρός
3195 3888 3326 3924 τινα
3344 3872 3455 3940 ἔχῃ
3483 3887 3630 3939 μομ-

2057 3964 2202 4032 φὴν,
2236 3964 2429 4030 καθὼς
2457 3965 2554 4017 καὶ
2583 3967 2615 4018 ό
2642 3966 2854 4032 Κύριος
2878 3965 2922 3996 ⁶¹
2966 3957 3486 4032 ἐχαρίσατοήμῖν,
3529 3964 3629 4016 ἐπὶ

2059 4056 2211 4112 πᾶσι
2239 4074 2302 4110 τε
2329 4057 2436 4110 τὸν
2461 4056 2811 4125 σύνδεσμον
2837 4057 3226 4123 τελειότητος,
3261 4057 3375 4121 τὴν
3390 4057 3630 4124 ἀγάπην

2057 4149 2155 4201 καὶ
2189 4147 2304 4215 τὴν
2331 4147 2599 4216 εἰρήνην,
2628 4149 2714 4213 εὶς
2757 4146 2838 4214 ἣν
2886 4148 2984 4200 καὶ
3027 4147 3372 4215 ἐκλήθημεν
3423 4147 3493 4200 ἐν
3537 4148 3629 4200 ἑνί

2057 4237 2279 4308 σώματι
2305 4254 2318 4267 °
2355 4239 2470 4300 καὶ,
2505 4238 2593 4290 ἵνα
2622 4237 2856 4290 συνελὼν
2884 4237 3044 4300 εἴπω,
3075 4237 3183 4290 τὸν
3226 4236 3368 4291 νέον
3411 4237 3631 4304 ἅνθρωο

377 4328 435 4380 in
463 4325 800 4396 agnitionem,
834 4329 1118 4382 secundum
1161 4331 1446 4400 imaginem
1477 4332 1610 4400 ejus,
1639 4333 1727 4403 qui
1755 4336 1948 4388 creavit

2060 4331 2826 4399 πον,τόνάνακαινούμενον
2839 4332 2928 4395 είς
2941 4328 3268 4396 ἐπίγνωσιν
3287 4327 3412 4381 κατ’
3429 4329 3631 4381 εἰκόνα

375 4421 527 4472 illum
568 4416 608 4472 1.
637 4419 774 4473 Dum
819 4420 964 4474 enim
999 4421 1078 4475 sic
1102 4421 1226 4476 vita:
1256 4421 1498 4477 rationes
1540 4439 1950 4492 componamus,

377 4509 675 4564 uotcrimus
709 4511 895 4580 utique
919 4511 973 4564 in
1004 4511 1166 4565 linem
1191 4512 1502 4566 divinarum
1527 4515 1953 4582 promissionum

375 4602 519 4652 bona
545 4614 641 4668 spe
667 4598 786 4654 fulti
817 4600 1028 4664 venire,
1058 4609 1104 4654 et
1140 4601 1348 4672 impleri
1373 4605 1639 4673 agnitione
1670 4601 1956 4660 voluntatis

2052 4416 2158 4473 τοῦ
2184 4420 2508 4484 κτίσαντος
2543 4421 2751 4473 αὐτόν.
2780 4418 2934 4472 Οὕτω
2963 4417 3072 4488 γὰρ
3093 4415 3159 4470 ἂν
3181 4415 3443 4486 βιοῦντες,
3468 4415 3629 4493 δυνη-

2055 4511 2282 4581 θείημεν
2313 4512 2448 4580 πρὸς
2472 4511 2534 4562 τὸ
2567 4510 2720 4574 τέλος
2749 4509 2922 4562 ἐλθεῖν
2951 4511 3058 4562 τῶν
3083 4507 3244 4561 θείων
3268 4505 3627 4576 ἐπαγγελιῶν,

2060 4600 2178 4671 μετ’
2212 4601 2427 4662 ἐλπίδος
2451 4601 2662 4670 ἀγαθῆς
2735 4598 3087 4671 πληρωθῆναί
3124 4615 3184 4651 τε
3211 4599 3308 4666 τὴν
3337 4597 3632 4665 ἐπίγνωσιν

373 4690 509 4753 eius,
543 4691 596 4743 in
617 4692 759 4743 omni
787 4692 1049 4761 sapientia
1080 4700 1128 4744 ct
1161 4693 1428 4746 intellectu
1463 4694 1713 4763 spiritali,
1739 4695 1955 4764 fructiﬁ-

2060 4691 2151 4744 τοῦ
2182 4691 2483 4761 θελήματος
2509 4690 2698 4755 αὑτοῦ,
2749 4693 2844 4744 καὶ
2874 4692 3022 4761 πάσῃ
3069 4691 3232 4762 σοφίᾳ
3273 4691 3368 4742 καὶ
3421 4687 3634 4742 συνέσει

371 4787 552 4834 cantes
579 4788 629 4833 et
666 4790 949 4834 crescentes
985 4783 1039 4834 in
1069 4784 1286 4836 scientia
1325 4784 1570 4851 Domini;
1597 4788 1652 4840 in
1678 4791 1820 4842 omni
1850 4791 1954 4842 cir-

376 4881 487 4926 tute
516 4873 815 4943 conﬁrmati
864 4875 1150 4928 secundum
1199 4881 1485 4940 potentiam
1515 4877 1778 4933 claritatis
1822 4883 1987 4956 ejus“

375 4979 428 5018 tn
461 4965 604 5016 omni
630 4967 884 5034 patientia
910 4974 958 5018 ct
999 4965 1400 5043 longanimitate
1438 4985 1553 5022 cum
1581 4973 1794 5041 gaudio,
1829 4990 1958 5042 gra-

377 5056 476 5109 tias
519 5064 732 5126 agentes
783 5058 953 5122 Patri,
1005 5059 1093 5127 qui
1137 5057 1348 5112 idoneos
1395 5076 1487 5113 nos
1522 5060 1640 5130 fecit
1671 5064 1723 5116 in
1752 5073 1958 5133 partem

289 5147 306 5174 "
371 5153 529 5201 sortis
559 5159 858 5202 sanctorum
893 5151 944 5202 in
973 5149 1166 5203 lmnine
1197 5159 1256 5205 ιη.

1559 5355 1576 5392 ί
1604 5353 1817 5409 Coloss.
1857 5371 1933 5416 Ill,

1122 5424 1145 5464 ¹ί
1167 5424 1377 5478 Coloss.
1408 5439 1485 5488 ιιι,
1522 5424 1727 5489 12,-13.

441 5349 469 5389 τι
502 5350 616 5404 Luc
638 5367 725 5413 xv,
761 5353 848 5404 δι.
931 5365 953 5392 θ
989 5354 1006 5406 1
1035 5353 1228 5406 Thess.
1261 5371 1337 5417 tv,
1387 5354 1439 5408 5.

375 5436 432 5484 ιι,
461 5421 545 5478 l2.
600 5420 616 5470 1
663 5421 864 5488 Ephes.
891 5438 961 5486 tv,
988 5423 1042 5475 ‘2.

1815 5396 1817 5406 ,
1857 5371 1933 5416 ιιι,
1996 5355 2133 5410 5-9.
2248 5357 2274 5392 "
2306 5355 2501 5424 Ephes.
2545 5370 2618 5416 Iv,
2650 5355 2742 5406 ‘22.
2812 5355 2827 5392 ι

1815 5423 1828 5462 ¹
1866 5426 2078 5484 ibim-9
2131 5424 2216 5478 10.
2295 5438 2332 5463 ιη
2364 5425 2575 5480 Culoss.
2609 5440 2647 5487 t,
2673 5423 2827 5476 9-12.

2063 4784 2409 4852 πνευματικῇ
2473 4780 2969 4852 καρποφοροῦντες,
3026 4781 3122 4834 καὶ
3170 4779 3522 4848 αὐξανόμενοι
3565 4779 3631 4848 τῇ

2060 4874 2353 4941 ἐπιγνώσει
2383 4873 2590 4944 Κυρίου
2619 4889 2633 4902 ο
2676 4875 2734 4926 ἐν
2783 4874 2934 4944 πάσῃ
2973 4873 3199 4942 δυνάμει
3236 4869 3634 4940 δυναμούμενοι

2059 4965 2200 5020 κατὰ
2246 4966 2307 5019 τὸ
2333 4966 2534 5036 κράτος
2564 4968 2662 5035 τῆς
2706 4965 2863 5034 δόξης
2897 4963 3086 5030 αὑτοῦ,
3111 4966 3188 5026 είς
3217 4965 3394 5016 πᾶσαν
3425 4961 3633 5014 οἰκοδο-

2061 5057 2167 5128 μὴν
2197 5056 2242 5088 ⁸³
2264 5059 2356 5110 καὶ
2383 5056 2763 5128 μακροθυμίαν
2792 5056 2928 5127 μετὰ
2960 5056 3153 5126 χαρᾶς,
3183 5050 3636 5124 εὐχαριστοῦντες

2054 5149 2132 5219 τῷ
2155 5150 2354 5218 Πατρὶ.
2380 5148 2456 5217 τῷ
2491 5147 2814 5200 ἱκανώσαντι
2850 5149 2994 5218 ἡμᾶς
3027 5147 3106 5210 είς
3149 5145 3247 5215 τὴν
3301 5143 3496 5214 μερίδα
3535 5141 3632 5195 τοῐ

2055 5241 2258 5312 κλήρου
2290 5241 2399 5292 τῶν
2429 5239 2596 5306 ἁγίων
2625 5240 2680 5293 ἐν
2706 5237 2783 5309 τῷ
2806 5239 2960 5307 φωτί.

2248 5357 2274 5392 κ
2306 5355 2501 5424 Ephes.
2545 5370 2618 5416 Iv,
2650 5351 2742 5424 ‘22.
2787 5355 2837 5424 rh
2871 5354 3084 5408 Coloss.
3121 5368 3198 5416 ιιι,
3226 5352 3278 5406 9.
3347 5349 3363 5388 ί
3392 5348 3633 5405 l'l'hess.

1643 5537 1880 5594 VARUE
1921 5540 2322 5598 LlitlTIONES.

451 5623 496 5656 ‘°
516 5625 710 5678 θέωσιν
740 5629 801 5680 Α.
838 5628 899 5681 (ἶ.
933 5638 988 5682 ct
1025 5630 1108 5682 Fr.
1190 5634 1229 5663 "
1271 5633 1359 5686 Fr.
1399 5635 1698 5698 πραότητα.

1777 5636 1822 5668 ⁵⁸
1874 5635 2127 5699 Χριστός,
2165 5636 2225 5700 C,
2289 5640 2348 5692 Α.

2428 5637 2472 5667 ⁸³
2506 5634 2691 5688 (ὶτιεοιι
2746 5629 2948 5684 habent
3011 5627 3305 5700 ὑπομονήν.
