3992 6192
303 319 410 387 ’113

1668 319 2172 384 MYSTAGOGIA.

3468 322 3576 387 7M

379 435 569 507 Σαφὴς
591 435 649 489 δὲ
678 435 777 506 τῆς
814 435 1039 505 χάριτος
1086 432 1287 504 ταύτης
1335 433 1481 487 ἐστὶν
1517 432 1812 498 ἀπόδειξις,
1854 435 1888 503 ἡ

2060 436 2282 506 Affectus
2319 453 2471 508 opere
2496 437 2816 508 probandus.
2850 435 3216 504 Beneﬁcentia:
3240 437 3336 496 vis.
3364 445 3420 489 ut
3453 438 3576 492 deus

310 530 444 602 πρὸς
474 528 536 582 τὸ
563 527 824 595 συγγενὲς
851 526 920 580 δι’
947 525 1159 588 εὐνοίας
1209 525 1455 588 ἑκούσιος
1500 525 1836 588 συνδιάθεσις
1872 543 1886 556 ο

311 617 378 694 ἦς
399 621 564 692 ἔργον
595 618 767 683 ἐστὶν,
796 617 870 681 ὼς
903 615 1059 680 Θεὸν,
1104 615 1435 670 οἰκειοῦσθαι
1486 615 1628 669 κατὰ
1665 614 1894 685 δύναμιν

310 713 401 768 τὸν
429 711 553 765 καθ’
599 709 778 764 ὁτιοῦν
815 709 915 778 τῆς
947 707 1105 778 ἡμῶν
1143 706 1467 778 ἐπικουρίας
1499 708 1752 778 δεόμενον
1801 708 1896 761 ἄν-

313 806 551 878 θρωπον·
571 803 667 858 καὶ
690 805 766 873 μὴ
793 802 890 872 έᾷν
911 799 1254 870 ἀτημέλητον
1279 799 1374 851 καὶ
1394 799 1745 870 ἀπρονόητονο
1762 798 1897 851 ἀλλά

317 897 522 968 σπουδῇ
572 896 640 965 τῇ
694 890 980 963 πρεπούσῃ
1029 891 1150 944 κατ’
1203 890 1485 959 ἐνέργειαν
1525 887 1897 943 ἐνδείκνυσθαι

315 987 495 1052 ζῶσαν
518 984 617 1056 τὴν
639 985 698 1036 ὲν
725 985 856 1053 ἡμῖν
879 981 1014 1050 πρός
1050 998 1112 1034 τε
1132 981 1222 1036 τὸν
1249 981 1381 1035 Θεὸν
1411 983 1506 1036 καὶ
1535 982 1623 1034 τὸν
1669 979 1898 1052 πλησίον

316 1077 580 1132 διάθεσιν.
628 1076 828 1145 Ἔργον
872 1074 984 1144 γὰρ
1022 1072 1302 1140 ἀπόδειξις
1359 1073 1673 1136 διαθέσεως.
1728 1072 1896 1126 Οὐδὲν

318 1169 428 1240 γὰρ
489 1166 613 1222 οῦτε
675 1165 810 1236 πρὸς
871 1163 1220 1233 δικαιοσύνην
1270 1163 1413 1218 οὕτω
1484 1164 1662 1236 ῥᾴδιόν
1725 1165 1894 1227 ἐστιν,

318 1259 443 1313 οὗτε
485 1257 620 1325 πρὸς
669 1256 865 1309 θέωσιν
913 1255 1005 1325 (ἶν’
1058 1253 1232 1318 οὕτως
1266 1255 1428 1319 εἴπω)
1478 1256 1572 1308 καὶ
1614 1254 1712 1324 τὴν
1764 1254 1898 1323 πρὸς

320 1350 454 1404 Θεὸν
477 1348 758 1418 ἐγγύτητα
785 1348 1119 1418 καθέστηκεν
1155 1349 1478 1419 ἐπιτήδειον,
1513 1348 1587 1412 ὡς
1643 1349 1790 1411 ἕλεος
1835 1349 1898 1401 ὲκ

319 1439 494 1511 ψυχῆς
511 1441 590 1502 είς
610 1439 736 1500 τοὺς
757 1438 1042 1508 δεομένους
1071 1438 1187 1507 μεθ’
1209 1439 1399 1510 ἡδονῆς
1427 1441 1519 1492 καὶ
1539 1441 1712 1511 χαρᾶς
1735 1455 1899 1508 προσ-

328 1531 646 1602 φερόμενος.
707 1531 778 1582 Εί
801 1531 909 1600 γάρ
939 1529 1071 1582 Θεὸν
1100 1531 1127 1582 ὁ
1153 1530 1323 1598 Λόγος
1365 1530 1456 1584 τὸν
1491 1527 1548 1584 εὖ
1575 1531 1763 1584 παθέϊν
1794 1531 1900 1583 δεό-

328 1639 488 1693 μενον
535 1621 757 1685 ἔδειξεν.
824 1622 950 1689 Ἐφ’
993 1620 1146 1674 ὅσον
1175 1620 1284 1692 γὰρ
1332 1621 1676 1688 ἐποιήσατε,
1711 1622 1896 1690 φησιν,

324 1712 413 1766 ἐνί
469 1713 697 1774 τούτων
751 1713 874 1766 τῶν
932 1711 1312 1780 ἐλαχίστων,
1362 1714 1488 1783 ἐμοὶ
1533 1715 1896 1784 ἐποιήσατεο

323 1804 455 1868 Θεὸς
475 1803 534 1858 δὲ
563 1806 593 1858 ὁ
624 1801 816 1868 εἰπὼν,
846 1801 1026 1871 πολλῷ
1059 1802 1257 1873 μᾶλλον
1282 1803 1373 1856 τὸν
1419 1800 1479 1858 εὖ
1523 1808 1698 1858 ποιεῖν
1751 1805 1902 1862 δυνά·
1933 1785 1975 1840 Β

326 1913 491 1968 μενον
519 1897 613 1950 καὶ
637 1895 912 1960 ποιοῦντα,
954 1894 1118 1959 δείξει
1163 1895 1379 1965 ἀληθῶς
1425 1897 1567 1950 κατά
1609 1897 1769 1969 χάριν
1812 1902 1903 1953 καὶ

330 1987 552 2058 μέθεξιν
575 1987 706 2041 δντα
731 1986 885 2048 Θεὸν,
923 1985 999 2048 ὡς
1027 1985 1125 2056 τὴν
1146 1985 1311 2039 αὑτοῦ
1334 1987 1434 2056 τῆς
1460 1989 1782 2059 εὐεργεσίας
1810 1991 1902 2042 εὑ·-

245 2075 252 2081 ’
333 2077 590 2148 μιμήτως
635 2076 1029 2146 ἀνειλημμένον
1074 2076 1356 2147 ὲνέργειάν
1397 2093 1455 2129 τε
1495 2080 1591 2130 καὶ
1643 2079 1899 2148 ἰδιότητα.

328 2169 442 2222 Καὶ
467 2168 518 2222 εί
547 2167 679 2230 Θεὸς
705 2169 734 2220 ό
756 2167 986 2237 πτωχὸς,
1020 2165 1109 2220 διὰ
1133 2167 1232 2238 τὴν
1255 2168 1350 2221 τοῦ
1384 2167 1449 2222 δι’
1482 2171 1626 2240 ἡμᾶς
1655 2171 1904 2241 πτωχεύ-

332 2278 524 2325 σαντος
547 2259 680 2313 Θεοῦ
712 2259 1143 2328 ωγκατάὸασιν,
1173 2259 1269 2311 καὶ
1291 2261 1370 2322 είς
1419 2261 1613 2316 ἑαυτὸν
1667 2264 1900 2318 ἑκάστου

330 2349 631 2420 συμπαθῶς
662 2348 1063 2429 ἀναδεχομένου
1097 2347 1268 2419 πάθη,
1301 2348 1397 2402 καὶ
1433 2350 1593 2420 μέχρι
1636 2353 1736 2422 τῆς
1780 2370 1904 2408 συν-

324 2442 540 2504 τελείας
566 2440 662 2494 τοῦ
685 2439 902 2504 αἰῶνος,
933 2439 1075 2493 κατά
1095 2440 1194 2511 τὴν
1227 2441 1517 2510 ἀναλογίαν
1547 2440 1642 2496 τοῦ
1679 2446 1738 2500 ὲν
1776 2447 1904 2501 ἑκά-

319 2546 440 2602 στῳ
467 2531 697 2594 πάθους,
727 2530 814 2583 ἀεὶ
835 2529 903 2582 δι’
924 2529 1239 2599 ἀγαθότητα
1262 2531 1562 2600 πάσχοντος
1590 2537 1864 2602 μυστικῶς
1886 2553 1900 2570 ·

327 2619 492 2675 πλέον
519 2620 768 2690 δηλονότι
803 2619 850 2651 ⁸⁵
886 2620 1029 2673 κατά
1063 2619 1153 2671 τὸν
1179 2620 1364 2674 εἰκότα
1387 2621 1542 2688 λόγον
1571 2621 1721 2676 ἔσται
1751 2625 1902 2691 Θεὸς,

326 2715 357 2768 ὁ
393 2713 534 2767 κατὰ
575 2711 808 2783 μίμησιν
831 2709 927 2764 τοῦ
961 2709 1100 2763 Θεοῦ
1132 2710 1221 2764 διὰ
1261 2711 1672 2783 φιλανθρωπίαν
1700 2717 1766 2770 τὰ
1798 2717 1907 2770 τῶν

328 2804 611 2859 παθόντων
643 2801 793 2870 πάθη
821 2802 891 2855 δι’
942 2801 1134 2854 ἑαυτοῦ
1182 2801 1501 2873 θεοπρεπῶς
1556 2805 1850 2878 ἐξιώμενος
1892 2824 1905 2841 ο

327 2898 424 2953 καὶ
452 2898 552 2968 τὴν
579 2894 744 2967 αὐτὴν
769 2894 849 2964 τῷ
870 2894 1180 2964 Θεῷ,οκατά
1200 2895 1492 2964 ἀναλογίαν
1515 2900 1614 2969 τῆς
1638 2904 1909 2973 σωστικῆς

327 2993 610 3064 προνοίας,
654 2989 800 3044 κατά
831 2987 1074 3042 διάθεσιν
1112 2987 1250 3056 έχων
1279 2987 1628 3058 δεικνύμενος
1655 2991 1905 3064 δύναμιν.

1999 524 2460 596 faciat—Hujus
2501 540 2686 582 autem
2735 527 2923 597 gratia:
2975 527 3120 581 clara
3166 526 3417 596 probatio
3459 538 3577 592 est,

2001 625 2299 684 spontanea
2331 618 2516 672 animo
2549 618 2688 673 bene
2727 617 2934 672 volenti
2977 632 3103 686 erga
3135 619 3355 687 generis
3389 633 3576 672 ncces-

1999 708 2240 762 situdine
2271 709 2429 763 nobis
2453 710 2796 779 conjunctos,
2819 709 3069 774 affectio;
3098 711 3257 778 cujus
3280 709 3385 763 hoc
3415 725 3576 778 Opus,

2002 801 2108 856 hoc
2135 800 2367 868 facinus,
2401 812 2459 857 ut
2489 801 2740 870 quisquis
2763 800 3046 854 hominum
3085 801 3194 855 ulla
3223 801 3276 854 in
3306 816 3364 854 re
3390 810 3581 854 nostra

2001 907 2104 961 ope
2137 902 2313 962 egeat,
2349 891 2495 944 haud
2545 905 2707 957 secus
2751 905 2815 943 ac
2844 889 3017 944 Deum
3052 905 3152 958 pro
3179 888 3323 942 virili
3367 899 3576 949 nostra,

2002 982 2276 1037 demereri
2309 981 2658 1044 Studeamus,
2687 995 2792 1034 nec
2827 981 3137 1049 neglectum
3187 994 3249 1032 ac
3297 979 3415 1033 sine
3449 996 3580 1032 cura

2004 1057 2286 1144 praeterire
2311 1089 2412 1128 nos
2443 1089 2569 1128 eum
2611 1073 2855 1127 sinamus
2877 1111 2892 1134 ,
2921 1071 3040 1135 sed,
3070 1087 3176 1140 qua
3214 1087 3312 1140 par
3338 1080 3421 1125 est
3451 1071 3579 1124 dili-

2003 1168 2204 1237 gentia,
2244 1166 2424 1236 reipsa
2459 1165 2514 1220 in
2547 1165 2708 1219 nobis
2740 1163 2923 1217 vivere
2949 1177 3013 1216 ac
3040 1163 3244 1232 vigere,
3270 1177 3380 1230 quo
3409 1162 3581 1214 Deum

2003 1258 2425 1327 proximumque
2465 1255 2866 1326 prosequimur,
2901 1252 3158 1307 affectum
3201 1251 3578 1305 ostendamus.

2004 1348 2247 1403 Affectus
2281 1349 2426 1403 enim
2459 1346 2710 1417 probatio
2765 1353 2850 1398 est
2886 1345 3070 1414 Operis
3105 1342 3394 1397 exhibitio.
3436 1342 3584 1396 Nihil

2005 1439 2207 1508 quippe
2240 1437 2306 1492 ad
2340 1437 2606 1507 justitiam
2645 1434 2782 1490 adeo
2814 1432 2992 1496 facile,
3021 1431 3209 1502 sicque
3236 1446 3584 1499 consequen-

2005 1527 2132 1580 dam
2159 1526 2418 1580 deitatem
2452 1525 2534 1594 (ut
2565 1524 2644 1578 sic
2666 1521 2879 1592 loquar)
2913 1521 3253 1591 expeditum,
3286 1529 3341 1576 et
3369 1529 3429 1574 ut
3457 1535 3583 1574 cum

2005 1617 2118 1672 Deo
2138 1614 2541 1671 necessitudine
2560 1616 2873 1685 jungamur,
2899 1627 2962 1667 ac
2998 1611 3396 1674 misericordia,
3420 1626 3583 1680 quam

2006 1725 2072 1764 ex
2101 1707 2285 1762 animo
2315 1722 2440 1762 cum
2475 1707 2752 1775 voluptate
2795 1711 2851 1758 ct
2894 1703 3094 1774 gaudio
3138 1702 3488 1756 conferamus
3530 1703 3582 1756 in

2005 1817 2122 1865 eos,
2155 1801 2248 1870 qui
2281 1799 2546 1870 indigent.
2596 1797 2877 1867 Siquidem
2920 1796 3067 1849 enim
3111 1793 3416 1862 Scriptura,
3457 1808 3584 1846 eum

2007 1894 2103 1963 qui
2148 1893 2270 1961 opis
2313 1900 2437 1961 eget
2483 1898 2540 1944 et
2586 1898 2648 1942 ut
2697 1885 2965 1942 beneficio
3016 1884 3391 1954 impartiatur,
3421 1883 3586 1937 deum

2007 1983 2270 2038 ostendit.
2302 1981 2548 2048 Quandiu
2570 1980 2738 2043 enim,
2761 1978 2960 2046 inquit,
2993 1977 3085 2029 uni
3114 1991 3177 2028 ex
3203 1975 3434 2028 minimis
3458 1977 3587 2028 meis

2006 2073 2118 2128 istis
2145 2073 2359 2143 fecistis,
2388 2072 2513 2126 mihi
2540 2070 2730 2140 fecistis
2760 2077 2789 2105 ιι
2821 2086 2835 2122 :
2870 2069 3041 2122 Porro
3069 2067 3215 2120 Deus
3257 2073 3342 2120 cst
3371 2065 3465 2134 qui
3509 2065 3590 2119 lo-

2008 2169 2238 2238 quitur;
2270 2165 2476 2236 potiori
2524 2165 2686 2234 longe
2731 2161 2966 2226 ratione,
3012 2174 3174 2222 eum,
3228 2158 3317 2212 cui
3367 2157 3590 2212 benefa-

2008 2259 2190 2315 ciendi
2233 2257 2464 2312 facultas
2489 2263 2594 2320 est,
2643 2268 2820 2324 exque
2871 2251 2962 2306 illa
3012 2249 3306 2314 benefacit,
3337 2249 3592 2304 ostendet

2007 2366 2196 2406 revera
2221 2365 2322 2419 per
2341 2347 2569 2418 gratiam
2589 2345 2795 2414 Deique
2817 2342 3236 2414 participatione
3260 2341 3423 2395 deum
3445 2356 3588 2404 esse,

2006 2443 2099 2513 qui
2128 2443 2249 2513 ejus
2288 2437 2686 2501 beneficentiae,
2736 2435 2994 2505 praeclare
3034 2431 3320 2496 imitando,
3369 2432 3480 2485 vim
3527 2448 3592 2486 ac

2008 2511 2400 2603 proprietatem
2443 2528 2648 2582 inierit.
2673 2527 2750 2580 Ac
2777 2524 3048 2594 siquidem
3083 2539 3290 2594 pauper
3320 2511 3458 2578 deus
3485 2532 3590 2586 est,

2011 2625 2220 2680 idcirco
2249 2623 2379 2692 quia
2407 2622 2553 2676 Deus
2576 2619 2736 2690 525
2765 2633 2874 2688 qua
2903 2633 2961 2672 se
2992 2617 3152 2672 nobis
3180 2616 3403 2671 demisit
3427 2631 3491 2670 ac
3511 2615 3594 2668 in-

2011 2714 2256 2780 clinavit,
2303 2727 2511 2784 egenus
2559 2710 2736 2764 factus
2780 2715 2864 2763 est
2898 2717 2947 2772 ο,
2997 2707 3163 2777 inque
3212 2707 3452 2776 seipsum
3496 2721 3595 2775 per

2011 2821 2282 2862 summam
2326 2801 2736 2857 miserationem
2773 2800 3038 2870 cujusque
3083 2799 3292 2867 recepit
3325 2798 3487 2862 mala,
3531 2813 3596 2851 ac

2011 2913 2188 2971 usque
2219 2896 2288 2951 ad
2333 2891 2518 2949 saeculi
2556 2890 3083 2946 consummationem
3119 2904 3219 2959 pro
3257 2904 3324 2943 eo
3359 2905 3422 2944 ac
3445 2889 3596 2958 quis-

2014 3006 2122 3063 que
2151 2987 2309 3043 malis
2341 2984 2596 3048 afﬁcitur,
2649 2997 2868 3051 semper
2898 2981 3125 3052 mystice
3157 2981 3422 3036 bonitatis
3456 2989 3593 3034 nutu

328 3082 564 3154 patitur;
607 3081 781 3152 magis
823 3080 1013 3150 utique
1069 3080 1267 3135 merito
1310 3079 1446 3135 deus
1491 3080 1618 3146 erit,
1666 3083 1760 3152 qui
1810 3085 1907 3140 Dei
1948 3083 2254 3142 imitatione
2283 3074 2643 3133 humanitatis
2673 3072 2858 3128 studio
2922 3087 2985 3126 ac
3048 3071 3406 3142 benignitate,
3441 3069 3595 3125 labo-

325 3178 566 3234 rantium
612 3177 754 3231 mala
797 3190 862 3230 ac
901 3175 1278 3245 egritudines,
1345 3191 1444 3244 per
1486 3191 1545 3231 se
1591 3176 1707 3246 ipse
1754 3179 1940 3239 divine
1978 3182 2314 3242 medicatur;
2379 3169 2742 3238 eamdemque
2783 3183 2909 3223 cum
2937 3167 3050 3223 Deo
3087 3182 3188 3237 pro
3221 3175 3338 3222 rata
3381 3182 3479 3222 sua
3512 3183 3606 3220 ru-

327 3274 479 3330 tione
508 3273 742 3327 salubris
766 3269 1126 3341 providentim
1155 3269 1264 3324 vim
1292 3270 1597 3325 secundum
1627 3273 1905 3344 affectum,
1948 3279 2151 3333 habere
2178 3279 2534 3328 monstratur.

396 3363 496 3425 Τίς
517 3360 610 3416 οὖν
641 3361 751 3432 ἄρα
791 3359 928 3431 πρὸς
974 3360 1178 3430 ἀρετὴν
1225 3358 1369 3412 οὕτω
1415 3359 1616 3431 βραδύς
1655 3366 1771 3417 ἐστι
1809 3368 1903 3418 καὶ
1932 3375 1976 3433 C

325 3453 665 3524 δυσκίνητος,
694 3450 838 3504 ὥστε
871 3451 944 3522 μὴ
981 3450 1230 3520 ἐφίεσθαι
1264 3451 1541 3522 θεότητος,
1601 3454 1776 3520 οὕτως
1817 3459 1906 3510 εὑ·-

330 3545 475 3600 ὠνου
496 3562 555 3597 τε
582 3545 676 3597 καὶ
714 3541 1040 3613 εύπορίστου
1077 3543 1169 3595 καὶ
1202 3542 1391 3613 ῥᾳδίας
1423 3541 1590 3613 οὔσης
1621 3548 1720 3615 τῆς
1759 3550 1900 3619 κτή-

334 3652 470 3699 σεως
493 3653 508 3700 ;
553 3633 826 3702 ’Δσφαλὴς
851 3633 910 3687 δὲ
939 3632 1145 3686 τούτων
1170 3635 1287 3686 ἐστὶ
1322 3633 1416 3688 καὶ
1444 3635 1640 3700 ἄσυλος
1668 3637 1905 3709 φυλακὴ,

332 3728 429 3782 καὶ
453 3727 699 3796 εὐμαρὴς
743 3724 880 3796 πρὸς
923 3724 1196 3796 σωτηρίαν
1217 3725 1333 3788 ὁδός
1355 3741 1368 3754 ο
1405 3722 1494 3798 ἧς,
1529 3723 1708 3797 οἶμαι,
1741 3732 1908 3802 χωρὶς

331 3817 452 3871 κατ’
475 3815 734 3886 ἀλήθειαν
769 3813 922 3868 οὐδὲν
951 3813 1104 3867 έσται
1139 3814 1248 3867 τῶν
1291 3815 1512 3883 ἀγαθῶν
1556 3818 1808 3882 ἀϐλαϐῶς
1832 3819 1910 3890 τῷ

331 3909 508 3980 ἔχοντι
561 3905 1030 3976 συντηρούμενον·
1082 3906 1519 3976 ήαύτοπραγία,
1569 3909 1745 3963 εῐτουν
1786 3909 1909 3964 ίδιο-

333 3999 566 4072 πραγία,
591 3999 658 4051 δι’
681 3993 749 4069 ἦς
789 3997 860 4049 τά
890 3995 1011 4049 καθ’
1041 3997 1269 4060 ἑαυτοὺς
1313 4001 1536 4051 σκοπεῖν
1567 4017 1626 4052 τε
1662 4001 1757 4053 καὶ
1797 4001 1910 4054 διασ

335 4089 672 4143 σκέπτεσθαι
718 4088 915 4158 μόνους
983 4087 1369 4157 μανθάνοντες,
1403 4089 1498 4144 τοῦ
1563 4095 1692 4163 παρ’
1735 4093 1910 4148 ἀλλων

331 4178 589 4250 διακενῆς
633 4179 839 4249 βλάϐην
875 4178 1022 4248 έχειν
1069 4178 1525 4250 ὲλευθερούμεθα.
1558 4183 1621 4236 El
1653 4184 1760 4253 γὰρ
1789 4185 1910 4236 tato-

333 4271 458 4333 τοὺς
513 4270 707 4341 μόνους
765 4270 900 4340 ὁρᾷν
935 4286 996 4322 τε
1042 4271 1136 4322 καὶ
1178 4269 1392 4334 ὲτάζειν
1444 4272 1731 4343 μάθοιμεν,
1763 4274 1909 4327 οὐδέο

333 4377 463 4416 ποτε
489 4363 603 4424 τοῖς
628 4361 738 4414 τῶν
752 4361 948 4425 ἀλλων,
982 4361 1058 4424 ὡς
1094 4360 1140 4412 δ’
1165 4361 1232 4414 ἂν
1267 4361 1460 4430 ἔχοντα
1485 4362 1750 4432 τύχωσιν,
1785 4368 1913 4416 ἐπι-

336 4451 647 4525 θησόμεθαο
680 4450 1042 4519 γινώσκοντες
1075 4451 1172 4504 ἕνα
1215 4451 1377 4521 μόνον
1419 4453 1613 4524 κριτὴν
1662 4456 1824 4521 σοφόν
1851 4472 1908 4508 τε

331 4545 431 4599 καὶ
480 4543 692 4596 δίκαιον
734 4541 826 4594 τὸν
879 4541 1032 4606 Θεὸν,
1080 4543 1173 4596 τὸν
1222 4542 1402 4610 σοφῶς
1440 4561 1500 4596 τε
1543 4546 1638 4598 καὶ
1690 4546 1912 4609 δικαίως

330 4635 514 4690 πάντα
555 4635 624 4687 τὰ
671 4633 934 4703 γινόμενα
993 4633 1288 4704 κρίνοντα·
1342 4633 1467 4688 καθ’
1511 4633 1570 4686 ὃν
1618 4637 1911 4706 γεγένηται

2091 3360 2450 3433 Ὶδιοπραγία,
2481 3375 2563 3422 ac,
2598 3357 2735 3429 quod
2787 3373 2900 3427 qms
2937 3373 3037 3410 sua
3072 3362 3216 3408 curet
3250 3362 3477 3424 agatque
3506 3353 3604 3404 do-

2007 3477 2198 3514 norum
2235 3457 2332 3510 Dei
2367 3462 2483 3509 tuta
2524 3455 2582 3507 in
2616 3452 2760 3506 nobis
2791 3449 3292 3515 custodia.—Quis
3313 3449 3391 3502 sic
3428 3448 3596 3517 igitur

2007 3551 2076 3606 ad
2101 3552 2362 3604 virtutem
2393 3545 2604 3609 tardus,
2636 3543 2824 3613 sicque
2853 3551 3003 3597 motu
3032 3541 3214 3611 segnis
3243 3555 3306 3594 ac
3332 3531 3592 3601 diﬂic‘ilis,

2008 3651 2068 3696 ut
2101 3640 2323 3696 deitatis
2365 3636 2642 3693 desiderio
2673 3647 2782 3690 non
2814 3642 3028 3704 agatur,
3061 3647 3224 3701 quam
3267 3630 3412 3684 facili
3455 3628 3594 3682 adeo

2007 3735 2185 3804 pretio
2211 3745 2464 3786 coemere
2491 3745 2555 3784 ac
2580 3741 2898 3797 comparare
2929 3725 3126 3795 queat?
3156 3725 3296 3778 Tuta
3337 3737 3491 3786 vero,
3527 3736 3592 3776 ac

2010 3822 2345 3879 inviolabilis
2385 3823 2583 3876 horum
2613 3817 2862 3874 custodia
2895 3825 3004 3881 est,
3033 3815 3317 3884 facilisque
3344 3814 3410 3868 ad
3442 3813 3589 3867 salu-

2013 3922 2120 3970 tem
2138 3914 2246 3978 via,
2267 3913 2510 3986 sinejqua
2529 3911 2611 3980 (ut
2632 3925 2733 3981 ego
2750 3907 2972 3979 quidem
2991 3904 3266 3975 existimo)
3286 3919 3448 3958 nemo
3462 3918 3593 3957 vere

2008 4023 2071 4062 ea
2095 4023 2216 4077 qua:
2240 4005 2453 4060 obtinet
2477 4003 2643 4070 bona,
2670 4002 2836 4056 illaesa
2869 3997 3189 4068 servaverit,
3219 4005 3275 4051 et
3319 4003 3378 4050 ut
3408 3996 3594 4050 damni

2009 4098 2147 4152 nihil
2179 4096 2434 4166 accipiat,
2466 4093 2550 4150 sui
2583 4093 2673 4148 illa
2701 4091 2914 4163 privata
2942 4096 3046 4154 est,
3076 4103 3138 4142 ac
3163 4103 3342 4142 rerum
3369 4102 3592 4141 suarum

2010 4188 2345 4258 agendarum
2389 4201 2556 4250 cura;
2602 4198 2732 4254 qua,
2779 4190 2967 4236 nostra
3013 4180 3278 4234 duntaxat
3319 4177 3594 4248 dispicere

2011 4279 2156 4332 docti
2208 4294 2272 4332 ac
2317 4275 2690 4338 considerare,
2723 4273 2777 4328 id
2824 4272 3237 4342 consequimur,
3273 4280 3333 4326 ut
3373 4272 3443 4326 ab
3472 4272 3596 4325 aliis

2011 4370 2149 4422 nihil
2193 4367 2402 4422 frustra
2441 4364 2627 4419 damni
2663 4364 3017 4432 accipiamus.
3049 4363 3106 4418 Si
3139 4363 3288 4432 enim
3319 4379 3422 4418 nos
3451 4363 3595 4433 ipsos

2011 4461 2187 4515 solum
2233 4458 2432 4514 intueri
2468 4472 2532 4511 ac
2576 4455 2891 4512 examinare
2925 4456 3263 4521 noverimus,
3311 4472 3595 4525 nunquam

2013 4550 2068 4602 in
2117 4549 2204 4601 illa
2249 4563 2370 4618 quin
2411 4555 2540 4602 sunt
2571 4546 2828 4609 aliorum,
2859 4546 3238 4615 cujuscunque
3281 4544 3426 4598 modi
3461 4546 3592 4607 sint,

2011 4640 2246 4710 grassari
2292 4639 2450 4693 nobis
2483 4637 2920 4707 indulgebimus;
2955 4636 3046 4706 qui
3079 4635 3339 4688 nimirum
3369 4635 3594 4689 unicum

331 4724 510 4794 λόγον,
562 4725 678 4778 ἀλλ’
752 4723 814 4777 οὑ
864 4723 985 4777 καθ’
1030 4723 1088 4776 ὃν
1154 4726 1538 4796 πεφανέρωται
1575 4728 1809 4797 τρόπον’
1852 4729 1906 4781 ὃν

2009 4731 2249 4800 judicem
2297 4745 2422 4784 cum
2455 4729 2758 4799 sapientem
2802 4735 2917 4781 tum
2961 4728 3191 4798 justum,
3234 4734 3432 4781 cuncta
3475 4744 3597 4796 quae

338 4816 470 4878 ἴσως
499 4816 565 4868 ἂν
591 4815 840 4868 δύναιντο
869 4815 964 4868 καὶ
1001 4814 1278 4885 ἄνθρωποι
1298 4815 1524 4885 κρίνειν,
1549 4817 1803 4888 ἀμυδρῶς
1828 4822 1907 4882 είς

334 4906 401 4960 τὸ
424 4909 749 4975 φαινόμενον
797 4907 1112 4976 βλέποντες·
1147 4909 1275 4979 περὶ
1303 4909 1331 4960 ὃ
1363 4910 1423 4962 ού
1456 4909 1670 4973 πάντως
1701 4912 1846 4963 εστὶν
1875 4913 1907 4982 ή

334 5002 588 5073 ἀλήθεια,
612 5001 735 5054 οὐδὲ
767 5000 876 5053 τῶν
911 4999 1212 5068 γινομένων
1233 5000 1262 5051 ὁ
1288 5000 1465 5068 λόγος.
1507 5000 1565 5054 '0
1591 5001 1647 5054 δὲ
1671 5001 1822 5067 Θεὸς,
1849 5004 1910 5055 τὸ

331 5094 540 5161 ἀφανές
566 5110 626 5145 τε
649 5091 854 5162 κίνημα
881 5091 979 5161 τῆς
997 5091 1198 5160 ψυχῆς,
1218 5092 1313 5144 καὶ
1338 5093 1436 5162 τὴν
1464 5093 1691 5165 ἀόρατον
1711 5095 1906 5165 ὁρμὴν,

334 5187 431 5239 καὶ
462 5187 554 5237 τὸν
593 5185 748 5252 λόγον
780 5185 965 5245 αὐτὸν,
1017 5184 1138 5236 καθ’
1167 5183 1226 5236 ὃν
1253 5184 1506 5255 ὥρμηται
1541 5188 1573 5257 ἡ
1609 5186 1775 5256 ψυχὴ,
1815 5187 1909 5240 καὶ

331 5277 424 5328 τὸν
459 5274 554 5327 τοῦ
600 5275 784 5342 λόγου,
820 5275 1022 5327 σκοπόν
1046 5289 1058 5302 ⁶
1087 5274 1359 5336 τουτέστι,
1393 5275 1450 5328 τὸ
1498 5279 1697 5340 παντὸς
1732 5278 1910 5347 πράγ-

333 5384 507 5438 ματος
551 5366 1046 5438 προεπινοούμενον
1063 5367 1109 5398 “
1140 5366 1295 5430 τέλος
1331 5367 1566 5437 βλέπων,
1607 5369 1782 5439 κρίνει
1831 5369 1908 5422 δι-

345 5523 355 5530 ·
403 5510 435 5540 η
460 5500 652 5558 Matth.
683 5515 808 5566 xxv,
834 5501 928 5559 40.
1007 5507 1032 5537 ο
1067 5500 1112 5556 ll
1139 5499 1270 5556 Cor.
1299 5515 1420 5568 vm,
1448 5501 1502 5556 9.

2016 4823 2154 4876 tiunt
2208 4821 2485 4890 sapienter
2528 4821 2783 4890 justeque
2826 4819 3161 4890 judicautem
3232 4819 3437 4881 Deum,
3486 4835 3594 4872 nun

2014 4912 2358 4983 ignoremus;
2386 4927 2604 4980 nempe,
2636 4926 2743 4980 qua
2775 4910 2988 4964 ratione
3015 4910 3104 4962 illa
3136 4909 3274 4964 facta
3311 4918 3460 4970 sunt,
3486 4925 3594 4961 nuu

2014 5021 2081 5060 eo
2114 5005 2276 5059 modo
2307 5020 2417 5074 quo
2455 5004 2705 5074 prodita;
2739 5018 2849 5072 quo
2874 5003 3038 5057 etiam
3073 5002 3215 5056 forte
3240 5001 3598 5072 hominesju-

2016 5097 2202 5151 dicare
2251 5096 2484 5166 possint,
2529 5098 2797 5166 tantisper
2840 5095 3076 5149 obscure
3124 5093 3228 5148 hoc
3271 5102 3599 5148 contuentes

2017 5188 2163 5258 quod
2198 5198 2284 5243 est
2325 5188 2704 5257 conspicuum,
2735 5205 2798 5242 ac
2835 5188 3012 5242 oculis
3046 5195 3233 5256 paret;
3267 5186 3321 5239 in
3349 5201 3459 5254 quo
3489 5200 3596 5238 nou

2015 5280 2240 5335 omnino
2281 5281 2383 5334 sita
2410 5280 2632 5342 veritas,
2666 5288 2759 5333 aut
2783 5295 2973 5333 eorum
3002 5295 3124 5348 qua:
3159 5277 3295 5331 fiunt
3325 5277 3466 5331 ratio
3498 5292 3598 5346 po-

2015 5378 2119 5428 sita
2161 5380 2265 5428 est.
2297 5373 2440 5427 Deus
2481 5380 2686 5435 autem,
2719 5371 3016 5425 obscurum
3068 5372 3244 5441 ipsum
3278 5370 3446 5425 animi
3484 5385 3602 5423 mo-

1631 5612 1867 5671 VARIA“.
1908 5617 2313 5676 LECTIONES.

404 5704 453 5738 “
487 5703 544 5757 δὲ
572 5703 730 5774 δῆλον
749 5703 829 5756 ὅτι
859 5702 920 5758 C.
964 5703 1005 5757 A
1068 5678 1072 5682 Ι
1105 5703 1149 5734 ⁸⁸
1202 5704 1686 5774 προεπιδοουμένου
1718 5706 1778 5762 C.
1821 5709 1884 5763 Α.

740 5797 1004 5860 ΡΑτιιοι.
1050 5797 1165 5859 Gn.
1207 5797 1360 5861 XCI.

3168 5801 3254 5864 '23
