3978 6168
322 296 430 367 ’ἲὶῦ

1477 295 1538 358 S.
1581 243 1872 357 hiAXIMI
1910 295 2419 359 CONFESSORIS

3483 302 3592 370 716

324 419 476 476 tum,
520 380 1080 479 inaspectabilemque
1141 402 1572 475 appetitionem,
1621 420 1688 461 ac
1731 406 1905 476 ipsam

2017 411 2203 475 καίως,
2243 410 2319 472 ὡς
2366 409 2525 478 ἔφην,
2564 406 2744 464 πάντα
2788 404 2860 460 τὰ
2907 422 3061 478 παρα
3112 366 3236 463 τεῶν
3288 410 3594 485 ἀνθρώπων

324 501 593 556 rationem
640 507 751 569 ‘qua
803 497 1073 568 impulsus
1118 504 1204 552 est
1251 496 1496 563 animus,
1562 497 1905 567 rationisque

321 606 551 662 scopum
584 605 648 644 ae
690 589 1007 644 institutum
1036 586 1248 651 videns,
1284 587 1340 643 id
1367 596 1471 655 est,
1495 589 1699 659 negotii
1738 588 1906 643 totius

320 682 733 754 praecogitatum
781 680 967 745 tinem,
1012 679 1160 751 juste
1195 679 1296 749 (uti
1342 679 1616 750 dicebam)
1647 694 1770 749 qua:
1803 679 1907 734 ho-

321 776 534 829 minum
580 772 780 828 studiis
826 778 1096 842 aguntur,
1148 770 1335 824 omnia
1376 770 1606 841 judicat.
1657 770 1813 838 Quod
1861 770 1909 826 si

321 872 584 936 praestare
628 862 1027 927 studuerimus,
1073 876 1284 932 nosque
1327 862 1488 917 nobis
1522 863 1656 933 ipsis
1683 863 1911 920 delinie—

321 959 517 1021 rimus,
554 957 640 1011 his
672 971 794 1026 qum
836 962 966 1010 sunt
998 962 1153 1009 extra
1182 970 1293 1008 non
1336 954 1662 1022 insilientes,
1692 972 1796 1011 nec
1823 957 1908 1011 vi-

322 1052 475 1115 dere,
511 1064 614 1104 nec
653 1048 869 1111 audire,
907 1061 1008 1100 nec
1041 1046 1216 1116 loqui,
1255 1047 1499 1113 oculum,
1545 1064 1758 1114 aurem,
1807 1049 1913 1103 lin-

321 1160 505 1215 guam,
546 1159 670 1213 quae
712 1150 843 1197 sunt
889 1140 1148 1205 aliorum,
1194 1139 1473 1205 sinamus;
1527 1148 1587 1194 ut
1638 1140 1909 1211 siquidem

323 1237 443 1293 ﬁeri
472 1236 665 1305 possit,
692 1234 781 1289 his
816 1232 1040 1303 penitus
1082 1246 1409 1297 arceamus;
1433 1232 1519 1287 sin
1562 1240 1768 1298 autem,
1804 1233 1912 1287 mi-

322 1326 790 1397 serantispotius
848 1324 1047 1379 all‘ectu
1094 1340 1259 1394 quam
1306 1323 1570 1391 libidine,
1626 1324 1682 1380 in
1728 1332 1913 1380 actum

320 1416 528 1482 exseri,
559 1432 623 1471 ac
649 1414 797 1486 quod
830 1429 860 1468 e
891 1413 1096 1469 nostris
1130 1413 1442 1469 rationibus
1465 1414 1536 1471 sit
1560 1413 1771 1479 videre,
1814 1429 1914 1469 au-

322 1505 465 1569 dire,
513 1505 668 1575 loqui
717 1504 1043 1575 jubeamus;
1088 1502 1255 1573 idque
1308 1502 1598 1569 hactenus,
1633 1502 1763 1558 dum
1799 1518 1916 1558 mo-

320 1596 566 1652 deratrix
612 1596 753 1650 ratio
803 1593 1143 1664 probaverit.
1190 1592 1358 1664 526
1394 1593 1543 1648 Nihil
1587 1593 1733 1648 enim
1762 1594 1917 1649 hisce

320 1688 539 1758 organis
569 1686 636 1742 ad
669 1695 959 1756 peccatum
1004 1684 1284 1739 lubricum
1319 1685 1513 1756 magis,
1557 1686 1665 1741 nisi
1700 1686 1914 1742 ratione

2013 500 2398 573 πραττόμενα·
2431 502 2570 572 ὅπερ
2594 501 2646 554 εί
2687 498 3037 570 κατορθῶσαι
3064 500 3468 574 σπουδάσομεν,
3498 506 3597 562 καὶ

2010 596 2220 658 ἑαυτοῖς
2261 595 2487 658 ἑαυτοὺς
2536 593 2925 667 περιορίσομεν
2968 596 3080 657 τοῖς
3135 596 3296 660 ἐκτὸς
3343 598 3444 653 οὑκ
3472 600 3598 653 ἐπι-

2010 691 2296 764 φυόμενοι,
2329 689 2456 744 οὕτε
2499 690 2654 762 ὁρᾷν,
2680 689 2806 743 οὔτε
2831 689 3076 756 ἀκούειν,
3110 688 3237 744 οὑτε
3268 691 3474 759 λαλεῖν,
3504 693 3597 748 τὸν

2009 782 2309 853 ὀφθαλμὸν,
2349 784 2383 853 ἢ
2425 782 2486 836 τὸ
2525 778 2638 847 οὖς,
2683 783 2717 853 ἢ
2770 783 2871 852 τὴν
2910 783 3164 850 γλῶσσαν
3187 783 3258 838 τὰ
3282 785 3392 839 τῶν
3420 785 3599 841 ἄλλων

2011 870 2321 939 ἀφήσομεν,
2376 871 2425 923 εί
2470 869 2568 940 μὲν
2623 863 2736 923 οἷόν
2784 869 2844 923 τέ
2888 872 3027 935 ἐστι,
3078 872 3393 938 παντελῶς·
3440 877 3492 929 εί
3537 876 3596 930 δὲ

2016 963 2183 1032 μήτε,
2223 962 2531 1033 συμπαθῶς
2567 961 2790 1033 μᾶλλον,
2842 962 2959 1016 ἀλλ’
3009 964 3069 1017 ού
3117 966 3191 1035 μὴ
3264 966 3525 1036 ἐμπαθῶς
3545 968 3594 999 u

2011 1051 2224 1115 τούτοις
2266 1054 2530 1123 ἐνεργεῖν,
2573 1053 2668 1104 καὶ
2704 1053 2784 1116 είς
2834 1054 3028 1122 κέρδος
3058 1056 3325 1126 ἡμέτερον
3348 1057 3479 1126 ὁρᾷν
3506 1073 3589 1124 τε,

2014 1144 2109 1197 καὶ
2125 1144 2373 1211 ἀκούειν,
2414 1145 2510 1197 καὶ
2548 1143 2732 1197 λαλεῖν
2769 1146 3194 1215 ἐπιτρέποντεςο
3221 1147 3318 1201 καὶ
3341 1148 3592 1203 τοσοῦτον

2016 1233 2201 1303 μόνον.
2241 1235 2366 1287 ὅσον
2403 1233 2482 1304 τῷ
2518 1234 2832 1306 ήνιοχοῦντι
2861 1236 3038 1291 ταῦτα
3069 1238 3203 1308 θείῳ
3241 1238 3386 1309 λόγῳ
3421 1240 3590 1295 δοκεῖ.

2015 1324 2181 1379 Οὐδὲν
2207 1324 2318 1396 γὰρ
2338 1326 2545 1380 τούτων
2567 1326 2677 1379 τῶν
2709 1327 2958 1398 ὀργάνων
2979 1329 3117 1400 πρὸς
3142 1330 3423 1400 ἁμαρτίαν
3452 1332 3599 1386 ἐστὶν

2016 1414 2451 1485 εὑολισθότερον,
2489 1415 2563 1486 μὴ
2602 1415 2750 1486 λόγῳ
2787 1417 3329 1489 παιδαγωγουμένων
3348 1436 3364 1450 ⁶
3393 1422 3484 1474 καὶ
3506 1422 3600 1475 οὑ-

2015 1505 2105 1559 δὲν
2136 1506 2301 1559 πάλιν
2338 1505 2474 1576 πρὸς
2505 1507 2782 1577 σωτηρίαν
2819 1508 3004 1562 αὐτῶν
3056 1510 3427 1582 ἑτοιμότερον,
3463 1513 3599 1568 τάσ-

2019 1614 2205 1660 σοντος
2233 1597 2377 1650 αὑτὰ
2407 1596 2503 1650 τοῦ
2542 1597 2724 1666 λόγου,
2772 1597 2868 1653 καὶ
2905 1599 3263 1670 ρυθμίζοντος
3313 1602 3411 1656 καὶ
3450 1603 3536 1674 ἐφ’
3563 1602 3604 1659 ἃ.

2016 1685 2099 1740 δεῖ
2126 1687 2220 1740 καὶ
2245 1685 2499 1756 βούλεται
2525 1686 2773 1755 ἄγοντος.

319 1798 513 1839 eorum
543 1782 844 1851 castigetur
875 1796 1041 1846 usus;
1066 1779 1317 1850 nihilque
1350 1797 1545 1838 rursus
1569 1781 1637 1837 ad
1672 1782 1905 1837 salutem
1945 1781 2015 1836 iis
2036 1782 2370 1853 expeditius,
2424 1780 2715 1837 ordinante
2757 1796 2824 1838 ea
2862 1783 3099 1852 ratione,
3120 1799 3187 1841 ac
3209 1794 3599 1857 componente,

318 1888 498 1943 eoque
543 1872 783 1928 ducente
846 1884 958 1939 quo
1026 1884 1209 1939 Operae
1253 1870 1494 1939 pretium
1536 1870 1608 1925 sit
1667 1885 1732 1925 ac
1780 1879 1919 1933 nutu
1953 1872 2107 1927 velit.

387 1964 469 2019 Ne
515 1978 646 2033 ergo
677 1977 777 2032 pro
810 1961 955 2015 virili
1002 1969 1190 2019 nostra
1237 1961 1349 2019 Deo
1392 1962 1624 2033 obsequi
1673 1965 1912 2035 negliga-

2084 1965 2177 2037 Μὴ
2210 1964 2397 2019 τοίνυν
2434 1965 2807 2037 ἀμελήσωμεν
2836 1966 2979 2021 κατὰ
3015 1967 3248 2038 δύναμιν
3285 1970 3385 2024 τοῦ
3417 1971 3604 2026 πείθε-

317 2072 463 2123 mus,
498 2056 592 2125 qui
627 2054 696 2108 ad
734 2064 996 2109 aeternam
1030 2069 1132 2109 nos
1161 2054 1328 2109 vitam
1376 2070 1439 2110 ac
1469 2056 1692 2112 beatum
1721 2056 1909 2125 tinem,

319 2148 635 2204 divinorum
679 2160 744 2201 ac
775 2146 1099 2200 salutarium
1134 2146 1519 2204 mandatorum
1550 2163 1780 2205 suorum
1818 2163 1914 2206 ex-

318 2239 603 2296 secutione
639 2246 822 2303 vocet,
860 2252 971 2308 quo
1006 2238 1272 2294 nimirum
1304 2239 1743 2295 misericordiam
1771 2240 1913 2296 acci-

318 2334 556 2403 piamus,
590 2342 655 2384 ac
686 2329 918 2400 gratiam
969 2329 1316 2385 inveniamus
1360 2329 1416 2383 in
1458 2330 1665 2385 auxilio
1705 2346 1910 2402 oppor-

319 2431 474 2477 tuno.
516 2420 704 2483 Gratia
749 2419 922 2486 enim,
957 2420 1137 2490 inquit
1178 2419 1400 2474 divinus
1431 2419 1748 2489 Apostolus,
1791 2437 1912 2477 cum

319 2513 559 2569 omnibus
596 2515 684 2582 qui
718 2512 947 2583 diligunt
970 2512 1259 2567 Dominum
1287 2521 1527 2567 nostrum
1557 2513 1739 2568 Jesum
1762 2512 1915 2570 Chri-

319 2619 459 2663 stum
492 2609 548 2661 in
579 2607 973 2676 incorruptione
1005 2616 1063 2672 P;
1095 2606 1199 2661 hoc
1238 2614 1345 2671 est,
1388 2604 1481 2674 qui
1523 2620 1649 2661 cum
1690 2604 1915 2663 virtutis

322 2697 755 2767 incorruptione,
803 2695 1039 2764 vitaeque
1085 2710 1255 2764 purae,
1301 2710 1404 2750 nec
1437 2694 1705 2749 simulata:
1743 2695 1909 2763 quid-

320 2806 487 2862 quam
533 2788 737 2859 speciei
786 2787 1063 2850 habentis,
1100 2787 1409 2852 honestate,
1442 2786 1735 2841 Dominum
1784 2786 1912 2843 dilio

321 2892 478 2953 gunt,
513 2877 766 2934 faciendo
794 2877 917 2949 ejus
962 2876 1293 2943 voluntates,
1335 2876 1588 2945 nihilque
1632 2891 1664 2931 e
1710 2875 1912 2933 divinis

323 2973 476 3030 illius
506 2969 781 3026 mandatis
809 2976 1196 3037 corrumpunt.

393 3063 635 3134 Dionysii
674 3058 1006 3130 Areopagin
1048 3058 1244 3129 elogia.
1278 3058 1483 3125 Vidua,
1514 3060 1730 3131 ejusque
1775 3059 1909 3112 duo-

2021 2057 2146 2113 σθαι
2181 2056 2260 2126 τῷ
2303 2057 2443 2128 Θεῷ,
2491 2056 2746 2111 καλοῦντι
2781 2060 2933 2129 ἡμᾶς
2969 2061 3047 2123 είς
3078 2059 3227 2133 ζωὴν
3254 2060 3473 2117 αἰώνιον
3506 2061 3604 2119 καὶ

2023 2150 2295 2220 μακάριον
2342 2148 2518 2213 τέλος,
2547 2148 2636 2203 διὰ
2665 2150 2764 2220 τῆς
2804 2151 3069 2219 ἐργασίας
3108 2152 3218 2207 τῶν
3242 2153 3411 2208 αὑτοῦ
3438 2155 3602 2212 θείων

2018 2255 2078 2291 τε
2112 2240 2205 2292 καὶ
2241 2238 2528 2309 σωτηρίων
2561 2237 2823 2292 ἐντολῶν·
2872 2239 2959 2291 ἵνα
3000 2238 3258 2309 λάϐωμεν
3303 2240 3473 2307 ἔλεος,
3504 2244 3601 2297 καὶ

2018 2327 2180 2399 χάριν
2212 2327 2465 2400 εὕρωμεν
2503 2331 2584 2392 είς
2626 2328 2883 2399 εὔκαιρον
2923 2328 3199 2401 βοήθειαν·
3246 2331 3307 2387 Ἠ
3345 2332 3455 2403 γὰρ
3487 2331 3599 2402 χὰ-

2011 2436 2128 2488 ρις,
2165 2421 2332 2492 φησὶν
2370 2423 2399 2475 ὁ
2446 2420 2589 2484 θεῖος
2624 2420 2980 2487 Ἀπόστολος,
3003 2423 3159 2492 μετὰ
3205 2421 3451 2477 πάντων
3478 2422 3601 2478 τῶν

2016 2510 2382 2577 ἀγαπώντων
2430 2511 2539 2568 τὸν
2582 2513 2804 2582 Κύριον
2849 2510 3022 2582 ’ἡμῶν
3067 2513 3305 2581 Ἰησοῦν
3339 2512 3602 2583 Χριστὸν

2016 2603 2087 2656 ἐν
2124 2604 2461 2673 ἀφθαρσίᾳ·
2485 2605 2755 2672 τουτέστι,
2798 2605 2906 2659 τῶν
2942 2605 3081 2677 μετὰ
3109 2606 3210 2676 τῆς
3236 2608 3359 2659 κατ’
3393 2606 3600 2678 ἀρετὴν

2017 2694 2351 2765 ἀφθαρσίας,
2379 2696 2605 2766 καὶτῆς
2650 2695 2794 2751 κατὰ
2833 2696 2928 2749 τὸν
2978 2696 3094 2768 βίον
3130 2697 3380 2767 καθαρᾶς
3409 2713 3471 2749 τε
3507 2698 3601 2750 καὶ

2016 2785 2382 2858 ἀνυποκρίτου
2416 2787 2744 2859 σεμνότητος
2778 2785 3117 2856 ἀγαπώντων
3144 2787 3237 2841 τὸν
3270 2787 3501 2859 Κύριον,
3541 2787 3601 2840 ἐν

2015 2875 2095 2947 τῷ
2138 2880 2312 2931 ποιεῖν
2356 2877 2522 2931 αὑτοῦ
2559 2878 2629 2932 τὰ
2669 2877 2955 2949 θελήματα
2980 2893 2993 2908 ο
3023 2878 3119 2932 καὶ
3171 2878 3247 2950 μὴ
3291 2878 3600 2949 παραςρθει-

2017 2966 2222 3039 ρόντων
2254 2985 2307 3022 τι
2343 2970 2454 3023 τῶν
2485 2968 2643 3022 θείων
2662 2969 2827 3023 αὑτοῦ
2854 2971 3316 3042 προσταγμάτων.

2088 3060 2272 3115 Ταῦτα
2305 3060 2403 3131 μὲν
2437 3059 2551 3127 ἐγὼ
2583 3060 2942 3131 περὶτούτων
2971 3062 3060 3116 διὰ
3083 3062 3175 3116 τὸν
3214 3062 3315 3132 τῆς
3348 3061 3599 3131 ὑπακοῆς

323 3174 443 3211 rum
466 3158 791 3211 minutorum
816 3150 1093 3222 multiplex
1136 3151 1420 3222 allegoria.
1441 3182 1513 3192 —
1532 3152 1658 3207 Haec
1685 3151 1909 3222 quidem

2020 3151 2233 3221 μισθὸν,
2263 3151 2407 3205 κατὰ
2434 3151 2686 3221 δύναμιν,
2718 3153 2794 3217 ὼς
2834 3152 3138 3225 ἐδιδάχθην,
3167 3154 3461 3225 ὲξεθέμην,
3490 3154 3604 3208 τῶν

321 3263 427 3320 ego
473 3248 579 3302 hoc
616 3251 940 3317 argumento
984 3251 1203 3312 sperata
1252 3243 1582 3303 obedientite
1654 3243 1909 3299 mercede

2021 3248 2442 3318 μυστικωτέρων
2490 3265 2551 3301 τε
2586 3248 2682 3301 καὶ
2719 3247 3068 3319 ὑψηλοτέρων
3101 3249 3344 3320 ἅψασθαι
3377 3252 3455 3322 μὴ
3481 3249 3601 3303 τολ-

326 3340 609 3403 inductus,
643 3350 745 3407 pro
772 3334 917 3391 virili
942 3348 1084 3398 mea,
1119 3334 1194 3390 ita
1226 3342 1286 3391 ut
1318 3334 1515 3391 doctus
1550 3349 1724 3400 eram,
1750 3349 1912 3405 expo-

2023 3342 2235 3411 μήσας·
2272 3342 2419 3411 ἆπερ
2448 3343 2498 3395 εί
2544 3343 2703 3395 ποθεῖ
2739 3359 2823 3405 τις
2854 3342 3058 3411 γνῶναι
3101 3343 3212 3398 τῶν
3256 3343 3596 3414 φιλομαθῶν,

325 3433 435 3497 sui,
459 3447 571 3486 non
594 3445 761 3486 ausus
799 3429 857 3484 in
882 3445 948 3487 ea
978 3444 1202 3487 manum
1246 3428 1486 3492 mittere,
1529 3441 1654 3497 qua:
1692 3426 1914 3481 abstru-

324 3505 471 3579 siora
506 3531 637 3576 sunt
677 3537 743 3577 ac
768 3521 1112 3579 sublimiora.
1144 3518 1270 3575 llaec
1298 3519 1343 3573 si
1393 3518 1520 3587 quis
1559 3517 1745 3573 studio
1784 3517 1911 3572 dili-

325 3617 543 3688 gentior
585 3630 748 3670 nosse
791 3614 959 3679 velit,
1004 3613 1149 3684 legat
1189 3627 1313 3682 qua:
1355 3618 1581 3667 sanctus
1621 3609 1915 3683 Dionysius

274 3776 289 3787 γ
326 3706 652 3777 Areopagita
681 3706 770 3761 his
794 3705 863 3762 de
886 3706 1055 3761 rebus
1079 3703 1264 3760 divine
1289 3702 1615 3768 elaboravit,
1643 3717 1707 3757 ac
1733 3703 1914 3773 reipsa

326 3799 598 3870 patefacta
642 3813 839 3853 arcana
899 3796 1164 3869 mysteria
1204 3794 1469 3861 offendet,
1516 3802 1814 3864 praestante
1856 3793 1912 3848 id

328 3892 465 3946 tanti
496 3890 747 3945 muneris
775 3889 1018 3947 humano
1057 3887 1269 3959 generi,
1298 3886 1487 3942 divino
1531 3885 1733 3941 mentis
1769 3886 1912 3957 ejus,

326 3996 393 4037 ac
419 3981 620 4051 lingure
643 3980 1034 4043 instrumento,
1062 3985 1276 4049 propter
1303 3993 1410 4042 eos,
1435 3978 1526 4045 qui
1551 3977 1914 4032 luereditatem

324 4074 536 4144 capient
564 4070 754 4125 salutis
793 4080 843 4123 ιι.
868 4070 946 4124 Ac
989 4069 1265 4138 siquidem
1310 4068 1457 4123 haud
1485 4067 1682 4138 procul
1707 4082 1739 4122 a
1772 4067 1917 4124 desi-

329 4164 485 4220 derio
512 4172 696 4218 vestro
722 4161 872 4217 dicta
896 4160 1272 4225 desciverunt,
1304 4159 1529 4215 Christo
1574 4159 1779 4231 gratias
1816 4159 1915 4215 bo-

330 4270 528 4310 norum
561 4252 830 4323 largitori,
859 4252 1149 4323 vobisque,
1175 4250 1268 4322 qui
1317 4259 1378 4306 ut
1405 4250 1669 4317 dicerem,
1694 4251 1804 4307 vim
1836 4252 1917 4307 fe-

331 4344 506 4402 cistis.
535 4341 632 4397 Sin
651 4353 835 4398 autent
860 4343 1020 4413 longe
1043 4343 1388 4412 multumque
1412 4342 1482 4397 ab
1505 4358 1601 4413 spe
1625 4341 1911 4410 deﬁciunt,

331 4435 610 4508 quomodo
637 4434 842 4490 alliciar
867 4432 1067 4502 quidve
1097 4449 1273 4504 agam,
1309 4433 1404 4504 qui
1451 4433 1751 4490 humanum
1781 4433 1914 4503 quid

330 4528 566 4585 dicendo
602 4540 820 4598 passus,
863 4523 1305 4594 imbecilliorque
1350 4524 1695 4579 exstiterim?
1736 4524 1914 4579 Imbe-

330 4620 534 4676 cillitas
578 4617 727 4689 enim
781 4631 892 4670 non
937 4629 1179 4686 pmnam,
1225 4614 1320 4669 sed
1368 4613 1583 4673 veniam
1619 4622 1910 4684 provocat;

2014 3434 2129 3495 τοῖς
2170 3432 2533 3503 περὶτούτων
2579 3433 2656 3504 τῷ
2706 3434 2847 3505 ἁγίῳ
2893 3432 3156 3507 Διονυσίῳ
3198 3435 3276 3507 τῷ
3333 3437 3600 3506 ’Δρεοπα-

2014 3523 2141 3592 γίτῃ
2176 3522 2376 3585 ἐνθὲως
2414 3523 2728 3594 πονηθεῖσιν
2776 3522 3012 3594 ἐντύχοι,
3055 3525 3150 3578 καὶ
3198 3525 3430 3596 εὑρήσει
3475 3525 3598 3580 κατ’

2013 3613 2273 3684 ἀλήθειαν
2307 3615 2627 3685 μυστηρίων
2663 3616 2919 3686 ἀρρήτων
2964 3615 3331 3685 ἀποκάλυψιν,
3365 3617 3455 3670 διὰ
3480 3617 3603 3688 τῆς⁵

2015 3702 2170 3765 θείας
2199 3701 2367 3755 αὑτοῦ
2413 3704 2509 3756 καλ⁵
2546 3702 2786 3767 διανοίας
2818 3705 2914 3757 καὶ
2948 3703 3198 3775 γλώττης
3244 3706 3599 3777 χαρισθεϊσαν

2013 3794 2093 3864 τῷ
2113 3793 2223 3845 τῶν
2258 3792 2562 3863 ἀνθρώπων
2582 3795 2751 3863 γένει,
2789 3793 2879 3848 διὰ
2897 3796 3025 3859 τοὺς
3061 3794 3354 3865 μέλλοντας
3393 3796 3597 3867 κληρο-

2013 3885 2202 3955 νομεῖν
2242 3883 2541 3955 σωτηρίαν.
2568 3884 2679 3938 Καὶ
2708 3885 2757 3937 εί
2783 3884 2882 3954 μὲν
2926 3884 3062 3938 πολὺ
3088 3884 3190 3955 τῆς
3221 3886 3377 3956 ὑμῶν
3406 3886 3599 3939 ἐπιθυ-

2018 3981 2149 4049 μίας
2173 3980 2273 4057 οὐκ
2306 3977 2700 4038 ἀποπέπτωκε,
2735 3975 2813 4046 τῷ
2834 3974 3061 4048 Χριστῷ
3087 3977 3249 4047 χάρις
3272 3962 3599 4049 τῷάορηγῷ

2013 4070 2124 4125 τῶν
2165 4069 2366 4136 καλῶν,
2399 4070 2496 4122 καὶ
2537 4069 2667 4138 ὑμῖν
2695 4070 2806 4132 τοῖς
2835 4067 3094 4139 λεχθῆναι
3118 4067 3294 4123 ταῦτα
3329 4070 3598 4141 βιασαμέ-

2015 4177 2149 4225 νοις.
2185 4161 2251 4215 El
2281 4160 2340 4214 δὲ
2381 4158 2601 4230 μακράν
2642 4173 2746 4211 που
2777 4157 2872 4211 καὶ
2909 4158 3046 4211 πολὺ
3076 4157 3179 4229 τῆς
3211 4160 3429 4225 ἐλπίδος
3459 4161 3599 4216 ἀπο-

2014 4252 2292 4307 λείπεται·
2354 4252 2408 4306 τί
2462 4250 2643 4315 πάθω,
2695 4250 2729 4321 ἢ
2780 4249 2833 4303 τί
2897 4250 3103 4321 δράσω,
3139 4252 3271 4323 περὶ
3318 4252 3380 4306 τὸ
3414 4252 3599 4321 λέγειν

2015 4343 2360 4415 ἁσθενήσας;
2395 4341 2750 4410 Συγγνωστὸν
2781 4341 2911 4412 γὰρ,
2940 4342 3001 4395 οὑ
3030 4342 3360 4413 τιμωρητδν,
3380 4345 3413 4413 ἡ
3442 4343 3602 4398 doet-

2016 4449 2163 4488 νειαο
2210 4432 2305 4486 καὶ
2348 4431 2649 4487 ἀποδεκτδν
2710 4432 2931 4502 μᾶλλον,
2976 4430 3092 4485 ἀλλ’
3127 4433 3191 4486 οὑ
3236 4434 3489 4505 μεμπτὸν
3535 4435 3599 4488 τὸ

2017 4519 2296 4594 ἐγχωροῦν
2340 4523 2437 4576 καὶ
2473 4520 2854 4591 ἐνδεχόμενονο
2900 4521 2995 4576 καὶ
3045 4522 3262 4592 μάλισθ’
3298 4524 3448 4594 ὑμῖν,
3483 4527 3603 4589 τοῖς

2015 4612 2238 4683 ἀγαπᾷν
2258 4609 2347 4664 διὰ
2379 4611 2470 4664 τὸν
2497 4609 2631 4662 Θεὺν
2656 4607 3037 4681 προθεμένοις.
3070 4612 3177 4665 Καὶ
3215 4610 3335 4682 Θεῷ
3361 4611 3419 4665 δὲ
3445 4610 3602 4680 φίλον

332 4713 613 4785 magisque
638 4709 915 4774 laudetur,
943 4723 1107 4778 quam
1143 4707 1372 4778 dignum
1396 4706 1672 4776 vituperio
1712 4705 1912 4762 habea-

2017 4703 2078 4758 τδ
2115 4702 2258 4756 κατὰ
2303 4700 2535 4771 δύναμιν
2566 4699 2712 4753 ἅπαν
2737 4700 2977 4769 γνησίως
3006 4702 3070 4755 ὲκ
3099 4700 3280 4771 ψυχῆς
3306 4704 3599 4773 ’προσαγό-

332 4814 441 4871 tur,
476 4803 623 4875 quod
664 4812 751 4858 est
778 4815 881 4871 pro
909 4799 1190 4864 facultate,
1222 4813 1287 4854 ac
1315 4808 1575 4868 praestare
1598 4804 1787 4869 potest
1817 4797 1912 4867 qui

330 4914 445 4953 rem
475 4894 741 4965 suscipit;
771 4908 895 4948 cum
924 4890 1119 4962 primis
1142 4898 1325 4946 autem
1346 4889 1523 4956 vobis,
1553 4889 1756 4960 quibus
1780 4902 1915 4944 con-

331 4991 586 5045 stitutum
617 4988 689 5043 sit
720 4995 782 5040 ut
810 4990 1035 5055 propter
1068 4983 1240 5037 Deum
1270 4981 1530 5052 diligatis.
1556 4981 1692 5036 Nam
1716 4991 1774 5035 et
1800 4979 1913 5035 Deo

331 5070 562 5138 charum
602 5087 1001 5148 acceptumque
1025 5082 1130 5139 est,
1156 5073 1425 5144 quidquid
1464 5075 1681 5128 sincere
1710 5087 1812 5143 pro
1837 5070 1915 5126 fa-

331 5176 534 5231 cultate
558 5187 628 5227 ex
648 5171 834 5226 animo
874 5168 1128 5232 otl‘ertur,
1163 5165 1380 5222 tametsi
1411 5164 1600 5220 habita
1643 5164 1913 5235 majorum

332 5267 545 5322 ratione
584 5264 725 5319 exile
767 5262 902 5317 illud
950 5261 1253 5316 videbitur.
1296 5260 1348 5314 Is
1399 5273 1638 5329 namque
1668 5256 1913 5321 viduam,

335 5373 455 5430 qua:
482 5358 594 5413 duo
623 5356 834 5411 minuta
866 5354 1162 5420 obtulerat,
1190 5352 1417 5408 minime
1452 5351 1658 5422 repulit
1691 5359 1738 5417 ν,
1770 5364 1918 5421 ηοω-

2024 4811 2205 4866 μενον,
2231 4791 2337 4846 κᾶν
2365 4791 2564 4862 μικρὸν
2595 4791 2883 4861 συγκρίσει
2910 4790 3169 4861 μεγάλων
3210 4793 3467 4862 ὑπάρχον
3495 4809 3604 4862 φας

2028 4887 2255 4955 νήσεται
2276 4899 2291 4913 ·
2317 4884 2377 4947 ὃς
2407 4883 2529 4937 οὑδὲ
2561 4881 2661 4953 τὴν
2692 4884 2893 4954 χήραν,
2925 4884 2995 4937 τὰ
3021 4883 3116 4938 δύο
3141 4882 3313 4939 λεπτὰ
3359 4901 3603 4956 προσκο-

2025 4976 2283 5046 μίσασαν,
2317 4973 2608 5027 ἀπεώσατο
2630 4989 2644 5005 ⁸
2670 4973 2795 5044 ἣτις
2839 4973 2971 5027 ποτὲ
3003 4968 3071 5045 ἧν
3092 4975 3126 5045 ἡ
3151 4975 3295 5045 χήρα
3318 4973 3478 5044 αὕτη,
3505 4975 3606 5030 καὶ

2019 5068 2090 5121 τὰ
2123 5066 2221 5121 δύο
2255 5064 2433 5123 λεπτά
2459 5080 2477 5097 ·
2509 5067 2620 5119 εἴτε
2658 5065 2808 5136 ψυχὴ
2868 5065 3069 5130 κακίας
3132 5066 3469 5139 χηρεύουσα,
3508 5067 3606 5121 καὶ

2020 5161 2214 5232 ὥσπερ
2262 5161 2435 5233 ἄνδρα
2473 5160 2566 5215 τὸν
2610 5160 2839 5215 παλαιὸν
2866 5160 2967 5232 μέν
2996 5160 3381 5232 ἀποδαλομένη
3412 5162 3603 5232 νόμον,

2023 5254 2180 5310 οὑπω
2216 5255 2275 5310 δὲ
2308 5255 2408 5326 τῆς
2443 5253 2581 5325 πρὸς
2632 5252 2724 5308 τὸν
2747 5253 2923 5321 Λόγον
2963 5252 3057 5306 καὶ
3084 5251 3216 5306 Θεὸν
3252 5252 3429 5322 ἄκρας
3470 5269 3604 5306 συν-

2022 5348 2221 5418 αφείας
2254 5345 2381 5413 ἀξία
2400 5359 2415 5375 ο
2453 5342 2805 5414 προσάγουσα
2846 5341 2905 5395 δὲ
2928 5342 3076 5414 ὅμως
3100 5339 3252 5412 αὑτῷ
3280 5338 3605 5413 ἀρῤαδῶνος

407 5506 437 5547 ρ
471 5497 670 5567 Ephes.
703 5512 776 5560 vi,
800 5494 891 5549 24.
965 5504 994 5543 ιι
1033 5493 1199 5549 llebr.
1227 5510 1264 5561 ι,
1319 5494 1407 5551 14.
1489 5503 1511 5532 ι·
1553 5493 1701 5549 Marc
1727 5488 1912 5559 unus

2017 5505 2101 5559 1.;
2130 5488 2265 5542 Luc.
2301 5502 2412 5553 χχι,
2446 5487 2485 5541 Ξ
2519 5498 2669 5555 seqq.

1652 5603 1889 5661 VARUE
1932 5600 2337 5659 LECTIONES.

406 5704 457 5736 ⁸⁸⁵
507 5702 846 5772 ἁσυμπαθῶς
909 5701 972 5755 C.
1008 5700 1072 5755 Α.
1126 5698 1142 5707 ”
