3992 6192
394 224 493 293 71"!

1768 230 2271 292 MYSTAGOGIA.

3542 228 3651 294 718

386 345 533 417 λόγῳ
557 345 750 416 ὥσπερ
795 343 990 411 λεπτὰ,
1023 345 1115 399 τὸν
1152 344 1293 407 τέως
1332 345 1644 415 σύμμετρον
1672 344 1834 413 λόγον
1875 346 1971 399 καὶ

2076 362 2291 417 cunque
2342 355 2551 402 tantum
2599 347 2761 402 vidua
2810 342 2945 411 liiec,
2994 346 3225 417 ejusque
3283 343 3394 399 duo
3440 344 3655 399 minuta

393 433 597 506 βίονοῆ
632 432 812 486 πίστιν
858 432 956 486 καὶ
999 431 1209 503 ἀγαθὴν
1250 431 1587 502 συνείδησινθ
1628 432 1660 503 ἢ
1701 432 1798 503 τὴν
1838 437 1966 504 περὶ

387 528 496 580 τῶν
555 524 796 591 καλῷν⁸¹
853 525 968 590 ἕξιν
1013 524 1109 578 καὶ¹
1159 524 1476 597 ἐνέργειανο
1531 526 1564 596 ἢ
1615 526 1714 596 τὴν
1758 526 1968 590 τούτοις

389 616 701 688 πρόσφορον
731 615 970 687 θεωρίαν
1014 616 1110 669 καὶ
1153 617 1353 687 πρᾶξιν
1380 634 1392 645 ·
1452 617 1485 688 ἢ
1544 618 1650 688 τὴν
1699 618 1967 686 ἀνάλογον

389 707 591 777 γνῶσιν
631 708 728 761 καὶ
764 708 1000 778 ἀρετήν·
1051 706 1085 777 ἦ
1128 709 1258 772 τοὺς
1307 709 1507 779 μικρὸν
1574 708 1716 779 ὑπὲρ
1770 708 1968 772 ταῦτα,

391 799 535 869 φημὶ
576 798 635 851 δὲ
679 797 807 861 τούς
843 800 901 851 ἐν
942 798 1020 869 τῷ
1041 798 1278 876 ,φυσικῷ
1323 801 1418 852 καὶ
1447 797 1527 869 τῷ
1558 800 1791 871 γραπτῷ
1820 800 1970 872 νόμῳ

389 890 601 957 Λόγους,
632 889 726 953 οὒς
765 892 799 961 ἡ
840 889 986 960 ψυχὴ
1014 890 1351 960 κεκτημένη,
1382 889 1505 943 κατ’
1551 890 1809 945 ἔκστασιν
1843 890 1968 944 τού-

388 998 497 1034 των
539 982 633 1035 καὶ
660 982 853 1050 ἄφεσιν
891 984 966 1046 ὡς
992 984 1116 1036 ὅλου
1160 983 1278 1052 βίου
1324 983 1415 1035 καὶ
1452 982 1567 1053 ζωῆ
1581 1001 1622 1050 ς,
1669 983 1816 1054 μόνῳ
1847 1000 1970 1036 συνε

392 1073 626 1144 αφθῆναι
647 1075 724 1144 τῷ
743 1074 902 1145 Λόγῳ
931 1075 1027 1127 καὶ
1045 1074 1165 1144 Θεῷ
1188 1076 1511 1146 βουλομένη,
1549 1074 1846 1146 προσάγει·
1877 1070 1971 1129 καὶ

391 1165 499 1217 τῶν
534 1164 678 1218 κατὰ
723 1164 883 1233 φύσιν
932 1166 1028 1218 καὶ
1063 1165 1227 1236 νόμον
1278 1165 1471 1235 βιαίων
1524 1164 1741 1234 τρόπων
1770 1181 1828 1216 τε
1876 1166 1971 1217 καὶ

392 1254 608 1324 θεσμῶν
640 1256 735 1307 καὶ
764 1253 922 1317 ἐθῶν,
951 1253 1141 1326 ὥσπερ
1175 1254 1386 1325 ἀνδρῶν
1420 1254 1678 1325 χηρεύειν
1721 1253 1963 1324 δέχεται·

390 1345 503 1398 εἴτε
542 1363 597 1398 τι
642 1345 773 1400 ἄλλο
815 1346 1022 1400 τούτων
1062 1345 1604 1416 πνευματικώτερον,
1648 1347 1742 1399 καὶ
1787 1346 1971 1417 μόνοις

391 1436 664 1508 θεωρητδν
714 1439 828 1501 τοῖς
880 1438 1137 1509 καθαροῖς
1170 1439 1269 1511 τὴν
1304 1439 1563 1501 διάνοιαν,
1592 1437 1682 1492 διὰ
1722 1437 1817 1491 τοῦ
1848 1438 1969 1492 καθ’

2070 436 2313 503 fuerint;
2342 436 2458 491 sive
2500 437 2682 491 anima
2712 437 2850 490 vitio
2878 435 3043 489 vidua
3088 449 3152 489 ac
3179 449 3301 503 quae
3344 431 3450 487 viri
3480 431 3657 486 instar

2069 529 2245 584 veteri
2279 529 2480 583 amissa
2510 530 2649 599 lege,
2680 528 2927 583 nondum
2952 542 3167 582 summa
3199 526 3289 580 illa
3324 540 3389 581 ac
3411 522 3655 595 perfecta

2071 635 2192 674 cum
2227 618 2405 674 Verbo
2446 635 2511 675 ac
2552 620 2664 675 Deo
2698 618 3087 689 conjunctione
3134 617 3297 687 digna
3340 622 3522 682 esset;
3564 613 3654 669 cui

2073 721 2258 766 tamen
2298 710 2628 765 arrhabonis
2677 712 2799 765 loco
2852 711 3006 765 velut
3046 710 3156 764 duo
3201 708 3360 778 527
3410 707 3657 767 minuta.

2071 810 2538 870 contemperatam
2582 800 2853 855 rationem
2896 816 2960 867 ac
3009 799 3178 854 vitam
3226 798 3488 863 oﬂ'erret;
3540 797 3658 851 sive

2071 891 2235 946 [idem
2257 907 2322 945 ac
2366 891 2564 945 bonam
2588 892 3004 955 conscientiam,
3039 892 3155 945 sive
3196 890 3656 963 circa/honestum

2070 992 2383 1038 versantem
2411 983 2661 1038 habitum
2711 992 2769 1038 et
2815 994 3022 1048 actum,
3066 983 3182 1037 sive
3225 982 3313 1036 his
3355 996 3655 1051 congruam

2071 1075 2588 1145 contemplationem
2619 1084 2677 1129 et
2704 1075 3008 1139 actionem,
3039 1074 3155 1128 sive
3207 1088 3329 1143 qum
3358 1072 3468 1127 illis
3507 1080 3657 1127 certa

2069 1166 2307 1235 quadam
2334 1165 2546 1229 ratione
2582 1165 2938 1235 respondent,
2965 1164 3253 1219 scientiam
3297 1170 3464 1232 atque
3486 1162 3661 1216 virtu-

2072 1264 2221 1322 tem;
2257 1256 2375 1311 sive
2418 1272 2540 1326 qua‘.
2574 1257 2737 1326 paulo
2768 1256 2876 1310 hoc
2913 1263 3198 1325 superant,
3226 1254 3283 1308 in
3323 1253 3562 1307 naturali
3596 1267 3661 1306 ac

2072 1346 2278 1414 scripta
2316 1346 2435 1417 lege
2474 1349 2686 1417 positas
2725 1347 3002 1414 rationes,
3046 1361 3204 1417 quas,
3253 1360 3376 1416 qua:
3417 1343 3663 1416 possidet

2070 1437 2275 1502 anima,
2318 1438 2386 1494 iis
2423 1439 2761 1505 excedendo,
2788 1439 3049 1509 velutque
3092 1436 3459 1493 substantiam
3488 1442 3660 1490 totam

394 1528 637 1599 ἱστορίαν
672 1528 1056 1599 πληρωθέντος
1094 1531 1420 1601 γράμματος
1470 1531 1498 1582 ὀ
1536 1528 1696 1596 λόγος
1727 1529 1969 1583 αἰνίττε-

2076 1545 2135 1582 ac
2176 1528 2385 1583 victum
2437 1530 2836 1600 relinquendo,
2892 1530 2993 1586 soli
3031 1529 3214 1584 Verbo
3251 1543 3316 1583 ac
3340 1528 3453 1583 Deo
3493 1541 3663 1596 copu-

388 1634 497 1671 ται.
536 1618 721 1672 Πάντα
760 1619 873 1690 γάρ
908 1620 988 1686 τῷ
1033 1621 1176 1674 κατά
1213 1619 1493 1688 θεολογίαν
1522 1619 1805 1691 ἐποπτικῷ
1837 1636 1969 1688 συγ-

2076 1620 2173 1673 lari
2218 1621 2491 1687 ambiens,
2530 1618 2728 1684 oﬂ‘ert,
2761 1622 3051 1691 libensque
3094 1619 3283 1684 habet,
3314 1616 3463 1689 quod
3500 1624 3664 1671 natu-

389 1709 691 1779 κρινόμενα
751 1687 916 1781 λόγῳ,
968 1713 1036 1765 τὰ
1072 1712 1132 1765 ἐν
1181 1687 1492 1782 ἀνθρώποις
1530 1687 1793 1764 δοκοῦντα
1847 1687 1971 1764 κατ’

2076 1711 2285 1767 ralibus
2318 1728 2382 1767 ac
2417 1712 2687 1783 legalibus
2730 1712 2990 1767 violentis
3034 1710 3236 1775 modis,
3266 1708 3443 1771 scitis,
3488 1706 3661 1762 mori-

388 1801 596 1871 ἀρετὴν
626 1799 766 1855 εἶναι
799 1802 1037 1872 μεγάλα,
1068 1803 1242 1873 μικρὰ
1285 1801 1579 1871 τυγχάνει..
1613 1801 1763 1871 Πλήν
1792 1817 1857 1869 γε
1886 1801 1969 1855 ὅτι

2076 1804 2200 1869 bus,
2231 1812 2492 1875 tanquam
2514 1805 2668 1867 viris,
2693 1804 2861 1858 vidua
2889 1810 3005 1867 est;
3040 1802 3156 1857 sive
3185 1799 3335 1856 aliud
3359 1798 3661 1870 quidquam

391 1891 496 1945 κᾶν
544 1893 738 1963 μικρὰ,
777 1894 874 1947 καὶ
916 1895 974 1961 ἐξ
1025 1893 1157 1965 ῦλης
1204 1893 1457 1955 εὐτελοῦς
1492 1893 1588 1946 καὶ
1618 1893 1680 1946 οὐ
1722 1893 1857 1947 πολὺ
1886 1911 1971 1945 τι-

2077 1896 2167 1951 his
2208 1898 2533 1966 spiritalius,
2568 1912 2633 1950 ac
2659 1896 2816 1966 cujus
2847 1896 2950 1950 soli
2994 1895 3201 1950 mundo
3242 1894 3410 1950 corde
3455 1891 3661 1947 intelli-

398 1984 561 2053 μίας·
612 1984 725 2038 ἀλλ’
767 1980 863 2040 οὖν
903 1988 1016 2049 τοῖς
1061 1988 1127 2039 ἐκ
1175 1984 1379 2056 χρυσοῦ
1434 1983 1734 2054 νομίσμασι
1781 1984 1882 2053 τῆς
1912 1986 1971 2037 ἐν

2076 1986 2317 2055 gentiam
2357 1994 2739 2055 assequamur,
2771 1999 2871 2055 per
2903 1984 3147 2038 litteram
3178 1984 3357 2055 reipsa
3396 1981 3662 2036 historice

396 2072 551 2139 ὕλαις
587 2076 939 2148 τιμιωτέρας,
982 2075 1019 2131 ἃ
1065 2075 1473 2148 προσφέρουσιν
1501 2074 1551 2128 oi
1581 2072 1971 2146 εὐπορώτεροι,

2079 2075 2384 2145 impletam,
2413 2075 2700 2145 Scriptura
2738 2077 3009 2133 occultius
3049 2076 3273 2132 indicat.
3307 2074 3664 2145 Quaecunque

396 2168 536 2221 κατὰ
565 2168 625 2220 τὸ
653 2169 764 2222 ἴσον
789 2168 880 2223 τὸν
916 2168 1192 2239 βασιλικὸν
1216 2167 1540 2239 χαρακτῆρα
1563 2165 1818 2236 φέροντα,
1835 2165 1971 2219 κατὰ

2076 2166 2226 2221 enim
2255 2167 2516 2232 humana,
2534 2166 2650 2222 'e'tsi
2677 2168 2882 2223 virtute
2901 2184 3099 2240 magna
3126 2168 3441 2235 videantur,
3464 2166 3666 2238 exigua

395 2258 513 2329 [atat
549 2256 633 2330 τὸ]
673 2259 839 2312 πλέον
888 2260 1021 2323 ῐσως
1076 2258 1270 2330 ἔχοντα
1308 2257 1407 2328 τῆς
1444 2254 1831 2328 προσαγούσης
1879 2255 1971 2325 τὴν

2079 2265 2231 2321 sunt,
2276 2258 2323 2311 si
2366 2272 2493 2313 cum
2542 2258 2731 2313 divina
2754 2260 2867 2330 jam
2910 2259 3241 2330 inspectrice
3272 2258 3485 2314 ratione
3527 2271 3662 2311 con-

394 2348 455 2414 ἐξ
481 2348 610 2419 ὅλης
643 2349 938 2413 διαθέσεως
963 2348 1244 2420 πρόθεσιν.

2079 2345 2349 2403 ferantur.
2385 2349 2591 2404 Verum
2639 2351 2770 2405 licet
2799 2352 3019 2423 exigua,
3058 2366 3236 2422 exque
3275 2350 3370 2405 vili
3404 2364 3509 2404 nec
3539 2361 3665 2418 pre-

394 2440 534 2495 tiosa
596 2443 891 2498 admodum
925 2444 1174 2509 materia,
1237 2458 1394 2513 aeque
1439 2449 1620 2496 tamen
1685 2455 1750 2495 ac
1783 2454 1946 2495 aurea
1982 2444 2316 2499 numismata
2378 2444 2509 2515 (qua
2572 2445 2867 2515 pretiosior
2927 2446 3080 2501 nulla
3137 2444 3386 2516 materia)
3426 2457 3497 2527 ac
3542 2457 3665 2512 qua

394 2533 771 2603 opulentiores
797 2534 1062 2601 oﬂ'erunt,
1086 2550 1212 2590 cum
1239 2534 1581 2605 obsignatam
1606 2532 1810 2603 regiam
1838 2531 2069 2603 ﬁguram
2103 2535 2330 2602 habent,
2378 2545 2493 2592 tum
2541 2536 2683 2593 forte
2717 2537 2883 2593 etiam
2949 2538 3236 2594 oﬂ'erentis
3293 2553 3363 2594 ex
3426 2546 3543 2596 toto
3578 2538 3663 2593 af-

394 2624 539 2680 fectu
568 2625 852 2695 proposito
880 2634 1162 2702 praestant.

465 2721 682 2790 Ταύτην
712 2720 870 2788 κάγὼ
911 2720 1249 2792 μιμούμενος
1275 2719 1377 2791 τὴν
1413 2720 1608 2791 χήραν,
1634 2717 1754 2790 Θεῷ
1786 2734 1845 2771 τε
1875 2717 1970 2772 καὶ

395 2813 546 2880 ὑμῖν,
571 2810 944 2881 ἠγαπημένοι,
984 2810 1052 2863 τὰ
1084 2810 1259 2881 μικρὰ
1296 2809 1469 2863 ταῦτα
1515 2809 1610 2862 καὶ⁵
1633 2808 1846 2879 εὐτελῆ,
1880 2809 1975 2861 καὶ

394 2903 455 2967 ἐξ
510 2902 761 2965 εὐτελοῦς
820 2903 914 2955 καὶ
964 2901 1191 2971 πτωχῆς
1262 2900 1505 2963 διανοίας
1558 2900 1655 2953 καὶ
1716 2900 1973 2969 γλώσσης

394 2994 843 3067 προενηνεγμένα
872 2995 1123 3065 νοήματα
1150 3010 1210 3047 τε
1248 2994 1345 3047 καὶ
1406 2995 1627 3064 ῥήματα
1656 2991 1847 3063 ὥσπερ
1878 2991 1969 3043 λε-

2148 2719 2371 2774 Maximi
2420 2720 2679 2775 modestia
2736 2718 2962 2774 scribere
3007 2720 3373 2775 detrectantis.
3408 2750 3475 2760 —
3511 2719 3667 2777 Hanc

2076 2826 2298 2882 quoque
2324 2811 2546 2866 viduam
2570 2828 2675 2883 ego
2703 2813 2973 2877 imitatus,
2990 2829 3159 2883 parva
3182 2813 3300 2868 haec
3325 2820 3490 2883 atque
3510 2813 3661 2881 vilia,

2077 2918 2256 2974 exque
2292 2902 2390 2957 vili
2414 2918 2699 2974 egenaque
2727 2914 2915 2959 mente
2943 2919 3010 2959 ac
3037 2903 3225 2974 lingua
3255 2903 3501 2974 profecta
3529 2918 3664 2974 pro-

2076 2996 2299 3066 lataque
2327 3012 2489 3053 sensa
2519 3013 2585 3052 ac
2605 3004 2795 3061 verba,
2831 2998 2986 3052 velut
3018 2996 3255 3062 minuta,
3290 2996 3358 3051 iis
3402 2995 3472 3050 de
3497 2995 3665 3052 rebus

395 3087 528 3151 πτὰ,
563 3087 691 3157 περὶ
716 3079 792 3139 ὧν
818 3086 1166 3152 ἐκελεύσατε,
1204 3086 1579 3157 προσενήνοχα
1599 3100 1614 3116 ο
1636 3084 1971 3153 παρακαλῶν

2077 3087 2147 3142 de
2173 3060 2378 3157 quibus
2427 3088 2739 3159 jusseratis,
2794 3089 2909 3143 Deo
2951 3103 3017 3144 ac
3056 3060 3247 3154 vobis,
3291 3086 3662 3152 dilectissimi,

392 3176 495 3247 τὴν
545 3176 923 3247 εὐλογημένην
959 3177 1113 3248 ὐμῶν
1150 3176 1246 3230 καλ⁵
1293 3175 1455 3246 άγίαν
1505 3176 1684 3247 ψυχήν
1707 3192 1720 3205 ⁸
1756 3176 1972 3246 πρῶτον

399 3268 519 3337 μὲν,
560 3267 788 3337 μηδενὸς
824 3266 905 3319 ἔτι
936 3266 1046 3319 τῶν
1075 3266 1207 3337 παρ’
1254 3265 1390 3337 ἐμοῦ
1439 3267 1749 3335 λεγομένων
1779 3268 1977 3339 ἔγγρα-

398 3373 495 3423 φον
524 3354 757 3425 ζητῆσαι
790 3354 1109 3425 σημείωσιν,
1134 3354 1281 3408 δυοῖν
1318 3354 1536 3408 ἕνεκεν·
1574 3356 1693 3419 ἐνὸς
1735 3356 1855 3425 μὲν.
1891 3357 1973 3409 ὅτι

400 3446 629 3516 μηδέπω
670 3446 762 3500 τὸν
807 3446 972 3515 φόϐον
1011 3447 1333 3517 ἐκτησάμην
1357 3448 1451 3501 τοῦ
1499 3446 1636 3500 Θεοῦ
1676 3447 1768 3501 τὸν
1813 3446 1975 3515 ἁγνὸν

401 3539 495 3590 καὶ
521 3537 865 3605 διαμένοντα,
895 3537 1003 3591 οὐδ’
1033 3538 1234 3609 αρετῆς
1256 3536 1371 3602 ἕξιν
1413 3539 1730 3608 στερέμνιον
1776 3538 1870 3592 καὶ
1902 3537 1976 3591 δι-

402 3628 694 3698 καιοσύνης
735 3628 967 3699 ἀληθοῦς
1021 3629 1187 3699 πῆξιν
1227 3627 1498 3699 σταθερὰν
1527 3630 1622 3681 καὶ
1645 3627 1971 3695 ἀσάλευτον,

396 3719 467 3774 τα
511 3722 896 3793 μαρτυροῦντα
939 3721 1176 3793 μάλιστα
1220 3725 1335 3785 τοῖς
1373 3722 1556 3788 λόγοις
1605 3720 1667 3773 τὸ
1716 3719 1969 3789 βέϐαιον·

398 3816 588 3886 ἐτέρου
628 3816 710 3881 δὲ,
752 3818 835 3871 ὅτι
867 3818 1050 3888 πολλῷ
1084 3817 1315 3872 κλύδωνι
1342 3818 1532 3872 παθῶν
1563 3815 1645 3869 ἔτι
1674 3817 1833 3887 δίκην
1866 3816 1967 3870 θα-

395 3908 605 3976 λάσσης
638 3911 834 3982 ἀγρίας
878 3910 1353 3981 περιδονούμενος,
1396 3911 1491 3963 καὶ
1534 3910 1669 3963 πολύ
1706 3909 1800 3963 τοῦ
1829 3908 1973 3963 θείου

396 3982 669 4065 ἀπαθείας
686 4003 907 4071 ἀπέχων
930 4002 1171 4071 λιμένος,
1205 4002 1300 4055 καὶ
1322 4001 1517 4071 ἄδηλον
1549 4000 1691 4071 έχων
1728 3998 1825 4054 τοῦ
1857 4000 1974 4068 βίου

395 4093 457 4147 τὸ
490 4092 687 4163 πέρας,
717 4093 779 4146 οὐ
815 4091 1079 4165 βούλομαι
1117 4093 1256 4162 πρὸς
1279 4096 1393 4157 τοῖς
1434 4092 1618 4164 ἔργοις
1646 4093 1743 4146 καὶ
1786 4091 1877 4144 τὸν
1918 4093 1976 4144 ἐν

395 4185 692 4255 γράμμασι
739 4184 896 4252 λόγον
947 4185 1094 4256 ἔχειν
1150 4185 1479 4256 κατήγορον.
1513 4180 1745 4238 ’ἔπειτα
1787 4184 1844 4238 δέ
1875 4183 1976 4253 τῆς

397 4275 711 4339 εὐπειθείας
738 4278 919 4347 χάριν,
955 4278 1004 4331 εί
1030 4277 1148 4329 δέον
1177 4277 1347 4342 ἐστὶν,
1384 4274 1801 4346 ἀποδεξάμενοι,
1838 4275 1976 4346 Χρι-

2076 3179 2294 3245 obtuli;
2352 3178 2657 3236 obsecrans
2701 3179 3035 3250 enixiusque
3076 3193 3281 3251 rogans
3312 3178 3665 3235 benedictam

2074 3279 2317 3326 vestram
2350 3286 2416 3326 ac
2446 3281 2690 3327 sanctam
2723 3274 3006 3343 animam;
3044 3273 3287 3342 primum
3321 3271 3569 3343 quidem,
3593 3286 3666 3327 ne

2075 3361 2313 3430 amplius
2343 3377 2466 3431 qua:
2499 3379 2529 3416 a
2559 3378 2646 3418 me
2673 3362 2933 3418 dicentur
2973 3363 3189 3431 scripto
3214 3378 3303 3418 me
3334 3364 3665 3434 eonsignare

2075 3453 2358 3522 quaeratis,
2395 3454 2605 3523 duplici
2642 3470 2711 3509 ex
2754 3470 2923 3510 causa
2965 3469 2981 3509 :
3028 3455 3204 3510 altera
3238 3455 3488 3525 quidem,
3513 3451 3665 3523 quod

2074 3544 2315 3599 necdum
2374 3545 2474 3599 Dei
2541 3546 2799 3600 timorem
2851 3554 3067 3600 castum
3125 3561 3191 3601 ac
3245 3553 3664 3616 permanentem

2075 3633 2311 3703 adeptus
2363 3635 2467 3689 sim
2495 3646 2541 3699 ι,
2608 3652 2713 3692 nec
2769 3637 2997 3693 virtutis
3054 3637 3347 3693 robustum
3387 3636 3661 3704 habitum,

2074 3740 2330 3795 versaque
2353 3726 2586 3798 iustitiae
2609 3728 2930 3786 ﬁrmitatem
2966 3745 3032 3786 ac
3055 3730 3443 3785 inconcussam
3490 3730 3664 3785 stabi-

2075 3814 2310 3880 litatem,
2360 3811 2493 3885 quae
2539 3815 2777 3872 maxime
2822 3817 2911 3873 his
2950 3833 3073 3888 qua:
3123 3817 3444 3873 scribuntur
3477 3832 3542 3873 ac
3562 3817 3662 3872 do-

2076 3909 2289 3975 ctrinae,
2323 3910 2710 3966 auctoritatem
2740 3912 3077 3979 conciliant;
3113 3912 3288 3966 altera
3319 3925 3477 3977 vero,
3509 3909 3661 3982 quod

2076 4016 2204 4057 cum
2229 4002 2414 4057 adhuc
2437 4002 2702 4058 vitiorum
2726 4020 2792 4060 ac
2810 4004 3316 4074 perturbationum,
3337 4004 3514 4058 instar
3532 4003 3662 4058 sevi

2077 4094 2265 4157 maris,
2313 4095 2504 4150 multis
2548 4094 2811 4150 ﬂuctibus
2863 4096 3068 4166 agiter,
3117 4110 3183 4149 ac
3213 4108 3379 4165 quam
3406 4093 3662 4165 procula

2078 4183 2271 4238 divino
2316 4185 2741 4254 tranquillitatis
2782 4186 2975 4251 animi,
3027 4200 3092 4242 ac
3148 4184 3665 4257 imperturbationis

2078 4283 2246 4344 portu
2302 4278 2552 4330 remotus
2598 4276 2723 4341 sim,
2776 4278 3164 4348 incertumque
3196 4279 3324 4333 vitae
3362 4277 3529 4333 tinem
3558 4277 3663 4332 ha-

401 4367 512 4435 στῷ
548 4382 614 4436 με
639 4366 708 4420 δι’
736 4365 911 4437 εὐχῶν
941 4366 1279 4437 παράθεσθε,
1318 4365 1396 4437 τῷ
1438 4365 1661 4437 μεγάλῳ
1692 4364 1788 4418 καὶ
1830 4362 1971 4434 μόνῳ

2078 4366 2261 4432 beam,
2288 4367 2460 4421 nolim
2484 4374 2545 4421 ut
2572 4366 2640 4421 ad
2670 4383 2859 4439 opera,
2891 4369 3059 4424 etiam
3105 4370 3311 4440 scripto
3338 4369 3665 4439 consignata

397 4457 521 4528 θεῷ
547 4459 643 4511 καὶ
667 4459 880 4530 Σωτῆρι
908 4457 1017 4511 τῶν
1040 4458 1326 4530 ἡμετέρων
1343 4456 1532 4529 ψυχῶν
1552 4474 1566 4489 ⁸
1595 4451 1639 4525 ᾧ
1667 4458 1701 4527 ἡ
1731 4453 1856 4519 δόξα
1878 4454 1971 4508 καὶ¹

2082 4458 2337 4513 doctrina
2363 4458 2421 4513 in
2450 4460 2655 4515 actoris
2679 4469 2895 4531 partem
2952 4462 3199 4516 accedat.
3238 4459 3449 4516 Deinde
3472 4473 3540 4513 eo
3563 4471 3666 4512 no-

398 4548 459 4603 τδ
494 4550 715 4620 κράτος,
760 4551 859 4603 σὺν
893 4550 972 4620 τῷ
1021 4551 1198 4621 Ilath
1228 4550 1321 4605 καὶ
1358 4550 1437 4621 τῷ
1486 4549 1627 4618 ἁγίῳ
1667 4547 1971 4617 Πνεύματι,

2083 4548 2231 4602 mine
2280 4548 2604 4618 probantes,
2669 4548 2943 4620 siquidem
2980 4550 3036 4605 id
3085 4564 3302 4620 aequum
3355 4556 3461 4613 est,
3511 4545 3661 4618 quod

403 4642 479 4703 sic
518 4641 647 4703 τοὺς
675 4639 900 4704 αἰῶνας.
938 4641 1134 4712 Ἀμήν.

2083 4639 2611 4708 obtemperaverim,
2661 4639 2885 4698 Christo
2922 4657 3009 4695 me
3062 4641 3326 4712 precibus
3375 4653 3660 4696 commen-

395 4738 785 4812 dante,magno
814 4749 879 4791 ac
906 4735 1172 4801 soli-Deo,
1207 4743 1642 4805 nostrarumque
1675 4732 1986 4788 animarum
2023 4729 2318 4799 Salvatori,
2349 4734 2437 4789 cui
2467 4726 2667 4806 gloria
2702 4746 2759 4792 et
2819 4746 3085 4808 potestas,
3110 4750 3235 4793 cum
3277 4735 3441 4793 Patre
3465 4731 3662 4803 etSpi-

404 4827 513 4879 ritu
539 4834 757 4891 sancto,
786 4825 842 4879 in
865 4827 1086 4882 saecula.
1117 4825 1315 4882 Amen.

478 4985 499 5014 '
535 4984 681 5039 Psal.
739 5000 889 5052 xvm,
933 4985 1020 5040 10.

1682 5077 1920 5135 VARle
1967 5076 2376 5136 LECTIONES.

477 5166 521 5198 ⁵⁷
577 5167 639 5221 τὸ
697 5169 861 5223 καλὸν
906 5167 968 5223 C.
1027 5168 1093 5224 A.
1146 5176 1203 5224 ct
1249 5169 1341 5225 Fr.
