3978 6168
297 197 401 266 ’119
1464 201 1524 260 S.
1567 201 1855 262 MAXIMI

1992 202 2088 264 NF
2092 201 2412 263 ESSORIS
3455 207 3563 273 720

1667 604 2253 698 MONITUM

1081 845 1186 906 AD
1228 843 1502 906 SANCTI
1543 842 1826 904 MAXIMI
1863 841 2268 906 SERMONES
2310 844 2464 906 PER
2506 845 2794 909 ELECTA

1176 1009 1282 1067 Ex
1317 1007 1516 1069 sacris
1553 1002 1966 1088 profanisque
2009 1005 2372 1070 auctoribus
2422 1009 2701 1072 collecta.

375 1362 676 1427 Produxit
722 1363 1038 1425 Gesnerus
1087 1357 1372 1422 medicus
1403 1357 1596 1421 semel
1635 1363 1697 1421 et
1733 1356 1965 1421 iterum
2011 1374 2156 1420 cum
2207 1358 2481 1424 Antonio
2523 1359 2801 1438 Melissa;
2852 1367 3254 1451 secundaque
3303 1373 3570 1438 editione

301 1463 488 1526 etiam
531 1481 674 1526 cum
722 1465 964 1524 Joanne
1011 1460 1286 1531 Stobaeo,
1322 1459 1432 1538 qui
1475 1459 1700 1525 eodem
1743 1459 1884 1538 ipso
1920 1458 2279 1538 scriptionis
2315 1477 2570 1539 genere,
2609 1463 2676 1526 in
2719 1482 2796 1528 eo
2841 1466 3392 1548 locupletissimus,
3435 1493 3577 1539 usus

299 1571 486 1627 esset.
536 1569 608 1626 In
652 1564 844 1645 priori
879 1560 1178 1635 editione,
1219 1575 1440 1639 parum
1487 1566 1658 1622 certe
1704 1558 1973 1632 medice,
2014 1560 2194 1637 quasi
2227 1558 2480 1622 lectoris
2530 1555 2808 1627 laborem
2846 1567 3181 1646 levaturus,
3241 1576 3578 1638 sententias

295 1666 570 1740 Maximi,
606 1681 749 1745 qua)
784 1663 1023 1726 easdem
1073 1665 1281 1722 essent
1327 1666 1518 1739 atque
1563 1658 1892 1720 sententias
1943 1657 2204 1720 Melissa;
2235 1659 2352 1720 sub
2396 1661 2616 1723 iisdem
2650 1663 2864 1742 titulis,
2903 1685 3124 1732 omnes
3153 1670 3433 1736 obelisco
3463 1691 3579 1736 no-

297 1768 458 1829 tasse
486 1765 592 1841 ait,
629 1781 744 1828 seu
792 1760 1207 1843 expunxisse;
1252 1759 1422 1840 quod
1459 1764 1628 1822 certe
1662 1757 1869 1838 plagio
1900 1758 2055 1819 mihi
2093 1759 2327 1832 simile;
2364 1779 2506 1824 cum
2557 1766 2904 1843 praesertim
2953 1770 3259 1834 Maximus
3311 1776 3582 1837 Antonio
3690 1813 3694 1817 —

296 1867 531 1942 senior,
567 1875 630 1930 et
662 1864 772 1945 qui
801 1864 892 1927 illi
918 1861 1236 1944 praaiverit
1264 1879 1276 1921 :
1311 1877 1384 1922 ac
1415 1859 1619 1940 palam
1652 1866 1766 1928 est,
1800 1860 1972 1939 quod
1999 1860 2054 1921 is
2077 1863 2262 1922 Joan.
2296 1862 2774 1940 Damascenum,
2809 1867 3101 1932 Photium
3137 1875 3582 1952 patriarcbam,

297 1966 867 2047 TheOphylactum,
908 1963 1200 2026 homines
1248 1959 1336 2022 sic
1393 1968 1700 2034 recentes,
1757 1959 1994 2021 affatim
2051 1959 2232 2034 citat;
2291 1978 2563 2041 quorum
2603 1965 2753 2026 nihil
2789 1969 3116 2032 Maximus.
3169 1973 3400 2038 Debuit
3436 1993 3586 2054 ergo

297 2072 568 2136 Maximo
605 2071 704 2134 sui
740 2068 972 2133 laboris
995 2067 1135 2130 laus
1161 2065 1353 2146 plena
1389 2069 1700 2137 constare,
1734 2079 1867 2125 non
1896 2065 2032 2142 ejus
2062 2079 2288 2141 magna
2319 2081 2484 2144 pars,
2527 2083 2640 2145 per
2669 2085 2978 2132 summam
3012 2073 3306 2152 injuriam
3341 2077 3412 2139 in
3444 2095 3590 2140 eum

298 2173 647 2248 transferri,
685 2173 796 2254 qui
823 2171 991 2233 illius
1026 2168 1206 2232 furtis
1233 2166 1632 2248 profecisset.
1665 2164 1800 2227 Alia
1821 2171 1991 2228 certe
2027 2165 2306 2228 ineunda
2343 2167 2441 2230 via
2470 2170 2606 2248 ejus
2651 2169 2903 2234 levandi
2945 2173 3203 2252 laboris,
3246 2186 3316 2241 ut
3347 2180 3590 2245 scilicet

298 2275 630 2337 amborum
665 2286 1038 2336 communes
1080 2265 1422 2331 sententias
1451 2280 1588 2326 esse
1617 2270 1765 2326 nota
1794 2263 2007 2343 aliqua
2033 2263 2420 2327 indicaretur
2457 2283 2470 2327 :
2505 2267 2601 2329 vel
2630 2267 2682 2330 si
2712 2271 2890 2350 cujus
2925 2278 3395 2355 expungendae,
3427 2279 3598 2343 illius

298 2373 515 2456 potius
551 2369 1016 2454 expungendte,
1053 2367 1165 2448 qui
1212 2365 1382 2429 nulla
1427 2364 1542 2427 alia
1593 2381 1708 2426 sua
1751 2363 2058 2427 industria
2103 2373 2408 2445 parasset,
2463 2369 2576 2430 sed
2620 2387 2699 2432 ex
2730 2375 3049 2454 superiori
3096 2379 3370 2458 digesta,
3424 2383 3594 2445 nulla

297 2475 468 2539 illius
503 2473 714 2548 laude,
753 2470 1220 2551 exscripsisset;
1257 2465 1430 2546 quod
1473 2465 1706 2527 Graecis
1745 2465 1934 2527 nimis
1982 2465 2313 2528 familiare.
2357 2470 2596 2540 Quanta
2645 2489 2796 2536 vero
2841 2463 2990 2537 hinc
3041 2479 3312 2541 Maximo
3365 2483 3593 2553 ablata.

301 2578 440 2658 ipse
474 2576 748 2656 primum
784 2590 993 2636 nonus
1031 2587 1238 2634 sermo
1268 2572 1594 2638 monstrat,
1628 2583 1663 2626 a
1693 2582 1822 2645 quo
1870 2565 2100 2646 incipit
2141 2585 2259 2628 ms.
2299 2568 2554 2630 Maximi
2603 2573 2828 2647 codex,
2874 2575 3032 2636 mihi
3076 2577 3534 2644 humanissime
3560 2591 3598 2638 α

302 2677 382 2740 cl.
419 2677 487 2738 V.
518 2674 793 2756 ipsoque
825 2670 1075 2734 erudito
1115 2669 1187 2729 D.
1219 2667 1298 2729 de
1329 2664 1694 2728 Ballesdens
1731 2664 2060 2726 sacerdote
2101 2665 2560 2745 suppeditatus,
2607 2671 2659 2732 si
2695 2672 2848 2752 quid
2887 2673 3036 2738 inde
3083 2676 3151 2739 in
3181 2695 3315 2742 rem
3355 2681 3599 2746 littera-

303 2780 458 2844 riam
507 2795 542 2838 a
579 2791 682 2838 me
714 2778 929 2855 posset
972 2767 1263 2850 produci,
1314 2783 1454 2829 cum
1507 2762 1878 2827 oblitteratis
1928 2764 2109 2826 initio
2165 2765 2418 2846 ﬁneque
2464 2767 2630 2844 libri,
2674 2779 2901 2834 neuter
2952 2785 3158 2839 certus
3214 2789 3411 2858 esset,
3463 2801 3611 2849 eam,

301 2879 552 2944 Maximi
582 2873 1087 2940 lucubrationem
1116 2871 1228 2934 illo
1257 2866 1594 2933 contineri.
1621 2867 1878 2928 Factum
1907 2864 2016 2928 illo
2047 2859 2274 2946 partim
2304 2868 2452 2930 satis
2480 2871 2638 2932 meis
2665 2873 2845 2948 votis,
2883 2891 2964 2936 ne
2996 2893 3118 2939 una
3140 2879 3415 2943 Gesneri
3450 2884 3576 2946 ﬁde

303 2979 393 3042 sic
445 2976 746 3050 sublesta,
795 2970 1048 3046 Maximi
1101 2985 1263 3049 Opus
1309 2965 1433 3028 hoc
1485 2962 1829 3042 vulgarem,
1891 2962 1970 3024 ad
2009 2963 2181 3042 quod
2217 2963 2387 3027 aliud
2439 2967 2596 3029 nihil
2635 2972 2907 3033 subsidii
2965 2981 3153 3051 esset,
3201 2994 3274 3040 ac
3323 2998 3461 3061 quo
3491 2951 3603 3048 sua

304 3081 570 3144 Maximo
609 3093 1012 3159 reponerem.
1048 3074 1201 3135 Nam
1233 3072 1551 3133 Gesnerus
1587 3065 1786 3128 altera
1823 3081 1940 3127 sua
1971 3065 2272 3142 editione,
2307 3075 2369 3132 et
2405 3087 2529 3150 qua
2563 3089 2598 3134 e
2631 3073 2893 3151 regione
2922 3076 3138 3140 Graeca
3181 3080 3422 3147 Latinis
3451 3103 3604 3150 con-

296 3185 519 3266 juncta
548 3182 616 3242 in
661 3178 1380 3256 Stobteo-reprmsentat,
1411 3169 1503 3232 sic
1533 3167 1756 3266 miscet
1783 3166 2022 3242 omnia,
2053 3173 2124 3229 ut
2169 3169 2322 3247 quid
2377 3172 2692 3253 cujusque
2745 3175 2848 3252 sit,
2897 3179 3150 3241 Maximi
3196 3199 3277 3244 an
3309 3187 3600 3259 Antonii,

306 3263 496 3345 nemo
527 3278 715 3361 plane
740 3273 1070 3352 intelligat.
1105 3270 1347 3344 Ribitti,
1381 3283 1575 3348 quam
1611 3263 1845 3337 laudat,
1871 3266 2100 3340 versio,
2125 3267 2260 3348 ipsa
2292 3268 2588 3334 distincte
2620 3273 2882 3351 habens,
2906 3295 3051 3356 quae
3079 3291 3288 3344 essent
3316 3285 3603 3364 Maximi,

305 3399 416 3445 sua
454 3377 834 3444 obscuritate
867 3374 957 3436 sic
1005 3387 1170 3453 pene
1201 3367 1474 3441 evanuit,
1506 3372 1574 3428 ut
1611 3381 1732 3429 nec
1771 3365 2048 3428 nancisci
2083 3366 2353 3431 licuerit.
2392 3371 2543 3434 Mihi
2588 3381 2759 3438 certe
2793 3392 2865 3439 ea
2906 3385 3082 3457 parte
3119 3381 3407 3447 Theseus
3449 3387 3602 3465 (non

307 3501 433 3565 qua
463 3482 581 3545 sibi
614 3479 890 3542 venditat
917 3473 1258 3552 Gesnerus)
1291 3479 1361 3534 ut
1389 3470 1466 3534 ab
1498 3468 1633 3549 ejus
1667 3469 1872 3549 ipsius
1916 3470 2312 3556 confusionis
2341 3473 2704 3555 labyrintho
2739 3495 2840 3541 me
2869 3482 3009 3562 ipse
3039 3487 3440 3567 expedirem,
3474 3509 3604 3556 non

307 3592 377 3648 ut
405 3597 699 3664 magnum
731 3577 974 3660 aliquid
1004 3593 1083 3641 ex
1118 3577 1253 3658 ejus
1281 3575 1574 3639 versione
1611 3574 1956 3639 reddendis
1981 3577 2234 3638 Maximi
2281 3583 2613 3645 sententiis
2628 3584 2906 3663 juvarer.
2950 3590 3246 3655 Causatur
3274 3593 3607 3659 Gesnerus

309 3706 426 3753 nec
463 3704 641 3749 suam
684 3701 800 3748 nec
839 3681 1058 3746 Ribitti
1093 3681 1449 3744 versionem
1489 3679 1831 3742 admodum
1861 3678 2178 3757 elegantes
2216 3698 2377 3757 esse,
2414 3685 2583 3764 quod
2623 3686 2759 3750 fere
2803 3691 3122 3770 pendente
3151 3695 3331 3775 prelo
3372 3698 3608 3760 reddi-

309 3795 493 3867 derit,
522 3792 822 3874 quodque
843 3788 966 3871 ipsi
986 3794 1274 3851 auctores
1302 3784 1469 3848 haud
1490 3800 1632 3847 raro
1663 3800 1791 3846 non
1811 3783 2077 3846 multum
2107 3785 2425 3864 elegantes
2451 3787 2596 3853 sint.
2629 3792 2804 3868 Mihi,
2838 3795 3149 3876 quidquid
3170 3798 3248 3862 sit
3266 3798 3343 3861 de
3374 3809 3605 3866 aucto-

315 3916 454 3962 rum
481 3897 790 3976 elegantia
815 3895 1029 3975 (quam
1056 3892 1148 3954 sic
1165 3889 1440 3971 antiquis
1470 3887 1809 3967 theOIOgis,
1840 3887 2270 3969 philosophis,
2289 3893 2668 3970 oratoribus,
2695 3896 3142 3976 litteratorum,
3171 3910 3232 3965 et
3250 3911 3607 3980 λογιωτάτων

308 4008 520 4080 ἀνδρῶν
549 3997 725 4061 omni
752 3980 994 4068 censui,
1027 3991 1240 4054 nescio
1281 4006 1411 4070 quo
1455 3994 1642 4066 gustu
1696 3986 1967 4063 abdicet,
2009 3994 2072 4052 et
2108 4007 2189 4051 an
2231 4009 2388 4054 sano
2427 3994 2577 4056 satis
2609 3995 2838 4075 capite,
2890 3999 3047 4060 nihil
3089 4000 3230 4081 ipse
3261 4001 3606 4085 theologus

292 4112 762 4175 'summumque
792 4091 1238 4173 grammaticus
1257 4090 1606 4151 Germanus
1631 4095 1942 4169 ὲτερόδοξος
1971 4089 2276 4172 medicus)
2301 4094 2502 4187 magis
2532 4098 2907 4160 arcessenda
2938 4099 3114 4174 ﬁdes,
3141 4120 3282 4182 quas
3301 4121 3432 4165 una
3457 4123 3607 4187 pro-

313 4200 466 4260 bum
505 4169 917 4276 interpretem
943 4191 1265 4272 insigniat,
1291 4189 1387 4253 vel
1419 4189 1472 4253 si
1494 4189 1727 4253 minori
1757 4189 2122 4270 eloquentia
2147 4169 2265 4254 nec
2281 4169 2835 4260 tantislu'minibus
2871 4199 3016 4261 aliis
3043 4169 3210 4264 dicta
3233 4169 3604 4284 scriptaque

318 4295 579 4362 reddere
608 4294 829 4357 valeat.
860 4293 1046 4356 Tituli
1077 4298 1534 4369 auctorumque
1567 4289 1847 4362 nomina,
1877 4287 2052 4367 quod
2102 4288 2296 4351 minio
2346 4291 2578 4372 scripta
2608 4303 2810 4370 erant,
2841 4297 3174 4376 complura
3203 4298 3330 4377 legi
3364 4301 3600 4380 nequi-

314 4403 561 4468 verunt,
597 4413 743 4459 cum
778 4393 1102 4457 sententiae
1130 4393 1286 4472 ipsa)
1312 4395 1660 4455 atramento
1691 4389 1965 4468 scriptas,
2012 4406 2235 4468 parum
2279 4399 2389 4453 aut
2433 4391 2592 4454 nihil
2631 4393 3013 4470 laborarent,
3043 4380 3416 4472 inlaudato,
3458 4400 3602 4478 ipso

317 4498 576 4578 antiquo
604 4497 974 4575 eruditaque
999 4511 1191 4556 manu
1216 4499 1469 4556 exarata
1497 4490 1756 4563 codice;
1793 4507 1870 4551 ex
1900 4489 2076 4568 cujus
2106 4507 2272 4569 pene
2307 4509 2552 4568 norma,
2585 4496 2651 4558 in
2681 4497 2908 4577 primis
2938 4515 3194 4578 quoque
3225 4507 3370 4563 octo
3397 4501 3604 4564 titulis

317 4619 388 4664 ac
423 4597 760 4679 capitibus,
797 4612 1000 4678 pauca
1026 4593 1317 4676 quaedam
1349 4609 1425 4655 ex
1462 4590 1707 4653 Melissa
1743 4589 1925 4652 libuit
1973 4595 2286 4670 repetere,
2319 4601 2381 4656 et
2425 4611 2568 4673 quae
2606 4596 2805 4674 magis
2849 4599 2983 4658 visa
3013 4606 3163 4661 sunt
3213 4615 3300 4659 ex
3343 4600 3600 4662 Maximi

319 4719 500 4777 vena,
533 4717 613 4762 ne
644 4701 784 4781 ipse
810 4699 878 4760 in
903 4697 1050 4772 illis,
1083 4696 1401 4776 explicato
1430 4694 1561 4774 jam
1590 4691 1758 4754 furto
1790 4708 1905 4753 seu
1941 4691 2180 4772 plagio,
2212 4694 2496 4775 jejunior
2541 4697 2765 4760 abiret.
2804 4699 2916 4772 Qui
2952 4698 3154 4772 locos,
3206 4699 3304 4760 sin
3352 4715 3596 4773 omnes,

321 4807 384 4863 at
417 4802 578 4862 bene
607 4798 860 4872 multos,
899 4796 967 4858 in
1011 4797 1220 4858 fontes
1249 4794 1598 4865 reduceret,
1633 4792 1686 4852 is
1718 4808 1868 4853 vero
1899 4809 2164 4871 magnus
2194 4802 2381 4870 esset,
2415 4813 2846 4876 magnumque
2876 4797 3117 4878 aliquid
3156 4798 3222 4860 in
3260 4816 3394 4860 rem
3427 4798 3598 4861 litte-

323 4900 549 4963 rariam
586 4899 922 4962 conferret.
958 4899 1112 4961 Eam
1159 4905 1374 4960 tamen
1398 4895 1537 4976 ipse
1573 4893 1970 4974 provinciam
1999 4896 2152 4959 mihi
2186 4914 2316 4960 non
2343 4897 2636 4978 impono;
2671 4899 2776 4961 cui
2805 4899 3020 4961 nescio
3067 4915 3148 4962 an
3178 4900 3254 4960 Β.
3289 4899 3356 4959 Ρ.
3387 4899 3465 4958 Μ.
3496 4898 3601 4959 Fr.

324 5000 560 5065 Nicolai
607 5002 807 5064 nostri
851 4999 1100 5062 humeri
1145 4997 1525 5070 sufﬁcerent,
1559 4998 1669 5074 qui
1703 5001 1914 5058 tantus
1962 5013 2039 5058 eo
2077 5014 2309 5075 genere
2350 5000 2417 5061 in
2452 5007 2670 5070 sancto
2705 4999 2949 5062 Thoma
3000 4999 3196 5062 videri
3250 4997 3476 5071 voluit;
3532 4997 3601 5060 in

323 5103 452 5181 quo
486 5099 696 5163 tamen
733 5117 832 5162 res
865 5097 1219 5178 expeditior
1249 5095 1389 5170 fuit,
1425 5110 1540 5156 nec
1573 5093 1713 5172 ipsa
1745 5109 2000 5172 prorsus
2033 5105 2092 5157 ὲν
2124 5106 2430 5174 ἀδυνάτοις,
2470 5116 2616 5161 cum
2659 5097 2794 5161 fere
2835 5106 3082 5163 exstent
3132 5106 3194 5162 et
3236 5099 3314 5162 ad
3345 5115 3599 5161 manum

324 5200 472 5273 sint,
498 5216 666 5280 quos
705 5205 994 5262 auctores
1029 5196 1237 5261 citavit
1264 5201 1519 5258 sanctus
1543 5192 1840 5268 Thomas,
1873 5201 1936 5256 et
1964 5211 2235 5274 quorum
2269 5215 2420 5260 usus
2453 5197 2808 5277 laboribus;
2838 5217 3132 5280 magnam
3166 5217 3316 5265 vero
3353 5204 3598 5283 partem

327 5298 786 5379 desiderentur,
818 5317 1089 5383 quorum
1119 5298 1461 5365 sententias
1488 5297 1801 5379 excerpsit
1826 5298 2154 5362 Maximus.
