3992 6192
423 291 530 355 7‘21
860 286 862 288 ’
1740 289 1910 351 LOCI
1945 287 2381 350 COMMUNES-
3581 278 3686 342 722

1063 666 1723 876 ΑΒΒΑ
1850 655 3098 890 ΜΑΞΙΜΟΥ

1602 980 1983 1036 ΦΙΛΟΣΟΦΟΥ
2016 978 2140 1034 ΚΑΙ
2167 975 2542 1033 ΜΛΡΤΥΡΟΣ

761 1145 1938 1320 ΚΕΦΑΛΑΙΑ
2042 1134 3396 1314 ΘΕΟΛΟΓΙΚΑ

1995 1405 2153 1454 HTOI

447 479 2346 510 ____________________.______..

823 1561 1125 1618 ΕΚΛΟΓΑΙ
1164 1558 1257 1615 ΕΚ
1283 1555 1618 1612 ΔΙΑΦΟΡΩΝ
1652 1551 1929 1609 ΒΙΒΔΙΩΝ
1957 1550 2093 1605 ΤΩΝ
2123 1551 2211 1604 ΤΕ
2242 1547 2398 1604 ΚΑΘ⁹
2434 1545 2626 1600 ΗΜΑΣ
2659 1545 2781 1600 ΚΑΙ
2815 1543 2951 1598 ΤΩΝ
2982 1543 3305 1599 ΘΥΡΑΘΕΝ
3321 1577 3335 1593 .

1051 1854 1931 2060 ΜΑΧΙΜΙ
2061 1873 2627 2054 ΑΒΒΑ

1421 1885 1931 2060 ,ΧΙΜΙ
2061 1873 2997 2054 ABBATIS

1607 2174 2019 2233 PHILOSOPHI
2047 2174 2138 2231 ET
2173 2172 2530 2231 MARTYRIS

1224 2349 1806 2484 CAPITA
1902 2345 2918 2500 THEOLOGICA

1956 2606 2020 2650 ω
2056 2605 2170 2649 EST

536 2757 746 2822 SCITE
821 2756 1040 2820 DICTA
1119 2755 1372 2832 ATQUE
1440 2755 1748 2829 ELECTA,
1836 2754 1943 2816 EX
2007 2751 2383 2825 DIVERSIS,
2468 2748 2631 2811 TUM
2695 2747 3354 2825 CHRISTIANORUM,
3436 2749 3596 2812 TUM

591 2885 596 2890 ·
1615 2852 2156 2916 PROFANORUM
2211 2849 2484 2912 LIBRIS.

559 3157 734 3228 Χάριν
759 3158 1066 3232 παράσχου,
1098 3158 1325 3230 Χριστέ,
1347 3161 1462 3223 τοῖς
1490 3159 1644 3230 ἐμοῖς
1684 3159 1888 3223 πόνοις.
2039 3159 2085 3218 Α

2184 3153 2350 3226 528
2372 3151 2642 3218 Gratiam,
2682 3150 2928 3218 Christe,
2981 3149 3121 3207 meis
3165 3148 3352 3222 pmbe
3375 3151 3689 3231 laboribus.

877 3273 1015 3327 ΤΟΥ
1051 3273 1258 3327 ΑΓΙΟΥ
1294 3273 1574 3337 ΕΦΡΑΙΜ,

2595 3263 2841 3321 SANCTI
2878 3263 3203 3330 ΕΡΗΒᾹΞΜ,

443 3364 573 3432 Πῶς
612 3365 728 3435 χρὴ
773 3364 1227 3489 ἀναγινώσκαιὲν,
1257 3365 1297 3434 ἢ
1328 3364 1801 3436 ἀναγινώσκοντι
1830 3381 2018 3433 προσ-

1165 3451 1318 3504 χειν.

2117 3352 2385 3421 Quomodo
2445 3353 2631 3427 legere,
2695 3353 2777 3409 vel
2836 3356 3099 3477 ξιφιᾳαὶ
3165 3355 3287 3426 legit
3329 3357 3515 3411 audire
3567 3375 3693 3446 con-1

2811 3441 2840 3478 υ
2873 3441 2962 3478 ma
2995 3465 3008 3478 .

515 3526 683 3580 Ὅταν
708 3528 830 3589 ταῖς
867 3523 1041 3590 θείαις
1073 3525 1286 3590 Βίϐλοις
1315 3526 1687 3596 προπμιλεῖς,
1722 3527 1796 3598 μὴ
1829 3526 2015 3590 ἁπλῶς

2183 3526 2324 3582 Cum
2349 3527 2403 3582 in
2434 3527 2644 3582 divinis
2669 3527 2858 3583 Libris
2885 3528 3148 3593 versaris,
3196 3529 3310 3583 noli
3349 3529 3456 3585 hoc
3480 3537 3692 3584 tantum

442 3615 533 3670 ἐσο
574 3617 1122 3687 κατεσπουδασμένος
1161 3617 1467 3687 ἐπιτρέχων
1517 3619 1575 3684 ἐξ
1632 3617 1894 3687 ἐπιπολῆς
1921 3618 2014 3670 καὶ

2116 3631 2316 3672 curare
2342 3627 2402 3672 ut
2438 3618 2620 3672 levius
2645 3633 2960 3688 percurras,
2993 3627 3050 3673 et
3078 3634 3142 3672 ea
3162 3634 3284 3688 qua:
3316 3619 3524 3688 scripta
3543 3630 3692 3684 sunt,

441 3705 594 3760 διιὼν
626 3707 924 3779 παρέργως
948 3710 1018 3761 τὰ
1039 3707 1431 3779 γεγραμμένα·
1467 3707 1602 3762 ἀλλὰ
1629 3708 1732 3761 κᾶν
1760 3708 1868 3761 δέοι
1889 3707 2015 3759 πολ-

2120 3706 2298 3760 obiter
2319 3707 2712 3777 persequaris;
2748 3708 2846 3763 sed
2881 3708 2968 3762 vel
3030 3709 3076 3762 si
3111 3707 3333 3778 saepius,
3381 3709 3696 3780 iterumque

441 3799 618 3866 λάκις,
647 3801 738 3854 καὶ
767 3799 848 3864 δὶς
877 3801 973 3855 καὶ⁷
1004 3801 1126 3870 τρὶς
1159 3800 1222 3854 τὺ
1260 3801 1396 3854 αὐτὸ
1429 3798 1677 3854 ἐπελθεῖν
1723 3802 1804 3864 εἰς
1852 3800 2013 3872 ἀκρί-

2116 3813 2174 3852 ac
2194 3798 2362 3853 tertio
2390 3797 2640 3854 eamdem
2671 3815 2788 3856 rem
2815 3799 3096 3871 perlegere
3111 3815 3340 3857 necesse
3364 3801 3458 3867 sit,
3490 3809 3552 3858 ut
3574 3817 3692 3859 eam

401 3941 408 3946 .
441 3889 614 3957 σειαν,
648 3890 724 3963 μὴ
764 3892 1098 3963 παραιτήσῃ.
1147 3890 1293 3963 Πλὴν
1346 3890 1483 3946 ἀλλὰ
1511 3892 1603 3946 καὶ
1644 3890 1855 3962 μέλλων
1880 3891 1977 3944 ἀνα

2120 3888 2272 3957 plene
2291 3890 2630 3960 assequaris,
2655 3905 2726 3945 ne
2756 3905 2981 3946 recuses
3001 3891 3270 3946 laborem.
3307 3892 3452 3960 Quin
3481 3902 3540 3949 et
3569 3908 3696 3950 cum

439 3981 752 4049 γινώσκειν,
780 3983 813 4054 ἢ
845 3983 1274 4051 ἀναγινώσκοντι
1317 3983 1608 4054 προσέχειν
1661 3981 1854 4054 ἑτέρῳ,
1891 3982 2015 4053 δεή-

2121 3977 2326 4047 aliquid
2353 3978 2605 4034 lecturus
2631 3993 2712 4044 es,
2744 3987 2843 4033 aut
2896 3993 2965 4034 ex
3019 3979 3195 4036 altero
3228 3976 3697 4053 legente’auditu-

440 4071 563 4142 θητι
590 4072 859 4144 πρότερον
888 4072 982 4126 τοῦ
1015 4072 1172 4139 Θεοῦ,
1215 4091 1234 4124 ι
1263 4073 1458 4145 Κύριε,
1479 4072 1854 4145 λέγων,’1ησοῦ
1881 4075 2016 4144 Χρι-

2114 4081 2229 4131 rus,
2264 4067 2440 4122 Deum
2470 4068 2630 4139 prius
2679 4083 2908 4139 precare
2957 4069 3015 4124 in
3065 4070 3216 4126 hunc
3256 4071 3374 4126 fere
3423 4073 3690 4128 modum:

440 4163 557 4228 στὶ,
617 4162 882 4228 διάνοιξον
936 4165 1004 4219 τὰ
1047 4158 1162 4218 ὦτα
1217 4165 1314 4218 καὶ
1361 4164 1490 4228 τοὺς
1544 4164 1858 4236 ὀφθαλμοὺς
1913 4164 2016 4234 τῆς

2121 4177 2140 4210 ι
2170 4158 2348 4215 Aures
2377 4169 2435 4215 et
2469 4160 2664 4216 oculos
2704 4159 2891 4216 cordis
2937 4161 3067 4225 mei,
3111 4161 3343 4218 Domine
3371 4163 3500 4218 Iesu
3533 4163 3697 4236 529

439 4252 666 4324 καρδίας
702 4271 823 4326 μου,
851 4253 946 4308 τοῦ
975 4255 1206 4309 ἀκοῦσαι
1239 4253 1346 4309 τῶν
1375 4255 1551 4324 λόγων
1597 4271 1691 4310 σου
1723 4257 1820 4312 καὶ
1849 4259 2015 4311 συνεῖ-

2121 4247 2361 4315 Christe,
2395 4251 2572 4320 aperi,
2609 4260 2670 4305 ut
2693 4250 2912 4305 audiam
2936 4264 3222 4308 sermones
3252 4261 3378 4308 tuos
3408 4263 3465 4308 et
3494 4253 3697 4309 intelli-

437 4362 549 4408 ναι,
582 4345 760 4399 καὶτὸ
790 4345 1002 4417 Θέλημά
1031 4362 1125 4399 σου
1155 4346 1402 4416 ποιῆσαι.
1429 4346 1728 4416 Πάροικος
1758 4346 1874 4417 ἐγώ
1897 4349 2013 4414 ειμι

2120 4352 2258 4409 gam,
2292 4348 2553 4410 tuamque
2579 4340 2922 4396 voluntatem
2947 4341 3144 4396 faciam
3178 4359 3190 4396 :
3221 4343 3439 4399 Adoena
3458 4359 3552 4414 ego
3578 4362 3696 4400 sunt

436 4431 509 4486 ἐν
533 4431 608 4501 τῇ
643 4432 739 4503 τῇ,
778 4433 864 4503 μὴ
902 4434 1263 4503 ἁποκρύψῃς
1304 4433 1407 4489 ἀπ’
1438 4433 1586 4504 ἐμοῦ
1617 4435 1722 4501 τὰς
1760 4435 2012 4502 ἐντολάς

2120 4427 2171 4481 in
2203 4437 2369 4496 terra,
2399 4446 2503 4484 non
2531 4430 2818 4486 abscondas
2863 4449 2894 4485 a
2926 4448 3008 4486 me
3060 4435 3317 4490 mandata
3356 4442 3470 4488 tua.
3505 4434 3696 4492 Revela

437 4537 577 4575 σου.
620 4501 1218 4591 Ἄποιιάλυψονίτοῦς
1245 4501 1590 4591 ὀφθαλμούς
1610 4541 1751 4592 μου,
1783 4524 1882 4577 καὶ
1907 4501 2011 4578 xa-

2120 4519 2292 4575 oculos
2367 4538 2508 4576 meo:
2533 4564 2548 4589 ,
2622 4532 2670 4577 et
2727 4524 3064 4578 considerabo
3134 4524 3400 4578 mirabilia
3461 4526 3524 4578 de
3587 4526 3696 4596 lege

436 4613 716 4682 τανοήσω
752 4615 824 4668 τὰ
847 4613 1148 4684 θαυμάσια
1168 4613 1237 4667 ἐκ
1267 4614 1371 4668 τοῦ
1399 4617 1586 4686 νόμου
1614 4630 1750 4671 σου.
1779 4635 1798 4668 ι
2121 4619 2213 4666 tua
2235 4625 2281 4666 ⁸.
2309 4631 2326 4664 ι

1043 4793 1058 4824 ¹
1077 4793 1297 4846 ΛΟΓΟΣ
1328 4793 1409 4850 A'.

2753 4811 2984 4867 SERMO
3013 4812 3053 4866 Ι.

753 4883 893 4952 Περὶ
918 4884 1064 4948 ,ϐίου
1091 4884 1304 4954 ἀρετῆς
1331 4886 1431 4941 καὶ
1468 4889 1698 4956 κακίας.
2239 4897 2316 4952 De

2239 4897 2316 4952 De
2349 4916 2412 4953 ea
2448 4917 2564 4971 qua
2591 4903 2782 4956 virtute
2825 4919 2887 4956 ac
2913 4894 3039 4956 vitio
3070 4902 3418 4972 transigatur,
3448 4901 3577 4954 vita.

506 4971 912 5066 Σολομῶντος.
935 5005 1005 5015 —
1045 4974 1272 5046 Ἀρετῆς
1297 4977 1396 5046 μὲν
1433 4982 1659 5049 σημεῖον
1691 4980 1842 5035 οὐδὲν
1893 4981 2013 5054 ἐχο-

2189 4987 2319 5060 Sap.
2356 5006 2411 5045 v.
2450 4992 2537 5047 l3.
2560 5023 2631 5033 —
2666 4993 2902 5049 Virtutis
2934 4991 3160 5063 quidem
3204 4971 3422 5063 signum
3474 4992 3689 5066 nullum

440 5076 539 5131 μεν
589 5061 760 5127 δεῖξαι
795 5063 869 5134 (ο)
895 5078 910 5093 °
946 5063 1005 5116 ἐν
1049 5064 1108 5118 δὲ
1154 5067 1220 5136 τῇ
1274 5067 1444 5138 κακίᾳ
1485 5067 1646 5140 ήμῶν
1701 5070 2014 5125 κατεδαπα-

2120 5083 2367 5138 valemus
2409 5085 2745 5142 ostendere:
2780 5085 2838 5140 in
2891 5061 3234 5154 malignitate
3261 5061 3462 5140 autem
3499 5064 3693 5140 nostra

435 5157 571 5226 νήθη
579 5174 699 5228 μεν.

2119 5171 2430 5242 consumpti
2468 5187 2680 5228 sumus.

504 5281 530 5311 ι
562 5270 704 5325 Psal.
735 5286 918 5338 cxvm,
961 5273 1054 5342 l9,
1083 5274 1177 5331 18.
1213 5341 1216 5344 ἢ

505 5389 522 5422 ⁸
554 5389 614 5444 In
646 5388 812 5446 Gesn.
846 5390 1062 5450 Stobaeo
1097 5395 1182 5449 ll.
1963 5469 2172 5528 Non”;

507 5571 584 5641 (α)
616 5575 997 5652 θύῃ-ἔχομεν
1037 5577 1246 5643 δεῖξαι.
1277 5579 1434 5652 Vulg.
1466 5581 1671 5652 aliique
1702 5583 2004 5652 prazterito,
2103 5595 2268 5649 quam
2309 5581 2453 5650 quod
2507 5582 2581 5635 illi
2607 5621 2620 5644 ,
2675 5582 2958 5636 valuimus.
3012 5582 3106 5640 Est
3143 5586 3286 5641 enim
3319 5602 3382 5642 ac
3414 5589 3457 5643 si
3509 5587 3678 5652 dicat,

433 5645 658 5729 ipseque
707 5643 843 5700 Sixt;
884 5643 1133 5729 interpr.-
1155 5664 1278 5702 cum
1329 5643 1448 5718 ejus
1491 5643 1676 5729 Graeca
1703 5643 2009 5729 'prmsemig
2103 5643 2262 5729 l‘liilla
2297 5643 2348 5708 in
2383 5653 2540 5706 nobis
2565 5643 2789 5729 exstant
2829 5654 3048 5729 virtutis
3072 5657 3330 5725 insignia,
3356 5660 3450 5729 qui
3482 5659 3535 5713 iu
3568 5643 3677 5710 tua;

433 5717 565 5779 sint,
596 5721 654 5767 ut
697 5724 751 5768 et
792 5724 1015 5772 nostra:
1049 5717 1371 5788 videturque
1406 5722 1585 5789 aptius
1633 5717 2007 5794 inculcatas,
2107 5721 2222 5778 lilia
2254 5731 2445 5784 nostra
2486 5723 2584 5776 toti
2617 5722 2942 5794 consumpti
2973 5739 3184 5780 sumus.
