3978 6168
301 238 447 310 ,723

1486 245 1547 307 S.
1592 246 1879 309 MAXIMI
1919 246 2430 314 CONFESSQRIS

3501 254 3597 316 794

413 350 569 405 Prov.
599 366 635 414 r,
666 349 753 413 10,
786 348 873 414 15,
899 350 987 403 16.
1014 350 1177 404 -Νε
1207 360 1258 406 te
1293 353 1564 408 seducant
1610 353 1718 409 viri
1746 356 1922 425 impii,

2111 362 2222 418 Τοῦ
2244 365 2451 418 αὐτοῦ.
2472 394 2538 405 —-
2554 363 2645 432 Μή
2688 379 2746 415 σε
2786 361 3135 431 πλανήσωσιν
3157 359 3348 432 ἄνδρες
3374 361 3594 429 ἀσεϐεῖς,

340 458 521 514 neque
572 440 826 497 ambules
878 440 935 495 in
983 440 1072 495 via
1128 457 1257 498 cum
1308 445 1432 511 eis;
1491 447 1710 503 declina
1739 458 1928 505 autem

338 536 539 605 pedem
566 543 720 589 tuum
749 548 780 588 a
810 534 1025 589 semitis
1049 549 1245 591 eorum
1278 555 1290 590 :
1322 539 1492 607 pedes
1524 541 1676 596 enim
1703 542 1928 597 illorum

339 625 397 679 in
424 625 632 679 malum
661 632 922 678 currunt.

409 713 570 768 Prov.
610 730 727 780 xm,
766 714 1069 783 l5.—-Qui
1093 719 1405 776 contemnit
1440 722 1749 794 negotium,
1787 740 1926 781 con-

338 813 621 861 temnetur
643 805 714 861 ab
748 821 837 862 eo.

410 895 570 952 Prov.
604 915 657 963 ι,
692 898 783 954 26.
818 928 889 939 -
927 898 1086 955 Sicut
1107 916 1213 956 uva
1235 902 1435 957 acerba
1470 904 1732 963 dentibus
1761 909 1926 965 noxia

339 999 448 1056 est,
476 1001 533 1047 et
563 991 751 1048 fumus
791 992 1000 1059 oculis;
1065 994 1148 1050 sic
1198 994 1547 1066 improbitas,
1585 1000 1694 1067 his,
1737 1002 1832 1072 qui
1859 1018 1924 1057 ea

339 1090 595 1138 utuntur.

411 1174 580 1230 Eccli.
641 1191 809 1241 xxvu,
832 1175 924 1232 '50.
959 1206 1031 1218 -—-
1055 1176 1159 1243 Qui
1213 1177 1347 1235 facit
1404 1182 1568 1248 mala,
1595 1198 1764 1254 super
1792 1200 1920 1241 eum

336 1269 683 1349 volventuri
744 1278 801 1324 et
863 1284 978 1324 non
1041 1279 1343 1341 cognoscet
1406 1274 1554 1328 unde
1624 1276 1922 1333 adveniant

338 1361 470 1417 sibi.

407 1451 615 1507 Basilii.
636 1482 707 1492 —
725 1452 876 1509 Inter
908 1467 972 1509 ea
1003 1468 1128 1525 quae
1156 1453 1458 1522 habentur,
1483 1455 1602 1512 sola
1622 1458 1804 1514 virtus
1832 1468 1917 1515 est

338 1546 498 1615 cujus
525 1544 731 1600 auferri
764 1546 1044 1614 possessio
1071 1561 1183 1601 non
1218 1546 1417 1616 possit.

405 1636 644 1691 Virtutis
669 1637 873 1701 cultus,
929 1637 1194 1706 praeclara
1243 1638 1469 1708 quidem
1515 1638 1743 1695 habenti
1781 1656 1912 1711 pos-
1952 1670 1993 1724 Β

338 1727 546 1793 sessio;
570 1726 668 1783 sed
697 1743 820 1797 qua:
850 1727 991 1798 ipsa,
1031 1729 1087 1783 in
1115 1743 1245 1784 eum
1293 1730 1692 1797 incidentibus,
1712 1734 1919 1804 jucun-

338 1815 631 1871 dissimum
665 1818 1042 1887 spectaculum
1078 1819 1347 1889 praebeat.

407 1906 885 1973 Quemadmodum
946 1908 1095 1965 enim
1162 1908 1277 1980 igni
1330 1911 1481 1966 ultro
1530 1926 1719 1969 comes
1755 1920 1922 1967 estut

337 1999 642 2064 illuminet,
674 2008 734 2056 et
759 2008 1047 2071 unguento
1072 2009 1135 2056 ut
1153 2000 1343 2056 odoris
1370 2001 1729 2073 fragrantiam
1762 2019 1919 2074 spar-

338 2099 468 2165 gat;
494 2091 575 2147 sic
606 2092 770 2148 bonis
798 2094 1019 2150 actibus
1041 2095 1362 2152 necessario
1389 2096 1565 2153 haeret
1595 2107 1656 2153 ut
1676 2112 1924 2154 commo-

339 2186 473 2241 dum
505 2184 761 2240 aﬂerant.

409 2274 489 2332 Ea
517 2291 640 2345 quae
670 2274 834 2330 ofﬁcii
871 2284 1003 2330 sunt
1036 2277 1361 2347 capessendi
1396 2278 1618 2337 initium
1665 2288 1773 2346 est,
1802 2288 1860 2335 ut
1891 2296 1921 2335 a

341 2366 503 2422 malis
553 2366 802 2421 recedas.
851 2352 1183 2423 Ait'enim:
1225 2368 1451 2426 Declina
1501 2387 1535 2424 a
1565 2371 1731 2439 malq,
1763 2382 1811 2426 et
1837 2373 1921 2442 [ac

341 2456 536 2512 bonum
560 2456 728 2529 (Psal.
757 2474 940 2524 xxxvr,
974 2459 1090 2531 27).

413 2534 595 2606 ΤΙιεοί.
623 2561 765 2605 orat.
797 2567 835 2617 ι,
862 2568 915 2622 p.
944 2552 998 2613 6,
1025 2560 1075 2606 et
1102 2568 1210 2618 xw,
1252 2570 1306 2623 p.
1340 2553 1469 2608 217.
1492 2585 1563 2594 —-
1589 2555 1699 2610 Res
1722 2563 1923 2610 natura

341 2642 609 2713 proclivis
636 2643 859 2708 vitium,
905 2643 1300 2716 incitatiorque
1346 2646 1403 2699 in
1435 2646 1681 2701 deterius
1705 2663 1919 2713 cursus,

343 2750 511 2806 quam
539 2734 588 2789 si
623 2744 845 2789 torrens
865 2750 965 2805 per
986 2751 1159 2805 prona
1183 2746 1331 2801 ruat,
1355 2738 1441 2792 vel
1474 2739 1676 2808 stipula
1703 2740 1923 2796 admota

342 2826 603 2882 scintilla:
643 2826 905 2897 ventique
959 2826 1093 2883 ﬂatu
1142 2828 1303 2884 facile
1348 2831 1688 2886 accendatur
1754 2833 1923 2903 inque

341 2917 622 2973 ﬂammam
673 2926 951 2989 erumpat,
1022 2935 1244 2991 unaque
1292 2937 1421 2977 cum
1483 2938 1581 2977 sua
1606 2925 1762 2993 prole
1792 2941 1926 2980 con-

286 3050 297 3055 -
341 3019 563 3081 sumpta
587 3010 844 3069 intereat.
1947 3034 1991 3091 ο

411 3105 570 3162 Haud
598 3105 761 3161 facile
784 3106 1127 3173 inveniatur,
1160 3123 1283 3178 qua:
1326 3108 1504 3165 virtus
1540 3109 1767 3180 reliquis
1801 3125 1919 3166 om-

342 3196 510 3251 nibus
530 3203 777 3266 prmstet,
814 3205 873 3252 et
906 3197 996 3252 cui
1034 3199 1244 3268 primas
1294 3214 1359 3254 ac
1392 3200 1643 3255 victoriae
1692 3201 1917 3271 praemia

338 3288 464 3359 jure
494 3287 777 3354 ascribas;
811 3288 1281 3358 quemadmodum
1312 3306 1418 3345 nec
1452 3291 1506 3345 in
1544 3300 1724 3361 prato,
1763 3292 1918 3346 vario

342 3376 543 3433 ﬂorum
563 3384 764 3433 ornatu
780 3378 1111 3444 convestito,
1140 3394 1318 3450 eoque
1353 3381 1579 3436 suavius
1613 3381 1913 3453 fragrante,
1952 3372 1955 3375 “

342 3470 786 3541 pulcherrimum
831 3471 1398 3543 odoratissimumque
1427 3473 1619 3530 ﬂorem
1649 3476 1916 3546 reperias,

342 3561 476 3617 dum
507 3562 650 3616 alius
669 3561 781 3616 alio
807 3561 877 3616 ad
922 3577 983 3617 se
1003 3562 1265 3618 olfactum
1296 3574 1695 3636 aspectumque
1726 3567 1917 3632 trahit,

341 3652 650 3723 suadetque
677 3663 740 3708 ut
762 3654 1013 3710 omnium
1048 3656 1260 3725 primus
1288 3656 1405 3727 ipse
1434 3657 1672 3728 legatur.

412 3745 681 3817 Chrysost.
713 3777 783 3788 —
829 3748 973 3803 Rara
1023 3749 1313 3820 arduaque
1342 3760 1429 3807 est
1476 3753 1611 3809 boni
1674 3755 1920 3826 adeptio,

341 3837 446 3893 etsi
474 3837 636 3909 530
685 3855 798 3895 non
821 3840 978 3896 deest
1017 3842 1167 3912 quod
1202 3842 1259 3896 in
1309 3843 1445 3899 illud
1490 3847 1642 3916 gravi
1674 3848 1921 3917 pondere

344 3928 530 3985 trahat
555 3935 622 3986 ac
655 3940 939 3999 provocet.

412 4020 606 4075 Virtus
653 4022 911 4077 mercede
952 4031 1067 4077 non
1113 4025 1318 4094 agitur,
1365 4034 1426 4080 ut
1467 4035 1524 4081 et
1572 4028 1752 4083 virtus
1798 4044 1921 4087 esse

345 4119 558 4182 pergat,
579 4126 703 4181 quae
728 4112 904 4167 solam
936 4112 1283 4170 honestatem
1318 4118 1601 4187 respiciat.

412 4200 665 4256 Nominis
681 4202 988 4258 claritatem
1010 4206 1155 4274 parit
1170 4206 1375 4263 nedum
1396 4211 1677 4281 egregium
1699 4212 1922 4270 virtutis

2036 456 2171 527 μηδὲ
2196 456 2469 529 πορευθῇς
2493 457 2551 510 ὲν
2588 455 2692 525 ὁδῷ
2732 454 2850 525 μετ’
2885 451 3099 507 αὐτῶν·
3139 452 3383 507 ἕκκλινον
3419 454 3472 508 δὲ
3511 455 3595 509 τὸν

2031 549 2169 603 πόδα
2227 567 2321 603 σου
2376 549 2485 603 ἀπὸ
2530 548 2639 602 τῶν
2700 546 2905 616 τρίϐων
2938 544 3151 599 αὐτῶν·
3223 545 3274 599 οί
3308 545 3413 616 γὰρ
3449 547 3594 611 πόδες

2029 642 2212 697 αὐτῶν
2237 641 2312 711 (b)
2332 642 2413 703 είς
2437 640 2636 695 κακίαν
2666 638 2973 712 τρέχουσιν.

2103 733 2216 793 Τοῦ
2248 732 2459 789 αὑτοῦ.
2486 762 2558 772 --
2590 732 2686 795 ’ος
2715 729 3054 802 καταφρονεῖ
3074 729 3416 803 πράγματος,
3438 747 3590 785 κατα-

2030 826 2432 898 φρονηθήσεται
2456 825 2526 898 (c)
2566 824 2658 878 ὑπ’
2684 822 2874 899 αὑτοῦ.

2101 918 2213 975 Τοῦ
2236 916 2443 972 αὐτοῦ.
2483 946 2554 958 ——
2579 916 2789 987 Ὠσπερ
2810 914 2992 985 όμφαε
3013 912 3194 968 ὀδοῦσι
3224 912 3469 984 βλαϐερὸν
3495 913 3580 966 καὶ
3601 922 3610 939 '

2025 1007 2232 1073 καπνὸς
2280 1007 2547 1078 ὄμμασιν,
2613 1003 2757 1059 οὕτω
2787 1004 3102 1077 παρανομία
3150 1006 3263 1066 τοῖς
3305 1002 3579 1073 χρωμένοις

2024 1104 2185 1158 αὐτῆ.

2057 1106 2292 1273 ἓῖἓάχλ,
2313 1223 2373 1233 -
2387 1193 2450 1246 '0
2477 1190 2651 1245 ποιῶν
2674 1206 2812 1260 πονη
2822 1188 2912 1261 ρὰ,
2933 1188 3012 1253 είς
3030 1187 3198 1243 αὐτὸν
3223 1186 3587 1258 κυλισθήσεται

2024 1284 2125 1356 (d),
2154 1285 2250 1339 καὶ
2287 1285 2348 1338 οὐ
2380 1283 2455 1355 μὴ
2486 1282 2693 1354 ἐπιγνῷ
2724 1280 2884 1336 πόθεν
2910 1280 3038 1352 ἥκει
3074 1280 3247 1352 αὐτῷ.

2087 1464 2435 1523 Βασιλείου.
2460 1492 2531 1505 -
2554 1462 2706 1532 Μόνη
2736 1459 3036 1532 κτημάτων
3074 1462 3108 1531 ἠ
3149 1459 3321 1531 ἁρετὴ
3376 1457 3595 1529 άναφσί-

2020 1577 2333 1721 ρεῖῗρετῆς
2378 1649 2632 1718 ἄσκησις,
2672 1644 2856 1716 τίμιον
2903 1642 3002 1714 μὲν
3047 1643 3235 1713 κτῆμα
3273 1640 3355 1712 τῷ
3386 1642 3590 1713 ἔχοντι*

2022 1736 2243 1810 ἥδιστον
2271 1738 2327 1793 δὲ
2354 1738 2532 1809 θέαμα
2553 1739 2666 1800 τοῖς
2689 1734 3129 1806 ἐντυγχάνουσιν.

2098 1922 2310 1993 Ὠσπερ
2360 1919 2468 1990 γὰρ
2492 1917 2569 1990 τῷ
2594 1918 2726 1991 πυρὶ
2754 1917 3077 1987 αὐτομάτως
3100 1917 3294 1969 ἕπεται
3329 1915 3393 1968 τὸ
3436 1912 3599 1983 φωτί-

2027 2014 2163 2078 ζειν,
2201 2014 2295 2066 καὶ
2322 2009 2399 2081 τῷ
2427 2009 2584 2080 μύρῳ
2618 2009 2680 2062 τὸ
2712 2008 2931 2061 εὐωδεϊν
2954 2023 2967 2036 ·
3002 2006 3144 2059 οὕτω
3173 2005 3269 2059 καὶ
3327 2008 3449 2066 ταῖς
3472 2006 3601 2071 ἀγα-

2027 2106 2146 2171 θαῖς
2170 2103 2434 2176 πράξεσιν
2457 2101 2773 2170 ἀναγκαίως
2795 2098 3081 2153 ἀκολουθεί
3116 2098 3179 2151 τδ
3205 2096 3505 2168 ὠφέλιμον.

2109 2308 2277 2381 ’Ἀρχὴ
2305 2306 2443 2375 πρὸς
2470 2304 2569 2377 τὴν
2605 2299 2870 2369 ἀνάληψιν
2896 2297 3003 2352 τῶν
3042 2295 3279 2366 καλῶνή
3321 2294 3607 2365 ἀναχώρηδ

2027 2421 2112 2467 σις
2132 2403 2241 2457 τῶν
2271 2399 2479 2455 κακῶν.
2518 2397 2838 2449 Ἐκιιιγον
2867 2390 2997 2463 γάρ,
3032 2388 3218 2459 φησὶν,
3245 2383 3371 2442 duo
3398 2382 3604 2449 κακοῦ,

2026 2493 2128 2550 καὶ
2148 2492 2416 2560 ποίησον
2434 2489 2681 2557 ἀγαθόν.
3497 2543 3507 2551 1

2099 2582 2415 2651 Θεολόγου.
2443 2609 2515 2618 —
2540 2576 2705 2630 Φύσει
2730 2573 3017 2644 πρόχειρον
3040 2569 3074 2641 ἡ
3105 2567 3292 2633 κακία,
3322 2567 3421 2621 καὶ
3445 2563 3613 2627 πολὺς·

2027 2676 2122 2730 ἐπὶ
2157 2674 2218 2729 τὸ
2282 2675 2462 2746 χεῖρον
2517 2672 2545 2723 ό
2590 2668 2809 2738 δρόμος,
2855 2663 2888 2734 ἢ
2924 2661 3050 2734 ῥοῦς
3091 2660 3161 2730 (e)
3194 2659 3338 2712 κατὰ
3372 2654 3608 2728 πρανοῦς

2031 2766 2188 2834 ῥέων,
2238 2763 2273 2834 ἢ
2300 2759 2522 2829 καλάμη
2550 2774 2633 2820 τις
2670 2756 2806 2826 πρὸς
2838 2749 3111 2820 σπινθῆρα
3149 2748 3245 2802 καὶ
3272 2747 3479 2817 ἄνεμον
3511 2747 3608 2815 ῥα-

2028 2858 2156 2920 δίως
2189 2852 2531 2923 ὲξαπτομένη
2559 2848 2653 2902 καὶ
2683 2844 2940 2916 γινομένη
2977 2841 3129 2913 φλὸξ,
3195 2840 3289 2894 καὶ
3338 2838 3615 2893 συνδαπα-

2028 2950 2247 3021 νωμένη
2270 2948 2348 3016 τῷ
2378 2944 2564 3013 οἰκείῳ
2598 2940 2916 3011 γεννήματι.

2089 3129 2166 3182 Οὐ
2193 3127 2334 3182 πάνυ
2360 3142 2410 3177 τι
2455 3122 2635 3195 ῥᾴδιόν
2655 3122 2773 3174 ἐστι
2808 3118 2918 3173 τῶν
2971 3114 3181 3188 ἀρετῶν
3228 3112 3327 3183 τὴν
3364 3111 3619 3167 νικῶσαν

2017 3223 2220 3293 εὑρεῖν.
2259 3216 2550 3287 καὶταύτῃ
2574 3213 2758 3268 δοῦναι
2800 3212 2869 3266 τά
2903 3209 3169 3282 πρεσϐεῖα
3215 3207 3310 3261 καὶ
3351 3206 3435 3259 τά
3467 3219 3616 3273 νικη-

2017 3317 2183 3387 τήρια
2216 3331 2230 3346 ·
2264 3312 2454 3381 ὥσπερ
2480 3309 2602 3364 οὐδὲ
2629 3311 2688 3363 ὲν
2710 3305 2935 3377 λειμῶνι
2966 3301 3261 3357 πολυανθεῖ
3301 3299 3409 3353 έιαὶ
3429 3296 3617 3352 εὐώδει

2018 3410 2125 3462 τῶν
2168 3405 2374 3460 ἀνθέων
2420 3403 2482 3456 τὸ
2533 3400 2821 3454 κάλλιστον
2872 3395 2969 3450 καὶ
2997 3392 3393 3455 εὐωδέστατον,
3428 3387 3616 3444 ἄλλοτε

2019 3500 2179 3555 ἄλλου
2210 3498 2308 3568 τὴν
2333 3496 2601 3565 ὄσφρησιν
2618 3493 2713 3544 καὶ
2732 3488 2831 3559 τὴν
2857 3486 2981 3556 (ψιν
3017 3484 3154 3556 πρὸς
3184 3480 3347 3535 ἑαυτὸ
3422 3477 3612 3552 μεθέλ-

2020 3607 2229 3654 κοντος,
2256 3588 2349 3642 καὶ
2370 3586 2587 3657 πρῶτον
2619 3580 2914 3655 δρέπεσθαι
2942 3577 3241 3638 πείθοντος.

2091 3774 2486 3840 Χρυσοστι-
2529 3766 2762 3820 Σπάνιον
2809 3764 2843 3834 ἠ
2889 3761 2985 3815 τοῦ
3034 3757 3243 3829 ἀγαθοῦ
3283 3756 3494 3827 κτῆσις
3519 3755 3615 3808 καὶ

2021 3863 2343 3934 πρόσαντες,
2387 3858 2493 3914 κᾶν
2522 3859 2572 3911 εί
2601 3855 2736 3910 πολὺ
2760 3854 2822 3908 τὸ
2845 3852 3107 3924 μεθέλκον
3136 3849 3224 3921 εἴη
3254 3848 3349 3902 καὶ
3402 3864 3613 3917 προκαο

2020 3954 2114 4009 λού
2123 3970 2302 4023 μενον.

2091 4044 2357 4115 Ἀμισθος
2399 4044 2433 4112 ἠ
2472 4039 2666 4112 ἀρετὴ,
2709 4038 2800 4091 ἵνα
2838 4035 2934 4089 καὶ
2975 4030 3147 4106 ἀρετὴ
3173 4030 3356 4102 μείνῃ,
3385 4027 3527 4101 πρὸς
3552 4026 3614 4079 τὸ

2022 4137 2185 4191 καλὸν
2218 4135 2377 4205 μόνον
2404 4132 2698 4203 βλέπουσα.

2092 4228 2244 4280 Ποιεῖ
2265 4223 2622 4294 περιϐοήτους
2650 4222 2710 4274 οὒ
2738 4219 2890 4285 δεξιὰ
2915 4217 3113 4290 πρᾶξις
3134 4217 3320 4289 μόνον,
3349 4215 3493 4270 ἀλλὰ
3517 4214 3611 4267 καὶ

345 4292 586 4357 facinus,
619 4308 815 4349 verum
841 4295 1010 4350 etiam
1037 4299 1319 4355 excellens
1354 4301 1566 4357 malitia
1610 4303 1920 4374 improbam

2048 4314 2192 4371 ιακία
2213 4292 2417 4368 νικῶσα
2441 4292 2684 4383 πονηράν
2710 4310 3081 4382 εὐδοκίμησιν.

343 4383 455 4440 sibi
490 4382 695 4439 famam
720 4387 961 4442 celebris
991 4387 1121 4444 fuco
1149 4390 1331 4447 laudis
1353 4394 1653 4449 contrahit.
1952 4378 1996 4431 Ῑ)

415 4473 562 4531 Fieri
584 4492 695 4532 non
726 4487 911 4549 potest
936 4487 996 4534 ut
1020 4481 1114 4550 qui
1146 4482 1339 4537 virtuti
1372 4484 1713 4554 diligentiam
1734 4487 1923 4553 habet,

342 4581 454 4620 non
489 4568 695 4624 multos
717 4569 1077 4625 adversantes
1104 4572 1324 4628 habeat.
1370 4574 1517 4628 Nihil
1552 4584 1732 4630 tamen
1765 4577 1819 4630 id
1852 4578 1920 4631 ad

342 4658 567 4715 virtutis
591 4660 887 4727 cultorem,
931 4662 1029 4732 qui
1056 4663 1145 4719 bis
1178 4664 1342 4734 longe
1391 4665 1595 4719 clarior
1651 4682 1924 4724 evasurus

342 4751 436 4804 sit.

412 4839 567 4897 Multi
620 4842 768 4899 haud
826 4857 952 4898 raro
1002 4842 1257 4899 laborum
1292 4845 1454 4901 taedio
1484 4846 1632 4917 ipsas
1664 4864 1792 4906 cum
1826 4869 1913 4908 re-

2094 4494 2208 4547 Οὐκ
2247 4490 2363 4543 ἔστι
2406 4489 2497 4543 τὸν
2522 4487 2727 4559 ἀρετῆς
2758 4484 3206 4556 ἐπιμελούμενον,
3260 4481 3336 4553 μὴ
3374 4481 3611 4544 πολλοὺς

2022 4585 2167 4654 ἔχειν
2189 4580 2415 4653 ἐχθρούς
2436 4596 2451 4611 ’
2481 4578 2611 4633 ἀλλ’
2643 4576 2799 4631 οὐδὲν
2837 4576 2998 4630 τοῦτο
3032 4575 3173 4646 πρὸς
3199 4574 3290 4628 τὸν
3310 4574 3571 4643 ἐνάρετον
3588 4587 3605 4603 ’

2018 4673 2106 4727 διὰ
2138 4673 2246 4742 γὰρ
2275 4672 2382 4724 τῶν
2429 4668 2686 4723 τοιούτων
2713 4665 3093 4737 λαμπρότερος
3130 4665 3281 4755 ἔσται
3316 4661 3608 4734 μειζόνως.

2091 4853 2285 4906 Πολλοὶ
2354 4849 2616 4912 πολλάκις
2677 4847 2849 4910 αὐτάς
2905 4846 3005 4910 τὰς
3064 4845 3268 4917 ἀρετὰς
3330 4844 3419 4897 διὰ
3477 4846 3614 4907 τοὺς

1832 4990 2066 5046 NOTAE.

411 5075 482 5156 (ό)
517 5077 581 5156 ρί
610 5076 731 5156 ,πὰρ
778 5078 959 5156 πόᾷες
991 5079 1208 5156 anniti».
1247 5080 1345 5156 _Sic
1386 5090 1442 5136 et
1484 5082 1642 5154 Vulg.
1692 5084 1915 5156 aliique,

341 5142 479 5199 Sitit.
509 5145 824 5202 desiderant
856 5149 1004 5203 hunc
1027 5150 1378 5204 versiculum.

412 5214 480 5283 (c)
513 5218 1158 5295 Karagporqﬂfios_ta_t_._
1185 5218 1370 5274 Schol.
1406 5221 1912 5295 καταφθαρήσεται·

339 5294 722 5354 corrumpetur,
760 5287 945 5354 peribit
981 5289 1050 5342 ab
1085 5289 1211 5343 illis.

412 5353 487 5422 (ά)
520 5357 641 5425 ,Εἰς
679 5353 868 5408 αὐτὸν
907 5359 1364 5425 κυλισθήσεται.
1408 5360 1499 5416 Sic
1545 5363 1727 5417 omnia
1777 5363 1917 5419 Bibl.

340 5436 443 5502 pec
478 5424 644 5502 aliter
672 5424 867 5492 legerit
902 5425 1062 5490 Mam,
1098 5424 1203 5481 nisi
1235 5430 1603 5502 etiam,_quod
1634 5441 1690 5486 et
1715 5434 1916 5502 aptius.

340 5492 812 5569 §T_x01t60ﬁ'3$tat.
839 5509 942 5569 pro
967 5511 1077 5564 quo
1093 5512 1295 5569 _errore
1336 5492 1803 5569 ὲγκλέισθήσεται,
1831 5492 1918 5557 ni;

342 5561 417 5638 hil
448 5573 573 5640 apta
609 5578 765 5640 voce.
792 5561 1317 5640 admetaphoram,
1339 5561 1440 5624 eisi
1490 5561 1655 5625 Gesn.
1699 5561 1914 5639 glutiit';

344 5631 457 5685 sive
481 5631 601 5700 ejus
630 5630 847 5685 Maximi
875 5630 1102 5703 interpr.
1128 5636 1413 5706 Ribittius,
1447 5641 1602 5711 cujus
1629 5630 1913 5713 religione,

2022 5086 2158 5139 nihil
2194 5085 2248 5139 in
2283 5099 2347 5139 ea
2391 5083 2566 5153 ipsius
2606 5081 2861 5136 versione
2891 5088 3191 5153 mutasse,
3216 5076 3499 5147 prmfando
3529 5080 3613 5153 ad

2019 5154 2290 5227 Dlelissatn
2323 5148 2487 5227 atque
2517 5153 2814 5227 Maximum
2854 5151 2951 5204 ait.
2996 5148 3313 5227 Metapbora
3342 5155 3493 5227 esca
3527 5150 3613 5201 la—

2018 5224 2166 5293 pide,
2197 5224 2290 5293 qui
2329 5221 2461 5276 dum
2498 5229 2774 5293 movetur,
2800 5221 2857 5274 in
2884 5234 3021 5274 eum
3040 5221 3327 5273 evolvatur
3351 5221 3449 5286 qui
3481 5233 3611 5271 mu-

2019 5291 2742 5367 vet,‘ipsumque_elic_lat._
2831 5357 2865 5367 Α
3106 5355 3137 5367 γ’
3221 5356 3233 5367 _

2090 5352 2159 5433 (ἐ)
2193 5352 2299 5433 kat
2328 5352 2524 5433 πολὺς
2566 5362 2603 5427 ἢ
2627 5359 2799 5433 ῥοῦς.
2825 5355 3267 5433 comparationis
3294 5355 3402 5410 vim
3430 5352 3612 5433 liabet

2017 5426 2360 5495 γοίπολύς,
2393 5431 2544 5484 velut
2586 5426 2753 5484 etiam
2788 5427 2949 5482 nobis
2981 5426 3260 5489 excellens,
3291 5431 3559 5495 primum
3590 5440 3611 5477 :

2019 5503 2270 5577 nihilque
2289 5492 2411 5570 apta
2438 5501 2603 5577 Gesn.
2631 5501 3192 5577 coniecturanutpro
3220 5492 3609 5577 mlegetidurn

2019 5574 2085 5626 sit
2113 5566 2207 5634 (δέ.
2240 5566 2599 5638 Prosequitur
2637 5566 2753 5624 haec
2783 5567 2943 5638 Greg.
2983 5566 3120 5623 locis
3154 5566 3385 5638 margini
3417 5566 3606 5620 ascri-

2016 5646 2145 5713 ptis,
2184 5641 2286 5698 etsi
2315 5642 2476 5711 paulo
2510 5640 2630 5696 aliis
2663 5638 2864 5697 verbis.
3177 5661 3183 5669 ν
