3992 6192
380 284 487 350 725

1676 290 1846 352 LOCI
1889 292 2326 352 COMMUNES.

3541 286 3649 347 7‘26

379 394 584 457 πόνους
598 392 913 463 φεύγοντες,
934 390 1025 447 διά
1052 392 1152 464 τὴν
1176 394 1234 462 ἐξ
1255 392 1435 449 αὐτῶν
1459 392 1735 466 εὐφημίαν
1747 395 1963 471 αἱροῦν-

2114 407 2271 458 )uant
2294 396 2560 461 virtutes,
2582 392 2825 450 nominis
2855 393 3134 458 claritate,
3173 407 3340 465 quam
3363 403 3647 463 praestant,

380 500 469 538 ται
495 488 692 539 ποιεῖν.

454 575 666 646 Ὥσπερ
693 573 754 628 τὸ
796 574 897 645 τῆς
927 574 1072 644 ζωῆς
1100 574 1251 639 τέλος
1293 576 1435 647 ἀρχὴ
1495 575 1726 633 θανάτου
1777 576 1925 630 ἐστὶν
1951 618 1966 641 ,

380 666 556 731 οὕτως
601 668 698 721 καὶ
739 665 836 719 τοῦ
865 667 986 721 κατ’
1015 666 1217 738 ἀρετὴν
1259 668 1459 738 δρόμου
1504 669 1539 739 ἡ
1574 666 1781 736 στάσις,
1825 669 1968 740 ἀρχὴ

382 757 476 812 τοῦ
502 758 646 812 κατὰ
674 756 875 811 κακίαν
895 757 1106 826 γίνεται
1137 757 1362 828 δρόμου.

455 850 885 904 Δυσεπίτευκτον
945 848 1047 919 μὲν
1112 844 1251 902 εἶναι
1302 850 1401 919 τὴν
1450 847 1691 921 ἀρετὴν,
1758 847 1972 920 μυρίοις

388 940 577 1013 ἱδρῶσι
630 942 727 994 καὶ
754 940 1173 1012 πόνοις,σπουδῇ
1222 941 1318 995 »ιαῖ⁵
1356 941 1589 1012 καμάτῳ
1633 941 1971 1013 μόγιςκατ-

388 1031 759 1103 ορθουμένην,
808 1031 961 1102 παρά
989 1032 1089 1103 τῆς
1145 1031 1297 1096 θείας
1333 1032 1554 1104 Γραφῆς
1596 1012 1974 1103 ὲδιδάχθῆμεν.

459 1212 761 1279 Χρυσοστ.
805 1211 965 1264 -Εί
1009 1208 1119 1282 γάρ
1164 1210 1273 1264 τῶν
1314 1210 1410 1265 ἐπὶ
1454 1211 1560 1282 γῆς
1607 1209 1911 1282 ἀνθρώπων
1950 1209 1979 1261 6

392 1301 747 1373 παραϐαίνων
764 1303 887 1366 τοὺς
906 1302 1126 1372 νόμους,
1157 1302 1531 1373 ἀπαραίτητον
1555 1302 1848 1371 ὑφίσταται
1878 1301 1979 1370 τὴν

391 1396 616 1449 κόλασιν
641 1411 655 1425 ’
692 1396 844 1467 πόσῳ
906 1391 1109 1466 μᾶλλον
1154 1396 1447 1466 ἀφορήτοις
1489 1395 1840 1466 ὲκδοθήσεται
1888 1393 1983 1464 βα·

394 1487 605 1552 σάνοις,
675 1490 705 1541 6
762 1487 858 1541 τοῦ
913 1488 1243 1561 ἐπουρανίου
1297 1487 1570 1541 Δεσπότου
1647 1486 1857 1541 ἀθετῶν
1912 1484 1982 1539 τά

393 1580 795 1651 προστάγματα
812 1596 828 1646 ;

464 1671 680 1741 Ὠσπερ
748 1672 842 1724 ἐπὶ
889 1671 988 1741 τῆς
1026 1669 1260 1742 κιθάρας
1313 1669 1412 1723 οὐκ
1464 1670 1628 1740 ἀρκεῖ
1677 1667 1838 1737 μόνον
1889 1664 1984 1719 ἐπὶ

2069 490 2139 545 ad
2168 504 2265 544 eas
2308 485 2570 541 colendas
2594 485 2838 539 animum
2864 483 3304 540 accommodant.

2139 578 2617 648 Quemadmodum
2660 580 2788 634 vitae
2822 577 2967 643 finis,
3016 577 3216 632 mortis
3279 575 3498 631 initium
3527 587 3651 642 est;

2072 674 2154 730 sic
2190 682 2246 729 et
2277 672 2503 728 virtutis
2533 687 2700 727 cursu
2730 670 2956 727 inducta
3003 670 3183 741 quies,
3212 669 3334 725 vitii
3365 686 3566 726 cursus
3592 687 3657 726 ac

2074 765 2371 837 pravitatis
2408 764 2695 819 inchoatio
2728 773 2832 817 est.

2147 858 2421 912 Virtutem
2459 872 2577 912 rem
2630 865 2825 927 paratu
2894 852 3172 910 difficilem
3224 871 3292 910 ex
3352 854 3661 924 Scripturis

2076 950 2248 1005 sacris
2271 946 2607 1014 didicimus,
2661 964 2825 1019 quam
2880 947 3194 1003 innumeris
3256 946 3563 1002 sudoribus
3598 962 3661 1000 ac

2076 1042 2364 1097 laboribus
2392 1083 2408 1105 ,
2460 1040 2860 1111 diligentiaque
2909 1054 2974 1094 ac
3028 1038 3426 1109 defatigatione
3455 1078 3469 1102 ,
3510 1038 3661 1092 omni

2077 1134 2317 1203 denique
2344 1142 2544 1188 conatu
2581 1131 2884 1187 obnitendo
2916 1146 3059 1201 aegre
3094 1130 3344 1199 impleas.

2149 1224 2418 1296 Chrysost.
2439 1254 2509 1263 —
2534 1223 2590 1278 Si
2623 1222 2748 1293 quis
2786 1232 3137 1277 terrenarum
3189 1221 3480 1276 hominum
3514 1220 3665 1290 leges

2081 1316 2507 1388 transgreditur,
2536 1331 2647 1370 non
2680 1314 2909 1385 effugiet
2936 1315 3069 1384 quin
3115 1328 3332 1383 poenam
3369 1312 3659 1374 sustineat;

2080 1416 2291 1476 quanto
2328 1406 2503 1477 magis
2528 1405 2978 1461 intolerabilibus
3030 1402 3334 1459 tradendus
3375 1401 3664 1471 suppliciis

2031 1566 2035 1570 _
2081 1509 2188 1565 est,
2218 1500 2313 1570 qui
2344 1499 2613 1553 crelorum
2645 1498 2865 1553 Domini
2896 1506 3171 1568 pragcepta
3208 1494 3534 1551 violaverit?

2156 1679 2318 1733 Velut
2347 1678 2405 1732 in
2434 1677 2666 1745 cithara,
2690 1676 2838 1732 haud
2878 1676 3014 1730 satis
3042 1682 3128 1729 est
3158 1681 3217 1727 ut
3245 1673 3299 1726 in
3343 1682 3449 1725 una
3485 1669 3662 1723 solum

397 1764 529 1834 μιᾶς
558 1764 760 1833 νευρᾶς
792 1764 894 1833 τὴν
925 1762 1191 1833 μελῳδίαν
1219 1760 1569 1833 ἐργάζεσθαι,
1623 1760 1759 1815 ἀλλὰ
1802 1759 1984 1821 πάσας

2114 1771 2298 1825 :horda
2329 1778 2662 1826 concentum
2692 1770 2843 1829 edas,
2881 1769 2976 1822 scd
3026 1780 3219 1821 omnes
3266 1775 3559 1817 numerose
3584 1767 3665 1811 at-

395 1854 611 1908 ὲπιέναι
635 1854 718 1907 δεῖ
751 1854 889 1924 μετὰ
925 1853 1132 1925 ῥυθμοῦ
1151 1853 1243 1907 τοῦ
1280 1853 1672 1923 προσήκοντος,
1714 1850 1856 1905 οὕτω
1889 1850 1983 1904 καὶ

399 1947 494 2000 ἐπὶ
548 1946 646 2015 τῆς
708 1946 851 1999 κατὰ
902 1946 1001 2017 τὴν
1046 1945 1224 2016 ψυχὴν
1253 1945 1476 2015 ἀρετῆς,
1528 1945 1627 1998 οὐκ
1660 1946 1819 2014 ἀρκεῖ
1851 1945 1983 2014 ἡμῖν

402 2036 568 2106 νόμος
602 2036 681 2099 εἰς
703 2037 975 2107 σωτηρίαν
1003 2032 1103 2103 εἷς,
1134 2035 1272 2092 ἀλλὰ
1299 2036 1378 2089 δεῖ
1400 2035 1606 2100 πάντας
1634 2034 1832 2097 αὐτοὺς
1846 2033 1985 2104 μετὰ

404 2127 690 2198 ἁκριόείας
718 2127 1031 2196 φυλάττειν.

476 2219 568 2290 Μὴ
600 2218 780 2273 τοίνυν
837 2219 1109 2290 λέγωμεν,
1136 2220 1217 2274 ὅτι
1242 2221 1271 2273 ό
1299 2219 1450 2273 δεῖνα
1484 2218 1645 2288 φύσει
1673 2215 1864 2280 κακὸς,
1894 2216 1987 2269 καὶ

402 2314 432 2367 6
451 2312 597 2366 δεῖνα
619 2312 777 2381 φύσει
804 2313 987 2376 καλός.
1034 2300 1095 2365 El
1127 2311 1236 2382 γάρ
1277 2310 1438 2381 φύσει
1467 2309 1691 2377 ἀγαθὸς,
1727 2306 1986 2362 οὐδέποτε

400 2403 691 2474 δυνήσεται
745 2405 998 2472 γενέσθαι
1048 2404 1219 2466 κακός
1262 2418 1276 2433 ·
1333 2401 1430 2456 καὶ
1486 2401 1537 2454 εί
1585 2400 1744 2469 φύσει
1795 2399 1985 2464 κακὸς,

401 2494 657 2547 οὐδέποτε
687 2496 974 2563 γενήσεται
1004 2493 1224 2562 ἀγαθός.

475 2588 591 2656 Οὐχ
618 2587 878 2655 ὑπομένει
910 2586 972 2640 τὺ
994 2586 1185 2649 σκότος
1212 2584 1312 2655 τὴν
1330 2583 1425 2637 τοῦ
1452 2583 1632 2654 φωτὸς
1652 2580 1955 2653 παρουσίαν
1972 2597 1985 2610 °

408 2679 468 2732 οὒ
494 2679 647 2741 νόσος
672 2679 858 2747 ὑγείας
890 2677 1258 2748 ὲπιλαΰούσης
1287 2678 1504 2732 ἵσταται
1528 2690 1541 2705 ·
1567 2674 1668 2729 οὐκ
1691 2674 1904 2746 ἐνεργεῖ
1922 2672 1990 2725 τὰ

412 2771 557 2841 πάθη
587 2771 687 2840 τῆς
714 2770 985 2834 ἀπαθείας
1010 2769 1314 2843 παρούσης.

492 2950 809 3023 Ἐλευθέραν
868 2947 1007 3004 εἶναι
1066 2950 1334 3021 προσήκει
1390 2948 1592 3011 παντὸς
1675 2946 1842 3016 φόϐου
1891 2944 1989 3016 τὴν

407 3036 626 3115 ἀρετήν.
672 3043 990 3096 ’Δδὲσποτον
1013 3042 1123 3113 γάρ
1153 3041 1325 3112 ἀρετὴ
1353 3039 1447 3095 καὶ
1488 3038 1753 3103 ἑκούσιον,
1785 3038 1988 3102 παντὸς

406 3136 575 3208 φόϐου
607 3137 703 3190 καὶ
735 3135 985 3206 ἀνάγκης
1016 3133 1323 3205 ἐλεύθερον.

475 3233 592 3285 υύκ
618 3230 765 3284 ἔστιν
788 3230 954 3300 ἄλλην
987 3227 1188 3291 κακίας
1215 3225 1475 3298 γέννησιν
1505 3222 1829 3296 ὲννοῆσαι,ἢ
1861 3222 1990 3292 ἁρε-

405 3323 506 3395 τῆς
531 3322 823 3377 ἀπουσίαν.

474 3413 853 3478 Φίλωνοςμ-
890 3409 996 3466 Τοῦ
1028 3409 1232 3480 φαύλου
1280 3406 1446 3479 ἕτερα
1486 3405 1589 3478 μὲν
1625 3404 1697 3459 τὰ
1737 3401 1988 3475 ὲνθύμια,

407 3506 573 3577 ἕτερα
601 3507 659 3562 δὲ
699 3506 766 3561 τὰ
793 3508 1035 3580 ῥήματα,
1068 3504 1226 3559 ἄλλαι
1253 3502 1310 3556 δὲ
1356 3501 1414 3555 αί
1460 3499 1688 3572 πράξεις
1712 3515 1727 3530 ’
1756 3498 1991 3568 διάφορα

408 3599 467 3654 δὲ
490 3600 667 3654 πάντα
696 3599 791 3653 καὶ
823 3599 1129 3670 μαχόμενα.
1818 3626 1827 3633 -

482 3691 695 3755 Κακίας
729 3690 908 3757 ἔξοδος
952 3689 1155 3761 ἀρετῆς
1189 3686 1398 3741 εἴσοδον
1428 3684 1721 3757 ἐργάζεται
1754 3700 1769 3715 ⁸
1790 3683 1865 3747 ὼς
1895 3681 1992 3736 καὶ

410 3784 741 3846 τούναντίον.
772 3781 1147 3844 ὑπεκστάντος
1171 3777 1381 3848 ἀγαθοῦ
1407 3777 1467 3831 τὸ
1503 3775 1793 3848 ἐφεδρεῦον
1823 3773 1991 3829 κακδν

414 3876 811 3947 ἐπεισέρχεται.

479 3969 841 4037 Κλήμεντος.
887 3995 955 4008 -
994 3964 1061 4018 Ἦ
1104 3962 1215 4017 τῶν
1250 3959 1440 4015 κακῶν
1473 3958 1765 4031 ἀπαλλαγὴ
1814 3974 1991 4028 σωτη-

413 4058 536 4132 ρίας
566 4060 715 4111 ἐστὶν
740 4058 906 4129 ἀρχή.

494 4153 581 4217 Ὠς
631 4152 828 4217 ἔοικεν,
887 4152 919 4222 ἡ
971 4150 1287 4221 δικαιοσύνη
1316 4147 1663 4221 τετράγωνός
1692 4148 1859 4210 ἐστιν,
1900 4142 1991 4213 ἴση

409 4243 510 4298 καὶ
550 4244 714 4315 ὁμοία
748 4244 807 4296 ὲν
857 4243 1021 4315 λόγῳ,
1064 4245 1124 4297 ὲν
1180 4243 1350 4316 ἔργῳ,
1390 4245 1450 4297 ὲν
1475 4242 1653 4311 ἀποχῇ
1687 4237 1894 4299 κακῶν,
1934 4235 1991 4287 ὲν

409 4332 653 4404 εὐποιία,
699 4333 757 4386 ὲν
780 4332 1076 4403 τελειότητι
1121 4335 1397 4404 γνωστικῇ
1430 4349 1445 4363 ·
1494 4328 1705 4399 οὐδαμῆ
1742 4323 1992 4395 οὐδαμῶς

410 4424 752 4497 χωλεύουσα.
777 4425 864 4479 ῐνα
885 4408 972 4497 ⁸μὴ
997 4425 1181 4490 ἄδικος
1210 4425 1307 4480 καὶ
1335 4425 1516 4487 ἄνισος
1556 4422 1718 4492 φανῇ.

478 4605 757 4675 Διδύμου.
793 4635 860 4646 -—
888 4602 1233 4676 Σχηματίζου
1282 4600 1383 4673 τὴν
1441 4598 1665 4673 ἀρετὴν,
1704 4599 1805 4668 οὐχ
1849 4598 1998 4659 ὅπως

414 4698 724 4767 ἀπατήσῃς,
756 4694 873 4749 ἀλλ’
901 4697 1050 4758 ὃπως
1072 4692 1385 4764 ὼιρελήσῃς.

485 4788 773 4845 Βασιλείαν
796 4786 930 4840 Θεοῦ
960 4786 1181 4839 λεκτέον
1210 4784 1309 4854 τὴν
1336 4782 1671 4836 κατάστασιν
1713 4778 1824 4832 τῶν
1857 4778 2000 4835 κατά

417 4883 538 4946 τοὺς
577 4880 751 4945 θείους
774 4879 972 4952 νόμους
993 4876 1342 4948 τεταγμένως
1377 4872 1654 4945 βιούντων.

480 5063 641 5118 Πᾶσα
679 5058 964 5134 πρακτικὴ
992 5057 1163 5129 ἀρετὴ
1185 5058 1245 5111 ἐν
1276 5055 1357 5127 τῷ
1384 5050 1656 5125 γίνεσθαι,
1690 5050 1786 5104 καὶ
1821 5049 1920 5102 ούκ
1943 5048 2001 5100 ὲν

416 5157 495 5229 τῷ
511 5158 815 5226 γεγονέναι,
854 5154 915 5208 τὸ
943 5149 1082 5207 εἶναι
1104 5152 1237 5222 ἔχει.

488 5251 729 5304 Νείλου.
760 5277 829 5288 -—
864 5247 1037 5317 Χαῖρε
1094 5244 1193 5314 τὴν
1232 5241 1433 5314 ἀρετὴν
1477 5239 1637 5313 ἡνίκα
1700 5236 1962 5308 πράττεις
1987 5253 2000 5265 ⁸

370 5343 375 5346 ’
415 5343 555 5396 ἀλλὰ
584 5342 660 5414 μὴ
684 5339 936 5410 ἐπαίρου,
970 5337 1044 5407 μή
1074 5352 1205 5389 ποτε
1234 5335 1297 5389 τὸ
1325 5334 1587 5402 ναυάγιον
1617 5333 1676 5386 ὲν
1717 5328 1796 5400 τῷ
1824 5327 2004 5395 λιμένι

418 5434 665 5505 γένηται.
887 5458 891 5463 τ

489 5524 813 5594 Κυρίλλσυ.
846 5555 914 5564 ——
940 5523 1061 5595 Χρὴ
1078 5520 1192 5591 ’τὴν
1247 5516 1451 5589 ἀρετὴν
1487 5515 1561 5588 μὴ
1599 5511 1857 5585 χωλεύειν
1878 5511 2003 5563 καθ’

337 5658 343 5667 .
416 5617 699 5689 ἑκάτερον,
737 5616 851 5670 ἀλλ’
875 5616 1021 5688 ἔργῳ
1049 5614 1146 5668 καὶ
1173 5611 1316 5683 λόγῳ
1337 5608 1502 5682 ὀρθὴν
1530 5609 1623 5664 καὶ
1658 5603 2005 5679 ἀπηρτισμέ-

419 5724 522 5781 νην
550 5711 669 5765 κατ’
705 5708 992 5781 ἀμφότερα
1033 5698 1225 5763 εἶναι.’

2083 1877 2190 1931 que
2227 1861 2497 1916 decenter
2527 1858 2923 1930 percurrendze
2954 1848 3120 1912 sunt:
3174 1855 3254 1910 sic
3289 1862 3345 1908 ct
3397 1851 3464 1906 ad
3496 1847 3666 1903 animi

2080 1953 2366 2019 virtutem,
2402 1964 2464 2010 ut
2516 1954 2755 2008 salutem
2811 1965 3240 2021 consequamur,
3267 1963 3377 2001 non
3415 1958 3522 1998 una
3580 1942 3669 1994 lex

2083 2044 2307 2108 sulIicit,
2329 2044 2427 2099 sed
2465 2059 2695 2099 necesse
2743 2048 2830 2098 est
2880 2049 2941 2095 ut
2991 2056 3086 2097 eas
3117 2053 3312 2095 omnes
3345 2042 3535 2091 exacte
3565 2030 3668 2084 ob-

2083 2153 2390 2194 servemus.

2098 2240 2113 2252 ‘
2155 2230 2234 2285 Ne
2261 2230 2432 2301 igitur
2458 2229 2741 2284 dicamus:
2775 2227 2934 2283 llunc
2976 2233 3176 2280 natura
3212 2225 3443 2287 bonum,
3486 2226 3672 2281 illum-

2085 2338 2192 2392 que
2221 2331 2420 2376 natura
2451 2322 2675 2375 malum.
2697 2320 2755 2375 Si
2783 2320 2935 2379 enim
2960 2326 3156 2371 natura
3184 2316 3367 2370 bonus
3398 2324 3505 2381 est,
3524 2332 3672 2370 nun-

2086 2430 2250 2484 quam
2307 2415 2485 2469 malus
2524 2413 2642 2468 ficri
2686 2412 2939 2482 poterit;
2988 2416 3064 2475 et,
3104 2408 3153 2463 si
3214 2417 3412 2463 natura
3467 2409 3666 2472 malus,

2086 2517 2373 2573 nunquam
2401 2503 2495 2557 flet
2523 2502 2723 2557 bonus.

2156 2595 2279 2650 Non
2308 2594 2587 2650 sustinent
2631 2592 2878 2648 tenebrae
2912 2593 3055 2647 lucis
3109 2590 3460 2660 praesentiam
3488 2607 3523 2654 ς,
3558 2603 3669 2641 non

2090 2688 2320 2744 morbus
2345 2686 2629 2750 consistit,
2651 2684 2748 2738 ubi
2778 2683 2988 2739 sanitas
3018 2682 3243 2737 advenit
3284 2698 3297 2735 :
3342 2696 3454 2734 non
3482 2680 3673 2747 vigent

2088 2779 2322 2835 affectus
2342 2792 2409 2833 ac
2434 2776 2909 2848 perturbationes,
2942 2789 3068 2829 cum
3106 2774 3218 2828 illis
3260 2771 3489 2834 sedatis,
3523 2780 3674 2825 tran-

2089 2871 2247 2943 quilli
2271 2871 2396 2940 quis
2425 2869 2598 2924 animi
2624 2869 2879 2923 habitum
2906 2874 3107 2921 nactus
3140 2875 3247 2921 est.
3392 2924 3393 2929 η

2158 2963 2433 3017 Virtutem
2463 2962 2532 3016 ab
2568 2961 2718 3016 omni
2750 2969 2902 3015 metu
2924 2959 3159 3013 liberam
3211 2971 3333 3011 esse
3386 2954 3669 3011 convenit.

2091 3055 2189 3111 Est
2211 3055 2361 3109 enim
2392 3054 2570 3108 virtus
2594 3054 2711 3123 ipsa
2747 3050 3073 3107 servitutem
3112 3064 3381 3120 respuens
3407 3062 3471 3102 ac
3503 3063 3673 3119 spon-

2094 3157 2277 3207 tanea.
2305 3147 2374 3201 ab
2403 3146 2667 3216 omnique
2696 3152 2847 3199 metu
2882 3150 2940 3199 et
2972 3141 3302 3198 necessitate
3330 3140 3530 3195 soluta.

2159 3239 2319 3294 Nulla
2381 3239 2488 3293 alia
2518 3238 2639 3292 vitii
2691 3237 2848 3308 origo
2894 3234 3196 3307 exc0gitari
3237 3240 3457 3309 potest,”
3506 3247 3673 3303 quam

2090 3331 2315 3386 virtutis
2339 3330 2614 3385 absentia.

2161 3420 2422 3475 Philonis.
2450 3451 2519 3460 —
2541 3419 2782 3490 lmprobi
2837 3417 3083 3473 hominis
3121 3432 3184 3471 ac
3216 3416 3345 3471 mali
3391 3415 3513 3471 alia:
3546 3425 3677 3470 sunt

2092 3513 2478 3583 cogitationes,
2526 3512 2746 3581 aliaque
2789 3511 2982 3574 verba,
3014 3518 3180 3580 atque
3229 3509 3353 3563 alia:
3386 3508 3672 3564 actiones:

2092 3601 2311 3657 diversa
2336 3601 2520 3656 omnia
2551 3616 2617 3657 ac
2641 3601 2964 3671 pugnantia.

2162 3693 2494 3748 Facesscnte
2530 3691 2688 3755 vitio,
2716 3691 2913 3745 virtuti
2960 3691 3244 3760 ingressus
3273 3686 3427 3759 531
3448 3698 3676 3758 prmSIa-

2093 3794 2215 3850 tur;
2250 3784 2612 3853 vicissimque
2642 3782 2789 3836 bono
2826 3781 3155 3846 excedente,
3203 3778 3670 3834 insidianti’malo

2092 3875 2342 3946 pervium
2376 3872 2436 3927 fit
2466 3882 2529 3928 ut
2552 3872 2920 3944 ingrediatur.

2165 3966 2545 4024 Clementis.—
2568 3964 2610 4020 A
2646 3965 2808 4019 malis
2834 3962 3088 4027 liberari,
3132 3961 3355 4016 initium
3390 3969 3477 4017 est
3518 3961 3669 4017 salu-

2092 4058 2187 4114 tis.

2159 4148 2384 4206 Iustitia
2412 4190 2425 4213 ,
2458 4154 2516 4202 ut
2559 4145 2781 4202 videtur
2803 4186 2817 4211 ,
2859 4145 3239 4216 quatlrangula
3286 4152 3395 4208 est,
3433 4159 3533 4213 par
3565 4141 3676 4196 sci-

2092 4241 2226 4296 licet
2249 4249 2415 4309 atque
2448 4239 2649 4295 similis
2675 4239 2731 4292 in
2756 4253 3036 4302 sermone,
3068 4252 3259 4306 opere,
3288 4233 3624 4290 abstinentia
3648 4249 3679 4287 a

2093 4332 2276 4396 malis,
2332 4330 2391 4384 in
2434 4329 2828 4395 beneficentia,
2892 4328 2946 4383 in
3012 4316 3261 4383 scientiae
3313 4325 3677 4397 perfectione,

2024 4420 2251 4481 Dnulla
2283 4434 2518 4489 usquam
2580 4418 2797 4474 ratione
2851 4415 3212 4482 claudicans,
3267 4428 3338 4469 ne
3371 4413 3576 4483 injusta
3624 4420 3679 4464 et

2098 4509 2388 4579 inaequalis
2421 4507 2697 4562 videatur.

2167 4601 2493 4675 Didymi.—
2516 4601 2794 4657 Virtutem
2826 4599 3112 4664 simulato,
3143 4612 3254 4651 non
3294 4602 3353 4649 ut
3388 4593 3564 4657 fallas,
3584 4591 3679 4646 sed

2099 4704 2161 4750 ut
2183 4694 2385 4764 prosis.

2170 4787 2421 4858 Regnum
2464 4784 2756 4847 etelorum,
2781 4796 2977 4837 eorum
3024 4787 3229 4835 statum
3275 4777 3449 4841 dicas,
3484 4776 3578 4846 qui
3613 4790 3678 4829 ev

2100 4879 2422 4934 divinorum
2475 4877 2662 4948 legum
2706 4874 3023 4929 rationibus
3053 4871 3361 4942 composite
3402 4868 3572 4924 vitam
3599 4867 3682 4921 in-

2101 4971 2361 5026 stituunt.

2169 5059 2302 5126 Qua:
2337 5059 2392 5114 in
2425 5057 2642 5113 actione
2680 5055 2958 5119 consistit,
2980 5053 3160 5107 virtus
3192 5049 3373 5107 omnis
3400 5049 3454 5103 in
3489 5064 3556 5103 eo
3576 5057 3680 5112 est,

2102 5166 2167 5206 ac
2193 5164 2316 5205 esse
2352 5148 2542 5212 habet,
2573 5146 2723 5216 quod
2751 5145 2867 5208 flat,
2897 5158 3008 5198 non
3038 5133 3190 5212 quod
3220 5140 3365 5195 facta
3392 5146 3498 5193 est.

2175 5238 2303 5296 Nili;
2326 5236 2601 5293 -—Gaude
2631 5234 2852 5290 interim
2880 5233 3011 5287 dum
3051 5233 3315 5285 virtutem
3356 5228 3526 5293 colis;
3554 5241 3685 5280 eave

2106 5340 2291 5386 tamen
2322 5330 2510 5385 animo
2557 5324 2885 5386 extollaris,
2943 5340 3011 5378 ne
3043 5321 3187 5377 forte
3230 5318 3580 5390 naufragium
3632 5320 3686 5373 in

2103 5429 2272 5494 portu
2308 5421 2530 5477 feceris.

2175 5513 2385 5585 Cyrilli.
2409 5511 2685 5580 —Operm
2721 5507 2959 5579 pretium
2999 5507 3263 5561 virtutem
3296 5505 3350 5559 in
3396 5513 3691 5567 utramque

2108 5613 2319 5676 partem
2370 5617 2479 5657 non
2546 5599 2904 5662 claudicare,
2962 5597 3059 5655 scd
3121 5612 3291 5667 opere
3323 5612 3386 5651 ac
3434 5604 3695 5649 sermone

2111 5700 2340 5759 rectam,
2372 5701 2537 5761 atque
2570 5688 2838 5761 utrinque
2864 5683 3168 5756 perfectam
3202 5700 3328 5741 esse
3348 5726 3363 5744 .
