3978 6168
371 182 480 246 727

1537 186 1599 247 s.
1641 186 1929 247 MAXIMI
1968 177 2477 255 CONFESSORIS

3537 196 3641 260 728

446 294 636 350 Virtus
665 309 862 365 aspera
898 308 1005 360 εει,
1052 294 1341 365 arduaque
1390 295 1461 350 ad
1514 311 1639 352 eam
1671 297 1799 365 via;
1851 312 1957 352 nec

2130 303 2371 375 Τραχεῖα
2409 307 2442 377 ἠ
2466 306 2659 378 ἀρετὴ,
2690 306 2784 360 καί
2804 306 2980 378 ὀρθῶς
3005 302 3162 378 οἶμος
3184 307 3271 362 ἐπ’
3293 310 3465 382 αὐτήν
3492 326 3505 342 ·
3543 314 3638 366 καὶ

373 383 482 440 nisi
509 384 675 455 longo
698 384 889 439 labore
917 384 1024 438 sibi
1050 399 1172 439 eam
1205 384 1349 440 ullus
1377 388 1675 456 paraverit.

448 476 532 530 Ea:
555 475 827 530 Patribus.
846 506 914 515 —
930 478 1182 543 Quatuor
1201 478 1372 533 rebus
1403 479 1679 549 polluitur
1701 481 1921 536 animus
1943 498 1956 534 :

376 566 790 623 obambulando
857 582 958 636 per
1011 567 1296 623 civitatem
1334 611 1349 636 ,
1403 585 1508 625 nec
1537 570 1731 626 oculos
1774 580 1962 626 custo-

376 656 613 720 diendo;
655 672 779 710 cum
817 656 1148 712 mulieribus
1195 659 1310 713 ullo
1358 674 1586 728 prorsus
1632 659 1797 714 modo
1824 676 1960 715 con-

377 748 723 815 suescendo;
755 749 1029 803 nobilium
1062 749 1118 803 in
1147 749 1352 806 sarculo
1379 751 1680 806 amicitiam
1703 751 1958 818 colendo;

376 856 441 895 ac
472 840 696 895 demum
724 841 978 896 carnales
1009 856 1345 912 congressus
1391 858 1644 913 vanaque
1686 842 1961 914 colloquia

374 931 679 1002 diligendo.
1766 1000 1783 1012 _

452 1027 747 1081 Plutarchi.
767 1028 1060 1098 —lgnotm
1092 1028 1337 1094 virtutis,
1373 1027 1520 1084 haud
1548 1043 1710 1084 secus
1739 1043 1804 1083 ac
1840 1027 1959 1083 auri

376 1118 583 1174 ἀείοεεί
623 1119 888 1191 splendor
923 1135 1036 1175 non
1061 1120 1306 1176 videtur.

448 1295 540 1351 Uti
574 1296 646 1350 iis
678 1295 770 1367 qui
800 1295 1090 1352 laboribus
1119 1311 1324 1367 corpus
1357 1302 1638 1362 exercent,
1665 1296 1824 1352 cibus
1846 1313 1861 1364 ;
1881 1303 1961 1353 sic

374 1397 432 1445 el
460 1388 641 1443 virtus
698 1387 809 1453 bis,
845 1388 941 1458 qui
970 1388 1081 1443 sint
1109 1387 1339 1453 eruditi,
1368 1398 1596 1458 apparet
1626 1388 1831 1443 suavis.

445 1482 591 1547 Vita,
631 1482 782 1536 haud
816 1497 979 1537 secus
1005 1497 1071 1536 ac
1099 1496 1384 1546 nummus,
1408 1474 1582 1536 initio
1618 1482 1958 1553 vituperium

376 1574 610 1632 habens.
639 1575 847 1645 ubique
873 1574 1121 1646 gentium
1151 1573 1386 1645 reproba
1415 1573 1673 1631 efﬁcitur.

445 1667 657 1724 Cuncta
692 1677 745 1723 te
766 1668 1024 1723 existima
1054 1667 1263 1732 facere,
1296 1675 1363 1721 ut
1413 1668 1509 1738 qui
1559 1667 1838 1723 neminem
1875 1667 1960 1722 la-

381 1774 515 1815 teas.
558 1760 695 1814 Nam
724 1758 833 1815 etsi
862 1758 930 1814 ad
956 1773 1202 1829 praesens
1238 1757 1535 1825 celaveris,
1582 1768 1775 1830 postea
1800 1759 1963 1815 inno-

379 1859 578 1908 ιεεοοε.

448 1945 587 2001 Cum
618 1961 746 2001 eum
773 1945 1000 2016 quidam
1033 1945 1237 2016 injuria
1262 1946 1561 2011 affecisset,
1620 1959 1793 2014 seque
1834 1943 1964 2016 fuga

380 2036 718 2108 proripiens,
756 2037 813 2092 in
842 2053 1134 2094 occursum
1168 2040 1291 2110 ejus
1331 2039 1521 2094 venire
1550 2052 1661 2093 non
1691 2036 1959 2103 auderet;

379 2128 679 2198 aliquando
710 2129 933 2184 tandem
990 2129 1049 2185 in
1095 2146 1222 2186 eum
1277 2130 1530 2186 incidens
1582 2147 1597 2185 :
1637 2129 1760 2186 Non
1787 2138 1849 2185 ut
1878 2137 1960 2195 tu,

382 2220 587 2292 inquit,
623 2236 711 2275 me
742 2221 944 2293 lugias,
969 2220 1151 2291 decet,
1175 2222 1273 2279 sed
1305 2230 1366 2277 ut
1392 2236 1496 2293 ego
1525 2231 1602 2287 te,
1630 2221 1833 2293 quippe
1865 2222 1963 2292 qui

312 2309 315 2313 ’
382 2311 670 2383 improbus
699 2313 795 2369 sis.

452 2405 549 2462 Vir
578 2407 810 2478 ignavus
833 2414 889 2463 et
925 2406 1192 2468 imbellis,
1229 2421 1334 2463 nec
1386 2422 1512 2462 cum
1533 2422 1671 2463 cane
1694 2424 1803 2464 nec
1836 2423 1962 2463 eum

380 2498 540 2553 asino
567 2507 654 2554 est
679 2499 1116 2571 comparandus,
1145 2499 1357 2555 divitiis
1392 2499 1608 2555 scilicet
1647 2515 1713 2556 ac
1748 2500 1965 2557 deliciis

380 2590 657 2645 difﬂuens.

449 2683 544 2739 Sic
568 2683 756 2738 vivere
790 2683 1036 2746 studeas,
1054 2692 1115 2738 ut
1138 2699 1319 2755 neque
1338 2700 1368 2739 a
1394 2684 1807 2754 potentioribus
1831 2700 1966 2742 con-

382 2776 670 2843 temnaris,
699 2791 804 2832 nec
840 2776 1205 2832 inferioribus
1235 2776 1505 2833 terribilis
1527 2778 1624 2833 sis.

2063 393 2163 446 οὐκ
2192 392 2257 446 ἄν
2286 411 2367 458 τις
2392 394 2564 449 ἐλοιτο
2586 395 2791 468 ταύτην
2818 396 2939 468 δίχα
2967 399 3130 452 πόνου
3162 400 3397 471 μακροῦ.
3451 454 3470 473 κ

2145 485 2247 537 Ἕκ
2276 483 2395 537 τῶν
2422 484 2719 554 Πατέρων.
2741 516 2811 528 —
2849 487 2945 541 Διά
2975 489 3259 561 τεσσάρων
3302 496 3637 565 πραγμάτων

2061 576 2096 644 ὴ
2120 575 2266 645 ψυχὴ
2300 575 2608 646 μιαίνεται·
2656 577 2734 649 τῷ
2761 583 3086 650 περιπατεῖν
3131 583 3191 635 ἐν
3222 583 3375 638 πόλει
3416 588 3509 640 καὶ
3561 588 3635 660 μὴ

2063 667 2358 736 φυλάσσειν
2373 670 2499 733 τοὺς
2519 669 2852 741 ὀφθαλμοὺς,
2882 672 2979 726 καὶ
3003 672 3084 744 τῷ
3103 674 3241 738 ὅλως
3264 676 3406 746 ἔχειν
3435 680 3633 745 γνῶσιν

2065 760 2204 840 μετά
2263 762 2559 830 γυναικῶν,
2610 765 2705 817 καὶ
2731 763 2811 835 τῷ
2844 758 2988 835 ἔχειν
3037 765 3222 835 φιλίαν
3250 772 3384 840 μετὰ
3411 771 3517 825 τῶν
3555 776 3632 827 ἐν-

2060 835 2228 917 δόξῶν
2253 852 2347 907 τοῦ
2377 854 2603 924 κόσμου,
2640 855 2733 908 καὶ
2771 854 2850 926 τῷ
2904 858 3191 929 ἀγαπῆσαι
3224 835 3318 923 τάς
3363 863 3649 933 σαρκικάς,

2061 945 2277 1021 ὁμιλίας
2304 947 2397 1000 καὶ
2430 946 2836 1017 ματαιολογίας.

2134 1035 2627 1106 Πλουτάρχου.-
2653 1037 2767 1108 Τῆς
2797 1039 3171 1111 ἀγνοουμένης
3202 1041 3400 1113 ἀρετῆς
3444 1042 3625 1116 ὥσπερ

2061 1127 2155 1206 τοῦ
2185 1124 2677 1199 κατορωρυγμένου
2718 1128 2945 1200 χρυσίου
2984 1131 3020 1203 ή
3053 1131 3376 1205 λαμπρότης
3420 1135 3478 1188 οὐ
3511 1136 3626 1205 βλέ-

2061 1236 2246 1274 πεται.

2143 1311 2210 1366 Ἦ
2233 1312 2333 1384 μὲν
2363 1314 2537 1388 τροφῆ
2554 1316 2667 1379 τοῖς
2689 1316 3130 1388 γυμναζομένοις
3147 1357 3163 1383 ,
3186 1318 3221 1388 ἠ
3245 1317 3302 1372 δὲ
3332 1318 3500 1390 ἀρετὴ
3526 1322 3633 1381 τοῖς

2062 1407 2519 1478 πεπαιδευμένοις
2538 1408 2690 1479 ἡδεῖα
2729 1409 2998 1478 φαίνεται.

2144 1500 2204 1553 ’0
2221 1498 2336 1570 βίος
2365 1498 2620 1571 καθάπερ
2644 1500 2886 1572 νόμισμα
2906 1500 3220 1573 διαϐληθεὶς
3241 1501 3298 1555 ἐν
3316 1501 3533 1574 ἀρχαῖς,
3562 1502 3638 1565 είς

2067 1592 2246 1648 πάντα
2270 1591 2362 1646 τὸν
2391 1590 2595 1660 κόσμον
2627 1591 2885 1663 ἀδόκιμος
2912 1593 3141 1662 γίνεται.

2136 1684 2390 1738 Ἀπαντα
2442 1683 2590 1740 δόκει
2637 1687 2832 1746 ποιεῖν,
2879 1682 2954 1747 ὡς
3000 1683 3209 1755 μηδένα
3247 1683 3452 1747 λήσων.
3533 1681 3640 1736 Καὶ

2063 1775 2172 1849 γάρ
2199 1776 2266 1832 ἂν
2294 1777 2610 1850 παραυτίκα
2638 1778 2873 1851 κρύψῃς,
2904 1777 3130 1850 ὕστερον
3167 1776 3406 1850 όφθήσῃ.

2135 1960 2156 1992 ¹
2202 1959 2516 2032 Ἀνθρώπου
2547 1960 2691 2024 τινὸς
2748 1959 2910 2014 αὐτὸν
2938 1959 3316 2030 ἀδικήσαντος,
3357 1958 3457 2013 καὶ
3489 1973 3644 2028 περι-

2064 2053 2361 2124 φεύγοντος
2424 2055 2520 2109 καὶ
2580 2054 2828 2125 ἀπαντᾷν
2887 2054 3300 2132 αἰσχυνομένου,
3364 2049 3645 2121 συντυχὼν

2063 2147 2211 2213 ἅπαξ
2257 2142 2428 2201 εἶπεψ
2478 2148 2554 2201 Οὐ
2586 2145 2646 2200 σέ
2680 2146 2785 2218 χρὴ
2824 2146 2925 2218 ἐμὲ
2974 2146 3218 2215 φεύγειν,
3249 2144 3364 2198 ἀλλ’
3406 2143 3509 2216 ἐμὲ
3563 2143 3644 2211 σὲ,

2063 2237 2268 2307 φαῦλον
2288 2237 2439 2294 ὄντα.

2134 2418 2249 2473 Οὐκ
2285 2417 2399 2472 ἐστι
2428 2417 2588 2482 κυνὸς
2611 2417 2860 2484 ἀντάξιος
2891 2416 3000 2472 οὐδ’
3026 2416 3149 2471 ῦνου
3192 2415 3366 2479 δειλὸς
3393 2415 3531 2488 ἀνὴρ
3553 2414 3649 2470 καὶ

2064 2509 2310 2574 ἄναλκις,
2371 2509 2476 2564 ὑπὸ
2521 2508 2756 2564 πλούτου
2804 2511 2900 2564 καὶ
2953 2509 3227 2581 μαλακίας
3278 2506 3647 2581 διερρυηκώς.

2133 2687 2322 2751 Οὕτως
2372 2687 2472 2757 ζῇν
2526 2685 2812 2759 προαιροῦ,
2860 2687 2938 2751 ὡς
2963 2689 3102 2762 μήτε
3122 2686 3234 2742 τῶν
3258 2687 3651 2761 δυνατωτέρων

2065 2776 2547 2850 καταφρονεῖσθαι,
2602 2779 2744 2849 μήτε
2786 2779 2898 2842 τοῖς
2950 2777 3363 2849 ὑποδεεστέροις
3425 2779 3655 2851 φοϐερὸς

2064 2866 2226 2928 εἶναι.

451 2950 613 3022 532
636 2949 908 3005 Demosth.
927 2982 997 2991 —
1019 2950 1502 3019 Quemadmodum
1551 2952 1770 3019 domus,
1804 2963 1961 3023 puto,

2136 2964 2398 3033 Δημοσθ.
2436 2990 2509 3003 --
2529 2961 2745 3032 Ὠσπερ
2770 2960 2968 3028 οίκίας,
2994 2955 3170 3032 οῐμαι,
3206 2959 3302 3014 καὶ
3342 2959 3540 3014 πλοίου
3563 2958 3659 3014 καὶ

380 3057 439 3101 et
462 3044 671 3115 navigii
701 3053 758 3100 et
790 3052 1118 3100 cmterorum
1165 3045 1360 3101 talium
1406 3046 1568 3102 bases
1617 3046 1960 3103 ﬁrmissimas

379 3149 501 3191 esse
523 3134 830 3190 convenit:
864 3133 945 3190 sic
970 3134 1255 3189 actionum
1305 3135 1615 3206 primordia
1661 3145 1719 3191 et
1763 3134 1962 3191 funda-

380 3230 567 3279 menta
596 3238 730 3279 vera
747 3224 1011 3295 justaque
1039 3238 1165 3279 esse
1197 3223 1378 3280 decet.

454 3311 733 3371 Clitarchi.
756 3314 968 3370 —Non
1006 3315 1206 3384 quovis
1250 3315 1417 3370 modo
1466 3315 1727 3371 virtutem
1756 3314 1962 3371 habere

379 3406 588 3461 bonum
622 3406 920 3472 existima;
955 3405 1053 3461 sed
1085 3406 1576 3476 quemadmodum,
1614 3422 1681 3463 ac
1707 3421 1811 3479 pro
1834 3406 1963 3478 qui-

379 3501 486 3556 bus
508 3500 671 3557 decet
695 3501 789 3556 illa
822 3500 1021 3556 fultum
1053 3516 1196 3556 esse.

448 3593 725 3649 Virtutem
757 3591 803 3646 si
834 3593 1029 3659 habes,
1080 3592 1267 3648 omnia
1302 3592 1476 3650 babes
1503 3612 1515 3647 :
1542 3602 1599 3650 at
1648 3595 1696 3651 si
1742 3595 1962 3661 vitium,

378 3702 451 3741 ne
480 3686 722 3757 teipsum
761 3686 1008 3756 quidem.

452 3773 721 3832 Socrates.
763 3776 996 3833 —Cum
1048 3777 1345 3850 quemdam
1391 3794 1460 3834 ex
1517 3778 1809 3849 discipulis
1852 3778 1969 3834 suis

380 3869 869 3925 animadvertisset
903 3869 1018 3940 agri
1041 3870 1267 3939 quidem
1294 3870 1710 3936 studiosiorem,
1732 3871 1970 3926 actionis

380 3977 517 4018 vero
541 3961 955 4032 negligentem:
989 3960 1139 4015 Heus
1167 3968 1249 4026 tu,
1303 3961 1516 4030 inquit,
1560 3961 1688 4016 vide
1726 3976 1798 4016 ne
1831 3961 1964 4015 dum

381 4068 577 4122 agrum
636 4053 891 4107 cicurare
936 4052 1063 4117 vis,
1127 4051 1375 4107 animum
1427 4058 1585 4106 tuum
1640 4052 1791 4109 sinas
1837 4052 1970 4109 effe-

385 4159 521 4198 rart.

456 4233 596 4289 Cum
654 4235 802 4292 idem
830 4209 1218 4294 intellexisset
1242 4235 1540 4307 quemdam
1574 4252 1644 4291 ex
1676 4236 1967 4292 familiari-

2065 3057 2174 3112 τῶν
2203 3056 2379 3112 ἄλλων
2426 3056 2535 3110 τῶν
2597 3055 2879 3121 τοιούτων,
2910 3054 2982 3108 τὰ
3026 3054 3274 3109 κάτωθεν
3327 3054 3664 3126 ίσχυρότερα

2061 3146 2204 3203 εῖναι
2236 3149 2319 3203 δεῖ
2339 3165 2353 3180 ο
2391 3148 2535 3202 οὕτω
2565 3148 2789 3203 καὶτῶν
2816 3148 3070 3220 πράξεων
3100 3146 3200 3212 τάς
3229 3146 3404 3218 ἀρχάς
3441 3146 3547 3201 καὶ
3566 3145 3666 3210 τάς

2063 3241 2374 3304 ὑποθέσεις,
2401 3239 2622 3312 ἀληθεῖς
2657 3240 2752 3296 καὶ
2780 3239 3019 3303 δικαίας.
3734 3230 3750 3245 ’

2134 3329 2523 3400 Κλειτάρχου.
2545 3360 2616 3370 -
2637 3328 2729 3399 Μὴ
2760 3329 2819 3383 τὸ
2850 3328 2996 3400 ἔχειν
3017 3327 3222 3402 ἀρετὴν
3248 3326 3414 3382 καλὸν
3443 3326 3663 3402 νόμιζε,

2064 3421 2200 3477 ἀλλὰ
2232 3422 2293 3476 τδ
2317 3396 2504 3486 agas:
2526 3421 2622 3475 και
2650 3396 2790 3491 ὑπὲρ
2818 3396 3019 3474 ma.
3058 3396 3071 3402 ⁷
3169 3396 3200 3415 ’⁸

2149 3602 2376 3675 Ἀρετὴν
2427 3602 2526 3674 μὲν
2567 3601 2726 3673 ἔχων,
2777 3600 2954 3657 πάντα
2986 3599 3159 3666 ἔξειςο
3189 3599 3390 3654 κακίαν
3419 3599 3508 3667 δὲ,
3545 3599 3665 3654 οὐδὲ

2068 3694 2318 3751 σεαυτόν.

2135 3787 2482 3858 Σωκράτης.
2525 3818 2594 3830 --
2639 3786 2989 3858 Θεασάμενός
3036 3806 3159 3843 τινα
3226 3787 3341 3841 τῶν
3392 3787 3664 3858 μαθητῶν

2068 3878 2255 3943 αὐτοῦ,
2294 3878 2390 3932 τοῦ
2432 3878 2531 3949 μὲν
2578 3877 2750 3950 ἀγροῦ
2797 3878 3247 3950 ἐπιμελορμενον,
3270 3878 3373 3948 τῆς
3401 3878 3665 3951 πράξεως

2067 3970 2124 4025 δὲ
2174 3969 2499 4041 ἀμελοῦντα·
2561 3970 2721 4040 Ὅρα,
2772 3963 2817 4022 ὦ
2857 3964 3032 4034 οὗτος,
3073 3969 3200 4041 ἐφη,
3242 3970 3317 4042 μὴ
3363 3970 3458 4025 τὸν
3490 3968 3666 4042 ἀγρὸν

2069 4064 2419 4137 ἐξημερῶσαι
2445 4063 2785 4136 βουλόμενος,
2815 4064 2914 4137 τὴν
2934 4064 3112 4137 ψυχὴν
3140 4063 3440 4135 ἀγριὼσῃς.

2143 4237 2497 4310 Καταμαθὼν
2532 4237 2597 4291 δέ’
2642 4255 2765 4292 τινα
2807 4238 2915 4291 τῶν
2943 4236 3237 4311 γνωρίμων
3281 4235 3663 4290 ἐσπουδακότα

382 4326 507 4389 bus.
535 4326 728 4383 sedulo
757 4328 1059 4383 admodum
1112 4326 1477 4400 eﬂingendam
1536 4327 1831 4399 imaginem
1859 4329 1964 4384 sibi

2095 4347 2218 4394 ιπως
2255 4328 2404 4399 αὐτῷ
2424 4329 2459 4400 ἡ
2488 4326 2652 4382 εἰκὼν
2675 4328 2834 4400 ὁμοία
2854 4328 3103 4400 γένηται,
3152 4330 3290 4400 πρὸς
3310 4328 3477 4382 αὑτὸν
3511 4329 3660 4391 εἶπε.

385 4418 624 4474 similem
650 4434 866 4485 curare,
927 4419 1164 4475 actionis
1215 4434 1350 4475 vero
1398 4419 1608 4474 cultum
1642 4419 1964 4490 negligere:

384 4509 493 4575 Tu,
530 4508 732 4582 inquit,
762 4510 945 4583 eﬂingi
974 4509 1077 4565 tibi
1123 4509 1365 4580 lapidem
1399 4509 1638 4566 similem
1671 4509 1969 4581 diligenter

386 4602 619 4668 curasti,
649 4619 755 4659 nec
782 4603 894 4659 ulla
928 4602 1031 4658 tibi
1056 4604 1203 4659 ratio
1225 4610 1332 4670 est,
1358 4616 1432 4657 ne
1459 4602 1578 4672 ipse
1613 4601 1785 4668 lapidi
1817 4602 1971 4656 simi-

384 4695 456 4751 lis
494 4693 775 4751 cﬂiciaris.

457 4785 1016 4842 Demonact.—rlllos
1063 4785 1288 4856 probris
1337 4785 1675 4850 incessebat,
1704 4785 1798 4856 qui
1849 4800 1972 4841 cor-

387 4892 588 4948 porum
637 4890 826 4932 curam
885 4885 1131 4948 agentes,
1184 4876 1291 4948 ipsi
1338 4876 1554 4947 seipsos
1588 4876 1970 4947 negligerent;

387 4969 595 5040 quippe
650 4970 745 5040 qui
808 4968 1068 5024 domibus
1110 4968 1460 5041 diligentiam
1509 4968 1771 5033 habeant,
1801 4968 1972 5023 nihil-

387 5052 497 5129 que
524 5058 848 5115 domesticis
880 5074 1028 5115 ουτω
1059 5059 1404 5129 impendant.

461 5150 747 5205 Democrit.
770 5181 842 5191 -—
864 5150 1067 5206 Lineas
1105 5150 1377 5207 certiores
1439 5165 1561 5207 esse
1592 5157 1850 5221 oportet;
1886 5165 1978 5205 ae-

392 5242 574 5299 tiones
600 5244 1070 5315 prmclarissimas.

463 5356 485 5388 '
511 5356 674 5411 Forte
709 5356 950 5413 Socratis
973 5358 1079 5414 hoc
1111 5358 1343 5415 dictum.

2076 4425 2149 4478 Σὺ
2174 4425 2324 4488 ὅπως
2358 4425 2460 4495 μέν
2494 4440 2578 4476 σοι
2606 4421 2635 4474 ό
2662 4420 2809 4485 λίθος
2831 4420 3018 4493 ὅμοιος
3046 4421 3272 4492 γένηται
3292 4420 3657 4485 ἐσπούδακας*

2073 4516 2223 4581 ὅπως
2265 4513 2322 4569 δέ
2356 4514 2432 4588 μὴ
2460 4513 2624 4578 αὐτὸς
2674 4512 2810 4580 λίθῳ
2836 4512 3025 4582 ὅμοιος
3049 4512 3206 4585 γίνῃ,
3232 4511 3294 4566 οὐ
3321 4510 3657 4583 φροντίζεις.

2150 4784 2492 4856 Δημώνακτ.
2523 4814 2592 4827 -
2620 4780 2762 4844 Τοὺς
2803 4779 2912 4834 τῶν
2970 4778 3240 4850 σωμάτων
3291 4769 3662 4856 ἐπιμελουμέ-

2046 4898 2223 4947 ,νους,
2275 4877 2485 4933 ἑαυτῶν
2509 4876 2567 4931 δέ
2596 4860 2938 4946 ἀμελοῦντας
2965 4870 3261 4936 ὠνείδιζεν,
3303 4869 3379 4932 ὡς
3407 4869 3517 4923 τῶν
3559 4871 3664 4940 μὲν

2070 4972 2239 5028 οἴκων
2291 4967 2773 5041 ἐπιμελουμένους,
2798 4964 2909 5019 τῶν
2939 4964 2997 5019 δέ
3027 4962 3254 5018 ἐνοίκων
3296 4959 3660 5031 ἀμελοῦντας.

2144 5150 2458 5221 Δημόκριτ.
2490 5178 2560 5188 -
2585 5146 2699 5210 Τάς
2729 5146 2830 5218 μὲν
2844 5144 3109 5218 γραμμὰς
3127 5141 3536 5214 ἀσφαλεστέρας
3565 5138 3661 5211 (f),

2072 5244 2172 5308 τὰς
2195 5242 2252 5297 δέ
2284 5239 2515 5312 πράξεις
2549 5236 2939 5309 λαμπροτέρας
2965 5232 3108 5307 ἔχειν
3137 5233 3236 5288 δεῖ.

1906 5427 2142 5511 Noua.

462 5581 567 5655 (Ῑ)
609 5584 717 5648 Ἰὶῗς
762 5583 879 5653 μὲν
925 5562 1191 5655 ιλοαμμὶἱς
1237 5581 1716 5653 ἀινφωίεστέρας.
1772 5583 1964 5641 Lineas

2098 5584 2163 5651 it,
2186 5597 2308 5653 qua:
2342 5591 2471 5640 sunt
2523 5578 2797 5654 principia
2838 5576 3392 5643 demonstrationum,
3415 5571 3653 5633 maxime
