3992 6192
302 204 407 270 729

1611 203 1779 264 LOCI
1820 202 2139 267 COMMUN
2148 209 2257 271 ES.

3460 217 3562 279 730

370 321 509 375 Θεοῦ
541 318 691 387 ἄξιόν
748 335 807 371 σε
868 317 1106 388 ποιήσει,
1135 315 1196 369 τὸ
1254 315 1422 386 μηδὲν
1476 315 1696 380 ἀνάξιον
1725 315 1891 370 αὑτοῦ

2072 319 2307 391 Dignum
2351 334 2404 380 te
2444 325 2556 381 Deo
2591 325 2816 392 eﬂicics,
2853 326 2949 382 ubi
2983 328 3124 384 nihil
3175 343 3243 386 eo
3275 330 3565 405 indignum

299 414 590 485 πράττειν.

371 506 540 571 Βίας.
567 534 638 544 -
658 501 816 556 Οὕτω
837 499 1013 571 πειρῶ
1025 498 1144 570 ζῇν,
1171 497 1246 562 ὡς
1269 497 1365 552 καὶ⁵
1389 496 1571 566 ὀλίγον
1598 496 1691 549 καὶ
1719 495 1886 548 πολὺν

298 597 496 669 χρόνον
527 593 879 664 βιωσόμενος.
1810 602 1816 607 ·

370 687 608 742 Λάκων.
646 716 717 725 -
757 683 955 738 Λάκων
994 679 1328 752 ἐρωτηθεὶς,
1380 679 1522 732 διατί
1583 677 1887 748 άτείχιστός

298 782 516 850 ἐστινή
550 778 798 848 Σπάρτηο
846 775 939 846 Μὴ
988 773 1210 844 ψεύδου,
1254 771 1380 842 ἔφη·
1420 769 1751 840 τετείχισται
1779 769 1888 840 γάρ

298 875 427 938 ταῖς
450 872 559 925 τῶν
576 870 871 925 οἰκούντων
901 869 1143 936 ἀρεταῖς.

370 985 684 1057 Διογένης.
724 1015 794 1025 -
836 981 1227 1042 Ὀνειδίσαντος
1277 974 1424 1047 αὐτῷ
1475 991 1642 1039 τινος,
1701 974 1776 1036 ὡς
1809 975 1891 1036 εἰς

297 1078 660 1149 ἀκαθάρτους
688 1074 888 1136 τόπους
919 1070 1251 1140 εἰσέρχεται,
1280 1066 1407 1136 ἔφη’
1468 1063 1582 1118 Καὶ
1627 1065 1656 1116 ό
1715 1063 1888 1133 ἥλιος,

296 1168 424 1223 ἀλλ’
457 1169 517 1221 οὐ
548 1166 841 1237 μιαίνεται.

373 1283 645 1340 Λινδίου.
678 1311 749 1323 -
794 1279 1096 1335 Εὐσέϐειαν
1129 1276 1210 1329 δεῖ
1258 1273 1552 1343 φυλάσσειν
1577 1287 1590 1303 ⁸
1651 1269 1894 1332 πολίταις

297 1378 373 1431 τὰ
431 1375 684 1447 βέλτιστα
732 1368 1154 1442 συμδουλεύειν·
1222 1365 1422 1437 ἡδονῆς
1468 1363 1746 1433 σκρατεῖνο
1802 1360 1893 1431 βίᾳ

303 1468 482 1539 μηδὲν
533 1465 796 1537 πράττειν
833 1479 848 1492 ⁸
880 1461 971 1514 τὸν
1022 1459 1116 1512 τοῦ
1164 1458 1336 1528 δήμου
1391 1454 1584 1525 ἐχθρὸν
1638 1452 1894 1522 πολέμιον

299 1558 556 1630 νομίζειν
581 1574 595 1587 ο
628 1555 846 1618 οἰκέτας
881 1550 1179 1628 μεθύοντας
1211 1549 1286 1620 μὴ
1329 1546 1579 1610 κολάζειν
1605 1545 1685 1598 ἐἰ
1713 1544 1770 1597 δὲ
1797 1541 1891 1614 μὴ,

299 1653 490 1720 δόξεις
513 1651 815 1718 παροινεῖν.

381 1764 762 1832 Λυκούργου.
792 1788 864 1801 —
897 1755 1214 1827 Λυκοῦργος
1261 1753 1290 1805 ό
1343 1749 1668 1822 νομοθέτης,
1705 1747 1768 1801 τὸ
1796 1747 1892 1818 μὲν

305 1857 614 1928 ἀξιόχρεων
654 1853 764 1907 τῶν
784 1849 1098 1920 ’ἀνθρώπων
1147 1845 1251 1916 ἔφη
1284 1845 1342 1898 ὲν
1369 1845 1436 1915 τῇ
1451 1841 1612 1912 οὐσίᾳ
1642 1838 1856 1892 κεῖσθαι
1877 1853 1891 1868 °

307 1951 380 2004 τὸ
403 1949 462 2002 δὲ
486 1947 821 2015 ἀξιόπιστον,
853 1946 912 1998 ὲν
938 1946 1048 2007 τοῖς
1075 1942 1318 2013 τρόποις.

392 2069 764 2137 Πυθαγόρου.
789 2092 858 2104 --
880 2060 1186 2132 Φιλήδονον,
1203 2053 1602 2127 φιλοσώματον,
1635 2049 1898 2121 φιλοχρή-
1924 2018 1934 2024 ’

322 2179 495 2235 ματον
531 2161 628 2214 καὶ
675 2155 920 2226 φιλόθεον
947 2151 1038 2205 τὸν
1086 2148 1270 2212 αὐτὸν,
1307 2147 1570 2202 ἀδύνατον
1624 2137 1783 2195 εἶναι.
1839 2138 1898 2192 '0

317 2230 430 2326 γάρ
453 2251 731 2323 φιλήδονος
750 2247 964 2308 πάντως
1019 2241 1114 2296 καὶ
1148 2239 1522 2309 φιλοσώματος
1543 2251 1576 2326 '7
1593 2235 1626 2326 ό
1651 2233 1712 2326 δέ
1751 2230 1898 2326 φιλο-

323 2323 602 2414 σώματος,
640 2338 859 2400 πάντως
907 2335 1000 2389 καὶ
1048 2331 1482 2403 φιλοχρήματος’
1514 2325 1616 2378 όδὲ
1640 2323 1901 2394 φιλοχρή-

325 2453 517 2506 ματος,
549 2432 610 2498 ὲξ
638 2431 885 2498 ἀνάγκης
923 2427 1019 2480 καὶ
1048 2425 1234 2487 ἄδικος
1259 2440 1274 2456 ο
1316 2423 1345 2475 ό
1369 2420 1427 2474 δὲ
1461 2419 1665 2482 ἄδικος,
1697 2419 1778 2480 εἰς
1805 2416 1902 2488 μὲν

325 2527 459 2581 Θεὸν
489 2524 726 2589 ἀνόσιος,
751 2524 829 2585 εἰς
861 2519 918 2572 δὲ
956 2517 1242 2588 ἄνθρωπον
1275 2513 1610 2586 παράνομος.

401 2695 503 2755 Ὧν
543 2699 638 2752 τοῦ
680 2696 929 2766 σώματος
949 2690 1293 2758 ἀπαλλαγεὶς
1321 2688 1381 2742 οὐ
1417 2687 1583 2758 δεήσῃ
1612 2725 1626 2750 ,
1677 2685 1904 2740 ἐκείνων

341 2791 662 2862 καταφρόνει
688 2790 904 2840 πάντων
923 2801 936 2815 ο
963 2784 1058 2837 καλ⁸
1088 2775 1164 2836 ὧν
1187 2779 1524 2848 ἀπαλλαγεὶς
1552 2779 1749 2849 δεήσῃ,
1769 2777 1906 2848 πρὸς

335 2886 511 2943 ταῦτά
537 2903 618 2938 σοι
645 2886 808 2938 άσκου
817 2881 964 2953 μένῳ
992 2877 1123 2932 Θεὸν
1169 2875 1476 2946 παρακάλει
1510 2872 1755 2943 γίνεσθαι
1782 2871 1906 2925 συλ-

333 2981 599 3051 λήπτορα.

398 3064 996 3136 Διοδώρουπ-Πάντες
1023 3061 1298 3132 ἂνθρωποι
1323 3059 1410 3113 διὰ
1437 3057 1538 3128 τὴν
1558 3059 1657 3126 τῆς
1684 3055 1902 3123 φύσεως

331 3162 637 3223 ἀσθένειαν,
673 3157 847 3228 βιοῦσι
872 3155 968 3226 μὲν
997 3151 1284 3224 ἀκαριαῖόν
1302 3167 1354 3204 τι
1387 3150 1551 3221 μέρος
1582 3147 1676 3203 τοῦ
1706 3148 1905 3211 παντὸς

330 3253 555 3316 αἰῶνος·
609 3247 1031 3317 τετελευτήκασι
1072 3244 1128 3297 δὲ
1180 3244 1288 3296 πᾶν
1326 3241 1416 3294 τὸν
1444 3241 1668 3312 ὕστερον
1693 3241 1901 3310 χρόνον.

331 3346 442 3398 Καὶ⁸
471 3344 583 3405 τοῖς
620 3339 720 3411 μὲν
769 3340 826 3391 ὲν
853 3337 929 3408 τῷ
971 3337 1070 3408 ζῇν
1105 3333 1272 3405 μηδὲν
1313 3330 1590 3399 ἀξιόλογον
1641 3327 1903 3400 πράξασι,

331 3435 449 3506 ἅμα
498 3434 619 3495 ταῖς·
661 3429 769 3483 τῶν
819 3427 1087 3499 σωμάτων
1137 3424 1421 3482 τελευταῖς
1473 3421 1906 3491 συναποθνήσκει

331 3527 422 3581 καὶ
446 3525 514 3578 τὰ
547 3523 682 3579 ἄλλα
713 3521 889 3576 πάντα
924 3517 1067 3572 κατά
1093 3517 1186 3570 τὸν
1215 3515 1353 3585 βίον·
1382 3516 1495 3577 τοῖς
1521 3512 1578 3566 δὲ
1606 3513 1676 3566 δι’
1706 3511 1907 3582 ἀρετὴν

332 3607 862 3686 περιποιησαμένοιξ
901 3610 1086 3674 δόξαν,
1141 3609 1198 3662 αἱ
1262 3605 1492 3677 πράξεις
1546 3606 1757 3658 ἅπαντα
1813 3604 1908 3657 τὸν

332 3709 506 3764 αἰῶνα
537 3705 993 3778 μνημονεύονται,
1024 3697 1385 3769 διαϐοώμεναι
1413 3697 1491 3767 τῷ
1521 3695 1783 3765 θειοτάτῳ
1811 3695 1909 3763 τῆς

333 3800 572 3871 ἱστορίας
600 3800 828 3869 στόματι
849 3797 891 3851 ³.

415 3891 750 3959 ’Υπερίδου.
784 3916 855 3930 --
880 3889 972 3941 Δεῖ
1007 3886 1098 3941 τὸν
1134 3885 1339 3955 ἀγαθὸν
1384 3882 1810 3948 ἐπιδείκνυσθαι,
1851 3884 1909 3936 ἐν

339 3983 438 4058 μὶν
473 3986 586 4047 τοῖς
626 3983 806 4051 λόγοις
831 4021 846 4046 ,
897 3979 934 4034 ά
982 3981 1206 4050 φρονεῖ’
1255 3978 1314 4030 ὲν
1353 3977 1409 4031 δὲ
1450 3979 1566 4040 τοῖς
1618 3976 1835 4046 ἔργοις,
1875 3975 1912 4029 ἃ

337 4080 501 4130 ποιεῖ.

419 4167 688 4237 Ἰττὰχου
710 4168 998 4237 φιλοσόφ,
1029 4196 1098 4206 -
1131 4166 1270 4228 Τοὺς
1297 4165 1532 4235 ἀγαθοὺς
1563 4165 1673 4220 τῶν
1700 4163 1911 4237 ἀνθρώο

338 4275 478 4324 πων,
513 4259 649 4312 Θεοῦ
677 4275 732 4311 τι
763 4258 927 4328 μέρος
954 4257 1118 4328 ἔχειν.

1989 411 2208 468 feceris.

2060 501 2207 558 Bias.
2228 506 2399 561 ——Sic
2428 509 2588 564 stude
2620 510 2827 576 vivere,
2864 519 2926 566 ut
2974 521 3032 567 et
3093 528 3298 582 paucos
3341 514 3482 582 dies,
3511 524 3570 572 et

1989 598 2185 667 longos
2223 613 2399 653 annos
2427 601 2705 657 victurus.

2060 689 2542 747 Lucam—«Lacon
2607 693 3000 764 interrogatus,
3044 711 3144 750 cur
3182 694 3380 765 Sparta
3426 713 3569 753 mo:-

1990 781 2157 837 nibus
2187 783 2370 837 cincta
2412 799 2521 837 non
2547 793 2696 837 esset
2727 801 2739 837 :
2773 784 3025 848 Falleris,
3060 785 3266 856 inquit;
3300 788 3567 843 mmnium

1992 876 2117 930 loco
2144 877 2351 931 civium
2383 877 2687 933 virtutibus
2715 879 2897 933 cincta
2933 887 3037 933 est.

2064 985 2347 1056 Diogenes.
2382 1018 2453 1027 —-
2483 986 2623 1042 Cum
2679 989 2908 1059 quidam
2957 991 3007 1044 ei
3043 991 3250 1060 probro
3303 1002 3569 1059 verteret,

1993 1079 2143 1147 quod
2191 1080 2244 1133 in
2285 1079 2405 1134 loca
2467 1080 2761 1134 inhonesta
2798 1081 3077 1136 intraret:
3113 1084 3182 1138 Et
3217 1084 3322 1148 sol,
3365 1084 3570 1154 inquit,

1995 1169 2190 1233 intrat,
2225 1187 2330 1226 nec
2364 1179 2548 1227 tamen
2587 1173 3022 1228 contaminatur.

2071 1285 2263 1338 Lindii.
2287 1316 2356 1324 —
2381 1285 2663 1341 Servanda
2695 1287 2874 1357 pietas
2905 1297 3018 1354 est;
3074 1287 3413 1343 consulenda
3439 1289 3576 1344 civi-

1996 1375 2102 1430 bus
2128 1393 2250 1446 qua:
2283 1379 2492 1447 optima
2523 1379 2677 1444 sint;
2707 1379 2962 1448 voluptas
2999 1379 3310 1445 domanda;
3343 1381 3574 1450 per‘vim

1995 1470 2134 1523 nihil
2162 1472 2434 1540 agendum
2461 1489 2476 1538 ;
2504 1472 2682 1527 hostis
2712 1471 3002 1532 habendus
3031 1476 3126 1542 qui
3169 1473 3360 1543 populi
3393 1474 3579 1529 inimi-

1999 1575 2099 1615 cus
2138 1561 2242 1623 sit;
2278 1577 2388 1616 non
2423 1563 2702 1632 plcetendi
2755 1565 2900 1619 servi
2950 1564 3130 1630 ebrii;
3177 1565 3383 1635 alioqui
3430 1566 3578 1622 desi-

1922 1642 1970 1700 B
2001 1667 2138 1722 pere
2169 1652 2286 1722 ipse
2308 1653 2572 1708 videaris.

2067 1763 2317 1835 Lycurgi.
2382 1795 2453 1804 —
2503 1764 2784 1836 Lycurgus
2839 1765 3124 1836 legislator
3183 1766 3449 1822 honorem
3513 1783 3579 1822 ac

1999 1855 2326 1924 dignitatem
2377 1854 2524 1924 apud
2567 1855 2833 1910 homines
2886 1855 2942 1909 in
2997 1855 3196 1925 opibus
3245 1857 3404 1913 sitam
3455 1871 3578 1914 esu:

2000 1948 2215 2014 aiebat;
2271 1946 2529 2002 ﬁduciam
2559 1944 2744 2002 autem
2777 1948 2830 2001 in
2872 1948 3140 2003 moribus.

2068 2060 2534 2133 Pythagor.-—Ut
2562 2060 2708 2115 idem
2757 2060 3064 2130 voluptatis
3110 2069 3278 2131 atque
3329 2060 3582 2131 corporis

2001 2169 2066 2218 ac
2088 2155 2337 2223 pecunia:
2361 2153 2568 2224 Deique
2594 2163 2809 2208 amator
2835 2154 2928 2219 sit,
2957 2154 3112 2208 nullo
3145 2154 3310 2209 modo
3336 2153 3456 2209 ﬁeri
3479 2168 3580 2223 po-

2003 2254 2130 2301 test.
2157 2247 2293 2301 Nam
2329 2247 2632 2317 voluptatis
2671 2262 2886 2312 amans,
2929 2247 3075 2302 idem
3126 2255 3184 2301 et
3211 2261 3414 2316 corpus
3436 2253 3584 2301 amet

2002 2346 2387 2404 necesseest;
2444 2347 2501 2393 et
2559 2338 2655 2408 qui
2691 2353 2899 2408 corpus
2931 2346 3098 2402 amat,
3132 2337 3280 2392 idem
3316 2338 3584 2392 continuo

2002 2435 2059 2483 et
2094 2429 2386 2498 pecuniam
2424 2446 2437 2482 :
2475 2428 2572 2499 qui
2601 2438 2785 2484 autem
2834 2429 3151 2500 pecuniam,
3212 2428 3356 2482 idem
3391 2444 3583 2484 neces-

2003 2521 2150 2575 sario
2167 2528 2224 2575 et
2248 2519 2488 2589 injustus
2511 2527 2629 2584 est;
2656 2519 2896 2589 injustus
2918 2527 3126 2582 autem,
3152 2517 3311 2588 533
3331 2519 3384 2571 in
3411 2517 3585 2572 Deum

2004 2610 2230 2680 quidem
2260 2611 2486 2680 impius,
2513 2610 2569 2664 in
2601 2609 2858 2663 homines
2898 2615 3083 2663 autem
3117 2607 3342 2676 iniquus
3375 2614 3477 2662 est.

2074 2700 2290 2766 Quibus
2357 2716 2594 2770 corpore
2665 2700 2880 2754 solutus
2947 2715 3057 2753 non
3139 2697 3450 2768 indigebis,
3521 2712 3586 2751 ea

2005 2800 2204 2846 cuncta
2230 2799 2557 2846 contemne:
2580 2790 2782 2860 quibus
2806 2798 2990 2844 autem
3022 2797 3153 2843 tunc
3178 2787 3442 2857 temporis
3465 2802 3591 2857 ege—

2003 2884 2112 2950 his,
2157 2885 2358 2939 horum
2404 2883 2505 2938 tibi
2552 2883 2702 2938 cultu
2740 2881 3033 2946 laboranti,
3079 2881 3251 2936 Deum
3277 2879 3588 2950 adjutorem

1933 2976 1978 3038 C.
2009 2983 2207 3046 praesto
2249 2975 2366 3030 fore
2415 2989 2565 3044 roga.

2075 3066 2409 3120 Diodori.—
2443 3063 2752 3120 Mortalium
2799 3076 2974 3133 genus
3023 3075 3184 3115 omne
3244 3059 3316 3114 ob
3381 3066 3592 3111 naturae

2007 3158 2468 3222 imbecillitatem,
2518 3157 2778 3226 exiguum
2812 3151 3091 3222 quoddam
3133 3159 3472 3206 momentum
3507 3157 3591 3203 to-

2009 3250 2117 3306 tius
2151 3251 2253 3305 αξνί
2297 3249 2352 3303 in
2384 3249 2492 3303 vita
2524 3248 2755 3313 durant;
2786 3245 3068 3315 reliquum
3097 3258 3231 3298 vero
3261 3251 3434 3297 totum
3464 3257 3591 3311 spa-

2009 3344 2148 3398 tium
2193 3352 2369 3398 morte
2401 3342 2650 3412 occupati
2681 3342 2888 3412 iacent.
2923 3338 2993 3392 Et
3018 3338 3129 3392 illis
3162 3351 3314 3401 sane,
3341 3335 3435 3405 qui
3458 3334 3590 3388 dum

2006 3437 2262 3491 viverent
2287 3435 2428 3488 nihil
2465 3432 2713 3504 praeclari
2746 3438 3058 3501 gesserunt,
3083 3428 3276 3484 eodem
3309 3443 3434 3481 cum
3465 3441 3593 3479 cor-

2008 3543 2142 3599 pore
2204 3526 2360 3582 obitu
2421 3525 2604 3578 omnia
2648 3538 2868 3593 pessum
2918 3529 3071 3576 eunt.
3121 3518 3225 3585 Qui
3271 3533 3425 3581 vero,
3483 3532 3594 3586 qua

2010 3616 2180 3672 functi
2225 3616 2431 3668 virtute
2462 3620 2610 3676 sunt,
2644 3611 2875 3682 gloriam
2913 3608 3021 3664 sibi
3066 3612 3485 3676 compararunt,
3523 3605 3591 3659 il-

2010 3712 2193 3765 lorum
2240 3706 2488 3761 actiones
2528 3719 2628 3774 per
2667 3718 2830 3757 omne
2875 3715 3076 3764 sevum,
3119 3698 3469 3753 divinissimo
3510 3697 3594 3751 hi-

2012 3801 2196 3856 storiaa
2251 3813 2346 3853 ore
2400 3795 2741 3858 celebrante,
2797 3791 3399 3848 commemorabuntur.

2086 3886 2690 3963 Hyperidis.——Virum
2741 3885 2970 3948 bonum,
3009 3898 3132 3953 quat
3155 3880 3342 3946 sentit,
3379 3878 3592 3944 verbis;

2014 4001 2135 4056 quae
2174 3999 2309 4038 vero
2359 3981 2509 4047 facit,
2543 3993 2710 4050 opere
2740 3975 3035 4033 ostendere
3059 3979 3238 4030 decet.

2085 4164 2322 4218 uittae/ti
2354 4127 2667 4232 philosOpIu'.
2690 4188 2752 4201 -
2769 4159 2951 4214 Bonos
2975 4157 3149 4222 viros,
3176 4153 3274 4208 Dei
3301 4148 3595 4222 quamdam

2019 4267 2229 4323 partem
2273 4251 2477 4305 habere
2510 4249 2690 4304 decet.

421 4314 782 4419 Ἀριστοτέλὶ
909 4314 1044 4403 ὸεξῦ
1076 4349 1175 4419 μέν
1201 4350 1319 4403 ἔστι
1349 4349 1611 4420 πράττειν
1654 4347 1690 4402 ἃ
1730 4346 1903 4417 βούλε⁴

2028 4314 2035 4323 ³
2091 4341 2559 4398 Aristotel.—Dei
2607 4346 2711 4404 est,
2760 4353 2882 4408 quae
2930 4337 3066 4392 velit
3107 4350 3267 4406 agere
3307 4330 3595 4387 :hominis

339 4460 463 4497 ται·
492 4441 786 4512 ἀνθρώπου
816 4441 895 4506 δὲ,
926 4441 994 4496 τά
1025 4440 1214 4495 δέοντα
1247 4439 1644 4511 προθυμεῖσθαι
1675 4439 1772 4510 (g).

422 4535 1084 4604 Ἀντιφάνους.-”Οταν
1119 4533 1370 4601 εὐπορῶν
1398 4550 1483 4597 τις
1511 4533 1713 4603 αἰσχρά
1746 4532 1920 4603 πράτ-

343 4643 409 4697 τῃ
438 4627 762 4698 πράγματα,
789 4627 841 4681 τί
864 4627 1068 4681 τούτων
1092 4627 1454 4698 ἀπορήσαντα
1484 4625 1720 4696 πράξειν
1747 4643 1918 4697 προσ-

345 4716 501 4786 δοκᾷς
529 4738 548 4784 ;

415 4873 438 4908 ³
479 4864 716 4946 Frigida
747 4875 864 4931 haec
923 4888 1134 4930 merces
1170 4874 1480 4945 saepiusque
1520 4873 1852 4932 frustranea.

2019 4444 2204 4492 autem
2246 4448 2368 4505 quae
2412 4430 2577 4487 ollicii
2625 4445 2690 4485 ac
2740 4430 2972 4484 honesta
3023 4437 3173 4491 sunt,
3215 4423 3524 4496 providere.

2090 4527 2467 4598 Antiphan.—
2494 4521 2550 4578 Si
2581 4522 2706 4592 quis
2746 4521 2802 4575 in
2857 4535 3044 4576 rerum
3079 4516 3414 4573 abundantia
3442 4522 3600 4581 turpe

2021 4618 2228 4689 aliquid
2271 4614 2533 4679 admittit,
2560 4612 2692 4683 quid
2729 4612 2783 4667 in
2829 4611 3060 4683 penuria
3103 4611 3383 4665 viventem
3437 4617 3590 4658 com-

2026 4716 2323 4771 missurum
2372 4707 2692 4781 putaveris?

1920 5007 2128 5064 ΝΟΤᾸΞ

343 5154 852 5226 εθοῐηειτίοατυιηη
874 5167 996 5226 quge
1038 5149 1306 5205 certiores
1349 5158 1496 5226 sunt.
1526 5149 1659 5226 Nam
1692 5157 1752 5226 et
1775 5149 1922 5206 linea

345 5220 526 5350 ipsum
549 5222 800 5293 estquod
830 5221 1038 5303 βαλϐὶς,
1061 5236 1317 5285 carceres,
1344 5220 1489 5276 unde
1513 5220 1715 5291 auriga:
1739 5221 1794 5275 in
1818 5229 1928 5276 sta-

387 5310 441 5348 to
469 5310 689 5349 cursum
719 5300 1096 5350 auspicantur.

387 5295 441 5348 io
469 5292 689 5349 cursum
719 5292 1096 5362 auspicantur.

425 5367 499 5434 lg)
535 5365 609 5418 Τὰ
647 5357 877 5434 δέοντα
901 5357 1350 5434 προθυμεῖσθαι.
1385 5358 1550 5424 Quasi
1585 5359 1724 5434 velle
1748 5368 1804 5434 et
1837 5360 1926 5415 in-

346 5429 550 5489 choare
570 5449 635 5487 ex
657 5433 817 5485 nobis
838 5432 942 5494 sit;
965 5430 1228 5500 operibus
1247 5443 1378 5500 vero
1398 5429 1700 5498 praestatio,
1721 5445 1751 5484 a
1775 5431 1885 5484 Deo
1913 5447 1925 5483 :

346 5504 497 5574 quod
546 5504 722 5572 ipsum
773 5498 1058 5574 hauserint
1083 5498 1381 5574 Pelagiani,
1411 5513 1506 5574 seu
1545 5500 1762 5574 illorum
1797 5500 1929 5574 reli-

347 5569 515 5643 quiae,
547 5569 611 5626 ex
652 5571 892 5626 cmnosis
933 5569 1388 5643 philosophorum
1435 5569 1701 5643 fontibus,
1731 5571 1933 5639 quibus

350 5633 461 5700 non
493 5633 624 5699 satis
653 5633 1365 5714 per~pcctdgratimChristi
1386 5639 1641 5710 mysteria
1666 5633 1769 5710 qua
1798 5657 1932 5712 pra:-

2037 5158 2263 5220 paratur
2293 5149 2652 5220 voluntas,_ut
2674 5144 2752 5220 sic
2781 5144 2983 5213 cogitet
3004 5141 3072 5220 τὰ
3095 5139 3302 5220 δέοντα,
3329 5155 3456 5220 qua:
3481 5155 3610 5194 vere

2035 5211 2265 5274 honesta
2300 5219 2411 5272 sint
2437 5226 2493 5272 et
2526 5216 2591 5270 ad
2627 5211 2872 5270 salutem'
2890 5212 3224 5274 conducant,
3249 5211 3399 5264 nulla
3428 5211 3480 5263 in
3511 5227 3611 5263 nn-

2029 5291 2137 5353 bis,
2162 5289 2319 5358 quasi
2360 5303 2427 5343 ex
2458 5285 2638 5347 nobis,
2672 5298 2864 5358 eoru_m
2911 5281 3189 5358 facultate,
3220 5286 3280 5332 ut
3306 5279 3613 5358 proﬁtetur

2031 5351 2264 5429 magnus
2297 5358 2484 5429 gratiae
2519 5352 3020 5429 assertor_Paulus.
3063 5351 3257 5420 Jejune
3299 5351 3465 5429 Gesn.
3499 5365 3616 5429 qna:

2032 5418 2162 5500 opu}
2193 5418 2336 5500 sunt:
2373 5422 2695 5500 Exponendi
2751 5418 3251 5500 Patres._quorum
3301 5418 3478 5500 aﬂinis
3531 5420 3614 5473 lo-

2033 5489 2240 5565 quendi
2273 5489 2488 5558 modus,
2520 5503 2579 5548 ut
2604 5507 2726 5547 cum
2758 5492 2953 5565 gratia,
2987 5489 3192 5565 illaque
3212 5489 3487 5544 excitante
3523 5505 3616 5565 ve-

2035 5559 2237 5623 limus:
2267 5583 2374 5636 qua
2418 5565 2699 5636 voluntate
2730 5559 2797 5636 ad
2850 5563 3056 5636 majora
3097 5559 3195 5614 Dei
3242 5575 3493 5625 munera,
3532 5559 3615 5628 ip~

2037 5632 2526 5711 sanique—gratiam
2558 5633 2788 5705 perfecti
2819 5632 3006 5704 operis
3033 5644 3428 5702 praeparentur.
