3992 6192
237 276 337 339 733

1542 282 1711 341 LOCl
1744 280 2064 342 COMMUN
2071 282 2180 341 ES.

3382 266 3488 330 734

237 389 293 442 δὲ
344 384 593 446 ὄπισθεν.
649 384 846 454 τυφλόν
889 387 1056 440 ἐστιν.
1092 386 1155 439 Ἠ
1202 385 1259 439 δὲ
1307 387 1538 453 διάνοια,
1591 392 1686 443 καὶ
1738 392 1804 444 τὰ

1952 402 2112 445 aecum
2138 396 2241 443 est.
2274 384 2443 442 Menti
2473 398 2608 439 vero
2640 388 3038 452 comparatum,
3078 394 3143 436 ea
3173 378 3337 435 etiam
3365 394 3489 449 quae

240 476 617 549 παρῳχημένα
646 475 867 546 βλέπειν
890 479 956 546 τῇ
988 476 1177 547 μνήμῃ
1207 476 1473 544 πέφυκεν.

313 569 539 639 ’Δφρων
564 566 879 637 αὐθημερὸν
914 566 1228 637 ἐξαγγέλλει
1258 567 1434 638 ὀργὴν
1460 568 1647 623 αὐτοῦ.

316 767 434 830 Πᾶς
464 756 699 837 Ἑφρων,
733 763 896 829 εὐθὺς
930 764 1021 819 καὶ
1065 764 1404 836 μικρόψυχος
1448 766 1553 838 (Ιί)⁹
1598 768 1661 821 οὐ
1711 768 1821 840 γάρ

246 857 363 910 ἑστι
389 857 611 925 πάγιος.

317 967 340 1000 ⁸
371 968 441 1020 Εἴ
464 966 596 1020 ποτέ
621 983 745 1021 τινα
780 965 1024 1036 ἑώρακεν
1059 966 1463 1037 ἁμαρτάνοντα,
1492 969 1669 1040 ἐλεγεο
1694 972 1821 1044 Μή-

248 1074 379 1112 ποτε
406 1058 502 1111 καὶ
525 1056 637 1126 ἐγὼ
666 1057 893 1127 τοιούτῳ
924 1059 1226 1129 περιπέσω.

315 1148 692 1221 Μενάνδρου.
720 1178 793 1191 -
813 1148 1066 1203 ’Δπαντα
1102 1149 1265 1204 δοῦλα
1302 1150 1396 1204 τοῦ
1426 1151 1644 1222 φρονεῖν
1683 1150 1818 1207 καθ-

256 1240 491 1295 ίσταται.

318 1352 706 1421 Βουλευόμενοι
740 1350 1161 1422 παραδείγματα
1202 1350 1482 1408 ποιοῦνται
1515 1326 1821 1424 παρεληλυ-

253 1441 384 1495 θότα
408 1442 517 1495 τῶν
548 1439 872 1510 μελλόντων.
890 1442 965 1494 Τὸ
989 1442 1099 1512 γὰρ
1127 1441 1355 1509 ἀφανὲς,
1382 1444 1445 1496 ὲκ
1460 1432 1552 1496 τοῦ
1582 1444 1818 1516 φανεροῦ

252 1531 515 1602 ταχίστην
537 1532 650 1601 ἔχει
671 1532 771 1602 τὴν
789 1531 1101 1600 διάγνωσιν.

1917 480 2198 550 ρι’ωιθινίιο
2244 487 2375 533 sunt
2423 476 2689 555 memoria
2731 488 2982 529 cernere.

1996 568 2146 624 Prov.
2180 585 2275 634 xu,
2327 569 2414 624 16.
2453 566 2813 637 -—lnsipiens
2846 564 3043 620 eadem
3090 562 3183 618 die
3235 559 3494 617 enuntiat

1918 659 2057 714 iram
2107 674 2284 714 suam.

1988 748 2149 803 Prov.
2190 765 2300 814 xxv,
2330 746 2729 805 29.——0mnis
2772 744 3062 815 insipiens,
3100 743 3280 814 palam
3323 742 3491 798 etiam

1919 838 2120 910 pusillo
2136 838 2321 892 animo
2342 846 2427 893 est
2453 858 2467 893 :
2492 853 2605 892 non
2626 836 2772 892 enim
2798 834 2990 889 firmus
3006 841 3061 889 et
3080 832 3299 907 stabilis
3324 841 3430 887 est.

1988 948 2046 1004 Si
2079 949 2304 1019 quando
2352 948 2592 1018 aliquem
2636 951 2957 1017 peccantem
3007 942 3492 1008 animadverteret,

1920 1039 2144 1095 dicebat
2173 1056 2188 1093 :
2234 1039 2317 1095 Ne
2361 1046 2418 1093 et
2447 1054 2552 1108 ego
2578 1039 2636 1093 in
2682 1036 2790 1091 tale
2817 1033 3103 1105 quidpiam
3137 1031 3401 1087 incidam.

1914 1204 1931 1219 ο
1988 1128 2546 1219 Ηεηαηάνίτ-Νἱιιὶι
2597 1141 2711 1181 non
2757 1124 2969 1181 servire
3015 1122 3162 1194 cogit
3207 1121 3313 1176 sibi
3358 1135 3493 1192 pru-

1920 1218 2129 1273 denﬁa.

1989 1352 2041 1406 Is
2074 1350 2171 1421 qui
2193 1350 2298 1406 init
2322 1349 2638 1413 consilium,
2667 1362 2790 1418 quae
2815 1352 2947 1401 sunt
2980 1341 3287 1414 praeterita,
3312 1355 3500 1397 exem-

1920 1444 2009 1514 pla
2041 1442 2149 1497 sibi
2182 1441 2495 1496 futurorum
2525 1440 2675 1495 facit.
2700 1438 2855 1505 QuOd
2886 1436 3035 1491 enim
3068 1434 3366 1489 obscurum
3390 1440 3495 1496 est,

1920 1551 1988 1591 ex
2025 1550 2093 1589 eo
2127 1533 2272 1603 quod
2323 1543 2409 1587 est
2457 1530 2809 1586 manifestum
2863 1526 3155 1584 celerrime
3200 1522 3498 1595 diiudicari

1920 1640 1985 1680 ac
2020 1623 2260 1680 discerni
2291 1629 2493 1693 potest.

312 1705 675 1773 ’Ῑσοκράτ.-
690 1705 748 1760 '0
769 1708 954 1771 κακῶς
971 1709 1273 1782 διανοηθεὶς
1293 1729 1359 1766 πε
1370 1712 1420 1783 pi
1441 1710 1550 1765 τῶν
1571 1710 1816 1777 οίκείων,

1990 1714 2261 1770 Isocratis.
2283 1744 2353 1755 -—
2371 1712 2475 1779 Qui
2505 1711 2573 1767 de
2602 1711 2720 1767 suis
2753 1710 2922 1766 rebus
2950 1707 3092 1763 male
3115 1707 3332 1772 statuit,
3356 1720 3499 1759 nun-

250 1796 506 1850 οὐδέποτε
540 1795 723 1859 καλῶς
755 1796 1101 1866 βουλεύσεται
1133 1802 1264 1871 περὶ
1295 1801 1404 1855 τῶν
1431 1798 1748 1872 ἀλλοτρίων.

325 1884 640 1956 Κλειτάρχ.
673 1916 745 1927 -
782 1887 845 1941 Ἦ
881 1890 1032 1959 ἰσχὺς
1067 1890 1163 1944 τοῦ
1200 1890 1450 1961 σώματος
1489 1890 1564 1961 μὴ
1592 1889 1825 1958 γινέσθω

250 1977 352 2049 τῆς
383 1975 561 2046 ψυχῆς
590 1973 841 2039 ἀσθένεια
860 1994 877 2011 ·
912 1980 1064 2050 ἰσχὺν
1090 1979 1148 2033 δὲ
1180 1980 1360 2051 ψυχῆς
1382 2019 1397 2045 ,
1438 1979 1699 2051 φρόνησιν
1739 1977 1825 2031 νό-

255 2068 408 2139 μιζε.

324 2158 671 2229 Δημώνακτ.
698 2189 767 2203 -
807 2161 897 2215 Ἐν
927 2160 1228 2230 ἀλλοτρίοις
1262 2161 1668 2233 παραδείγμασι
1699 2159 1827 2214 παί-

253 2248 378 2304 δευε
421 2255 664 2317 σεαυτὸν,
694 2251 785 2306 καὶ
810 2251 1158 2322 ἀπαθὴς-τῶν
1186 2251 1372 2305 κακῶν
1403 2251 1524 2325 ἔσῃ.
1626 2266 1635 2271 ‘

336 2343 799 2410 Ἀριστείδου.--
817 2343 892 2396 To
924 2343 1022 2414 μὲν
1051 2344 1205 2415 νικᾷν
1233 2345 1290 2397 ὲν
1313 2346 1434 2408 ταῖς
1470 2342 1688 2413 μάχαις,
1729 2341 1824 2396 καὶ

253 2432 366 2494 τοῖς
428 2430 654 2500 φαύλοις
708 2430 971 2494 πολλάκις
1020 2433 1396 2502 περιγίνεται⁹
1454 2433 1716 2503 φρονήσει
1768 2431 1825 2484 δὲ

255 2522 349 2576 καὶ
375 2522 539 2593 σοφίᾳ
568 2523 791 2594 κρατεῖν
810 2521 1089 2590 δύνασθαι,
1128 2524 1289 2595 μόνον
1318 2523 1437 2576 ἐστὶ
1460 2524 1569 2577 τῶν
1603 2522 1824 2577 εἰδότων

262 2609 626 2680 βουλεύεσθαι.
742 2649 752 2657 -

330 2701 738 2769 Γαΐου.-Σωφ
748 2699 960 2769 ρονέστε
968 2716 1058 2770 ρον
1073 2692 1225 2771 οἶμαι
1242 2700 1336 2753 τοῦ
1358 2700 1493 2771 μετά
1507 2699 1602 2753 τοῦ
1620 2698 1825 2764 πάθους

265 2791 534 2860 ὶγκαλεῖν,
556 2792 618 2845 τὸ
642 2793 767 2863 πρὶν
797 2791 988 2846 παθεῖν
1014 2790 1351 2861 φυλάξασθαι
1373 2790 1466 2845 τοῦ
1498 2791 1573 2863 μὴ
1604 2789 1821 2846 παθεῖν.

329 2966 1057 3038 Δημοκράτ.-Φρονήσεως
1085 2967 1264 3036 ἔργον,
1283 2966 1586 3038 μέλλουσαν
1609 2966 1824 3020 ἀδικίαν

1924 1821 2088 1878 quam
2136 1806 2333 1861 alienis
2364 1805 2507 1859 bene
2547 1801 2910 1860 consuluerit.

1994 1894 2571 1952 Clitarchi.—Robur
2617 1891 2871 1962 corporis
2943 1903 3076 1944 cave
3130 1883 3301 1940 animi
3339 1881 3494 1937 infir-

1924 1987 2088 2040 mitas
2133 1986 2204 2040 sit
2237 2003 2250 2039 :
2286 1984 2456 2040 animi
2510 1994 2696 2038 autem
2735 1979 2908 2035 robur
2942 1985 3108 2048 atque
3156 1975 3266 2029 vim
3302 1979 3497 2043 reputa

1922 2076 2295 2147 prudentiam.
2757 2057 2761 2061 ’

1994 2166 2303 2221 Demonact.
2339 2196 2411 2207 -—-
2437 2164 2651 2220 Alienis
2689 2168 2742 2218 te
2786 2160 3054 2231 exemplis
3101 2156 3345 2223 erudito,
3396 2168 3500 2209 nec

1922 2259 2226 2330 quidquam
2265 2257 2393 2311 mali
2447 2255 2700 2326 patieris.

1992 2349 2353 2405 Aristidis.——
2375 2347 2603 2403 Vincere
2635 2345 2689 2399 in
2724 2343 2949 2414 pmliis,
2993 2340 3159 2395 etiam
3207 2335 3496 2407 improbis,

1924 2454 2302 2509 saepenumero
2332 2436 2602 2515 contingit
2630 2454 2642 2489 :
2669 2433 2964 2505 prudentia
2988 2447 3121 2485 vero
3146 2438 3204 2484 et
3230 2426 3499 2497 sapientia

1924 2546 2085 2603 posse
2130 2532 2377 2595 vincere,
2416 2527 2472 2582 id
2509 2526 2735 2581 demum
2762 2538 2958 2579 eorum
3004 2528 3112 2587 est,
3147 2518 3244 2591 qui
3268 2517 3501 2573 consilio

1924 2621 2163 2674 valeant.

1997 2710 2155 2781 535
2177 2703 2737 2765 (hii—Prudentius
2756 2701 3018 2765 arbitror,
3035 2699 3354 2771 priusquam
3375 2707 3503 2749 eve-

1925 2802 2091 2865 nerit,
2136 2814 2332 2855 cavere
2365 2812 2434 2851 ne
2476 2795 2679 2850 malum
2720 2792 2964 2858 eveniat,
3004 2804 3168 2862 quam
3211 2795 3500 2859 postquam

1925 2892 2197 2958 evenerit,
2246 2888 2382 2944 illud
2425 2901 2745 2942 accusares
2850 2902 2857 2909 ‘

1998 2977 2728 3039 Democrat.—Prudentiaa
2775 2989 2979 3030 munus
3024 2978 3130 3039 est,
3169 2985 3332 3042 quam
3377 2969 3503 3040 quis

266 3058 619 3130 φυλάξασθαι·
653 3058 985 3130 ἀναλγησίας
1020 3056 1081 3128 (ί)
1111 3056 1189 3123 δὲ,
1223 3055 1516 3127 γενομένης
1562 3055 1639 3127 μὴ
1682 3055 1822 3127 ἀμύ-

1952 3080 2187 3133 Ilaturus
2211 3074 2282 3129 sit
2315 3071 2573 3143 iniuriam
2606 3083 2834 3133 cavere;
2863 3063 3106 3135 stuporis
3133 3070 3343 3128 autem,
3374 3076 3502 3116 cum

262 3152 471 3206 νασθαι.

331 3244 625 3309 Σόλωνος.
646 3268 720 3281 -
740 3238 1087 3312 Συμόούλευε
1107 3276 1122 3304 ,
1154 3232 1229 3310 μὴ
1252 3237 1318 3292 τὰ
1344 3237 1557 3309 ἣδιστα,
1585 3236 1721 3291 ἀλλὰ
1758 3236 1828 3290 τὰ

258 3335 475 3407 ἄριστα.

346 3425 718 3491 Ἐπικτήτου.
749 3454 820 3468 -—
849 3420 1115 3477 Βουλεύου
1150 3420 1321 3476 πολλὰ
1356 3420 1485 3493 περὶ
1517 3420 1610 3473 τοῦ
1645 3420 1827 3489 λέγειν

254 3535 315 3571 τι
345 3516 379 3587 ἢ
408 3517 693 3586 πράττειν’
725 3513 786 3568 οὗ
838 3513 947 3586 γὰρ
976 3512 1120 3578 ἕξεις
1164 3511 1346 3566 ἄδειαν
1387 3510 1826 3573 ἀνακαλέσασθαι

251 3609 330 3662 τὰ
348 3606 605 3677 λεχθέντα
633 3607 666 3678 ἢ
699 3604 1030 3677 πραχθέντα.
1168 3606 1173 3607 ⁷

331 3701 571 3764 Βίας.-
587 3699 660 3752 Τὸ
684 3698 784 3768 μὲν
815 3696 1032 3767 ἰσχυρὸν
1063 3693 1141 3766 τῷ
1176 3692 1388 3765 σώματι
1411 3694 1684 3762 γενέσθαι,
1722 3693 1824 3762 φύς

246 3807 400 3855 σεως
423 3791 609 3860 ἔργον·
644 3767 705 3843 τδ
725 3787 782 3842 δὲ
808 3787 989 3855 λέγειν
1015 3786 1083 3839 τὰ
1113 3785 1460 3855 συμφέροντα
1488 3788 1554 3857 τῇ
1581 3767 1824 3856 πατρίδι,

240 3880 437 3952 ψυχῆς
463 3879 592 3932 ἴδιον
620 3878 715 3932 καὶ
736 3877 1068 3947 φρονήσεως.

336 3972 399 4024 '0
433 3969 594 4032 αὐτὸς
619 3967 938 4040 ἐρωτηθεὶς,
975 3968 1058 4032 τίς
1087 3968 1307 4041 ἄριστος
1333 3968 1656 4039 σύμϐουλος,
1684 3968 1787 4040 ἔφη
1807 3986 1820 3999 ο

246 4064 323 4115 ὐ
358 4061 575 4131 καιρός.
760 4066 761 4069 “

319 4152 468 4214 Τοὺς
505 4149 804 4223 φρονίμους
842 4148 996 4217 ἔλεγε
1042 4149 1243 4220 μᾶλλον
1275 4149 1379 4204 ὑπὸ
1414 4150 1522 4204 τῶν
1551 4152 1821 4223 ἀφρόνων,

235 4247 274 4317 ἢ
303 4244 442 4306 τοὺς
465 4242 705 4312 ἄφρονας
735 4241 840 4294 ὑπὸ
865 4240 973 4294 τῶν
1008 4240 1286 4311 φρονίμων
1310 4241 1636 4309 ὠφελεῖσθαι
1654 4258 1671 4275 ’
1700 4242 1825 4296 τού-

228 4353 380 4398 τους
425 4334 525 4405 μὲν
569 4334 677 4404 γὰρ
728 4331 1094 4399 φυλάττεσθαι
1120 4330 1219 4395 τὰς
1259 4331 1482 4386 ἐκείνων
1514 4334 1821 4405 ἁμαρτίαςο

1928 3170 2077 3224 illata
2117 3167 2211 3231 sit,
2251 3178 2361 3219 non
2417 3161 2608 3217 ulcisci
2650 3176 2716 3215 ac
2764 3157 3072 3228 depellere.

1996 3253 2573 3314 Solonis.—Consule
2609 3266 2719 3309 non
2758 3264 2882 3321 quae
2919 3245 3321 3320 iucundissima
3351 3250 3500 3311 sunt,

1927 3346 2023 3403 sed
2074 3360 2197 3416 quae
2240 3343 2466 3413 optima.

1996 3434 2590 3507 Epicteti.—Multum
2635 3431 2904 3494 delibera,
2957 3443 3081 3485 cum
3123 3424 3258 3496 quid
3315 3425 3507 3479 dicen-

1926 3528 2056 3583 dum
2098 3535 2193 3582 aut
2225 3526 2494 3596 agendum
2525 3522 2793 3577 habueris
2829 3538 2843 3573 :
2876 3535 2980 3575 nec
3023 3518 3172 3573 enim
3202 3524 3275 3571 ut»
3293 3531 3356 3570 ea
3381 3529 3503 3584 qua:

1925 3620 2072 3675 dicta
2110 3619 2321 3673 laetave
2359 3616 2586 3679 fuerint,
2627 3626 2876 3676 revoces,
2909 3611 3000 3665 tibi
3036 3609 3273 3663 liberum
3301 3605 3427 3660 erit.
3542 3610 3547 3611 ’

1995 3710 2225 3764 Biantis.
2249 3706 2587 3763 —Robusto
2620 3713 2677 3759 et
2704 3703 2911 3758 valenti
2941 3716 3062 3756 esse
3104 3713 3357 3769 corpore,
3403 3710 3503 3750 na-

1925 3811 2063 3857 turae
2111 3813 2313 3854 munus
2343 3804 2428 3853 est
2463 3814 2476 3850 :
2510 3795 2696 3850 dicere
2729 3802 2916 3849 autem
2950 3807 3013 3847 ea
3038 3807 3160 3860 qua:
3180 3789 3369 3860 patrize
3397 3787 3505 3842 uti-

1924 3892 2000 3946 lia
2035 3891 2167 3954 sint,
2207 3887 2263 3943 id
2311 3885 2481 3942 animi
2525 3885 2815 3955 proprium
2854 3888 2940 3937 est
2972 3896 3035 3935 ac
3069 3878 3393 3950 prudentize.

1878 4042 1888 4049 ,
1932 4026 1935 4029 -
1993 3983 2143 4038 Idem
2182 3981 2573 4049 interrogatus,
2628 3977 2755 4046 quis
2800 3974 3045 4045 optimus
3073 3978 3220 4027 esset
3242 3967 3507 4024 consilia-

1925 4073 2043 4128 rius
2090 4070 2402 4140 :Tempus,
2462 4068 2661 4138 inquit.

1990 4163 2301 4220 Prudentes
2348 4160 2569 4216 dicebat
2612 4159 2787 4230 magis
2820 4156 3027 4228 aliquid
3062 4155 3131 4210 ab
3180 4151 3511 4225 impruden-

1929 4253 2097 4317 tibus,
2139 4267 2302 4323 quam
2349 4250 2731 4321 imprudentes
2768 4265 2800 4302 a
2838 4245 3204 4319 prudentibus
3250 4242 3511 4298 utilitatis

1929 4350 2149 4411 captare
2186 4360 2198 4395 :
2233 4341 2336 4394 hos
2386 4340 2534 4395 enim
2579 4339 2799 4393 illorum
2859 4351 3055 4391 cavere
3104 4346 3321 4400 errata;
3383 4334 3513 4388 illos

228 4401 500 4488 lxeivou;
529 4424 587 4477 δὲ
606 4464 620 4487 ,
647 4401 746 4485 τὰς
773 4422 978 4477 τούτων
1008 4423 1082 4495 μὴ
1122 4422 1408 4493 μιμεῖσθαι
1436 4401 1822 4495 κατορθώσεις.

1952 4441 2118 4488 mtem
2149 4447 2258 4487 non
2292 4431 2502 4487 imitari
2522 4411 2731 4485 .horum
2761 4430 2999 4483 virtutes
3034 4443 3098 4482 ac
3124 4437 3274 4481 recte
3305 4423 3467 4479 facta.

309 4516 421 4568 Δεῖ
461 4514 553 4566 τὸν
586 4511 790 4581 ἀγαθὸν
823 4512 1020 4586 ἄνδρα,
1053 4513 1363 4585 μεμνῆσθαι
1392 4515 1491 4586 μὲν
1532 4515 1641 4568 τῶν
1669 4532 1825 4585 γενο-

226 4606 459 4678 μένων,
490 4603 756 4673 πράττειν
788 4603 845 4656 δὲ
883 4602 953 4656 τὰ
989 4604 1287 4660 ἐνεστῶταο
1322 4606 1449 4677 περὶ
1476 4605 1533 4660 δὲ
1560 4605 1669 4661 τῶν
1702 4606 1827 4677 μελ-

219 4697 458 4752 λόντων
485 4694 895 4765 ἁσφαλίζεσθαι.

311 4814 343 4846 ⁸
378 4811 545 4866 Deest
567 4812 812 4867 auctoris
834 4821 1056 4867 nomen.

2004 4521 2199 4575 Virum
2229 4521 2437 4575 bonum
2467 4521 2628 4575 decet
2660 4517 2945 4591 praeterita
2975 4515 3239 4570 memoria
3283 4520 3503 4571 tenere;

1930 4627 2052 4681 qua:
2077 4611 2363 4679 praesentis
2406 4609 2669 4681 temporis
2696 4607 2809 4664 sint
2853 4590 3056 4679 agere;
3098 4621 3163 4662 ac
3190 4603 3389 4661 futuris
3418 4601 3505 4657 di-

1931 4701 2164 4771 ligenter
2211 4700 2549 4771 prospicere.

1768 4887 2000 4944 ΝΟΤΕ.

308 5034 403 5105 (Ic)
431 5033 629 5114 ιξὺθὺς
652 5033 750 5114 ara}
777 5036 1169 5114 μικρόψυχος.
1198 5035 1333 5114 Ejus
1355 5036 1506 5093 vocis
1533 5038 1640 5092 hoc
1666 5052 1831 5114 sensu

191 5102 571 5175 exemplum
602 5111 690 5175 est
720 5103 774 5175 in
806 5102 970 5156 Thes.
1005 5103 1156 5156 istud
1198 5102 1330 5175 satis
1372 5116 1657 5175 apertum;
1691 5122 1756 5162 ac
1786 5108 1832 5162 si

190 5170 446 5244 dicat}
477 5170 695 5244 Statim,
713 5172 863 5244 citra
876 5187 1097 5244 omnem
1116 5170 1628 5244 ambagem'pusillo
1644 5170 1834 5244 animo

183 5256 310 5306 es:
386 5239 509 5296 Nec
549 5243 690 5294 forte
717 5240 867 5311 aliud
895 5242 968 5295 sit
1010 5251 1106 5296 aut
1134 5239 1590 5311 respiciatfquod
1622 5245 1714 5302 hic
1747 5239 1833 5301 di-

179 5326 445 5386 cetur,
461 5324 623 5375 quam
644 5310 790 5386 quod
817 5319 901 5364 est
926 5310 1332 5386 Prov_._x1v,’29.
1352 5314 1409 5386 ὐ
1439 5310 1495 5367 δὲ
1517 5314 1835 5386 όλιγόψυχος

215 5379 469 5453 Schgl.
507 5379 859 5453 μικρόψυχος,
884 5381 1031 5453 quod
1062 5381 1205 5453 idern
1228 5382 1332 5452 est)
1362 5383 1593 5453 ἰσχυρῶς
1612 5379 1827 5453 ἄφρων.

244 5447 623 5528 ωἰιιαηὶιηὶε
650 5447 801 5528 valde
840 5447 1127 5528 ineipiens._
1146 5447 1323 5528 E_t__ut'
1341 5447 1830 5528 alicujusPa'trum

171 5518 589 5599 sententiam
630 5518 983 5599 existimem,
1035 5519 1281 5599 qui_illo
1328 5518 1681 5599 respeiterit,‘
1702 5523 1834 5578 facit

169 5595 373 5657 ratio
404 5588 710 5668 adjuncta
818 5588 926 5657 γάρ
949 5588 1063 5668 ἐστι
1089 5589 1306 5656 πάγιος.
1336 5588 1830 5668 Νρὲιηιςηίιηλὶνηιιιπ

161 5674 303 5728 aut
331 5668 617 5719 constans
638 5665 742 5723 est;
767 5659 823 5713 in
843 5674 951 5728 qua
982 5659 1098 5728 ipsa
1120 5659 1425 5730 respexerit
1454 5662 1589 5718 illud
1611 5662 1828 5733 Sirach,

1944 5039 2002 5092 Ὅ
2034 5038 2089 5111 δὲ
2115 5040 2303 5111 ἄφρων
2320 5037 2396 5100 ὠς
2428 5037 2621 5107 σελήνη
2635 5035 2958 5111 ἀλλοιοῦται
2978 5050 3149 5111 _xxvu,
3181 5033 3282 5111 11..
3300 5031 3504 5111 Stultus

1932 5117 1990 5161 ut
2026 5102 2477 5171 luna"mutatur;
2506 5102 2649 5175 quod
2682 5121 2749 5161 ex
2782 5105 2870 5175 illa
2902 5104 3071 5175 animi
3100 5102 3506 5175 pusi_I_litate__illi

1932 5178 2203 5246 provenit.
2240 5177 2455 5239 Hiatns,
2490 5172 2657 5246 quem
2688 5173 2898 5246 notavit
2938 5172 3105 5227 Gesn.
3141 5172 3325 5246 nullus
3367 5172 3508 5225 alius

1931 5240 2167 5323 videtin;
2217 5260 2382 5316 quam
2421 5240 2577 5323 quod
2621 5242 2901 5323 ﬁapieutis
2944 5257 3169 5323 nomen,
3216 5240 3376 5321 cujus
3423 5251 3509 5295 est

1932 5308 2171 5441 ἰδρυοῶ
2197 5308 2491 5377 sententia,
2516 5308 2803 5377 exciderit,
2827 5311 2974 5381 quod
3003 5310 3061 5365 in
3088 5310 3175 5364 his
3200 5308 3367 5364 nimis
3390 5324 3511 5365 cre-

1974 5402 2095 5440 rum
2124 5394 2230 5440 est.

1974 5402 2095 5440 rum
2124 5394 2230 5440 εει.

2006 5454 2096 5525 (ι)
2128 5450 2576 5525 ηἈναλγηᾳίας.
2613 5448 2830 5525 Excidit
2854 5463 2938 5525 _ea
2975 5462 3079 5502 vox
3119 5446 3287 5525 _G_esn.
3332 5447 3509 5525 inter—

1934 5517 2094 5595 pretii
2124 5524 2220 5595 Est
2246 5517 2376 5578 vero
2398 5517 2629 5577 affectus
2649 5534 2749 5590 per
2779 5517 3054 5573 defectum
3078 5518 3333 5595 vitiosus.
3358 5518 3512 5595 velut

1936 5586 2236 5649 indolentia
2285 5598 2341 5646 et
2380 5601 2591 5659 stupor,
2646 5586 2775 5659 eum
2810 5603 2913 5643 nec
2957 5586 3525 5659 suadenteuratione,

1936 5665 2046 5720 ullo
2077 5662 2286 5721 doloris
2311 5669 2405 5717 aut
2437 5655 2809 5717 miserationis
2833 5672 2999 5716 sensu
3029 5656 3156 5728 quis
3183 5655 3444 5712 abicitur.
