3992 6192
205 331 310 394 737

1521 318 1691 381 LOCI
1730 313 2170 376 COMMUNES.

3366 309 3480 374 738

277 440 495 512 Νεκρδς
527 440 588 495 οὐ
621 437 1006 510 στεφανοῦται.
1037 433 1226 499 Οὐδεὶς
1252 431 1458 496 δίκαιος
1488 430 1556 485 δι’
1591 429 1788 483 ἀδυνα-

1962 425 2218 480 Mortuus
2249 440 2453 482 corona
2501 440 2612 480 non
2651 423 2914 479 donatur.
2966 421 3141 477 Nemo
3186 420 3370 493 justus
3413 436 3482 476 eo

208 535 336 606 μίαν
365 531 564 587 κακοῦ.

273 628 367 681 Δεῖ
411 622 509 681 οῦν
575 625 667 678 τὸν
709 623 835 682 νοῦν
876 621 1066 690 ὥσπερ
1113 618 1237 673 τινὰ
1287 615 1629 688 κυϐερνήτην
1679 612 1792 668 ἄνω

205 719 518 790 καθήμενον
551 717 662 770 τῶν
691 715 903 779 παθῶν,
934 713 1029 767 καὶ
1054 710 1218 765 οἱονεὶ
1256 709 1430 780 πλοίῳ
1459 708 1560 778 τῆς
1589 704 1793 776 σαρκὸς

203 812 505 867 ἐπιϐάνταο
535 811 631 864 καὶ
671 808 952 880 ἐμπείρως
977 806 1105 869 τοὺς
1131 804 1426 875 λογισμοὺς
1455 800 1646 871 ὥσπερ
1678 799 1794 852 οἷα-

203 922 301 968 κας
340 904 828 976 περιστρέφοντα,
873 900 1212 953 καταπατεῖν
1263 894 1526 965 γενναίως
1577 892 1648 945 τὰ
1702 889 1795 943 κύ-

204 1010 348 1064 ματα
368 1009 382 1022 ·
432 992 773 1062 ὑψηλότερον
815 988 873 1042 δὲ
923 986 1249 1056 διαμένοντα
1296 983 1390 1038 καὶ
1434 979 1793 1051 δυσπρόσιτον

200 1079 325 1133 ὅντα
354 1081 480 1143 τοῖς
506 1078 756 1143 πάθεσιν,
787 1073 1042 1147 μηδαμοῦ
1081 1074 1178 1142 τῆς
1208 1073 1303 1126 ἀπ’
1334 1070 1516 1126 αὐτῶν
1545 1067 1808 1140 πικρίας..

201 1169 391 1242 ὥσπερ
433 1170 618 1241 ἅλμης
645 1167 816 1232 τινός,
852 1163 1334 1235 ἀναπίμπλασθαι.

275 1452 613 1522 Θεολόγου.
649 1478 719 1491 —-
759 1448 1014 1501 Σύνοικον
1060 1442 1232 1516 αἱροῦ,
1270 1442 1392 1514 μηδ’
1427 1441 1655 1512 ἀδελφὺν
1695 1443 1795 1512 ρᾳ-

202 1543 665 1704 διιιῘᾷπ-ιςέκκαυμιι
687 1631 796 1702 γὰρ
819 1629 922 1698 τῆς
957 1628 1116 1682 νόσου
1148 1627 1201 1680 τί
1229 1626 1314 1679 δεῖ
1337 1624 1582 1695 βλέπειν;

268 1812 554 1884 κρεῖσσον
586 1808 832 1881 κατηφὲς
859 1803 1013 1879 ἦθος,
1039 1804 1072 1876 ἢ
1106 1803 1501 1875 τεθρυμμένον.

271 1987 474 2059 Μύρον
507 1986 712 2056 δοχεῖον
747 1984 953 2052 σαπρὸν
982 1981 1043 2034 οὐ
1080 1978 1415 2034 πιστεύεται.

275 2078 426 2132 Οῦτε
451 2077 584 2148 φλὸξ
612 2078 761 2147 μένει
785 2075 885 2144 τῆς
909 2072 1040 2142 ῦλης
1063 2070 1472 2141 δαπανηθείσης
1491 2109 1504 2134 ,
1555 2067 1689 2122 ἀλλά
1722 2066 1802 2139 τῷ

197 2169 508 2224 ἀνάπτοντι
560 2154 992 2236 συναπέρχεται·
1050 2163 1175 2216 οὔτε
1225 2161 1484 2231 λογισμὸς
1546 2157 1802 2229 ἐμπαθὴς

199 2260 507 2333 ὑφίσταται
538 2258 940 2330 μαραινομένου
978 2256 1072 2309 τοῦ
1106 2252 1552 2324 ὑπεκκαύματος.

294 2436 608 2509 Ὀφθαλμδς
651 2433 930 2505 πορνεύων
965 2433 1026 2485 οὐ
1058 2430 1324 2500 φυλάσσει
1353 2429 1454 2499 τὴν
1483 2427 1801 2500 παρθενίαν.

205 2525 439 2582 Γλῶσσα
493 2525 836 2597 πορνεύουσα
892 2522 970 2592 τῷ
1009 2519 1231 2592 πονηρῷ
1297 2519 1576 2590 μίγνυται.
1637 2517 1805 2580 Πόδες

210 2617 430 2673 ἄτακτα
481 2619 758 2688 βαίνοντες
802 2614 1161 2669 ἐκκαλοῦνται
1194 2611 1350 2664 νόσον
1381 2611 1414 2682 ἢ
1447 2605 1696 2662 κίνδυνον
1726 2607 1805 2678 τῷ

213 2707 326 2777 νῷ.
356 2708 743 2779 Παρθενευέτω
770 2707 868 2760 καὶ
913 2708 948 2778 ή
993 2705 1229 2758 διάνοια·
1267 2703 1342 2774 μὴ
1374 2699 1661 2772 ρεμϐέσθω
1710 2701 1806 2753 καὶ

215 2799 542 2854 πλανάσθω.
593 2799 685 2870 Μὴ
734 2797 940 2860 τύπους
979 2798 1036 2850 ἐν
1088 2797 1256 2864 ἑαυτῇ
1289 2793 1502 2863 φερέτω
1549 2789 1803 2861 πονηρῶν

221 2893 594 2962 πραγμάτων.
631 2891 738 2943 Καὶ
769 2893 796 2943 ὁ
827 2889 1018 2953 τύπος,
1054 2889 1220 2958 μέρος
1254 2887 1513 2957 πορνείας
1544 2884 1680 2938 ἐστί.
1711 2884 1803 2955 Μή

218 2982 636 3036 εἰδωλοποιείτω
673 2983 737 3052 τῇ
767 2982 915 3052 ψυχῇ
944 2979 1013 3033 τὰ
1046 2978 1371 3049 μισούμενα.

299 3161 592 3229 Χρυσοστ.
633 3191 703 3201 --
732 3159 937 3228 Χλεύη,
965 3156 1035 3210 τὰ
1083 3155 1184 3226 μὲν
1208 3158 1305 3227 τῆς
1335 3153 1681 3218 παιδοποιίας
1711 3154 1803 3224 δρ-

217 3267 363 3320 γανα
386 3254 574 3322 τηρεῖν
603 3249 872 3321 παρθένα,
911 3250 1006 3321 τὴν
1033 3249 1088 3302 δὲ
1127 3248 1380 3316 γλῶσσαν
1413 3247 1488 3318 μὴ
1513 3250 1699 3318 τηρεῖν
1718 3261 1731 3275 ·
1765 3246 1799 3316 ἢ

213 3342 322 3414 τὴν
347 3342 598 3412 γλῶσσαν
635 3343 734 3412 μὲν
762 3343 970 3410 τηρεῖν,
1002 3341 1102 3411 τὴν
1130 3340 1185 3392 δέ
1216 3339 1408 3411 ὅρασιν
1442 3339 1475 3410 ἢ
1502 3338 1600 3409 τὴν
1629 3337 1801 3410 ἀκοὴν

215 3433 253 3504 ἦ
293 3435 386 3498 τὰς
415 3436 602 3506 χεῖρας
630 3433 706 3504 μὴ
730 3436 919 3503 τηρεῖν
939 3449 953 3464 ο
985 3431 1017 3502 ἢ
1052 3430 1226 3484 ταῦτα
1258 3430 1356 3500 μὲν
1387 3428 1532 3500 ἔχειν
1580 3429 1674 3485 καὶ
1704 3445 1802 3499 τη-

215 3528 337 3596 ρεῖν
371 3525 638 3596 παρθένα,
663 3527 762 3596 τὴν
790 3525 848 3578 δέ
889 3524 1116 3595 καρδίαν
1148 3523 1223 3595 μὴ
1256 3524 1464 3595 τηρεῖν,
1492 3523 1610 3576 ἀλλ’
1648 3524 1799 3578 ἐται-

218 3612 464 3682 ρίζεσθαι
495 3613 650 3683 τύφῳ
686 3614 779 3667 καὶ
806 3612 982 3684 θυμῷ.

289 3795 382 3865 Μὴ
433 3795 939 3866 καταμαλάττωμεν
970 3795 1130 3867 ήμῶν
1183 3796 1281 3866 τὴν
1315 3796 1490 3866 ἰσχὺν,
1541 3796 1675 3866 μηδέ
1709 3797 1801 3851 ἐκ·

212 3887 512 3965 κόπτωμεν
539 3887 610 3941 τὰ
640 3887 809 3958 νεῦρα
837 3891 958 3951 ταῖς
985 3888 1222 3958 ὁμιλίαις
1258 3889 1502 3952 ταύταις.
1554 3889 1662 3940 Καὶ
1688 3887 1798 3959 γὰρ

215 3975 428 4044 ἇφατος
457 3977 554 4031 καὶ
585 3977 752 4050 πολλὴ
782 3982 901 4040 ταῖς
936 3978 1134 4048 ψυχαῖς
1161 3980 1318 4050 ήμῶν
1348 3978 1597 4032 ἐντεῦθεν
1629 3981 1801 4052 είσρεϊ

219 4067 408 4121 κακία.
455 4067 520 4120 Τί
550 4068 678 4140 γὰρ,
729 4070 779 4121 εί
826 4070 920 4122 καὶ
969 4071 1046 4141 μὴ
1095 4068 1503 4140 αἰσθανώμεθα,
1531 4073 1598 4142 τῇ
1645 4071 1800 4141 φιλίᾳ

226 4158 514 4227 μεθύοντες
535 4175 550 4223 ;
575 4159 748 4213 Τοῦτο
777 4162 885 4232 γὰρ
916 4163 1046 4215 αὐτὸ
1079 4162 1298 4214 πάντων
1328 4163 1443 4214 ἐστὶ
1473 4160 1796 4228 δεινότατον,

217 4251 305 4304 ὅτι
333 4252 452 4304 οὐδὲ
490 4253 646 4322 ῐσμεν
683 4255 832 4317 ὅπως
861 4253 1302 4324 ἐκνευριζόμεθα,
1340 4254 1433 4306 καὶ
1461 4254 1633 4326 κηροῦ
1665 4271 1797 4307 πανο

217 4341 312 4405 τὸς
339 4343 603 4413 γινόμεθα
625 4342 1021 4414 μαλακώτεροι.
1055 4344 1318 4414 Καθάπερ
1357 4345 1465 4415 γάρ
1499 4361 1584 4407 τις
1611 4344 1799 4398 λέοντα

1892 516 2116 570 nomine
2164 517 2312 586 quod
2348 517 2552 571 malum
2583 515 2765 570 facere
2800 528 2914 573 non
2957 520 3160 583 potest.

1963 606 2202 661 Mentem
2255 607 2427 677 igitur
2474 607 2656 671 decet,
2686 605 2840 660 velut
2870 601 3169 674 quemdam
3203 600 3480 672 guberna-

1894 705 2094 762 torem,
2137 697 2247 751 alte
2301 697 2473 751 animi
2526 693 3042 766 perturbationibus
3079 708 3143 747 ac
3190 691 3482 745 allectins

1893 787 2264 858 superiorem,
2305 788 2572 857 velutque
2622 785 2904 854 navigium
2951 798 3173 838 carnem
3211 797 3481 837 conscen-

1893 880 2140 946 dentem,
2186 880 2662 952 cogitationesque
2709 894 2774 933 ac
2816 890 3062 932 rationes
3085 875 3239 930 velut
3278 872 3482 944 guber-

1894 975 2091 1028 nacula
2124 972 2320 1028 dextre
2360 972 2766 1035 moderantem,
2816 968 3018 1023 ﬂuctus
3069 979 3338 1037 generose
3371 965 3486 1020 cal-

1895 1079 2057 1131 care;
2094 1063 2402 1134 altioreque
2433 1063 2565 1119 sede
2588 1060 2975 1125 constitutam,
3007 1057 3289 1126 nullisque
3320 1055 3484 1112 facile

1893 1155 2414 1227 perturbationibus
2460 1169 2760 1219 accessam,
2803 1152 2956 1207 nulla
2998 1150 3068 1230 ab
3109 1149 3191 1204 eis
3221 1148 3485 1204 amaritu-

1895 1247 2047 1311 dine,
2086 1256 2350 1317 tanquam
2407 1245 2704 1316 salsuginis
2749 1243 2987 1314 quadam
3036 1239 3239 1310 repleri
3289 1253 3484 1309 asper-

1895 1339 2042 1410 gine.

1972 1432 2237 1502 Theologi.
2269 1461 2336 1470 -—
2359 1415 2834 1485 Contubernalem
2869 1425 2970 1480 tibi
2999 1438 3070 1479 ne
3115 1421 3341 1493 quidem
3376 1418 3489 1475 fra-

1897 1533 2040 1579 trem
2074 1523 2234 1578 facile
2281 1522 2512 1592 deligas.

1894 1659 1898 1662 .
1968 1614 2247 1681 Quorsum
2302 1614 2452 1668 enim
2513 1609 2863 1682 aegritudinis
2926 1607 3234 1662 fomentum
3292 1603 3485 1659 videre

1898 1709 2139 1765 attinet?

1971 1800 2168 1855 Melius
2229 1809 2315 1855 est
2376 1797 2658 1870 ingenium
2715 1808 3039 1855 morosum,
3095 1803 3259 1860 quam
3313 1787 3487 1843 fracta

1902 1893 2186 1947 mollities.

1975 1981 2134 2052 537
2159 1981 2389 2036 Putrido
2429 1979 2547 2034 vasi
2577 1994 2690 2033 non
2718 1974 3085 2033 committitur
3118 1980 3482 2043 unguentum.

1973 2073 2166 2142 Neque
2197 2072 2414 2126 ﬂamma
2452 2079 2742 2141 permanet
2781 2076 3059 2136 assumpta
3077 2067 3352 2131 materia;
3389 2063 3487 2120 sed

1903 2181 2029 2221 cum
2067 2182 2132 2220 eo
2165 2164 2413 2219 abscedit
2455 2163 2604 2233 quod
2649 2159 3018 2223 accendebat;
3061 2171 3166 2212 nec
3188 2155 3485 2210 libidinosa

1902 2257 2156 2314 consistit
2181 2256 2464 2325 cogitatio,
2487 2261 2903 2309 emarcescente
2922 2259 3086 2319 atque
3108 2249 3334 2312 extrito,
3353 2246 3488 2317 quid

1905 2345 1985 2399 illi
2014 2345 2259 2398 fomento
2290 2352 2432 2397 erat.

1973 2432 2075 2498 Qui
2103 2432 2477 2486 exfornicatur
2501 2432 2714 2495 oculus,
2736 2428 3113 2500 virginitatem
3141 2443 3250 2482 non
3281 2435 3488 2483 servat.

1903 2523 2036 2590 Quae
2062 2533 2454 2593 constupratur
2486 2523 2703 2593 lingua,
2747 2538 2872 2576 cum
2905 2520 3355 2575 malo‘miscetur.
3399 2517 3491 2572 ln-

1903 2615 2249 2683 compositus
2273 2615 2475 2684 pedum
2510 2615 2780 2677 incessus,
2807 2612 3061 2666 morbum
3086 2610 3272 2664 animo
3307 2623 3492 2664 arces-

1904 2701 1980 2756 sit
2023 2712 2118 2756 aut
2147 2704 2478 2772 periculum.
2538 2701 2699 2757 Casta
2754 2702 2825 2756 sit
2853 2716 2918 2755 ac
2965 2701 3120 2770 virgo
3164 2699 3282 2768 ipsa
3317 2697 3489 2752 animi

1905 2789 2168 2858 cogitatio
2200 2806 2212 2840 :
2253 2804 2366 2843 non
2424 2790 2496 2844 sit
2548 2806 2683 2859 vaga
2714 2804 2778 2844 ac
2821 2789 3158 2843 errabunda.
3194 2787 3272 2842 Ne
3300 2803 3489 2845 rerum

1905 2880 2174 2934 malarum
2201 2881 2408 2935 formas
2457 2881 2513 2934 in
2541 2897 2598 2936 se
2627 2891 2912 2950 congerat.
2968 2880 3064 2934 Est
3093 2888 3150 2935 et
3180 2878 3356 2934 forma
3387 2876 3490 2933 ob-
3588 2869 3594 2875 ’

1900 2975 2156 3046 jectaque
2209 2976 2445 3044 species,
2498 2976 2854 3035 scortationis
2918 2991 3064 3045 pars.
3137 2975 3216 3028 Ne
3274 2988 3488 3037 eorum,

1832 3087 1876 3145 ο
1909 3082 2032 3136 qua:
2078 3066 2208 3121 odio
2241 3067 2542 3131 habentur,
2589 3067 2917 3137 efﬁngantur
2949 3066 3134 3120 animo
3173 3066 3488 3137 simulacra.

1983 3157 2250 3229 Chrysost.
2310 3189 2381 3198 —
2431 3159 2747 3214 Ridiculum
2799 3165 2885 3213 est
2955 3160 3224 3230 genitales
3267 3158 3491 3228 quidem

1910 3250 2161 3320 corporis
2190 3260 2377 3318 partes
2407 3259 2584 3304 castas
2613 3265 2855 3315 servare,
2881 3251 3124 3321 linguam
3155 3265 3288 3305 vero
3313 3250 3491 3321 negli-

1909 3357 2076 3413 gere:
2105 3353 2200 3398 aut
2229 3343 2470 3414 linguam
2519 3343 2744 3413 quidem
2800 3359 3023 3398 servare
3054 3358 3273 3412 puram,
3314 3343 3494 3399 visum

1908 3450 2044 3488 vero
2075 3434 2163 3489 vel
2192 3434 2442 3488 auditum
2473 3442 2568 3488 aut
2594 3450 2786 3488 manus
2815 3449 2925 3488 non
2969 3449 3221 3497 scrvare;
3247 3441 3344 3488 aut
3377 3434 3494 3489 hac

1908 3526 2135 3596 quidem
2186 3526 2389 3580 habere
2434 3541 2498 3580 ac
2535 3541 2760 3580 scrvare
2800 3540 2958 3595 pura,
2998 3539 3094 3579 cor
3142 3531 3326 3579 autem
3379 3541 3491 3580 non

1909 3633 2153 3681 servare,
2174 3617 2270 3671 sed
2293 3631 2463 3686 prope
2485 3617 2810 3670 scortationi
2836 3626 2964 3686 typo
2985 3631 3046 3670 su
3054 3617 3260 3686 perbiaa
3284 3617 3492 3687 iraeque

1911 3707 2222 3779 indulgere.

1981 3799 2059 3854 Ne
2095 3799 2264 3870 igitur
2287 3799 2436 3853 vires
2462 3807 2684 3852 nostras
2703 3797 3226 3862 emolliamus,neve
3245 3799 3333 3854 his
3362 3816 3494 3856 ροη-

1907 3890 2188 3961 gressibus
2238 3905 2338 3945 nos
2371 3889 2522 3959 ipsos
2563 3903 2915 3943 enervemus.
2959 3887 3191 3944 Multum
3227 3890 3398 3954 enim,
3434 3899 3492 3944 et

1905 3987 2170 4050 quantum
2185 3979 2274 4033 vix
2288 3977 2475 4033 verbis
2489 3977 2718 4046 exprimi
2733 3975 3066 4045 potest,hinc
3077 3977 3276 4032 animis
3289 3979 3493 4033 nostris

1905 4072 2024 4126 vitii
2043 4070 2220 4125 influit
2236 4087 2299 4124 ac
2313 4069 2621 4140 pravitatis.
2639 4067 2781 4134 Quid
2795 4071 2966 4134 enim,
2985 4068 3210 4124 etsinon
3223 4068 3492 4122 sentimus

1905 4180 2017 4234 pra:
2030 4163 2271 4219 amicitia
2283 4163 2424 4216 ebrii
2441 4163 2463 4214 ?
2479 4161 2594 4216 lloc
2609 4161 2756 4216 enim
2777 4161 2955 4230 ipsum
2973 4161 3132 4231 longe
3149 4159 3491 4230 estgravissi-
3512 4168 3516 4171 ‘

1861 4281 1865 4284 ·
1906 4272 2079 4318 mum,
2101 4256 2245 4325 quod
2269 4271 2371 4310 nec
2385 4255 2592 4309 scimus
2604 4254 2829 4325 quidem
2851 4252 3316 4322 quemadmodum
3336 4267 3492 4306 ener-

1905 4362 2118 4412 vemur,
2165 4346 2427 4416 omnique
2461 4361 2587 4400 cera
2621 4346 2901 4400 molliores
2939 4344 3254 4400 reddamur.
3283 4344 3492 4410 Quem-

217 4433 423 4502 γαῦρον
473 4435 570 4487 καὶ
625 4434 885 4504 βλοσυρὸν
937 4433 1138 4500 λαϐὼν,
1195 4433 1313 4488 εἶτα
1345 4436 1651 4508 ἀποκείρας
1698 4436 1795 4506 μὲν

1914 4438 2196 4493 admodum
2219 4437 2364 4491 enim
2385 4436 2430 4492 si
2458 4437 2584 4507 quis
2609 4436 2908 4506 superbum
2939 4434 3488 4504 trucemqueleonem

215 4525 320 4593 τὴν
374 4525 573 4595 κόμην,
608 4525 812 4580 ἀνελὼν
859 4526 916 4578 δὲ
947 4527 1072 4589 τοὺς
1103 4526 1341 4591 ὀδόντας,
1389 4527 1484 4580 καὶ
1534 4527 1800 4600 περιελὼν

216 4613 350 4676 τοὺς
375 4613 594 4685 ὄνυχας,
640 4615 865 4685 αίσχρδν
911 4619 1056 4669 ποιεῖ
1097 4616 1191 4669 καὶ
1240 4618 1667 4686 καταγέλαστον,
1705 4621 1802 4672 καὶ⁹

218 4705 453 4769 παιδίοις
483 4706 976 4776 εὐκαταγώνιστον,
1006 4709 1098 4762 τὸν
1121 4710 1352 4780 φοϐερὸν
1379 4712 1470 4764 καὶ
1505 4711 1798 4782 ἀφόρητον,

216 4795 322 4849 καὶ
355 4798 461 4850 ἀπὸ
511 4799 674 4868 μόνου
708 4799 802 4852 τοῦ
852 4799 1201 4871 βρυχήματος
1238 4801 1306 4853 τὰ
1336 4801 1513 4854 πάντα
1565 4801 1797 4855 σείονταο

211 4885 366 4938 οὕτω
404 4887 467 4958 δὴ
499 4891 595 4942 καὶ
627 4883 808 4954 αὗται,
857 4891 1063 4949 πάντας
1092 4893 1251 4956 ὅσους
1287 4891 1382 4945 ἐὰν
1414 4891 1672 4958 λάϐωσιν,
1707 4892 1797 4945 εὐ-

209 4976 516 5048 χειρώτους
549 4979 626 5050 τῷ
654 4979 888 5050 διαϐόλῳ
916 4979 1130 5034 ποιοῦσι
1155 4999 1168 5012 ·
1204 4981 1645 5052 μαλακωτέρους,
1674 4982 1800 5053 θερ-

211 5071 506 5140 μοτέρους,
537 5071 945 5142 ἀναισχύντους,
980 5074 1261 5146 ἀνοήτους,
1289 5075 1636 5146 ἀκροχόλους,
1664 5075 1799 5145 θρα-

103 5165 109 5172 ’
206 5165 358 5226 σεῖς,
412 5163 696 5236 ἀκαίρους,
746 5166 1030 5234 ἀγεννεῖς,
1080 5169 1333 5237 ἀπηνεῖς,
1383 5151 1796 5238 δουλοπρεπεῖς,

200 5254 628 5324 ἀνελευθέρους,
663 5257 910 5326 ἰταμοὺς,
944 5257 1246 5329 φλυάρους·
1287 5259 1378 5311 καὶ
1411 5259 1594 5322 ἁπλῶς
1621 5261 1802 5314 πάντα

200 5347 284 5402 τὰ
321 5351 608 5416 γυναικεῖα
651 5349 798 5420 πάθη
847 5349 916 5403 τὰ
966 5349 1342 5422 διεφθαρμένα
1378 5350 1663 5422 φέρουσαι,
1721 5353 1802 5414 είς

197 5441 314 5512 τὴν
353 5441 563 5495 τούτων
610 5443 1081 5514 ἐναπομάττονται
1105 5442 1306 5513 ψυχήν.
1349 5443 1657 5514 Ἀμήχανον
1691 5442 1800 5514 γάρ

202 5533 310 5588 τὸν
339 5535 563 5602 γυναικὶ
583 5535 936 5589 συνοικοῦντα
967 5536 1108 5605 μετὰ
1133 5533 1478 5605 συμπαθείας
1505 5537 1795 5607 τοσαύτης,

198 5623 316 5678 καὶ
347 5627 470 5690 ταῖς
503 5626 727 5680 ἐκείνων
761 5629 1190 5700 ὲνστρεφόμενον
1219 5629 1478 5699 ὁμιλίαις,
1513 5630 1587 5699 μὴ
1630 5631 1800 5701 ἀγύρ-

192 5735 315 5791 την
348 5721 472 5776 τινὰ
521 5717 681 5787 εἶναι,
727 5724 821 5777 καὶ
851 5724 1112 5794 ἀγοραῖον
1157 5723 1250 5777 καὶ
1292 5723 1631 5794 συρφετώδη.
1680 5724 1799 5780 Κᾶν

1910 4532 2142 4602 ceperit,
2173 4542 2402 4600 tumque
2433 4529 2665 4584 detonsa
2695 4528 2850 4600 juba,
2891 4527 2943 4582 ei
2976 4527 3170 4582 dentes
3185 4526 3491 4580 excusserit

1885 4660 1893 4668 -
1908 4639 2231 4694 unguesque
2247 4622 2531 4689 evulserit,
2554 4621 2858 4677 deformem
2871 4634 2998 4674 eum
3017 4633 3081 4672 ac
3096 4616 3488 4680 deridiculum,

1909 4715 2155 4784 ipsisque
2181 4713 2370 4783 pueris
2401 4713 2563 4768 facile
2589 4709 3012 4782 expugnabilem
3033 4707 3233 4769 reddit,
3259 4707 3351 4776 qui
3383 4713 3493 4758 ter-

1909 4804 2089 4858 ribilis
2119 4819 2182 4858 ac
2214 4803 2578 4860 intolerabilis
2605 4812 2771 4868 esset,
2803 4804 3031 4872 soloque
3073 4800 3258 4870 rugitu
3293 4806 3491 4853 cuncta

1908 4903 2182 4966 quateret.
2215 4895 2305 4950 Sic
2327 4906 2384 4951 et
2411 4897 2548 4960 ista},
2575 4910 2938 4966 quoscunque
2967 4892 3238 4961 ceperint,
3269 4889 3492 4943 diabolo

1912 4985 2198 5040 dedititios
2248 4985 2462 5040 faciunt
2493 5002 2557 5041 ac
2587 4986 2885 5051 obnoxios;
2905 4986 3206 5048 molliores,
3225 4983 3490 5038 calentiu-

1913 5093 2022 5142 res,
2042 5077 2412 5146 impudentes,
2436 5077 2744 5142 dementes,
2773 5087 3031 5130 extrema:
3061 5076 3188 5132 bilis
3219 5075 3488 5139 homines,

1911 5170 2166 5233 audaces,
2203 5171 2577 5238 importunus,
2608 5170 2858 5240 ignavos,
2894 5167 3155 5230 immites,
3184 5167 3371 5223 servili
3404 5167 3488 5219 in-

1909 5263 2092 5334 genio,
2128 5263 2445 5325 illiberales,
2494 5276 2778 5332 procaces,
2833 5275 3076 5331 nugaces
3109 5275 3492 5330 :prorsusque

1909 5354 2210 5408 muliebres
2241 5367 2434 5407 omnes
2473 5353 2707 5407 affectus
2734 5351 3056 5416 all‘erentes,
3089 5351 3320 5405 istorum
3370 5349 3486 5405 ani-

1909 5447 2014 5502 mis
2035 5444 2380 5515 imprimunt.
2407 5444 2553 5499 Fieri
2577 5445 2725 5499 enim
2753 5460 2864 5498 non
2898 5453 3099 5514 potest,
3133 5452 3193 5498 ut
3233 5458 3327 5514 qui
3367 5459 3491 5498 cum

1910 5537 2240 5592 mulieribus
2295 5545 2445 5591 tanta
2499 5552 2717 5590 morum
2775 5536 3188 5607 affectuumque
3240 5549 3496 5591 versatur

1910 5630 2342 5695 necessitudine,
2366 5631 2699 5698 illarumque
2714 5629 3102 5698 congressibus
3125 5645 3188 5683 ac
3211 5628 3504 5696 colloquiis

1913 5724 2112 5791 utitur,
2165 5738 2274 5777 non
2318 5725 2388 5780 sit
2419 5722 2724 5780 circulator
2765 5722 2990 5794 quidam
3039 5730 3095 5776 et
3150 5717 3514 5777 circumfora-
