3978 6168
478 280 583 346 739

1617 279 1679 343 S.
1717 279 2004 341 MAXIMI
2041 279 2549 345 CONFESSORIS

3618 295 3726 360 740

477 405 618 449 neus
634 391 869 465 vilisque
895 405 927 448 e
955 391 1114 448 turba
1141 389 1531 446 homunculus.
1559 389 1697 446 Nam
1721 391 1828 447 etsi
1855 392 2050 462 loqua-

2164 396 2260 467 γὰρ
2295 394 2601 467 φθέγγηται
2641 413 2715 465 τι,
2761 397 2938 453 πάντα
2988 398 3098 453 ἀπὸ
3128 400 3237 455 τῶν
3282 400 3446 456 ἱστῶν
3488 402 3586 456 καὶ
3614 405 3725 458 τῶν

478 494 590 549 tur,
619 484 757 539 nihil
813 483 921 537 nisi
980 482 1050 537 de
1093 483 1223 538 telis
1271 482 1520 551 lanisque
1556 482 1837 551 loquetur,
1897 483 2047 552 quod

475 576 777 633 verborum
817 577 980 647 538
1022 576 1379 631 muliebrium
1410 577 1551 632 lucis
1609 578 1763 632 velut
1819 578 2046 632 tinctam

376 726 382 734 ς
476 668 852 738 intectamque
877 669 1121 738 linguam
1155 670 1326 744 liabet
1380 686 1394 722 :
1438 670 1557 724 sive
1613 669 1779 725 iaciat
1811 670 2043 738 aliquid,

477 759 756 812 serviliter
787 758 1085 813 admodum
1108 759 1162 814 id
1187 758 1337 823 facit,
1368 774 1534 828 quam
1584 761 1777 829 procul
1807 776 1839 815 a
1887 759 2050 815 Chri-

477 846 655 901 stiana
691 848 994 904 abscedens
1034 850 1400 920 ingenuitate,
1461 865 1564 905 nec
1603 850 1673 905 ad
1726 852 1893 905 ullam
1930 866 2050 904 ma-

477 952 713 1007 gnorum
744 954 1038 994 munerum
1067 947 1233 1008 atque
1255 941 1529 995 virtutum
1551 940 1894 996 iunctionem
1943 941 2053 995 uti-

477 1024 564 1079 lis.

548 1114 704 1185 Greg.
755 1115 912 1187 Nyss.
961 1147 1032 1157 -—
1079 1118 1345 1174 Dominus
1376 1120 1577 1189 beatos,
1605 1119 1890 1189 praedicat,
1937 1135 2051 1174 non

477 1204 574 1274 qui
615 1212 770 1260 extra
835 1220 1060 1260 omnem
1125 1209 1600 1277 perturbationem
1667 1209 1863 1263 vivunt
1919 1207 2052 1278 (non

478 1295 628 1350 enim
650 1295 769 1350 ﬁeri
795 1305 997 1365 potest,
1027 1306 1088 1351 ut
1110 1298 1166 1351 in
1193 1300 1401 1354 carnali
1433 1301 1548 1354 vita
1572 1314 1636 1353 ac
1673 1308 1911 1362 terrena,
1937 1299 2052 1368 spi-

478 1383 697 1439 ritalem
736 1386 963 1439 omnino
1024 1386 1304 1455 nullisque
1367 1387 1662 1442 obnoxiam
1714 1403 1780 1442 ac
1823 1402 2052 1442 summa:

480 1475 900 1563 tranquillitatis
924 1478 1092 1531 vitam
1123 1477 1397 1576 agamuy,
1426 1479 1523 1534 sed
1544 1479 1640 1559 qui
1668 1478 1736 1532 ad
1769 1478 2052 1533 naturales

478 1552 846 1638 appetitiones
873 1576 1038 1639 atque
1066 1569 1297 1625 allectus
1320 1552 1470 1641 ἴδει-ο
1498 1552 1759 1639 lenteque
1789 1583 2052 1623 movean-

479 1665 593 1713 tur.

2150 483 2310 553 ἐρίων
2361 482 2671 552 φθέγξεται,
2704 485 2803 556 τῆς
2853 486 3099 560 γλώττης
3142 489 3308 544 αὐτοῦ
3353 494 3421 562 τῇ
3477 492 3724 565 ποιότητι

2150 573 2261 626 τῶν
2286 574 2614 649 γυναικείων
2651 576 3098 650 ἀναχρωσθείσης
3130 582 3430 651 ῥημάτων*
3465 582 3566 637 κᾶν
3594 587 3722 656 ποιῇ

2148 679 2224 726 τι.
2280 663 2418 733 μετά
2467 663 2666 735 πολλῆς
2718 667 2875 721 τοῦτο
2924 669 3218 740 ἐργάζεται
3272 671 3721 744 δουλοπρεπείας,

2151 757 2339 827 πόρρω
2367 757 2468 827 τῆς
2499 761 2612 822 τοῖς
2648 760 2995 831 Χριπιανοῖς
3036 766 3361 839 πρεπούσης
3408 767 3722 839 ἐλευθερίας
3820 782 3831 788 ‘

2151 848 2344 902 ἑαυτὸν
2373 850 2685 916 ἀποικίσας,
2716 854 2811 906 καὶ
2834 853 2956 906 οὐδὲ
2984 855 3121 925 πρὸς
3148 855 3298 911 οὐδὲν
3324 858 3432 913 τῶν
3466 859 3723 939 μεγάλων

2151 940 2589 1012 κατορθωμάτων
2620 945 2908 1016 γενόμενος
2936 948 3227 1019 χρήσιμος.

2222 1115 2406 1181 Γρηγ.
2452 1115 2725 1183 Νύσσης.
2756 1144 2825 1158 —-
2853 1119 3164 1191 Μακαρῐξει
3194 1122 3223 1175 ὁ
3259 1122 3482 1193 Κύριος,
3508 1124 3567 1177 οὐ
3591 1127 3717 1190 τοὺς

2153 1199 2259 1265 ἔξω
2284 1201 2489 1264 πάθους
2526 1204 2866 1273 βιοτεύοντας
2913 1209 2995 1278 (οὐ
3029 1210 3138 1280 γὰρ
3171 1211 3399 1266 δυνατὸν
3429 1215 3485 1266 ἐν
3530 1214 3715 1269 ὑλώδει

2154 1291 2268 1363 ζωῇ
2314 1293 2405 1345 τὸν
2446 1295 2608 1348 ἇῦλον
2662 1296 2889 1351 καθόλου
2937 1300 3030 1352 καὶ
3081 1301 3268 1373 ἀπαθῆ
3309 1304 3718 1374 κατορθωθῆναι

2156 1381 2316 1452 βίον),
2353 1383 2489 1438 ἀλλὰ
2538 1386 2674 1457 πρὸς
2719 1388 2819 1451 τὰς
2866 1387 2968 1460 τῆς
3014 1390 3228 1459 φύσεως
3267 1393 3452 1463 ὁρμὰς
3485 1393 3720 1465 βραδέως

2154 1472 2248 1527 καὶ
2276 1473 2609 1547 δυσκινήτως
2636 1477 2877 1548 ἔχοντας.

547 1748 707 1804 Omni
735 1750 896 1819 plane
923 1750 1059 1805 vitio
1079 1748 1238 1820 quasi
1264 1764 1391 1804 esca
1412 1750 1658 1819 uitandam
1676 1757 1928 1820 prostans
1950 1762 2050 1803 vo-

2224 1734 2412 1804 Πάσης
2444 1736 2619 1801 ὅντως
2646 1738 2845 1802 κακίας
2875 1734 2988 1794 οἷόν
3024 1758 3077 1795 τι
3104 1741 3298 1813 δέλεαρ
3330 1743 3364 1814 ή
3389 1743 3550 1815 ἡδονὴ
3585 1763 3719 1817 προ-

478 1840 681 1909 luptas,
711 1840 1028 1909 cupidiores
1057 1841 1274 1896 animos
1308 1840 1364 1893 in
1394 1841 1725 1911 perditionis
1744 1841 1904 1896 facile
1947 1839 2050 1893 ha-

477 1944 627 1983 mum
669 1929 858 1983 trahit.

547 2018 850 2074 Clementis.
885 2050 957 2060 —
984 2021 1272 2092 Virginum
1302 2022 1588 2091 corruptio
1613 2021 1877 2091 velutque
1929 2029 2049 2075 stu-

475 2111 656 2180 pratio
686 2110 915 2175 dicitur,
950 2111 1155 2167 nedum
1181 2113 1462 2177 scortatio,
1504 2127 1700 2167 verum
1754 2113 1919 2167 etiam
1951 2112 2052 2165 im-

476 2210 694 2257 matura
718 2212 879 2258 aetate
906 2204 1173 2270 elocatio;
1205 2219 1355 2268 cum,
1385 2212 1440 2258 ut
1473 2204 1546 2258 ita
1572 2203 1775 2266 dicam,
1823 2204 1911 2257 vel
1934 2203 2051 2273 ipsa

466 2288 510 2349 ’a
555 2309 634 2359 se,
682 2294 769 2349 vel
816 2310 848 2349 a
891 2295 1241 2364 parentibus,
1306 2294 1601 2349 immatura
1642 2295 1761 2349 viro
1809 2294 2048 2350 colloca-

477 2394 589 2438 llll'.

546 2474 632 2528 Ea:
661 2473 932 2528 Patrilms.
970 2504 1041 2513 —
1069 2474 1258 2530 Rebus
1276 2482 1515 2545 quatuor
1554 2474 1817 2530 scortatio
1847 2474 2050 2529 excita-

476 2573 599 2630 tur;
630 2564 741 2619 cibi
768 2571 1040 2633 potusque
1064 2564 1384 2632 saturitate;
1407 2563 1584 2621 somni
1618 2565 1906 2628 satietate;
1934 2562 2049 2616 otio

473 2664 533 2712 et
564 2656 689 2710 lusu
715 2656 976 2725 inanique
1006 2656 1346 2724 garrulitate,
1407 2670 1473 2711 ac
1505 2654 1787 2725 superﬂuo
1813 2653 2047 2709 vestium

475 2755 697 2802 ornatu.

548 2916 679 2972 Nili.
718 2947 788 2959 —
823 2917 1066 2972 Remove
1088 2932 1119 2971 a
1148 2916 1383 2987 conjuge
1413 2924 1503 2969 tua
1538 2913 1859 2968 eunuchum
1896 2910 2048 2966 εωθ-

475 3011 736 3083 ragdum;
755 3026 882 3066 nam
901 3010 1006 3065 etsi
1028 3008 1261 3080 geminis
1281 3007 1518 3063 testibus
1540 3004 1774 3059 inferius
1792 3011 2049 3058 exsectus

2157 1824 2437 1896 ϐληθεῖσα,
2492 1829 2727 1893 εὐκόλως
2771 1830 2871 1894 τὰς
2930 1830 3242 1904 λιχνοτέρας
3294 1833 3475 1905 ψυχὰς
3531 1836 3626 1890 ἐπὶ
3664 1838 3723 1891 τὸ

2155 1913 2451 1983 ἄγκιστρον
2478 1915 2576 1984 τῆς
2603 1918 2874 1983 ἀπωλείας
2902 1923 3210 1992 ἐφέλκεται.

2228 2007 2599 2075 Κλήμεντος.
2637 2038 2700 2051 -
2735 2013 3029 2085 Παρθένων
3059 2018 3235 2091 φθορὰ
3268 2021 3508 2091 λέγεται,
3542 2026 3604 2080 οὐ
3633 2027 3725 2098 μό-

2155 2115 2245 2152 νον
2288 2101 2541 2169 πορνεία,
2577 2103 2714 2157 ἀλλὰ
2745 2105 2839 2158 καὶ
2873 2108 2904 2175 ἡ
2939 2106 3044 2178 πρὸ
3069 2110 3260 2180 καιροῦ
3291 2112 3501 2180 ἐκδοσις
3522 2131 3538 2146 ⁸
3571 2116 3721 2183 ὅταν,

2154 2188 2230 2252 ὼς
2259 2191 2457 2255 εἰπεῖν,
2488 2190 2666 2264 ἄωρος
2690 2193 2883 2267 ἐκδοθῇ
2899 2195 2976 2267 τῷ
2994 2197 3168 2270 ἀνδρὶ,
3193 2201 3311 2272 ἦτοι
3339 2204 3431 2274 ἀφ’
3451 2206 3722 2277 ἐαυτῆς,ἢ

2155 2280 2308 2351 παρὰ
2333 2281 2440 2336 τῶν
2471 2283 2694 2352 γονέων.

2238 2458 2332 2513 Ἐκ
2360 2457 2479 2512 τῶν
2512 2459 2807 2529 Πατέρων.
2839 2492 2907 2503 -
2937 2464 3037 2518 Διά
3067 2466 3349 2539 τεσσάρων
3382 2467 3725 2541 πραγμάτων

2154 2548 2426 2621 ἐγείρεται
2472 2552 2506 2622 ἠ
2560 2552 2807 2623 πορνεία,
2857 2553 2923 2606 ἐκ
2952 2554 3045 2608 τοῦ
3088 2562 3281 2625 φαγεῖν
3326 2561 3422 2612 καὶ
3453 2563 3600 2614 πιεῖν
3643 2562 3725 2625 εἰς

2154 2639 2500 2710 πλησμονήν·
2534 2642 2627 2695 καὶ
2674 2643 2703 2695 ὁ
2746 2643 2908 2714 κόρος
2934 2645 3029 2699 τοῦ
3070 2645 3263 2713 ὕπνου,
3319 2648 3413 2701 καὶ
3446 2648 3507 2702 τὸ
3534 2650 3727 2720 ἀργεῖν

2154 2730 2248 2781 καὶ
2270 2728 2487 2792 παίζειν
2516 2730 2609 2784 καὶ
2637 2730 2988 2801 ἀργολογεῖνο
3018 2734 3116 2788 καὶ
3141 2738 3171 2790 ὁ
3197 2736 3584 2807 καλλωπισμὸς
3610 2736 3725 2793 τῶν

2155 2817 2405 2886 ἱματίων.

2222 2911 2461 2965 Νείλου.
2498 2941 2566 2953 --
2607 2910 2942 2986 Ἀπὸστησον
2977 2916 3087 2970 ἀπὸ
3115 2918 3213 2987 τῆς
3243 2918 3475 2989 συμσίου
3509 2937 3602 2974 σου
3629 2921 3726 2975 τὸν

2156 2999 2407 3070 εὐνοῦχον
2444 3001 2762 3071 Σμάραγδον
2781 3019 2796 3034 ’
2825 3004 2928 3058 κᾶν
2961 3006 3070 3076 γὰρ
3101 3006 3283 3080 δοκοίη
3308 3008 3418 3062 τῶν
3447 3009 3596 3064 κάτω
3637 3011 3729 3064 δι-

474 3104 717 3167 videtur,
772 3102 940 3157 habet
986 3109 1170 3155 tamen
1216 3097 1407 3154 nescio
1461 3096 1738 3166 quomodo
1797 3095 2050 3165 geminos

2164 3093 2332 3162 Βύμων
2372 3092 2765 3164 ἐκτετμῆσθαι,
2793 3095 2907 3151 ἀλλ’
3071 3099 3183 3171 ἔχει
3241 3073 3298 3152 ἐν
3336 3101 3415 3172 τῷ
3448 3101 3727 3174 προσώπῳ

457 3196 535 3249 'in
564 3195 705 3249 facie
733 3195 944 3259 oculos,
976 3193 1071 3262 qui
1104 3191 1403 3246 libidinose
1439 3188 1756 3258 inspiciant,
1800 3187 2051 3255 malaque

473 3286 587 3357 iam
619 3286 936 3340 testimonia
968 3299 1038 3339 ac
1067 3297 1316 3337 rumores
1340 3282 1637 3336 asciscant.

547 3376 759 3449 ουτ-ηιξ.
801 3407 856 3417 -
888 3376 1047 3432 Fumi
1070 3377 1266 3439 instar,
1296 3384 1391 3428 aut
1418 3374 1584 3429 etiam
1611 3371 1783 3427 veluti
1816 3384 2050 3440 vapores

472 3471 726 3542 quidam,
778 3470 1072 3524 insitarum
1132 3468 1190 3523 in
1240 3468 1402 3522 nobis
1453 3467 1804 3534 voluptatum
1864 3463 2051 3532 vigent

476 3562 776 3631 appetitus.
837 3559 946 3615 Sed
992 3559 1087 3629 qui
1145 3568 1463 3626 temperans
1520 3564 1687 3626 atque
1744 3554 1905 3609 fortis
1941 3561 2048 3617 est,

478 3659 662 3705 mutus
685 3650 928 3714 cohibet,
978 3665 1084 3705 nec
1130 3650 1365 3704 ulterius
1398 3647 1532 3702 sinit
1587 3643 1868 3716 progredi,
1920 3642 2053 3697 atie-

475 3752 741 3811 ctumque
767 3740 949 3795 adhuc
995 3739 1326 3795 imbecillem
1377 3738 1534 3792 facile
1582 3736 1919 3807 comprimit.
1945 3733 2052 3800 Qui

470 3839 664 3886 autem
719 3831 901 3901 segnis
944 3845 1009 3886 ac
1040 3832 1323 3901 negligens
1369 3838 1476 3895 est,
1525 3828 1771 3883 admittit
1827 3826 2052 3896 quidem

479 3920 878 3976 subnasceutes
900 3920 1212 3989 voluptates
1242 3921 1395 3974 velut
1418 3918 1595 3973 nudas
1628 3918 1810 3973 adhuc
1851 3916 2056 3987 cogita-

478 4012 661 4066 tiones
687 4029 700 4065 :
732 4012 1060 4081 permittens
1092 4026 1224 4065 vero
1250 4011 1304 4064 in
1336 4010 1507 4064 latum
1533 4009 1817 4080 progredi,
1838 4023 2051 4064 summe

476 4101 730 4165 arduam,
757 4115 821 4154 ac
861 4115 930 4154 ne
964 4099 1056 4153 vix
1090 4099 1319 4168 quidem
1362 4099 1737 4164 eluctabilem,
1787 4098 2053 4154 resisten-

472 4190 609 4243 tiam
635 4190 899 4243 oll‘endet.
931 4188 1038 4255 Qui
1070 4190 1220 4244 enim
1243 4191 1355 4262 jam
1394 4189 1576 4245 victus
1620 4197 1705 4244 est
1727 4204 1792 4244 ac
1829 4203 2055 4258 supera-

476 4288 591 4344 tus,
614 4294 837 4334 suarum
869 4278 1079 4334 arbiter
1120 4280 1468 4335 voluntatum
1494 4295 1604 4334 non
1643 4287 1730 4333 est
1762 4279 1935 4348 :quin
1958 4293 2055 4349 po-

2152 3199 2270 3245 πως
2302 3183 2427 3244 τοὺς
2456 3183 2712 3254 διδύμους
2758 3186 3089 3257 ὀφθαλμοὺς,
3122 3189 3387 3257 ἐμπαθῶς
3418 3192 3725 3262 ἐμϐλέπον-

2148 3291 2269 3337 τας,
2301 3275 2395 3327 καὶ
2428 3276 2856 3347 ἐπισυρομένους
2881 3279 2980 3350 ἤδη
3016 3281 3258 3351 πονηρὰς
3288 3283 3615 3354 μαρτυρίας.
3636 3282 3648 3294 ⁸

2220 3366 2546 3436 Κυρίλλου.
2575 3397 2648 3408 -
2678 3371 2903 3423 Καπνοῦ
2944 3370 3120 3441 δίκην,
3168 3373 3201 3444 ἢ
3246 3375 3338 3427 καὶ
3359 3374 3548 3447 ὥσπερ
3575 3375 3727 3440 τινὲς

2150 3458 2314 3529 ἀτμοὶ
2354 3459 2462 3513 τῶν
2510 3461 2767 3531 ἐμφύτων
2802 3461 3006 3534 ἡδονῶν
3056 3464 3369 3535 ἀνίσχουσιν
3398 3467 3456 3521 ἐν
3504 3469 3633 3538 ἡμῖν
3664 3471 3725 3521 αἱ

2150 3551 2391 3625 ὀρέξεις.
2424 3552 2563 3606 Ἀλλ’
2588 3557 2617 3608 ὁ
2654 3556 2752 3624 μὲν
2784 3555 3016 3628 σώφρων
3045 3559 3140 3611 καὶ
3178 3559 3447 3624 νεανικὸς,
3495 3561 3728 3631 ἐπιτιμᾷ

2150 3646 2262 3707 τοῖς
2295 3643 2585 3714 κινήμασι,
2617 3644 2711 3697 καὶ
2750 3647 3063 3716 περαιτέρω
3094 3647 3376 3719 προελθεῖν
3408 3650 3510 3704 οὐκ
3547 3651 3645 3720 ἐᾷ·
3677 3641 3729 3718 ᾧ

2152 3734 2248 3787 καὶ
2293 3734 2521 3805 ἀδρανὲς
2558 3734 2617 3788 ὃν
2644 3734 2724 3788 ἔτι
2753 3735 2816 3789 τὸ
2862 3738 3033 3802 πάθος
3060 3740 3288 3810 ἥττηται
3324 3741 3522 3812 ῥᾳδίως
3546 3759 3561 3774 ·
3605 3744 3635 3796 ὁ
3663 3743 3728 3797 δὲ

2154 3825 2399 3897 ῥᾴθυμος
2447 3827 2542 3879 καὶ
2597 3827 3070 3898 κατημελημένος,
3123 3832 3423 3903 εἰσδέχεται
3475 3834 3574 3903 μὲν
3624 3834 3729 3898 τάς

2152 3918 2260 3971 τῶν
2301 3916 2502 3986 ἡδονῶν
2535 3917 2710 3987 ἀρχὰς
2741 3918 2814 3982 ὡς
2843 3919 3052 3984 ἐννοίας
3080 3920 3160 3974 ἔτι
3197 3921 3390 3991 ψιλάς·
3426 3924 3731 3994 ἐπιτρέψας

2152 4008 2208 4061 δὲ
2239 4007 2521 4079 προελθεῖν
2550 4009 2629 4071 είς
2655 4008 2875 4073 πλάτος,
2910 4009 3345 4084 δυσχερεστάτην
3376 4013 3596 4084 εὑρήσει
3625 4014 3731 4085 τὴν

2152 4099 2466 4152 ἀντίστασιν
2497 4102 2594 4169 (ο).
2641 4098 2700 4153 Ὀ
2726 4099 2833 4171 γὰρ
2864 4102 3134 4173 προαλοὺς
3164 4103 3259 4157 καὶ
3288 4106 3729 4176 προηττημένος,

2154 4186 2213 4240 οὐ
2239 4187 2349 4239 τῶν
2383 4187 2530 4241 ίδίων
2552 4189 2702 4242 ἐστὶν
2743 4189 3067 4261 θελημάτων
3109 4192 3348 4264 Κύριος·
3395 4195 3679 4249 ὑπόκειται
3708 4198 3727 4227 ⁸

2153 4278 2211 4333 δὲ
2258 4276 2489 4349 μᾶλλον
2532 4278 2784 4353 καθάπερ
2832 4284 2942 4336 τινὶ
2972 4284 3245 4356 Βαρϐάρῳ
3301 4285 3379 4357 τῷ
3434 4288 3725 4359 νικήσαντι

476 4370 609 4432 tius.
644 4385 747 4425 ceu
771 4370 1018 4426 Barbare
1039 4371 1258 4427 cuidam
1274 4370 1473 4426 victori
1490 4370 1710 4426 atl‘ectui
1729 4378 1895 4441 atque
1918 4369 2053 4423 vitio
2085 4405 2132 4460 ο
2156 4368 2336 4423 πάθει.

471 4460 744 4533 subiacet.

1113 4530 1417 4585 Menandri.

613 4642 843 4699 Castitas
867 4644 1075 4699 virtutis
1103 4643 1529 4715 promptuarium
1581 4650 1676 4697 est.

538 4733 822 4791 Jamblichi
844 4750 908 4789 ea:
936 4732 1190 4805 Epistolis
1214 4733 1279 4787 de
1310 4735 1577 4787 castitate.
1600 4762 1671 4772 —
1698 4732 1886 4789 Virtus
1926 4746 2042 4787 om-

2746 4525 3116 4596 Μενάνδρου.

2295 4635 2538 4705 Ταμεῖόν
2567 4637 2738 4691 ἐστιν
2769 4638 2984 4708 ἀρετῆς
3030 4641 3069 4709 ὴ
3100 4643 3487 4711 σωφροσύνη.

2233 4729 2565 4799 Ἰαμϐλίχου
2607 4730 2676 4795 ἐξ
2723 4731 3101 4786 Ἐπιστολῶν
3121 4735 3254 4803 περὶ
3294 4735 3733 4805 σωφροσύνης,

1773 4871 2008 4927 νΑιιυΕ
2046 4870 2336 4928 LECTION
2345 4870 2451 4927 ES.

541 4967 565 4999 ί
592 4965 735 5022 ἄλλ.
788 4965 1159 5021 ὑποκείσεται.

1993 5053 2226 5111 ΝΟΤᾹ).

533 5151 1107 5227 (ο)Δυσχερεστὰτην
1131 5151 1374 5227 semidei
1398 5152 1514 5219 τὴν
1532 5151 1910 5227 ἀντίσζασιν.
1936 5150 2049 5205 Ma-

473 5221 556 5282 lui
586 5221 749 5279 banc'
769 5221 1082 5287 lectionem,
1118 5223 1276 5291 cujus
1304 5231 1362 5277 et
1388 5236 1585 5276 sensus
1609 5221 1831 5287 clarior,
1857 5235 2042 5292 quam,

473 5305 536 5351 ut
562 5294 678 5359 alii,
711 5293 996 5347 ἀντίδοσιν.
1028 5292 1379 5362 Signiﬁcatur
1419 5291 1589 5345 ardua
1618 5299 1850 5362 etgpenc
1896 5291 2050 5362 insu-

472 5363 737 5436 perabilis
760 5362 1059 5436 affectuum
1086 5360 1576 5436 resistentia,_c_um
1603 5360 1727 5436 quis
1746 5360 1858 5430 jam
1889 5361 2049 5414 adul-

472 5430 561 5488 tos
595 5441 827 5488 conatur
859 5432 1183 5501 exstirpare,
1219 5445 1409 5501 seque
1434 5430 1553 5501 illis,
1592 5430 1861 5501 eximere,
1909 5443 2051 5501 pene

470 5503 690 5572 captiva
706 5501 1019 5572 voluntate,
1034 5500 1146 5572 nec
1169 5501 1303 5572 satis
1328 5500 1417 5572 sui
1441 5500 1669 5572 arbitra.
1695 5500 2051 5572 δυσχερεστά-

473 5568 573 5639 την
598 5570 884 5633 ἀντίδοσιν,
920 5570 1068 5640 quod
1096 5570 1323 5640 exponit
1355 5568 1521 5624 Gesn.
1566 5568 1930 5640 di/ﬁcillimum
1965 5584 2050 5640 re-

476 5638 725 5706 medium,
756 5638 953 5694 vereor
988 5657 1058 5695 ne
1099 5638 1310 5694 medice
1343 5640 1515 5708 magis
1549 5638 1713 5708 quam
1747 5638 2051 5708 theologica

2156 5151 2368 5206 dictum
2411 5150 2482 5222 ab
2528 5164 2596 5206 eo
2619 5150 2736 5222 _sit.
2780 5150 3049 5204 ἀντίδοτον
3092 5149 3522 5222 νεπιεάὶιυκηείι,
3571 5153 3735 5222 quasi

2152 5229 2345 5275 contra
2369 5221 2572 5275 malum
2602 5219 2790 5274 datum
2814 5228 2910 5275 aut
2937 5235 3248 5287 venenum;
3277 5221 3543 5284 ἀντίδοσις
3574 5219 3735 5276 retri-

2146 5291 2325 5361 butio;
2372 5291 2536 5361 vices;
2580 5289 2916 5361 ἀντιδοθείσα
2963 5291 3275 5361 παρθένου.
3302 5289 3466 5360 Greg.
3509 5292 3732 5361 virginis

2147 5360 2258 5413 loco
2283 5360 2433 5414 data.
2470 5359 2571 5414 Hic
2605 5372 2738 5430 ergo
2779 5359 3615 5430 reddam,'diﬂicillimom’_vicevn
3648 5362 3734 5430 in-
3783 5359 3797 5366 ’

2146 5431 2419 5499 veniat_ac
2448 5443 2591 5499 pene
2626 5428 3077 5499 insuperabilem,
3109 5428 3209 5498 pro
3250 5444 3315 5483 ea
3360 5428 3729 5499 indulgentia,

2147 5515 2254 5569 qua
2278 5497 2511 5554 allectus
2534 5497 2781 5566 vitisque
2809 5497 3212 5569 primumsivit
3239 5513 3488 5555 crescere
3512 5497 3567 5555 et
3595 5498 3732 5554 ado-

2146 5568 2375 5633 lescere,
2409 5577 2573 5637 atque
2603 5568 2741 5622 altas
2767 5568 2952 5623 animo
2980 5568 3195 5625 radices
3221 5583 3403 5639 agere.
