3992 6192
307 265 404 332 741

1509 281 1513 285 '
1612 264 1784 326 LOCI
1822 264 2261 329 COMMUNES.

3457 276 3568 342 742

292 410 373 432 .—
402 380 559 435 Πᾶσα
591 377 692 450 μὲν
729 370 901 449 ἁρετὴ
946 374 1009 428 τὸ
1038 373 1338 446 θνητοειδὲς
1365 376 1476 429 πᾶν
1517 374 1796 446 ἀτιμάζει,
1826 377 1871 430 τί

1989 375 2079 430 nis
2120 374 2392 447 quidquid
2444 378 2679 433 mortale
2739 379 2952 451 aliquid
3003 380 3209 449 refert,
3274 385 3564 455 repudiat;

296 476 356 532 δὲ
386 474 661 529 ἀθάνατον
700 468 1029 533 ἀσπάζεται.
1063 467 1206 521 Πολὺ
1236 467 1296 520 δὲ
1324 467 1690 538 διαφερόντως
1718 468 1752 538 ἡ
1780 485 1886 521 σω-

294 565 547 636 φροσύνη
582 563 787 632 ταύτην
818 560 934 630 ἔχει
965 558 1062 631 τὴν
1087 559 1340 630 σπουδὴν,
1366 559 1462 613 ἅτε
1490 559 1555 627 δὴ
1588 558 1687 623 τὰς
1717 576 1886 631 προσ-

293 657 537 726 ηλούσας
567 655 645 725 τῷ
695 652 911 723 σώματι
955 651 1055 720 τὴν
1085 650 1262 722 ψυχὴν
1293 650 1485 722 ἡδονάς
1514 650 1882 721 άτιμάζουσα,

296 736 395 806 καὶ
436 749 497 800 ὲν
549 746 734 814 ἁγνοῖς
776 742 1002 814 βάθροις
1049 741 1286 811 βεϐῶσα,
1341 740 1415 805 ὥς
1457 758 1587 810 φησι
1633 740 1880 795 Πλάτων.

296 835 419 902 Ilii);
452 837 563 907 γάρ
608 837 642 906 ή
678 832 1005 905 σωφροσύνη
1049 832 1291 895 τελείους
1330 833 1478 902 ἡμᾶς
1520 832 1582 885 ού
1629 834 1794 894 ποιεῖ,
1822 830 1884 883 τὸ

295 928 486 991 ἀτελὲς
544 927 641 980 καὶ
702 924 950 995 ἐμπαθὲς
996 922 1118 976 ὅλον
1174 921 1268 990 ἀφ’
1311 923 1467 992 ἡμῶν
1516 922 1879 993 ἐξορίζουσα;

295 1023 332 1075 Γ
336 1021 498 1089 νοίης
537 1019 582 1073 δ’
615 1018 680 1073 ἂν
713 1017 789 1080 ὡς
831 1016 990 1069 τοῦτο
1024 1015 1197 1079 οὕτως
1229 1015 1362 1086 ἔχει,
1394 1014 1483 1067 τὸν
1521 1013 1883 1085 Βελλεροφόν-

292 1127 393 1182 την
423 1109 709 1179 ἐννοήσας,
746 1106 821 1169 ὡς
873 1104 1013 1176 μετὰ
1055 1107 1153 1176 τῆς
1188 1106 1548 1176 κοσμιότητος
1582 1121 1882 1172 συναγωνι-

292 1198 549 1270 ζόμενος,
581 1199 681 1269 τὴν
708 1197 993 1267 Χίμαιραν
1025 1196 1121 1249 καὶ
1148 1196 1208 1249 τὸ
1260 1196 1527 1267 θηριῶδες
1556 1197 1648 1249 καὶ
1692 1196 1882 1265 ἄγριον

292 1291 389 1346 καὶ
418 1292 700 1362 ἀνήμερον
728 1287 895 1357 φῦλον
925 1288 1033 1339 πᾶν
1064 1287 1295 1342 ἀνεῖλεν.
1334 1286 1510 1350 Ὅλως
1545 1285 1652 1356 γὰρ
1688 1286 1720 1356 ἡ
1764 1285 1889 1351 τῶν,

292 1382 493 1437 παθῶν
523 1382 759 1452 ἄμετρος
792 1379 1119 1449 ἐπικράτεια
1165 1377 1286 1431 οὐδὲ
1309 1378 1631 1448 ἀνθρώπους
1654 1378 1877 1448 ἀφίησιν

291 1473 440 1531 εἶναι
483 1476 611 1537 τοὺς
640 1471 997 1542 ἀνθρώπους,
1044 1471 1182 1541 πρὸς
1209 1470 1266 1522 δὲ
1312 1469 1409 1541 τὴν
1458 1470 1741 1538 ἀλόγιστον
1775 1469 1878 1522 αύ-

289 1568 425 1629 toi);
456 1565 607 1617 ἕλκει
643 1562 804 1630 φύσιν
839 1561 934 1613 καὶ
968 1558 1210 1629 θηριώδη
1241 1560 1334 1611 καὶ
1368 1561 1623 1614 ἄτακτον.

1980 466 2127 537 quod
2163 482 2299 522 vero
2322 467 2637 524 immortale
2667 483 2776 537 εει,
2819 472 2874 526 id
2904 473 3277 543 amplectitur.
3312 473 3421 531 Sed
3454 493 3571 548 pra
3629 470 3652 492 '
3734 488 3741 495 ί

1981 557 2213 627 reliquis
2234 558 2436 613 eximie
2460 562 2689 616 castitas
2712 562 2818 617 hoc
2852 563 3039 618 studio
3068 571 3327 632 tenetur;
3361 568 3569 638 quippe

1980 660 2103 715 quae
2127 647 2439 716 voluptates
2464 662 2561 703 seu
2586 648 2848 705 libidines
2882 652 3127 707 animum
3153 655 3376 724 corpori
3412 656 3557 711 addi-

1981 745 2171 791 centes
2199 746 2546 807 aspernetur,
2581 748 2638 794 et
2666 740 2723 794 in
2779 742 2947 796 castis
2997 744 3246 811 sedibus,
3280 754 3341 800 ut
3372 757 3573 804 auctor

1980 836 2065 882 est
2094 829 2273 894 Plato,
2299 829 2453 885 tirma
2485 831 2775 886 consistat.
2812 832 2916 899 Qui
2941 834 3089 897 enim
3146 851 3246 891 nos
3281 836 3445 909 539
3473 854 3568 895 ea»

1981 917 2141 973 stitas
2173 919 2451 988 perfectos
2474 936 2586 975 non
2614 922 2830 988 reddat,
2862 937 2987 977 cum
3044 925 3312 996 quidquid
3359 929 3537 1000 imper

1980 1007 2187 1063 fectum
2215 1018 2321 1075 est,
2352 1010 2599 1080 vitioque
2636 1012 2854 1067 haerens
2882 1028 2945 1068 ac
2980 1014 3368 1083 libidinosum,
3393 1034 3424 1073 a
3468 1035 3572 1074 no-

1980 1100 2069 1155 bis
2101 1101 2473 1156 exterminct?
2503 1105 2683 1173 Atque
2744 1104 2851 1158 hoc
2897 1104 2970 1159 ita
3030 1121 3089 1161 se
3142 1108 3349 1164 habere
3403 1110 3564 1167 facile

1982 1191 2280 1263 intelligas,
2307 1194 2353 1248 si
2385 1194 2875 1264 Bellerophontem
2930 1197 3373 1255 consideraveris
3423 1217 3567 1272 quo-

1984 1284 2150 1339 modo
2176 1287 2431 1342 castitate
2476 1288 2679 1341 comite
2724 1296 3076 1355 concertans,
3126 1289 3454 1348 Chimaeram
3482 1292 3568 1349 fe-

1985 1392 2220 1447 rumque
2240 1393 2416 1448 genus
2438 1394 2603 1434 omne
2623 1388 2680 1434 et
2706 1388 2922 1449 agreste
2952 1390 3118 1450 atque
3140 1381 3353 1437 immite
3384 1393 3570 1440 sustu-

1984 1468 2131 1522 lerit.
2166 1468 2404 1524 Omnino
2432 1472 2582 1524 enim
2612 1471 2910 1525 affectuum
2936 1487 3032 1527 seu
3052 1472 3346 1528 libidinum
3371 1474 3568 1530 immo—

1984 1558 2112 1613 dica
2136 1560 2221 1614 vis
2250 1575 2313 1614 ac
2345 1560 2601 1627 victoria,
2636 1577 2707 1617 ne
2736 1561 2990 1618 homines
3022 1563 3249 1632 quidem
3305 1565 3569 1622 homines

289 1670 419 1711 esse
450 1654 608 1719 sinit,
668 1650 766 1707 sed
826 1649 882 1704 in
944 1649 1241 1704 brutorum
1290 1650 1635 1720 ferinamque
1689 1666 1753 1705 ac
1794 1647 2169 1704 inordinatam
2216 1665 2315 1706 eos
2363 1650 2628 1718 indolem,
2681 1653 2954 1707 exstincta
3017 1654 3142 1709 luce
3174 1654 3410 1711 rationis
3451 1664 3567 1713 tra-

288 1746 398 1801 hit.

360 1840 632 1910 Μέμνησο
662 1835 824 1906 λιμοῦ
859 1835 954 1890 καὶ
996 1835 1212 1906 δίψους·
1245 1834 1421 1889 ταῦτα
1471 1835 1580 1906 γάρ
1619 1833 1871 1888 δύνανται

2049 1830 2160 1888 Fac
2200 1833 2301 1889 tibi
2345 1834 2523 1890 fames
2560 1840 2617 1891 et
2670 1836 2794 1891 sitis
2824 1837 2881 1891 in
2911 1846 3154 1894 mentem
3189 1838 3412 1894 veniat:
3445 1839 3564 1897 hac

293 1927 555 2002 μεγάλως
575 1929 702 2002 τοῖς
737 1923 1093 1997 σωφροσύνην
1122 1923 1434 1979 διώκουσιν.

370 2104 478 2157 Ἐκ
496 2101 615 2157 τῶν
635 2101 1326 2171 Ἀριστογνοππουμμῶν
1347 2099 1569 2173 (p).-—K
1579 2102 1733 2172 ρατεῖ
1762 2099 1881 2169 ήδοο

292 2196 416 2266 νῆς,
450 2196 548 2266 οὐχ
590 2196 618 2248 ὁ
644 2192 1007 2264 ἀπεχόμενος,
1060 2192 1175 2247 ἀλλ’
1209 2194 1237 2245 ὁ
1292 2194 1571 2264 χρώμενος
1627 2192 1747 2261 μὲν,
1805 2190 1880 2262 μὴ

292 2283 772 2358 προεκφερόμενος
800 2283 858 2336 δέ
877 2300 892 2314 ο
923 2282 1111 2356 ὥσπερ
1136 2283 1230 2338 καὶ
1264 2284 1391 2354 νηὸς
1438 2283 1533 2337 καὶ
1565 2285 1752 2349 ἵππου,
1781 2283 1880 2353 οὐχ

289 2380 321 2431 ὁ
354 2377 430 2449 μὴ
460 2374 767 2448 χρώμενος,
800 2373 915 2428 ἀλλ’
956 2374 984 2426 ὁ
1022 2375 1274 2446 μετάγων
1299 2376 1435 2428 ὅπου
1466 2374 1735 2445 βούλεται.

374 2554 646 2611 Ἡσαΐου.
686 2583 757 2594 —-
800 2553 1074 2624 Ἠγοῦμαι
1126 2554 1391 2624 μεγίστην
1437 2549 1577 2607 εἶναι
1615 2553 1725 2606 τῶν
1770 2554 1880 2607 λει-

295 2645 590 2714 τουργιῶν,
614 2645 674 2699 τὸ
705 2644 830 2700 καθ’
861 2646 1076 2716 ἡμέραν
1107 2644 1220 2716 βίον
1249 2646 1478 2716 κόσμιον
1498 2648 1592 2700 καὶ
1621 2645 1878 2717 σώφρονα

302 2750 583 2807 παρεχειν.

369 2825 631 2894 Σωκράτ.
662 2857 731 2867 -
753 2827 827 2881 Τὸ
861 2826 962 2898 μὲν
990 2825 1127 2898 πῦρ,
1172 2827 1201 2879 ὁ
1229 2826 1451 2897 ἄνεμος,
1480 2826 1571 2880 τὸν
1596 2825 1652 2879 δὲ
1674 2825 1872 2897 ἔρωτα,

298 2916 331 2987 ἡ
368 2916 626 2986 συνήθεια
657 2917 894 2971 ἐκκαίει.

376 3006 724 3075 Ἀλέξανὸρ.
771 3037 841 3046 -
877 3007 1270 3078 Δίχμαλώτους
1307 3006 1488 3061 λαϐὼν
1517 3006 1615 3068 τὰς
1645 3006 1873 3077 Δαρείου

296 3097 623 3168 θυγατέρας,
658 3097 851 3168 ἐπειδὴ
897 3096 1278 3151 συνεϐούλευον
1312 3096 1461 3168 αὐτῷ
1494 3098 1543 3149 oi
1575 3097 1737 3166 φίλοι,
1780 3097 1871 3149 εύ-

1982 1920 2131 1975 enim
2159 1921 2462 1990 plurimum
2481 1922 2667 1978 valent
2688 1922 2743 1977 in
2768 1923 2838 1979 iis
2868 1925 2963 1995 qni
2990 1925 3301 1981 castitatem
3347 1935 3566 1984 sectan—

1983 2016 2095 2062 tur.

2056 2098 2140 2152 Ex
2173 2099 2431 2170 Aristippi
2452 2102 3197 2174 sententiis.-—Voluptatem
3223 2105 3420 2173 vincit,
3451 2122 3565 2164 non

1981 2190 2076 2258 qui
2097 2190 2357 2254 abstinet,
2396 2191 2492 2246 sed
2511 2191 2605 2261 qui
2639 2193 2818 2249 utitur
2844 2194 3096 2264 quidem,
3134 2205 3191 2251 et
3220 2212 3334 2252 non
3354 2197 3560 2255 effuse:

1981 2281 2124 2337 sicut
2154 2290 2211 2336 et
2235 2296 2431 2336 navem
2457 2290 2512 2336 et
2533 2298 2739 2351 equum
2766 2286 2930 2356 regit,
2963 2302 3072 2342 non
3096 2288 3189 2357 qui
3223 2302 3336 2344 non
3361 2290 3561 2357 utitur,

1981 2369 2079 2425 sed
2109 2372 2203 2440 qui
2253 2370 2516 2426 transfert
2545 2387 2609 2426 ac
2638 2373 2795 2429 ducit
2850 2391 2962 2446 quo
2986 2378 3297 2433 collibitum
3333 2379 3386 2435 ei
3437 2379 3563 2437 fue-

1980 2460 2076 2528 rit.

2049 2549 2181 2604 Isai.
2221 2579 2292 2590 —
2320 2550 2616 2606 Maximum
2647 2552 2891 2609 arbitror
2916 2556 3169 2612 omnium
3215 2574 3339 2616 esse
3367 2576 3566 2617 mune-

1979 2656 2124 2706 rum,
2150 2641 2276 2695 vitze
2327 2643 2543 2710 pudicae
2574 2659 2639 2699 ac
2694 2654 2858 2701 castae
2900 2644 3022 2719 (seu
3054 2649 3277 2721 sobrie)
3309 2637 3563 2722 quotidie

1978 2728 2257 2798 specimen
2292 2730 2565 2797 prmbere.

2046 2818 2303 2873 Socratis.
2352 2850 2424 2860 —
2452 2822 2638 2892 ignem
2691 2834 2891 2883 ventus
2939 2831 3243 2888 exsuscth
3274 2848 3561 2892 :amorem

1976 2917 2161 2963 autem
2179 2912 2524 2966 consuetudo
2549 2913 2872 2970 inﬂammat.

2044 3002 2371 3056 Alexander.
2412 3034 2484 3043 —
2507 3004 2646 3059 Cum
2678 3008 2925 3078 captivas
2960 3010 3017 3065 in
3063 3021 3336 3081 potestate
3388 3014 3563 3073 babe-

1978 3100 2064 3144 ret
2112 3092 2259 3145 Darii
2317 3092 2483 3160 ﬁlias,
2516 3096 2679 3165 eique
2713 3098 2881 3153 amici
2939 3102 3262 3170 suaderent,
3313 3114 3377 3160 ut
3404 3106 3558 3176 quod

294 3164 512 3245 ειδάσιν-
540 3190 727 3253 οὔσαις
776 3164 967 3252 αύϋταῖς
1013 3189 1369 3258 συγγενέσθαι
1396 3205 1408 3217 ·
1432 3164 1701 3259 *Αίσχρὸη
1741 3188 1865 3259 ἔφη,

1982 3182 2212 3252 eleganti
2264 3182 2444 3237 forma
2500 3194 2705 3253 essent,
2758 3203 2884 3243 cum
2926 3190 3010 3246 eis
3055 3194 3494 3265 congrederetur
3537 3214 3555 3254 ι

293 3283 473 3345 ἐστὶν,
521 3279 721 3349 ἄνδρας
779 3282 1148 3349 νικήσαντας,
1208 3278 1314 3333 ὑπὸ
1374 3279 1650 3348 γυναικῶν
1705 3279 1870 3349 ἡττη-

295 3371 474 3441 θῆναι.

371 3462 430 3515 '0
460 3459 621 3524 αὐτὸς
650 3460 731 3524 είς
769 3459 1061 3531 Ἰλλυριοὺς
1095 3460 1563 3531 παραγενόμενος,
1599 3461 1657 3512 ὲν
1680 3459 1758 3531 τῷ
1778 3459 1871 3514 τοῦ

292 3551 410 3616 Διὸς
468 3549 638 3621 βωμῷ
691 3549 925 3604 κατιδὼν
964 3553 1200 3619 γυναῖκα
1240 3550 1429 3604 κάλλει
1477 3551 1869 3622 διαφέρουσαν,

289 3643 585 3711 ἐκπλαγεὶς
642 3642 813 3712 αὐτῆς
878 3642 975 3712 τὴν
1038 3641 1376 3713 εὐμορφίαν,
1453 3642 1621 3695 πολὺν
1681 3644 1871 3714 χρόνον

288 3732 506 3789 ἐθεᾶτο*
554 3734 649 3787 τοῦ
701 3734 759 3787 δὲ
831 3733 1225 3803 Ἠφαιστίωνος
1276 3734 1540 3799 είπόντος,
1598 3734 1681 3787 ὅτι
1723 3734 1871 3799 είκός

287 3830 405 3883 ἐστι
436 3826 776 3898 παραλαϐεῖν
805 3826 974 3898 αὐτὴν
1002 3826 1308 3898 ἐρωμένην,
1346 3826 1470 3897 ἔφη,
1525 3827 1633 3880 Καὶ
1658 3826 1776 3890 πῶς
1805 3827 1865 3880 ού

286 3918 478 3980 δεινὸν,
524 3920 573 3970 εί
612 3918 661 3970 oi
710 3915 887 3969 ἄλλων
934 3917 1205 3987 ἀκρασίας
1255 3916 1504 3982 κολάζειν
1531 3917 1865 3988 βουλόμενοι,

287 4008 630 4073 δουλεύοντες
680 4010 977 4081 ἀκρασίαις
1019 4009 1125 4063 ὑπὸ
1182 4008 1293 4063 τῶν
1348 4009 1505 4073 ἐκτὸς
1562 4010 1866 4080 ἀνθρώπων

288 4099 524 4172 φωραθῶ
531 4117 629 4168 μεν
647 4116 663 4165 ;

354 4190 726 4260 Κλειτάρχου
745 4221 816 4231 -
842 4189 1016 4243 Φιλῶν
1039 4190 1075 4244 ἃ
1094 4190 1168 4263 μὴ
1191 4190 1289 4255 δεῖ,
1323 4190 1382 4244 ού
1414 4191 1662 4262 φιλήσεις
1687 4191 1724 4245 ἃ
1759 4191 1862 4249 δεῖ.

297 4282 646 4353 Ἀπλὴρωτον
666 4281 788 4353 ξγὰρ
812 4282 848 4352 ἡ
890 4281 1177 4360 ἐπιθυμία,
1207 4281 1298 4335 διὰ
1328 4283 1489 4335 τοῦτο
1514 4283 1609 4336 καὶ
1636 4284 1860 4354 ἄπορον.

352 4457 654 4526 Διογένης.
683 4486 753 4497 -
778 4455 958 4510 Δεινὸν
981 4455 1187 4524 ἔλεγεν,
1221 4457 1269 4510 εἰ
1296 4457 1346 4510 oi
1380 4455 1480 4528 μὲν
1507 4456 1739 4528 ἀθληταὶ
1767 4457 1860 4513 καὶ
1891 4493 1936 4548 D

284 4547 336 4600 οῖ
368 4546 681 4617 κιθαρῳδοὶ,
715 4548 952 4618 γαστρὸς
981 4549 1074 4601 καὶ
1097 4548 1302 4618 ἡδονῶν
1338 4550 1656 4620 κρατοῦσιν,
1688 4552 1860 4625 οἱμὲν

282 4638 382 4707 τῆς
408 4638 590 4709 φωνῆς
620 4639 779 4707 χάριν
802 4655 817 4670 ’
851 4639 900 4692 oi
927 4639 1005 4703 δὲ,
1039 4638 1135 4691 τοῦ
1178 4636 1429 4709 σώματος
1455 4656 1469 4669 ’
1504 4641 1860 4714 σωφροσύνης

281 4721 339 4776 δὲ
364 4723 544 4791 ἕνεκα,
574 4724 750 4788 οὐδεὶς
781 4724 984 4781 τούτων
1013 4729 1434 4797 καταφρονήσει.

1976 3269 2158 3338 Turpe
2186 3269 2349 3337 foret,
2378 3273 2579 3343 inquit,
2605 3276 2650 3329 si
2668 3276 2918 3333 virorum
2944 3280 3206 3350 victores,
3230 3299 3263 3341 a
3300 3288 3556 3345 mulieri-

1974 3360 2079 3415 bus
2105 3376 2206 3416 nos
2242 3363 2389 3417 vinci
2416 3365 2788 3435 contingeret.

2043 3451 2193 3505 Idem
2218 3466 2345 3506 cum
2405 3454 2464 3507 in
2494 3454 2709 3525 Illyrios
2749 3459 3015 3527 venisset,
3049 3476 3116 3518 ac
3144 3463 3228 3519 \in
3278 3466 3435 3526 Iovis
3454 3482 3555 3526 ara

1971 3544 2266 3599 mulierem
2288 3546 2462 3600 forma
2492 3557 2849 3617 praestantem
2880 3553 3382 3625 animadvertisset,
3426 3562 3551 3632 ejus

1971 3642 2204 3705 stupens
2237 3636 2732 3705 pulchritudinem,
2779 3640 2876 3695 diu
2914 3646 3186 3711 spectavit
3233 3663 3247 3700 :
3310 3663 3551 3722 cumque

1971 3724 2327 3795 Haephestion
2353 3726 2584 3793 diceret,
2609 3744 2829 3798 aaquum
2867 3746 2988 3787 esse
3019 3741 3080 3788 ut
3135 3737 3294 3807 cujus
3360 3754 3550 3799 amore

1970 3814 2232 3872 incensus
2261 3827 2431 3883 esset,
2479 3833 2603 3873 eam
2634 3820 2915 3890 acciperet
2942 3825 3199 3891 :Annon,
3228 3828 3428 3900 inquit,
3460 3834 3555 3888 in-

1968 3907 2355 3977 dignissimum
2375 3925 2652 3980 graveque
2678 3913 2838 3979 foret,
2866 3922 2931 3969 ut
2948 3918 3043 3987 qui
3077 3919 3134 3974 in
3170 3922 3407 3979 aliorum
3459 3926 3549 3981 in-

1959 3999 2366 4081 continentiam
2450 4002 2893 4061 animadvertere
2949 4009 3228 4079 velimus,
3299 4016 3403 4086 ipsi
3459 4019 3550 4074 in-

1966 4090 2325 4145 continentiae
2369 4093 2579 4147 servire
2608 4095 2677 4149 ab
2734 4099 2942 4152 exteris
2977 4098 3543 4170 deprehenderemur.

2038 4180 2317 4236 Clitarclu'.
2346 4212 2418 4221 —
2451 4182 2506 4237 Si
2543 4199 2665 4253 qua:
2704 4202 2815 4241 non
2840 4187 3000 4243 decet
3032 4192 3210 4260 amas,
3236 4211 3361 4265 qua
3384 4200 3545 4256 decet

1966 4285 2083 4324 non
2110 4286 2283 4325 amas.
2314 4270 2604 4341 Cupiditas
2625 4274 2774 4330 enim
2804 4276 3180 4351 inexplebilis,
3222 4299 3288 4340 ac
3333 4287 3544 4347 idcirco

1964 4367 2021 4414 et
2055 4374 2228 4430 egena
2262 4369 2367 4415 est.
3432 4387 3439 4395 -

2036 4449 2316 4522 Diogenes.
2336 4482 2406 4492 —
2421 4453 2558 4509 Rem
2574 4454 2855 4528 indignam
2882 4475 3004 4516 esse
3026 4462 3269 4530 dicebat,
3301 4468 3541 4527 athletas

1965 4549 2023 4597 et
2048 4542 2386 4600 citharoedos
2403 4546 2584 4616 gulam
2610 4548 2834 4605 vincere
2861 4566 2927 4607 ac
2952 4554 3286 4625 voluptates,
3311 4558 3449 4615 alios
3478 4569 3542 4617 ut

1965 4635 2112 4702 voci,
2157 4636 2298 4693 alios
2349 4648 2409 4693 ut
2440 4642 2660 4710 corpori
2688 4642 2919 4712 ejusque
2971 4646 3163 4701 robori
3204 4650 3536 4709 consulant:

1964 4726 2246 4783 neminem
2273 4745 2409 4786 vero
2429 4735 2812 4804 temperantiae
2832 4750 3000 4793 causa
3029 4752 3096 4795 ac
3121 4739 3392 4798 castitatis
3418 4742 3539 4799 haec

1964 4826 2347 4876 contemnere.

1781 4943 2016 5006 NOTAE.

352 5073 430 5145 (p)
463 5074 558 5145 Ἐκ
588 5071 722 5145 τίζνιννΔ
742 5070 1405 5145 Ἀριστᾼοτνοππουμῶη
1426 5070 1729 5145 Monstrum
1744 5075 1852 5133 hoc

273 5142 436 5199 vocis
466 5143 676 5199 librarii
709 5142 991 5213 imperitia
1036 5152 1244 5207 ortum,
1306 5143 1386 5213 sic
1437 5144 1848 5202 emendandum

316 5221 492 5285 utemg,
532 5214 630 5285 Ἐκ
663 5214 770 5285 τῶν
790 5212 1173 5285 ἿΔριστίιιτπου
1194 5212 1432 5285 γνωμῶν
1452 5228 1465 5241 ·
1500 5213 1595 5285 cui
1639 5214 1696 5269 in
1725 5215 1853 5271 Sto-

364 5282 382 5336 i
411 5283 655 5338 editione
679 5282 798 5338 haec
822 5282 1099 5353 sententia
1133 5282 1482 5353 acisuperior
1530 5284 1849 5353 tribuatur;

272 5352 333 5407 in
361 5352 579 5408 Maximi
604 5366 876 5419 seorsum,
927 5352 1072 5408 forte
1116 5351 1316 5422 melius
1366 5360 1457 5422 (ex
1493 5352 1600 5407 viri
1637 5351 1849 5411 scilicet

272 5423 463 5495 genio)
488 5424 603 5495 bac
629 5438 759 5495 una.
789 5423 1079 5477 Hominem
1112 5421 1387 5495 describit;
1411 5422 1566 5478 Suid.
1604 5425 1851 5494 philoso-

270 5491 447 5563 phum
470 5492 830 5566 Socraticum!
862 5494 922 5545 ὲν
950 5494 1084 5566 πᾶσι
1112 5491 1211 5563 τὴν
1237 5491 1435 5566 ήμδονὴν
1458 5491 1846 5566 ἀσπασάμενον

271 5561 661 5647 καὶὲπίχαριν.
684 5561 788 5646 Qui
813 5564 867 5616 in
903 5563 1142 5647 aemilius
1168 5561 1517 5647 'poluptdle‘pt
1562 5561 1859 5647 amplexus.

267 5635 363 5701 sit,
391 5651 452 5688 ac
485 5636 574 5687 aui
600 5634 814 5705 festivus
848 5641 999 5687 esset.
1028 5632 1131 5698 Qui
1154 5633 1236 5689 sic
1257 5647 1386 5703 ergo
1416 5632 1838 5706 aﬂ‘ectus'esset;

1947 5082 2227 5169 σώφρονα,
2248 5094 2651 5169 temperantem,
2686 5099 2917 5169 castum,
2944 5093 3159 5169 habuit,
3176 5112 3285 5153 non
3304 5099 3400 5169 qui
3417 5115 3538 5157 om-

1947 5157 2080 5242 nino
2105 5163 2456 5242 temperaret,
2484 5158 2580 5242 sed
2614 5160 2717 5242 qui
2749 5157 2973 5242 modum
2997 5157 3237 5242 aliquem
3270 5157 3533 5242 volupta-

1949 5224 2022 5306 tis
2047 5224 2286 5308 teneret.
2314 5224 2434 5308 Quo
2457 5224 2973 5308 altior'Cltristiana
3006 5224 3534 5308 pbilosopbia,‘vir-

1947 5293 2237 5383 ginitatem
2262 5296 2821 5383 omnibushpr'aafert,
2852 5318 2975 5372 quae
3005 5293 3122 5376 ipsa
3165 5293 3530 5383 σώφροσύνης

1949 5378 2146 5447 arcem
2166 5373 2382 5430 tenens,
2409 5367 2684 5425 castitatis
2710 5367 3043 5441 supremum'
3072 5367 3531 5447 genusfnullur'ii

1954 5433 2211 5489 admittat
2240 5450 2608 5506 venereorum
2660 5433 2841 5505 usuin,
2868 5458 2967 5499 seu
2993 5433 3167 5501 aniini
3217 5433 3276 5503 in
3304 5433 3368 5505 ea
3392 5433 3531 5506 6th

1944 5508 2197 5586 'sensum,
2232 5505 2505 5586 quidquid
2526 5522 2730 5581 corpus
2750 5511 2933 5569 adhuc
2964 5517 3221 5586 animale,
3255 5520 3342 5576 vel
3392 5505 3532 5577 con-

1951 5575 2200 5645 cupiscat
2222 5576 2307 5631 vel
2330 5575 2574 5647 patiatur
2624 5575 2642 5581 “
3206 5575 3220 5586 ’
3304 5575 3311 5576 ⁷
3407 5575 3431 5609 λ
