3978 6168
451 271 566 340 743

1591 279 1652 339 8.
1696 280 1979 340 ΜΑΧῙΜΙ
2014 281 2154 342 CON
2166 285 2522 345 FESSORIS

3593 286 3692 352 7H

527 386 838 442 Demonact.
865 415 933 427 --
955 384 1216 441 Nonnulli
1238 387 1561 444 civitatibus
1579 389 1956 456 dominantur,
1975 400 2030 445 et

2203 395 2539 461 Δημώνακτ.
2569 425 2637 436 —
2665 395 2838 450 Ἔνιοι
2879 394 3086 449 πόλεων
3112 393 3212 464 μὲν
3242 393 3577 477 δεσπόζουσι,
3598 416 3687 469 γυ-

459 476 787 532 mulieribus
809 475 1079 531 serviunt.

527 569 839 638 Antiphont.
870 566 1062 634 —Qui
1091 569 1295 639 turpia,
1331 569 1446 624 sive
1481 568 1647 634 mala,
1681 585 1786 624 nec
1813 569 2034 627 deside-

457 660 600 714 ravit
625 673 806 728 neque
845 658 1045 730 tetigit,
1071 674 1183 713 non
1209 669 1295 715 est
1324 669 1636 731 temperans
1663 679 1676 713 :
1711 660 1850 714 nihil
1882 663 2031 717 enim

439 755 541 804 'est
574 749 732 818 cujus
766 749 968 824 victor,
996 749 1344 805 moderatum
1372 765 1432 806 se
1463 759 1520 806 et
1543 757 1753 804 castum
1775 751 2032 821 praebue-

457 839 551 893 rit.

529 929 692 1003 διο
718 930 966 1001 Epicteti.
1004 960 1075 969 —
1101 929 1269 984 Liber
1294 943 1406 984 non
1431 938 1538 996 est,
1559 930 1653 1001 qui
1684 946 1743 986 se
1779 930 1894 1002 ipse
1918 947 2031 987 non

443 1023 725 1084 continet.

526 1111 819 1182 Pgthagor.
850 1110 1040 1165 —Vis
1095 1109 1265 1164 animi
1308 1125 1340 1163 a
1404 1112 1922 1180 perturbationibus
1969 1128 2033 1167 ac

456 1203 748 1257 aﬁectibus
781 1200 961 1265 vacui,
990 1201 1357 1270 temperantia
1382 1211 1466 1255 est
1492 1217 1556 1257 ac
1588 1203 1890 1257 sobrietas:
1915 1204 2032 1258 haec

454 1293 604 1345 enim
640 1291 733 1344 lux
757 1299 840 1344 est
864 1288 1032 1342 animi
1061 1288 1118 1341 in
1149 1287 1564 1356 tranquillitatis
1584 1289 1693 1359 jam
1721 1303 1846 1344 arce
1893 1303 2031 1343 con-

454 1381 657 1436 stituti.

527 1473 748 1528 Servire
797 1470 1110 1534 affectibus,
1151 1484 1249 1523 seu
1285 1467 1460 1534 vitiis,
1500 1471 1722 1539 gravius
1750 1477 1835 1524 est
1865 1486 2030 1540 quam

453 1563 702 1634 tyrannis
738 1580 750 1615 :
789 1577 891 1616 nec
915 1561 1064 1614 enim
1099 1559 1219 1614 ﬁeri
1248 1567 1432 1628 potest
1463 1568 1524 1613 ut
1549 1560 1595 1614 is
1642 1560 1782 1614 liber
1813 1561 1906 1625 sit,
1935 1561 2030 1630 qui

452 1654 744 1708 aﬂ‘ectibus
781 1661 948 1722 atque
977 1651 1130 1705 vitiis
1153 1649 1346 1715 servit,
1385 1665 1697 1720 eorumque
1744 1650 2028 1706 dominatu

451 1745 746 1814 premitur.

525 1835 812 1908 Saphoclis.
868 1865 938 1875 —-
985 1834 1168 1903 Turpe
1230 1843 1317 1889 est
1373 1834 1610 1902 turpiter
1675 1834 1864 1890 vivere
1927 1835 2029 1900 iis,

451 1930 546 2000 qui
578 1929 720 1982 bene
752 1926 868 1980 nati
900 1925 1202 1979 honestave
1239 1922 1348 1978 orti
1383 1923 1644 1993 progenie
1675 1933 1824 1978 sunt.

520 2020 918 2075 Demosthenes.
950 2047 1017 2057 —
1063 2017 1253 2081 Decet,
1286 2024 1347 2070 ut
1388 2015 1484 2084 qui
1529 2016 1752 2084 sapiens
1797 2025 1882 2070 est
1929 2016 2035 2070 hoc

450 2112 714 2175 enitatur,
741 2117 800 2163 ut
821 2109 1092 2162 rationem
1120 2121 1340 2177 semper
1359 2104 1725 2176 cupiditatum
1749 2106 2033 2162 victricem

451 2203 628 2272 iisque
662 2202 1004 2273 superiorem
1039 2207 1285 2269 praestet.

521 2293 838 2348 Demetrius.
889 2319 960 2329 —
1014 2288 1330 2342 Demetrius
1389 2288 1690 2342 Phalereus
1768 2288 2035 2342 honestos

451 2385 841 2441 adolescentes
889 2380 1072 2435 aiebat
1128 2379 1277 2434 domi
1331 2387 1590 2450 parentes
1642 2381 1888 2434 revereri
1935 2379 2035 2434 de-

448 2478 620 2543 bere;
654 2477 709 2531 in
765 2476 854 2530 via
881 2487 1096 2539 omnes,
1125 2478 1185 2526 ut
1235 2473 1470 2543 quisque
1509 2487 1567 2527 se
1607 2471 1876 2527 obtulerit
1911 2491 1925 2526 :
1976 2472 2034 2526 in

449 2563 749 2620 solitudine
771 2562 1004 2632 seipsos.

519 2651 808 2706 Meneclem.
839 2681 911 2691 —
948 2651 1324 2714 Menedemus,
1354 2665 1480 2704 cum
1532 2649 1854 2704 adolescens
1905 2649 2033 2718 qui-

454 2741 584 2797 dam
614 2741 845 2796 dixisset
871 2757 1128 2811 magnum
1159 2755 1305 2805 esse,
1331 2755 1526 2795 eorum
1582 2749 1891 2809 compotem
1913 2739 2034 2794 ﬁeri

449 2847 574 2904 quas
600 2833 729 2902 quis
755 2832 1058 2898 desideret,
1113 2831 1424 2901 respondit,
1477 2832 1653 2884 multo
1699 2831 1879 2900 majus
1909 2843 2032 2884 esse

449 2924 590 2979 nihil
625 2924 964 2989 desiderare,
1027 2938 1220 2978 eorum
1268 2938 1389 2992 qua:
1446 2938 1556 2977 non
1582 2921 1815 2977 deceant
1857 2935 2034 2990 exque

451 3017 672 3072 honesti
708 3017 922 3071 ratione
949 3017 1080 3072 sint.

2135 483 2278 548 ναιξὶ
2303 484 2358 537 δέ
2385 485 2712 538 δουλεύουσι.

2217 560 2558 645 Ἀντιφῶν-τ,
2604 605 2675 618 -
2723 577 2913 640 Ὅστις
2959 574 3016 628 δέ
3057 575 3168 628 τῶν
3215 576 3470 648 αἰσχρῶν,
3519 580 3552 651 ἢ
3589 578 3687 637 τῶν

2134 666 2354 732 κακῶν,
2409 669 2546 738 μήτε
2596 667 2937 738 ἐπεθύμησε,
3001 667 3141 737 μήτε
3188 667 3395 737 ἥψατο,
3443 671 3538 724 οὐκ
3579 671 3688 724 ἐστι

2135 757 2372 828 σώφρων
2391 777 2404 790 ·
2440 759 2500 812 ού
2553 758 2663 831 γὰρ
2691 759 2805 812 ἐσθ’
2837 760 2960 813 ὅτου
2991 759 3298 830 κρατήσας,
3329 761 3480 826 αὐτὸς
3507 762 3684 822 ἑαυτὸν

2133 850 2361 920 κόσμιον
2391 849 2709 921 παρέχεται.

2217 941 2600 1012 Ἐπικτήτου.
2647 971 2718 984 -
2771 942 2963 1005 Οὐδεὶς
3016 941 3327 1012 ἐλεύθερος,
3374 943 3554 998 ἐαυτοῦ
3603 945 3680 1014 μὴ

2133 1031 2369 1104 κρατῶν.

2205 1124 2572 1193 Πυθαγόρου.
2619 1153 2691 1164 —
2730 1122 2918 1194 Ῥώμη
2959 1123 3137 1194 ψυχῆς
3180 1121 3436 1190 ἀπαθοῦς,
3479 1141 3665 1197 σωφρο.

2134 1212 2290 1286 σύνη.
2322 1213 2471 1286 Αὕτη
2500 1215 2610 1286 γὰρ
2639 1213 2817 1285 ψυχῆς
2847 1213 3094 1277 ἀπαθοῦς
3121 1213 3235 1283 φῶς
3261 1215 3424 1267 ἐστιν.

2202 1475 2482 1530 Δουλεύειν
2509 1475 2708 1530 πάθεσι
2729 1473 3107 1547 χαλεπώτερον
3133 1475 3166 1546 ἢ
3191 1474 3486 1546 τυράννοις,
3522 1473 3684 1527 Ἐλεύ.

2134 1566 2290 1638 θερον
2321 1566 2580 1619 ἀδύνατον
2611 1561 2750 1620 εἶναι
2777 1565 2868 1618 τὸν
2893 1565 3090 1618 πάθεσι
3123 1563 3463 1620 δουλεύοντα.
3485 1563 3574 1616 καὶ
3594 1563 3688 1616 ὑπὸ

2133 1657 2322 1711 παθῶν
2355 1657 2742 1728 κρατούμενον.
3306 1657 3317 1665 ’

2202 1831 2607 1902 Σοφοκλέους.
2637 1861 2708 1872 -
2731 1833 2838 1902 Ζῇν
2867 1831 3089 1901 αἰσχρὸν
3118 1831 3363 1904 αἰσχρῶς
3396 1834 3502 1896 τοῖς
3527 1834 3692 1898 καλῶς

2133 1925 2424 1994 πεφυκόσι.

2203 2021 2461 2084 Δημοσθ.
2505 2045 2574 2056 -
2606 2018 2700 2068 Δεῖ
2749 2015 2841 2070 τὸν
2871 2010 2931 2068 εὖ
2968 2014 3289 2084 φρονοῦντα,
3330 2015 3424 2068 τὸν
3453 2015 3698 2086 λογισμὸν

2132 2109 2223 2163 ἀεὶ
2252 2109 2360 2162 τῶν
2386 2109 2690 2176 ἐπιθυμιῶν
2714 2109 2947 2180 κρείττω
2979 2108 3272 2180 πειρᾶσθαι
3304 2111 3500 2162 ποιεῖν.

2203 2283 2551 2352 Δημήτριος.
2571 2311 2643 2323 --
2661 2284 2973 2356 Δημήτριος
3005 2285 3034 2336 6
3055 2284 3200 2354 Φαλη
3210 2285 3354 2354 ρεὺς,
3381 2286 3506 2348 τοὺς
3529 2285 3703 2337 ἀστεί-

2134 2393 2232 2439 ους
2266 2371 2392 2428 εῐπε
2423 2374 2534 2427 τῶν
2568 2373 2727 2437 νέων,
2757 2376 2816 2427 ἐν
2861 2374 2958 2444 μὲν
2996 2377 3115 2438 ταῖς
3147 2375 3347 2438 οἰκίαις
3381 2376 3512 2438 τοὺς
3535 2379 3706 2443 γονεῖς

2117 2469 2229 2521 δεῖν
2245 2467 2510 2520 αἰδεῖσθαι
2529 2481 2542 2496 ⁸
2575 2469 2631 2519 ἐν
2661 2466 2717 2518 δέ
2751 2469 2817 2537 τῇ
2843 2467 2966 2537 ὀδῷ,
2989 2468 3115 2531 τοὺς
3151 2467 3508 2531 ἀπαντῶντας
3527 2483 3540 2496 °
3571 2470 3627 2520 ἐν
3651 2468 3706 2520 δέ

2133 2559 2253 2619 ταῖς
2289 2555 2570 2627 ἐρημίαις,
2609 2555 2855 2619 ἑαυτούς.

2205 2647 2571 2717 Μενέδημος.
2624 2677 2693 2689 -
2733 2649 3071 2718 Μενέδημος,
3105 2647 3391 2700 νεανίσκου
3443 2646 3584 2709 τινὸς
3635 2648 3710 2699 εί-

2136 2741 2351 2802 πόντος,
2387 2723 2550 2804 Μέγα
2586 2739 2704 2790 ἐστὶ
2753 2738 2814 2791 τὸ
2844 2742 3024 2809 τυχεῖν
3077 2732 3150 2794 ὧν
3194 2741 3259 2794 ἀν
3312 2755 3400 2801 τις
3449 2738 3707 2808 ἐπιθυμῇ,

2135 2825 2307 2884 εἶπενο
2344 2828 2528 2899 Πολλῷ
2559 2829 2742 2898 μεῖζόν
2777 2830 2892 2882 ἐστι
2925 2829 2985 2883 τὸ
3011 2829 3181 2900 μηδὲν
3219 2829 3508 2900 ἐπιθυμεῖν
3535 2822 3608 2884 ὧν
3638 2829 3711 2899 μὴ

2134 2923 2236 2978 δεῖ.

518 3107 666 3162 Bias.
698 3138 768 3148 —
801 3107 928 3162 Bias
963 3108 1229 3162 Prieneus
1260 3105 1482 3161 beatum
1531 3119 1659 3158 eum
1685 3103 1906 3159 dicebat
1937 3103 2032 3172 qui

2207 3096 2458 3162 Βίας.--
2481 3096 2613 3160 Βίας
2645 3098 2673 3150 6
2699 3097 2988 3168 Πριηνεὺς,
3017 3089 3159 3150 ε’ίπε⁹
3194 3097 3488 3166 Μακάριός
3517 3098 3662 3150 ἐστιν
3689 3096 3718 3147 6

450 3198 609 3254 dives
635 3206 801 3263 esset,
831 3207 888 3252 et
920 3199 1123 3268 optatis
1148 3197 1422 3267 potiretur
1449 3213 1461 3248 :
1498 3209 1628 3250 eum
1685 3203 1867 3249 tamen
1898 3193 2032 3248 bea-

452 3287 650 3342 tiorem
682 3302 826 3352 esse,
852 3287 948 3356 qui
983 3286 1122 3340 nihil
1145 3294 1362 3355 optaret
1388 3292 1482 3338 aut
1505 3293 1757 3354 cuperet.

519 3398 738 3454 Xanthi.
762 3428 832 3439 —
860 3399 1117 3454 Xanthus
1161 3398 1404 3468 sapiens,
1442 3413 1568 3452 cum
1595 3397 1911 3453 adulterum
1929 3412 2032 3467 pro

449 3490 667 3546 foribus
718 3489 975 3545 formosa:
1019 3489 1276 3544 mulieris
1334 3487 1612 3543 vidisset:
1646 3489 1774 3554 Iste,
1827 3487 2030 3558 inquit,

450 3581 676 3636 brevem
705 3581 1044 3650 voluptatem
1071 3579 1266 3651 grandi
1300 3580 1548 3650 periculo
1569 3579 1727 3634 emit.

522 3669 802 3726 Cltariclei.
831 3701 901 3710 —-
927 3671 1192 3726 Amorum
1227 3679 1502 3740 aspectus,
1537 3671 1774 3726 amantis
1814 3687 2029 3728 memo-

453 3759 590 3813 riam
626 3760 853 3825 excitat,
881 3761 1110 3830 visaque
1159 3759 1376 3830 species
1426 3760 1670 3814 animum
1709 3760 2032 3827 inﬂammat,

450 3850 605 3904 velut
639 3851 751 3921 igni
781 3852 1045 3906 materies
1081 3851 1388 3906 fomentum
1427 3851 1643 3906 etl‘ecta.
1702 3851 2036 3923 Cupiditatis

451 3937 601 3992 enim
633 3938 962 4007 fomentum,
993 3940 1298 3995 amatorius
1330 3955 1512 3996 sermo
1531 3949 1637 3995 est.

1056 4311 1287 4368 SERMO
1344 4313 1430 4369 IV.

879 4403 956 4458 De
977 4405 1285 4474 fortitudine
1314 4423 1376 4460 ac
1398 4407 1602 4461 robore.

528 4490 716 4547 Matth.
739 4511 846 4561 xvi,
868 4495 961 4550 25.
984 4525 1053 4534 —
1073 4495 1129 4550 Si
1148 4497 1273 4564 quis
1295 4497 1415 4551 vult
1439 4499 1631 4553 venire
1659 4509 1786 4569 post
1805 4517 1912 4567 me,
1938 4501 2034 4556 ab-

460 4594 621 4654 neget
652 4588 1036 4657 semetipsum,
1077 4599 1134 4642 et
1161 4588 1314 4642 tollat
1366 4604 1586 4644 crucem
1621 4607 1797 4657 suam,
1839 4603 1896 4648 et
1948 4610 2035 4650 se-

456 4684 662 4744 quatur
694 4691 804 4732 me.

528 4767 664 4822 Prov
688 4788 831 4850 xxxi,
860 4774 943 4840 50,
976 4770 1227 4828 Eii—Non
1245 4782 1330 4827 est
1355 4774 1566 4828 homini
1593 4775 1883 4844 sapientia,
1923 4791 2033 4830 non

457 4867 543 4914 est
568 4859 858 4921 fortitudo,
881 4868 1101 4915 nonest
1129 4861 1423 4916 consilium
1456 4878 1638 4917 coram
1676 4863 1926 4918 Domino.

528 4994 550 5026 ⁸
608 4994 666 5048 ln
715 4994 880 5050 Gesn.
941 4993 1179 5049 Stobaeo.

2139 3187 2405 3252 πλουτῶν,
2439 3193 2534 3242 καὶ
2567 3184 2643 3242 ὧν
2689 3189 2950 3260 ἐπιθυμεῖ
2975 3189 3266 3244 ἀπολαύων
3286 3206 3300 3220 ·
3334 3191 3362 3242 6
3395 3189 3464 3242 δὲ
3500 3189 3574 3261 μὴ
3605 3189 3722 3242 ἐπι-

2138 3277 2345 3347 θυμῶν,
2379 3277 2792 3348 μακαριώτερος

2206 3390 2460 3446 Ξάνθου.
2520 3422 2589 3432 -
2641 3391 2846 3454 Ξάνθος
2896 3393 2924 3444 6
2985 3390 3182 3460 σοφὸς,
3234 3374 3579 3460 θεασάμενος
3631 3390 3722 3444 ἐπὶ

2138 3479 2330 3550 θύραις
2363 3481 2671 3550 εὐπρεποῦς
2710 3480 2971 3549 γυναικὸς
3015 3481 3182 3551 ἀνδρα
3212 3480 3562 3551 οἰκοφθόρον,
3593 3482 3716 3551 ἔφη’

2137 3564 2306 3634 Οὗτος
2337 3570 2531 3641 ἡδονὴν
2559 3573 2762 3642 μικρὰν
2794 3571 3015 3625 ὠνεῖται
3043 3569 3265 3641 μεγάλῳ
3293 3569 3561 3642 κινδύνῳ.

2207 3663 2576 3732 Χαρικλείας.
2613 3693 2682 3703 —
2720 3663 2786 3715 Ἠ
2838 3663 2947 3733 γὰρ
2985 3662 3093 3714 τῶν
3137 3661 3420 3732 ἐρωτικῶν
3473 3662 3719 3716 ἀντίὸλε-

2129 3753 2244 3824 ψις,
2281 3743 2588 3826 ὑπόμνησις
2623 3754 2718 3809 τοῦ
2751 3757 3049 3825 πάσχοντος
3075 3754 3303 3822 γίνεται,
3353 3755 3451 3808 καὶ
3490 3755 3723 3824 ἀναφλέ-

2131 3863 2216 3914 γει
2250 3847 2348 3915 τὴν
2395 3845 2638 3900 διάνοιαν
2689 3847 2722 3915 ἡ
2752 3847 2872 3908 θέα,
2921 3845 3174 3916 καθάπερ
3226 3845 3326 3916 ὕλη
3374 3849 3514 3916 πυρὶ
3566 3863 3720 3914 γενο-

2133 3935 2268 4006 μένη
2307 3937 2659 4007 ὑπέκκαυμα.
2700 3936 3065 4007 ’Υπέκκαυμα
3098 3938 3206 4008 γὰρ
3240 3934 3539 4005 ἐπιθυμίας
3565 3936 3721 4002 λόγος

2131 4029 2411 4101 ἐρωτικός.
3475 4055 3482 4060 ·

2763 4318 2982 4372 ΛΟΓΟΣ
3019 4319 3096 4370 Δ’.

2493 4410 2632 4477 Περὶ
2673 4409 2954 4477 ἀνδρείας
2991 4409 3087 4461 καὶ
3127 4409 3358 4477 ἰσχύος.

2211 4501 2365 4556 Mal).
2399 4506 2497 4564 ις’.
2532 4529 2602 4538 -
2628 4500 2795 4562 Εἶτις
2835 4499 2962 4570 θέλῃ
2989 4499 3163 4550 ὀπίσω
3189 4516 3292 4567 μου
3320 4497 3514 4561 ἐλθεῖν,
3539 4498 3723 4568 ἀπαρ-

2139 4591 2396 4662 νησάσθω
2425 4590 2634 4655 ἑαυτὸν,
2671 4590 2764 4642 καὶ
2799 4589 2985 4660 ἀράτω
3013 4589 3104 4641 τὸν
3135 4587 3368 4658 σταυρὸν
3393 4587 3584 4650 αὑτοῦ,
3628 4589 3723 4640 καὶ⁵

2139 4682 2501 4737 ἀκολουθείτω
2536 4699 2646 4752 μοι.

2213 4777 2462 4844 Παροιμ.
2506 4781 2616 4827 xa’.
2650 4803 2719 4812 —
2749 4773 2862 4826 Ούκ
2893 4771 3039 4825 ἔστιν
3075 4770 3346 4841 ἀνθρώπῳ
3387 4769 3570 4838 σοφία,
3599 4770 3723 4822 οὐδὲ

2143 4863 2288 4919 ἐστιν
2308 4863 2547 4934 ἀνδρεία,
2576 4863 2695 4917 ούδέ
2727 4863 2841 4917 ἔστι
2873 4862 3036 4933 βουλὴ
3059 4863 3340 4915 κατέναντι
3378 4860 3585 4930 Κυρίου
3619 4861 3720 4930 (q).

1966 5065 2174 5122 NOT/E
2186 5107 2199 5120 .

532 5217 606 5287 (ο)
628 5221 949 5290 κατέναντι
980 5219 1222 5286 Κυρίου.
1278 5219 1423 5274 Bene
1458 5231 1541 5274 est
1568 5220 1714 5290 quod
1765 5221 2032 5276 Maximus
2065 5253 2068 5256 ~

458 5303 645 5342 veram
675 5287 967 5342 Seniorum
1016 5289 1326 5344 versionem
1366 5287 1628 5360 servavit,
1689 5307 1788 5360 per
1835 5293 2021 5346 omnia

460 5369 750 5425 Hebraicis
801 5385 1129 5436 consonam,
1160 5382 1279 5431 mm
1318 5357 1447 5451 Ἶλδὸ
1496 5388 1526 5426 a
1575 5357 1705 5442 quoi
1724 5389 1824 5428 nec
1867 5376 2029 5445 Vulg.

459 5451 668 5512 ditl'ert.
710 5462 897 5506 contra
931 5453 1215 5526 Dominum
1262 5471 1279 5507 :
1330 5455 1474 5509 idem
1510 5455 1666 5526 enim
1698 5457 1777 5511 illi
1825 5461 2032 5526 passim

457 5535 522 5596 ea
545 5536 648 5574 vox
674 5537 737 5596 ac
767 5539 968 5596 coram,
992 5525 1053 5596 in
1097 5533 1403 5596 conspectu,
1431 5524 1533 5596 vel
1574 5527 1741 5596 etiam
1775 5524 1888 5596 prae
1940 5529 2034 5583 illo

459 5591 689 5669 ejusque
725 5591 908 5669 habita
954 5593 1187 5669 ratione.
1223 5595 1292 5648 At
1314 5593 1444 5662 quid
1485 5595 1640 5669 illud
1672 5591 2034 5669 “pb-qddﬁﬁﬁ

461 5659 613 5727 apud
671 5659 918 5731 impium,
945 5663 1088 5732 quod
1123 5670 1180 5714 et
1205 5659 1430 5717 secutus
1478 5659 1780 5720 Arabicus?
1823 5659 2029 5721 Vellem'

2141 5221 2353 5295 doceri,
2380 5224 2528 5280 unde
2560 5224 2670 5280 illis
2713 5225 2794 5295 sic
2817 5224 3001 5288 claris,
3049 5223 3168 5278 haec
3209 5233 3318 5295 tam
3369 5224 3716 5295 remota_(et
3767 5228 3780 5236 ‘

2141 5292 2366 5364 quidem
2397 5295 2550 5364 olim)
2587 5294 3083 5364 subdipotuerint.
3113 5293 3335 5364 quando
3390 5295 3556 5349 etiam
3588 5292 3725 5364 (Ias-7

2143 5363 2331 5434 sianus
2359 5364 2439 5434 sic
2489 5362 2641 5434 legit.
2689 5362 2832 5419 Num
2877 5366 2940 5416 τὸ
2992 5362 3156 5426 σέϐας
3209 5373 3510 5434 posuerant
3557 5365 3609 5415 οἱ
3667 5362 3724 5416 0'

2145 5380 2331 5418 manus
2359 5380 2439 5418 sur
2491 5380 2540 5419 te
2581 5380 2641 5418 ιι.
2689 5380 2832 5419 mum
2877 5380 2940 5416 το
2992 5380 3156 5426 σεοας
3209 5380 3510 5434 posuerant
3557 5380 3609 5415 οι
3667 5380 3717 5416 υ-

2145 5432 2293 5499 quod
2317 5429 2427 5488 illis
2457 5435 2519 5487 τὸ
2543 5380 2718 5497 ἓεῖον,
2767 5434 2923 5489 velut
2971 5433 3140 5488 etiam
3178 5434 3346 5489 Paulo
3403 5435 3528 5488 Aet.
3586 5447 3721 5497 xvn,

2147 5502 2490 5572 σεϐάσματα,
2535 5519 2692 5558 sacra
2740 5513 2872 5558 sunt
2933 5504 3357 5558 Atheniensium
3412 5517 3724 5570 eorumque

2147 5573 2399 5643 numina,
2429 5589 2494 5628 ac
2527 5574 2732 5643 quibus
2760 5573 3100 5630 adhibebant
3142 5575 3376 5638 cultum,
3413 5574 3529 5627 sive
3579 5573 3724 5625 alias

2146 5639 2443 5698 simulacra
2466 5639 2641 5710 erant,
2673 5645 2788 5700 sive
2817 5643 2966 5700 nuda
3000 5655 3182 5700 mente
3239 5643 3719 5714 intelligebantnr,

3747 5103 3751 5130 ῐ
