3978 6168
425 329 524 395 Ἰἶιί

1598 325 1658 384 S.
1702 323 1987 382 MAXIMI
2029 323 2536 389 CONFESSORIS

2555 269 2583 284 ‘~

3579 347 3679 409 752

496 443 706 499 Basilii.
730 452 799 481 '—
820 440 922 508 Qui
958 455 1137 494 veram
1165 439 1436 510 justitiam
1478 455 1589 494 non
1619 438 1776 509 prius
1805 439 1994 494 animo

2169 442 2517 500 Βασιλείου.
2537 475 2605 484 --
2632 445 2692 499 Ὀ
2713 447 2811 518 τὴν
2843 446 3017 518 ἀληθῆ
3056 449 3400 521 δικαιοσύνην
3437 453 3512 524 μὴ
3543 455 3678 526 ἔχων

430 538 724 607 repositam
752 534 940 598 habet,
969 533 1065 587 sed
1093 541 1188 586 aut
1226 542 1522 603 corruptus
1545 531 1755 586 divitiis
1786 542 1889 595 est,
1910 543 2006 590 aut

427 627 688 682 amicitiae
721 625 1015 696 indulget,
1065 633 1161 679 aut
1189 625 1434 695 potentia
1481 624 1742 690 ﬂectitur,
1792 635 2006 680 rectum

419 719 692 792 judicium
717 717 967 788 proferre
991 734 1103 773 non
1134 728 1337 788 potest.

493 893 715 949 Justitia
744 903 828 948 est
864 894 1104 959 habitus,
1139 893 1284 963 quod
1315 893 1517 963 cuique
1552 909 1620 948 ex
1656 892 1855 947 merito
1889 900 1997 957 est,

424 987 700 1041 tribuens.
731 986 844 1041 Hoc
873 995 1056 1040 autem
1112 986 1375 1056 consequi
1420 984 1582 1056 544
1617 985 1853 1038 arduum
1897 992 2002 1048 est,

422 1095 550 1134 cum
597 1080 712 1142 alii,
743 1095 854 1149 quo
900 1079 1156 1132 laborant
1201 1078 1418 1132 defectu
1471 1077 1799 1147 prudentiae,
1855 1076 2004 1146 quod

422 1170 622 1240 cuique
651 1186 868 1239 aequum
905 1170 975 1223 sit
1008 1168 1256 1223 invenire
1292 1184 1401 1222 non
1439 1167 1681 1237 possint;
1724 1167 1817 1222 alii
1845 1181 2001 1231 vero,

423 1263 628 1331 quibus
676 1270 936 1316 tenentur
989 1261 1250 1316 humanis
1282 1261 1618 1327 all‘ectibus,
1672 1262 1764 1333 jus
1810 1260 2005 1330 fasque

422 1353 703 1406 aboleant.

497 1443 672 1498 leol.
700 1442 1139 1497 orat.19.——Irze
1161 1442 1252 1495 Dei
1273 1442 1457 1496 faecem
1479 1442 1606 1513 (Isa.
1625 1458 1694 1501 ιι,
1715 1441 2007 1511 17)quam-

424 1533 550 1587 dam
580 1542 636 1587 et
668 1533 948 1588 credimus
983 1539 1038 1584 et
1073 1530 1354 1594 audimus,
1389 1530 1493 1582 hoc
1515 1537 1598 1583 est
1620 1528 2006 1584 commotionis

425 1627 690 1695 reliquias
711 1625 976 1678 adversus
993 1639 1107 1686 eos,
1127 1623 1219 1692 qui
1239 1639 1301 1676 ea
1321 1623 1470 1692 digni
1489 1630 1638 1686 sunt;
1660 1619 2006 1691 quandoqui-

425 1723 548 1774 dem
567 1722 709 1774 Deus
725 1720 993 1773 ultionum
1010 1717 1274 1770 Dominus
1291 1715 1459 1784 (Psal.
1484 1732 1629 1777 xcm,
1653 1716 1724 1783 l).
1745 1715 2005 1779 Quamvis

2112 535 2651 607 προεναποκειμένην
2679 539 2744 606 τῇ
2777 537 2946 609 ψυχῇ,
2980 538 3094 591 ἀλλ’
3119 537 3150 608 ἢ
3176 541 3676 617 χρήμασιδιεφθαρ-

2110 624 2291 695 μένος,
2331 626 2363 698 ἢ
2400 626 2551 698 φιλίᾳ
2582 627 2957 706 χαριζόμενος,
3057 628 3224 700 ἔχθρᾳ
3257 632 3610 703 ἀμυνόμενος,
3639 639 3672 710 ἢ

2107 715 2392 788 δυναστείᾳ
2431 716 2870 788 δυσωπούμενος,
2920 720 2981 773 τὸ
3019 722 3193 790 κρῖμα
3231 722 3576 779 κατευθύνειν
3611 727 3673 780 οὐ

2108 806 2347 862 δύναται.

2177 897 2498 966 Δικαιοσύνη
2527 899 2672 952 ἐστὶν
2703 897 2814 965 ἕξις
2839 902 3215 972 ἀπονεμητικὴ
3238 903 3326 956 τοῦ
3352 907 3466 958 κατ’
3489 906 3640 971 ἀξίαν

2106 990 2452 1061 Δυσθήρατον
2493 991 2550 1045 δὲ
2577 992 2756 1057 τοῦτο,
2791 987 2897 1046 τῶν
2925 994 3023 1062 μὲν
3058 994 3146 1046 διὰ
3179 994 3238 1048 τὸ
3272 998 3388 1066 περὶ
3415 998 3509 1067 τὴν
3533 1001 3658 1070 φρό.

2106 1099 2260 1153 νησιν
2291 1081 2503 1147 ἐλλιπὲς
2539 1085 2637 1154 οὐχ
2675 1085 3036 1153 εὑρισκόντων
3071 1086 3285 1158 ἑκάστῳ
3312 1087 3568 1160 διανεῖμαι
3600 1092 3656 1146 τὺ
3711 1108 3714 1111 ·

2108 1175 2254 1227 ἴσον·
2312 1174 2418 1226 τῶν
2474 1175 2530 1228 δὲ
2581 1176 2668 1228 διὰ
2727 1175 2790 1229 τὸ
2837 1177 3270 1248 προκατέχεσθαι
3322 1180 3426 1232 ὑπὸ
3487 1181 3658 1235 παθῶν

2107 1267 2463 1338 ἀνθρωπίνων
2495 1267 2862 1337 ἀφανιζόντων
2892 1270 2953 1323 τὸ
2979 1270 3209 1325 δίκαιον.

2179 1441 2497 1509 Θεολόγου.
2515 1471 2584 1480 -
2605 1439 2737 1492 Θεοῦ
2770 1440 2866 1510 μὲν
2891 1441 3062 1511 ὀργῆς
3089 1440 3316 1510 τρυγίαν
3337 1439 3455 1494 τινὰ
3489 1439 3558 1510 (υ)
3581 1441 3667 1495 καὶ

2107 1531 2458 1600 πιστεύομεν,
2487 1531 2578 1583 καὶ
2604 1531 2875 1599 ἀκούομεν
2894 1547 2907 1560 ο
2934 1532 2994 1584 τὸ
3023 1531 3230 1601 λεῖμμα
3265 1531 3368 1600 τῆς
3407 1532 3544 1584 κατά
3567 1531 3667 1584 τῶν

2107 1621 2269 1684 ἀξίων
2303 1623 2589 1691 κινήσεως,
2625 1621 2811 1691 ἐπειδὴ
2842 1622 2972 1684 Θεὸς
2996 1621 3327 1692 ἐκδικήσεων
3358 1621 3577 1693 Κύριος.
3609 1623 3669 1674 El

2106 1715 2212 1784 γὰρ
2240 1714 2332 1766 καὶ
2379 1713 2547 1766 κλίνει
2591 1712 2677 1764 διὰ
2719 1711 3128 1783 φιλανθρωπίαν
3175 1712 3238 1765 ἐκ
3273 1711 3366 1764 τοῦ
3402 1712 3669 1780 ἀποτόμου

424 1811 571 1865 enim
593 1827 658 1865 ex
689 1826 786 1864 sua
819 1809 1157 1880 benignitate
1185 1824 1249 1862 ac
1281 1807 1572 1861 clementia
1603 1823 1671 1860 ex
1704 1807 1997 1860 severitate

2109 1805 2241 1874 πρὸς
2264 1805 2324 1857 τὸ
2349 1805 2646 1874 ἐνδόσιμον,
2678 1804 2801 1858 ἀλλ’
2828 1804 2888 1856 οὐ
2917 1805 3023 1857 πᾶν
3062 1807 3334 1874 συγχωρεῖ
3355 1805 3470 1866 τοῖς
3501 1804 3670 1874 ἀμαρο

423 1903 491 1956 ad
518 1903 832 1956 facilitatem
855 1909 911 1955 et
936 1899 1150 1952 veniam
1175 1899 1421 1962 inclinet,
1441 1898 1798 1967 peccantibus
1820 1908 1999 1952 tamen

425 1975 538 2048 non
558 1995 740 2047 omnia
761 1993 1016 2064 ignoscit,
1043 2009 1113 2048 ne
1149 1992 1482 2060 benignitate
1505 1990 1810 2044 deteriores
1845 1991 1995 2045 ﬁant.

495 2084 764 2154 Chryéost.
793 2115 863 2123 ——
896 2085 1061 2148 Deus,
1105 2098 1206 2137 nec
1241 2083 1308 2137 de
1344 2083 1606 2136 omnibus
1649 2081 1703 2134 in
1739 2082 1842 2135 bac
1888 2081 1999 2137 vita

421 2175 590 2245 exigit
622 2190 831 2244 pmnas,
874 2191 943 2229 ne
978 2174 1405 2229 resurrectionis
1440 2189 1591 2243 spem
1619 2173 1868 2250 abjicias,
1900 2187 2001 2227 nec

421 2267 693 2336 judicium
751 2266 870 2321 fore
927 2274 1251 2335 exspectes,
1303 2281 1426 2318 cum
1471 2265 1563 2318 hic
1618 2264 1804 2317 cuncti
1853 2265 2000 2334 justa

423 2363 897 2418 animadversione
951 2363 1219 2416 rationem
1274 2361 1506 2415 reddant
1557 2379 1570 2413 :
1633 2376 1735 2414 nec
1806 2369 2000 2415 contra

376 2449 379 2452 ’
427 2452 652 2522 impune
687 2454 870 2506 omnia
919 2453 1073 2507 abire
1125 2453 1296 2515 sinit,
1344 2468 1413 2506 ne
1475 2466 1670 2504 rursus
1719 2451 2002 2520 putaveris

424 2543 695 2612 quidquid
724 2559 906 2598 rerum
944 2553 1028 2598 est
1057 2544 1207 2597 nulla
1241 2543 1354 2612 regi
1387 2542 1761 2612 providentia.

496 2633 717 2703 Nyssen.
747 2663 816 2672 —
843 2633 1059 2687 Justum
1089 2633 1185 2687 Dei
1209 2633 1502 2702 judicium,
1553 2647 1654 2700 pro
1687 2648 1752 2685 eo
1785 2647 1849 2686 ac
1883 2631 1999 2685 dis-

424 2722 590 2793 positi
641 2738 834 2776 sumus
888 2731 946 2777 et
997 2723 1217 2787 allecti,
1276 2723 1454 2792 ipsum
1498 2725 1886 2792 componitur;
1937 2741 2002 2779 ac

418 2815 608 2884 qualia
663 2831 691 2868 a
753 2815 917 2868 nobis
957 2814 1203 2884 profecta
1254 2815 1498 2881 fuerint,
1559 2816 1685 2869 talia
1732 2817 1893 2871 nobis
1933 2833 2000 2871 ex

424 2907 702 2960 similibus
727 2905 966 2961 vicissim
994 2907 1112 2976 ipso
1142 2917 1366 2961 auctore
1400 2908 1752 2976 proveniunt.

492 2993 736 3064 Evagrii.
793 3024 864 3034 --
901 2993 1076 3049 Judes
1126 2995 1392 3064 iniquus,
1444 2997 1816 3052 contaminata
1870 3013 2003 3052 con-

422 3086 652 3139 scientia
665 3125 678 3138 .

485 3177 704 3250 Cyrilli.
735 3211 804 3220 ——-
832 3180 1096 3251 Quisquis
1128 3197 1226 3251 per
1261 3182 1518 3252 injuriam
1571 3183 1786 3238 laeditur
1811 3200 1999 3249 ,οῐηω-

425 3286 556 3326 rens
583 3272 770 3326 animo
799 3272 1103 3343 dolensque
1134 3274 1391 3328 aduritur
1436 3285 1714 3344 :‘cumque
1754 3277 1998 3344 seipsum

421 3359 641 3423 ulcisci,
673 3371 768 3415 aut
798 3361 852 3413 in
875 3378 1093 3430 aequum
1122 3362 1456 3421 descendere
1485 3379 1592 3418 non
1628 3366 1821 3430 liceat,
1853 3367 2000 3434 quod

424 3449 691 3526 nimirum
753 3451 1002 3506 laedentis
1041 3452 1373 3522 quandoque
1423 3469 1619 3508 manus
1668 3458 1996 3525 praevaleat,

418 3539 666 3594 ccclestis
707 3541 760 3593 in
797 3543 968 3596 malos
1002 3543 1115 3597 odii
1147 3544 1435 3598 stimulum
1473 3545 1542 3599 ad
1587 3559 1748 3614 opem
1782 3547 1888 3602 sibi
1919 3547 2000 3601 fe-

422 3629 649 3684 rendam
679 3631 958 3700 implorat.

496 3721 760 3776 Platonis.
785 3755 854 3764 —
882 3725 986 3790 Qui
1016 3727 1225 3781 nemini
1261 3727 1391 3783 facit
1420 3729 1699 3800 injuriam,
1729 3730 1930 3801 dignus
1952 3731 1998 3784 is

416 3811 650 3880 quidem
682 3823 769 3868 est
802 3824 860 3869 ut
895 3816 1089 3872 honori
1125 3817 1396 3873 habeatur
1423 3837 1436 3872 :
1475 3821 1569 3888 qui
1604 3836 1747 3875 vero
1779 3836 1876 3874 eos
1905 3821 2000 3890 qui

425 3899 638 3969 injuriae
660 3904 938 3971 studeant,
975 3906 1176 3962 laedere
1215 3925 1324 3962 non
1368 3910 1532 3972 sinit,
1563 3911 1863 3984 plusquam
1896 3911 1997 3975 du-

419 3989 552 4057 plici
591 4007 700 4058 prae
739 3993 833 4045 illo
887 3993 1099 4048 honore
1146 3995 1347 4065 dignus
1399 3997 1584 4050 fuerit.
1628 3999 1722 4052 Ille
1764 4014 1999 4068 namque

423 4080 610 4145 unius,
643 4081 746 4135 iste
775 4082 1008 4136 aliorum
1040 4083 1282 4152 plurium
1303 4086 1490 4140 instar
1518 4088 1753 4143 exsistit.

493 4169 585 4222 Sic
607 4171 754 4224 enim
784 4173 1066 4238 existimo,
1093 4183 1148 4228 et
1181 4190 1266 4229 me
1290 4185 1342 4230 et
1384 4186 1434 4230 te
1465 4179 1715 4248 aliosque
1740 4179 1997 4236 homines

2106 1897 2378 1962 τάνουσιν,
2413 1896 2499 1949 ἵνα
2535 1897 2608 1966 μὴ
2626 1899 2690 1966 τῇ
2733 1895 3058 1966 χρηστότητι
3081 1893 3296 1965 χείρους
3326 1896 3602 1962 γίνωνται.

2177 2069 2707 2138 Χρυσοστ.--Οῦτε
2753 2071 2956 2132 πάντας
3007 2068 3236 2122 ἐνταῦθα
3275 2070 3500 2133 ἀπαιτεῖ
3526 2068 3673 2139 δίκην

2105 2168 2132 2218 ὁ
2158 2165 2308 2226 Θεὸς,
2342 2165 2426 2215 ἵνα
2460 2165 2533 2232 μὴ
2575 2161 2827 2232 ἀπογνῷς
2867 2161 2965 2228 τὴν
2997 2161 3313 2224 ἀνάστασιν,
3362 2162 3458 2215 καὶ
3514 2161 3675 2214 ἀπελ-

2106 2257 2269 2327 πίσῃς
2301 2256 2399 2325 τὴν
2435 2254 2638 2324 κρίσιν,
2679 2254 2896 2306 πάντων
2934 2251 3166 2306 ἐνταῦθα
3195 2252 3448 2315 διδόντων
3485 2251 3670 2320 λόγον’

2103 2345 2225 2400 οῦτε
2284 2345 2461 2399 πάντα
2503 2345 2718 2412 ἀφίεται
2770 2343 3078 2414 ἀτιμωρητὶ
3132 2337 3408 2406 ἀπελθεῖν,
3467 2343 3553 2396 ῖνα
3601 2341 3675 2413 μὴ

2104 2437 2262 2490 πάλιν
2288 2435 2597 2506 ἀπρονόητα
2622 2430 2759 2487 εἶναι
2793 2435 2966 2487 πάντα
3004 2435 3248 2505 νομίσῃς.

2183 2615 2292 2670 Τοῦ
2321 2612 2763 2678 Νύσσης.-Ἢ
2809 2611 2900 2665 τοῦ
2951 2609 3086 2663 Θεοῦ
3126 2608 3518 2680 δικαιρκρισία,
3558 2610 3676 2672 ταῖς

2107 2707 2400 2778 ἡμετέραις
2432 2703 2734 2757 διαθέσεσιν
2754 2700 3119 2770 ἐξομοιοῦται·
3149 2702 3241 2754 καὶ
3266 2693 3355 2752 οἷά
3375 2716 3488 2780 περ
3514 2697 3579 2752 ἃν
3607 2699 3674 2750 τὰ

2103 2800 2234 2869 παρ’
2263 2797 2420 2869 ἡμῶν
2440 2794 2496 2870 ᾗ,
2527 2795 2748 2850 τοιαῦτα
2781 2796 2911 2865 ἡμῖν
2953 2797 3017 2847 ὲκ
3051 2793 3157 2845 τῶν
3180 2790 3383 2862 ὁμοίων
3413 2792 3676 2861 ἀντιπαρ-

2103 2889 2308 2958 έχεται.
3131 2885 3138 2892 ’

2167 2979 2482 3048 Εὑαγρίου.
2500 3005 2570 3016 -
2587 2975 2805 3037 ’Ἄδικος
2833 2973 3110 3044 δικαστὴς,
3131 2971 3528 3043 μεμολυσμένη
3553 2987 3676 3024 συν-

2027 3113 2070 3169 C
2103 3073 2324 3141 εἰδησις.

2155 3181 2683 3251 Rumitalca—"5i;
2715 3181 2742 3232 ὁ
2759 3180 3125 3248 ἀδικούμενος.
3147 3175 3561 3246 καταφλέγεται
3588 3174 3683 3246 μὲν

2103 3274 2207 3328 ὑπὸ
2230 3273 2436 3342 λύπης’
2468 3271 2779 3341 ἀμύνασθαι
2821 3269 2875 3323 δὲ
2918 3269 3017 3322 οὐκ
3050 3269 3189 3338 ἔχων
3221 3268 3255 3339 ἢ
3285 3267 3372 3320 διά
3398 3267 3518 3320 τῶν
3553 3267 3681 3320 ῖσων

2103 3363 2274 3416 ἐλθεῖν
2305 3363 2405 3430 (ω),
2438 3342 2563 3413 ἐσθ’·
2577 3362 2665 3413 ὅτε
2695 3359 2781 3413 διὰ
2801 3359 2861 3412 τὸ
2880 3359 3146 3430 ἡττᾶσθαι
3175 3358 3275 3427 τῆς
3306 3357 3401 3411 τοῦ
3425 3356 3682 3412 ἀδικοῦνο

2101 3472 2189 3515 τος
2208 3453 2406 3524 χειρὸς,
2433 3452 2530 3520 τῆς
2553 3451 2756 3506 ἀνωθεν
2781 3449 3172 3522 μισοπονηρίας
3194 3449 3254 3502 τὸ
3273 3449 3508 3519 κέντρον
3530 3448 3683 3502 καλεῖ

2104 3545 2239 3616 πρὸς
2266 3542 2604 3612 ἐπικουρίαν.

2173 3741 2594 3806 Π.1ἀτωνος.-
2611 3737 2802 3808 Τίμιος
2833 3735 2932 3804 μὲν
2957 3733 3020 3804 δὴ
3045 3735 3140 3788 καὶ
3167 3736 3195 3788 δ
3221 3734 3423 3805 μηδένα
3446 3735 3674 3791 ἀδικῶν

2101 3835 2129 3886 ὁ
2151 3833 2208 3887 δὲ
2235 3832 2359 3902 μηδ’
2387 3830 2696 3900 ἐπιτρέπων
2721 3829 2833 3889 τοῖς
2864 3823 3144 3877 ἀδικοῦσιν
3169 3825 3395 3891 ἀδικεῖν,
3446 3826 3615 3881 πλέον
3641 3827 3674 3898 ἢ

2101 3921 2390 3984 διπλασίας
2431 3919 2599 3988 τιμῆς
2647 3916 2794 3980 ἄξιος
2824 3913 3052 3967 ἐκείνου.
3090 3912 3149 3966 '0
3199 3914 3297 3983 μὲν
3328 3914 3436 3984 γὰρ
3481 3917 3624 3981 ἑνὸς,
3647 3915 3677 3969 δ

2100 4013 2156 4066 δὲ
2190 4011 2400 4064 πολλῶν
2420 4009 2665 4075 ἀντάξιος
2688 4006 2773 4060 ὲτέ
2783 4024 2909 4077 ρων.

2193 4177 2334 4252 Ἐγὼ
2355 4185 2462 4256 γὰρ
2499 4183 2564 4254 δὴ
2609 4177 2780 4252 οἶμαι.
2839 4179 2935 4234 καὶ
2967 4181 3210 4257 suum
3267 4179 3355 4244 σὲ,
3407 4179 3506 4232 καὶ
3549 4180 3677 4242 τοὺς

418 4257 478 4310 in
530 4258 626 4312 illa
673 4275 795 4316 esse
835 4264 1129 4326 sententia,
1177 4275 1236 4320 ut
1282 4266 1532 4322 deterius
1571 4284 1693 4324 esse
1732 4270 1997 4326 ducamus

2108 4279 2296 4343 ἄλλους
2319 4275 2661 4347 ἀνθρώπους,
2703 4273 2764 4326 τὸ
2798 4271 3006 4325 ἀδικεῖν
3030 4269 3124 4324 τοῦ
3155 4267 3456 4324 ἀδικεῖσθαι
3480 4270 3675 4323 κάκιον

419 4349 680 4418 injuriam
702 4351 902 4418 facere,
926 4370 1090 4424 quam
1115 4359 1366 4428 accipere
1387 4377 1401 4426 ;
1421 4367 1481 4413 et
1497 4373 1606 4414 non
1625 4360 1757 4416 dare
1781 4377 1995 4432 poenas,

419 4456 586 4510 quam
617 4441 771 4498 dare.

2103 4368 2356 4442 ἡγεῖσθαι
2379 4383 2393 4397 ο
2421 4366 2514 4421 καὶ
2543 4365 2604 4418 τὸ
2636 4362 2712 4436 μὴ
2741 4361 2941 4416 διωναι
2963 4361 3140 4432 δίκην,
3181 4359 3273 4415 τοῦ
3305 4358 3528 4414 διδόναι.

1957 4546 2188 4608 NOTAE.

414 4623 686 4698 .allinique
756 4624 1012 4696 allegoria
1081 4629 1155 4682 ait
1248 4629 1456 4684 Psaltes
1519 4629 1703 4698 regius
1744 4647 1777 4688 .:
1829 4631 1995 4688 Periit

419 4696 675 4768 memoria
701 4711 880 4750 eorum
906 4713 1023 4768 curn
1048 4699 1261 4761 sonitu;
1291 4699 1448 4768 quasi
1482 4696 1696 4768 fragore
1737 4714 1835 4768 per
1892 4717 1994 4756 au-

316 4769 320 4778 ‘
419 4779 511 4834 ras
538 4764 821 4834 dissipata,
860 4781 972 4820 non
1001 4767 1161 4822 ine-is
1203 4764 1394 4829 silens,
1432 4764 1990 4826 sensu-Gesneriano.

495 4833 566 4908 (υ)
611 4833 864 4908 Τρυγίαν
885 4835 1034 4908 rimi.
1095 4837 1188 4892 Sic
1236 4837 1436 4908 passim
1470 4837 1754 4907 Scriptura
1803 4841 1992 4908 expri-

423 4903 522 4959 mit
551 4904 643 4957 irze
697 4906 790 4960 Dei
827 4906 1126 4975 reliquias;
1161 4903 1417 4962 uti—Psal.
1451 4903 1675 4971 xuvfet
1703 4909 1833 4963 alibi
1859 4903 1992 4964 {eo-

421 4989 530 5046 que
555 4979 796 5046 respexit
847 4975 1010 5046 Greg.
1049 4977 1137 5030 cui
1177 4978 1318 5032 male
1372 4986 1605 5032 conatus
1660 4979 1992 5035 medicinam

419 5043 626 5115 facere,
654 5045 938 5100 medicina:
965 5043 1251 5115 _spiritalis
1283 5047 1455 5112 rudis,
1493 5047 1741 5104 medicus
1787 5048 1996 5105 Gesne-

422 5129 539 5187 rus,
572 5112 702 5187 dum
754 5131 875 5168 eam
923 5112 1122 5170 vocem
1165 5132 1300 5171 voce
1355 5118 1668 5187 τραχύτητα
1721 5119 1991 5174 mutavit.

415 5182 628 5257 Dicitur
656 5185 750 5257 ira;
805 5187 1163 5247 asperitatem.
1226 5187 1320 5250 Τὸ,
1367 5182 1595 5257 λῆμμα,’
1643 5188 1697 5241 in
1747 5187 1997 5257 Gregorii

420 5253 588 5338 editis
620 5264 704 5336 est
729 5253 1130 5338 ).εῖμμα,(]υοεὶ
1167 5253 1455 5338 residunt-ri,
1488 5253 1605 5338 ’,ιιι
1633 5267 1736 5321 _est
1762 5257 1827 5337 ιν
1861 5253 1997 5338 Reg.

421 5337 530 5387 xix,
560 5324 610 5386 ί,
647 5324 977 5396 sicqueipse
1003 5343 1069 5396 ex
1094 5327 1358 5380 memoria
1386 5325 1620 5380 forsitan
1671 5324 1981 5396 scripserit,

420 5406 544 5465 cum
588 5394 761 5465 magis
803 5394 994 5464 λῆμμα
1028 5395 1436 5465 Scripturarum
1488 5412 1610 5460 usu,
1660 5412 1759 5465 pro
1790 5394 1987 5452 divina

419 5462 894 5536 anilitadversione
916 5462 1183 5536 Sumatur,
1218 5467 1364 5535 quod
1389 5466 1592 5536 passim
1637 5462 1794 5536 Vulg.
1830 5482 1984 5520 onus.

421 5528 527 5606 Nec
558 5547 780 5606 necesse
815 5549 958 5600 cum,
978 5534 1146 5606 Gesn.
1204 5528 1417 5590 mutare
1443 5535 1611 5603 λῆμα,
1643 5528 1789 5606 quon
1819 5536 1984 5590 etiam

421 5601 563 5675 inter
587 5601 947 5675 a_l_iaAiram‘ac
971 5603 1196 5675 justitia:
1223 5601 1528 5659 vindictam
1549 5601 1840 5675 signiﬁcat.

491 5669 572 5744 (ag)
608 5669 676 5722 Ἣ
695 5671 790 5726 διὰ
810 5671 926 5744 τῶν
959 5669 1108 5725 ἴσων
1139 5675 1358 5728 ἐλθεῖν.
1390 5675 1573 5744 Quasi,
1602 5669 1626 5675 ν
1642 5678 1760 5744 pari
1815 5685 1983 5730 marte

353 5756 356 5759 '
411 5740 713 5809 conﬂigere,
752 5743 878 5794 etin
903 5757 1108 5812 a'quum
1143 5745 1353 5809 venire;
1390 5743 1562 5799 hostis
1615 5740 1670 5799 in
1700 5760 1824 5802 eum
1853 5761 1982 5816 par-

2094 4647 2178 4693 tes
2209 4637 2503 4691 sustinere.
2536 4631 2776 4686 Auctore
2827 4644 3064 4698 namque
3118 4628 3318 4692 Nonio,
3367 4627 3671 4682 Hostimen-

2091 4719 2205 4762 tum
2233 4714 2308 4759 est
2335 4701 2746 4774 mquanientum,
2777 4700 3113 4774 undehostes
3140 4700 3283 4762 dicti,
3307 4699 3397 4768 qui
3423 4713 3487 4751 ea:
3511 4713 3669 4774 irque

2091 4793 2256 4831 causa
2278 4768 2745 4846 pugnam‘ine‘unt.
2773 4770 2933 4823 Nonii
2969 4770 3135 4839 igitur
3181 4783 3336 4846 mens
3365 4779 3473 4846 est:
3502 4768 3667 4846 hostis

2092 4836 2289 4901 venire
2313 4836 2382 4898 ab
2405 4843 2595 4902 hostio,
2623 4841 2676 4893 id
2709 4849 2793 4893 est
2820 4836 3091 4909 atquofeo
3118 4838 3262 4909 quod
3287 4837 3381 4909 qui
3416 4836 3576 4909 alteri
3601 4851 3669 4909 se

2089 4917 2238 4970 bello
2266 4911 2596 4982 opponittis
2629 4905 2918 4982 minimum
2951 4909 3036 4982 vel
3060 4905 3288 4982 aequalis
3308 4905 3408 4982 sit,
3436 4906 3520 4960 vel
3543 4905 3670 4959 talis

2097 4987 2200 5039 sibi
2233 4977 2504 5036 videatur.
2524 4981 2664 5034 Hinc
2694 4977 3009 5031 dimicaturi
3040 4978 3302 5032 dicuntur
3355 4977 3409 5028 in
3455 4991 3668 5044 azquunt

2097 5054 2429 5107 descendere.
2486 5051 2606 5102 Liv.
2670 5063 2764 5109 vn,
2813 5047 2994 5101 Primo
3045 5046 3260 5100 credere
3317 5045 3477 5097 duces
3536 5044 3670 5098 Gal-

2101 5124 2294 5184 lorum,
2324 5137 2427 5174 non
2447 5119 2787 5172 descensuros
2809 5120 2864 5170 in
2893 5133 3124 5187 wquumi
3140 5115 3426 5187 Romanos.
3464 5113 3670 5187 Trans-

2099 5193 2210 5248 late
2239 5182 2445 5246 Seneca
2477 5189 2514 5242 Ι.
2546 5204 2597 5241 xu
2653 5187 2730 5240 De
2764 5182 3071 5247 ben.c.'13,
3095 5186 3511 5256 Benignissimus
3541 5182 3664 5252 fuit,

2099 5260 2464 5329 descenditque
2484 5260 2538 5312 in
2558 5273 2790 5328 equum,
2807 5265 2864 5329 et
2890 5257 3119 5329 detraxit
3157 5256 3361 5329 muneri
3389 5269 3484 5306 suo
3504 5268 3666 5329 Pom-

2096 5347 2254 5402 pam:
2279 5326 2520 5402 nec—alio
2544 5326 2754 5402 spectat
2794 5326 2981 5402 Cyrilli
3019 5327 3253 5402 phrasis,
3289 5338 3452 5402 quam
3495 5326 3663 5402 Glesn.

2089 5391 2226 5456 nihil
2255 5399 2544 5459 intellexit,
2573 5391 2704 5451 dum
2727 5413 2826 5465 par
2841 5391 2963 5466 'pari
2982 5391 3216 5456 reddere,
3237 5391 3494 5466 reddidit.
3517 5391 3665 5448 Con-

2087 5471 2258 5525 sentit
2285 5471 2440 5524 locus
2461 5467 2832 5537 evangelicus,
2860 5466 2927 5520 de
2960 5481 3082 5535 rege
3116 5465 3482 5540 commissum
3527 5475 3667 5540 pra;-

2085 5541 2240 5605 linm,
2291 5539 2385 5609 qui
2412 5535 2628 5610 ipacem—
2677 5546 2852 5610 rogat,
2897 5551 2999 5590 nec
3042 5535 3160 5588 vult
3195 5535 3357 5610 bello
3399 5535 3662 5610 caperiri,

2085 5603 2356 5666 dum'no'n
2388 5603 2514 5662 licet
2543 5623 2640 5678 per
2677 5605 3012 5670 facultatem,
3044 5614 3100 5659 ut
3124 5619 3282 5675 pares
3315 5603 3456 5656 hosti
3479 5603 3664 5671 copias

2087 5681 2306 5735 educat.
2500 5693 2513 5707 '
