3978 6168
427 278 536 343 759

428 504 538 558 que
571 505 682 546 non
727 491 1042 562 videantur,
1075 500 1239 554 amici
1278 509 1461 560 tamen
1513 519 1642 564 sunt
1679 528 1695 564 :
1741 491 2008 585 sapientis

424 580 592 651 igitur
613 584 851 650 partium
887 587 978 652 sit,
1009 597 1068 643 ut
1097 607 1549 670 unumquemque
1574 580 1820 662 noverit:

492 674 697 730 Eorum
751 682 994 738 cavenda
1041 688 1286 745 amicitia
1343 701 1468 760 est,
1516 713 1756 768 quorum
1804 720 2008 777 anceps

418 763 640 821 animus
663 777 750 823 est
779 786 844 825 ac.
874 773 1132 832 allectus.

488 855 760 916 Isocratis.
787 892 860 902 -—
882 865 1102 923 Amicos
1131 873 1358 941 ascisce,
1392 892 1503 932 non
1529 893 1724 937 omnes
1764 886 1866 954 qui
1884 903 2004 942 am-

419 947 591 1015 biant,
626 953 721 1007 sed
760 969 857 1010 eos
889 957 986 1027 qui
1027 958 1248 1032 ingenio
1295 975 1391 1024 tuo
1445 985 1510 1026 ac
1560 947 1818 1032 moribus
1861 993 2003 1035 con-

417 1054 640 1113 gruanl.

490 1132 762 1232 -Ejmdem.
795 1170 866 1181 —-
898 1143 1189 1202 Neminem
1239 1151 1478 1208 amicum
1523 1157 1816 1224 adhibeas,
1863 1162 2000 1232 quin

417 1223 574 1292 prius
598 1227 942 1299 inquisieris,
975 1253 1083 1306 qua
1129 1241 1344 1297 ratione
1378 1248 1765 1315 superioribus
1808 1253 2001 1310 amicis

415 1325 550 1368 usus
578 1315 668 1370 sit.
704 1317 969 1378 ExiStirna
1006 1326 1153 1381 enim
1187 1345 1313 1384 eum
1351 1334 1512 1387 talem
1548 1337 1714 1391 etiam
1767 1356 1896 1412 erga
1933 1351 1984 1398 te

409 1402 682 1471 futurum,
715 1413 894 1480 qualis
919 1430 1048 1486 erga
1080 1419 1205 1474 illos
1230 1421 1420 1477 fuerit.
1563 1427 1566 1430 ’

481 1496 653 1554 Lente
685 1503 982 1562 amicitiam
1034 1509 1209 1577 inito;
1243 1515 1331 1569 ubi
1358 1527 1550 1574 autem
1577 1522 1801 1589 inieris,
1857 1528 1995 1580 ami-

369 1606 371 1608 ·
409 1601 508 1642 cus
539 1603 899 1658 perseverare
946 1598 1187 1658 studeto.
1258 1605 1433 1677 AEque
1492 1611 1640 1666 enim
1701 1624 1863 1686 turpe
1911 1628 1995 1674 est

1599 313 1660 373 S.
1701 313 1988 377 MAXIM!
2025 314 2532 380 CONFESSORIS

424 425 441 438 -
499 397 653 452 Μιιὶιί
679 415 804 455 cum
839 403 1131 460 videantur
1154 409 1340 475 amici,
1372 413 1538 470 amici
1556 433 1664 473 non
1693 431 1857 489 sunt;
1882 427 1984 494 qui

432 504 534 512 --η
573 505 677 512 ---_
933 506 945 512 -
1171 500 1290 512 ..Α

2185 431 2378 486 Πολλοὶ
2420 435 2702 502 δοκοῦντες
2744 435 2886 494 εἶναι
2939 443 3103 512 φίλοι,
3153 447 3254 500 οὐκ
3304 451 3433 504 atat»;
3489 457 3582 508 καὶ

3629 463 3689 512 ού

2112 521 2423 593 δοκοῦντες,
2447 527 2554 581 είσί
2575 545 2588 560 °
2622 529 2793 602 σοφοῦ
2821 528 2914 587 οὖν
2935 536 3053 589 ἔστι
3080 539 3370 606 γινώσκειν
3403 545 3654 604 ἕκαστον.

2177 698 2401 769 Φεύγειν
2454 703 2537 758 δεῖ
2579 704 2680 779 τὴν
2733 707 2917 779 φιλίαν
2941 753 2957 776 ,
3001 701 3242 768 ὧντινων
3287 719 3586 788 ἀμφίόολος
3651 726 3684 796 ἠ

2105 791 2366 858 διάθεσις.

2187 883 2470 953 Ἰσοκράτ.
2502 915 2573 927 —
2597 885 2787 952 ⁴Ιϋίλους
2833 889 2970 956 κτῶ,
3016 892 3092 963 μὴ
3132 896 3332 961 πάντας
3377 901 3504 962 τοὺς
3547 899 3677 970 βου-

2103 970 2385 1043 λομένους,
2409 975 2547 1033 ἀλλὰ
2567 979 2694 1043 τοὺς
2716 980 2814 1051 τῆς
2846 981 2947 1050 σῆς
2976 983 3192 1054 φύσεως
3207 987 3380 1052 ἀξίους
3402 990 3589 1054 ὂντας.-

2177 1155 2290 1211 Τοῦ
2317 1155 2524 1214 αὐτοῦ.
2566 1191 2635 1209 φ-
2670 1161 2890 1232 Μηδένα
2932 1163 3086 1232 φίλον
3117 1161 3294 1228 ποιοῦ,
3339 1168 3467 1238 πρὶν
3492 1169 3554 1222 ἂν
3583 1171 3665 1239 ξε.

2101 1245 2301 1317 ετάσῃς
2322 1245 2439 1312 πῶς
2473 1248 2740 1320 κέχρηται
2769 1253 2882 1316 τοῖς
2919 1253 3183 1326 πρότερον
3218 1255 3412 1323 φίλοις.
3445 1257 3660 1324 Ἐλπιζε

2100 1335 2206 1408 γὰρ
2241 1338 2401 1392 αύτδν
2428 1339 2520 1394 καὶ
2571 1343 2699 1415 περὶ
2722 1341 2781 1395 σὲ
2828 1343 3080 1412 γενέσθαι
3125 1347 3388 1411 τοιοῦτον,
3431 1342 3542 1413 οἷος
3576 1335 3666 1404 καὶ.

2099 1444 2165 1482 πε
2173 1427 2228 1498 pi.
2249 1431 2490 1496 ἐκείνους
2511 1433 2753 1502 γέγονεν.

2169 1522 2417 1593 Βραδέως
2465 1523 2564 1594 μὲν
2611 1526 2764 1594 φίλος
2811 1526 2983 1595 γίνου’
3034 1527 3324 1598 γενόμενος
3381 1529 3458 1594 δὲ,
3502 1531 3668 1601 πειρῶ

2096 1612 2388 1684 διαμένειν.
2440 1616 2671 1686 Ὁμοίως
2695 1617 2804 1690 γὰρ
2831 1620 3057 1690 αἰσχρὸν
3092 1621 3296 1690 μηδένα
3327 1621 3476 1690 φίλον
3504 1624 3667 1693 ἔχειν,

409 1678 623 1733 nullum
670 1684 910 1741 amicum
963 1689 1191 1758 habere,
1240 1696 1540 1768 pluresque
1581 1701 1720 1758 alios
1766 1678 1832 1760 ex
1869 1707 1984 1765 aliis

2109 1707 2192 1759 καὶ
2227 1703 2457 1769 πολλοὺς
2484 1708 2734 1779 ἑταίρους
2768 1709 3176 1779 μεταλλάττειν.

409 1770 619 1827 amicos
644 1789 707 1829 ac
743 1778 960 1835 sodales
990 1794 1228 1840 mutare.

487 1861 625 1918 Vera
687 1869 930 1926 amicitia
985 1875 1086 1928 tria
1135 1880 1485 1946 potissimum
1538 1897 1773 1954 qmertt',
1812 1889 1992 1944 virtu-

410 1963 541 2019 tem,
605 1966 662 2012 ut
694 1959 1031 2032 honestum;
1079 1975 1540 2028 consuetudinem
1576 1992 1673 2031 seu
1709 1978 2000 2036 familiari-

409 2056 596 2114 tatem,
634 2060 692 2106 ut
738 2052 1094 2125 jucundum;
1147 2078 1213 2117 ac.
1258 2076 1538 2134 postremo
1565 2083 1723 2124 nsum
1749 2115 1762 2137 ,
1799 2084 1859 2129 ut
1891 2090 1992 2129 ne-

408 2145 728 2202 cessarium.
757 2146 935 2219 Equo
972 2155 1120 2208 enim
1154 2158 1340 2213 animo
1371 2160 1663 2218 habendus
1685 2161 1816 2219 dum
1843 2165 1992 2237 judi-

409 2242 494 2286 cat
521 2251 535 2300 ;
565 2237 915 2306 gaudendum
945 2243 1268 2314 praesentia;
1292 2261 1370 2313 et,
1402 2252 1446 2307 si
1477 2269 1627 2321 eges,
1655 2258 1944 2314 utendum.

479 2326 776 2420 Plutarchi.
803 2363 874 2377 -η
916 2335 1056 2408 Equi
1100 2339 1404 2399 bonitatem
1455 2346 1605 2402 bello
1649 2351 1988 2420 probamus:

408 2417 569 2472 amici
603 2435 736 2478 vero
769 2421 942 2481 ﬁdem
963 2429 1129 2486 rebus
1152 2433 1424 2491 adversis.

479 2509 596 2565 Non
627 2513 788 2571 decet
823 2517 1044 2588 fratres,
1094 2534 1152 2578 ut
1198 2526 1386 2582 lances
1423 2529 1478 2584 in
1525 2539 1764 2601 statera,
1809 2536 1991 2594 altero

407 2599 720 2671 hmniliato,
756 2610 988 2668 alterum
1028 2616 1240 2672 extolli.

475 2691 660 2750 Carnis
683 2700 944 2756 omnibus
989 2713 1111 2759 est‘o
1139 2723 1154 2772 ;
1186 2706 1254 2762 iis
1280 2725 1415 2765 vero
1444 2713 1538 2782 qui
1565 2715 1759 2785 optimi
1809 2726 1942 2773 sunt
1969 2763 1985 2788 ,

407 2783 595 2838 utitor.
620 2787 711 2843 Sic
739 2791 888 2846 enim
912 2794 1022 2850 illis
1053 2798 1237 2867 gravis
1270 2817 1380 2856 non
1414 2804 1550 2870 eris,
1582 2783 1819 2879 istisque
1843 2812 1987 2866 ami-

407 2891 506 2932 cus
546 2879 825 2939 ellicieris.

471 2971 694 3029 Amicos
723 2987 916 3046 parato
941 3021 955 3045 ,
1015 2997 1127 3038 non
1175 2984 1510 3055 quibuscum
1541 2990 1981 3063 jucundissime,

403 3065 498 3120 sed
536 3069 866 3138 quibuscum
901 3077 1108 3146 optime
1141 3079 1313 3137 vivas.

472 3152 556 3210 Ea:
593 3159 772 3215 Dionis
811 3163 1001 3220 Chriis.
1033 3196 1097 3207 —-
1130 3167 1274 3235 Quot
1305 3171 1513 3230 amicos
1564 3177 1868 3244 paraveris,
1901 3186 1984 3233 tot

398 3249 587 3305 oculos
613 3253 861 3320 habebis,
886 3257 1087 3328 quibus
1107 3277 1229 3333 qum
1246 3263 1386 3320 velis
1422 3267 1610 3324 videas
1637 3286 1651 3322 :
1681 3277 1761 3324 tot
1795 3287 1981 3335 aures,

397 3342 597 3410 quibus
619 3360 739 3415 quas
766 3349 944 3415 decet,
973 3353 1165 3411 audias
1197 3373 1210 3410 :
1236 3364 1318 3412 tot
1345 3369 1580 3427 mentes,
1604 3361 1807 3432 quibus
1823 3363 1889 3419 de
1917 3365 1986 3419 iis

396 3446 517 3502 quae
532 3439 848 3497 conducunt
863 3453 1038 3499 tecum
1063 3447 1247 3505 animo
1264 3449 1572 3508 deliberare
1589 3471 1651 3510 ac
1667 3458 1984 3513 consultare

398 3528 594 3594 possis.
628 3528 744 3586 Non
779 3536 928 3589 enim
954 3537 1118 3594 aliter
1151 3557 1209 3596 se
1238 3541 1405 3598 habet
1441 3545 1682 3614 plurium
1709 3549 1982 3615 amicitia,

394 3631 557 3684 quam
573 3620 616 3674 si
635 3623 723 3676 cui
750 3621 897 3679 Deus
919 3643 1087 3683 unum
1106 3646 1308 3702 corpus
1328 3633 1557 3691 babenti
1590 3637 1754 3710 549
1779 3639 1982 3695 multas

395 3705 551 3762 daret
576 3711 809 3780 animas,
847 3733 970 3787 qua:
1004 3736 1196 3776 omnes
1237 3723 1316 3779 illi
1354 3726 1715 3794 providerent
1748 3744 1814 3784 ac
1844 3745 1982 3785 con-

396 3800 666 3855 sulcrent.

464 3891 734 3950 Arist‘otelL
762 3927 829 3938 ο-
856 3899 1116 3956 Parandze
1144 3903 1328 3972 potius
1355 3905 1642 3963 facultates
1671 3911 1975 3967 amicorum

393 3999 582 4050 causa,
607 4003 771 4056 quam
805 3989 966 4044 amici
996 4008 1181 4046 carum
1215 3995 1408 4063 gratia.

468 4165 538 4229 Is,
557 4179 680 4217 cum
711 4160 790 4216 illi
822 4164 1026 4233 probro
1047 4162 1375 4234 verteretur,
1395 4172 1543 4242 quod
1566 4190 1688 4229 cum
1713 4175 1976 4246 improbis

389 4265 706 4310 versaretur
739 4273 752 4308 :
788 4257 905 4322 Ille,
932 4257 1132 4328 inquit,
1157 4261 1398 4330 optimus
1424 4264 1671 4320 medicus
1695 4276 1798 4332 est,
1821 4264 1917 4338 qui
1942 4286 1973 4325 a

393 4342 622 4415 reliquis
650 4345 932 4418 depositos
955 4351 1204 4422 suscipit.

461 4436 608 4494 idem
625 4440 822 4506 aiebat,
841 4441 1056 4512 placere
1075 4445 1331 4502 omnibus
1357 4463 1472 4502 rem
1513 4465 1724 4504 summe
1745 4450 1968 4506 arduam
2003 4454 2047 4509 D

391 4545 534 4588 €850.

459 4619 723 4680 Socrates.
754 4657 825 4667 —-
870 4625 974 4696 Q’ui
1025 4627 1323 4682 amicitiam
1367 4626 1595 4696 violant,
1629 4625 1733 4685 etsi
1777 4645 1966 4686 eorum

390 4715 482 4782 qui
513 4716 624 4770 laesi
653 4715 853 4788 injuria
881 4729 1030 4785 sunt,
1057 4717 1319 4776 ultionem
1336 4719 1595 4785 vitarint,
1620 4719 1765 4777 haud
1788 4733 1967 4778 tamen

392 4818 554 4875 quam
587 4805 732 4864 Deus
763 4809 1019 4866 illaturus
1047 4811 1118 4867 sit
1143 4810 1420 4883 depellent
1447 4829 1684 4884 pmnam.

463 4899 779 4971 lmportune
803 4919 988 4960 amare
1019 4903 1246 4975 perinde
1272 4905 1342 4960 sit
1365 4915 1528 4977 atque
1553 4903 1968 4962 odissc.\'erum

391 4991 626 5048 amicum
652 4994 705 5048 in
735 4993 894 5052 malis
917 5011 986 5051 ne
1012 4994 1222 5052 timeas.

461 5083 611 5140 Idem
649 5101 716 5142 ex
751 5086 944 5144 Croeso
986 5097 1365 5159 percontatus,
1399 5089 1532 5162 quid
1577 5093 1967 5163 praestantissi-

391 5187 541 5231 mum
579 5192 647 5232 ex
691 5193 860 5250 regno
905 5187 1052 5234 esset
1087 5189 1446 5247 consecutus;
1489 5181 1693 5252 illoque
1735 5199 1965 5253 respon-

390 5267 578 5332 dente,
611 5277 672 5323 ut
713 5269 903 5326 hostes
942 5269 1320 5332 ulcisceretur.
1353 5282 1410 5328 et
1449 5273 1656 5328 amicos
1695 5273 1968 5331 beneﬁcio

393 5358 631 5417 adiceret
664 5379 677 5415 :
712 5361 950 5430 Quanto,
973 5363 1174 5438 inquit,
1199 5363 1517 5436 jucundius,
1546 5365 1592 5422 si
1624 5374 1681 5422 et
1710 5365 1834 5423 illos
1865 5367 1965 5424 tibi

390 5452 600 5508 amicos
629 5453 998 5511 reddidisses?

461 5539 764 5600 Democriti.
787 5575 857 5588 --
879 5546 999 5604 Non
1023 5563 1182 5620 posse
1210 5551 1400 5607 amicis
1422 5551 1698 5623 opitulari,
1725 5552 1923 5624 inopia:
1945 5569 1960 5603 :

391 5632 538 5687 nolle
586 5643 805 5700 autem,
866 5638 1150 5706 pravitatis
1211 5640 1377 5694 animi
1439 5653 1643 5696 certum
1701 5643 1964 5697 indicium

391 5735 492 5779 εει.

2179 1880 2241 1934 Ἦ
2281 1881 2508 1953 ἀληθινὴ
2526 1882 2676 1952 φιλία
2705 1883 2828 1955 τρία
2864 1884 3023 1955 ζητεῖ
3045 1886 3306 1957 μάλιστα·
3326 1887 3423 1956 τὴν
3443 1887 3668 1958 (ΞιρετὴνΤ

2095 1972 2170 2036 ὡς
2204 1971 2403 2026 καλόν·
2459 1972 2556 2026 καὶ
2616 1974 2714 2044 τὴν
2767 1975 3075 2044 συνήθειαν,
3124 1977 3200 2040 ὡς
3245 1977 3340 2048 ἡδύ
3374 1994 3390 2007 ⁶
3445 1979 3538 2032 καὶ⁵
3566 1979 3672 2048 τὴν

2094 2057 2304 2134 χρείαν,
2356 2063 2433 2128 ὡς
2486 2064 2801 2134 ἀναγκαῖον.
2853 2069 2945 2118 Δεῖ
2993 2067 3101 2138 γὰρ
3139 2068 3500 2132 ἀποδέξασθαι
3539 2070 3668 2141 κρι..

2094 2170 2280 2219 ναντα,
2315 2156 2410 2209 καὶ
2434 2155 2643 2228 χαίρειν
2676 2157 2924 2221 συνόντα.
2949 2160 3042 2213 καὶ
3065 2159 3297 2230 χρῆσθαι
3322 2161 3593 2232 δεόμενον.

2163 2346 2497 2415 Πλουτάρχ.
2545 2375 2615 2387 --
2658 2344 2856 2401 Ἵππου
2905 2347 3003 2418 μὲν
3062 2347 3260 2418 ἀρετὴν
3309 2350 3366 2402 ὲν
3403 2348 3666 2421 πολέμῳ⁹

2093 2435 2247 2509 φίλου
2268 2437 2325 2491 δὲ
2356 2438 2540 2492 πίστιν
2563 2440 2620 2491 ὲν
2645 2438 2842 2510 ἀτυχίᾳ
2877 2441 3154 2508 κρίνομεν.

2163 2528 2237 2582 υύ
2286 2529 2394 2599 χρὴ
2451 2527 2542 2580 τὸν
2587 2527 2819 2597 ἀδελφὸν
2875 2529 3126 2598 καθάπερ
3197 2528 3507 2600 πλάστιγγα
3572 2531 3664 2603 ῥέ-

2092 2633 2216 2672 πειν
2244 2619 2324 2681 εἰς
2351 2617 2677 2683 τούναντίον,
2697 2617 3002 2688 ὑψουμένου
3028 2618 3658 2690 ταπεινούμενοναύτόν.

2171 2701 2371 2774 Ἦδέως
2425 2708 2524 2782 μὲν
2563 2709 2652 2780 ἔχε
2697 2709 2832 2781 πρὸς
2862 2709 3128 2774 ἅπαντας,
3161 2709 3280 2782 χρῶ
3309 2710 3366 2764 δὲ
3393 2713 3503 2775 τοῖς
3543 2712 3661 2782 βελο

2089 2804 2312 2866 τξστοις.
2351 2801 2506 2856 Οῦτω
2538 2801 2670 2873 γὰρ,
2709 2803 2821 2865 τοῖς
2863 2801 2963 2872 μὲν
2987 2803 3088 2854 οὐκ
3111 2802 3365 2880 ’ἀπεχθὴς
3399 2803 3518 2876 ἔσῃ,
3550 2807 3669 2869 τοῖς

2087 2889 2142 2948 δὲ
2178 2894 2327 2963 φίλος
2357 2895 2581 2964 γενήσῃ.

2155 2981 2346 3046 Φίλους
2369 2982 2502 3048 κτῶ,
2530 2983 2604 3054 μὴ
2636 2982 2755 3054 μεθ’
2783 2977 2856 3038 ὧν
2883 2983 3075 3054 ἥδιστα
3097 2983 3504 3056 συνδιατρίψῃς,
3527 2984 3661 3038 ἀλλὰ

2006 3123 2052 3180 c
2090 3073 2219 3145 μεθγ
2243 3067 2316 3128 ὧν
2346 3072 2561 3143 ἄριστα.

2172 3167 2272 3219 Ἕκ
2308 3166 2424 3218 τῶν
2467 3165 2692 3230 Δίωνος,
2724 3157 2963 3230 Χρειῶν.
3012 3190 3074 3202 -
3141 3157 3404 3225 ’ὒπὸσους
3451 3161 3559 3233 γὰρ
3590 3162 3658 3216 ἄν

2084 3255 2221 3333 τις
2245 3259 2577 3329 κεκτημένος
2615 3257 2884 3328 ἑταίρους,
2913 3255 3185 3318 τοσούτοις
3229 3257 3328 3326 μὲν
3362 3255 3660 3325 ὀφθαλμοῖς

2084 3352 2120 3406 ἃ
2153 3351 2397 3421 βούλεται
2451 3351 2574 3422 ὁρᾷ,
2624 3349 2916 3410 τοσαύταις
2943 3346 3000 3399 δὲ
3033 3347 3222 3408 ἀκοαῖς
3249 3343 3285 3399 ἃ
3313 3344 3394 3397 δεῖ
3442 3344 3655 3407 ἀκούει,

2085 3439 2374 3506 τοσαύταις
2406 3443 2464 3496 δὲ
2499 3441 2762 3500 διανοίαις
2805 3439 3096 3493 διανοεῖται
3124 3437 3254 3509 περὶ
3301 3438 3409 3491 τῶν
3449 3453 3658 3508 συμφε-

2088 3537 2308 3607 ρόντων.
2346 3535 2598 3606 Διαφέρει
2625 3519 2734 3604 γὰρ
2762 3531 2936 3594 οὐδὲν,
2969 3530 3001 3600 ἢ
3027 3529 3082 3582 εἴ
3111 3547 3188 3600 τῳ
3227 3529 3359 3592 Θεὸς
3389 3530 3446 3582 ἓν
3493 3530 3656 3598 σῶμα

2085 3630 2283 3700 ἔχοντι,
2317 3627 2516 3690 πολλὰς
2555 3625 2732 3696 ψυχὰς
2767 3623 2989 3690 ἔδωκεν,
3025 3623 3240 3685 ἁπάσας
3273 3622 3415 3691 ὑπὲρ
3443 3620 3664 3674 ἐκείνου

2084 3719 2513 3793 προνοουμένας.

2163 3897 2527 3969 Ἀριστοτέλ.
2567 3929 2637 3940 -—
2678 3897 2947 3968 Χρήματα
2997 3894 3271 3950 ποιεῖσθαι
3315 3891 3511 3965 μᾶλλον
3540 3892 3662 3946 τῶν·

2081 3995 2248 4064 φίλων
2299 3993 2458 4045 ἕνεκα
2521 3991 2808 4062 προσήκει,
2945 3989 3074 4080 τεὺς
3114 3988 3300 4058 φίλους
3351 3985 3456 4039 τῶν
3515 4001 3658 4056 χρη-

2080 4086 2287 4154 μάτων.

2147 4169 2316 4239 Οὗτος
2358 4175 2751 4246 ὀνειδιζόμενος
2795 4176 2879 4230 ὅτι
2933 4176 3189 4245 πονηροῖς
3243 4172 3654 4242 συνδιατρίϐει,.

2089 4269 2347 4330 Ἐκεῖνος,
2402 4266 2528 4336 εφη,
2587 4267 2807 4340 ἄριστος
2855 4265 3037 4337 ἰατρός
3072 4267 3240 4328 ἐστιν,
3290 4264 3347 4326 ὃς
3383 4265 3509 4326 τοῦς
3542 4263 3664 4315 ὑπὸ·

2075 4359 2294 4414 πάντων
2334 4358 2793 4431 ἀπεγνωσμένους
2833 4357 3225 4428 ἀναλαμϐάνει.

2160 4452 2217 4505 Ὀ
2243 4451 2404 4515 αὐτὸς
2431 4450 2641 4519 ἔλεγεν,
2672 4450 2753 4504 ὃτι
2784 4449 2845 4503 τὸ
2869 4450 3035 4503 πᾶσιν
3064 4449 3260 4518 ἀρέσαι
3288 4447 3647 4517 δυσχερέστα-

2073 4545 2166 4599 adv
2201 4546 2372 4598 ἐστιν.
2449 4617 2453 4621 ὶ

2142 4617 2480 4703 Σωκράτης.
2529 4615 2701 4686 -Ὀί
2741 4633 2929 4701 φιλίαν
2987 4630 3492 4703 παραθεωροῦντες,
3543 4628 3645 4682 xiv

2070 4725 2168 4796 τὴν
2201 4727 2265 4779 ἐκ
2312 4725 2422 4779 τῶν
2482 4725 2824 4796 ἠδικημένων
2849 4723 3129 4793 ἐκφύγωσι
3173 4723 3478 4816 τιμωρίαν·
3529 4720 3647 4816 ἀλλ’

2071 4815 2165 4872 οὖν
2199 4834 2263 4884 γε
2290 4816 2389 4888 τὴν
2426 4818 2491 4870 ὲκ
2524 4816 2661 4870 Θεοῦ
2689 4815 2960 4886 τιμωρίαν
2993 4816 3054 4868 ού
3067 4815 3484 4885 τιακρούονται.

2139 4909 2318 4963 Φιλείν
2350 4910 2614 4978 ἀκαὶρως,
2635 4909 2747 4962 ἴσον
2763 4910 2884 4962 εστὶ
2906 4907 3001 4961 τοῦ
3030 4909 3232 4977 μισεῖν.
3249 4906 3406 4970 Φίλον
3425 4905 3645 4973 γνήσιον

2069 5003 2130 5054 ὲν
2153 5004 2342 5064 κακοῖς
2374 5000 2452 5072 μὴ
2471 4999 2660 5069 φοϐοῦ.

2151 5092 2210 5146 '0
2244 5093 2405 5156 αὐτὸς
2451 5089 2742 5162 ιπερωτῶν
2770 5089 3025 5162 Κροῖσον,
3061 5089 3112 5143 τί
3157 5088 3311 5160 παρὰ
3339 5089 3439 5157 τῆς
3485 5087 3643 5158 βασι-

2068 5181 2219 5246 λείας
2266 5181 2391 5253 ισχε
2430 5182 2791 5254 τιμιώτατονο
2829 5179 2948 5236 εἶτα
2979 5181 3188 5236 ἐκείνου
3219 5181 3524 5252 εἰρηκότος,
3567 5179 3642 5232 Τὸ

2067 5276 2194 5337 τοὺς
2240 5273 2470 5344 ἔχθροὺς
2529 5272 2826 5344 μετελθεῖν,
2883 5273 2980 5326 καὶ
3047 5270 3240 5341 φίλους
3298 5272 3639 5344 εὐεργετεῖν·

2069 5366 2228 5436 Πόσῳ
2273 5365 2506 5436 μᾶλλον,
2542 5365 2645 5438 εφη
2674 5406 2690 5432 ,
2736 5368 3094 5439 χαριέστερον
3136 5365 3423 5434 ἐποίησας,
3455 5365 3502 5416 εἰ
3552 5365 3644 5416 καὶ

2067 5458 2290 5520 τούτους
2323 5457 2405 5520 είς
2425 5457 2608 5527 φιλίαν
2648 5459 3116 5531 μετετρϐπωσαςς

2138 5547 2449 5616 Δημοκρὶτ.
2511 5578 2578 5587 —-
2648 5549 2720 5602 Τὸ
2780 5551 2853 5619 μὴ
2937 5547 3196 5602 δύνασθαι
3263 5547 3484 5618 βοηθεῖν
3529 5549 3640 5608 τοῖς

2068 5638 2278 5705 φίλοις,
2329 5639 2560 5708 ἀπορίας
2599 5679 2611 5703 ,
2660 5640 2721 5694 τὸ
2773 5640 2828 5694 δὲ
2891 5641 2966 5714 μὴ
3035 5640 3315 5711 βούλεσθαι
3354 5678 3368 5703 ,
3445 5638 3645 5694 κακίας

2067 5747 2385 5800 τεκμήριον.
