3978 6168
442 297 551 371 767

1612 280 1674 343 S.
1714 275 2008 340 MAXIMI
2040 271 2550 336 CONFESSORIS

3602 259 3718 327 768

450 423 600 478 niam
636 415 737 487 ipsi
772 401 1189 469 misericordiam
1228 393 1842 470 consequenturuiattlt.
1867 410 1922 458 ν,
1951 391 2028 463 7).

2159 389 2224 443 ῐτι
2263 387 2430 442 αὐτοὶ
2466 382 2899 452 ἐλεηθήσονται
2923 397 2937 411 '
2986 380 3242 447 ἀνίλεως
3288 377 3359 434 σὲ
3403 377 3603 448 κρίσις
3631 375 3721 441 τῷ

451 510 720 567 Judicium
757 519 888 560 vero
922 504 1035 558 sine
1074 495 1455 556 misericordia,
1489 493 1535 546 ei
1571 490 1663 561 qui
1703 496 1818 543 non!
1853 485 2031 558 fecerit

2159 481 2215 551 ιὴ
2247 478 2567 547 ποιήσαντι
2607 476 2801 541 ἕλεος.

453 597 868 658 misericordiam
893 593 1026 663 (Jac.
1053 607 1111 654 ιι,
1138 587 1248 658 l3).

525 686 773 747 Extende
830 699 1027 740 manus
1075 691 1231 745 tuas,
1274 694 1387 733 non
1437 676 1495 731 in
1542 673 1777 737 cmlum,
1822 668 1925 729 sed
1977 671 2036 726 in

455 796 651 841 manus
689 791 1020 850 pauperum.
1053 773 1114 829 Si”
1146 772 1200 826 in
1235 785 1429 825 manus
1459 778 1768 837 pauperum
1806 777 2035 817 manum

455 868 803 930 extenderis.
846 867 1027 936 ipsum
1073 859 1303 931 attigisti
1350 858 1477 912 caeli
1519 855 1787 910 verticem
1842 871 1856 907 :
1907 867 2037 908 nam

455 965 617 1034 cujus
643 962 720 1018 ibi
743 959 905 1016 sedes
928 964 1036 1019 est,
1053 955 1456 1024 eleemosynam
1484 946 1705 1017 accipit.
1726 944 1826 1001 Sin
1851 953 2036 1002 autem

458 1068 666 1109 vacuas
705 1045 1032 1110 extendisti,
1066 1042 1206 1099 nihil
1253 1040 1356 1097 tibi
1403 1039 1537 1095 hinc
1581 1037 1882 1092 commodi.
1916 1035 2039 1091 Non

456 1146 611 1204 enim
642 1142 790 1215 quod
825 1155 1023 1197 manus
1053 1135 1346 1200 extendas,
1375 1142 1475 1189 aut
1505 1131 1677 1190 multa
1706 1131 1879 1188 verba
1913 1129 2040 1185 fun-

458 1239 582 1305 das,
611 1236 710 1293 sed
735 1235 883 1306 quod
907 1234 1050 1289 bona
1082 1238 1312 1302 praestes
1337 1242 1526 1298 opera,
1551 1224 1651 1280 tibi
1678 1231 1769 1280 est
1794 1232 1857 1279 ut
1875 1238 2043 1279 exau-

461 1326 656 1381 diaris.
678 1324 822 1380 Audi
849 1322 998 1377 enim
1024 1320 1159 1392 quid
1190 1318 1339 1374 dicat
1365 1316 1634 1388 propheta
1662 1332 1676 1368 :
1703 1314 1837 1371 Cum
1863 1324 2045 1369 exten-

461 1419 648 1472 det-itis
680 1432 870 1472 manus
901 1422 1124 1477 vestras,
1156 1419 1395 1469 avertam
1428 1409 1605 1464 oculos
1638 1424 1780 1463 meos
1810 1426 1843 1463 ιι
1870 1407 2043 1473 vobis;

463 1515 515 1561 et
557 1522 678 1560 cum
720 1504 1202 1576 multiplicaueritis
1243 1503 1569 1565 orationem,
1607 1516 1716 1556 non
1761 1499 2048 1554 exaudiam

462 1612 555 1653 eos
583 1611 602 1651 :
630 1594 727 1652 sed
749 1594 990 1667 judicate
1016 1594 1185 1666 magis
1212 1590 1416 1664 pupillo
1443 1600 1492 1645 et
1520 1587 1730 1656 humili,
1754 1597 1806 1643 et
1831 1588 2045 1643 viduam

454 1686 789 1759 justiﬁcate,
817 1694 867 1741 et
893 1685 1074 1741 discite
1101 1686 1292 1740 bonum
1321 1684 1498 1755 facere
1522 1681 1648 1754 (Isa.
1669 1697 1709 1748 ι,
1733 1670 1953 1751 15,17).

534 1865 654 1922 Nisi
702 1880 976 1936 pauperes
1019 1872 1237 1929 essent,
1277 1878 1474 1934 magna
1517 1877 1646 1933 pars
1690 1869 2046 1933 peccatorum

465 1976 579 2016 non
604 1958 1004 2015 succideretur.
1026 1957 1304 2027 Panperes
1327 1954 1490 2009 nobis
1510 1954 1801 2009 vulnerum
1827 1961 2049 2009 nostro-

470 2069 593 2109 rum
624 2052 825 2108 medici
852 2058 983 2106 sunt
1011 2067 1025 2103 ι
1058 2048 1304 2105 remedia
1337 2047 1500 2104 nobis
1549 2061 1677 2101 suas
1711 2046 1825 2116 ipsi
1853 2059 2048 2100 manus

464 2145 852 2216 exporrigunt.
877 2143 1000 2198 Non
1031 2143 1115 2199 sic
1147 2140 1396 2197 medicus
1423 2154 1623 2194 manus
1650 2137 1958 2194 extendens
1992 2144 2051 2192 et

469 2240 766 2309 pharmaca
812 2238 1103 2306 imponens
1144 2234 1435 2291 sanitatem
1482 2231 1699 2300 tribuit,
1737 2246 1802 2287 ac
1841 2245 2051 2301 pauper

473 2346 695 2386 manum
740 2328 1074 2393 extendens,
1119 2334 1176 2383 et
1223 2341 1348 2396 qua:
1397 2341 1429 2381 a
1478 2324 1643 2379 nobis
1689 2323 2052 2399 porriguntur

466 2422 773 2493 accipiens,
810 2422 956 2476 mala
996 2428 1187 2476 nostra
1234 2417 1523 2489 abstergit.
1567 2415 1777 2472 Dedisti
1820 2416 2048 2486 stipem,

469 2530 582 2569 una
606 2530 731 2570 cum
762 2514 855 2569 illa
883 2513 1049 2568 etiam
1086 2519 1314 2581 peccata
1345 2509 1556 2565 exiere.
1585 2508 1872 2579 Ejusmodi
1903 2508 2052 2564 enim

470 2609 767 2663 sacerdotes
810 2616 1024 2678 peccata
1055 2605 1239 2678 populi
1269 2604 1372 2660 mei
1400 2601 1670 2658 comedent
1692 2598 1852 2670 (Osee
1882 2618 1956 2667 Iv,
1974 2600 2050 2674 8).

542 2698 709 2753 Novit
743 2713 922 2753 caecus
970 2696 1061 2751 cui
1117 2696 1531 2766 eleemosynam
1567 2692 1855 2764 impendas
1889 2707 2055 2749 manu

471 2788 683 2843 ducere
711 2788 766 2842 in
796 2802 1027 2857 regnum
1053 2787 1324 2841 caelorum
1356 2804 1369 2839 :
1402 2793 1460 2840 et
1487 2784 1742 2855 quamvis
1773 2784 1845 2838 ad
1873 2785 2056 2854 parie-

2212 661 2493 718 Ἔκτεινόν
2548 676 2640 712 σου
2677 656 2776 720 τὰς
2810 655 3021 724 χεῖρας,
3070 650 3145 721 μὴ
3194 650 3278 711 ei;
3325 648 3420 703 τδν
3459 645 3712 719 οὐρανὸν,

2137 756 2255 811 ἀλλ’
2283 757 2363 819 είς
2394 752 2492 813 τὰς
2525 749 2635 803 τῶν
2666 748 2913 816 πενήτων
2943 744 3157 815 χεῖρας.
3204 740 3331 795 Ἐὰν
3359 741 3440 803 είς
3466 740 3567 815 τᾲς
3600 738 3713 792 τῶν

2137 852 2388 919 πενήτων
2419 846 2611 919 χεῖρας
2648 840 2893 910 ὲκτείνῃς
2918 838 3017 907 τὴν
3050 835 3229 907 χεῖρα,
3258 833 3427 903 αὐτῆς
3457 830 3585 902 ἥψω
3612 832 3718 899 τῆς

2139 940 2390 1015 κορυφῆς
2412 937 2509 992 τοῦ
2537 932 2802 1007 ούρανοῦ·
2842 934 2872 987 ὁ
2916 930 3028 1001 7&9
3069 930 3189 984 ἐκεῖ
3214 924 3523 996 καθήμενος
3564 922 3715 1015 λαμ-

2139 1011 2294 1089 ϐάνει
2321 1033 2423 1103 τὴν
2451 1024 2845 1100 ἐλεημοσύνην.
2876 1025 2975 1077 “Av
3002 1022 3058 1076 δὲ
3090 1018 3368 1088 ἀκάρπους
3393 1011 3708 1088 ἀνατείγῃς,

2139 1124 2293 1179 οὐδιν
2318 1114 2560 1192 ὤνησας.
2605 1121 2682 1175 ού
2714 1118 2822 1190 γὰρ
2854 1117 2910 1170 ὲν
2939 1115 3006 1186 τῇ
3058 1110 3281 1165 ἐκτάσει
3321 1103 3429 1161 τῶν
3479 1104 3708 1176 χειρῶν,

2140 1216 2262 1270 οὐδὲ
2292 1217 2352 1269 ἐν
2382 1213 2463 1285 τῷ
2490 1194 2683 1283 πλήθει
2712 1209 2820 1264 τῶν
2847 1206 3129 1280 ῥημάτων,
3153 1198 3269 1258 ἀλλ’
3297 1201 3357 1253 ιν
3383 1201 3493 1260 τοῖς
3528 1196 3711 1268 ἔργοις

2142 1284 2512 1363 δπακούεσθαι
2559 1304 2728 1357 ἐστιν.
2751 1302 2953 1354 Ἄκουε
2986 1297 3097 1368 γὰρ
3149 1293 3251 1348 τοῦ
3293 1289 3578 1362 Προφήτου
3614 1284 3707 1342 λέ-

2144 1414 2354 1472 γοντος
2380 1400 2567 1452 Ὅταν
2593 1395 2702 1463 τὰς
2748 1392 2961 1463 χεῖρας
2996 1382 3165 1460 ὑμῶν
3197 1385 3525 1451 ἐκτείνητε,
3570 1382 3715 1472 deos

2144 1468 2387 1559 ατρέψω
2414 1487 2557 1554 τοὺς
2585 1482 2933 1555 ὀφθαλμούς
2955 1496 3075 1550 μου
3103 1477 3207 1547 ἀφ’
3241 1472 3411 1546 ὑμῶν
3432 1488 3447 1503 ·
3478 1472 3578 1527 καί
3610 1468 3716 1526 ἐὰν

2145 1583 2492 1650 πληθύνητε
2511 1581 2628 1646 τὴν
2654 1575 2889 1643 δέησιν.
2931 1570 3045 1627 οὐκ
3070 1568 3505 1635 είσακούσομαι
3528 1562 3712 1633 ὑμῶν.

2150 1674 2396 1743 Κρίνατε
2519 1668 2758 1739 μᾶλλον
2784 1656 3024 1735 ὀρφανῷ
3051 1662 3149 1716 καί
3178 1657 3461 1724 ταπεινῷ,
3489 1654 3589 1710 καί
3633 1654 3721 1709 δια

2151 1764 2444 1820 καιώσατε
2485 1760 2701 1832 χήραν,
2732 1757 2831 1812 καί
2864 1754 3082 1829 μάθετε
3107 1750 3303 1807 καλὸν
3328 1746 3549 1805 ποιεῖν.

2216 1858 2279 1911 El
2309 1856 2384 1926 μὴ
2424 1850 2655 1924 πένητες
2690 1847 2853 1922 ἦσαν,
2884 1848 2986 1901 οὐκ
3014 1847 3080 1901 ἃν
3109 1842 3171 1899 τὸ
3222 1842 3360 1897 πολὺ
3390 1840 3499 1901 τῶν
3541 1835 3716 1911 ἆμαρ⁴

2147 1949 2407 2019 τημάτων
2440 1944 2790 2014 ὑπετέμνετο.
2845 1939 3046 2010 ’ἰατροὶ
3089 1935 3200 1990 τῶν
3236 1933 3573 2006 τραυμάτων
3615 1930 3717 1984 εἰσὶ

2148 2041 2255 2095 τῶν
2278 2037 2564 2111 ἡμετέρων
2586 2036 2637 2088 οί
2667 2035 2929 2103 πένητες*
2961 2031 3234 2103 φάρμακα
3254 2028 3387 2098 ἡμῖν
3422 2023 3717 2094 παρέχουσι

2148 2138 2247 2202 τὰς
2269 2136 2451 2193 αὐτῶν
2480 2138 2690 2207 χεῖρας.
2715 2133 2829 2202 Οὐχ
2863 2129 3036 2193 οὕτως
3100 2130 3183 2180 ίατ
3195 2125 3286 2196 ρδς
3315 2125 3507 2194 χεῖρπ
3547 2119 3720 2174 έκτεί-

2151 2248 2257 2286 νων
2280 2230 2379 2284 καὶ
2425 2229 2699 2299 φάρμακα
2740 2222 3032 2284 ἐπιτιθεὶς,
3065 2218 3162 2289 τὴν
3197 2216 3441 2285 ἰατρείαν
3470 2211 3720 2282 παρέχει,

2151 2323 2227 2388 ὡς
2256 2322 2427 2391 πένης
2454 2322 2614 2392 χεῖρα
2649 2314 2908 2370 ἐκτείνων
2938 2312 3033 2366 καὶ⁸
3059 2309 3128 2363 τὰ
3167 2307 3299 2379 παρ’
3324 2300 3726 2387 ήμῶψλαμϐἀο

2152 2430 2281 2479 νων,
2311 2413 2609 2483 ἐκμαγεῖον
2637 2407 2744 2462 τῶν
2766 2404 3054 2478 ἡμετέρων
3084 2403 3202 2454 ἐστὶ
3231 2398 3439 2453 κακῶν.
3475 2394 3725 2456 Ἔδωκας

2152 2506 2213 2560 τδ
2240 2504 2527 2579 ἀργύριον,
2556 2496 2848 2568 συνεξῆλθε
2888 2497 2983 2550 καὶ
3035 2484 3441 2564 ἁμαρτήματα.
3481 2484 3729 2551 Τοιοῦτοι

2154 2597 2264 2667 γὰρ
2300 2597 2356 2649 οι
2385 2592 2580 2661 laps-Ie,
2620 2588 2909 2659 ἁμαρτίας
2940 2584 3096 2640 λαοῦ
3134 2600 3252 2653 μου
3281 2579 3590 2651 φάγονται.

2228 2685 2440 2755 Τυφλδς
2473 2679 2616 2736 οἶδεν
2666 2679 2986 2749 ἐλεούμενος
3027 2678 3108 2739 είς
3143 2670 3393 2745 οὐρανῶν
3447 2668 3732 2742 βασιλείαν

2155 2777 2562 2851 χειραγωγεῖν)
2596 2772 2693 2826 καὶ
2730 2770 2934 2839 τοίχοις
2959 2764 3341 2838 προσκρούων,
3380 2765 3476 2818 καλ⁵
3516 2761 3734 2833 βύθροις

475 2891 561 2937 tes
585 2880 830 2936 ollendat
850 2853 906 2934 et
932 2879 987 2934 in
1014 2878 1204 2935 foveas
1238 2877 1421 2945 cadat,
1453 2853 1638 2933 tamen
1660 2875 1774 2932 dux
1799 2853 1951 2933 tutus
1972 2885 2049 2935 est

2159 2865 2558 2928 ὲνολισθαίνων,
2591 2854 2747 2924 οὗτος
2794 2857 3038 2920 ὁδοποιὸς
3068 2857 3282 2926 γίνεται
3314 2854 3416 2926 τῆς
3464 2854 3542 2918 εἶς
3569 2853 3739 2924 οὐρα-

471 2985 738 3027 ascensus
770 2969 825 3023 in
856 2969 1083 3025 coelum.

2160 2959 2250 3014 νδν
2272 2955 2613 3017 ἀναϐάσεως.

545 3061 711 3130 Quid,
739 3061 916 3126 dives,
934 3059 1111 3117 stulte
1148 3058 1285 3130 agis,
1312 3074 1436 3129 qua:
1473 3065 1605 3115 sunt
1632 3074 1963 3130 pauperum,
1992 3058 2049 3114 in

2230 3050 2297 3105 Τί
2331 3014 2727 3121 ματαιοπονεῖς,
2771 3035 2817 3096 ὦ
2852 3039 3097 3103 πλούσιε,
3126 3036 3195 3093 τά
3246 3034 3358 3091 τῶν
3402 3035 3649 3104 πενήτων
3675 3033 3743 3087 ιν

475 3153 772 3210 thesauros
802 3160 929 3207 tuos
955 3150 1275 3206 occultans?
1305 3149 1449 3217 Quid
1480 3151 1800 3221 petentibus
1826 3151 1941 3207 illis
1967 3152 2052 3206 in-

473 3244 742 3316 dignaris,
775 3253 1035 3317 tanquam
1075 3241 1144 3296 de
1183 3250 1280 3298 tuo
1319 3241 1599 3309 insumas?
1636 3226 1787 3296 Bona
1829 3251 2058 3316 paterna

475 3338 693 3402 volunt,
712 3343 974 3400 non'tua;
1006 3349 1129 3403 quae
1155 3333 1255 3388 tibi
1286 3332 1343 3387 in
1368 3347 1562 3387 eorum
1592 3334 1824 3402 gratiam
1848 3332 2059 3389 credita

477 3437 627 3493 sunt,
658 3443 770 3482 non
810 3434 992 3481 tecum
1050 3433 1197 3479 nata.
1257 3425 1356 3487 Da,
1385 3439 1507 3494 igua:
1549 3424 1836 3494 accepisti,
1866 3440 2058 3479 usum-

475 3536 585 3591 que
630 3519 730 3573 tibi
754 3519 932 3575 _lucro
973 3531 1138 3587 pone.
1168 3516 1315 3573 Satis
1356 3515 1455 3570 tibi
1496 3523 1602 3580 est,
1627 3531 1695 3572 eo
1728 3526 1783 3577 te
1814 3528 2059 3573 creatum

478 3626 735 3679 munere,
763 3618 825 3664 ut
852 3610 984 3679 dare
1012 3609 1238 3674 debeas,
1271 3624 1381 3663 non
1409 3594 1682 3679 accipere.

548 3701 695 3757 Nihil
728 3702 805 3755 ita
834 3700 945 3755 Deo
972 3708 1187 3771 gratum
1212 3708 1298 3754 est
1322 3715 1388 3754 ac
1412 3700 1779 3772 eleemosyna.
1797 3700 1864 3755 "Id
1898 3700 2062 3756 nimi-

479 3810 603 3849 rum
650 3808 831 3848 causze
874 3802 960 3848 est
1008 3807 1109 3847 cur
1154 3790 1472 3846 sacerdotes
1516 3807 1619 3847 usu
1665 3791 1893 3861 antiquo
1937 3792 2060 3847 oleo

477 3883 909 3957 inungerentur;
939 3884 1182 3952 itemque
1209 3896 1366 3953 reges
1387 3889 1444 3936 et
1467 3882 1772 3952 prephetae.
1791 3883 1887 3937 Dei
1908 3883 2059 3938 enim

477 3976 874 4032 niisericordise
919 3976 1135 4045 signum
1173 3972 1453 4027 habebant
1489 3973 1693 4027 oleum.
1757 3974 1890 4027 Nam
1931 3975 2061 4045 quia

477 4066 626 4125 Deus
661 4066 951 4120 hominum
988 4065 1286 4119 miseretur
1318 4064 1507 4132 eisque
1541 4064 1833 4119 clementia
1873 4066 2058 4122 indul-

477 4168 589 4230 get,
620 4146 1046 4228 proptereaoleo
1065 4152 1662 4224 ungebantur.Etenim
1689 4155 2059 4214 sacerdotium

479 4254 605 4307 oleo
642 4250 821 4305 voluit
858 4240 1197 4303 consecr’ari.
1234 4247 1413 4318 Reges
1453 4264 1675 4319 quoque
1717 4250 1841 4305 oleo
1886 4265 2058 4323 unge-

482 4340 704 4396 bantur.
728 4339 984 4395 Omnium
1008 4337 1178 4402 enim,
1203 4336 1404 4407 inquit,
1425 4338 1783 4394 miseratione
1803 4339 2055 4410 ducetur,

479 4434 640 4502 cujus
666 4432 853 4487 omnia
883 4430 1169 4502 subiacent
1198 4429 1359 4502 554
1387 4416 1675 4499 potestati;
1697 4429 1765 4484 .id
1793 4431 2054 4489 nimirum

477 4523 713 4595 principi
752 4522 1059 4593 proprium,
1093 4521 1388 4577 clementia
1425 4520 1637 4575 scilicet
1678 4536 1742 4576 ac
1779 4522 2051 4580 misereri.

478 4610 684 4671 Tecum
718 4617 903 4670 animo
938 4613 1249 4678 considera,
1282 4629 1382 4683 per
1414 4601 1851 4687 misericordiam
1892 4608 2056 4672 muni-

476 4707 608 4763 dum
655 4706 828 4763 fuisse
873 4705 1268 4770 constitutum,
1316 4720 1380 4758 ac
1427 4704 1687 4760 aamulare
1738 4706 2052 4769 Dominum.

477 4804 852 4863 Misericordia
909 4801 1152 4856 hominis
1217 4814 1385 4871 super
1440 4799 1752 4870 proximum
1809 4818 1971 4862 suum
2034 4826 2047 4865 :

478 4898 670 4969 (Eccli.
701 4912 846 4958 mu,
879 4893 992 4966 1‘2).
1608 4880 1617 4885 ’

547 4992 604 5047 Si
645 4989 777 5060 quid
822 4986 1052 5053 tribuis,
1090 4985 1217 5040 vide
1266 5001 1335 5040 ne
1390 4987 1861 5057 murmuraveris;
1908 4994 2057 5061 quod

477 5082 638 5138 multi
673 5082 945 5145 factitant,
971 5079 1166 5134 dantes
1202 5077 1448 5148 quidem,
1480 5077 1576 5132 sed
1614 5094 1725 5133 non
1770 5080 2055 5147 alacriter;

478 5190 603 5230 cum
634 5172 798 5229 dandi
826 5173 1081 5228 alacritas
1111 5171 1229 5241 ipsa
1258 5170 1608 5241 praestatione
1638 5172 1814 5244 majus
1846 5174 2056 5244 aliquid

478 5276 541 5321 ac
569 5264 868 5336 perfectius
890 5264 983 5319 sit.
1011 5263 1125 5319 Nec
1149 5277 1285 5318 vero
1315 5263 1715 5333 explorandum
1752 5274 1935 5335 putes,
1961 5268 2056 5337 qui

478 5358 552 5413 sit
593 5358 1124 5428 accepturus,sitne
1167 5355 1368 5429 dignus
1412 5357 1505 5427 qui
1552 5356 1813 5426 accipiat,
1850 5361 2061 5413 necne?

480 5446 666 5519 Longe
709 5456 952 5518 praestat.
979 5458 1248 5518 quantum
1293 5448 1526 5511 aestimo,
1555 5455 1786 5516 propter
1827 5463 1923 5502 eos
1962 5450 2056 5519 qui

478 5539 630 5610 digni
662 5547 817 5605 sunt,
842 5540 1009 5594 etiam
1042 5556 1150 5594 non
1181 5541 1365 5611 dignis
1395 5538 1699 5609 porrigere,
1729 5554 1891 5607 quam
1926 5555 2058 5609 pro-

479 5639 605 5703 pter
630 5631 888 5701 indignos
911 5632 1076 5686 etiam
1108 5633 1292 5702 dignis
1323 5633 1535 5686 deesse.
1884 5696 1891 5701 ι

552 5719 745 5775 Melius
791 5730 874 5776 est
926 5736 1023 5788 pro
1070 5722 1329 5776 immittite
1379 5721 1664 5784 conferre,
1710 5736 1873 5789 quam
1923 5721 2059 5775 nihil

2158 3144 2270 3206 τοῖς
2330 3140 2442 3205 σοῖς
2501 3136 2796 3206 θησαυροῖς
2850 3127 3255 3201 ἀποκρύπτων;
3306 3124 3361 3179 τί
3408 3124 3741 3194 αἰτούμενος

2157 3234 2290 3307 παρῗ
2315 3231 2498 3287 αὐτῶν
2523 3229 2873 3300 ἀγανακτεῖς,
2900 3225 2985 3290 ὡς.
3004 3222 3220 3278 οῐκοθεν
3246 3218 3559 3295 ἀναλίσκων
3582 3234 3599 3284 ;
3651 3215 3739 3269 T&

2159 3312 2391 3401 πατρῷα
2420 3327 2686 3391 θέλουσιν,
2717 3325 2779 3378 ού
2829 3322 2898 3397 τὰ
2951 3322 3061 3391 οάζ
3094 3317 3165 3372 τὰ
3208 3312 3620 3387 ὲγχειρισθέντα
3651 3326 3741 3364 σοι

2155 3425 2224 3479 δι’
2255 3423 2472 3486 αὐτοὺς,
2506 3421 2568 3474 οὐ
2594 3417 2734 3490 μετά
2771 3414 2866 3470 σοῦ
2901 3411 3253 3484 γεννηθέντα.
3282 3409 3350 3461 *Δ
3379 3405 3591 3471 ἔλαϐες,
3622 3403 3740 3468 δὺς,

2159 3519 2255 3573 καὶ⁵
2281 3516 2381 3588 τὴν
2402 3514 2597 3585 χρῆσιν
2625 3510 2906 3582 κέρδανον.
2942 3505 3131 3577 Ἀρκεῖ
3171 3518 3254 3556 σοι
3303 3500 3387 3553 ὅτι
3414 3497 3639 3559 διδόναι,
3670 3494 3739 3547 οὐ

2158 3608 2456 3680 λαμϐάνειν
2483 3604 2737 3674 ἐτάχθης.

2233 3677 2401 3754 Οὐδὲν
2434 3695 2609 3759 οὕτως
2637 3690 2920 3762 εὐφραίνει
2947 3687 3040 3742 τδν
3068 3685 3227 3748 Θεδν,
3260 3682 3337 3746 ὡς
3366 3677 3736 3751 ἐλεημοσύνη.

2159 3794 2250 3857 Διδ
2284 3792 2334 3845 oi.
2361 3791 2526 3863 ἱερεῖς
2563 3780 2703 3841 κατά
2728 3784 2790 3837 τὸ
2823 3780 3076 3845 παλαιὸν,
3124 3778 3306 3832 ἔλαιον
3337 3775 3603 3847 ἐχρίοντο,
3636 3774 3738 3827 καὶ

2158 3887 2206 3938 oi
2236 3882 2476 3955 βασιλεῖς
2505 3879 2601 3934 καὶ
2628 3878 2677 3931 oi
2701 3874 3002 3946 προφῆται.
3033 3873 3149 3942 Τῆς
3176 3870 3288 3942 γὰρ
3317 3868 3413 3922 τοῦ
3446 3865 3581 3921 Θεοῦ
3609 3865 3738 3933 φιλ-

2157 3973 2478 4047 ανθρωπίας
2504 3967 2649 4042 εἶχον
2681 3967 2956 4039 σύμϐολον
2978 3964 3040 4019 τὸ
3067 3964 3268 4017 ἔλαιον.
3304 3960 3525 4031 Ἐπειδὴ
3551 3961 3579 4012 ὁ
3602 3957 3741 4040 Θεὸς

2159 4068 2303 4121 ἐλεεῖ
2354 4066 2486 4129 τοὺς
2540 4050 2877 4132 ἀνθρώπους
2919 4057 3014 4110 καὶ
3062 4051 3592 4125 φιλανθρωπεύεται,
3647 4048 3740 4102 διὰ

2157 4159 2319 4214 τοῦτο
2346 4156 2514 4227 ἐλαίῳ
2546 4152 2810 4226 ἐχρίοντο.
2849 4149 2958 4205 Καὶ
3009 4148 3118 4218 γὰρ
3167 4146 3268 4216 τὴν
3291 4142 3594 4220 ἱερωσύνην
3626 4141 3739 4195 ἀπὸ

2158 4252 2347 4315 ἐλέους
2394 4248 2686 4319 ἐποίησεν·
2721 4244 2821 4299 καὶ
2863 4246 2912 4298 oi.
2948 4242 3209 4313 βασιλεῖς
3251 4236 3417 4310 ἐλαίῳ
3467 4236 3737 4309 ἐχρίοντο.

2172 4344 2421 4415 Ἐλεήσει
2469 4341 2600 4411 γὰρ,
2631 4339 2789 4409 φησὶ,
2828 4338 3062 4398 πάντας,
3111 4335 3194 4387 ὅτι
3247 4332 3425 4384 πάντα
3490 4329 3736 4383 δύναται.

2088 4400 2135 4458 D
2162 4400 2332 4491 Τοῦτο
2364 4400 2673 4505 γὰρ’ἁργῆξ
2695 4400 2863 4493 υἵδιον,
2898 4428 2960 4482 τὸ
2994 4428 3186 4481 ἐλεεῖν.
3226 4424 3510 4495 Ἐννόησον
3548 4422 3632 4475 ὅτι
3670 4420 3738 4472 δι’

2163 4531 2370 4601 ἑλεονιὸ
2401 4528 2610 4597 κόσμος
2642 4520 2970 4592 συνεστάθη,
3016 4520 3111 4574 καὶ
3147 4518 3387 4589 μίμησαι
3415 4515 3504 4567 τὸν
3536 4513 3742 4566 Δεσπός-

2162 4620 2482 4692 την.Ἕλεος
2509 4614 2801 4687 ἀνθρώπου
2824 4614 2916 4668 ἐπὶ
2932 4613 3025 4666 τὸν
3048 4610 3277 4682 πλησίον
3303 4607 3468 4661 αὑτοῦ
3486 4622 3500 4637 ·
3530 4605 3742 4670 Ἔλεος

2164 4714 2220 4785 δὲ
2254 4706 2476 4781 ΚιιρΙου
2504 4709 2603 4764 ἐπὶ
2645 4706 2855 4763 πᾶσαν
2883 4703 3100 4774 σάρκα.

2120 4808 2487 4875 Misericordia
2535 4794 2761 4861 autem‘
2805 4801 3019 4856 Domini
3062 4814 3223 4869 super
3268 4810 3477 4851 onmem
3524 4808 3744 4849 carnem

2227 4991 2321 5065 Μὴ
2347 4989 2530 5063 χρήσῃ
2571 4985 2724 5059 ῥῆμα
2753 4976 3076 5055 γογγυσμοῦ
3114 4974 3250 5052 μετά
3279 4974 3382 5049 τῆς
3420 4975 3740 5038 ἐπιδόσεως,

2158 5088 2300 5160 ὅπερ
2328 5084 2627 5153 πάσχουσιν
2662 5078 2711 5132 oi
2752 5075 2964 5137 πολλοὶ,
3003 5073 3242 5143 διδόντες
3278 5071 3400 5141 μὲν,
3430 5069 3489 5123 τὸ
3517 5068 3574 5120 δὲ
3604 5083 3743 5138 προ-

2161 5178 2350 5250 θύμως
2376 5176 2436 5229 οὐ
2476 5169 2889 5245 προστιθέντες,
2922 5166 2951 5219 ὃ
2982 5165 3077 5218 τοῦ
3109 5163 3373 5233 παρέχειν
3401 5159 3587 5233 μεῖζόν
3625 5159 3742 5212 ἐστι

2159 5273 2255 5325 καὶ
2290 5262 2638 5337 τελεώτερον.
2670 5258 2824 5332 Μηδὲ
2880 5258 3206 5328 δοκιμασίαν
3239 5256 3393 5327 ζήτει
3437 5252 3530 5306 τοῦ
3575 5250 3744 5323 ληψο-

2164 5362 2351 5434 μένου,
2384 5359 2532 5421 ὅστις
2571 5355 2741 5420 ἄξιος,
2775 5353 2872 5406 καὶ
2918 5353 3070 5412 ὅστις
3110 5347 3195 5404 οὗ.
3237 5345 3428 5416 Ηολλῷ
3474 5344 3581 5414 γὰρ
3614 5343 3741 5416 βέλ-

2160 5472 2296 5516 τιον,
2338 5445 2515 5520 οἶμαι,
2550 5434 2661 5501 Gulf
2689 5448 2816 5510 τοὺς
2861 5443 3050 5508 ἀξίους
3094 5441 3308 5513 ὀρέγειν
3341 5439 3433 5492 καὶ
3467 5441 3575 5502 τοῖς
3642 5437 3743 5490 ἀν-

2161 5548 2355 5614 αξίοις,
2390 5545 2423 5615 ἦ
2454 5542 2580 5607 τοὺς
2606 5542 2789 5608 ἀξίους
2821 5538 3143 5608 ἀποστερεῖν
3176 5534 3263 5588 διὰ
3290 5521 3415 5596 τους
3439 5531 3714 5596 ἀναξίους.

2236 5719 2507 5789 Κρείσσον
2539 5716 2596 5769 τὸ
2627 5715 2766 5769 κατὰ
2806 5713 3037 5785 δύναμιν
3068 5713 3422 5781 εἰσενεγκεῖν,
3462 5711 3493 5783 ἦ
3529 5709 3590 5764 τὸ
3625 5705 3733 5763 πὶν
