3990 6176
292 372 408 443 Ἷϐθ

1617 368 1787 429 LOCI
1825 364 2260 429 COMMUNES.

3435 372 3543 437 ’ΠΟ

303 486 595 544 ιλλείπειν.
633 483 708 538 Οὐ
738 481 849 553 γὰρ
876 480 905 533 ὁ
941 479 1018 551 μὴ
1043 478 1314 550 δυνηθεὶς,
1367 478 1484 532 ἀλλ’
1512 481 1540 534 δ
1575 482 1649 552 μὴ
1682 481 1874 554 βουλη-

2003 497 2206 537 prorsus
2246 490 2524 552 praestare.
2551 479 2670 534 Non
2712 480 2859 535 enim
2900 480 2991 536 ille
3032 481 3086 536 in
3126 482 3284 553 culpa
3322 494 3428 552 est,
3452 491 3547 557 qui

309 577 420 639 θεὶς
449 574 726 635 ὑπαίτιος.

370 663 535 719 Pavo?)
574 662 651 734 τῷ
683 661 915 733 πλησίον
974 658 1324 731 τιμιώτερος,
1375 660 1440 713 ὲκ
1495 659 1592 714 τοῦ
1641 660 1878 730 φανῆναι

1979 588 2092 626 non
2120 572 2312 635 valuit,
2344 572 2437 625 sed
2468 572 2561 641 qui
2595 571 2790 625 noluit.

2048 661 2182 716 Esto
2226 660 2476 730 proximo
2520 660 2862 726 honoratior,
2896 676 2963 715 ex
3011 676 3078 715 eo
3120 662 3266 732 quod
3310 664 3553 719 videaris

303 756 686 828 χρηστότερος.
727 752 895 808 Γενοῦ
941 751 1019 823 τῷ
1071 750 1360 827 ἀτυχοῦντι
1415 749 1557 819 θεὸς,
1593 751 1684 806 τὸν
1726 751 1874 806 ἔλεον

2003 744 2289 822 benignior.
2316 751 2447 805 Esto
2475 750 2573 811 illi,
2595 750 2689 818 qui
2717 749 2963 806 adversis
2991 751 3362 819 conﬂictatur,
3389 755 3548 820 deus,

296 846 397 902 τοῦ
419 847 564 901 Θεοῦ
598 846 963 924 μιμούμενος.
992 851 1023 864 ’
1624 913 1631 925 ι

374 921 821 1010 Συμμετρεῖσθάι
862 935 962 993 ,δεῖ
1000 932 1079 1005 τῷ
1125 933 1435 1005 αἰτουμένῳ
1486 933 1587 1005 τὴν
1624 921 1875 1005 ἀίτησιν.

310 1034 548 1105 ὐμοίως
599 1030 709 1102 γὰρ
759 1024 959 1082 ἄτοπον
990 1027 1143 1098 παρὰ
1186 1025 1637 1098 μικροῦομεγάλα
1671 1026 1877 1096 ζητεῖν,

299 1125 396 1179 καὶ
423 1120 578 1191 παρὰ
601 1116 836 1190 μεγάλου
858 1116 1052 1187 μικρά.
1084 1115 1157 1169 Τὸ
1181 1116 1279 1187 μὲν
1301 1115 1411 1188 γὰρ
1433 1117 1692 1187 ἄκαιρον·
1719 1116 1780 1169 τὸ
1799 1115 1875 1182 δὲ,

302 1212 694 1286 σμικρολόγον.
796 1230 803 1235 ·

370 1306 677 1373 Χρυσοστ.
709 1331 781 1340 -
817 1300 990 1353 Ὅταν
1024 1297 1325 1370 διαθρέφῃς
1353 1297 1447 1350 τὸν
1481 1297 1714 1365 πένητα,
1749 1313 1879 1350 σαυ-

298 1399 396 1452 τδν
429 1395 617 1467 νόμιζε
645 1394 978 1462 διατρέφειν.
1018 1392 1255 1461 Τοιαύτη
1284 1392 1392 1462 γὰρ
1420 1393 1453 1460 ἠ
1487 1390 1581 1443 τοῦ
1615 1389 1879 1461 πράγμα-

298 1505 398 1552 τος
431 1486 614 1554 φύσις,
658 1484 908 1555 ὲξ-ήμῶν
942 1485 1023 1547 εἰς
1079 1485 1225 1553 ἡμᾶς
1262 1486 1572 1553 μεταχωρεῖ
1621 1481 1693 1534 τὰ
1741 1482 1881 1535 διδό-

355 1598 473 1635 ενα.
1312 1598 1319 1603 ’

308 1599 473 1738 μεέἔ
522 1663 861 1736 φοϐηθῶμεν
909 1660 1343 1731 δικαστὴν,’πρὸ
1380 1659 1474 1715 τοῦ
1525 1661 1878 1733 δικαστηρίου

1977 841 2075 897 Dei
2106 841 2539 897 misericordiam
2573 840 2882 895 mmulatus.

2052 933 2133 988 Ad
2162 933 2431 986 rationem
2457 930 2577 1000 ejus
2605 945 2634 983 a
2658 945 2767 1000 quo
2795 930 3020 1000 petitur,
3049 932 3384 989 moderanda
3413 936 3554 1005 peti-

1981 1023 2059 1078 tio
2096 1031 2200 1077 est.
2226 1021 2401 1092 Eque
2436 1021 2584 1076 enim
2623 1020 2924 1075 absurdum
2961 1030 3048 1076 est
3082 1037 3112 1077 a
3151 1038 3320 1092 parvo
3358 1040 3554 1095 magna

1980 1131 2248 1187 quaerere,
2271 1124 2443 1195 atque“
2460 1130 2491 1171 a
2517 1128 2714 1183 magno
2736 1129 2923 1182 parva.
2946 1115 3086 1169 Illud
3108 1118 3255 1171 enim
3286 1117 3555 1190 intempe-

1981 1208 2184 1264 stivum
2201 1248 2214 1271 ,
2246 1206 2350 1263 hoc
2375 1194 2504 1259 vero
2530 1203 2816 1260 sordidum
2845 1204 3032 1259 fuerit.

2050 1299 2316 1371 Chrysost.
2343 1329 2415 1338 —
2448 1288 2583 1352 Cum
2627 1310 2927 1367 pauperem
2967 1296 3166 1367 pascis,
3203 1290 3440 1368 teipsum
3479 1301 3553 1361 ali

1980 1392 2315 1446 existimato.
2348 1389 2497 1465 Talis
2531 1388 2679 1442 enim
2720 1396 2805 1443 est
2845 1387 3009 1457 hujus
3049 1387 3125 1444 rei
3166 1389 3387 1455 natura,
3420 1400 3487 1465 ut
3522 1406 3556 1446 τι

1980 1482 2143 1537 nobis
2181 1482 2237 1535 in
2278 1497 2381 1536 nos
2425 1462 2708 1549 transeant
2741 1495 2807 1535 ac
2841 1472 3183 1546 redundent,
3220 1495 3342 1551 quae
3384 1458 3554 1535 dede-

1981 1574 2173 1630 rimus.
2264 1575 2273 1581 ’

2050 1665 2200 1742 Nihil
2228 1664 2469 1735 judicem
2497 1671 2832 1729 metuamus,
2857 1661 2950 1732 qui
2979 1669 3108 1717 ante
3135 1661 3402 1732 judicium
3430 1677 3558 1733 por.

298 1762 399 1831 τὴν
435 1763 594 1832 χεῖρα
653 1755 1026 1827 προτείνοντα.
1091 1755 1187 1825 Μὴ
1235 1753 1565 1825 φοϐηθῶμεν
1615 1754 1874 1824 δικαστὴν

2003 1755 2109 1827 'igit
2130 1771 2352 1809 manum
2382 1774 2394 1808 :
2418 1754 2556 1809 nihil
2574 1754 2818 1825 judiccm
2840 1762 3171 1817 metuamus,
3190 1754 3285 1823 qui
3307 1753 3558 1823 accipere

298 1853 404 1906 οὐκ
441 1849 785 1920 ἀρνούμενον
820 1847 880 1899 τὸ
912 1846 1119 1900 λαϐεῖν.

373 1943 584 2012 Πολλῆς
607 1941 856 2007 ἀλογίας,
884 1936 1052 2011 ᾁγρδν
1072 1936 1170 2007 μὲν
1196 1935 1517 2009 βουλόμενον
1541 1936 1878 2008 ὠνήσασθαι,

300 2036 401 2107 τὴν
431 2032 666 2104 εὐφορον
715 2031 819 2100 γῆν
869 2028 1182 2098 ἐπιζητεῖν·
1250 2028 1483 2099 οὐρανοῦ
1516 2028 1574 2082 δὲ
1626 2030 1748 2081 ἀντὶ
1776 2028 1882 2098 γῆς

304 2123 695 2194 προκειμένου.
731 2121 907 2190 παρὸν
937 2118 1055 2171 ἐκεῖ
1090 2117 1401 2187 κτήσασθαι
1429 2117 1648 2188 χωρίον,
1693 2118 1880 2188 μένειν

303 2217 399 2270 cui
421 2216 520 2285 τῆς
560 2213 682 2282 γῆς,
708 2212 804 2265 καὶ
836 2210 945 2263 τῶν
980 2208 1284 2279 ὲκπαύτης
1321 2208 1615 2278 ἀνέχεσθαι
1643 2211 1840 2263 πόνων.

373 2307 559 2374 Γρητ.
602 2304 882 2369 Νύσσης.
909 2332 981 2342 ——
1031 2298 1090 2354 Ὀ
1152 2299 1354 2373 πτωχῷ
1389 2300 1749 2371 κοινωνήσας,
1800 2302 1881 2363 εἰς

299 2399 398 2468 τὴν
429 2395 624 2468 μερίδα
650 2393 749 2461 τοῦ
784 2393 853 2446 δι’
881 2394 1031 2462 ἡμᾶς
1063 2392 1478 2463 πτωχεύσαντος
1498 2393 1690 2445 ἑαυτὸν
1712 2408 1881 2445 κατα-

302 2505 513 2543 στησεα

371 2491 617 2631 Ἇέῗίου.
636 2605 705 2617 σ-
738 2572 1008 2643 Καθάπερ
1036 2572 1173 2625 ἴδιόν
1197 2552 1313 2624 ἐστι
1341 2571 1436 2624 τοῦ
1470 2571 1647 2640 φωτὸς
1675 2570 1736 2625 τδ
1763 2587 1878 2640 φω-

304 2668 496 2733 τίζειν,
528 2666 704 2730 οὕτως
740 2666 868 2719 ἴδιον
909 2664 1046 2718 Θεοῦ
1082 2665 1143 2717 τὸ
1173 2663 1342 2717 ἐλεεῖν
1374 2664 1467 2717 καὶ
1484 2664 1780 2735 οἰκτείρειν
1809 2663 1877 2715 τὰ

309 2761 486 2812 οἰκεῖα
511 2759 829 2827 πλάσματα.

388 2850 498 2905 Τοῦ
552 2851 721 2919 ἁγίου
772 2848 1095 2917 Είρηναιόυ
1143 2846 1213 2900 ἐκ
1262 2845 1375 2914 τῆς
1433 2845 1584 2914 πρὸς
1612 2844 1879 2911 Βίκτωρα

307 2942 660 3010 ἐπιστολῆς.
690 2943 857 2996 -Ἑν
886 2935 930 3009 ᾧ
980 2941 1044 2994 ἄν
1082 2957 1165 3003 τις
1192 2939 1413 2992 δύναιτο
1459 2933 1518 2992 εὖ
1566 2940 1739 2993 ποιεῖν
1766 2940 1879 3001 τοῖς

305 3032 559 3104 πλησίον,
611 3034 701 3086 καὶ
728 3034 787 3085 οὒ
838 3034 1001 3097 ποιεῖ,
1047 3028 1334 3101 ἀλλότριος
1379 3030 1481 3100 τῆς
1531 3030 1751 3101 ἀγάπης
1780 3029 1876 3084 τοῦ

300 3125 512 3196 Κυρίου
547 3120 959 3195 νομισθήσεται.
1164 3136 1171 3141 '
1823 3113 1827 3122 ι
1856 3128 1859 3129 ν

373 3217 659 3281 Φῗλωνος.
684 3246 759 3256 —
794 3214 1049 3277 Τοιοῦτος
1076 3214 1226 3282 γίνου
1262 3215 1391 3286 περὶ
1424 3213 1551 3275 τοὺς
1575 3211 1701 3275 σοὺς
1725 3209 1869 3265 οἰκέ-

304 3324 424 3374 τας,
454 3302 565 3361 οἷον
591 3306 723 3378 εὔχῃ
754 3307 837 3360 σοὶ
860 3307 948 3359 τὸν
976 3306 1112 3360 Θεὸν
1137 3304 1413 3374 γενέσθαι.
1430 3303 1518 3367 Ὧς
1544 3302 1654 3375 γὰρ
1680 3303 1865 3357 ἀκούο-

308 3417 428 3472 μεν,
452 3398 908 3468 ἀκουσθησόμεθα
942 3397 1046 3450 ὐπδ
1079 3397 1174 3451 τοῦ
1207 3396 1375 3450 Θεοῦο
1416 3394 1611 3459 miti);
1634 3395 1869 3466 ὁρῶμεν,

304 3490 690 3562 ὁραθησόμεθα
758 3490 849 3542 ὑπ’
911 3487 1099 3543 αὑτοῦ.
1162 3489 1597 3561 Προενέγκωμεν
1641 3483 1735 3541 οὖν
1777 3486 1871 3540 τοῦ

305 3583 455 3636 ἐλέου
484 3584 573 3635 τὸν
611 3581 756 3634 ἔλεον
785 3580 879 3652 (b),
913 3580 1002 3633 ἵνα
1038 3579 1117 3651 τῷ
1158 3581 1329 3651 ὁμοίῳ
1352 3580 1415 3633 τὸ
1449 3580 1635 3650 ὅμοιον
1657 3578 1875 3632 ἀντιλά-

306 3677 512 3744 δωμεν.
1030 3690 1035 3693 -

372 3764 637 3831 Δημοσθ.
664 3793 732 3802 -
769 3760 990 3815 Δίκαιόν
1014 3762 1162 3816 ἐστιν
1192 3761 1360 3815 ἐλεεῖν
1378 3799 1393 3823 ,
1421 3760 1482 3814 οὗ
1511 3760 1637 3823 τοὺς
1659 3761 1873 3825 ἀδίκους

298 3854 416 3907 τῶν
452 3852 790 3923 ἀνθρώπων,
840 3853 978 3908 ἀλλὰ
1021 3855 1148 3917 τοὺς
1182 3852 1333 3924 παρὰ
1367 3851 1523 3922 λόγον
1550 3851 1875 3924 δυστυχοῦν-

300 3961 425 4008 τας.
726 3980 731 3989 ι
1632 3982 1635 3987 .

374 4036 579 4089 Βίαν-τ.
601 4065 673 4074 -
689 4032 819 4097 Βίας
842 4033 1060 4105 θανάτῳ
1087 4032 1295 4105 μέλλων
1324 4030 1707 4096 καταδικάζειν
1729 4031 1871 4098 τινὰ,

296 4126 626 4196 ἐδάκρυσεν.
662 4125 924 4189 Εἰπόντος
965 4124 1021 4177 δέ
1046 4141 1210 4191 τινος,
1241 4123 1306 4176 Τί
1339 4122 1548 4189 παθὼν,
1579 4123 1744 4187 αὐτὸς
1771 4140 1874 4178 κα-

302 4216 609 4287 ταδικάζων
642 4216 888 4282 κλαίεις;
934 4211 1110 4270 εἶπεν·
1138 4216 1261 4269 Ὅτι
1301 4214 1599 4284 ἀναγκαῖόν
1627 4215 1765 4283 ἐστι,
1803 4217 1871 4289 τῇ

307 4309 409 4379 μὲν
446 4308 609 4375 φύσει
642 4308 704 4362 τὸ
735 4306 1019 4379 συμπαθὲς
1051 4306 1364 4376 ἀποδοῦναι,
1393 4306 1471 4379 τῷ
1495 4307 1554 4364 δὲ
1596 4308 1747 4381 νόμῳ
1775 4307 1874 4381 τὴν

294 4402 500 4471 saw.
1735 4411 1743 4418 ‘

1913 1825 1952 1880 Β
1980 1862 2092 1901 non
2123 1836 2362 1901 recusat.

2051 1937 2217 1993 Valde
2269 1952 2299 1991 a
2349 1937 2560 1995 ratione
2607 1937 2848 1999 alienum
2892 1944 3009 2002 est,
3052 1952 3178 1991 eum
3222 1935 3318 2007 qui
3366 1952 3558 2007 agrum

1981 2042 2166 2083 emere
2205 2029 2361 2107 velit,
2395 2014 2585 2100 agrum
2635 2024 2874 2085 feracem
2917 2030 3200 2099 requirere
3251 2046 3265 2082 :
3308 2030 3561 2099 cmloque

1981 2118 2100 2173 vice
2137 2126 2295 2174 terrae
2328 2120 2637 2191 proposito,-
2661 2136 2784 2175 cum
2821 2119 2876 2174 in
2910 2135 2977 2175 eo
3010 2136 3201 2190 agrum
3238 2135 3562 2192 comparare

1980 2209 2162 2275 liceat,
2192 2211 2245 2265 in
2279 2220 2425 2268 terra
2454 2228 2678 2267 manere
2706 2228 2770 2268 ac
2797 2212 2915 2283 ejus
2945 2212 3164 2268 labores
3188 2212 3486 2271 sustinere.

2052 2303 2208 2374 Crcg.
2232 2303 2387 2376 Nysa.
2409 2335 2479 2344 —
2500 2304 2604 2372 Qui
2630 2320 2802 2374 egeno
2826 2306 3215 2369 communicat,
3240 2306 3297 2377 in
3321 2307 3441 2377 ejus
3463 2304 3561 2376 qui

1980 2403 2210 2460 propter
2259 2408 2364 2448 nos
2384 2409 2594 2464 egenus
2622 2388 2797 2449 factus
2852 2404 2936 2449 est
2961 2394 3024 2466 (ll
3049 2394 3176 2450 Cor.
3200 2376 3311 2461 vin,
3334 2395 3412 2467 9),
3436 2411 3560 2454 sese

1979 2491 2193 2552 partem
2222 2485 2475 2538 collocat.

2048 2557 2180 2627 Nili.
2202 2605 2272 2615 ——
2294 2576 2365 2631 Ut
2391 2574 2528 2631 lucis
2550 2576 2840 2648 proprium
2870 2588 2954 2633 est
2986 2576 3327 2645 illuminare;
3354 2577 3433 2632 sic
3458 2576 3558 2633 Dei

1980 2663 2271 2734 proprium
2301 2675 2386 2720 est
2411 2681 2638 2720 suorum
2669 2682 2900 2737 operum
2932 2666 3204 2723 misereri.
3244 2660 3251 2665 ’

1982 2854 1991 2861 ’
2049 2841 2107 2898 S.
2137 2842 2331 2896 Irenazi
2361 2859 2425 2896 ex
2456 2845 2606 2913 epist.
2642 2844 2713 2898 ad
2744 2844 3019 2899 Victorem.
3047 2875 3118 2889 —-
3147 2842 3401 2911 Quandiu
3434 2848 3560 2919 quis

1979 2935 2036 2989 in
2065 2934 2325 2990 facultate
2355 2935 2522 2990 habet
2548 2944 2607 2991 ut
2631 2936 2894 3007 proximis
2923 2936 3256 3001 benefaciat,
3280 2950 3382 2991 nec
3406 2936 3556 3004 facit.

1978 3026 2193 3082 alienus
2223 3043 2251 3081 a
2282 3028 2500 3082 Domini
2524 3028 2820 3083 dilectione
2844 3028 3231 3084 mstimabitur.

2050 3203 2309 3259 Philonis.
2338 3220 2408 3245 —'--
2429 3196 2614 3261 Talem
2649 3215 2703 3262 te
2727 3206 2945 3263 famulis
2973 3209 3082 3264 tuis
3107 3210 3310 3281 praebe,
3334 3213 3556 3288 qualem

1980 3295 2081 3350 tibi
2121 3297 2292 3351 Deum
2332 3306 2508 3368 optas.
2534 3297 2606 3354 Ut
2645 3299 2792 3354 enim
2834 3301 3113 3367 audimus,
3138 3317 3171 3357 .a
3212 3303 3324 3359 Deo
3363 3303 3556 3362 audie-

1979 3403 2134 3453 mur;
2158 3397 2222 3442 ‘et
2252 3397 2314 3443 ut
2343 3389 2613 3455 videmus,
2640 3390 2866 3446 videndi
2901 3392 2975 3447 ab
3003 3407 3070 3448 eo
3103 3409 3314 3450 sumus.
3341 3394 3557 3453 Miseri—

1979 3480 2223 3534 cordiam
2272 3482 2439 3551 igitur
2484 3481 2881 3538 misericordia:
2922 3500 3315 3567 praarogemus,
3352 3498 3413 3543 ut
3453 3504 3556 3560 pro

1979 3570 2145 3625 simili
2174 3571 2334 3641 555
2363 3573 2542 3628 simile
2568 3573 2920 3645 recipiamus.
2986 3634 2991 3638 _
3256 3568 3263 3571 ι
3394 3576 3401 3579 ’

2048 3765 2318 3822 Demosth.
2347 3767 2676 3839 -—~}Equum
2712 3778 2872 3825 estut
2897 3772 3280 3841 misereamur,
3305 3790 3416 3833 non
3448 3776 3556 3833 ini-

1978 3874 2210 3930 quorum
2243 3858 2530 3914 hominum
2556 3875 2620 3915 ac
2652 3859 3051 3934 improborum,
3085 3864 3183 3923 sed
3228 3880 3419 3924 earum
3461 3874 3557 3942 qui

1980 3951 2133 4005 nullo
2162 3964 2265 4005 suo
2293 3958 2449 4005 reatu
2468 3966 2532 4006 ac
2553 3950 2815 4008 immeriti
2841 3955 2895 4009 in
2924 3954 3082 4011 malis
3109 3969 3419 4017 versantur.

2055 4038 2282 4094 Biantis.
2306 4070 2376 4079 —
2396 4039 2522 4097 Bias
2544 4042 2765 4112 capitali
2793 4046 3086 4114 quemdam
3108 4050 3382 4105 sententia
3398 4051 3558 4108 dam-

1980 4138 2230 4197 naturus,
2283 4132 2339 4189 in
2400 4131 2592 4188 ﬂetum
2642 4137 2844 4207 erupit.
2900 4137 3142 4209 Rogatus
3197 4130 3414 4212 autem,
3460 4144 3558 4221 qui

1983 4224 2376 4293 idaccidisset,
2400 4236 2462 4282 ut
2493 4227 2587 4298 qui
2623 4227 2793 4301 judex
2837 4229 3074 4300 sederet,
3135 4232 3253 4306 ipse
3300 4235 3559 4311 lugeret:

1981 4320 2139 4387 Quia,
2167 4319 2364 4389 inquit,
2381 4327 2592 4375 natura:
2615 4322 2857 4391 quidem,
2882 4333 2945 4379 ut
2983 4327 3411 4393 miserationem.
3454 4333 3564 4407 legi

1980 4429 2136 4479 vero,
2157 4411 2485 4469 sententiam
2514 4423 2574 4469 ut
2596 4416 2924 4483 tribuamus,
2958 4435 3183 4478 necesse
3210 4438 3315 4481 εει.

373 4494 634 4548 Φωκίων.
656 4525 722 4537 -
744 4493 881 4549 Οὔτε
937 4495 998 4562 ἐξ
1049 4494 1196 4567 ίεροῦ
1241 4494 1423 4566 βωμὸν
1446 4536 1461 4559 ,
1509 4494 1634 4549 οὔτε
1676 4496 1742 4550 ἑκ
1778 4497 1874 4568 τῆς

2052 4505 2347 4562 Ρίιοείοηὶε.
2376 4534 2447 4545 —-
2467 4507 2581 4562 Nec
2606 4504 2910 4580 extemplo
2938 4527 3054 4580 ara,
3090 4530 3195 4571 nec
3221 4533 3292 4572 ex
3321 4517 3563 4577 humano

305 4581 651 4658 ἀνθρωπίνης
676 4586 890 4655 φύσεως
919 4588 1243 4659 ἀφαιρετέον
1265 4586 1357 4640 τὸν
1394 4584 1563 4640 ἔλεον.

372 4676 687 4745 Δημοκρίτ.
723 4676 1017 4745 Ἰσοκράτ.
1045 4680 1144 4733 καί
1182 4676 1562 4745 Ἐπικτήτου.
1590 4704 1646 4719 -
1695 4676 1880 4744 πίνοις

1977 4614 2178 4671 genere
2202 4598 2440 4654 tollenda
2464 4599 2842 4657 misericordia
2867 4612 2973 4659 est.

2050 4687 2349 4755 Democriti,
2367 4689 2615 4745 Isocratis
2638 4698 2690 4745 et
2717 4689 2964 4763 Epicteti.
3000 4725 3071 4736 —
3092 4696 3406 4769 Peregrinis
3458 4701 3559 4756 tri-

307 4764 613 4833 μεταδίδου,
659 4765 895 4830 καὶτοῖς
921 4766 1198 4837 δεομένοις
1243 4768 1307 4820 ὲκ
1340 4765 1447 4819 τῶν
1475 4767 1664 4821 ὄντων·
1706 4770 1734 4821 ὁ
1769 4769 1874 4841 γὰρ

2003 4795 2082 4836 me
2105 4796 2169 4837 ac
2193 4782 2381 4853 egenis
2402 4797 2466 4836 ex
2492 4791 2584 4841 tua
2602 4782 2858 4843 facultate
2890 4802 2904 4839 :
2943 4787 3037 4859 qui
3053 4788 3200 4845 enim
3234 4764 3417 4861 egenti
3449 4806 3560 4848 non

306 4852 386 4925 μὴ
414 4854 591 4918 διδοὺς
616 4854 877 4929 δεομένῳ,
911 4857 1032 4913 οὐδὲ
1057 4858 1218 4923 αὐτὸς
1236 4857 1468 4929 λήψεται
1495 4858 1768 4931 δεόμενος.

377 4964 619 5038 Πειρατῇ
657 4984 767 5022 τινι
797 4968 1093 5039 ἔμπεσόντι
1121 4970 1204 5047 είς
1228 4971 1326 5042 τὴν
1351 4971 1476 5043 γῆν,
1506 4974 1601 5026 καὶ
1635 4974 1880 5045 διαφθει-

305 5054 525 5124 ρομένῳ
564 5056 852 5125 χειμῶνος,
904 5058 1247 5129 περιϐόλαιον
1296 5077 1378 5124 τις
1434 5062 1598 5134 ἄρας.
1626 5061 1875 5128 δέδωκεν,

302 5144 403 5197 καὶ
431 5146 509 5208 είς
539 5146 640 5217 τὴν
682 5148 860 5202 οἰκίαν
891 5150 1222 5220 εἰσαγαγὼν,
1259 5152 1329 5205 τὰ
1370 5152 1496 5223 ἑξῆς
1528 5154 1706 5208 πάντα
1734 5171 1874 5226 παρ-

302 5235 486 5306 έσχεν.
535 5236 879 5304 Ὀνειδισθείς
925 5240 986 5295 δὲ
1018 5243 1123 5297 ὑπό
1157 5261 1327 5311 τινος,
1354 5246 1435 5300 ὅτι
1454 5247 1579 5310 τοὺς
1610 5249 1881 5318 πονηροὺς

1977 4870 2253 4936 tribuerit,
2281 4887 2352 4926 ne
2378 4871 2495 4944 ipse
2522 4870 2743 4959 quidem
2770 4874 3023 4947 accipiet,
3055 4893 3178 4951 cum
3207 4878 3441 4950 eguerit.

2057 4983 2193 5038 Cum
2226 4982 2420 5053 piratae
2444 4985 2661 5041 cuidam
2696 4986 2753 5042 in
2788 4997 2990 5043 terram
3014 4990 3210 5060 eiecto,
3255 5006 3320 5047 ac
3348 5001 3562 5065 tempe-

1989 5082 2130 5130 state
2150 5073 2496 5144 naufragium
2538 5091 2725 5145 passo,
2777 5077 3051 5149 quispiam
3098 5089 3309 5139 vestem
3364 5078 3607 5140 εσθαι-ι’

1988 5162 2164 5226 lisset,
2182 5169 2345 5231 atque
2362 5163 2416 5216 in
2439 5162 2665 5218 domum
2687 5164 3010 5233 induxisset,
3032 5170 3291 5240 omnique
3305 5171 3564 5243 deinceps

1990 5251 2330 5307 humanitate
2355 5264 2685 5322 prosecutus
2715 5266 2900 5320 esset;
2934 5259 3301 5329 exprobrante
3321 5263 3559 5334 quodam

1828 5401 2061 5462 ΝΟΤΛΕ.

377 5531 453 5600 (b)
490 5532 946 5602 Προενέγκωμεν
994 5534 1129 5588 τοῦ
1169 5535 1347 5589 ἐλέου
1392 5535 1499 5589 τὸν
1555 5536 1752 5591 ἔλεον.
1784 5537 1877 5596 Sic

298 5601 564 5676 emendo,
609 5603 756 5676 quod
809 5611 931 5658 erat
963 5605 1441 5676 προσενέγκωμεν,
1486 5606 1632 5661 facili
1679 5608 1875 5664 scriba:

297 5670 492 5751 lapsu._
511 5671 602 5726 Sic
617 5670 783 5751 plana
811 5670 1149 5729 constructio
1177 5670 1240 5730 ac
1265 5670 1497 5741 sensus;
1532 5690 1726 5751 nempe
1753 5692 1875 5751 esse

298 5742 773 5807 misericordiam,
839 5758 1003 5814 quam
1060 5760 1431 5818 praet-agamus
1508 5742 1874 5821 eleemosynis

1982 5557 2311 5612 pauperum,
2339 5546 2499 5616 quasi
2530 5562 2718 5603 semen
2746 5549 2888 5619 ejus,
2913 5566 3078 5620 quam
3107 5568 3138 5607 a
3166 5553 3279 5608 Deo
3303 5568 3404 5610 nos
3430 5569 3566 5611 con-

1980 5623 2277 5691 secuturos
2304 5630 2614 5694 speramus,
2641 5632 2724 5694 _ac
2770 5620 3131 5694 velutgfc‘nori
3181 5623 3364 5694 datam
3394 5639 3567 5694 pecu-

1926 5717 1941 5729 .
1980 5680 2149 5768 niam,
2183 5680 2351 5754 quani
2396 5680 2610 5744 fructu
2639 5687 3031 5748 innumerabili
3054 5692 3117 5748 in
3151 5693 3290 5748 cmlo
3331 5680 3569 5768 recipia-

1980 5765 2122 5806 mus.
