3990 6176
239 256 342 318 ’ῖῖἸ

1551 238 1721 315 LQCI
1758 234 2197 299 COMMUNES.

3396 219 3501 281 778

246 391 333 428 ναι
369 370 657 444 ἄρχεσθαι,
691 364 995 423 κινδυνεύει
1046 361 1230 433 πολλῷ
1276 355 1658 433 χαλεπώτερον
1681 350 1823 427 εῖναι
1851 382 1866 419 λ

1980 368 2075 416 πε,
2123 348 2434 421 periculum
2465 353 2550 403 est
2577 359 2649 401 ne
2697 342 2873 398 multo
2919 337 3204 395 difﬁcilius
3240 335 3316 391 sit
3361 337 3505 391 scire

249 464 308 518 τὸ
338 463 539 518 εἰδέναι
572 460 761 531 ἄρχειν
782 455 1108 530 ἀνθρώπων.

333 555 399 610 Ἥ
432 555 531 626 μὲν
567 552 787 618 ἀταξία,
816 548 1082 620 ἀναρχίας
1109 544 1230 600 ἐστὶ
1257 541 1565 613 γνώρισμα·
1594 537 1629 607 ἡ
1650 536 1707 588 δὲ
1736 533 1829 587 τά-

252 645 354 714 ξις,
387 645 480 699 τὸν
512 642 916 716 ἡγεμονεύοντα
952 639 1215 693 δείκνυσι.
1262 626 1328 687 Τί
1363 633 1470 702 γὰρ
1501 627 1695 698 ὄφελος
1735 643 1832 678 κυ-

253 737 490 810 ϐερνήτῃ
512 731 651 791 εἶναι
683 732 942 806 χρηστὸν,
973 730 1234 799 πονηροῖς
1266 723 1550 798 χρώμενον
1579 720 1828 791 ὲρέταιςς

324 914 418 982 Μή
443 927 531 974 τις
562 907 681 962 ἐνὸν
716 904 1014 967 ἀκινδύνως
1061 899 1311 963 ἕπεσθαι,
1351 898 1538 968 ἄρχειν
1561 893 1837 948 ἐπικινδύ-

259 1020 368 1068 νως
398 997 779 1071 ὲπιθυμείσθω
804 1014 818 1029 ο
856 996 977 1068 μηδ’
1004 996 1032 1048 ό
1050 994 1149 1063 τῆς
1183 990 1464 1059 ὑποταγῆς
1490 988 1651 1058 νόμος
1678 1003 1843 1039 κατα-

259 1093 494 1158 λυέσθω,
534 1086 567 1157 ἢ
598 1090 695 1146 καὶ
729 1087 799 1142 τά
850 1086 1070 1156 ἐπίγεια
1104 1084 1320 1153 συνέχει
1359 1083 1455 1135 καὶ
1484 1079 1555 1133 τά
1587 1078 1839 1149 οὐράνια.

335 1181 402 1234 Ol
434 1179 693 1251 βασιλεῖς,
735 1174 971 1229 αἰδεῖσθε
996 1173 1095 1241 τὴν
1126 1169 1452 1240 ἁλουργίδα·
1489 1167 1845 1236 νομοθετήσει

261 1272 374 1342 γὰρ
405 1270 501 1325 καὶ
527 1267 848 1339 νομοθέταις
871 1267 900 1317 ὁ
926 1264 1107 1332 λόγος.
1129 1258 1433 1315 Γινώσκετε
1452 1258 1505 1312 τί
1534 1258 1593 1311 τὸ
1622 1273 1839 1310 πιστευ-

1926 445 2221 513 imperare.
3092 460 3121 477 ο
3201 474 3215 486 .

1995 534 2222 589 Ordinis
2264 530 2545 602 perversio
2577 544 2642 584 ac
2680 516 2935 582 conquio
2991 520 3198 579 indicio
3244 529 3350 585 est,
3396 534 3507 574 non

1929 641 2052 681 esse
2085 625 2178 694 qui
2212 624 2533 695 magistratu
2564 620 2857 691 praesitzat
2887 617 3025 672 ordo
3067 615 3267 670 ducem
3315 611 3511 683 praesi-

1933 713 2170 783 demque
2216 714 2483 769 ostendit.
2523 710 2668 778 Quid
2706 711 2855 764 enim
2901 709 3076 780 juvat.
3129 704 3278 776 quod
3334 704 3512 757 bonus

1935 805 2292 877 gubernator.
2326 804 2421 872 qui
2458 818 2659 872 pravos
2695 815 2863 869 opera
2919 797 3156 867 remiges
3207 793 3506 849 adhibeat?

2008 896 2207 959 Nemo,
2235 895 2323 949 cui
2358 903 2476 949 tuto
2517 894 2675 963 sequi
2719 892 2901 953 liceat,
2943 905 3061 943 rem
3112 889 3245 943 atem
3294 888 3513 957 plenam

1939 1005 2177 1062 praeesse
2219 987 2533 1043 desideret:
2592 999 2771 1052 neque
2831 997 2964 1035 vero
3013 977 3376 1049 subjectionis
3429 976 3515 1030 lex

1942 1082 2297 1151 infringatur,
2321 1094 2446 1149 qua:
2473 1084 2530 1130 et
2564 1084 2783 1129 terrena
2817 1081 2875 1127 et
2923 1069 3170 1143 caelestia
3204 1073 3515 1123 conservat.

2016 1175 2213 1244 Reges,
2266 1184 2526 1241 purpurae
2579 1165 2948 1220 reverentiam
3005 1160 3252 1224 habete;
3312 1157 3517 1212 etenim

1945 1264 2089 1320 ratio
2120 1262 2289 1317 etiam
2324 1256 2750 1329 .legislatoribus
2785 1255 2960 1322 legem
2996 1253 3263 1320 imponet.
3314 1248 3522 1303 Intelli-

264 1341 356 1416 θὶν
394 1362 547 1432 ύμῖν,
588 1359 686 1412 καὶ
720 1358 773 1411 τί
822 1356 884 1409 τδ
916 1356 1048 1425 περὶ
1087 1353 1233 1424 ὑμᾶς
1267 1352 1588 1422 μυστήριον.
1627 1349 1848 1419 Κόσμος

1984 1355 2059 1409 ite
2085 1353 2233 1423 quod
2288 1351 2447 1405 vobis
2487 1348 2762 1403 creditum
2802 1352 2911 1410 est,
2945 1354 3005 1398 et
3033 1342 3197 1413 quale
3231 1341 3325 1405 sit,
3375 1341 3521 1410 quod

265 1455 389 1517 ὅλος
419 1451 524 1506 ὑπὸ
563 1452 723 1521 χεῖρα
767 1447 869 1519 τὴν
902 1445 1182 1517 ἡμετέραν
1225 1443 1520 1513 διαδήματι
1553 1439 1734 1512 μικρῷ
1755 1439 1849 1492 καὶ

1984 1463 2048 1502 οε
2068 1444 2360 1514 contingit,
2408 1440 2750 1513 mysterium.
2798 1436 3037 1492 Mundus
3082 1434 3381 1489 universus
3423 1432 3526 1487 sub

270 1543 465 1615 βραχεῖ
514 1539 688 1612 ρακίῳ
751 1534 1145 1608 κρατούμενος.
1202 1531 1285 1585 Τά
1330 1530 1437 1602 μὲν
1494 1529 1629 1597 ἀνω,
1687 1529 1849 1600 μόνου

1980 1554 2116 1594 manu
2161 1547 2342 1592 vestra
2390 1535 2585 1606 exigua
2646 1532 2817 1587 fascia
2879 1543 3157 1601 parvoque
3222 1526 3519 1596 panniculo

267 1633 405 1688 Θεοῦ
434 1650 450 1665 ·
481 1632 552 1686 τά
584 1631 639 1685 δὲ
672 1631 845 1693 κάτω,
880 1627 974 1681 κα)⁸
1006 1625 1184 1697 ὑμῶν.
1213 1624 1339 1677 Θεοὶ
1381 1621 1596 1691 γίνεσθε
1626 1624 1734 1684 τοῖς
1762 1618 1851 1688 ὑφ’

1953 1640 2198 1688 tenetur.
2246 1629 2497 1700 Superna
2525 1626 2774 1697 quidem,
2819 1624 2996 1679 solius
3026 1621 3122 1676 Dei
3170 1628 3331 1676 sunt:
3390 1617 3527 1673 infe-

270 1726 437 1797 ὑμᾶς·
466 1724 556 1778 ῖνα
589 1722 732 1776 εἴπω
763 1738 818 1773 τι
844 1719 939 1773 καὶ
970 1718 1391 1789 τολμηρότερον
1421 1713 1644 1783 Καρδιά
1665 1713 1851 1778 βασι-

1980 1726 2103 1779 iora
2132 1739 2267 1778 vero
2302 1736 2368 1776 ac
2393 1730 2636 1784 terrena,
2661 1718 2830 1774 etiam
2866 1723 3070 1770 vestra.
3108 1713 3193 1767 Dii
3218 1720 3400 1767 estote
3439 1711 3528 1773 iis,

268 1816 423 1882 λέως
457 1815 527 1869 ἐν
566 1812 718 1885 χειρί
750 1810 921 1875 Θεοῦ,
950 1808 1046 1862 καλ⁵
1087 1807 1302 1879 είρηται
1338 1807 1433 1861 καὶ
1472 1805 1848 1875 πεπίστευται.

282 1906 548 1963 Ἐνταῦθα
575 1905 683 1959 ἔσω
714 1906 775 1958 τὸ
813 1902 1011 1973 κράτος
1043 1900 1219 1971 ὑμῶν,
1253 1899 1389 1954 ἀλλά
1419 1897 1497 1969 μὴ
1528 1898 1586 1949 ὲν
1611 1894 1689 1966 τῷ
1716 1912 1852 1968 χρυ-

277 1997 358 2072 σῷ
399 1998 498 2053 καὶ
539 2000 659 2059 ταῖς
700 1994 958 2066 φάλαγξι.

345 2171 422 2225 Τδ
449 2170 776 2243 δραστήριον
812 2165 1026 2220 δείκνυε
1071 2163 1145 2234 μὴ
1193 2161 1272 2232 τῷ
1301 2162 1434 2232 δρᾷν
1461 2156 1675 2220 κακῶς,
1700 2153 1780 2224 τῷ
1808 2151 1853 2205 δ’

276 2259 337 2320 εὖ
362 2282 417 2319 τι
447 2264 646 2324 ποιεῖν,
693 2262 743 2313 εί
793 2259 968 2321 θέλεις
1005 2251 1145 2309 εἶναι
1196 2254 1338 2317 θεός.
1375 2253 1449 2305 Τὸ
1486 2250 1543 2305 δὲ
1574 2250 1721 2302 ἐστιν
1761 2248 1857 2300 ἀν-

275 2355 400 2428 δρὸς
429 2353 635 2416 εἰδότος
676 2350 985 2419 συγγενεῖς
1020 2345 1226 2400 κτείνει
1267 2344 1325 2397 δὲ
1361 2344 1537 2414 ῥᾷστα
1576 2340 1673 2394 καὶ
1723 2355 1856 2411 τρυ-

278 2444 391 2517 τὼν
423 2444 494 2517 (ε)
530 2442 627 2497 καὶ
660 2439 946 2510 σκορπίος.

358 2732 654 2800 Χρυσοστ.
686 2757 759 2768 —
783 2725 963 2796 Τιμῆς
1006 2722 1259 2795 μέγεθος,
1292 2722 1405 2784 τοῖς
1431 2719 1529 2773 οὐκ
1556 2717 1722 2783 ἀξίως
1759 2717 1860 2788 ζῇν
1946 2732 1951 2737 ·

289 2818 760 2893 προαιρουμένοις,
796 2814 1091 2887 προσθήκη
1129 2811 1408 2884 τιμωρίας
1437 2810 1611 2865 ἐστίν.

356 2991 650 3055 Βασιλείας
684 2988 782 3045 τοῦ
832 2987 968 3042 Θεοῦ
1008 2987 1103 3042 δύο
1132 2984 1275 3042 οῐδεν
1302 2989 1336 3057 ὴ
1367 2986 1583 3058 Γραφὴ,
1622 2985 1723 3057 τὴν
1762 2984 1861 3056 μὲν

288 3086 410 3140 κατ’
441 3084 741 3147 οίκείωσιν,
772 3081 872 3151 τὴν
900 3068 960 3134 δὲ
988 3081 1135 3135 κατά
1162 3079 1549 3151 δημιουργίαν.
1580 3077 1865 3132 Βασιλεύει

292 3179 392 3247 μὲν
425 3179 535 3247 γὰρ
553 3150 838 3239 ἁπάντων,
866 3173 964 3226 καὶ
992 3171 1289 3242 Ἑλλήνων,
1317 3150 1417 3225 καὶ
1456 3150 1744 3235 Ἰουδαίων,
1778 3171 1872 3224 καὶ

287 3268 582 3338 δαιμόνων,
623 3267 721 3321 καὶ
753 3263 864 3318 τῶν
904 3262 1403 3336 ἀντιτεταγμένων,
1444 3263 1588 3317 κατά
1637 3263 1729 3315 τὸν
1772 3262 1871 3333 τῆς

290 3359 654 3430 δημιουργίας
686 3357 869 3427 λόγον.

373 3451 541 3504 Ὅταν
585 3451 774 3522 ἄρχων
818 3450 1186 3521 ἀνεπίληπτος
1306 3448 1462 3515 πᾶσι,
1487 3447 1607 3502 τότε
1650 3446 1875 3501 δύναται

298 3541 420 3615 μεθ’
448 3543 581 3613 ὅσης
615 3541 864 3612 βούλεται
906 3541 1154 3607 ἐξουσίας
1184 3540 1282 3594 καὶ
1320 3539 1572 3603 κολάζειν
1606 3539 1704 3593 καὶ
1735 3555 1868 3608 συγ-

293 3637 517 3707 χωρεῖν,
547 3634 674 3698 τοὺς
707 3634 802 3687 ὑπ’
838 3635 989 3705 αὐτῷ
1018 3633 1376 3705 ταττομένους
1410 3632 1677 3696 ἅπαντας.

370 3814 538 3868 οὐδὲν
576 3814 720 3870 οὕτω
768 3814 1010 3869 δείκνυσι
1045 3814 1138 3869 τὸν
1166 3813 1264 3887 τὴν
1290 3813 1465 3887 ἀρχὴν
1501 3813 1693 3884 ἔχοντα
1729 3812 1808 3878 ὡς
1841 3815 1877 3885 ἡ

1954 1813 2051 1884 qui
2077 1813 2135 1867 in
2163 1812 2375 1866 ditione
2401 1818 2551 1873 sunt,
2584 1817 2647 1862 ut
2673 1815 2732 1861 et
2761 1804 2973 1875 aliquid
3002 1801 3273 1858 audacius
3299 1798 3527 1870 loqua‘r:

1955 1904 2059 1961 Cor
2079 1905 2215 1975 regis
2239 1905 2295 1957 in
2325 1918 2490 1956 manu
2518 1900 2611 1953 Dei
2637 1898 2818 1969 (Prov.
2845 1913 2955 1962 xxi,
2984 1896 3061 1966 l),
3099 1903 3155 1949 et
3179 1893 3389 1948 dictum
3423 1898 3531 1954 est,

1954 2007 2012 2053 et
2035 1996 2327 2053 creditum.
2355 1994 2472 2049 Illic
2496 1991 2660 2062 559
2687 1999 2934 2046 vestrum
2961 1990 3034 2043 sit
3064 1985 3288 2057 imperii
3337 1983 3533 2047 robur,

1956 2089 2148 2144 nonin
2182 2102 2321 2141 auro
2351 2084 2690 2152 armatisque
2712 2079 3002 2135 militibus.

2028 2181 2152 2236 Vim
2172 2177 2589 2245 efﬁcaciamque
2617 2172 2815 2244 agendi
2848 2169 3101 2235 ostende,
3139 2184 3252 2224 non
3283 2175 3346 2223 ut
3372 2165 3534 2226 male,

1959 2266 2056 2325 sed
2101 2277 2163 2323 ut
2208 2267 2353 2322 boni
2400 2264 2609 2336 aliquid
2654 2280 2804 2335 agas,
2855 2262 2901 2318 si
2931 2262 3070 2317 deus
3113 2275 3237 2316 esse
3266 2258 3425 2313 velis.
3478 2257 3536 2312 Id

1958 2363 2224 2420 nimirum
2262 2361 2369 2415 viri
2401 2369 2486 2415 est
2532 2359 2627 2429 qui
2658 2366 2915 2412 naturam
2966 2367 3254 2428 genusque
3297 2349 3536 2407 noverit.

1960 2456 2144 2511 Facile
2212 2470 2346 2509 vero
2409 2462 2525 2507 tum
2583 2450 2801 2523 τρυγὼν
2854 2448 3221 2519 (pastinacam
3270 2444 3539 2500 marinam

1960 2546 2141 2601 Latini
2180 2554 2401 2607 vocant,
2447 2550 2598 2597 tanta
2642 2556 2771 2596 cum
2815 2546 3031 2594 turture
3064 2529 3539 2607 ὁμωνυμίᾳγιιιιη

1960 2638 2212 2708 scorpius
2237 2642 2459 2690 necant.

2030 2727 2297 2799 Chrysost.
2330 2756 2401 2767 —-
2434 2724 2673 2778 Honoris
2695 2720 3041 2794 magnitudo,
3072 2718 3276 2789 bisqui
3306 2734 3416 2773 non
3444 2732 3546 2787 pro

1961 2820 2083 2890 ejus
2129 2817 2398 2889 dignitate
2440 2816 2611 2871 vitam
2666 2813 3002 2877 instituunt,
3051 2810 3312 2882 supplicii
3364 2822 3549 2864 acces-

1961 2911 2045 2967 sio
2071 2917 2174 2966 est.
2498 2906 2503 2911 “

2039 3002 2157 3056 Duo
2206 2999 2303 3055 Dei
2356 3013 2526 3069 regna
2575 2995 2734 3053 novit
2789 2994 3100 3065 Scriptura,
3160 2994 3394 3048 alterum
3449 3006 3550 3061 per

1970 3091 2464 3155 necessitudinem,
2495 3091 2733 3145 alterum
2772 3087 3072 3144 creationis
3099 3086 3247 3156 jure.
3298 3084 3397 3138 Est
3419 3099 3551 3137 vero

1972 3183 2277 3240 creationis
2334 3182 2439 3236 hac
2492 3180 2708 3235 ratione
2762 3178 3150 3233 universorum
3204 3176 3344 3240 Rex,
3383 3171 3551 3229 etiam

1971 3278 2287 3334 Graecorum
2345 3282 2401 3329 et
2451 3273 2772 3329 Iudaeorum
2829 3277 2886 3325 et
2951 3269 3302 3332 daemonum;
3357 3281 3550 3322 eorum

1972 3369 2213 3438 denique
2246 3368 2342 3437 qui
2368 3364 2589 3420 adversi
2619 3361 2823 3417 animis
2855 3369 3007 3415 sunt.

2041 3462 2179 3518 Cum
2211 3462 2258 3515 is
2287 3460 2380 3529 qui
2404 3457 2729 3526 magistratu
2783 3459 2985 3525 praeest
3046 3451 3264 3506 cunctis
3313 3451 3554 3519 irrepre-

1973 3552 2183 3607 hensus
2212 3556 2320 3613 est,
2355 3558 2487 3602 tunc
2533 3546 2881 3615 quantalibet
2931 3551 3207 3614 potestate
3250 3550 3303 3596 et
3364 3555 3557 3612 pmnas

1974 3645 2223 3714 irrogare
2271 3648 2329 3695 et
2361 3638 2681 3695 condonare
2717 3636 2980 3692 omnibus
3030 3635 3268 3705 imperio
3318 3633 3557 3689 subditis

1978 3740 2183 3805 potest.
2242 3786 2247 3792 ,

2047 3820 2194 3877 Nihil
2230 3827 2317 3874 est
2350 3818 2500 3889 quod
2542 3817 2621 3873 sic
2666 3816 2979 3888 principem
3024 3814 3302 3876 ostendat,
3344 3828 3408 3868 ac
3461 3828 3556 3883 pa-

295 3905 654 3978 φιλοστοργία
687 3907 815 3977 περὶ
841 3907 970 3971 τοὺς
993 3907 1353 3978 ἀρχομένους.
1380 3906 1492 3960 Καὶ
1524 3906 1633 3979 γὰρ
1665 3906 1866 3977 πατέρα

1980 3923 2135 3970 terna
2165 3927 2306 3983 pene
2339 3926 2470 3982 erga
2497 3910 2755 3967 sub‘ditos
2781 3908 2989 3964 amoris
3042 3906 3145 3960 vis.
3189 3906 3322 3959 Nam
3356 3911 3414 3959 et
3460 3919 3559 3973 pa-

293 3998 361 4051 οὐ
399 3997 461 4050 τὸ
493 3998 754 4069 γεννῆσαι
788 3998 949 4069 μόνον
976 4002 1142 4066 ποιεῖ,
1169 3999 1306 4053 ἀλλά
1332 4001 1426 4052 καὶ
1456 3999 1516 4052 τὸ
1540 3999 1716 4067 φιλεῖν
1741 3998 1866 4070 μετὰ

1980 4015 2120 4062 trem
2144 4019 2256 4058 non
2276 4003 2385 4058 hoc
2414 4002 2593 4058 solum
2613 4001 2768 4065 facit,
2791 3998 2941 4071 quod
2968 3998 3181 4069 genuit,
3204 3996 3300 4051 sed
3331 4003 3387 4051 et
3414 3996 3559 4065 quod

296 4089 362 4143 τὸ
392 4091 669 4160 γεννῆσαι.
702 4092 766 4144 Ei
788 4090 844 4144 δὲ
876 4071 1009 4146 ἔνθεί
1037 4092 1222 4162 φύσις,
1256 4091 1482 4164 ἀγάπης
1520 4091 1696 4163 χρεία,
1748 4092 1880 4145 πολ-

296 4180 379 4252 λῷ
406 4181 610 4252 μᾶλλον
643 4182 772 4236 ἔνθα
801 4184 838 4253 ἠ
873 4183 1056 4255 χάρις.

375 4272 492 4325 Ούκ
517 4274 577 4324 ὲν
604 4275 669 4344 τῇ
704 4274 910 4344 χλανίδι
957 4274 1053 4327 καὶ
1085 4276 1152 4345 τῇ
1190 4272 1356 4345 ζώνῃ,
1378 4271 1500 4327 οὐδὲ
1542 4273 1601 4325 ἐν
1633 4275 1698 4344 τῇ
1731 4273 1879 4344 φωνῇ

1980 4097 2188 4151 liberos
2215 4103 2385 4158 amat,
2416 4109 2556 4163 quos
2598 4092 2848 4148 sustulit.
2880 4090 3039 4158 Quod
3075 4090 3124 4145 si
3181 4105 3371 4145 amore
3423 4104 3563 4159 opus

1983 4186 2076 4241 ubi
2103 4193 2323 4249 natura,
2356 4168 2756 4256 potiori'longe
2796 4182 3012 4238 ratione
3042 4181 3138 4236 ubi
3170 4182 3368 4252 gratia.

2051 4276 2173 4333 Non
2222 4276 2279 4331 in
2339 4276 2482 4331 laena
2528 4282 2585 4330 et
2641 4290 2801 4339 zona,
2844 4289 2951 4328 nec
2990 4273 3047 4328 in
3102 4274 3375 4344 praeconis
3428 4289 3563 4328 voce

301 4363 399 4416 τοῦ
424 4366 668 4435 κήρυκος
691 4365 897 4437 ἄρχων,
929 4365 1045 4418 ἀλλ’
1080 4367 1137 4417 ὲν
1169 4364 1346 4435 τῷντά
1366 4365 1718 4435 πεπονηκότα
1746 4366 1866 4417 ἀνα-

1980 4372 2233 4428 cernitur
2282 4369 2566 4441 princeps,
2619 4367 2718 4423 sed
2787 4366 2939 4437 quod
3000 4382 3066 4422 ea
3130 4382 3253 4437 quae
3312 4366 3568 4420 laborant

305 4473 345 4509 κ
364 4456 563 4521 ﬁdem,
603 4457 700 4510 xui.
737 4457 805 4510 τὰ
835 4457 1025 4522 κακῶς
1056 4457 1249 4528 ἔχοντα
1277 4457 1526 4529 διορθοῦν
1551 4473 1563 4487 ·
1599 4458 1693 4510 καὶ
1721 4456 1882 4510 κολά-

1981 4466 2290 4525 instauret,
2318 4470 2378 4518 et
2399 4476 2521 4531 qua:
2551 4459 2695 4514 male
2726 4458 2934 4513 habent
2960 4459 3222 4529 corrigat,
3262 4458 3566 4528 puniatque

242 4630 247 4631 ν
308 4546 424 4610 ζειν
465 4549 565 4618 μὲν
595 4548 837 4603 ἀδικίαν
880 4548 956 4619 μὴ
1003 4549 1308 4619 συγχωρεῖν
1334 4546 1391 4600 δὲ
1426 4547 1531 4601 ὑπὸ
1560 4546 1866 4607 δυναστείας

1983 4554 2288 4624 improbos,
2316 4567 2420 4608 nec
2453 4566 2556 4623 per
2583 4549 2887 4621 potentiam
2917 4549 3004 4621 jus
3025 4548 3299 4605 eliminari
3330 4563 3395 4603 ac
3431 4561 3564 4602 con-

308 4638 375 4690 τὸ
406 4639 618 4692 δίκαιον
652 4639 1083 4693 ἀπελαύνεσθαι.

383 4731 600 4784 Φίλων.
630 4714 701 4769 -ῗ-
735 4732 795 4783 '0
834 4730 933 4800 μὲν
978 4730 1110 4794 Θεὸς
1151 4730 1366 4794 οὐδενὸς
1401 4730 1608 4783 δεῖται·
1663 4733 1690 4784 ό
1730 4730 1888 4800 βασι-

309 4819 437 4883 λεὺς
466 4821 544 4885 δὲ,
579 4821 740 4892 μόνου
771 4821 927 4874 Θεοῦ.
959 4822 1145 4892 Μιμοῦ
1180 4822 1356 4875 τοίνυν
1401 4822 1492 4875 τὸν
1524 4822 1737 4886 ούδενδς
1772 4804 1889 4877 δεξό-

1983 4645 2112 4701 velli
2145 4645 2311 4701 sinat.

2030 4734 2323 4791 Philonis.
2349 4764 2421 4779 —-—
2451 4735 2601 4790 Deus
2624 4734 2835 4790 nullius
2861 4742 2989 4806 eget
3012 4750 3031 4799 ;
3091 4748 3209 4798 rex,
3242 4731 3416 4787 solius
3447 4730 3564 4784 Dei.

1988 4828 2209 4884 Imitare
2251 4828 2418 4898 igitur
2460 4842 2623 4893 eum,
2670 4828 2767 4898 qui
2814 4826 3024 4881 nullius
3063 4833 3208 4896 eget,
3255 4823 3572 4894 largamque

313 4928 497 4981 μενον,
554 4914 650 4966 καὶ
706 4912 997 4982 δαψιλεύου
1039 4916 1153 4975 τοῖς
1200 4911 1413 4965 αίτοῦσι
1460 4912 1551 4964 τὸν
1605 4912 1774 4976 ἔλεον,
1813 4913 1866 4978 μὶ

1988 4920 2428 4976 misericordiam
2458 4920 2779 4991 petentibus
2810 4918 3090 4991 impende,
3129 4932 3253 4972 cum
3281 4915 3393 4971 tuis
3442 4930 3573 4986 sup-

310 5004 840 5075 ἀκριὸολογούμενος
874 5005 1002 5075 περὶ
1029 5005 1155 5068 τοὺς
1190 5006 1315 5067 σοὺς
1349 5004 1554 5068 ἱκέτας,
1587 5005 1725 5060 ἀλλά
1760 5009 1866 5060 πᾶσ

1991 5011 2230 5082 plicibus
2258 5012 2619 5081 summojure
2648 5025 2757 5066 non
2805 5024 2995 5080 agens,
3048 5007 3143 5063 sed
3182 5007 3401 5062 cunctis
3447 5006 3573 5060 vita;

310 5096 569 5166 παρέχων
592 5097 689 5160 τὰς
718 5097 851 5167 πρὸς
879 5098 940 5149 τὸ
969 5095 1066 5167 ζῇν
1099 5098 1370 5166 ἀφορμάς.
1401 5096 1542 5150 Πολὺ
1572 5098 1679 5169 γὰρ
1712 5101 1894 5167 κρεῖτ-

305 5188 406 5241 τόν
453 5190 567 5240 ἐστι
609 5187 695 5242 διὰ
733 5191 859 5252 τοὺς
892 5188 1077 5253 ἀξίους
1106 5189 1276 5242 ἐλεεῖν
1321 5190 1572 5254 καὶτοὺς
1619 5190 1891 5256 ἀναξίους,

1992 5111 2360 5157 commeatum
2404 5100 2677 5170 praebens.
2733 5100 2964 5154 Multum
3019 5099 3167 5153 enim
3218 5105 3463 5168 praestat,
3517 5096 3573 5150 in

1994 5208 2187 5248 eorum
2214 5193 2309 5262 qui
2338 5192 2490 5263 digni
2515 5205 2744 5248 munere
2764 5199 2914 5257 sunt,
2941 5190 3199 5261 gratiam,
3239 5190 3405 5244 etiam
3433 5185 3576 5242 indi-

1832 5298 2063 5400 mm.

392 5431 460 5504 (ε)
484 5435 589 5488 Kal
615 5434 863 5504 τρυγών.
895 5435 1013 5489 Non
1046 5435 1187 5489 alius
1216 5434 1439 5488 videtur
1464 5448 1679 5497 sensus,
1706 5449 1868 5503 quam

305 5519 484 5577 quem
521 5505 681 5573 paulo
700 5506 953 5577 pluribus
974 5506 1029 5559 in
1058 5504 1312 5577 versione
1358 5506 1636 5572 expressi:
1669 5514 1726 5557 ut
1752 5505 1884 5558 velit

311 5573 454 5631 niihil
481 5576 673 5644 juvare
704 5573 854 5644 regis
894 5591 1117 5635 nomen,
1160 5575 1204 5628 si
1237 5573 1416 5642 reipsa
1467 5582 1735 5644 tyrannus
1765 5583 1881 5637 est;

308 5643 403 5700 uti
422 5643 524 5700 nec
546 5645 689 5713 quod
722 5643 1020 5714 pisciculus
1074 5646 1163 5699 ille
1205 5648 1531 5711 venenatus,
1574 5645 1691 5698 avis
1733 5659 1888 5698 man-

638 5737 909 5797 Pu‘noc.
943 5738 1060 5797 Gn.
1099 5738 1250 5799 XCI.

1980 5441 2150 5505 sueta:
2179 5432 2256 5504 (id
2280 5442 2379 5505 est
2419 5432 2672 5505 tortoris)
2719 5433 2908 5490 Graece
2935 5450 3139 5490 nomen
3181 5434 3415 5489 habeat:
3448 5422 3579 5505 per-

1983 5504 2111 5586 inde
2151 5505 2298 5586 enim
2340 5504 2419 5586 sit.
2447 5520 2511 5559 ac
2533 5504 2577 5557 si
2606 5505 2859 5586 scorpius
2890 5514 3144 5573 vocetur,
3187 5520 3254 5560 ac
3304 5504 3574 5577 quidquid

1983 5573 2256 5645 ejusmodi
2280 5574 2591 5629 bestiarum
2619 5582 2730 5639 est,

3163 5731 3241 5792 25
