3978 6168
381 213 487 275 779

1544 215 1604 274 S.
1645 215 1931 275 MAXIMI
1966 214 2477 276 CONFESSORIS

3537 209 3646 277 780

379 342 612 393 gnormn
649 324 928 391 misereri;
983 339 1145 394 quam
1192 333 1418 396 propter
1471 325 1746 396 indignos,
1795 327 1959 382 etiam

2092 328 2162 380 ιαὶ
2194 326 2270 397 μὴ
2290 328 2418 390 τοὺς
2446 325 2636 391 ἀξίους
2669 310 2991 394 ἀποστερεῖν
3023 325 3111 378 διὰ
3175 327 3306 391 τοὺς
3366 329 3647 395 ἀναξίους.

377 417 574 487 dignos
611 415 893 477 frustrari.

444 504 712 562 Aristotel.
753 533 820 544 —
863 504 964 570 Qui
1018 504 1206 558 multis
1263 503 1379 572 ipse
1432 503 1802 560 formidabilis
1849 515 1952 568 est,

374 599 576 652 multos
605 595 884 650 formidat.

441 689 606 742 Decet
633 689 910 758 sapientes
943 689 1318 759 magistratus,
1359 703 1470 744 non
1510 706 1610 759 pro
1665 692 1955 760 magistra-

373 788 462 832 tus
485 779 662 848 apice,
714 778 812 833 sed
857 795 958 849 pro
1007 780 1277 834 virtutum
1327 781 1480 835 cultu
1533 780 1955 836 admirationem

371 869 612 933 habere;
649 885 760 938 quo
807 871 1025 925 scilicet
1077 878 1284 926 mutata
1315 873 1397 928 eis
1451 871 1694 938 fortuna,
1757 873 1955 928 iisdem

323 1029 326 1032 ἢ
371 961 628 1015 laudibus
662 961 1040 1016 celebrentur.

439 1052 713 1107 Isocratis.
770 1083 840 1092 —
880 1053 1162 1111 Emulare
1223 1072 1334 1110 non
1397 1071 1674 1111 summum
1724 1057 1954 1126 adeptos

371 1143 774 1212 magistratum,
803 1145 900 1200 sed
951 1147 1046 1215 qui
1081 1148 1287 1217 optime
1311 1163 1412 1204 suo
1457 1149 1782 1219 magistratu
1829 1149 1955 1204 l‘un-

369 1242 589 1303 gantur.

439 1326 744 1380 Pessimum
797 1345 928 1384 eum
977 1330 1362 1400 magistratum
1408 1330 1652 1396 dicebat,
1694 1330 1790 1401 qui
1826 1346 1953 1386 cum

370 1419 603 1491 imperio
637 1423 740 1477 sibi
774 1437 1006 1492 prmesse
1035 1437 1146 1475 non
1173 1432 1379 1492 posset.

443 1513 606 1584 560
635 1513 920 1567 Democrit.
952 1513 1234 1566 —Amari
1278 1513 1464 1582 potius
1513 1513 1653 1568 velis
1703 1513 1758 1566 in
1817 1512 1950 1576 vita,

373 1620 536 1673 quam
569 1603 766 1658 metui:
793 1619 957 1673 quem
993 1604 1140 1657 enim
1172 1618 1366 1659 omnes
1395 1613 1673 1668 metuunt,
1705 1604 1862 1658 timet
1897 1611 1955 1657 et

373 1695 486 1763 ipse
517 1708 729 1748 omnes.

437 1785 544 1851 Qui
599 1785 981 1855 magistratum
1041 1785 1203 1855 gerit,
1255 1785 1522 1840 adversus
1567 1796 1817 1855 tempora
1869 1801 1956 1841 re-

372 1893 604 1947 rumque
654 1863 1092 1941 vicissitudines,
1136 1879 1406 1934 rationem
1461 1878 1665 1932 habeat
1728 1893 1954 1932 necesse

370 1969 438 2022 sit
463 1985 478 2034 ;
507 1967 773 2022 adversus
805 1967 1120 2022 contrarios
1149 1983 1213 2023 ac
1243 1978 1623 2038 contumaces,
1663 1967 1952 2022 audaciam

367 2061 647 2128 animique
679 2060 1064 2130 prmsentiam;
1099 2076 1231 2131 erga
1263 2061 1505 2130 denique
1547 2060 1803 2116 subditos
1859 2062 1953 2115 be-

367 2152 732 2206 nevolentiam
743 2193 756 2205 .

436 2244 541 2310 Qui
571 2244 696 2299 aliis
731 2244 1107 2313 imperaturus
1142 2254 1249 2310 est,
1280 2243 1445 2299 debet
1498 2242 1614 2313 ipse
1656 2243 1812 2313 prius
1845 2243 1953 2298 sibi

367 2337 658 2406 imperare.

436 2430 709 2486 Clitarcln‘.
739 2461 810 2471 —
832 2431 1017 2486 Satius
1041 2439 1126 2486 est
1158 2429 1342 2487 stultis
1378 2443 1594 2499 parere,
1647 2443 1812 2497 quam
1854 2428 1954 2481 im-

368 2529 582 2591 perare.

439 2613 711 2682 Diogenes.
750 2644 820 2653 —
856 2614 1095 2683 Rogatus
1127 2611 1598 2683 quemadmodum
1639 2611 1842 2680 aliquis
1899 2611 1956 2664 in

368 2703 587 2756 civitate
618 2718 682 2756 ac
718 2703 1001 2771 republica
1028 2709 1304 2771 poteState
1343 2708 1571 2756 utatur:
1600 2700 1764 2756 Velut
1806 2700 1952 2770 igne,
2003 2731 2006 2733 λ

371 2797 566 2866 inquit,
617 2803 676 2849 ut
729 2810 909 2865 neque
975 2809 1148 2864 prope
1213 2793 1515 2849 admodum
1579 2792 1831 2860 accedat,
1885 2809 1956 2848 ne

368 2895 664 2952 exuratur;
710 2901 888 2956 neque
945 2885 1111 2939 nimis
1161 2883 1358 2954 procul
1410 2883 1697 2950 abscedat,
1729 2899 1802 2939 ne
1856 2899 1957 2954 per

372 2977 487 3046 ejus
507 2977 815 3033 absentiam
842 2977 1035 3047 rigeat.

435 3065 580 3137 Cyri.
611 3098 684 3107 —
709 3067 925 3122 Nemini
957 3080 1083 3120 cum
1109 3065 1346 3135 imperio
1393 3080 1628 3134 praeesse
1671 3065 1950 3130 convenit,

372 3155 462 3224 qui
489 3170 600 3209 non
633 3155 871 3211 subditis
903 3155 1102 3210 melior
1133 3153 1225 3209 sit.

435 3243 667 3299 Solonis.
701 3246 1016 3316 —-Almpera
1041 3243 1344 3299 dummodo
1378 3244 1533 3315 prius
1568 3260 1765 3314 parere
1815 3245 1958 3300 didi-

368 3336 546 3390 ceris:
597 3338 694 3408 qui
751 3339 901 3393 enim
951 3354 1146 3409 parere
1200 3336 1418 3403 didicit,
1478 3337 1526 3390 is
1574 3344 1632 3391 et
1685 3336 1956 3407 imperare

371 3429 609 3483 noverit.

445 3519 822 3592 Magistratum
866 3520 1143 3591 adeptus,
1205 3520 1376 3576 nullis
1429 3521 1614 3591 pravis
1680 3521 1958 3576 ministris

371 3618 564 3673 utaris.
595 3613 877 3685 Quidquid
899 3613 1050 3669 enim
1080 3613 1162 3668 illi
1215 3611 1581 3682 deliquerint,
1616 3611 1673 3666 in
1712 3620 1764 3667 te
1795 3611 1957 3681 culpa

374 3707 759 3772 t'ansfcretur,
788 3719 959 3774 penes
986 3718 1154 3774 quem
1182 3711 1429 3773 potestas
1454 3701 1545 3755 sit.

441 3802 509 3858 Ut
543 3799 760 3870 plebem
789 3799 972 3853 colere
1008 3797 1196 3860 debet,
1247 3795 1344 3864 qui
1396 3793 1452 3847 in
1490 3791 1832 3846 democratia
1877 3790 1958 3862 (id

372 3902 478 3957 est,
502 3901 647 3948 statu
683 3888 935 3960 populari
965 3886 1250 3954 liberaque
1283 3882 1590 3954 republica)
1644 3882 1781 3936 vivit
1809 3900 1821 3935 :
1877 3883 1958 3936 sic

373 3991 428 4039 et
461 3981 554 4050 qui
587 3982 642 4033 in
674 3976 1000 4032 monarchia»
1022 3974 1147 4034 (sub
1171 3972 1335 4026 unius
1383 3971 1597 4025 scilicet
1624 3971 1955 4042 principatu)

380 4087 562 4142 regem
594 4067 854 4124 admirari
881 4081 945 4120 ac
971 4064 1197 4118 laudare
1221 4062 1504 4118 convenit.

441 4164 769 4217 Chwremon.
801 4189 872 4198 —
898 4157 1135 4213 Omnino
1167 4157 1348 4211 virtus
1393 4155 1568 4210 altum
1601 4170 1796 4224 sapere
1846 4171 1956 4210 non

377 4255 526 4309 sinit.

449 4341 760 4412 Antigonus.
797 4370 868 4380 —
910 4338 1219 4409 Antigonus
1272 4350 1369 4390 rex
1419 4343 1685 4389 matrona:
1737 4333 1956 4390 cuidam
1988 4363 2034 4417 ι)

2148 505 2502 574 Ἅριστοτέλ.
2531 533 2601 545 --
2634 503 2694 557 '0
2725 503 2940 566 πολλοῖς
2992 503 3224 574 φοϐερὸς
3267 503 3367 568 ὢν,
3421 506 3650 566 πολλοὺς

2066 595 2334 665 φοϐεῖται.

2133 689 2226 739 Δεῖ
2251 689 2377 749 τοὺς
2407 687 2532 739 νοῦν
2558 685 2782 756 ἔχοντας
2805 685 2916 740 τῶν
2947 685 3408 750 δυναστευόντων,
3445 689 3521 759 μὴ
3559 689 3649 742 διὰ

2062 777 2160 839 τὰς
2197 777 2394 846 ἀρχὰς,
2438 777 2576 830 ἀλλὰ
2619 775 2709 830 διὰ
2746 775 2846 840 τὰς
2871 777 3074 846 ἀρετὰς
3121 775 3518 848 θαυμάζεσθαι,
3558 781 3646 833 ἵνα

2061 868 2228 938 τύχης
2273 867 2717 938 μεταπεσούσης,
2751 866 2863 921 τῶν
2901 866 3082 921 αὐτῶν
3124 869 3413 938 ἐγκωμίων
3439 870 3639 933 ἀξιῶν-

2059 977 2170 1016 ται.

2143 1052 2437 1121 Ἰσοκράτ.
2475 1082 2538 1094 -
2566 1051 2740 1122 Ζήλου
2771 1050 2846 1121 μὴ
2871 1051 2998 1113 τοὺς
3029 1049 3292 1120 μεγίστην
3312 1051 3483 1120 ἀρχὴν
3506 1067 3636 1122 κτη-

2063 1139 2353 1211 σαμένους,
2389 1142 2527 1196 ἀλλὰ
2574 1143 2702 1206 τοὺς
2741 1141 2942 1214 ἄριστα
2974 1145 3040 1211 τῇ
3074 1140 3326 1212 παρούσῃ
3365 1142 3638 1212 χρησαμέ-

2060 1250 2202 1288 νους.

2137 1250 2151 1286 ›
2188 1275 2202 1288 .

2137 1250 2416 1379 ἰξάκιστον
2454 1325 2642 1395 ἔλεγεν
2683 1325 2925 1396 ἄρχοντα
2955 1321 3120 1392 εῖναι,
3157 1325 3249 1379 τὸν
3298 1327 3486 1397 ἄρχειν
3516 1328 3641 1382 ἑαυ-

2015 1425 2019 1429 ’
2058 1416 2152 1470 τοῦ
2191 1417 2267 1487 μὴ
2295 1417 2612 1488 δυνάμενον.

2130 1510 2445 1578 Δημοκρίτ.
2471 1537 2549 1552 —
2575 1509 2818 1580 Ποθητὺς
2883 1503 3026 1564 εἶναι
3087 1510 3292 1580 μᾶλλον
3333 1511 3366 1580 ἢ
3417 1511 3643 1585 φοϐερδς

2061 1603 2203 1655 κατὰ
2231 1603 2324 1655 τὸν
2365 1601 2482 1672 βίον
2515 1602 2781 1674 προαιροῦ
2804 1619 2817 1633 °
2841 1602 2900 1656 ὃν
2931 1602 3042 1674 γὰρ
3078 1603 3280 1666 πάντες
3328 1603 3640 1672 φοϐοῦνται,

2011 1691 2026 1740 i
2058 1696 2266 1758 πάντας
2293 1695 2566 1764 φοϐεῖται.
3775 1761 3787 1770 _

2129 1788 2236 1841 Τὸν
2258 1788 2500 1859 ἄρχοντα
2528 1787 2606 1840 δεῖ
2634 1786 2802 1857 ἔχειν,
2836 1786 2977 1857 πρὸς
3011 1787 3111 1856 μὲν
3141 1787 3268 1850 τοὺς
3292 1787 3521 1858 καιροὺς
3549 1787 3639 1842 λο·
3727 1787 3740 1796 κ

2055 1881 2280 1952 γισμόν·
2335 1879 2474 1950 πρὸς
2516 1878 2573 1932 δὲ
2621 1879 2751 1941 τοὺς
2798 1877 3073 1941 ἐναντίους
3112 1877 3351 1948 τόλμαν
3399 1877 3539 1948 πρὸς
3584 1877 3641 1932 δι

2056 1970 2182 2032 τοὺς
2209 1967 2682 2038 ὑποτεταγμένους
2705 1966 2939 2021 εὔνοιαν.

2127 2247 2219 2298 Δεῖ
2265 2246 2353 2298 τὸν
2411 2247 2615 2317 ἐτέρων
2671 2247 2939 2317 μέλλοντα
2981 2248 3189 2320 ἄρξειν,
3240 2249 3402 2302 αὑτὸν
3444 2249 3639 2303 ἑαυτοῦ

2057 2341 2324 2409 πρότερον
2350 2339 2560 2410 ἄρχειν.

2127 2431 2450 2500 Κλειτάρχ.
2482 2460 2550 2471 -—
2569 2431 2838 2500 Κρεῖσσον
2869 2431 3138 2502 ἄρχεσθαι
3164 2435 3335 2486 τοῖσιν
3363 2435 3635 2504 ἀνοήτοις,

2056 2523 2089 2592 ἦ
2120 2522 2328 2594 ἄρχειν.

2127 2609 2430 2680 Διογένης.
2458 2640 2530 2655 -
2565 2611 2897 2682 Ἐρωτηθεὶς
2930 2611 3048 2674 πῶς
3073 2611 3140 2665 ἄν
3167 2629 3252 2674 τις
3284 2611 3637 2682 πολιτεύηται

2057 2701 2276 2773 ἐξουσίᾳ
2299 2703 2386 2772 (Γ).
2423 2702 2546 2774 ἔφη·
2578 2701 2849 2773 Καθάπερ
2903 2704 3060 2776 πυρὶ,
3123 2705 3264 2774 μήτε
3309 2705 3429 2759 λίαν
3471 2705 3639 2774 ἐγγὺς

2057 2791 2217 2859 εἶναι,
2275 2794 2362 2847 ἵνα
2415 2794 2490 2864 μὴ
2549 2796 2835 2866 κατακαῇ·
2870 2796 3008 2866 μήτε
3052 2795 3266 2868 πόρρω,
3303 2797 3391 2851 ῖνα
3437 2809 3513 2869 μή
3553 2799 3638 2868 ριο

2057 2898 2233 2956 γωσῃ.

2129 3043 2348 3126 Κύρου.
2379 3089 2450 3098 -
2485 3059 2709 3130 ’Δρχειν
2735 3059 2918 3114 οὐδενὶ
2949 3061 3241 3132 προσήκει,
3275 3059 3334 3126 ὃς
3366 3061 3428 3114 οὐ
3455 3057 3639 3130 κρείτ.

2058 3167 2164 3202 των
2195 3149 2312 3201 ἐστὶ
2342 3149 2454 3222 τῶν
2493 3149 2832 3220 ἀρχομένων.

2124 3239 2269 3295 Σόλ.
2298 3269 2366 3280 --
2395 3243 2566 3312 Ἀρχε
2621 3242 2837 3313 πρῶτον
2873 3241 3080 3313 ’μαθὼν
3127 3240 3424 3314 ἄρχεσθαι·
3479 3241 3642 3310 ἄρχε-

2059 3333 2183 3385 σθαι
2215 3332 2324 3403 γὰρ
2355 3331 2565 3402 μαθὼν,
2595 3334 2784 3404 ἄρχειν
2815 3336 3104 3405 ἐπιστήσῃ.

2132 3513 2224 3574 Εἰς
2251 3513 2428 3583 ἀρχὴν
2463 3513 2852 3577 κατασταθεὶς,
2893 3513 3081 3584 μηδενὶ
3105 3511 3223 3584 χρῶ
3253 3511 3478 3584 πονηρῷ
3501 3510 3644 3582 πρὸς

2056 3605 2156 3667 τὰς
2204 3605 2524 3674 διοικήσεις.
2562 3598 2664 3659 Ὧν
2704 3607 2812 3677 γὰρ
2857 3605 2927 3659 ἂν
2985 3607 3196 3668 ἐκεῖνος
3247 3604 3506 3674 ἁμάρτοι,
3555 3602 3644 3656 σοὶ

2057 3695 2156 3758 τὰς
2181 3697 2362 3760 αἰτίας
2391 3697 2469 3768 τῷ
2497 3697 2718 3768 ἄρχοντι
2752 3698 3135 3769 ἐπιθήσουσιν.

2129 3789 2341 3860 ’Ὠσπερ
2365 3789 2458 3843 τὸν
2479 3789 2905 3862 ὲν⁹δημοκρατίᾳ
2936 3789 3376 3858 πολιτευόμενον,
3407 3786 3469 3840 τὸ
3503 3785 3640 3856 πλῆ-

2058 3882 2149 3946 θος
2173 3883 2255 3936 δεῖ
2279 3881 2603 3952 θεραπεύειν
2623 3898 2638 3912 ’
2668 3881 2813 3935 οὕτω
2845 3883 2943 3935 καὶ
2973 3881 3065 3935 τὸν
3113 3883 3170 3934 ἐν
3205 3879 3474 3951 μοναρχίᾳ
3509 3895 3642 3932 κατ⁸

2056 3975 2329 4042 οικοῦντα,
2364 3975 2454 4029 τὸν
2487 3975 2715 4046 βασιλέα
2746 3977 3016 4046 προσήκει
3045 3973 3369 4056 θαυμᾴζειν.

2127 4152 2534 4224 Χαιρέμων.-
2559 4153 2738 4217 Ὀλως
2780 4156 3036 4223 κρεῖσσον
3067 4154 3166 4224 (g),
3195 4154 3294 4206 οὐκ
3328 4153 3394 4224 ὲᾷ
3421 4151 3642 4221 φρονεῖν

2101 4243 2224 4299 ἐγα.

2101 4262 2128 4298 ε
2168 4262 2224 4299 α.

2061 4263 2098 4316 μ
2131 4262 2438 4406 Y’Arril'rmv'.
2469 4366 2538 4377 —
2581 4336 2890 4406 Ἀντίγονος
2932 4339 2960 4392 ὁ
3013 4335 3290 4407 βασιλεὺς,
3342 4335 3480 4406 πρός
3522 4348 3644 4384 τινα

383 4430 562 4502 ipsum
622 4429 846 4484 beatum
899 4423 1247 4497 pradicanti,
1313 4423 1370 4479 Si
1427 4422 1620 4485 scires,
1677 4422 1877 4491 inquit,
1925 4437 1959 4483 ο

2092 4427 2479 4498 ιακαρίζουσαν
2522 4429 2685 4483 αὐτὸν
2723 4428 2924 4500 γραῦν·
2983 4430 3046 4481 Εἰ
3086 4428 3258 4499 ᾕδεις,
3299 4426 3426 4494 ἔφη,
3457 4418 3502 4476 ὦ
3539 4424 3644 4494 μῆ-

383 4528 575 4584 mater,
626 4525 959 4588 quantorum
996 4513 1270 4568 malorum
1316 4525 1534 4580 pannus
1587 4509 1679 4562 hic
1732 4510 1959 4563 exsistat

2097 4536 2182 4591 ερ,
2227 4521 2369 4574 ὅσων
2408 4520 2599 4574 κακῶν
2643 4523 2762 4574 ὲστι
2799 4519 2960 4574 τοῦτο
3007 4519 3070 4573 τὸ
3123 4520 3308 4590 ῥάκος,
3355 4516 3536 4580 δείξας
3585 4513 3647 4568 τὸ

383 4612 656 4680 (diadema
711 4606 1071 4679 monstrans),
1123 4608 1181 4662 in
1212 4613 1457 4660 stercore
1512 4602 1788 4673 iacentem
1852 4617 1964 4656 non

381 4703 621 4760 tolleres.

452 4795 771 4864 Epaminon.
797 4787 1294 4861 —-—Epaminondas
1321 4783 1640 4847 Thebanus,
1671 4793 1969 4854 conspecto

2065 4612 2324 4682 διάδημα,
2357 4613 2458 4666 οὐκ
2487 4612 2573 4686 ¹ἂν
2601 4611 2699 4666 ἐπὶ
2725 4611 2964 4684 κοπρίας
2993 4610 3247 4684 κείμενον
3279 4610 3606 4684 ἐβάστασας.

2154 4787 2421 4854 Ἐπαμιν.
2445 4814 2515 4827 -
2550 4783 2968 4856 Ἐπαμινώνδας
2996 4784 3024 4836 ὁ
3051 4781 3290 4853 Θηϐαῖος
3324 4778 3447 4831 ἰδὼν
3480 4794 3648 4847 στρα-

1898 4919 2130 4978 NOTAE.

458 5029 540 5100 (f)
576 5027 972 5092 Πολιτεύηται
999 5021 1090 5076 ἐπ’
1134 5019 1418 5100 ρξουιζίᾳ.
1464 5014 1634 5100 ριξλεί
1668 5029 1820 5100 Δ(ιιιιη
1862 5030 1962 5100 R9-

384 5086 581 5158 testate
613 5086 868 5152 versetur
897 5112 923 5166 ;ν
951 5105 1009 5149 et
1038 5101 1099 5147 ut
1134 5086 1588 5166 bene.Gesn..illa
1628 5091 1835 5166 utatur.
1867 5086 1960 5140 Sic

381 5186 579 5241 nempe
612 5159 964 5241 temperanda
997 5159 1361 5224 consuetudo,
1413 5173 1481 5212 ne
1508 5159 1682 5241 quasi.
1709 5171 1776 5236 es
1827 5170 1960 5241 con-

385 5225 593 5312 temptu
624 5225 933 5312 periculum
986 5242 1170 5312 creet;
1229 5225 1958 5312 necpmnino‘l‘ggiendus

383 5295 834 5380 conspectusme
856 5295 1166 5380 beneﬁciis:
1189 5299 1456 5380 principis
1482 5295 1629 5380 nihil
1683 5296 1956 5380 fovearis;

383 5365 533 5454 quod
557 5365 694 5436 scite
712 5365 1064 5454 declaratum
1123 5365 1350 5444 rigentis
1373 5365 1709 5438 'mctaphora
1743 5382 1842 5435 per
1866 5365 1962 5419 ah-

385 5449 615 5507 sentiam
649 5449 799 5504 solis.
1686 5506 1696 5517 .
1739 5506 1750 5518 .

459 5523 532 5591 (g)
560 5519 880 5586 Κρεῖσσιιν.
912 5514 1150 5591 Perinde
1176 5529 1241 5591 ea
1258 5527 1361 5591 vos
1399 5511 1468 5566 de
1495 5507 1959 5591 Deoﬁdtctqueat,

387 5602 442 5646 ct
464 5577 544 5643 ‘dc
575 5577 799 5650 virtute,
832 5603 935 5640 nec
963 5588 1018 5640 in
1039 5595 1150 5639 tam
1208 5583 1360 5636 brevi
1411 5577 1960 5650 sciitentia_discerni

389 5661 548 5715 facile
571 5665 771 5727 potest,
788 5647 901 5725 quo
922 5671 1041 5709 eam
1060 5668 1224 5708 sensu
1245 5663 1437 5706 auctor
1463 5647 1764 5719 usurparit.
1796 5647 1962 5716 Equi-

2064 5018 2192 5074 dem
2221 5033 2346 5090 cum
2373 5016 2540 5090 Qesn.
2565 5015 2814 5090 proclive
2840 5014 3105 5090 virtutem
3154 5010 3396 5090 reddidi,
3415 5009 3504 5065 cui
3531 5023 3649 5090 ma-

2063 5090 2207 5145 xime
2232 5087 2539 5160 insidiatur
2566 5083 2866 5156 'superbia,
2901 5100 3000 5153 per
3039 5084 3160 5160 eius
3191 5083 3356 5135 etiam
3403 5083 3650 5160 occasio-

2061 5175 2188 5214 nem
2218 5159 2524 5214 fomentum
2581 5150 3002 5220 suinens;c'um
3071 5150 3214 5206 Deus
3267 5150 3525 5220 superbis
3562 5163 3650 5220 re-

2061 5230 2240 5291 sistat,
2277 5229 2539 5298 omnique
2569 5225 2954 5298 modoahilla
2977 5230 3182 5282 arceat,
3208 5222 3376 5298 etiam
3420 5219 3652 5298 permit-

2060 5288 2237 5354 tendo
2275 5288 2601 5372 aliagturpia
2641 5306 2699 5352 et
2745 5295 2955 5372 bellum
3013 5288 3650 5372 perturbationum—;_dc

2061 5386 2172 5439 quo
2213 5369 2446 5440 proinde
2487 5359 2694 5433 v'erius,
2742 5366 2803 5418 τὸ
2832 5359 3106 5440 κρεῖσσον,
3169 5377 3281 5440 non
3329 5359 3651 5440 sincre_ho-

2060 5429 2265 5494 minem
2291 5440 2462 5494 altum
2485 5429 2702 5510 sapere,
2721 5429 2886 5513 quani
2905 5434 2972 5489 de
2985 5433 3195 5513 virtute
3217 5431 3318 5513 :"de
3335 5446 3442 5513 qua
3469 5429 3649 5484 solum

2058 5503 2570 5579 verum,quatenus
2597 5503 2858 5579 superbia
2882 5504 3045 5576 perit,
3089 5503 3406 5558 humilitate
3457 5513 3652 5554 serva-

2063 5591 2152 5635 tur
2181 5598 2244 5637 ac
2268 5580 2600 5636 concrescit.
