3990 6176
285 277 380 344 181

1578 279 1747 339 LOCI
1785 278 2220 341 COMMUNES.

3417 274 3524 339 782

282 386 505 442 τόπεδον
529 386 673 458 μέγα
701 386 796 441 καὶ
821 389 1007 455 καλὸν,
1039 387 1344 460 στρατηγὸν
1377 387 1478 441 οὐκ
1504 385 1625 456 ἔχον
1649 401 1664 416 ο
1710 388 1856 441 Ἡλί-

1980 391 2166 460 ngenti
2193 390 2439 445 exercitu
2468 388 2774 460 proboque,
2811 381 3303 458 quem‘imperator
3331 384 3532 444 delice-

284 496 399 542 κον,
439 478 569 548 ἔφη,
591 477 781 549 θηρίον
809 479 1062 549 καφαλὴν
1086 480 1187 533 οὐκ
1223 478 1359 550 ἔχει.

351 570 673 624 Φιλίππου.
707 571 902 625 -Τὸν
940 570 1163 641 βασιλέα
1214 572 1298 624 δεῖ
1342 570 1726 642 μνημονεύειν,
1777 572 1859 625 ὅτι

283 662 569 733 ἄνθρωπος
600 660 675 714 ὢν
715 662 967 729 ἐξουσίαν
992 663 1217 732 είληφεν
1252 661 1488 734 [ἔλαϐεν]
1525 662 1752 728 ἰσόθεον,
1775 662 1861 715 ἵνα

285 750 625 821 προαιρῆται
676 752 776 821 μὲν
811 751 882 805 τὰ
919 750 1061 806 καλὰ
1091 752 1185 806 καὶ
1212 752 1353 816 θεῖα,
1391 753 1654 823 φρονήσει
1681 751 1739 805 δὲ
1766 754 1861 805 ἀν·-

287 842 533 915 θρωπίνῃ
555 842 775 914 χρῆται.

357 932 418 985 Ei
471 930 652 1001 βούλει
697 930 796 1002 τὴν
858 931 1040 987 οίκίαν
1100 927 1160 987 εῦ
1207 933 1497 999 οἰκεῖσθαι,
1542 934 1711 1004 μιμοῦ
1768 934 1860 989 τὸν

287 1024 637 1095 Σπαρτιάτην
698 1023 1042 1097 Λυκοῦργον.
1078 1027 1177 1080 Ὃν
1206 1025 1315 1097 γὰρ
1339 1028 1539 1098 τρόπον
1562 1028 1629 1081 ού
1654 1028 1859 1099 τείχεσι

287 1114 386 1185 τὴν
430 1114 591 1168 πόλιν
632 1113 889 1187 ἔφραξεν,
947 1117 1064 1171 ἀλλ’
1112 1118 1281 1188 ἀρετῇ
1336 1119 1465 1182 τοὺς
1518 1118 1862 1182 ἐνοικοῦντας

286 1206 602 1276 ὠχύρωσεν,
652 1207 747 1259 καὶ
790 1207 1083 1272 διαπαντὸς
1119 1210 1385 1280 ἐτήρησεν
1439 1209 1730 1280 ἐλευθέραν
1764 1206 1864 1281 τὴῦ

288 1298 477 1351 πόλινσ
518 1297 691 1362 οὕτως
735 1298 831 1352 καὶ
876 1300 961 1365 σὺ,
1002 1299 1078 1371 μὴ
1125 1301 1368 1372 μεγάλην
1397 1301 1861 1375 αύτὴνκπερίϐαλε

288 1390 382 1441 καὶ
408 1389 621 1459 τοίχους
654 1388 896 1460 ὑψηλοὺς
937 1392 1154 1456 ἀνίστα,
1185 1393 1319 1448 ἀλλά
1367 1395 1495 1458 τοὺς
1515 1394 1861 1458 ἐνοικοῦντας

287 1481 495 1551 εὐνοίᾳ,
524 1483 616 1534 καὶ
648 1481 847 1548 πίστει,
879 1483 973 1536 καὶ
1003 1483 1156 1556 φιλίᾳ
1186 1485 1434 1557 στήριξε,
1475 1488 1570 1541 καὶ
1597 1488 1753 1542 οὐδὲν
1782 1492 1863 1553 είς

286 1572 457 1643 αὐτὴν
482 1572 849 1628 εἰσελεύσεται
875 1575 1164 1647 βλαϐερὸν,
1198 1578 1306 1632 οὐδ’
1335 1579 1403 1633 ἂν
1429 1580 1490 1633 τὸ
1512 1581 1733 1651 σύμπαν
1764 1584 1863 1654 τῆς

284 1663 485 1726 κακίας
516 1664 900 1735 παρατάξηται
931 1668 1139 1735 στῖφος.

1962 491 2080 534 ret:
2109 479 2343 546 Quanta.
2383 481 2585 550 inquit,
2611 480 2787 535 bestia
2816 487 2984 549 caput
3008 493 3121 531 non
3146 477 3356 532 habet?

2031 568 2285 639 Philippi.
2329 569 2541 623 —Rex
2590 568 2907 623 meminisse
2953 566 3139 632 debet,
3189 565 3356 620 homo
3407 583 3531 622 cum

1962 655 2052 720 sit,
2082 672 2270 726 parem
2297 657 2408 711 Deo
2439 663 2763 726 potestatem
2807 654 3105 724 accepisse,
3141 660 3202 707 ut
3246 669 3368 723 qua:
3396 669 3526 724 pra:-

1963 748 2112 802 clara
2142 757 2272 802 sunt
2299 755 2465 816 atque
2491 747 2677 801 divina
2701 746 2887 800 animo
2911 745 3114 815 deligat
3136 760 3200 799 ac
3220 746 3525 802 constituat

1961 848 2018 894 et
2050 839 2344 909 prudentia
2377 847 2564 893 utatur
2597 838 2857 892 humana.

2033 932 2089 987 Si
2120 931 2205 987 vis
2228 932 2451 985 domum
2486 930 2628 985 bene
2667 928 2928 994 habitari,
2962 928 3272 1000 Lycurgum
3315 928 3536 998 Sparta-

1961 1040 2094 1080 num
2124 1023 2362 1079 imitare.
2391 1022 2863 1090 Quemadmodum
2896 1021 3044 1077 enim
3079 1022 3169 1076 ille
3219 1036 3330 1076 non
3364 1022 3538 1077 muris

1961 1118 2133 1174 cinxit
2162 1117 2380 1182 urbem,
2416 1117 2512 1172 sed
2536 1117 2741 1171 virtute
2776 1115 2986 1170 incolas
3010 1114 3336 1185 obvallavit,‘
3368 1115 3447 1171 sic
3476 1124 3533 1169 tu

1963 1225 2202 1280 quoque,
2232 1225 2303 1264 ne
2355 1223 2611 1280 magnum
2669 1206 2872 1261 atrium
2931 1206 3157 1276 cingito,
3215 1221 3353 1261 neve
3397 1206 3536 1261 aitos

1962 1302 2139 1357 excita
2172 1302 2436 1371 parietes,
2470 1300 2566 1355 sed
2599 1300 2695 1371 qui
2727 1299 2952 1354 domum
2985 1298 3239 1352 habitent
3290 1296 3537 1351 benevo-

1962 1392 2132 1448 lentia
2153 1401 2210 1448 et
2238 1391 2344 1447 {ide
2366 1401 2422 1448 et
2443 1379 2683 1446 amicitia
2715 1390 2952 1456 ﬁrmato,
3009 1390 3262 1460 nihilque
3312 1389 3369 1444 in
3416 1404 3538 1444 eam

1964 1486 2191 1541 noxium
2218 1485 2375 1556 561
2428 1484 2794 1555 ingredietur,
2835 1483 2921 1538 vel
2982 1483 3029 1538 si
3076 1482 3259 1539 omnis
3316 1481 3541 1537 malitiae

1960 1590 2175 1631 cuneus
2205 1575 2415 1630 infensa
2447 1573 2566 1628 acie
2595 1580 2765 1643 petat.

354 1755 565 1825 Μηδεὶς
600 1757 710 1811 τῶν
748 1759 1028 1831 φρονίμων
1068 1760 1164 1814 τοῦ
1204 1762 1398 1833 ἄρχειν
1438 1762 1857 1836 ἀλλοτριούσθω.

2034 1755 2207 1811 Nemo
2233 1755 2328 1825 qui
2370 1753 2640 1836 praeditus
2678 1752 2980 1824 prudentia
3036 1753 3136 1819 sis,
3179 1754 3540 1836 magistratus

286 1844 397 1897 Καὶ
426 1844 536 1916 γὰρ
566 1846 762 1912 ἀσεϐὲς
789 1848 851 1900 τὸ
880 1850 1135 1922 ἀποσπᾷν
1182 1852 1373 1906 ἑαυτὸν
1404 1854 1505 1925 τῆς
1535 1855 1645 1909 τῶν
1667 1856 1858 1926 δεομέ-

284 1955 389 1991 νων
418 1940 745 2011 εὐχρηστίας
765 1940 1099 2017 [εύχαριστ.]
1129 1946 1224 1999 καὶ
1260 1946 1454 2013 ἀγενὲς
1492 1947 1553 2001 τὸ
1580 1950 1693 2013 τοῖς
1717 1952 1859 2018 φαύ-

283 2028 400 2094 λοις
431 2036 804 2103 παραχωρεῖν.
849 2034 1100 2106 Ἀνόητον
1127 2037 1237 2106 γὰρ
1260 2036 1321 2090 τὸ
1349 2039 1626 2106 αἱρεῖσθαι
1671 2040 1860 2105 κακῶς
1904 2044 1905 2047 “

285 2121 552 2193 ἄρχεσθαι
591 2124 813 2194 μᾶλλον,
839 2125 873 2197 ἢ
906 2126 1089 2192 καλῶς
1116 2126 1328 2200 ἄρχειν.

352 2303 533 2355 Δεινὸν
565 2303 662 2357 καὶ
691 2305 1075 2375 χαλεπώτατον
1106 2308 1233 2372 τοὺς
1268 2307 1488 2378 χείρους
1516 2309 1625 2366 τῶν
1651 2308 1859 2380 βελτιόο

281 2410 391 2447 νων
424 2395 637 2466 ἄρχειν,
677 2394 900 2459 καὶτοὺς
926 2397 1311 2475 ἀνοητοτέρους
1354 2402 1467 2463 τοῖς
1520 2403 1858 2472 φρονιμωτέ-

284 2501 400 2558 ροις
437 2488 816 2559 προστάττειν.

348 2577 640 2647 Εὐμένης.
663 2580 1003 2653 -Εύμένης
1038 2583 1068 2635 ὁ
1096 2581 1350 2653 βασιλεὺς
1380 2582 1532 2652 ἔλεγε
1560 2587 1673 2648 τοῖς
1703 2585 1857 2639 ἀδελ-

284 2670 403 2738 φοῖς
431 2670 739 2736 διαπαντός
793 2674 917 2727 Ἐὰν
949 2674 1049 2743 μὲν
1081 2674 1157 2738 ὡς
1205 2673 1419 2745 βασιλεῖ
1450 2676 1856 2749 προσφέρησθε,

285 2759 364 2823 ὡς
413 2760 658 2832 ἀδελφοῖς
705 2765 834 2834 ύμῖν
879 2765 1177 2837 χαρίσομαι
1200 2785 1216 2798 ο
1261 2768 1357 2823 ὲάν
1402 2768 1461 2822 δὲ
1504 2769 1582 2833 ὡς
1618 2768 1854 2840 ἀδελφῷ,

282 2850 398 2919 ἐγὼ
429 2851 559 2921 ύμῖν
578 2853 653 2917 ὡς
689 2853 961 2924 βασιλεύς.

350 2945 566 3011 Κότυς.
598 2947 771 3012 Κότυς
800 2950 829 3002 ὁ
873 2948 991 3002 τῶν
1028 2948 1263 3022 Θρᾳκῶν
1295 2950 1568 3021 βασιλεὺς,
1602 2951 1856 3023 θηϐαίων

283 3036 693 3106 σεμνυνομένων
743 3039 825 3092 ὅτι
858 3033 1306 3110 Λακεδαιμονίων
1341 3042 1643 3111 ἡγήσαντοο
1687 3043 1852 3112 Ἐγὼ,

280 3127 464 3194 φησὶν,
522 3126 745 3199 ἑώρακα
777 3130 1113 3202 χειμάρρους
1154 3132 1414 3204 ποταμῶν
1473 3134 1697 3204 μείζους
1744 3136 1852 3190 τῶν

277 3216 517 3271 ἀεννάων
555 3219 900 3288 γενομένους,
934 3219 1049 3273 ἀλλ’
1073 3220 1257 3291 ρλίγον
1287 3223 1497 3294 χρόνον.

360 3308 418 3362 '0
456 3310 618 3373 αὐτὸς
647 3312 968 3382 ἐρωτηθεὶς,
1011 3313 1130 3367 Τίνι
1158 3314 1596 3387 καταλιμπάνεις
1610 3317 1671 3371 τὸ
1695 3317 1852 3389 βασί-

276 3398 451 3467 λειον;
482 3400 606 3471 ἔφη’
638 3402 730 3472 Τῷ
754 3402 1052 3474 δυναμένῳ.

347 3491 564 3546 Φίλων.
598 3522 666 3533 -
688 3493 766 3563 Τῇ
797 3493 898 3563 μὲν
925 3496 1086 3567 οὐσίᾳ
1114 3496 1208 3549 τοῦ
1245 3496 1520 3568 σώματος,
1566 3498 1679 3564 ῐσος
1713 3517 1851 3553 παν-

273 3580 367 3646 τὸς
405 3583 695 3654 ἀνθρώπου
723 3586 751 3638 ὁ
786 3584 1073 3656 βασιλεύς·
1102 3591 1166 3660 τῇ
1216 3588 1434 3660 ἐξουσίᾳ
1472 3591 1531 3644 δὲ
1572 3592 1666 3645 τοῦ
1694 3592 1852 3659 ἀξιώέ

1964 1863 2108 1903 onus
2132 1847 2395 1903 excutito.
2430 1833 2653 1901 Etenim
2701 1845 2936 1916 impium
2967 1855 3071 1911 est,
3127 1833 3366 1919 te'ipsum
3405 1848 3543 1903 sub-

1963 1940 2194 2006 ducere,
2222 1955 2294 1995 ne
2345 1939 2416 1994 iis
2463 1939 2649 2009 prosis
2683 1939 2780 2009 qui
2833 1948 3082 2010 egeant;
3139 1938 3541 2010 degenerisque

1962 2033 2135 2088 animi
2193 2033 2370 2099 labes,
2412 2040 2480 2087 ut
2537 2031 2706 2089 cedas
2750 2030 2886 2097 illis,
2925 2029 3022 2101 qui
3073 2032 3201 2086 mali
3248 2033 3537 2087 exsistant.

1960 2125 2263 2181 Dementiae
2287 2139 2526 2196 namque
2547 2133 2654 2188 est,
2690 2124 2854 2178 malle
2888 2122 3029 2178 male
3064 2123 3301 2194 imperio
3351 2124 3536 2189 subdi,

1954 2230 2122 2284 quam
2162 2214 2259 2269 illo
2292 2214 2434 2269 bene
2466 2229 2723 2284 praeesse.
3367 2279 3374 2288 ,

2027 2307 2218 2361 Dirum
2248 2308 2819 2383 molestissimumque
2849 2313 2959 2372 est,
2988 2306 3296 2362 deteriores
3341 2307 3530 2361 melio-

1958 2398 2118 2454 ribus
2132 2415 2390 2469 praeesse,
2413 2416 2477 2455 ac
2504 2400 2597 2471 qui
2623 2400 3000 2455 dementiores
3014 2408 3164 2465 sunt,
3207 2400 3537 2470 prudentio-

1954 2491 2111 2547 ribus
2126 2491 2342 2562 jubere.
3022 2496 3031 2501 ’

2028 2583 2311 2639 Eumenes.
2337 2615 2409 2624 —
2453 2585 2730 2640 Eumenes
2760 2599 2855 2639 rex
2895 2583 3093 2640 crebro
3144 2584 3417 2639 fratribus
3455 2582 3537 2637 di-

1957 2690 2085 2732 cere
2123 2676 2374 2732 solebat:
2403 2676 2461 2733 Si
2487 2693 2574 2732 me
2604 2686 2667 2733 ut
2698 2693 2828 2749 rege
2856 2678 3113 2742 utamini,
3145 2692 3251 2747 ego
3278 2684 3537 2746 tanquam

1957 2766 2227 2823 fratribus
2288 2769 2623 2840 indulgebo:
2690 2766 2777 2825 sin
2831 2779 3017 2825 autem
3077 2778 3140 2824 ut
3184 2769 3378 2832 fratre,
3436 2782 3538 2839 ego

1911 2910 1915 2917 ,
1956 2857 2114 2913 vobis
2148 2866 2210 2913 ut
2236 2874 2353 2914 rex.

2027 2948 2203 3021 Cotys.
2229 2981 2301 2991 —
2322 2949 2491 3022 Cotys
2516 2951 2796 3006 Thracum
2832 2966 2949 3016 rex,
2988 2949 3356 3022 gloriantibus
3390 2949 3533 3004 The-

1957 3036 2115 3094 banis
2143 3040 2293 3109 quod
2336 3039 2769 3096 Lacedaemoniis
2808 3039 3192 3110 imperarent:
3256 3039 3402 3101 Vidi.
3450 3040 3534 3095 in-

1956 3128 2098 3198 quit,
2131 3137 2410 3184 torrentes
2437 3130 2779 3200 pereunibus
2827 3130 3013 3186 ﬂuviis
3053 3131 3290 3202 majores
3339 3129 3534 3194 factos,

1953 3216 2047 3271 sed
2079 3216 2151 3271 ad
2179 3216 2348 3273 breve
2388 3226 2625 3288 tempus.

2020 3308 2169 3364 Idem
2196 3308 2567 3381 interrogatus
2590 3311 2680 3366 cui
2709 3311 3047 3382 relinqueret
3071 3326 3261 3367 arcem
3292 3311 3531 3382 regiam:

1953 3398 2194 3463 Potenti,
2229 3401 2431 3469 inquit.

2019 3489 2279 3546 Philonis.
2299 3522 2368 3533 —
2394 3492 2656 3563 Corporis
2674 3493 2899 3563 quidem
2940 3494 3251 3550 substanlia
3293 3511 3387 3550 rex
3415 3498 3531 3550 cui—

1954 3581 2035 3638 vis
2061 3583 2273 3638 homini
2307 3586 2537 3655 :equalis
2575 3594 2696 3641 est:
2728 3586 3017 3656 dignitatis
3061 3602 3196 3641 vero
3238 3595 3541 3656 potestate,

277 3690 470 3743 ματος,
521 3676 708 3746 ὅμοιός
740 3677 858 3730 ἐστι
896 3678 957 3730 τὸ
1005 3679 1097 3732 ἐπὶ
1126 3680 1359 3734 ’πάντων
1405 3681 1543 3752 Θεῷ.
1578 3684 1693 3736 υύκ
1735 3683 1850 3752 ἔχει

1980 3676 2083 3738 Deo,
2120 3674 2215 3743 qui
2238 3682 2322 3730 est
2350 3682 2518 3745 super
2546 3677 2732 3731 omnia
2760 3676 2933 3744 (Rom.
2971 3693 3048 3741 nt,
3077 3678 3156 3746 5),
3190 3679 3387 3734 similis
3426 3690 3529 3735 est.

270 3766 383 3837 γὰρ
410 3769 504 3820 ἐπὶ
529 3768 632 3840 τῆς
667 3765 836 3824 αὐτοῦ
871 3770 1224 3843 ὑψηλότερον.
1274 3771 1395 3843 Χρὴ
1438 3773 1616 3827 τοίνυν
1649 3773 1740 3827 καὶ
1772 3774 1850 3838 ὡς

1980 3762 2068 3818 lon
2093 3764 2240 3820 enim
2271 3765 2439 3821 habet
2478 3782 2644 3837 super
2688 3777 2913 3833 terram,
2949 3769 3045 3838 qui
3092 3769 3189 3824 illo
3241 3771 3533 3826 sublimior

270 3856 466 3930 θνητὸν
509 3860 585 3930 μὴ
618 3859 965 3933 ἐπαίρεσθαι,
994 3862 1089 3914 καὶ
1106 3861 1183 3925 ὡς
1222 3860 1355 3915 Θεὸν
1385 3861 1460 3933 μὴ
1507 3860 1845 3934 ὀργίζεσθαι.

1980 3858 2040 3912 it.
2069 3854 2264 3928 Opera:
2292 3859 2528 3929 pretium
2556 3860 2745 3931 igitur,
2771 3870 2835 3916 ut
2855 3871 2914 3917 et
2949 3861 3109 3932 quasi
3139 3864 3389 3924 mortalis
3419 3880 3528 3919 nou

273 3948 337 4003 Ei
364 3952 474 4021 γὰρ
506 3951 600 4005 καὶ
635 3952 804 4006 εικόνι
832 3953 985 4024 θεῖκῇ
1032 3954 1343 4024 τετίμηται,
1383 3955 1519 4009 ἀλλά
1568 3958 1663 4010 καλ⁸
1699 3958 1847 4011 κόνει

1986 3950 2264 4015 xtollatur,
2298 3959 2443 4006 etut
2473 3951 2637 4019 Deus,
2689 3953 2773 4008 ira
2810 3969 2923 4009 non
2970 3954 3302 4025 abripiatur.
3349 3955 3532 4029 Quan-

267 4043 428 4112 χοῖκῇ
474 4044 915 4112 συμπέπλεκται,
949 4044 1017 4098 δι’
1048 4041 1117 4119 ἦς
1146 4046 1527 4103 ἐκδιδάσκεται
1568 4050 1670 4122 τὴν
1703 4056 1841 4123 πρὸς

1980 4058 2115 4111 mam
2144 4043 2291 4098 enim
2314 4044 2503 4100 divina
2516 4046 2769 4121 imagine
2811 4048 3119 4103 honoratus
3146 4057 3269 4131 est,_
3303 4059 3527 4105 terreno
3626 4074 3631 4081 ο

269 4130 479 4195 πάντας
502 4131 780 4204 ἁπλότητα
810 4132 1172 4209 [ὁμοιότητα],
1944 4143 2132 4189 tamen
2163 4136 2383 4205 pulveri
2406 4138 2700 4207 copulatus
2727 4149 2834 4204 est,
2854 4156 2992 4209 ~quo
3043 4130 3279 4196 docetur
3302 4157 3425 4198 esse
3467 4158 3526 4199 se
3558 4143 3574 4158 '

1947 4226 2206 4282 omnibus
2238 4228 2496 4284 similem.

328 4308 717 4383 Μουσωνίου.
745 4340 816 4349 -
864 4311 1161 4382 Πειρατέον
1218 4316 1659 4385 καταπληκτικὸν
1706 4318 1844 4388 μᾶλ-

2014 4317 2263 4374 Musonii.
2296 4348 2363 4359 —
2392 4320 2718 4379 Conandum
2750 4332 2926 4378 estut
2964 4325 3203 4383 subditis
3233 4330 3525 4385 venerabi—

260 4397 358 4452 λον
409 4402 524 4462 τοῖς
570 4401 852 4472 ὑπηκόοις,
884 4403 917 4473 ἢ
961 4403 1195 4475 φοϐερὸν
1240 4404 1596 4477 θεωρεῖσθαι·
1631 4408 1711 4479 τῷ
1742 4410 1841 4479 μὲν

1985 4425 2071 4474 or,
2105 4426 2269 4480 quam
2303 4412 2611 4467 terribilior
2655 4413 2911 4470 videare:
2963 4417 3125 4474 alteri
3149 4420 3299 4474 enim
3341 4421 3520 4477 bone—

260 4490 381 4561 γὰρ
416 4492 683 4563 σεμνότης
712 4491 800 4565 [τὸ
824 4494 1193 4569 σεμνότητος],
1226 4497 1305 4568 τῷ
1332 4497 1390 4550 δὲ
1427 4499 1660 4570 ἀπήνεια
1704 4518 1847 4572 παρ-

1980 4502 2103 4558 tatis
2129 4503 2391 4574 gravitas,
2423 4504 2593 4560 alteri
2626 4504 2887 4564 ferocitas
2917 4524 3104 4567 comes
3143 4521 3248 4568 est.

260 4582 572 4638 ακολωθετ.

338 4694 649 4763 Δημοκρίτ.
677 4724 750 4734 -
771 4695 989 4767 Πονηρά
1038 4694 1201 4765 φύσις
1234 4695 1484 4761 ἐξουσίας
1516 4698 1844 4769 ἐπιλαϐομέ-

253 4800 353 4855 νη,
382 4784 647 4855 δημοσίας
672 4787 1045 4857 ἀπεργάζεται
1078 4788 1378 4859 συμφοράς.

351 4899 680 4955 Ἀντισθέν.
711 4932 784 4941 —
811 4901 945 4955 Τότε
979 4902 1078 4965 τὰς
1112 4903 1296 4966 πόλεις
1330 4901 1667 4956 ἀπόλλυσθαι
1702 4919 1841 4974 συμ-

240 4990 463 5055 6αίνει,
496 4991 624 5043 ὅταν
665 4991 741 5062 μὴ
770 4993 1031 5048 δύνωνται
1077 4994 1126 5045 oi
1154 4993 1501 5067 κρατοῦντες
1544 4993 1670 5057 τοὺς
1700 4994 1840 5064 φαύ-

230 5084 390 5146 λους
423 5084 486 5135 ὲκ
510 5083 619 5135 τῶν
650 5083 954 5138 σπουδαίων
982 5084 1299 5155 διακρίνειν.
1411 5141 1416 5146 ,

2012 4700 2296 4757 Democrit.
2345 4733 2414 4743 —-
2444 4704 2654 4760 Pravus
2700 4720 2919 4761 animus
2968 4716 3191 4778 arrepta
3245 4717 3518 4779 potestate

1942 4792 2195 4861 publicas
2224 4795 2566 4851 calamitates
2589 4812 2654 4851 ac
2692 4797 2879 4851 clades
2916 4798 3095 4853 aﬂ'ert.

2013 4904 2240 4960 Antisth.
2271 4936 2342 4947 -—
2373 4906 2533 4963 Tunc
2571 4909 2837 4963 nimirum
2863 4910 3030 4967 urbes
3056 4912 3328 4984 contingit
3376 4915 3521 4970 inte-

1940 4994 2073 5060 rire,
2099 5011 2226 5050 cum
2255 4996 2315 5062 ii,
2365 4998 2461 5068 qui
2517 5014 2702 5056 rerum
2733 5002 3046 5072 potiuntur,
3079 5004 3255 5061 malos
3283 5022 3314 5062 a
3359 5007 3520 5064 bonis

1939 5086 2258 5142 discernere
2281 5103 2392 5144 non
2415 5090 2618 5146 valent.

341 5194 676 5262 Ἐπισφαλὲς
707 5195 1017 5268 μαινομένῳ
1046 5196 1230 5251 δοῦναι
1270 5198 1571 5271 μάχαιραν,
1613 5201 1710 5254 καὶ⁵
1739 5218 1837 5272 μο-

220 5282 452 5360 χθηρῷ
478 5284 730 5356 δύναμιν.

319 5398 701 5467 Μενάνδρου.
754 5429 824 5442 ·-
879 5398 1118 5464 Πλοῦτος
1176 5400 1461 5469 ἀλόγιστος
1510 5403 1834 5475 προσλαϐὼν

142 5492 183 5510 ‘
208 5489 531 5561 ἐξουσίαν,
557 5490 651 5544 καὶ
673 5492 800 5554 τοὺς
830 5494 1045 5561 φρονεῖν
1068 5491 1360 5557 δοκοῦντας
1380 5496 1642 5568 ἀνοήτους
1670 5501 1832 5553 ποιεί.

2008 5200 2079 5256 Ut
2101 5199 2313 5257 furioso
2332 5202 2597 5273 gladium,
2631 5204 2713 5259 sic
2741 5205 2996 5277 improbo
3042 5217 3375 5279 potestatem
3401 5221 3516 5268 tra-

1938 5289 2089 5353 dere,
2118 5291 2513 5361 periculosum.

2008 5402 2309 5460 Menandri.
2369 5436 2440 5445 —
2492 5405 2787 5476 Opulentia
2834 5409 3064 5466 rationis
3110 5428 3300 5471 exsors
3354 5428 3516 5475 nacta

1936 5501 2289 5562 potestatem,
2317 5509 2414 5551 eos
2432 5496 2599 5551 etiam
2636 5497 2731 5566 qui
2767 5513 2963 5569 sapere
2996 5501 3353 5572 videbantur,
3382 5510 3519 5565 stul-

1938 5595 2022 5640 tos
2055 5586 2258 5642 reddit.
3052 5594 3060 5603 ’

306 5669 588 5735 Δημοσθ.
614 5698 670 5711 -
704 5667 780 5721 Τὸ
812 5667 920 5741 γὰρ
945 5663 1005 5723 εὖ
1039 5670 1302 5741 πράττειν
1333 5672 1485 5744 παρὰ
1517 5673 1616 5745 τὴν
1649 5676 1831 5746 ἀξίαν,

2007 5678 2277 5735 Demosth.
2309 5711 2379 5720 --
2404 5679 2541 5737 Nam
2580 5685 2729 5751 quod
2758 5687 2886 5758 quis
2912 5700 3079 5756 supra
3111 5703 3276 5758 quam
3307 5704 3370 5743 ex
3407 5691 3522 5744 suis
