3994 6172
414 241 516 304 783

1560 242 1641 302 .S.
1682 239 1971 301 ΜΑΧῙΜΙ
1999 239 2519 304 ‘CONFESSORIS
2601 316 2606 322 _

3572 243 3695 315 γει

415 352 724 409 rationibus
749 351 978 407 exsistat
1006 364 1269 420 prospere
1295 350 1427 421 agit,
1458 351 1676 407 occasio
1706 362 1811 419 est,
1842 360 1901 406 ut
1941 357 1997 405 et

2138 353 2323 425 φορμὴ
2371 354 2465 408 τοῦ
2524 353 2709 419 κακῶς
2770 358 2987 427 φρονεῖν
3045 360 3345 436 παράλτὴν
3402 359 3561 427 ἀξίαν
3608 363 3694 433 γί-

413 461 578 515 supra
608 460 771 516 quam
806 460 872 499 ex
908 443 1019 498 illis
1048 443 1326 508 videatur,
1361 444 1618 515 desipiat.

938 580 1099 652 552
1135 534 1367 636 sumre
1410 580 1476 637 x.

730 692 831 747 .De
868 695 1259 766 vituperatione
1297 705 1345 749 et
1385 697 1682 751 calumnia.

483 805 671 859 Matth.
708 821 760 869 ν,
794 808 880 860 ll.
912 836 981 845 —
1011 806 1164 861 Beati
1191 805 1372 874 eritis,
1399 822 1525 863 cum
1561 807 1764 878 probra
1813 807 1867 861 in
1904 822 2003 863 vos

413 894 778 965 conjecerint,
814 904 872 950 et
905 895 1185 965 persecuti
1219 910 1320 950 vos
1370 895 1602 962 fuerint,
1645 905 1704 952 et
1753 895 2003 950 dixerint

410 1000 576 1040 omne
609 986 817 1041 malum
864 987 1101 1042 verbum
1162 987 1462 1044 adversum
1519 1004 1619 1045 vos
1668 988 2003 1044 mentientes

410 1088 645 1150 propter
685 1095 797 1135 me.

479 1171 510 1226 I
552 1169 675 1227 Cor.
707 1187 780 1236 ιν,
815 1171 902 1226 12.
942 1172 1443 1237 —-Maledicimur,
1483 1181 1541 1228 et
1573 1172 1997 1230 benedicimus:

412 1263 886 1335 blasphemamur,
927 1272 985 1319 et
1020 1263 1402 1320 obsecramus.

480 1355 641 1410 Prov.
672 1372 727 1422 χ,
754 1356 842 1410 l8.
867 1385 937 1396 —
958 1354 1233 1426 Operiunt
1267 1356 1618 1414 inimicitiam
1648 1358 1793 1414 labia
1818 1358 2000 1430 justa:

411 1448 506 1518 qui
562 1457 751 1503 autem
815 1447 1111 1504 maledicta
1172 1447 1488 1519 proferunt,
1557 1449 2003 1521 insipientissimi

411 1551 566 1597 sunt.
1604 1562 1609 1567 ’

483 1635 651 1690 Eccli.
682 1650 873 1700 xxvm,
904 1634 993 1689 ll.
1022 1664 1093 1673 —
1122 1633 1220 1689 Vir
1241 1635 1554 1691 scelerosus
1580 1634 1830 1689 turbabit
1858 1631 2003 1688 ami-

343 1796 356 1806 _
411 1742 528 1790 cos,
556 1736 612 1781 et
642 1726 789 1781 inter
815 1725 1026 1780 medios
1059 1739 1254 1795 pacem
1298 1725 1627 1780 habentium
1679 1727 1850 1798 jaciet
1905 1740 2002 1781 ca-

412 1818 678 1873 lumniam
729 1835 743 1872 :
779 1825 840 1871 ut
873 1818 1107 1872 materia
1128 1817 1272 1889 ignis
1297 1818 1379 1873 sic
1401 1818 1747 1874 exardescet.

482 1914 650 1970 Eccli.
692 1930 766 1978 χι,
805 1915 856 1968 7.
890 1944 961 1953 —
990 1914 1322 1984 Priusquam
1364 1914 1700 1987 interroges,
1748 1932 1820 1972 ne
1852 1916 2005 1972 vitu-

331 1992 361 2001 “’
410 2021 575 2076 peres
604 2021 619 2069 ;
643 2003 894 2074 intellige
921 2003 1188 2074 primum,
1213 2011 1270 2059 et
1297 2015 1429 2060 tunc
1451 2005 1693 2077 corripe.

486 2095 697 2151 Basilii.
729 2127 801 2136 ——
831 2096 953 2173 No'n
987 2097 1161 2153 verba
1212 2098 1328 2169 ipsa
1377 2098 1629 2155 dolorem
1676 2100 1887 2156 habent
1918 2100 2007 2154 in-

411 2201 627 2257 cutere,
665 2190 761 2245 sed
794 2198 984 2245 nostra
1020 2191 1076 2245 in
1112 2205 1239 2246 eum
1265 2191 1363 2261 qui
1417 2191 1768 2247 conviciatur
1810 2207 2007 2262 super-

413 2285 505 2339 bia
536 2294 595 2340 et
626 2291 1005 2353 contemptus,
1034 2283 1351 2353 horumque
1379 2282 1730 2354 singulorum
1760 2284 2005 2355 cogitatu

414 2376 588 2431 animi
616 2374 941 2445 pensitatio.

484 2469 680 2524 Solent
736 2483 912 2539 prope
959 2466 1178 2538 magnis
1244 2466 1659 2537 principibus,~
1704 2468 2002 2524 illiberalia

415 2560 609 2616 isthaac
640 2560 909 2630 obsequia
956 2558 1265 2625 adha-rere,
1299 2567 1364 2614 ut
1409 2574 1536 2614 cum
1572 2561 1801 2630 proprio
1855 2560 2004 2615 bono

414 2664 663 2718 careant,
712 2668 824 2723 quo
871 2651 1268 2719 inclarescant,
1324 2667 1394 2708 ex
1433 2651 1635 2707 alienis
1674 2652 1836 2708 malis
1883 2652 2004 2723 ipsa

416 2760 536 2801 sese
576 2744 992 2800 commendent.

486 2834 753 2907 Theologi.
778 2863 850 2874 —
882 2833 1004 2889 Non
1054 2847 1255 2906 magna
1290 2848 1381 2888 res
1429 2842 1516 2888 est
1550 2833 1832 2903 corripere
1863 2851 1876 2887 :
1916 2840 2003 2888 est

414 2927 566 2981 enim
598 2926 747 2982 istud
782 2925 1131 2991 facillimum,
1172 2941 1237 2980 ac
1262 2931 1450 2996 potest
1480 2924 1665 2995 quivis
1698 2934 1996 2995 praestare:

416 3030 566 3076 tuam
594 3037 728 3083 vero
753 3020 999 3077 vicissim
1035 3020 1369 3075 sententiam
1390 3026 1746 3089 mentemque
1766 3018 1997 3084 inferre,

416 3113 472 3168 id
500 3128 633 3168 vero
664 3113 768 3167 viri
791 3112 1034 3183 religiosi
1063 3127 1128 3168 ac
1149 3112 1258 3168 cati
1284 3120 1390 3167 est.

486 3206 718 3260 Praestat
745 3204 886 3258 male
908 3203 1123 3269 audire,
1159 3219 1326 3274 quam
1366 3211 1428 3257 ut
1462 3202 1784 3258 maledicas.

486 3296 609 3351 Non
658 3296 916 3367 vulgares
966 3296 1146 3350 solum
1200 3295 1477 3359 homines,
1535 3294 1631 3350 sed
1688 3294 1784 3365 qui
1830 3294 2000 3350 etiam

416 3389 612 3460 optimi
634 3389 766 3453 sint,
796 3387 1023 3444 incessit
1052 3402 1287 3443 momus.

486 3477 749 3549 Chrysost.
772 3508 843 3516 —
871 3476 1347 3551 Quemadmodum
1378 3474 1769 3531 benedicentia
1796 3484 1854 3530 et
1884 3474 2002 3529 lau-

416 3569 568 3625 datio
630 3569 891 3624 amicitize
951 3569 1110 3640 origo
1169 3576 1300 3635 est;
1353 3568 1434 3624 sic
1489 3567 1881 3623 maledicentia
1942 3578 2001 3625 et

416 3662 714 3727 calumnia,
749 3658 1056 3715 inimicitia;
1080 3659 1309 3730 odiique
1333 3674 1396 3713 ac
1426 3657 1698 3729 malorum
1743 3656 2000 3713 innume-

416 3753 674 3808 rabilium
712 3764 913 3822 parens
946 3767 1011 3807 ac
1039 3751 1184 3805 ratio
1212 3758 1319 3804 est.

487 3842 631 3898 Fieri
661 3858 772 3897 non
800 3850 1005 3911 potest,
1028 3849 1092 3895 ut
1123 3840 1219 3910 qui
1243 3839 1450 3894 virtute
1476 3838 1648 3893 vitam
1674 3838 1993 3903 instituunt,

413 3933 484 3986 ab
518 3933 783 3987 omnibus
822 3932 966 3986 bene
1001 3929 1254 3985 audiant.

487 4019 546 4074 Si
575 4019 654 4072 illi
685 4019 781 4088 qui
813 4018 966 4072 leves
987 4024 1045 4072 et
1068 4017 1267 4070 inanes
1300 4014 1657 4068 narrationes
1686 4014 1993 4084 excipiunt,

418 4109 564 4164 haud
591 4109 751 4164 facile
777 4108 997 4163 veniam
1039 4108 1151 4163 sint
1197 4107 1468 4173 habituri,
1505 4108 1603 4179 qui
1659 4108 1995 4183 calumniam

386 4204 643 4255 ’struunt
694 4200 1107 4270 detrahuntque
1162 4216 1228 4255 ac
1295 4193 1611 4257 maledictis
1669 4201 1992 4266 incessunt,

417 4308 582 4364 quam
603 4292 981 4349 defensionem
1001 4293 1325 4349 habebunt?

487 4384 608 4439 Non
636 4385 798 4441 nobis
843 4400 1006 4454 grave
1034 4385 1108 4439 sit
1147 4384 1297 4455 quod
1341 4385 1484 4441 male
1539 4384 1852 4449 audiamus,
1896 4387 1992 4440 sed

417 4475 565 4547 quod
591 4477 739 4547 juste
763 4477 906 4531 male
935 4476 1248 4533 audiamus.

489 4568 744 4638 Plerique
802 4567 1093 4622 hominum
1144 4582 1381 4641 ‘suorum
1448 4567 1667 4636 patroni
1728 4568 1991 4624 vitiorum

418 4661 727 4716 exsistunt:
764 4659 944 4715 aliena
974 4658 1275 4715 traducunt
1306 4673 1372 4714 ac
1402 4658 1796 4715 criminantur.

487 4837 780 4892 Plutarchi.
812 4869 861 4878 —
907 4837 1120 4910 Lingua
1140 4837 1430 4903 maledica,
1456 4838 1614 4894 malae
1636 4840 1839 4912 mentis
1874 4858 1995 4897 cer.

340 4961 347 4966 -
421 4940 534 4983 tum
564 4930 827 4985 indicium
866 4938 971 4986 est.

492 5021 652 5092 563
687 5021 953 5077 Isocratis.
986 5020 1217 5077 —Cave
1251 5020 1573 5086 calumnias,
1600 5022 1814 5077 etiamsi
1850 5022 1999 5077 l‘alstn

2105 461 2271 499 νεται.

2695 591 2915 649 ΛΟΓΟΣ
2952 593 2988 646 I'
3021 593 3085 649 ".

2474 705 2613 773 Περὶ
2646 707 2843 777 ψόγου
2870 707 2967 762 καὶ
3001 708 3315 779 διαϐολῆς.

2173 814 2358 869 Muta.
2412 812 2588 869 E'.—
2629 817 2909 890 Μακάριοι
2965 819 3115 885 ἐστε,
3166 822 3292 876 ὅταν
3345 824 3689 882 ὀνειδίσωσιν

2104 900 2249 970 ὑμᾶς
2286 904 2379 958 καὶ
2417 905 2702 971 διώξωσιν.
2748 910 2844 963 κιαι
2882 909 3083 964 εἴπωσι
3115 914 3222 966 πᾶν
3263 915 3494 987 πονηρὸν
3527 917 3686 989 ῥῆμα

2103 993 2225 1047 καθ’
2254 995 2409 1067 ὑμῶν
2435 997 2757 1071 ψευδόμενοι
2769 1000 2965 1055 ἕνεκεν
2997 1003 3153 1073 ἐμοῦ.
3230 1018 3237 1023 ·

2174 1167 2235 1223 B’
2277 1173 2517 1239 Κορινθ.
2587 1172 2664 1229 Δ”.
2720 1203 2794 1216 -
2828 1175 3265 1248 Λοιδορούμενοι,
3316 1179 3676 1252 εὐλογοῦμεν·

2105 1261 2612 1336 βλασφημούμενοι,
2640 1268 3090 1340 παρακαλοῦμεν,

2175 1360 2423 1427 Παροιμ.
2470 1357 2535 1413 I'.
2577 1390 2649 1400 —
2690 1360 3077 1416 Καλύπτουσιν
3133 1363 3335 1436 ἔχθραν
3396 1365 3550 1435 χείλη
3604 1366 3683 1420 δί-

2104 1468 2236 1505 καια
2266 1453 2375 1522 (Ιι)’
2407 1455 2456 1506 οἱ
2490 1453 2547 1507 δὲ
2595 1453 2921 1526 ἐκφέροντες
2961 1455 3251 1527 λοιδορίας,
3292 1457 3682 1526 ἀφρονέστατοι

2107 1545 2236 1597 εισι.

2175 1636 2359 1706 Σιρὰχ
2387 1635 2525 1693 KH'.
2569 1660 2636 1678 -ι
2666 1637 2829 1709 Ἀνὴρ
2864 1639 3189 1711 ἁμαρτωλὸς
3213 1641 3446 1711 ταράξει
3474 1642 3679 1709 φίλους,

2106 1728 2199 1782 καὶ
2245 1729 2519 1799 ἀναμέσον
2567 1730 2953 1801 είρηνευόντων
3009 1731 3166 1801 βαλεῖ
3212 1732 3497 1803 διαϐολήν·
3544 1733 3681 1787 κατά

2037 1824 2082 1880 Β
2110 1820 2208 1891 τὴν
2242 1818 2378 1891 ὕλην
2404 1818 2501 1873 τοῦ
2532 1820 2705 1890 πυρὸς
2734 1819 2908 1884 οὕτως
2943 1821 3362 1892 ἐκκαυθήσεται.

2191 1911 2482 1978 Ἑκκλησ.
2522 1909 2722 1966 1Α’.-
2773 1895 2920 1984 Πρὶν
2975 1912 3272 1980 ἐξετάσεις,
3331 1915 3407 1987 μὴ
3460 1914 3679 1986 μέμψῃ·

2108 2000 2299 2073 νόησον
2329 2003 2567 2077 πρῶτον,
2605 2006 2699 2058 καὶ
2727 2005 2845 2058 τότε
2879 2005 3125 2075 ὲπιτίμα.

2178 2097 2523 2151 Βασιλείου.
2547 2126 2620 2136 —
2652 2097 2728 2150 Οὐ
2759 2097 2830 2150 τά
2872 2099 3093 2168 ρήματα
3132 2098 3343 2169 πέφυκε
3379 2099 3480 2164 τὰς
3508 2099 3683 2164 λύπας

2107 2189 2303 2241 κινεῖν’
2336 2187 2454 2241 ἀλλ’
2483 2188 2516 2259 ἡ
2550 2187 2694 2242 κατά
2723 2187 2817 2241 τοῦ
2862 2188 3273 2260 λοιδορήσαντος
3324 2192 3475 2262 inid;
3516 2193 3683 2261 ὑπερ·

2105 2278 2256 2349 οψία,
2283 2279 2377 2334 καὶ
2409 2280 2444 2350 ἡ
2466 2278 2698 2334 ἑκάστου
2739 2280 2921 2334 αὐτῶν
2949 2280 3240 2352 ὑπεροψία.

2177 2460 2467 2529 Πεφύκασί
2496 2477 2614 2524 πως
2652 2461 2772 2524 ταῖς
2822 2460 3087 2533 μεγάλαις
3129 2462 3469 2527 δυναστείαις
3500 2466 3556 2517 αί
3583 2466 3680 2519 άν-

2104 2547 2377 2622 ελεύθεροι
2410 2545 2570 2606 αὗται
2613 2551 2998 2624 παραφύεσθαι
3043 2548 3351 2624 Θεραπεῑαι,
3395 2555 3452 2609 αἱ
3497 2555 3587 2610 διὰ
3618 2556 3682 2609 τὸ

2102 2643 2330 2714 ἀπορεῖν
2351 2644 2554 2698 οίκείου
2588 2644 2797 2713 ἀγαθοῦ
2826 2647 2894 2698 δι’
2924 2638 2986 2698 οῦ
3029 2647 3435 2717 γνωρισθῶσιν,
3468 2650 3533 2703 ἐκ
3569 2650 3679 2704 τῶν

2103 2733 2397 2806 ἀλλοτρίων
2423 2736 2609 2789 κακῶν
2640 2737 2871 2802 ἑαυτοὺς
2905 2737 3252 2793 συνιστῶσιν.

2175 2827 2493 2895 Θεολόγου.
2531 2828 2700 2881 -Τὸ
2750 2827 2851 2898 μὲν
2898 2827 3006 2899 γὰρ
3061 2830 3346 2902 ἐπιτιμᾷν,
3386 2832 3449 2885 οὐ
3494 2831 3675 2902 μέγαο

2104 2919 2300 2990 ῥᾷστον
2325 2906 2435 2990 γὰρ
2459 2920 2552 2973 καὶ
2572 2918 2668 2973 τοῦ
2706 2919 3033 2991 βουλομένω
3052 2922 3255 2987 παντός
3269 2938 3285 2954 ·
3308 2922 3443 2978 τὸδὲ
3464 2925 3678 2979 ἀντεισ-

2102 3009 2257 3078 άγειν
2311 3010 2410 3081 τὴν
2455 3011 2652 3065 ἑαυτοῦ
2699 3002 2950 3084 γνώμην,
3009 3013 3206 3086 ἀνδρὸς
3267 3015 3525 3082 εὐσεϐοῦς
3581 3017 3680 3073 καὶ

2099 3099 2224 3153 νοῦν
2250 3098 2483 3169 ἔχοντος.

2176 3190 2379 3254 Κακῶς
2405 3189 2622 3245 ἀκούειν
2651 3194 2926 3263 κρεῖσσον,
2956 3193 2992 3262 ἢ
3017 3193 3199 3263 λέγειν
3223 3196 3432 3262 κακῶς.

2174 3281 2445 3336 Ἀπτεται
2501 3282 2564 3336 οὐ
2603 3283 2712 3336 τῶν
2750 3284 2965 3339 πολλῶν
3013 3286 3197 3355 μόνον,
3236 3287 3374 3342 ἀλλά
3429 3287 3525 3342 καὶ
3560 3287 3678 3343 τῶν

2104 3372 2344 3447 ἀρίστων
2374 3374 2403 3427 ὁ
2441 3372 2653 3446 μῶμος.

2170 3466 2472 3531 Χρυσοστ.
2506 3495 2579 3506 -
2602 3467 2814 3538 Ὠσπερ
2849 3467 2910 3521 τὸ
2940 3469 3122 3533 καλῶς
3162 3470 3344 3539 λέγειν
3372 3473 3467 3527 καὶ
3493 3474 3670 3541 ἐγκω-

2104 3552 2322 3625 μιάζειν
2361 3554 2505 3626 ἀρχὴ
2549 3556 2732 3624 φιλίας
2783 3558 2962 3611 ἐστίν’
3004 3558 3146 3613 οὕτω
3172 3563 3233 3614 τὸ
3262 3562 3447 3627 κακῶς
3493 3562 3683 3631 λέγειν

2100 3645 2195 3696 καὶ
2223 3643 2554 3712 διαὸάλλειν,
2579 3645 2798 3717 ἔχθρας,
2831 3649 2927 3702 καὶ
2975 3650 3294 3720 ἀπεχθείας,
3339 3653 3436 3706 καὶ
3461 3653 3673 3723 μυρίων

2100 3734 2287 3788 κακῶν
2316 3735 2459 3806 ἀρχὴ
2481 3737 2575 3790 καὶ
2601 3737 2862 3802 ὑπόθεσις
2884 3739 3134 3808 γέγονεν.

2169 3823 2245 3877 Οὐ
2297 3823 2522 3878 δυνατὸν
2566 3828 2693 3891 τοὺς
2731 3829 2790 3881 ὲν
2835 3832 3006 3903 ἀρετῇ
3065 3832 3226 3897 ὄντας
3273 3834 3425 3904 ποιρά
3454 3834 3671 3889 πάντων

2097 3917 2319 3972 ἀκούειν
2353 3918 2556 3982 καλῶς.

2167 4009 2230 4061 Εἰ
2282 4009 2332 4060 oi
2383 4009 2819 4081 παραδεχόμενοι
2869 4012 3040 4085 ἀκοὴν
3093 4014 3332 4085 ματαίαν
3360 4014 3461 4069 οὐκ
3489 4016 3556 4069 ἂν
3581 4017 3672 4069 τύ-

2095 4115 2243 4169 χοιεν
2288 4103 2649 4172 συγγνώμης·
2678 4103 2728 4155 οἱ
2758 4102 3138 4171 διαϐάλλοντες
3167 4108 3261 4161 καὶ
3307 4107 3673 4180 λοιδοροῦντες
3752 4136 3767 4153 ι

2096 4191 2259 4245 ποίαν
2287 4190 2501 4260 ἕξουσιν
2534 4193 2869 4264 ἀπολογίαν;

2166 4375 2258 4448 Μὴ
2278 4375 2337 4429 τὸ
2359 4376 2547 4441 κακῶς
2593 4376 2812 4432 ἀκούειν
2849 4378 3125 4459 ἀλγῶμεν,
3152 4381 3288 4436 ἀλλά
3324 4381 3404 4453 τῷ
3444 4382 3669 4445 δικαίως

2097 4467 2317 4523 ἀκούειν
2337 4468 2547 4533 κακῶς.

2166 4562 2228 4614 Οἱ
2260 4559 2445 4614 πολλοὶ
2490 4561 2599 4614 τῶν
2640 4560 2968 4633 ἀνθρώπων,
3010 4563 3119 4617 τῶν
3168 4566 3267 4633 μὲν
3310 4566 3454 4619 ἰδίων
3484 4567 3667 4636 ἁμαρ·

2090 4652 2353 4721 τημάτων
2380 4653 2671 4725 συνήγοροι
2702 4652 2940 4724 γίνονται
2957 4669 2975 4687 ο
2998 4654 3110 4709 τῶν
3136 4654 3193 4709 δὲ
3216 4655 3512 4728 ἀλλοτρίων
3538 4674 3668 4709 κατ-

2093 4743 2304 4813 ήγοροι.

2164 4832 2576 4903 Πλουτάρχου.
2593 4862 2662 4875 -
2685 4832 2911 4889 Γλῶσσα
2933 4834 3277 4907 βλάσφημος,
3300 4836 3538 4901 διανοίας
3571 4853 3671 4890 κα-

2092 4925 2195 4996 κῆς
2220 4925 2457 4995 ἔλεγχος.

2180 5020 2472 5088 Ἰσοκράτ.
2502 5051 2572 5061 -
2601 5020 2846 5074 Εὐλαϐοῦ
2874 5024 2976 5088 τὰς
3006 5022 3281 5091 διαϐολὰς,
3323 5024 3426 5079 κᾶν
3452 5024 3671 5094 ψευδεῖς

1706 5163 1791 5218 VA
1803 5163 1938 5218 RIA‘J
1979 5162 2379 5219 LECTIONES.

496 5262 536 5291 ‘“
567 5259 626 5313 ln
648 5259 814 5316 (.‘esn.
851 5258 1067 5313 διοικιξο
1099 5258 1185 5312 70.
1272 5278 1276 5281 ·

1946 5346 2174 5402 ΝυΤᾸί.

495 5440 570 5512 (Ιι)
604 5440 784 5508 Χείλη
816 5438 1032 5512 δίκαια.
1060 5439 1268 5512 Sensus
1286 5440 1486 5512 littertr
1514 5440 1587 5512 ad
1614 5439 1831 5494 Maximi
1858 5455 1981 5494 sco-

426 5509 554 5581 puin
597 5509 1235 5591 accommodatissimum:
1270 5509 1524 5590 Quijusti
1554 5518 1700 5591 sunt,
1750 5526 1857 5564 non
1888 5525 1986 5591 es-

428 5579 485 5634 se
513 5579 863 5641 susurrones,
887 5579 982 5631 sed
1017 5581 1235 5647 operire
1258 5595 1395 5648 quas
1434 5580 1753 5633 inimicitias
1777 5588 1831 5632 rt
1861 5580 1989 5634 odia

428 5650 632 5713 sciunt,
668 5664 735 5702 ne
762 5648 1092 5715 detegendo,
1118 5650 1291 5719 majus
1305 5650 1387 5703 eis
1413 5650 1649 5704 fomenta
1668 5650 1985 5704 adhibeant.

2092 5432 2229 5494 lleb.
2303 5451 2483 5496 tamen
2536 5452 2669 5527 “aput
2723 5442 2977 5511 falsitati:
3030 5444 3256 5500 habent.
3304 5446 3469 5516 Vulg.
3524 5447 3671 5505 labia

2095 5534 2411 5612 nwndaria;
2445 5524 2599 5603 quasi
2634 5535 2760 5612 dolo
2794 5536 3048 5604 maloque
3083 5539 3271 5591 animo
3299 5538 3416 5592 haec
3448 5541 3671 5609 operire

2099 5603 2501 5681 intelligantur,
2540 5613 2599 5657 ut
2641 5606 2694 5659 in
2731 5603 2976 5681 tempore
3035 5617 3291 5662 noceant.
3331 5603 3500 5681 Quid'
3525 5613 3670 5681 loge-

2092 5674 2204 5726 rint
2259 5677 2304 5725 οἱ
2338 5674 2621 5735 Seniores,
2654 5686 2711 5729 ut
2740 5676 2809 5729 ita
2842 5674 3159 5741 redderent,
3195 5694 3303 5731 non
3329 5680 3519 5748 liquet.
