3990 6176
289 244 396 307 785

1604 244 1774 331 LOCl
1812 243 2250 307 COMMUNES.

3466 255 3571 318 786

291 349 445 414 ὦσιν.
476 356 543 411 οι
592 358 702 428 γὰρ
757 355 961 423 πολλοὶ,
1003 356 1103 426 τὴν
1155 355 1257 427 μὲν
1281 353 1538 427 ἀλήθειαν
1594 354 1872 423 ἀγνοοῦσι,

2011 357 2205 413 ierint.
2231 356 2442 429 Vulgus
2465 356 2615 412 enim
2648 355 2940 412 veritatem
2967 357 3249 429 ignorans,
3278 361 3346 416 ad
3375 362 3573 419 famam

293 449 432 522 πρὸς
458 448 517 502 δὲ
545 449 648 521 τὴν
678 447 838 515 δόξαν
863 448 1291 503 ἀποϐλέπουσιν.

362 537 535 605 Οὗτος
562 540 804 606 ἀκούσας
833 541 987 613 παρά
1016 559 1184 606 τινος,
1218 542 1303 596 ὅτι
1342 540 1401 595 '0
1439 539 1587 594 δεῖνα
1633 539 1719 592 ἔπ’
1743 538 1880 611 ἐμοῦ

1981 450 2235 520 respicit.

2054 541 2178 607 llic,
2214 557 2342 597 cum
2367 543 2593 613 quidam
2627 545 2697 601 ad
2721 560 2851 601 eum
2872 544 3268 601 obtrectatoris
3296 544 3467 599 verba
3491 560 3577 599 re-

286 632 416 688 τάδε
459 632 605 687 κατὰ
641 631 736 686 σοῦ
801 630 1099 701 ἐλοιδόρεισ
1160 633 1223 685 El
1265 632 1341 703 μή
1382 629 1471 697 σὺ,
1503 624 1678 695 εἶπεν,
1709 628 1884 700 ἡδέως

2011 644 2179 699 erret,
2214 650 2280 691 ac
2310 636 2529 693 diceret
2553 655 2567 691 :
2590 638 2675 693 Me
2705 649 2981 709 praesente
3005 639 3137 711 haec
3162 638 3257 693 ille
3280 636 3579 692 maledicta

295 726 562 799 ἧκουσας,
590 726 693 780 οὐκ
713 723 783 780 ἂν
804 725 1015 788 έκεῖνος
1043 722 1324 795 ἐλοιδόρει.

369 905 688 974 Δημοκρίτ.
719 932 794 946 --
822 902 890 959 Ἦ
919 901 1023 974 μὲν
1070 901 1321 977 μάχαιρα
1348 900 1572 974 τέμνει·
1605 902 1640 973 ή
1670 901 1730 957 δὲ
1771 902 1889 957 δια-

294 998 426 1069 ϐολὴ
454 986 679 1068 χωρίζει
706 994 915 1065 φίλους.

362 1088 704 1157 Σωκράτης.
731 1117 799 1128 --
839 1084 1300 1157 ’Δπαγγείλαντός
1323 1101 1471 1149 τινος
1503 1083 1677 1156 αὐτῷ,
1711 1084 1796 1139 δτι
1830 1082 1892 1137 '0

289 1180 445 1234 δεῖνά
469 1196 531 1231 σε
557 1176 739 1242 κακῶς
761 1176 933 1247 λέγει,
961 1177 1073 1232 Καὶ
1089 1174 1340 1231 τυπτέτω
1358 1190 1450 1246 με,
1476 1172 1605 1245 ἔφη,
1641 1172 1718 1245 μὴ
1749 1188 1892 1244 παρα

294 1275 443 1326 ὄντα.

375 1365 627 1435 ⁷Ψίθυρον
664 1364 760 1418 καὶ
801 1361 1052 1418 διάϐολον
1096 1360 1290 1440 ἄνδρα,
1321 1359 1397 1432 μὴ
1443 1356 1777 1431 παραδέχου.
1818 1357 1894 1410 Οὐ

296 1459 411 1530 γὰρ
441 1458 633 1512 ἕνεκεν
662 1456 877 1522 εὐνοίας
900 1455 1066 1510 τοῦτο
1101 1457 1275 1525 ποιεί.
1301 1455 1394 1518 Ὠς
1422 1451 1535 1525 γὰρ
1561 1451 1633 1506 τὰ
1658 1450 1768 1506 τῶν
1796 1449 1896 1504 ἄλ-

1985 726 2055 783 de
2090 736 2143 783 te
2190 728 2434 799 jaciebat
2460 746 2474 784 :
2503 730 2623 785 Nisi
2671 737 2754 794 tu,
2792 730 2995 801 inquit,
3024 732 3266 786 libenter
3305 729 3580 793 audisses,

1986 821 2310 892 neutiquam
2338 821 2431 877 ille
2464 822 2812 878 conviciatus
2842 832 3013 878 esset.

2056 911 2287 970 Gladius
2304 913 2531 983 quidem
2554 922 2737 985 secat,
2758 914 3035 970 calumnia
3059 923 3244 969 autem
3276 911 3423 967 inter
3447 910 3585 966 ami-

1990 1018 2089 1060 cos
2113 1015 2353 1075 separat.

2060 1095 2401 1153 Socrates.—
2435 1095 2576 1153 Cum
2608 1095 2835 1165 quidam
2871 1095 2925 1152 ei
2957 1095 3222 1153 dixisset:
3250 1094 3486 1163 Quidam
3516 1097 3584 1151 de

1993 1198 2048 1245 te
2098 1190 2240 1245 male
2284 1188 2532 1259 loquitur
2569 1206 2583 1244 :
2623 1186 2804 1243 Etiam
2840 1202 2954 1243 non
2979 1186 3332 1258 prms'entem,
3378 1186 3583 1257 inquit,
3684 1230 3695 1247 ,

1992 1281 2272 1336 verberet.

2066 1367 2435 1425 Susurronem
2467 1380 2525 1426 et
2558 1368 3021 1425 calumniatorem
3049 1382 3119 1423 ne
3142 1366 3443 1434 admittas;
3474 1382 3585 1421 non

1994 1463 2145 1516 enim
2173 1462 2579 1518 benevolentia:
2607 1477 2775 1517 causa
2810 1460 2867 1516 id
2926 1468 3169 1532 praestat.
3213 1459 3429 1530 Quippe
3475 1474 3586 1529 qua

296 1551 408 1606 λων
432 1553 724 1623 ἀπόρρητα
773 1549 1100 1620 ἀπεκάλυψέ
1127 1565 1234 1613 σοι,
1262 1545 1537 1611 ὡσαύτως
1566 1546 1660 1602 καί
1693 1543 1769 1598 τὰ
1790 1541 1887 1596 bal

2011 1552 2215 1607 ratione
2246 1551 2483 1606 aliorum
2528 1551 2630 1606 tibi
2668 1550 2890 1622 aperuit
2918 1559 3157 1617 secreta,
3192 1550 3387 1606 eadem
3415 1552 3584 1608 etiam

295 1644 396 1699 σοῦ
420 1644 695 1715 λεγόμενα
723 1643 934 1714 ἑτέροις
958 1641 1317 1711 ἀναθήσεται.

367 1738 748 1805 Μοσχίωνος.
769 1767 838 1778 -
853 1735 992 1789 Ὑπὸ
1018 1733 1233 1790 πολλῶν
1250 1731 1639 1788 διαϐάλλεσθαι
1674 1727 1885 1791 κακῶν,

296 1827 423 1883 οὔτε
452 1828 681 1900 ἀληθὲς,
715 1827 840 1881 οὒτε
872 1825 1136 1899 βλαϐερόν
1154 1842 1168 1857 ·
1197 1825 1260 1880 τὸ
1288 1825 1347 1880 δὲ
1400 1824 1490 1894 “cf
1516 1823 1637 1887 ἑνὸς
1680 1821 1886 1891 ἀγαθοῦ

287 1916 584 1991 ⁴ψέγεσθαι,
617 1920 711 1974 καὶ
744 1919 944 1991 ἀληθὲς
977 1918 1072 1974 καὶ
1095 1916 1393 1982 λυσιτελές,

370 2011 714 2083 Δημώνακτ.
737 2041 810 2056 --
831 2010 992 2076 Τινδς
1037 2008 1296 2081 σοφιστοῦ
1336 2007 1664 2080 αἰτιωμένου
1700 2005 1885 2070 αὑτὸν,

304 2106 402 2159 καὶ
431 2103 704 2173 λέγοντος,
732 2103 886 2158 Διατί
931 2120 999 2176 με
1033 2101 1224 2167 κακῶς
1257 2101 1466 2172 λέγεις;
1500 2102 1627 2155 Ὅτι
1669 2098 1744 2171 μὴ
1789 2115 1889 2153 κα-

298 2200 613 2269 ταφρονεῖς,
637 2197 766 2268 ἔφη,
798 2197 892 2253 τὸν
916 2195 1104 2261 κακῶς
1126 2196 1377 2266 λέγοντα.

371 2289 673 2359 Διογένης.
702 2317 776 2332 -
800 2288 1228 2361 Λοιδορούμενος
1255 2287 1362 2342 ὑπό
1403 2288 1552 2350 τίνος
1581 2281 1884 2355 φαλακροῦ,

297 2379 427 2453 ἔφη’
456 2381 527 2435 Σὲ
563 2381 664 2453 μὲν
692 2381 791 2453 οὐχ
816 2379 1048 2453 ὑϐρίζω,
1080 2380 1181 2445 τὰς
1218 2378 1276 2434 δὲ
1298 2378 1620 2451 τρίχαςσου
1650 2372 1883 2439 ἐπαινῶ,

296 2474 383 2528 δτι
410 2474 583 2528 κακὸν
604 2473 870 2545 ἐξέφυγον
902 2471 1146 2546 κρανίον.

369 2651 640 2723 Ἡροδότου
689 2649 750 2705 δέ
795 2667 941 2729 τινος
980 2650 1170 2714 κακῶς
1226 2646 1701 2717 αὐτὸνλέγοντοςι
1745 2642 1876 2714 ἔφη’

306 2743 498 2815 Χαίρω
523 2743 716 2816 ἐχθρός
760 2761 855 2799 σου
905 2742 1232 2816 γενόμενος·
1263 2742 1328 2795 σὺ
1374 2740 1485 2812 γὰρ
1537 2738 1598 2792 οὐ
1640 2734 1768 2801 τοὺς
1792 2737 1886 2807 έχ-

308 2834 497 2907 θροὺς,
521 2835 655 2893 ἀλλὰ
684 2837 812 2900 τοὺς
844 2835 1035 2906 φίλους
1070 2833 1264 2898 κακῶς
1296 2833 1493 2897 ποιεῖς.

389 2926 726 2995 Ἀρίστιππ.
749 2956 821 2969 -
852 2926 1211 2998 ’Δρίστιππος
1253 2921 1614 2995 ὑϐριζόμενος
1649 2919 1755 2974 ὑπό
1794 2937 1881 2973 τι-

1999 1644 2099 1700 abs
2134 1652 2189 1701 te
2215 1644 2368 1700 dicta
2394 1644 2520 1701 aliis
2549 1644 2774 1701 referet.

2062 1735 2351 1792 Moschion.
2389 1767 2460 1777 —
2482 1737 2529 1791 A
2555 1737 2747 1793 multis
2777 1737 2936 1792 malis
2970 1737 3211 1803 traduci,
3254 1753 3441 1809 neque
3485 1755 3586 1795 ve-

1990 1842 2117 1882 rum
2138 1835 2224 1882 est
2251 1841 2356 1882 nec
2383 1841 2587 1881 nosam
2615 1823 2811 1893 alfert;
2850 1826 2920 1881 ab
2959 1840 3074 1881 uno
3102 1834 3294 1881 autem
3323 1827 3473 1883 bono
3493 1844 3586 1884 re-

1987 1918 2280 1991 prehendi,
2308 1926 2366 1973 et
2391 1933 2583 1973 verum
2610 1926 2667 1972 et
2697 1917 2831 1973 utile
2850 1926 2956 1973 est;

2064 2015 2370 2069 Demonact.
2398 2042 2470 2053 --
2491 2011 2781 2084 (Ξιιιριιιιιετ
2803 2011 3045 2083 quodam
3090 2014 3363 2085 SOpbista.
3419 2020 3587 2084 atque

1987 2106 2210 2162 dicente
2241 2124 2256 2160 :
2284 2103 2427 2172 Quid
2465 2119 2646 2160 causae
2670 2111 2757 2172 est
2797 2119 2900 2159 cur
2946 2104 3257 2161 maledictis
3307 2104 3588 2162 incessas?

1987 2199 2147 2267 Quod
2189 2207 2269 2261 tu,
2300 2198 2500 2269 inquit,
2534 2198 2905 2253 incessentem
2930 2213 3042 2253 non
3064 2211 3408 2253 contemnas.

2057 2290 2336 2361 Diogenes.
2358 2286 2588 2344 -—Cum
2621 2304 2653 2343 a
2680 2287 2837 2343 calvo
2882 2288 3121 2359 quodam
3182 2288 3434 2343 convicio
3470 2286 3589 2343 aﬂi-

1986 2388 2239 2436 ceretur:
2267 2376 2414 2444 Tibi,
2464 2376 2668 2447 inquit,
2694 2376 3089 2433 contumeliam
3128 2392 3239 2432 non
3290 2376 3439 2442 dico,
3470 2377 3581 2430 sed

1986 2469 2216 2541 capillos
2246 2477 2371 2525 tuos
2390 2467 2580 2534 laudo,
2613 2467 2762 2539 quod
2818 2467 3019 2522 malam
3061 2466 3361 2539 eﬂ‘ugerint
3408 2466 3587 2524 calva-

1987 2579 2196 2708 nagbm
2217 2650 2296 2717 illi
2315 2648 2569 2720 proditor
2588 2647 2815 2718 quidam
2831 2646 3202 2702 obtrectaret:
3224 2644 3475 2710 Gaudeo,
3503 2643 3587 2697 in-

1984 2748 2127 2820 quit,
2148 2762 2237 2803 me
2264 2745 2471 2801 factum
2494 2743 2778 2799 inimicum
2795 2749 2979 2808 tuum;
2997 2755 3107 2796 non
3135 2740 3283 2797 enim
3324 2736 3585 2810 inimicis,

1983 2839 2080 2895 sed
2108 2837 2303 2894 amicis
2322 2836 2464 2892 male
2492 2834 2663 2891 facis-
2764 2870 2774 2884 .

2054 2932 2376 3003 Aristippus.
2399 2927 2813 2997 «Aristippus
2839 2939 2968 2981 cum
3004 2923 3350 2980 contumelia
3385 2938 3416 2978 a
3446 2937 3588 2995 quo-

303 3034 414 3084 νος,
446 3015 741 3089 ἀνεχώρει·
776 3017 873 3072 τοῦ
919 3017 989 3071 δὲ’
1024 3014 1409 3078 ἐπιδιώκοντος
1453 3012 1549 3068 καὶ
1603 3011 1879 3081 λέγοντος,

2011 3026 2114 3081 lam
2143 3023 2479 3088 adiceretur,
2511 3020 2828 3077 seced’ebat.
2858 3016 3126 3073 Maledico
3162 3026 3347 3071 autem
3399 3004 3589 3086 perse-

298 3109 528 3179 Φεύγεις
546 3127 581 3176 ;-
609 3110 743 3175 Ναὶ,
806 3110 912 3183 ἔφη
931 3126 946 3142 ·
966 3127 1070 3164 του
1100 3110 1199 3182 μὲν
1245 3109 1363 3182 γὰρ
1387 3106 1577 3170 κακῶς
1602 3105 1785 3175 λέγειν
1813 3105 1879 3160 σὺ

2011 3126 2208 3191 mente,
2230 3135 2294 3175 ac
2314 3118 2533 3175 dicente
2574 3135 2588 3171 :
2626 3115 2825 3187 Fugis?
2858 3113 3061 3178 Etiam,
3108 3111 3319 3183 inquit;
3344 3127 3473 3166 nam
3506 3118 3588 3166 ιιι.

302 3204 399 3274 τὴν
418 3203 672 3272 ἐξουσίαν
690 3202 858 3275 έχεις,
886 3203 982 3258 τοῦ
1004 3204 1063 3259 δὲ
1094 3203 1171 3277 μὴ
1193 3202 1436 3269 ἀκούειν,
1465 3198 1597 3270 ἐγώ.

372 3385 656 3441 Πελοπιδ.
688 3415 759 3426 -
784 3384 1086 3450 Πελοπίδας
1109 3383 1361 3456 ἀνδρείου
1397 3381 1738 3455 στρατιώτου
1765 3380 1886 3435 δια-

303 3476 597 3548 ϐληθέντος
617 3478 787 3550 αὐτῷ,
812 3478 890 3544 ὡς
920 3477 1378 3550 βλασφημοῦντος
1416 3474 1601 3530 αὐτόν·
1643 3473 1789 3543 Ἐγὼ
1817 3472 1888 3529 τὰ

305 3567 408 3639 μὲν
457 3568 619 3641 ἔργα,
661 3569 793 3643 ἔφη,
849 3570 1017 3625 αὐτοῦ
1053 3569 1262 3642 βλέπω,
1321 3566 1431 3624 τῶν
1474 3566 1533 3623 δὲ
1574 3566 1749 3637 λόγων
1789 3566 1889 3620 οὐκ

297 3660 539 3731 ἥκουσα.

961 3772 1250 3844 Φιλήμον.

412 3865 619 3939 ᾟδιον
639 3867 827 3939 οὐδὲν
848 3866 992 3923 οὐδὲ
1009 3866 1460 3939 μουσικώτερον

414 3936 610 4009 Ἕς-’ἢ-
624 3937 921 4009 δύνασθαι
962 3936 1429 4009 ᾼοιδορούμενον
1454 3938 1679 4009 φέρειν.

410 4007 522 4065 Καὶ
552 4007 661 4078 γὰρ
694 4011 728 4063 ὁ
754 4007 1066 4078 λοιδορῶν,
1098 4008 1176 4064 ἂν
1207 4006 1725 4078 δ’λοιδορούμενος
1764 4052 1791 4073 ,

410 4078 512 4144 Μὴ
542 4077 972 4148 προσποιῆται,
1001 4078 1361 4147 λοιδορεῖται
1391 4077 1760 4148 ὀλοιδορῶν.

371 4195 636 4262 Δημοσθ.
671 4222 739 4233 -
762 4180 1136 4264 Δημοσθένης,
1163 4184 1582 4266 λοιδορουμένου
1622 4192 1770 4256 τινος
1798 4192 1902 4245 αὐ-

289 4282 421 4337 τόν’
457 4282 532 4335 Οὐ
561 4282 1007 4351 συγκαταϐαίνω,
1042 4278 1218 4349 εἶπεν,
1250 4285 1329 4346 εἰς
1351 4282 1565 4353 ἀγῶνα,
1590 4285 1649 4339 ὲν
1681 4275 1726 4351 ᾧ
1756 4282 1791 4337 ὁ
1818 4299 1900 4336 νι-

294 4374 556 4446 κώμενος
582 4372 678 4429 τοῦ
704 4373 963 4438 νικῶντὸς
988 4375 1107 4428 ἐστι
1137 4374 1427 4446 κρείττων.

951 4487 1230 4557 Μενάνδρ
1239 4530 1252 4543 .

299 4580 505 4634 Οὐδὲν
523 4579 812 4649 διαϐολῆς
838 4581 1013 4634 ἐστιν
1044 4580 1503 4649 ἐπιπονώτερον.

300 4651 437 4716 Τὴν
457 4652 527 4704 ἐν
550 4651 731 4720 ἑτέρῳ
754 4652 865 4719 γὰρ
891 4649 1175 4721 κειμένην
1196 4651 1513 4721 ἁμαρτίαν,

308 4721 444 4802 Ἀεὶ
467 4717 702 4802 μέμψις
731 4717 893 4802 ἰδίαις
910 4720 961 4802 (ἱ
976 4717 994 4791 )
1022 4720 1211 4802 αὐτὸν
1234 4717 1578 4802 daily-apter;
1602 4717 1831 4774 λαϐεῖν.

291 4790 527 4856 Ὀστις
563 4792 633 4844 δὲ
667 4790 983 4855 διαϐολαῖς
1006 4792 1272 4845 πείθεται
1296 4790 1468 4859 ταχὺ,

293 4861 487 4914 ’Ἠτοι
517 4862 781 4928 πονηρὸς
801 4862 984 4926 αὑτός
1004 4862 1135 4915 ἑστι
1163 4860 1291 4926 τοῖς
1315 4860 1577 4928 τρόποις,

288 4931 386 4986 Ἦ
407 4930 756 4985 παντάπασι
787 4931 1104 5002 παιδαρίου
1129 4929 1376 5001 γνώμην
1397 4930 1546 5000 ἔχει.

390 5040 611 5112 Ῥηγιν.
628 5073 700 5083 -—
713 5042 908 5099 Πολλοὶ
927 5044 1063 5113 γοῦν
1081 5045 1184 5116 ἥδη
1221 5044 1394 5116 μείζω
1409 5044 1558 5099 κακὰ
1591 5043 1895 5097 πεπόνθασι

270 5134 414 5191 ὑπὸ
446 5133 556 5188 τῶν
583 5135 873 5204 διαϐολῶν,
898 5137 931 5208 ἢ
968 5137 1077 5192 τῶν
1100 5137 1408 5209 πολεμίων·
1448 5138 1544 5191 καὶ
1574 5136 1759 5191 πολλοὶ
1789 5135 1890 5207 ἤδη

1900 4828 1904 4832 .
1996 4782 2242 4849 Quisquis
2269 4782 2449 4839 statim

1983 3213 2128 3268 male
2182 3210 2409 3267 dicendi
2479 3217 2813 3281 potestatem
2872 3205 3070 3272 habes,
3132 3219 3234 3276 ego
3309 3220 3421 3259 non
3486 3218 3589 3257 au-

1983 3302 2365 3464 dlziie‘lbpidas.
2396 3421 2467 3431 ——
2507 3390 2822 3461 PeIOpidas,
2868 3360 2995 3444 cuni
3050 3385 3197 3457 apud
3237 3399 3365 3440 eum
3430 3382 3590 3438 fortis

1987 3486 2211 3557 quidam
2249 3484 2410 3539 miles
2439 3482 2659 3538 delatus
2690 3490 2860 3547 esset,
2910 3480 3061 3551 quod
3087 3478 3193 3549 ipsi
3248 3478 3585 3546 obloquere-

1989 3584 2122 3633 tur:
2152 3576 2289 3647 Ego,
2326 3573 2529 3644 inquit,
2572 3571 2717 3628 facta
2748 3572 2871 3643 ejus
2906 3570 3099 3638 ,video,
3142 3566 3313 3622 verba
3348 3581 3459 3621 non
3485 3580 3585 3619 au.

1936 3738 1939 3745 η
1993 3666 2129 3724 divi.

2610 3773 2960 3829 Philemonis.

1994 3871 2142 3931 Nihil
2168 3870 2406 3934 suavius,
2440 3875 2489 3922 et
2515 3869 2670 3934 quasi
2698 3867 2771 3922 ad
2805 3879 3067 3934 numeros,
3076 3859 3375 3934 jucundius

1888 3934 1909 3940 ⁶
1993 3944 2112 4009 Est,
2149 3958 2309 4014 quam
2334 3931 2401 4014 ut
2421 3931 2716 4014 maledictis
2745 3937 3009 4014 appetitu_s
3044 3931 3183 4014 ferre
3211 3931 3398 4003 possis.

1992 4006 2209 4069 Etenim
2231 4011 2492 4076 conuicia,
2518 4011 2565 4064 si
2596 4011 2664 4073 is,
2698 4009 2755 4080 in
2783 4006 2937 4080 quem
2959 4006 3270 4080 jactantur,

1992 4082 2327 4149 Dissimulet,
2364 4083 2421 4136 in
2447 4071 2534 4136 sui
2581 4071 2810 4151 proclive
2837 4071 3108 4133 auctorem
3139 4071 3401 4127 recidunt.

2065 4199 2337 4254 Demosth.
2360 4227 2433 4239 -—-
2458 4197 2877 4259 Demosthenes,
2907 4209 3034 4249 cum
3052 4191 3113 4248 ei
3139 4189 3365 4262 quidam
3395 4186 3587 4243 convi-

1995 4293 2145 4349 cium
2176 4290 2417 4346 faceret:
2445 4289 2567 4343 Non
2609 4286 2911 4351 descendo,
2942 4284 3143 4356 inqu-it,
3188 4282 3243 4337 in
3270 4271 3576 4343 certamen,

1928 4394 1977 4454 ι)
2004 4382 2062 4439 in
2090 4398 2200 4455 quo
2220 4383 2401 4438 victus
2428 4382 2640 4437 victore
2661 4379 2917 4450 superior
2940 4386 3047 4434 est.

2638 4489 2943 4545 Menandri.

1995 4583 2141 4638 Nihil
2159 4594 2162 4598 ‘
2177 4582 2450 4637 calumnia
2479 4580 2750 4635 molestius
2777 4588 2873 4633 est;

1995 4650 2148 4714 Quod
2178 4650 2320 4699 enim
2358 4644 2518 4714 alteri
2557 4654 2829 4714 peccatum
2855 4644 3013 4707 inest,

1995 4712 2163 4785 Suam
2200 4731 2409 4785 semper
2445 4712 2617 4785 labem
2648 4723 2828 4785 sumat
2862 4728 3069 4785 necesse
3097 4726 3197 4783 est,

2475 4783 2637 4854 ﬁdem
2665 4784 2946 4839 calumniis
2979 4782 3156 4842 habet.

2003 4853 2301 4927 ξϐἀνΑιιι
2340 4856 2572 4909 moribus
2600 4856 2854 4927 improbis
2883 4854 3136 4927 praeditus
3166 4861 3265 4913 est,

1996 4927 2106 4979 Aut
2130 4925 2402 4996 ingenium
2427 4941 2644 4994 prorsus
2669 4925 2874 4996 puerile
2894 4925 3068 4980 habet.

2065 5044 2302 5115 Rhegini.
2353 5073 2425 5082 —
2478 5040 2631 5096 Multi
2682 5041 2794 5111 jam
2882 5036 3185 5108 majoribus
3241 5031 3399 5088 malis
3450 5029 3586 5088 affe-

1992 5137 2070 5192 cti
2121 5144 2252 5191 sunt
2317 5142 2543 5190 auctore
2579 5130 2878 5195 calumnia,
2950 5144 3117 5200 (μιιιιιι
3173 5127 3418 5183 hostium
3474 5123 3584 5179 vi:

1844 5295 2073 5354 NOTAE.

369 5415 454 5489 (ἰ)
497 5415 612 5471 Ἀεὶ
636 5372 868 5497 μέμψιν
896 5416 1078 5497 ἰδίανἶ
1103 5418 1429 5497 _Ele_gantem
1451 5414 1735 5497 Menandri
1765 5415 1895 5495 iam:

1988 5413 2305 5485 iudicetur,
2322 5412 2485 5482 longe
2522 5409 2804 5485 gesner-us
2829 5405 3111 5485 circuitu,‘
3135 5404 3191 5458 in
3218 5405 3583 5485 contrarium

261 5474 472 5551 bu‘ni,
507 5502 618 5557 quo
636 5474 951 5559 'siign'iﬁcat,
987 5474 1269 5559 quidquin
1298 5487 1439 5559 labis
1484 5487 1650 5559 inest,
1685 5488 1760 5549 ei,
1787 5484 1895 5559 qui
1988 5474 2239 5559 torquet,
2276 5474 2644 5559 dum‘reddit,
2678 5477 2896 5559 Necesse
2929 5484 3022 5559 est
3048 5474 3314 5558 illuminet
3377 5475 3469 5559 qui
3497 5490 3591 5556 ca-

259 5545 652 5620 Esslumriiam
689 5545 1159 5628 p’atitur,'in‘eutn
1186 5556 1401 5614 rcfundi
1430 5557 1525 5627 qui
1559 5545 1894 5612 calumniam
2000 5545 2533 5628 lum'niampatitnr,
2556 5550 2831 5628 proprium
2862 5545 3590 5628 crimcnnsuscipere.'Dixis:

260 5629 485 5694 facit;
520 5630 614 5698 qui
661 5629 942 5691 nimirum,
980 5644 1091 5698 quo
1132 5628 1308 5699 magis
1340 5628 1642 5699 vituperat,
1679 5642 1902 5699 eoma-

2003 5634 2107 5687 sct,
2136 5625 2228 5694 qni
2261 5615 2421 5690 infert
2449 5615 2799 5686 calumniam,
2836 5634 2941 5676 nec
2972 5632 3004 5670 a
3057 5615 3346 5673 Menandri
3394 5616 3613 5685 procul.

252 5693 416 5781 ᾖοτὶ
469 5693 589 5770 ipse
621 5701 819 5770 dignus
866 5693 1138 5770 vituperio
1191 5693 1479 5771 ni'agisquc'
1527 5697 1904 5755 calumniosus
2006 5693 2193 5754 mente
2228 5693 2479 5751 abiisset.
