3994 6172
425 250 529 315 787

1589 243 1649 302 S.
1691 241 1974 302 ΜΛΧΙΜΙ
2013 241 2520 324 CONFESSORIS

3582 245 3692 309 788

427 358 724 428 multisque
786 357 898 427 iam
942 354 1114 423 magis
1157 354 1343 407 nocuit
1388 354 1605 407 aurium
1671 352 1996 419 inﬁrmitas,

2127 353 2279 418 ιείζω
2315 354 2604 425 ἠδίκηνται
2654 352 2760 406 ὑπὸ
2810 353 2910 424 τῆς
2941 354 3050 408 τῶν
3099 351 3256 408 ὢτων
3311 353 3616 422 ἀσθενείας,
3646 358 3687 429 ,ἢ

426 465 587 520 quam
627 446 772 517 quod
810 445 1158 499 inimicorum
1200 454 1326 497 sunt
1355 442 1582 513 appetiti
1614 443 1849 497 insidiis.

1066 556 1370 612 Cleanthes.

424 657 569 711 Nihil
597 670 819 724 usquam
849 649 1132 724 calumnia,
1159 648 1575 724 maleﬁcentius:

424 726 579 780 Clam
605 720 746 778 enim
774 722 1008 781 seducto,
1044 722 1133 790 qui
1168 720 1328 788 ﬁdem
1366 720 1571 790 habuit,

423 797 613 850 Odium
645 793 897 862 conﬁngit
929 794 985 845 in
1023 789 1142 845 eum
1177 791 1267 860 qui
1329 789 1464 843 nihil
1504 805 1622 842 reus
1662 790 1751 843 sit.

488 907 654 963 Sexti.
690 936 761 947 ——
789 906 896 972 Qui
953 906 1192 960 amicum
1221 905 1526 968 cavillatur,
1590 903 1741 958 nulla
1804 902 1976 974 dignu

420 1001 492 1055 sit
530 999 806 1064 laude,vel
843 999 891 1054 si
917 1014 1044 1052 vera
1080 997 1304 1050 dixerit.

490 1091 1047 1164 Chrysippi.—Cum
1101 1090 1326 1160 quidam
1365 1089 1417 1145 ei
1477 1089 1716 1144 diceret:
1776 1089 2000 1146 Amicus

419 1185 730 1239 clanculum
757 1185 980 1255 sugillat
1003 1199 1066 1238 ac
1115 1182 1355 1238 detrahit
1400 1200 1412 1236 :
1449 1181 1763 1245 Hominem,
1798 1182 1997 1252 inquit,

422 1292 490 1331 ne
520 1275 774 1346 arguito;
807 1275 1010 1345 quippe
1043 1275 1186 1330 idem
1220 1274 1398 1344 palam
1421 1273 1672 1328 facturus
1695 1281 1800 1327 est.

488 1363 637 1418 idem
671 1380 700 1418 a
721 1364 840 1418 viro
863 1364 1105 1433 quodam
1130 1379 1363 1433 nequam
1395 1364 1584 1418 multis
1611 1363 1843 1419 allectus
1863 1378 1998 1419 con-

419 1449 578 1505 viciis
603 1468 616 1503 :
639 1449 880 1520 Optime,
914 1451 1322 1521 inquit,iecisti,
1353 1452 1501 1522 quod
1525 1468 1721 1507 eorum
1751 1469 1874 1523 qua:
1905 1461 1998 1508 tua

419 1553 603 1609 erant,
643 1543 785 1598 nihil
827 1543 1106 1614 reliquum
1138 1543 1357 1599 feceris.

487 1634 636 1689 Idem
669 1634 944 1690 referente
976 1634 1215 1705 quodam
1279 1636 1573 1692 nonnullos
1612 1636 1664 1691 ei
1707 1635 2000 1703 detrahere

2109 447 2214 500 ὑπὸ
2252 448 2349 518 τῆς
2374 447 2483 501 τῶν
2515 446 2728 519 ἐχθρῶν
2755 446 3075 516 ἐπιϐουλῆς.

2760 560 3016 617 lasciva.

2106 657 2588 724 Ῑίακουργότερον
2611 655 2791 709 οὐδὲν
2810 654 3095 722 διαϐολῆς
3131 655 3268 710 ἐστι
3295 672 3434 712 που.

2113 726 2307 792 Λάθρα
2330 727 2438 792 γὰρ
2465 726 2836 793 ἀπατήσασα
2855 725 2964 779 τὸν
2993 726 3427 794 πεπεισμένον,

2103 798 2299 862 Μῖσος
2319 795 2684 850 ἀναπλάττει
2715 796 2860 863 πρὸς
2879 795 2988 848 τὸν
3011 795 3196 849 οὐδὲν
3223 797 3438 851 αἴτιον.

2176 906 2346 971 Σέξτ.
2381 929 2449 948 -ι-
2483 908 2544 960 '0
2585 905 2950 963 ὲνδιαϐἀλλων
2983 906 3159 977 φίλον,
3192 908 3267 982 μὴ
3301 910 3677 982 εὐδοκιμείτω,

2103 998 2204 1052 κᾶν
2226 999 2400 1068 ἀληθῆ
2431 998 2584 1069 λέγῃ,

2172 1091 2478 1156 Χρυσίππ.
2497 1117 2564 1128 -
2581 1088 2842 1152 Εἰπόντος
2871 1087 3020 1158 αὐτῷ
3047 1106 3212 1156 τινος,
3241 1091 3299 1144 '0
3323 1091 3472 1159 φίλος
3495 1109 3552 1145 σε
3578 1092 3677 1146 λά-

2103 1179 2210 1250 θρα
2241 1180 2492 1250 λοιδορεῖ,
2529 1179 2654 1249 ἔφη·
2695 1180 2788 1251 Μὴ
2819 1180 3013 1252 ἔλεγχε
3055 1181 3240 1247 αὐτὸν,
3276 1183 3400 1235 ἐπεὶ
3430 1182 3674 1254 φανερῶς

2104 1272 2234 1325 αὐτὸ
2258 1271 2368 1342 ἔχει
2405 1270 2635 1343 [μέλλει]
2663 1275 2858 1325 ποιεῖν.

2184 1365 2243 1417 '0
2280 1363 2441 1427 αὐτὸς
2486 1364 2593 1418 ὑπό
2626 1381 2772 1428 τινος
2818 1363 3058 1435 πονηροῦ
3110 1364 3283 1419 πολλὰ
3317 1363 3672 1435 λοιδορηθεὶς,

2099 1457 2224 1528 ἔφη’
2267 1457 2544 1511 Κάλλιστα
2584 1457 2868 1528 ἐποίησας,
2901 1456 3066 1528 μηδὲν
3114 1474 3198 1511 σοι
3229 1458 3340 1511 τῶν
3370 1457 3676 1527 προσόντων

2099 1566 2176 1604 πα
2185 1548 2448 1621 ραλιπών.
3009 1589 3012 1592 ~

2183 1643 2240 1694 '0
2279 1641 2465 1704 αὐτὸς,
2495 1640 2642 1703 τινὸς
2677 1639 2930 1708 λέγοντος
2967 1639 3051 1693 ὅτι
3097 1639 3168 1692 Σέ
3218 1656 3361 1702 τινες
3407 1639 3675 1710 λοιδοροῦ-

340 1753 342 1755 ν
415 1742 480 1783 ac
511 1727 760 1799 obloqui:
793 1728 863 1783 At
891 1745 1015 1801 ego,
1051 1730 1251 1800 inquit,
1279 1729 1360 1785 sic
1389 1729 1516 1784 vitae
1541 1730 1785 1785 rationes
1837 1730 1997 1785 insti-

2127 1751 2212 1798 τιν,
2243 1733 2372 1804 ἔφη·
2419 1732 2562 1786 Ἀλλ’
2585 1731 2696 1801 ἐγὼ
2724 1731 2897 1796 οὕτως
2928 1731 3116 1796 διάξω,
3153 1731 3296 1784 ὥστε
3331 1732 3676 1786 ἀπιστεῖσθαι

416 1827 588 1887 tuam,
619 1831 680 1877 ut
701 1838 864 1879 nemo
893 1823 1003 1880 illis
1031 1824 1190 1879 ﬁdem
1218 1824 1508 1878 habiturus
1532 1824 1624 1880 sit.

483 1911 713 1967 Liciani.
742 1945 815 1954 —
841 1914 974 1981 Quis
1003 1932 1113 1970 non
1152 1915 1414 1981 fateatur,
1439 1917 1497 1970 in
1539 1916 1799 1972 omnibus
1834 1917 2002 1972 rebus

412 2004 804 2074 mqualitatem,
857 2006 1109 2076 nihilque
1173 2007 1408 2062 nimium
1479 2016 1574 2061 aut
1643 2007 1996 2073 redundans,

411 2095 639 2165 iustitia
664 2113 833 2168 opera
854 2113 1009 2166 esse;
1057 2099 1490 2169 inmqualitatem
1520 2115 1652 2154 vero
1675 2109 1734 2154 et
1769 2099 1994 2154 nimiam

417 2187 656 2245 habendi
685 2191 1074 2262 cupiditatem,
1110 2193 1418 2264 iniustitiae?
1447 2192 1614 2262 Atqui
1647 2193 1714 2255 is,
1759 2191 1856 2261 qui
1901 2206 1999 2246 ca—

413 2279 625 2334 lumnia
648 2280 914 2337 adversus
935 2283 1194 2338 absentes
1220 2283 1532 2337 clanculum
1603 2281 1801 2347 utitur,
1865 2280 1998 2350 quid

412 2377 499 2424 est
557 2385 656 2426 cur
684 2387 885 2428 avarus
907 2373 1144 2444 plusque
1187 2373 1429 2428 habendi
1483 2372 1870 2442 cupidus,seu
1896 2371 1998 2426 ini-

413 2477 557 2540 quus
592 2475 798 2534 raptor,
831 2480 941 2526 non
965 2467 1284 2521 censeatur?
1313 2466 1528 2536 Quippe
1560 2467 1656 2535 qui
1683 2471 1859 2520 totum
1889 2479 1989 2518 au-

2105 1827 2322 1891 αὐτούς.

2176 1924 2407 1974 Λικιαν.
2431 1948 2500 1957 -
2537 1917 2636 1981 Τίς
2674 1916 2784 1990 γὰρ
2813 1915 2914 1970 οὐκ
2943 1915 3009 1970 ἂν
3038 1915 3416 1986 ὁμολογήσειε,
3450 1914 3547 1986 τὴν
3579 1915 3676 1985 μὲν

2108 2012 2330 2081 ἰσότητα
2355 2011 2414 2063 ὲν
2437 2010 2636 2076 ἅπασι,
2663 2010 2759 2063 καὶ
2790 2008 2850 2062 τὸ
2902 2007 3069 2078 μηδὲν
3105 2006 3292 2071 πλέον,
3333 2006 3675 2077 δικαιοσύνης

2102 2103 2243 2174 ἔργα
2274 2098 2445 2155 εἶναι’
2465 2100 2528 2152 τὸ
2549 2101 2608 2154 δὲ
2637 2099 2820 2155 ἄνισόν
2846 2102 2906 2153 τε
2942 2097 3038 2150 καὶ
3073 2097 3416 2162 πλεονεκτὸν,
3443 2096 3673 2159 ἀδικίας

2115 2195 2171 2248 '0
2198 2194 2254 2247 δὲ
2285 2198 2352 2265 τῇ
2383 2192 2604 2264 διαϐολῇ
2635 2192 2780 2245 κατά
2812 2192 2922 2245 τῶν
2973 2190 3230 2244 ἁπάντων
3256 2189 3433 2260 λάθρα
3462 2186 3677 2258 χρώμε-

2096 2305 2206 2351 νος,
2247 2287 2365 2349 πῶς
2402 2287 2462 2339 οὐ
2516 2281 2852 2354 πλεονέκτης
2901 2283 3053 2337 ἐστίν
3081 2300 3098 2350 ;
3125 2281 3246 2336 ὂλον
3271 2281 3363 2334 τὸν
3399 2278 3674 2351 ἀκροατὴν

2099 2377 2577 2450 σφετεριζόμενος,
2628 2377 2722 2430 καὶ
2779 2373 3330 2446 προκαταλαμϐάνων
3388 2370 3556 2426 αὑτοῦ
3604 2368 3673 2422 τά

2095 2466 2360 2537 ὧτα,.καὶ
2383 2469 2765 2542 ἀποφράττων,
2797 2468 2892 2521 καὶ
2917 2467 2999 2537 τῷ
3021 2467 3180 2522 δευτέ
3196 2483 3273 2537 ρῳ
3306 2465 3449 2536 λόγῳ
3477 2478 3676 2516 παντε-

414 2555 652 2612 ditorem
681 2575 843 2612 suum
872 2559 1086 2625 reddat,
1108 2561 1340 2631 ejusque
1363 2567 1719 2629 praeoccupet
1744 2557 1988 2612 animum

2127 2563 2202 2627 ὦς
2249 2563 2423 2618 ἄϐατα
2469 2559 2899 2624 κατασκευάζων
2951 2558 3092 2613 αὐτὰ
3131 2556 3236 2610 ὑπὸ
3279 2557 3378 2627 τῆς
3426 2553 3676 2624 διαϐολῆς

416 2665 481 2704 ac
519 2665 686 2706 aures
764 2653 1041 2720 obstruat,
1068 2667 1207 2722 quas
1256 2655 1532 2708 calumnia
1579 2655 1840 2724 repletas,
1899 2666 1990 2708 se-

412 2743 602 2812 quenti
639 2744 1220 2814 sermoneimpervias
1264 2747 1595 2815 clausasque
1651 2743 1875 2800 etliciat.

1015 2850 1244 2936 SERMO
1281 2881 1353 2936 ιιι

977 2991 1052 3045 De
1089 2991 1416 3048 adulatione.

483 3107 609 3161 Luc.
642 3123 714 3173 γι,
737 3107 828 3162 26.
847 3137 914 3148 -
931 3107 1044 3170 Vae,
1070 3107 1610 3164 cumbenedixerint
1634 3107 1796 3164 vobis
1816 3107 1998 3163 homi-

416 3215 534 3255 llCS.

483 3291 658 3356 ludar,
702 3293 784 3348 16.
817 3324 886 3333 —
913 3293 978 3348 Hi
1015 3303 1153 3366 sunt
1202 3303 1662 3357 murmuratores,
1693 3292 1998 3362 querulosi,

363 3398 368 3407 '
411 3385 718 3438 secundum
750 3384 1028 3440 desideria
1051 3401 1150 3440 sua
1182 3386 1562 3452 ambulantes;
1597 3397 1654 3440 et
1713 3399 1776 3440 os
1811 3400 2002 3440 eorum

412 3476 656 3546 loquitur
729 3477 1002 3546 superba,
1089 3477 1359 3534 mirantes
1434 3491 1702 3547 personas
1759 3487 2005 3546 quaestus

409 3579 596 3621 causa.

473 3655 633 3711 Prov.
666 3657 1010 3724 xxvr,22.—
1040 3657 1339 3713 Sermones
1372 3656 1728 3712 adulatorum
1762 3659 1959 3715 molles
1986 3677 2000 3713 :

411 3747 468 3815 hi
496 3765 625 3805 vero
659 3750 868 3805 feriunt
907 3752 1216 3822 penetralia
1247 3751 1542 3807 viscerum.

482 3841 679 3897 Melior
709 3851 794 3898 est
831 3842 918 3898 vir
947 3858 1210 3914 arguens,
1258 3857 1424 3913 quam
1457 3841 1620 3907 alter,
1655 3841 1752 3912 qui
1805 3841 2003 3897 adule-

413 3937 527 3982 tur.

479 4020 592 4074 Isa.
643 4039 722 4087 ιιι,
771 4021 858 4076 12.
884 4052 953 4061 -
978 4021 1082 4088 Qui
1127 4023 1318 4078 beatos
1359 4037 1457 4077 vos
1497 4023 1711 4089 dicunt,
1750 4023 1855 4094 ipsi
1905 4038 2005 4078 vos

413 4110 725 4179 decipiunt,
747 4118 802 4163 et
824 4109 1078 4164 semitam
1105 4111 1322 4165 viarum
1348 4109 1639 4179 dissipant.

482 4200 642 4271 565
661 4201 944 4256 Basilii.—-—
969 4202 1262 4272 Fugiamus
1299 4203 1673 4257 adulationem
1705 4210 1762 4257 et
1809 4215 2003 4256 assen-

2100 2655 2594 2728 προπεπλησμένα.

2685 2874 2904 2928 ΛΟΓΟΣ
2939 2874 3022 2926 IA'
3049 2873 3116 2926 ’⁷.

2646 2989 2784 3056 Περὶ
2816 2987 3156 3052 κολακείας.

2176 3111 2355 3160 Amm.
2386 3105 2475 3170 ς’.
2507 3131 2574 3142 -—
2597 3081 2735 3154 Οὐαὶ
2759 3103 2891 3156 ὅταν
2937 3097 3120 3162 καλῶς
3165 3098 3393 3151 εἴπωσιν
3437 3097 3583 3168 ὑμᾶς
3627 3097 3686 3152 οί

2104 3197 2200 3253 ἄνθ
2208 3214 2400 3268 ρωποι.

2185 3287 2452 3342 Ἰουδ.--
2497 3279 2658 3340 Οὗτοί
2719 3284 2825 3337 εἱσι
2879 3280 3206 3351 γογγυσταί,
3282 3277 3679 3350 μεμψίμοιροι,

2107 3375 2247 3429 κατὰ
2279 3373 2577 3444 ἐπιθυμίας
2631 3372 2812 3427 αὐτῶν
2859 3371 3242 3442 πορευόμενοι,
3273 3369 3368 3422 καὶ
3415 3367 3476 3420 τὸ
3505 3370 3682 3436 στόμα

2107 3467 2288 3522 αὐτῶν
2310 3467 2463 3520 λαλεῖ
2485 3467 2793 3537 ὑπέρογκα,
2825 3463 3208 3534 θαυμάζοντες
3239 3460 3513 3530 πρόσωπα
3544 3457 3682 3528 ὠφε-

2105 3559 2252 3622 λείας
2278 3558 2458 3630 χάριν.
3137 3554 3141 3558 ’
3382 3565 3384 3567 ’

2176 3655 2420 3721 Παροιμ.
2453 3647 2595 3716 KG‘.
2614 3677 2684 3686 —
2707 3646 2870 3714 Λόγοι
2897 3643 3203 3716 κερκώπων
3237 3641 3500 3714 μαλακοίο
3530 3634 3681 3696 οὗτοι

2105 3748 2161 3801 δὲ
2188 3746 2482 3802 τύπτουσιν
2513 3745 2593 3806 είς
2614 3744 2814 3814 ταμεῖα
2849 3740 3195 3813 σπλάγχνων.

2176 3840 2446 3908 Κρεῖσσον
2479 3835 2671 3905 ἀνδρὸς
2730 3834 3068 3904 ἐλέγχοντος,
3122 3833 3264 3904 ὑπὲρ
3308 3832 3468 3888 ἄλλου
3516 3829 3678 3885 κολα-

2105 3928 2380 3988 κεύοντος.

2187 4023 2380 4077 Ἠσατ.
2412 4021 2495 4074 l"'.
2520 4047 2589 4058 ——
2621 4019 2687 4073 Ol
2723 4015 3122 4088 μακαρίζοντες
3182 4015 3350 4086 ὑμᾶς,
3403 4013 3680 4069 πλανῶσιν

2106 4096 2271 4181 ὑμᾶς,
2304 4111 2398 4164 καὶ
2421 4108 2518 4181 τὴν
2552 4108 2738 4180 τρίϐον
2764 4106 2874 4159 τῶν
2898 4105 3035 4160 ὁδῶν
3071 4107 3460 4178 ταράσσουσιν.

2177 4199 2522 4254 Βασίλειον.
2548 4227 2615 4239 ι-
2647 4197 2912 4265 Φύγωμεν
2960 4197 3251 4260 κολακείας
3282 4198 3378 4250 καὶ
3417 4181 3696 4277 θωπείας

414 4288 701 4354 tationem,
729 4298 787 4344 et
822 4288 1108 4345 insidiosae
1154 4290 1336 4361 vulpis
1379 4290 1642 4345 astutiam
1690 4289 1985 4359 variasque

2127 4293 2190 4346 αὶ
2227 4291 2328 4360 τῆς
2373 4289 2661 4363 άρχιλόχου
2699 4290 2742 4322 ¹⁸
2783 4288 3065 4351 ἀλώπεκος
3116 4287 3174 4340 τὸ
3242 4285 3531 4358 κερδαλέον
3586 4274 3681 4343 καί.

413 4378 656 4434 traudcs.

482 4473 630 4543 Nihil
667 4474 816 4528 enim
844 4474 1156 4538 molestius,
1196 4473 1283 4527 his
1315 4474 1410 4542 qui
1458 4473 1563 4527 viri
1599 4472 1811 4528 cordati
1840 4481 1989 4536 sunt,

413 4581 575 4634 quam
607 4575 668 4620 ut
720 4565 787 4620 ad
830 4566 1063 4636 gloriam
1095 4567 1302 4629 vivant,
1339 4575 1396 4620 et
1442 4581 1564 4635 qua;
1593 4581 1660 4620 ex
1687 4565 1836 4634 vulgi
1865 4573 1996 4618 sunt

412 4659 674 4728 opinione
721 4658 921 4713 animis
960 4659 1270 4723 attendant,
1317 4674 1426 4712 non
1469 4666 1678 4712 rectam
1723 4657 1994 4712 rationem

412 4752 540 4806 vita:
571 4751 767 4806 ducem
797 4751 1111 4806 instituant.

486 4843 750 4914 Theologi.
774 4877 845 4886 —
875 4846 932 4901 Si
965 4861 1076 4910 me,
1112 4860 1245 4900 cum
1275 4843 1454 4899 malus
1484 4855 1688 4906 essem,
1716 4839 1999 4910 optimum

411 4931 780 4999 existimares,
812 4935 948 5005 quid
983 4949 1070 4989 me
1095 4933 1278 4988 facere
1299 4931 1624 5003 oporteret?
1651 4929 1996 4986 Deteriorem

414 5025 559 5090 ﬁeri,
601 5035 664 5080 ut
689 5028 862 5098 magis
887 5027 992 5082 tibi
1012 5025 1327 5097 placerem?
1351 5025 1471 5080 Non
1501 5024 1582 5079 sic
1610 5023 1747 5078 mihi
1770 5022 1995 5078 consul-

415 5125 530 5170 tum
563 5117 753 5173 velim.
780 5119 988 5174 Eadem
1045 5119 1286 5184 ratione,
1335 5133 1438 5173 nec
1470 5117 1517 5173 si
1557 5131 1628 5171 ex
1666 5115 1873 5170 virtute
1907 5113 1993 5167 vi-

413 5219 656 5274 ventem,
689 5225 777 5264 me
824 5209 1108 5265 offendere
1155 5225 1220 5264 ac
1251 5218 1478 5279 peccato
1520 5207 1632 5262 labi
1681 5205 1990 5268 arbitraris,

417 5300 496 5352 tui
527 5317 694 5358 causa
746 5302 970 5358 virtutis
1020 5304 1207 5359 vitam
1246 5302 1490 5357 mutabo.
1529 5300 1650 5354 Non
1691 5299 1846 5354 enim
1891 5296 2001 5353 tibi

417 5395 610 5465 magis,
639 5412 806 5466 quam
837 5396 1089 5453 mihimet
1107 5396 1212 5466 ipsi
1240 5395 1393 5448 vivo.

2099 4386 2363 4440 ποικίλον.

2169 4478 2334 4532 Οὐδὲν
2360 4476 2468 4547 γὰρ
2492 4474 2874 4547 χαλεπώτερον
2895 4479 3008 4540 τοῖς
3038 4470 3096 4530 εὖ
3125 4473 3401 4546 φρονοῦσι,
3427 4472 3523 4526 τοῦ
3544 4473 3678 4543 πρὸς

2099 4571 2256 4638 δόξαν
2286 4570 2406 4641 ζῇν,
2438 4570 2532 4622 καλ⁸
2556 4569 2624 4622 τά
2643 4570 2758 4632 τοῖς
2783 4567 2998 4631 πολλοῖς
3025 4564 3284 4621 δοκοῦντα
3305 4568 3678 4637 περισκοπεῖν,
3719 4570 3727 4576 ’

2101 4664 2196 4716 καὶ
2252 4661 2326 4734 μὴ
2386 4661 2479 4714 τὸν
2529 4659 2689 4731 ὀρθὸν
2742 4660 2900 4730 λόγον
2966 4658 3212 4731 ἡγεμόνα
3269 4657 3539 4711 ποιεῖσθαι
3584 4656 3680 4709 τοῦ

2099 4753 2236 4824 βίου.

2168 4845 2484 4916 Θεολόγου.
2515 4876 2585 4887 --
2613 4844 2675 4897 El
2706 4843 2773 4914 μὲ
2794 4843 2924 4896 ὂντα
2951 4842 3143 4906 κακὸν,
3181 4842 3400 4910 ἄριστον
3431 4839 3682 4909 ὑπελάμ-

2098 4938 2282 5002 ϐανες,
2305 4937 2358 4990 τί
2392 4953 2460 5008 με
2491 4939 2664 4990 ποιεῖν
2709 4935 2912 5006 ὲχρῆν;
2959 4930 3100 4988 εἶναι
3126 4932 3324 5004 μᾶλλον
3374 4930 3560 4996 κακὸν,
3591 4929 3682 4981 ἴνα

2099 5031 2266 5086 πλέον
2309 5031 2532 5103 ἀρέσκω
2560 5048 2677 5096 σοι;
2708 5029 2808 5083 οὐκ
2851 5029 2918 5082 ἂν
2959 5025 3118 5081 τοῦτο
3163 5023 3386 5097 ἐμαυτῷ
3423 5021 3683 5077 συνεϐού-

2098 5124 2288 5178 λευσα.
2343 5121 2530 5186 Οὕτως
2571 5121 2692 5176 οὐδὲ
2717 5122 2766 5174 εί
2793 5118 3162 5191 κατορθοῦντά
3195 5135 3261 5187 με
3301 5114 3516 5169 πταίειν
3543 5114 3684 5166 ὑπο-

2100 5215 2416 5285 λαμϐάνεις,
2449 5215 2508 5268 τὸ
2553 5211 2850 5284 κατορθοῦν
2901 5213 2991 5266 διὰ
3047 5212 3106 5264 σὲ
3151 5199 3548 5282 μεταϐήσομαι.
3606 5205 3682 5260 Οὐ

2101 5307 2178 5373 ζῶ
2210 5307 2316 5377 γὰρ
2342 5307 2425 5358 σοὶ
2453 5306 2657 5377 μᾶλλον.
2683 5306 2716 5378 ἢ
2747 5303 2991 5378 ἐμαυτῷ.

1714 5555 1798 5609 VA
1813 5555 1945 5608 R1213
1986 5552 2382 5611 LECTION’ES.

498 5672 538 5702 ιτ
581 5671 637 5723 ιιι
665 5672 830 5725 Gesn.
864 5672 1017 5726 Stob.
1042 5673 1128 5725 65.
1212 5671 1251 5701 ¹⁸
1277 5673 1397 5736 Bas.
1452 5671 1762 5743 ἁρχιλόγου.
