3990 6176
346 266 453 329 789

1651 261 1820 321 LOCI
1858 259 2293 321 COMMUNES.

3482 246 3591 310 790

415 369 572 422 Ἐστι
599 369 708 438 γὰρ
723 368 916 438 ἀνδρὸς
941 368 1338 440 μεγαλόφρονος
1366 367 1532 449 φίλων
1568 367 1920 438 ἀποδέχεσθαι

2092 368 2190 422 Est
2226 366 2374 421 enim
2407 363 2513 418 viri
2568 357 2924 430 magnanimi,
2988 365 3048 412 ut
3087 355 3386 409 amicorum
3425 353 3594 420 magis

345 462 546 534 μᾶλλον
577 459 907 530 ἐλευθερίαν,
939 461 973 530 ἢ
1009 459 1217 531 ἐχθρῶν
1241 460 1553 514 κολακείαν.

413 632 602 704 Πολλῷ
651 633 858 704 βέλτιον
900 634 1104 705 βραχέα
1161 634 1481 704 λυπήσαντα
1519 633 1750 704 μέγιστα
1783 635 1922 703 ὠφε-

2022 461 2334 514 libertatem
2366 455 2610 517 dicendi,
2642 466 2804 522 quam
2841 448 3191 502 inimicorum
3225 445 3594 498 adulationem

2023 553 2219 622 probet
2248 566 2311 604 ac
2334 547 2538 603 laudet.

2091 639 2260 692 Multo
2291 636 2464 691 satius
2495 643 2578 687 est
2604 629 2761 685 brevi
2812 627 3084 692 molestia,
3122 625 3355 678 maxima
3405 622 3593 677 conci-

341 728 536 800 λῆσαι,
584 727 618 798 ἢ
661 726 722 780 τδ
778 728 916 800 πρὸς
950 727 1146 798 ἡδονὴν
1189 725 1475 795 διώκοντα,
1523 727 1800 799 ζημιῶσαι
1845 725 1923 796 τῷ

2055 736 2157 787 lare
2195 733 2361 795 bona,
2401 743 2568 798 quam
2593 723 2865 795 voluptati
2894 720 3189 786 Studendo,
3230 716 3402 773 totius
3428 713 3627 770 sortis'

343 818 645 888 κεφαλαίῳ.

411 909 712 978 Χρυσόστ.
745 937 816 948 -
849 907 1018 960 Ὅταν
1047 905 1312 977 μεταϐολή
1339 924 1422 969 τις
1442 906 1666 977 γένηται
1702 909 1840 978 πρὸς
1865 907 1925 960 τὸ

342 1002 547 1070 χεῖρον,
595 999 717 1052 τότε
772 998 882 1051 τῶν
927 997 1178 1052 κολάκων
1233 999 1549 1068 ἀφαιρεῖται
1591 997 1660 1050 τὰ
1704 1015 1922 1068 προσω-

344 1095 496 1145 πεῖα.
567 1092 701 1144 Τότε
745 1092 775 1144 ὁ
804 1090 961 1160 χορὸς
997 1091 1280 1160 ἐλέγχεται
1331 1090 1440 1143 τῶν
1474 1090 1805 1159 ὑποκριτῶν,
1832 1090 1926 1144 καὶ⁸

344 1186 380 1253 ἡ
417 1183 618 1253 σκῆψις
664 1181 756 1235 τοῦ
800 1182 1149 1252 πράγματος.
1217 1181 1549 1250 Ἀνοίγονται
1595 1181 1814 1235 πάντων
1857 1182 1927 1235 τᾶι

345 1274 611 1343 στόματα,
663 1274 720 1327 '0
754 1273 974 1344 μιαρὸς,
1016 1272 1285 1340 λέγοντες,
1305 1274 1334 1326 ὁ
1355 1272 1613 1343 πονηρὸς,
1643 1274 1672 1324 ὁ
1701 1273 1925 1341 παμπό-

343 1380 529 1434 νηρος.
597 1363 672 1418 Οὐ
728 1363 853 1433 χθὲς
880 1363 1042 1417 αὐτὸν
1076 1363 1436 1428 ἐκολάκευες;
1507 1364 1569 1416 οὐ
1606 1365 1706 1426 τὰς
1737 1365 1926 1434 χεῖρας

345 1455 510 1509 αὐτοῦ
557 1454 902 1522 κατεφίλεις;
951 1455 1306 1525 Προσωπεῖον
1358 1453 1426 1528 ἦν
1470 1458 1674 1510 ἐκεῖνα.
1723 1451 1926 1509 *Ηλθεν

346 1545 380 1596 ὁ
408 1544 618 1614 καιρὸς,
648 1544 741 1597 καὶ
757 1542 959 1614 ἔρριψα
985 1544 1045 1597 τδ
1066 1547 1538 1614 προσωπεῖον,καὶ
1561 1545 1926 1616 ἀπεφηνάμην

345 1639 411 1705 τῇ
438 1635 662 1706 διανοίᾳ.

2017 825 2289 894 iacturam
2325 819 2551 874 inferre.

2093 915 2358 985 Chrysost.
2410 910 2634 966 -——Cum
2678 908 2735 961 in
2775 904 3024 960 deterius
3069 903 3302 958 mutatio
3347 902 3593 971 qnaedam

2023 1004 2332 1067 acciderit,
2379 1010 2514 1055 tunc
2547 1028 2549 1031 -
2578 997 2925 1053 adulatorum
2993 992 3326 1048 auferuntur
3391 992 3593 1044 larvaa:

2027 1107 2161 1153 tunc
2193 1094 2533 1149 histrionum
2593 1088 2886 1144 manifeste
2945 1086 3173 1148 chorus,
3232 1083 3424 1152 reique
3457 1098 3597 1152 prae-

2025 1199 2208 1246 textus
2231 1188 2564 1258 produntur.
2593 1181 2935 1252 Aperiuntur
2965 1177 3213 1232 omnium
3245 1191 3339 1229 ora
3374 1193 3388 1227 :
3417 1175 3599 1243 Impu-

2026 1299 2122 1337 rus
2169 1281 2285 1345 ille,
2343 1278 2689 1340 sceleratus,
2747 1271 3108 1338 omniumque
3151 1265 3596 1327 scelestissimus,

2026 1375 2264 1430 dicunt:
2302 1383 2380 1434 at,
2437 1369 2581 1424 Num
2627 1366 2750 1421 heri
2817 1363 2897 1418 illi
2955 1359 3361 1416 assentabaris?
3415 1372 3600 1411 nonne

2026 1479 2222 1519 manus
2249 1457 2711 1517 deosculabaris?
2762 1455 2939 1509 Larva
2980 1453 3119 1516 haec,
3155 1465 3392 1520 persona
3421 1457 3600 1502 erant.

2025 1554 2190 1610 Venit
2213 1563 2476 1622 tempus;
2517 1560 2810 1619 personam
2845 1542 3043 1614 abieci,
3084 1549 3140 1596 et
3171 1538 3339 1593 animi
3379 1551 3599 1591 sensum

2027 1642 2243 1712 aperui.

413 1728 782 1794 Κλήμεντος.
816 1756 886 1767 —
939 1726 1112 1789 Νόσος
1166 1726 1350 1795 φιλίας
1406 1728 1439 1797 ἡ
1483 1724 1780 1778 κολακεία·
1825 1723 1924 1787 τὰς

2065 1706 2400 1790 ’ϐίεηιεηιὶι
2428 1727 2771 1785 —-Amicitiae
2795 1724 2946 1781 labes
2979 1731 3066 1777 est
3091 1718 3355 1791 adulatio.
3393 1715 3601 1784 Nempe

345 1817 454 1870 τῶν
475 1816 753 1887 ἀρχόντων
804 1816 1110 1887 εὐπραγίας
1142 1816 1340 1886 μᾶλλον
1363 1855 1378 1882 ,
1432 1816 1466 1886 ἦ
1499 1817 1629 1878 τοὺς
1657 1814 1926 1886 ἄρχοντας

348 1905 548 1968 αὐτοὺς
580 1904 806 1958 εἰώθασι
846 1905 1172 1976 θεραπεύειν
1206 1908 1254 1958 οἱ
1287 1906 1552 1964 πλεῖστοι.

417 1992 754 2060 Πλουτάρχ.
781 2021 851 2032 —-
890 1993 1103 2047 Ἔοικεν
1143 1994 1176 2063 ὴ
1220 1992 1476 2048 κολακεία
1530 1997 1750 2066 γραπτῇ
1791 2010 1928 2046 παν-

347 2083 534 2154 οπλίᾳ.
576 2083 668 2137 Διὸ
709 2083 903 2156 τέρψιν
945 2085 1044 2156 μὲν
1099 2084 1251 2156 ἔχει·
1307 2087 1496 2158 χρείαν
1542 2085 1599 2139 δὲ
1672 2085 1928 2157 οὐδεμίαν

350 2175 602 2245 παρέχει.

420 2266 500 2320 Τὰ
550 2267 649 2339 μὲν
683 2268 817 2335 ξύλα
857 2269 918 2323 τὸ
977 2269 1088 2342 πῦρ
1149 2267 1470 2336 αὐξάνοντα,
1511 2271 1605 2324 ὐπ’
1645 2270 1810 2323 αὐτοῦ
1834 2269 1928 2323 τοῦ

347 2358 519 2430 πυρὸς
569 2361 1024 2414 καταναλίσκεται
1050 2377 1064 2390 ·
1103 2363 1131 2414 ὁ
1164 2362 1219 2416 δὲ
1262 2360 1490 2425 πλοῦτος
1540 2362 1757 2432 τρέφων
1805 2361 1930 2424 τοὺς

349 2450 608 2515 κόλακας,
643 2453 735 2505 ὐπ’
763 2453 942 2506 αὐτῶν
966 2451 1170 2506 τούτων
1196 2452 1590 2524 διαφθείρεται.

423 2543 638 2614 Ὠσπερ
683 2545 734 2597 oi
786 2544 1024 2614 κόρακες
1078 2543 1505 2615 παρεδρεύοντες
1572 2543 1933 2614 ἐξορύσσουσι

351 2636 477 2698 τούς
505 2635 614 2689 τῶν
661 2635 870 2707 νεκρῶν
891 2636 1207 2706 ὀφθαλμούς
1232 2652 1247 2666 ·
1276 2634 1449 2698 οὕτως
1479 2635 1530 2688 οἱ
1559 2635 1791 2700 κόλακες
1820 2639 1931 2701 τοῖς

357 2725 595 2791 ἐπαίνοις
656 2728 782 2792 τοὺς
857 2728 1154 2798 λογισμοὺς
1219 2727 1590 2798 διαφθείρουσι
1658 2728 1769 2782 τῶν
1832 2729 1934 2783 ἀνι·

359 2815 608 2886 θρὼπων.

426 2907 595 2978 Λαγῷ
645 2909 739 2978 μὲν
772 2908 929 2976 κύνα,
977 2910 1117 2982 φίλῳ
1146 2909 1205 2965 δὲ
1229 2911 1434 2966 κόλακα
1468 2911 1627 2982 φύσει
1673 2911 1931 2983 πολέμιον

354 2998 606 3066 ἡγητέον.

421 3086 559 3142 Οὔτε
611 3091 713 3160 τῆς
745 3092 994 3163 γαμετῆς
1027 3093 1126 3166 τὴν
1172 3096 1419 3166 ἑταίραν,
1463 3096 1586 3151 οὔτε
1619 3098 1719 3168 τῆς
1750 3097 1928 3168 φιλίας

349 3178 446 3251 τὴν
477 3180 768 3236 κολακείαν
797 3184 880 3238 δεῖ
907 3188 1202 3257 προτιμᾷν.

417 3267 642 3340 Χαίρειν
695 3271 802 3341 χρὴ
850 3274 962 3335 τοῖς
1021 3274 1353 3344 ἐλέγχουσιν,
1415 3279 1475 3330 οὐ
1517 3281 1630 3342 τοῖς
1666 3279 1932 3333 κολακεύ·-

348 3375 523 3414 ουσιν.
579 3362 644 3414 Ui
675 3361 902 3434 μὲνγὰρ
937 3365 1086 3434 ἡμᾶς
1111 3364 1425 3432 λυποῦντες,
1459 3367 1846 3440 διεγείρουσιν·
1880 3371 1932 3424 oi

345 3450 404 3505 δέ
431 3452 802 3524 χαριζόμενοι,
837 3453 1100 3509 ἐκλύουσι,
1125 3457 1224 3509 καὶ·
1252 3458 1608 3523 σκελίζουσιν.

434 3627 722 3697 Ἰσοκράτ.
757 3661 827 3674 -
862 3630 1025 3701 Διόρα
1056 3631 1294 3695 καὶτοὺς
1328 3632 1487 3704 τέχνῃ
1515 3635 1927 3704 κολακεύοντας,

345 3719 597 3783 καὶτοὺς
625 3723 746 3791 μετ’
780 3721 992 3786 εὐνοίας
1037 3722 1456 3792 θεραπεύοντας,
1504 3729 1590 3780 ἵνα
1641 3727 1718 3799 μὴ
1749 3729 1930 3784 πλεῖον

343 3811 396 3862 οἱ
430 3811 656 3882 πονηροὶ
678 3811 785 3866 τῶν
807 3814 1060 3884 χρηστῶν
1086 3813 1302 3885 ἔχωσιν.

421 3991 584 4044 Μίσει
629 3992 756 4056 τούς
781 3991 1177 4058 κολακεύοντας
1201 3993 1392 4066 ὥσπερ
1435 3997 1562 4060 τοὺς
1595 3993 1930 4066 ἐξαπατῶν-

341 4099 445 4145 τας
463 4098 479 4113 ο
515 4082 816 4154 ἀμφότεροι
831 4083 940 4154 γὰρ
962 4085 1364 4153 πιστευθέντες,
1388 4088 1515 4152 τοὺς
1531 4088 1931 4156 πιστεύσαντας

343 4174 621 4228 ἀδικοῦσι.

418 4267 675 4338 Κράτης.
701 4297 773 4308 -
799 4271 1024 4342 Κράτης
1063 4271 1202 4341 πρὸς
1243 4271 1364 4325 νέον
1414 4272 1667 4328 πλούσιον
1702 4277 1928 4342 πολλοὺς

342 4358 586 4423 κόλακας
607 4361 1020 4433 ἐπισυρόμενον,
1050 4358 1192 4427 εἷπε,
1223 4363 1518 4432 Νεανίσκε,
1547 4368 1682 4421 ἐλεῶ
1715 4386 1810 4422 σου
1827 4371 1926 4441 τὴν

2055 4372 2351 4428 ιᾱιιιτιιοτοε
2384 4371 2689 4443 pellicienti

345 4451 607 4524 ἐρημίαν.

429 4543 801 4610 Ἐπικτήτου.
847 4577 918 4586 -
966 4547 1029 4600 Ol
1070 4548 1169 4617 μὲν
1216 4548 1471 4620 κόρακες,
1524 4551 1632 4605 τῶν
1681 4555 1927 4607 τετελευ-

347 4637 594 4704 τηκότων
637 4639 764 4700 τούς
817 4638 1130 4708 ὀφθαλμοὺς
1189 4640 1562 4712 λυμαίνονται,
1603 4646 1732 4699 ὅταν
1775 4647 1928 4701 οὐδὲν

346 4726 527 4780 αὐτῶν
554 4730 669 4781 ἐστι
709 4728 903 4799 χρείαο
937 4731 986 4781 οί
1023 4729 1080 4782 δὲ
1130 4729 1381 4798 κόλακες,
1428 4732 1538 4786 τῶν
1586 4733 1804 4798 ζώντων
1828 4736 1928 4800 τὰς

344 4814 524 4885 ψυχὰς
578 4817 972 4889 διαφθείρουσι,
1033 4820 1130 4873 καὶ
1167 4821 1371 4892 ταύτης
1415 4822 1640 4894 ὄμματα
1680 4825 1926 4896 τυφλώτ-

347 4923 550 4961 τουσιν.

419 4999 661 5072 Πιθήκου
719 5004 927 5074 ὀργὴν,
966 5008 1059 5059 καὶ
1112 5007 1342 5072 κόλακος
1414 5009 1670 5081 ἀπειλὴν,
1721 5012 1778 5064 ἐν
1827 5011 1926 5084 ἴσῳ

345 5089 549 5148 θετέον.

432 5183 721 5256 Ἀποδέχου
736 5189 862 5250 τοὺς
887 5188 956 5241 τὰ
978 5192 1187 5261 χρηστὰ
1211 5193 1598 5264 συμϐουλεύειν
1621 5197 1923 5265 ἐθέλοντας,

339 5273 484 5327 ἀλλὰ
524 5276 598 5347 μὴ
645 5280 773 5341 τοὺς
823 5281 1139 5337 κολακεύειν
1171 5286 1432 5340 ἑκάστοτε
1463 5289 1805 5356 σπεύδοντας.
1863 5297 1925 5347 0i

345 5364 464 5456 pitu
481 5366 590 5456 γὰρ
614 5367 676 5420 τὸ
706 5370 986 5444 συμφέρον
1011 5375 1067 5427 ἐν
1087 5375 1315 5448 ἀληθείᾳ
1337 5379 1536 5450 ὁρῶσιν
1556 5397 1570 5414 ’
1602 5382 1651 5435 οἱ
1679 5383 1757 5449 δὲ,
1789 5385 1926 5456 πρὸς

339 5451 418 5504 τὰ
442 5452 699 5509 δοκοῦντα
744 5461 857 5523 τοῖς
891 5464 1182 5533 κρατοῦσιν
1215 5467 1500 5540 ἀφορῶσι·
1552 5473 1646 5526 καὶ
1683 5472 1793 5527 τῶν
1823 5451 1927 5527 σω-

343 5542 538 5612 μάτων
579 5547 677 5610 τὰς
710 5550 867 5613 σκιάς
915 5555 1259 5626 μιμούμενοι,
1297 5561 1406 5624 τοῖς
1449 5561 1578 5631 παρ’
1628 5563 1805 5619 αὐτῶν
1839 5565 1925 5618 λε-

335 5636 596 5720 γομένοις
621 5642 981 5701 συννεύουσιν.

2028 1827 2281 1899 plerique
2333 1824 2663 1886 hominum,
2722 1817 2897 1888 magis
2944 1813 3256 1884 principum
3329 1809 3601 1869 fortunas,

2029 1933 2193 1990 quam
2229 1899 2382 1985 ipsos
2420 1913 2705 1984 principes
2740 1925 2805 1964 ac
2826 1920 3088 1978 proceres
3116 1903 3300 1957 colere
3331 1899 3529 1954 solent.

2097 2009 2396 2064 Plutarchi.
2445 2003 2794 2060 —Adulatio
2831 1999 3029 2055 similis
3079 2003 3372 2050 armaturae
3421 1992 3602 2061 pictae.

2027 2102 2243 2159 Idcirco
2276 2099 2518 2155 delectat
2542 2096 2636 2150 illa
2655 2093 2902 2165 quidem,
2949 2098 3006 2144 at
3033 2095 3259 2159 praestat
3291 2084 3427 2138 nihil
3455 2081 3606 2151 quod

2029 2195 2086 2249 in
2118 2207 2236 2247 rem
2261 2190 2557 2246 conducat.

2101 2284 2277 2354 Ligna
2294 2283 2474 2353 ignem
2499 2276 2776 2350 augendo,
2801 2275 2872 2330 ab
2887 2274 3007 2345 ipso
3027 2277 3432 2328 consumuntur
3455 2265 3602 2336 igne:

2029 2376 2242 2430 divitiae
2269 2389 2404 2430 vero
2432 2389 2557 2442 qua:
2581 2370 2894 2425 adulatores
2921 2367 3094 2430 alant,
3123 2363 3190 2418 ab
3217 2363 3283 2420 iis
3317 2361 3454 2430 ipsis
3473 2374 3603 2429 per-

2028 2465 2259 2520 duntur.

2099 2557 2171 2613 Ut
2197 2555 2347 2610 corvi
2376 2552 2720 2615 advolantes,
2734 2548 3064 2604 cadaverum
3084 2544 3276 2600 oculos
3296 2541 3568 2598 effodiunt
3589 2559 3602 2594 :

2031 2649 2114 2704 sic
2147 2647 2463 2702 adulatores
2495 2642 2816 2706 laudando,
2853 2638 3142 2694 hominum
3185 2636 3455 2691 rationem
3484 2632 3607 2688 ani-

2030 2753 2294 2808 mumque
2325 2737 2544 2791 vitiant.

2101 2915 2266 2986 Vulpi
2291 2929 2511 2978 canem,
2537 2891 2717 2966 amico
2735 2909 3080 2966 adulatorem
3104 2913 3303 2959 natura
3332 2901 3606 2957 infensum

2033 3005 2466 3063 existimandum
2490 3012 2595 3058 est.

2098 3100 2213 3155 Nec
2248 3097 2410 3153 uxori
2434 3094 2805 3159 meretricem,
2829 3105 2931 3147 nec
2960 3087 3216 3146 amicitiae
3233 3084 3608 3141 adulationem

2031 3192 2302 3247 debemus
2336 3202 2683 3259 praeponere.

2100 3281 2470 3340 Gaudendum
2507 3278 2681 3350 magis
2733 3273 3116 3348 arguentibus,
3169 3286 3333 3342 quam
3363 3275 3608 3323 assenta-

2034 3376 2250 3431 toribus
2283 3391 2296 3428 :
2327 3373 2406 3429 illi
2438 3385 2680 3441 namque
2708 3385 2817 3439 qua
2848 3375 3104 3438 pungunt
3133 3364 3461 3425 acerbitate,
3493 3361 3611 3416 ani-

2032 3481 2152 3521 mos
2181 3464 2456 3529 excitant;
2482 3462 2539 3516 hi
2565 3475 2696 3516 vero
2718 3457 3080 3529 obsequendo
3104 3455 3417 3510 dissolvunt
3442 3461 3612 3522 atque

2031 3557 2407 3626 supplantant.

2099 3641 2588 3708 Isocratis.—Qui
2613 3649 2732 3695 arte
2781 3645 3154 3702 assententur,
3216 3637 3286 3690 ab
3339 3635 3451 3688 illis
3491 3632 3610 3688 dis-

2032 3755 2222 3804 cerne,
2265 3737 2430 3809 566
2467 3736 2565 3806 qui
2595 3735 2784 3790 animo
2831 3734 2976 3788 bene
3031 3731 3252 3786 volente
3302 3727 3509 3790 colant,
3540 3743 3610 3781 ne

2032 3830 2179 3902 apud
2237 3839 2292 3885 te
2355 3829 2508 3894 mali,
2576 3842 2741 3896 quam
2804 3823 2940 3880 boni
3004 3821 3237 3876 meliore
3290 3818 3610 3874 conditione
3687 3871 3696 3880 ,

2030 3920 2319 3975 exsistant.

2100 4010 2490 4065 Assentatores
2536 4025 2693 4079 atque
2745 4024 2810 4064 ac
2863 4007 3184 4062 seductores
3239 4003 3367 4060 odio
3427 4004 3609 4072 habe;

2033 4103 2257 4172 utrique
2283 4101 2434 4156 enim
2459 4101 2667 4156 laedunt
2707 4099 2910 4170 injuria
2940 4115 2970 4153 a
3005 4113 3116 4169 quo
3151 4096 3314 4152 fidem
3342 4094 3610 4165 impetra-

2031 4194 2231 4249 verint.

2102 4283 2309 4340 Crates.
2365 4314 2405 4323 -
2439 4282 2633 4338 Crates
2688 4280 3030 4337 adolescenti
3083 4266 3350 4348 opulento
3405 4277 3608 4332 multos

2743 4389 2757 4424 :
2814 4369 3173 4433 Adolescens,
3219 4367 3420 4438 inquit,
3459 4375 3609 4422 tuam

2030 4465 2383 4520 solitudinem
2406 4465 2588 4528 doleo,

2102 4557 2610 4628 Epicteti.-—Corvi
2645 4559 2872 4628 quidem
2919 4559 3311 4614 defunctorum
3357 4573 3607 4612 corrum-

2031 4660 2170 4718 punt
2198 4652 2412 4716 oculos,
2439 4667 2564 4706 cum
2589 4651 2702 4720 jam
2735 4665 2928 4705 eorum
2953 4651 3138 4705 nullus
3167 4666 3299 4705 usus
3332 4657 3416 4702 est
3441 4647 3605 4701 :adu-

2029 4742 2234 4796 latores
2264 4748 2450 4795 autem
2470 4740 2720 4794 vivorum
2749 4739 3083 4794 labefactant
3106 4738 3354 4802 animos;
3383 4751 3606 4792 eorum-

2028 4849 2136 4903 que
2167 4833 2376 4888 lumina
2405 4833 2746 4904 exstinguat.

2103 5007 2258 5063 Simii
2299 5009 2378 5064 ira
2429 5026 2493 5064 ac
2525 5011 2830 5065 adulatoris
2864 5011 3048 5076 minae,
3104 5009 3299 5064 eodem
3356 5010 3478 5064 loco
3506 5009 3605 5063 ha-

2028 5101 2241 5156 bendaa.

2098 5195 2228 5249 Illos
2257 5195 2427 5264 proba
2465 5196 2560 5265 qui
2590 5195 2764 5249 velint
2811 5196 2956 5249 bona
3001 5195 3312 5257 consulere,
3371 5210 3480 5248 non
3511 5194 3608 5263 qui

1977 5319 1997 5326 —
2029 5286 2280 5357 quotidie
2309 5285 2523 5340 adulari
2552 5287 2833 5341 studeant.
2880 5287 2961 5340 llli
2997 5286 3146 5341 enim
3202 5286 3349 5355 quod
3384 5301 3511 5341 vere
3534 5287 3608 5343 sit

2030 5378 2383 5434 conducibile
2409 5379 2634 5444 vident;
2667 5379 2724 5432 hi
2762 5394 2916 5442 vero,
2971 5395 3093 5448 quae
3125 5381 3444 5448 potentibus
3465 5379 3610 5435 arri-

2031 5470 2199 5526 deant
2232 5470 2347 5526 haec
2375 5480 2666 5541 Spectant;
2706 5487 3110 5540 corporumque
3137 5471 3363 5525 umbras
3388 5472 3605 5528 imitan-
3689 5455 3699 5465 ’

2037 5571 2138 5628 tes,
2172 5562 2555 5618 assentiuntur
2581 5563 2850 5633 quidquid
2887 5563 2968 5619 illi
3009 5564 3268 5619 dixerint.
