3994 6172
420 200 518 263 791

1579 204 1639 263 S.
1680 202 1963 262 MAXIMI
2005 202 2510 266 CONFESSORIS

3561 211 3674 273 792

493 317 673 374 Dionis
717 318 1065 389 Chrysost.—
1093 319 1332 382 Etenim,
1377 330 1434 374 ut
1463 320 1632 376 verbo
1667 321 1868 387 dicam,
1904 322 1988 375 vi-

2160 321 2378 386 Δίωνος
2411 321 2515 376 τοῦ
2549 323 2852 389 Χρυσοστ,
2881 350 2949 361 —
2992 321 3186 374 Πασῶν
3233 321 3364 392 γὰρ,
3420 323 3495 387 ὡς
3542 324 3672 388 ἔπος

421 410 622 463 tiorum
646 409 893 462 omnium
939 417 1246 463 extremum
1302 410 1672 466 adulationem
1717 413 1986 468 invenies.

420 501 556 553 Nam
588 500 826 567 primum
855 499 1102 567 quidem,
1143 515 1258 555 rem
1306 503 1734 570 pulcherrimam
1793 521 1856 560 ac
1903 505 1991 576 ju-

420 587 716 640 stissimam
746 586 988 657 (laudem
1025 587 1260 658 scilicet)
1302 592 1646 660 corrumpit;
1684 594 1894 663 utjam,
1921 609 1990 649 ne

421 678 465 729 si
500 693 629 730 vere
655 677 879 746 quidem
929 679 1177 735 adhibita
1228 681 1417 747 fuerit,
1456 683 1619 737 fidem
1671 695 1987 740 mereatur:

419 771 677 840 quodque
709 773 953 826 omnium
980 773 1362 843 gravissimum
1387 785 1491 836 est,
1517 779 1742 832 virtutis
1769 779 1991 848 praemia

420 861 557 914 vitio
587 861 813 927 tribuit;
843 870 904 921 ut
927 865 1255 920 sceleratius
1278 865 1458 921 facere
1487 868 1802 933 videantur,
1826 886 1989 940 quam

422 954 517 1023 qui
546 956 838 1022 pecuniam
875 957 1189 1012 adulterant
1223 974 1285 1014 ac
1314 946 1696 1034 corrumpunt.
1746 962 1811 1016 Hi
1841 963 1991 1016 enim

421 1057 735 1118 suspectam
788 1065 909 1106 eam
962 1051 1241 1116 reddunt;
1287 1053 1366 1107 illi
1391 1069 1546 1117 vero,
1582 1055 1805 1110 virtutis
1829 1055 1993 1112 ﬁdem

421 1140 777 1195 labefactant.

490 1228 713 1298 Diogen.
731 1231 876 1285 —ln
914 1231 1228 1288 adulatione
1256 1235 1408 1288 velut
1435 1234 1491 1288 in
1515 1236 1790 1304 sepulcro,
1815 1236 1993 1293 solum

423 1317 678 1371 amicitia:
704 1333 906 1372 nomen
936 1320 1100 1375 titulo
1131 1322 1433 1392 ascriptum
1462 1331 1568 1377 est.

493 1497 641 1552 Idem
684 1497 1054 1568 interrogatus
1082 1538 1097 1563 ,
1152 1517 1402 1570 qna-nam
1440 1502 1742 1558 bestiarum
1785 1505 1996 1560 dirissi-

422 1605 574 1644 mum
603 1604 846 1643 morsum
882 1590 1073 1661 ﬁgeret
1110 1610 1120 1644 :
1159 1592 1235 1645 Ex
1262 1592 1414 1656 feris,
1455 1594 1654 1663 inquit,
1688 1596 1992 1651 calumnia.

425 1691 608 1744 tores;
637 1697 703 1734 ex
736 1681 935 1736 sicuris
961 1699 1116 1747 vero,
1135 1695 1528 1742 assentatores.

493 1772 800 1827 Demast.—
816 1775 1211 1830 Demosthenes
1229 1777 1414 1831 aiebat
1436 1779 1539 1833 hoc
1562 1779 1786 1835 diﬂ‘erre
1808 1797 1994 1836 assen-

429 1870 658 1918 tatorem
693 1881 724 1918 a
749 1879 939 1930 corvo,
966 1865 1114 1935 quod
1157 1867 1296 1922 alter
1323 1868 1498 1935 vivos,
1558 1871 1698 1925 alter
1746 1881 1994 1927 mortuos

427 1955 676 2011 devoret.

494 2049 1156 2106 Antist.—Antisthenes
1205 2050 1283 2106 ait
1333 2052 1505 2106 satius
1539 2053 1730 2108 essein
1777 2069 1994 2120 corvos,

425 2159 591 2215 quam
638 2144 693 2198 in
737 2151 1111 2199 assentatores
1160 2144 1407 2200 incidere
1455 2163 1468 2199 :
1504 2145 1582 2199 illi
1622 2147 1768 2200 enim
1796 2162 1998 2216 corpus

426 2233 704 2290 demortui
753 2233 998 2300 laedunt,
1036 2233 1093 2287 hi
1129 2234 1366 2296 viventis
1414 2234 1599 2290 animo
1655 2234 1832 2290 labem
1862 2235 2000 2290 inie-

428 2335 582 2381 runt.

500 2417 895 2479 Phavorini.—
921 2416 1075 2473 Sicut
1104 2418 1415 2474 Actzeonem
1444 2433 1585 2488 quos
1623 2419 1796 2474 aleret
1833 2433 1999 2479 canes

429 2519 766 2576 cnecarunt;
816 2510 898 2564 sic
943 2509 1259 2566 adulatores
1312 2509 1589 2568 devorant
1641 2509 1736 2579 qui
1793 2524 1852 2564 se
1890 2525 1998 2563 nu-

406 2646 412 2654 .
434 2601 628 2655 triunt.

499 2687 746 2743 Zenonis.
769 2689 1034 2759 —Argue
1067 2691 1326 2759 teipsum,
1383 2691 1636 2760 quisquis
1679 2706 1758 2757 es,
1796 2705 1900 2746 nec
1934 2691 2002 2745 ad

429 2785 657 2864 gratiam
727 2783 948 2849 audias;
994 2783 1088 2837 sed
1126 2781 1282 2835 aufer
1337 2790 1738 2842 assentatorum
1784 2781 2004 2838 dicendi

429 2881 730 2937 licentiam.

2090 414 2280 479 είπεῖν,
2309 413 2420 466 τῶν
2449 413 2677 477 κακιῶν,
2705 413 2936 482 ἐσχάτην
2968 414 3031 466 ἄν
3060 430 3143 474 τις
3174 411 3326 481 εὖροι
3369 414 3470 485 τὴν
3513 415 3676 468 κολα-

2089 503 2260 558 κείαν.
2298 504 2518 575 Πρῶτον
2559 503 2655 574 μὲν
2680 503 2788 571 γάρ
2812 503 2871 554 τὸ
2895 502 3181 555 κάλλιστον
3211 502 3307 554 καλ⁸
3333 502 3674 558 δικαιότατον

2089 597 2390 666 διαφθείρει
2445 597 2535 650 τὸν
2567 596 2806 660 ἔπαινον,
2847 593 2988 647 ὥστε
3023 594 3219 665 μηκέτι
3256 595 3435 647 δοκεῖν
3483 597 3674 650 πιστὸν

2093 689 2219 760 μηδ’
2246 687 2460 758 ἀληθῶς
2484 687 2764 756 γινόμενον
2787 701 2797 716 ·
2818 686 2911 738 καὶ
2931 686 2990 738 τό
3025 702 3086 754 γε
3106 685 3324 738 πάντων
3348 684 3669 749 δεινότατον,

2089 785 2157 835 τά
2191 782 2288 852 τῆς
2319 781 2517 852 ἀρετῆς
2545 779 2754 832 ἔπαθλα
2780 781 2846 848 τῇ
2873 776 3045 847 κακίᾳ.
3073 777 3289 830 δίδωσιν
3319 796 3333 810 ·
3359 776 3500 830 ὥστε
3532 777 3668 831 πολὺ

2089 873 2270 941 χεῖρον
2319 869 2485 940 δρῶσι
2545 869 2654 921 τῶν
2701 866 3127 939 διαφθειρόντων
3180 866 3236 920 τὸ
3275 869 3534 938 νόμισμα.
3599 867 3666 919 Oi

2094 963 2192 1032 μὲν
2237 963 2345 1030 γὰρ
2391 960 2631 1015 ὕποπτον
2669 959 2797 1012 αὐτὸ
2843 957 3126 1011 ποιοῦσιν·
3171 959 3219 1010 oi.
3259 957 3432 1028 δὲτὴν
3461 957 3662 1028 ἀρετὴν

2091 1052 2338 1105 ἄπιστον.

2161 1225 2386 1297 Διογέν.
2412 1256 2482 1266 -
2535 1227 2656 1279 Ἐπὶ
2711 1225 2808 1294 τῆς
2841 1222 3144 1285 κολακείας,
3187 1223 3376 1292 ῶσπερ
3416 1223 3506 1274 ἐπὶ
3532 1223 3660 1291 μνή-

2095 1336 2302 1390 ματος,
2363 1317 2493 1372 αὐτὺ
2547 1317 2706 1388 μόνον
2762 1314 2823 1368 τὸ
2884 1314 3055 1384 ὄνομα
3101 1314 3197 1384 τῆς
3257 1313 3439 1382 φιλίας
3489 1314 3666 1379 ἐπιγέ-

2093 1429 2361 1482 γραπται.

2173 1504 2233 1557 Ὀ
2300 1502 2461 1565 αὐτὸς
2520 1499 2846 1572 ἐρωτηθεὶς,
2914 1498 2982 1551 Τί
3033 1497 3142 1552 τῶν
3181 1497 3387 1574 θηρίων
3443 1497 3668 1548 κάκιστα

2093 1595 2312 1662 δάκνεις
2349 1593 2474 1663 ἔφη’
2533 1593 2651 1646 Τῶν
2681 1591 2779 1663 μὲν
2809 1589 3035 1660 ἀγρίων,
3081 1589 3456 1656 συκοφάντης·
3485 1585 3590 1638 τῶν
3615 1585 3671 1636 δὲ

2097 1685 2340 1756 ἡμέρων,
2375 1682 2562 1749 κόλαξ.

2168 1778 2427 1846 Δημοσθ.
2456 1803 2527 1814 -
2567 1769 2915 1844 Δημοσθένης
2954 1768 3092 1846 ἔφη’,
3145 1766 3236 1819 τὸν
3279 1766 3486 1818 κόλακα
3518 1762 3670 1816 τοῦτο

2098 1870 2374 1941 διαφέρειν
2431 1865 2526 1922 τοῦ
2576 1865 2842 1935 κόρακος,
2875 1863 2955 1914 ὃτι
2993 1862 3021 1914 ὁ
3047 1860 3144 1930 μὲν
3184 1859 3412 1923 ζῶντας,
3441 1856 3471 1908 ὁ
3507 1856 3562 1910 δὲ
3588 1872 3674 1909 νε-

2100 1965 2266 2035 κροὺς
2304 1960 2492 2014 ἐσθίει.
3691 2023 3694 2026 γ

2185 2049 2513 2107 Ἀντισθέν.
2555 2077 2617 2087 ——
2659 2043 3001 2113 Ἀντισθένης
3061 2041 3264 2112 φησιν’
3311 2037 3678 2110 Αίρετὼτερον

2103 2148 2184 2210 εἰς
2219 2146 2459 2216 κόρακας
2505 2141 2784 2211 ἐμπεσεῖν,
2823 2136 2856 2206 ἢ
2901 2137 2980 2200 είς
3027 2135 3263 2196 κόλακας
3289 2148 3305 2163 ο
3342 2135 3391 2185 οἱ
3448 2131 3546 2202 μὲν
3571 2131 3680 2199 γὰρ

2104 2236 2466 2294 ἀποθανόντος
2516 2231 2575 2285 τὸ
2602 2229 2783 2300 σῶμα,
2829 2229 2879 2282 οἱ
2927 2227 2984 2280 δὲ
3030 2225 3230 2292 ζῶντος
3261 2223 3360 2294 τὴν
3383 2222 3559 2292 ψυχὴν
3584 2221 3680 2273 λυ-

2109 2331 2388 2402 μαίνονται

2177 2420 2462 2488 Φαϐωρίν.
2490 2447 2561 2458 -
2591 2415 2800 2480 Ὥσπερ
2851 2412 2880 2464 ὁ
2931 2407 3194 2462 ’Λκταίων
3225 2405 3328 2458 ὑπὸ
3359 2402 3468 2456 τῶν
3493 2418 3684 2472 τρεφο-

2111 2514 2285 2585 μένων
2316 2511 2408 2563 ὐπ⁵
2442 2504 2606 2560 αὐτοῦ
2641 2501 2819 2557 κυνῶν
2857 2498 3146 2563 ἀπέθανεν,
3171 2494 3344 2557 οὕτως
3379 2495 3428 2546 οἱ
3456 2492 3684 2553 κόλακες

2107 2609 2232 2668 τοὺς
2258 2604 2556 2674 τρέφοντας
2579 2594 2975 2651 κατεσθίουσιν.

2181 2669 2479 2761 Ζήκωιλος.
2511 2720 2580 2733 -
2608 2687 2833 2755 Ἔλεγχε
2883 2682 3100 2744 σαυτὸν,
3135 2680 3280 2741 ὅστις
3341 2671 3411 2740 εί,
3469 2672 3562 2726 καὶ
3611 2669 3687 2741 μὴ

2111 2790 2247 2862 πρὸς
2280 2785 2436 2855 χάριν
2452 2816 2468 2831 .

2188 2877 2373 2932 Ἀκου’
2401 2891 2414 2904 ·
2449 2867 2684 2942 ἀφαιροῦ
2729 2867 2787 2920 δὲ
2836 2863 3080 2918 κολάκων
3112 2856 3444 2930 παρρησίαν.

501 2928 1088 3042 ibidem—Gaude
1124 2966 1310 3043 potius
1342 2965 1703 3036 arguentibus
1739 2974 1812 3030 te,
1834 2980 2000 3035 quam

2175 2928 2722 3039 ιίυ-θαγόρμζὶίαῖρε
2739 2959 2852 3018 τοῖς
2880 2950 3161 3022 ὲλέγχουσί
3269 2946 3490 3053 μᾶλλον,
3515 2928 3552 3010 ἢ
3576 2943 3686 3046 τοῖς

432 3065 591 3136 567
629 3061 1023 3126 adulantibus;
1070 3074 1134 3114 ac
1177 3059 1328 3113 velut
1380 3057 1635 3112 hostibus
1669 3057 1996 3124 deteriores,

431 3157 527 3227 qui
558 3162 930 3218 assentantur,
961 3167 1237 3206 aversare.

503 3245 770 3307 Socrates.
825 3274 892 3285 -—-
946 3243 1310 3297 Adulatorum
1363 3239 1754 3296 benevolentia
1785 3281 1798 3304 ,
1845 3255 2000 3309 quam

431 3338 552 3398 {usa
576 3338 714 3401 acie,
741 3335 1041 3390 infortunia
1065 3351 1128 3390 ac
1163 3350 1325 3395 casus
1349 3336 1610 3391 adversos
1633 3333 1790 3404 fugit.

502 3429 763 3485 Philonis.
787 3457 856 3469 --
877 3428 1148 3482 Aversare
1175 3427 1450 3482 illusorias
1477 3438 1880 3482 assentatorum
1906 3439 2004 3479 vo-

432 3537 564 3578 ces:
613 3523 978 3582 obscurantes
1033 3519 1183 3574 enim
1239 3520 1406 3574 animi
1461 3518 1710 3574 rationes
1742 3558 1757 3584 ,
1818 3531 2004 3572 rerum

433 3614 724 3672 veritatem
756 3613 946 3668 videre
970 3628 1081 3667 non
1113 3613 1321 3669 sinunt.
1353 3609 1461 3665 Aut
1488 3611 1633 3674 enim
1659 3626 1724 3668 ea
1754 3610 2002 3674 laudant,

436 3723 559 3778 qua:
584 3705 749 3776 digna
773 3703 1051 3782 vituperio
1077 3711 1226 3769 sunt,
1253 3712 1347 3758 aut
1374 3719 1485 3768 non
1510 3717 1635 3757 raro
1668 3703 2016 3771 vituperant,

436 3814 559 3870 qua:
579 3811 798 3851 omnem
832 3795 1048 3850 laudem
1079 3795 1374 3849 excedunt.

509 3886 761 3952 Sotionis,
788 3902 852 3940 ea:
884 3886 1015 3939 libro
1036 3884 1113 3938 De
1136 3886 1241 3939 ira.
1264 3915 1334 3924 —
1351 3883 1628 3954 Delphini,
1648 3883 1828 3954 quoad
1864 3882 2009 3940 unda

439 3978 655 4041 subest,
712 3983 971 4041 natantes
1021 3973 1407 4042 comitantur;
1449 3989 1731 4042 nunquam
1779 3988 1928 4034 vero;
1956 3974 2013 4028 in

440 4072 596 4125 littus
619 4067 987 4138 egrediuntur
1011 4084 1024 4118 :
1058 4065 1138 4121 sic
1161 4065 1475 4120 adulatores
1509 4082 1692 4119 rerum
1716 4065 2014 4134 tranquillo

441 4160 653 4214 assidui
712 4167 861 4223 sunt,
908 4158 1251 4227 amicosque,
1303 4157 1551 4228 quandiu
1593 4158 1753 4227 plana
1787 4157 1880 4213 via
1908 4171 2013 4222 eSt,

442 4249 684 4305 ofﬁciose
701 4249 1014 4305 deducunt:
1038 4249 1132 4303 ubi
1149 4257 1333 4310 autem
1359 4265 1607 4320 aSperam
1633 4248 2021 4315 salutaverint,

444 4339 734 4396 recedunt.

518 4429 770 4484 Phocion.
797 4459 868 4471 —
887 4429 1131 4495 Phocion
1161 4429 1229 4484 ad
1268 4430 1623 4500 Antipatrum
1657 4429 1845 4484 dicere
1875 4430 2024 4494 sole-1

446 4523 541 4580 bat
566 4541 579 4576 :
604 4522 721 4578 Non
749 4531 908 4602 potes
934 4537 1019 4583 me
1042 4530 1098 4576 et
1130 4520 1308 4575 amico
1336 4521 1416 4575 uti
1444 4529 1500 4576 et
1529 4521 1843 4588 adulatore.

1045 4651 1276 4709 SERMO
1314 4654 1430 4708 ΧΙΙ..

667 4768 741 4822 De
774 4769 968 4822 divitiis
1002 4776 1051 4821 et
1085 4777 1403 4838 paupertate
1433 4783 1496 4820 ac
1551 4765 1804 4821 avaritia.

526 4907 712 4962 Matth.
746 4922 858 4971 lux,
890 4905 1066 4959 24.-
1085 4903 1326 4970 Facilius
1345 4912 1429 4959 est
1455 4903 1723 4959 camelum
1752 4919 1852 4975 per
1877 4903 2026 4957 tora-

453 5014 581 5054 meu
613 5013 748 5053 acus
795 4996 1054 5064 transire,
1109 5012 1275 5067 quam
1327 4996 1558 5052 divitem
1596 4996 1804 5050 intrare
1854 4995 1906 5049 in
1939 5011 2029 5051 re-

455 5107 627 5163 gnum
657 5091 953 5155 caelorum.

527 5183 556 5239 I
584 5183 713 5238 Tim.
745 5201 821 5249 vn,
859 5185 942 5238 17.
967 5183 1327 5240 —Di-vitibus
1361 5183 1528 5255 hujus
1577 5181 1763 5238 sa‘culi
1795 5180 2034 5251 prazcipe

460 5293 571 5334 non
610 5276 847 5332 sublime
878 5291 1092 5347 sapere,
1125 5292 1305 5348 neque
1343 5292 1564 5346 Sperarc
1616 5275 1669 5328 in
1704 5274 1916 5336 incerto
1943 5272 2031 5326 di-

2105 3031 2495 3121 κολακεύουσιν
2516 3069 2528 3081 ·
2563 3051 2639 3113 ὡς
2673 3048 2718 3100 δ’
2765 3043 2974 3116 ἐχθρῶν
3004 3039 3251 3112 χείρονας
3275 3033 3542 3105 ὲκτρέτεου
3564 3031 3690 3092 τοὺς

2103 3150 2520 3213 κολακεύοντας.
3208 3199 3210 3202 ,

2172 3239 2506 3311 Σωκράτης.
2534 3263 2604 3275 -
2652 3231 2715 3283 Ἦ
2766 3226 2874 3280 τῶν
2929 3221 3173 3278 κολάκων
3211 3217 3391 3272 εὔνοια
3441 3211 3692 3281 καθάπερ

2103 3340 2169 3393 ὲκ
2194 3331 2425 3403 τροπῆς,
2457 3325 2647 3397 φεύγει
2681 3319 2778 3382 τὰς
2807 3313 3052 3385 ἀτυχίας.

2175 3397 2462 3487 Φίλωγίος.
2483 3447 2553 3460 -—
2590 3410 2959 3481 Ἀποστρέφου
2989 3405 3096 3459 τῶν
3129 3401 3375 3457 κολάκων
3389 3397 3514 3460 τοὺς
3547 3397 3684 3487 ἀπα.

2103 3518 2300 3592 τηλοῦς
2329 3484 2542 3581 λόγους.
2587 3499 3044 3592 Ἐξαμὸλιίνοντες
3226 3493 3354 3592 τοὺς
3381 3490 3480 3559 τῆς
3509 3484 3696 3592 ψυχῆς

2105 3579 2424 3681 λογισμοὺς,
2453 3603 2512 3656 οὐ
2568 3590 2911 3667 συγχωροῦσι
2967 3586 3146 3681 [ἰδεῖν]
3355 3579 3696 3681 πραγμάτων

2107 3666 2204 3776 τὴν
2233 3666 2514 3770 ἀλήθειαν.
2554 3692 2625 3744 Ἣ
2673 3666 2783 3756 γὰρ
2821 3679 3104 3736 ἐπαινοῦσι
3128 3677 3223 3776 Δτά
3262 3675 3430 3745 ψόγου
3461 3670 3606 3735 ἄξια,
3661 3666 3697 3737 ἢ

2108 3770 2338 3866 ψέγουσι
2373 3784 2634 3846 πολλάκις
2669 3778 2738 3831 τὰ
2760 3770 3323 3866 ἐπαίνων-κρείττονα.

2185 3851 2488 3936 ἐωτιώνου
2543 3872 2611 3925 ἐκ
2656 3867 2762 3922 τοῦ
2811 3863 2943 3932 περὶ
2990 3859 3188 3945 ὀργῆς.
3216 3888 3296 3951 ——_
3340 3851 3699 3951 Οί.δελφῖνες

2119 3971 2280 4044 μέχρι
2312 3966 2404 4020 τοῦ
2440 3961 2707 4020 κλύδωνος
2733 3942 3175 4020 συνδιανήχονται
3208 3947 3326 4044 τοῖς
3359 3940 3694 4044 κολυμδῶσι·

2291 4061 2348 4114 δὲ
2376 4059 2436 4112 τὸ
2466 4055 2626 4126 ξηρὸν
2667 4051 2768 4104 οὐκ
2797 4045 3145 4112 ὲξοκείλουσν
3175 4039 3345 4136 οὕτως
3373 4039 3421 4136 oi
3462 4034 3701 4136 κολακες

2117 4123 2175 4211 δν
2204 4123 2359 4219 εθδίᾳ
2384 4123 2761 4220 περιμένουσι,
2791 4140 2885 4194 καὶ
2912 4136 3038 4199 τοὺς
3068 4133 3254 4204 φίλους
3287 4132 3364 4192 είς
3391 4123 3700 4220 ἀποδτγμίαν

2123 4217 2543 4318 προπέμποντες
2572 4237 2733 4308 μέχρι
2750 4233 2846 4303 τῆς
2877 4229 3025 4292 λείας
3052 4217 3663 4296 συμπαρακολουθοῦσιν
3683 4231 3698 4247 ο

2053 4327 2098 4384 Ῑ)
2127 4317 2344 4394 ἐπειδὰν
2382 4334 2438 4387 δὲ
2484 4332 2564 4394 εἰς
2597 4327 2852 4400 τραχεῖαν
2874 4322 3118 4384 ἔλθωσιν,
3152 4317 3396 4371 ἀπίασιν.

2197 4425 2512 4478 Φωκίων.-
2529 4417 2750 4471 Φωκίων
2773 4409 3148 4477 είώθειλέγειν
3169 4405 3301 4478 πρὸς
3324 4401 3700 4470 Ἀντίπατρονο

2131 4520 2207 4584 Οὐ
2237 4513 2460 4572 δύνασαί
2485 4529 2574 4584 μοι
2604 4509 2698 4564 καὶ
2737 4505 2875 4576 φίλῳ
2907 4499 3215 4557 καὶκόλακι
3245 4491 3572 4568 χρήσασθαι.

2699 4638 2918 4695 ΛΟΓΟΣ
2953 4637 3031 4691 IB'
3064 4636 3128 4687 η.

2227 4759 2366 4830 Περὶ
2394 4759 2682 4821 πλούτου,
2708 4752 2806 4808 καί
2832 4750 3063 4815 πενίας,
3095 4746 3195 4800 καί
3223 4742 3633 4814 φιλαργιιρίας.

2195 4901 2380 4958 Muto.
2413 4899 2502 4961 ιϐ’.
2524 4887 2993 4959 *Εὐκοπώτερον
3028 4886 3143 4939 ὲστι
3187 4882 3433 4954 κάμηλον
3459 4879 3550 4934 διά
3575 4895 3712 4950 τρυ-

2130 4997 2381 5066 πήματος
2428 4991 2651 5063 ῥαφίδος
2697 4985 2948 5048 διελθεῖν,
2982 4981 3016 5052 ἢ
3046 4978 3297 5033 πλούσιον
3347 4973 3605 5029 εἰσελθεῖν
3628 4972 3713 5034 είς

2137 5087 2237 5156 τὴν
2277 5083 2551 5156 βασιλείαν
2583 5080 2690 5135 τῶν
2717 5074 2982 5148 οὐρανῶν.

2208 5153 2286 5232 Αί
2313 5180 2432 5246 Τιμ.
2467 5181 2542 5240 ς’.
2574 5201 2645 5214 —
2694 5172 2818 5233 Τοῖς
2870 5163 3146 5226 πλουσίοις
3208 5162 3266 5215 ὲν
3312 5157 3389 5227 τῷ
3431 5155 3526 5209 νῦν
3557 5153 3713 5208 αἰῶνι

2140 5269 2486 5340 παράγγελλε
2527 5265 2599 5336 μὴ
2644 5259 3071 5335 ὑψηλοφρονεῖν,
3116 5252 3246 5325 μηδὲ
3288 5248 3574 5320 ἡλπικὲναι
3621 5245 3714 5299 ὲπὶ

1989 5448 2218 5516 ΝΟἸΪΛΞ.

542 5644 585 5684 ⁸⁸
609 5643 668 5700 in
711 5643 872 5698 Gesn.
901 5631 1052 5696 Stob.
1077 5640 1181 5695 250
1213 5640 1422 5696 et25i.

868 5768 900 5783 ς
