3990 6176
317 168 429 233 793

1645 167 1814 228 LOCI
1855 166 2276 230 COMMUNES

3476 173 3584 238 79$

320 278 553 333 πλούτου
592 273 906 347 ἀδηλότητι,
934 274 1052 330 ἀλλ’
1079 275 1175 329 ἐπὶ
1221 273 1300 344 τῷ
1324 274 1462 345 Θεῷ,
1513 274 1593 345 τῷ
1619 277 1912 347 παρέχοντι

2053 279 2298 344 itiarum,
2349 277 2445 332 sed
2497 278 2552 332 in
2587 279 2722 344 Deo,
2776 277 2870 347 qui
2922 257 3148 348 pnestat
3193 278 3354 335 nobis
3404 284 3591 338 omnia

318 373 452 443 ἡμῖν
478 370 659 424 πάντα
687 367 959 430 πλουσίως
981 369 1062 431 είς
1085 367 1404 422 ἀπόλαυσιν.

403 459 537 515 ’1ὼό
577 464 648 512 κ’.
682 485 753 498 —-
786 455 1024 520 Πλοῦτος
1059 456 1261 520 ἀδίκως
1312 456 1680 527 συναγόμενος
1721 455 1912 528 ἐξεμε-

323 551 568 622 θήσεται.

393 647 640 711 Παροιμ.
681 644 774 697 ιθν.
799 643 1157 712 -Κρεῐσσον
1187 639 1401 710 πτωχδς
1421 639 1650 704 δίκαιος,
1677 639 1711 709 ἢ
1747 639 1910 694 πλού.

328 750 442 796 σιος
467 733 730 802 ψεύστης.

409 825 649 890 Ἐκκλη.
685 820 738 875 ι’.
774 850 847 863 -
874 819 966 892 Τῷ
1002 815 1252 892 ἀργυρίῳ
1275 819 1648 874 ὑπακούσεται
1678 820 1748 874 τὰ
1775 820 1912 892 σύμ-

330 929 528 966 παντα.

400 1006 584 1073 Σιράχ
650 1006 768 1059 λα’.
798 1033 863 1044 -
908 1002 1209 1074 Ἀγρυπνία
1246 1003 1478 1057 πλούτου
1510 1005 1733 1075 ἐκτήκει
1776 1005 1910 1074 σάρο

329 1113 454 1160 κας,
487 1095 582 1147 καὶ
607 1094 639 1164 ἡ
674 1093 916 1164 μέριμνα
940 1093 1105 1147 αὐτοῦ
1135 1095 1340 1165 ἀφιστᾷ
1372 1093 1558 1148 ὕπνον.
1825 1131 1830 1135 -

401 1185 578 1253 Σιρὰχ
624 1190 738 1252 λγθ.
766 1217 838 1228 --
858 1185 1096 1239 Πλούτου
1127 1187 1423 1255 σφαλέντος
1447 1185 1631 1240 πολλοὶ
1651 1185 1914 1256 ἀντιληπ-

330 1292 486 1348 τορες
508 1291 522 1305 ο
554 1276 817 1347 ἐλάλησεν
846 1277 1155 1348 ἀπόρρητα,
1191 1278 1285 1330 ml.
1313 1276 1638 1330 ἐδικαίωσαν
1660 1275 1840 1329 αὐτόν.

405 1453 666 1516 Πλούσιος
690 1453 939 1525 ὲλάλησε,
991 1455 1084 1508 καὶ
1114 1455 1314 1518 πάντες
1368 1455 1651 1525 ἐσίγησαν,
1694 1454 1788 1508 καὶ
1823 1453 1914 1507 τὸν

332 1547 492 1615 λόγον
519 1545 686 1598 αὐτοῦ
717 1544 1006 1614 ἀνύψωσαν
1032 1545 1137 1606 ἕως
1159 1545 1268 1598 τῶν
1299 1546 1558 1615 νεφελῶν,

2013 369 2234 425 abunde
2260 371 2326 424 ad
2360 370 2679 424 fruendum.

2079 462 2178 516 Job
2211 479 2303 527 xx,
2333 463 2420 517 15.
2459 493 2530 502 -
2552 462 2766 517 Divitiae
2818 462 3023 532 injuste
3067 472 3436 534 congregata,
3463 479 3597 522 evo-

2010 559 2251 605 mentur.

2082 640 2240 694 Prov.
2281 657 2392 705 xIx,
2428 642 2477 694 1.
2501 641 2789 696 —Melior
2829 648 2915 695 est
2949 657 3160 712 pauper
3194 642 3400 714 justus,
3427 661 3593 715 quam

2011 727 2170 784 dives
2200 727 2453 782 mendax.

2085 817 2258 872 Eccle.
2287 834 2343 882 x,
2381 819 2467 872 19.
2485 848 2556 856 -
2575 817 2828 872 Pecuniae
2851 817 3115 874 obedient
3137 821 3343 876 omnia.

2084 995 2250 1049 Eccli.
2285 1010 2432 1059 xxxi,
2461 1011 2497 1048 ι.
2519 1023 2592 1033 -
2613 993 2812 1063 Vigilia
2845 994 3166 1050 divitiarum
3192 997 3451 1054 tabefacit
3475 1013 3596 1055 car-

2013 1102 2132 1156 nes,
2166 1095 2222 1141 et
2247 1102 2381 1140 cura
2415 1100 2606 1140 earum
2647 1085 2844 1139 adimit
2875 1101 3132 1141 somnum

2084 1178 2250 1232 Eccli.
2275 1195 2394 1241 xm,
2429 1177 2621 1242 26,28.
2641 1207 2714 1218 —
2733 1178 2913 1233 Divite
2940 1179 3177 1249 decepto
3227 1182 3386 1236 multi
3434 1183 3594 1253 adju-

2014 1278 2165 1325 tores
2206 1287 2220 1323 :
2268 1269 2489 1324 locutus
2559 1275 2645 1323 est
2708 1268 2972 1335 nefanda,
3039 1277 3096 1324 et
3152 1270 3598 1340 justiﬁcaverunt

2013 1377 2161 1416 eum.

2083 1453 2248 1507 Dives
2286 1451 2508 1505 locutus
2546 1460 2653 1515 est,
2698 1459 2754 1504 et
2790 1465 2984 1505 omnes
3019 1459 3339 1516 tacuerunt,
3377 1459 3434 1506 et
3477 1453 3599 1522 ejus

2015 1559 2329 1599 sermonem
2359 1542 2426 1596 ad
2455 1542 2633 1596 nubes
2667 1558 2842 1611 usque
2865 1543 3206 1597 extulerunt.

403 1637 621 1688 Βασιλ.
643 1635 889 1689 -Πενία
915 1634 1033 1704 μετ’
1052 1633 1328 1706 ἀληθείας,
1354 1635 1535 1705 πάσης
1558 1634 1912 1698 ἀπολαύσεως

2081 1633 2356 1688 Basilii—
2377 1634 2676 1701 Paupertas
2711 1649 2837 1688 cum
2868 1633 3124 1698 veritate,
3163 1633 3313 1687 omni
3333 1632 3598 1703 jucundi-

333 1726 447 1789 τοῖς
475 1724 814 1794 σωφρονοῦσι
847 1724 1238 1795 προτιμοτέρα.

405 1815 483 1868 Οὑ
539 1815 602 1867 τὸ
631 1812 891 1867 πένεσθαι
918 1815 1302 1879 ἐπονείδιστον,
1343 1813 1480 1868 ἀλλὰ
1508 1813 1570 1868 τὸ
1627 1814 1703 1884 μὴ
1729 1813 1916 1883 φέρειν

337 1905 692 1976 εὐγνωμόνως
723 1905 822 1977 τὴν
847 1908 1060 1960 πενίαν.

410 2085 685 2155 Λογισμὺς
730 2086 840 2156 γὰρ
889 2085 1238 2157 φυλαργυρίᾳ
1293 2085 1749 2158 προειλημμένος,
1784 2101 1920 2156 τρυ-

254 2193 262 2199 '
339 2177 474 2246 τάνη
497 2176 644 2229 ἐστὶν
661 2176 755 2230 ἐπὶ
771 2177 834 2230 τὸ
854 2176 992 2247 βαρὺ
1010 2175 1110 2230 τοῦ
1129 2177 1349 2241 κανόνος
1367 2177 1466 2248 τὴν
1487 2177 1660 2248 ῥοπὴν
1678 2177 1917 2244 καταφέ-

340 2283 534 2333 ρουσα.

987 2362 1136 2414 Θεολ
1143 2360 1308 2424 όφου.

478 2447 748 2513 Πένητα·
801 2447 1022 2516 ἀνδρὸς
1077 2447 1260 2502 οὐδὲν
1316 2447 1794 2517 ἀσφαλέστερον.

478 2517 637 2588 Πρὸς
665 2519 775 2570 τὸν
805 2518 953 2570 Θεὸν
983 2517 1253 2588 νένευκε.
1302 2516 1412 2588 καί
1447 2519 1634 2588 μόνον
1676 2516 1917 2588 βλέπει.

493 2586 590 2653 Ὠς
617 2589 906 2641 ἀπόλοιτο
933 2587 1282 2653 πλοῦτος-,ει
1297 2587 1382 2656 μὴ
1395 2586 1614 2651 ,βοηθεῖ
1633 2587 1917 2652 πένησιν.

486 2657 784 2724 Κρεῖσσον
805 2657 1000 2722 πενία,
1023 2659 1108 2725 μὴ
1131 2657 1365 2721 δικαίας
1389 2657 1676 2722 κτήσεως,

491 2729 598 2780 Kal
631 2730 738 2795 γὰρ
765 2727 954 2792 νόσος
983 2743 1069 2794 γε,
1097 2725 1207 2794 τῆς
1231 2726 1424 2793 κακῆς
1451 2726 1709 2792 εὐεξίας.

420 2836 602 2890 Δεινδν
634 2837 908 2902 πένεσθαι,
937 2840 1118 2909 χεῖρον
1155 2837 1200 2891 δ’
1223 2839 1476 2911 εὐπορεῖν
1505 2840 1714 2905 κακῶς.

415 3016 724 3082 Χρυσόστ.
764 3009 832 3067 Ὠ
863 3014 1095 3085 πηλίκον
1141 3012 1360 3084 ἀξίωμα
1384 3013 1485 3083 τῆς
1507 3011 1697 3076 πενίας
1742 3012 1756 3065 ί
1792 3010 1927 3065 Θεοῦ

344 3107 555 3176 γίνεται
605 3109 972 3177 προσωπεῖον.
1055 3105 1376 3178 Κρύπτεται
1425 3107 1484 3158 ὲν
1546 3104 1707 3176 πενίᾳ
1755 3102 1925 3166 Θεόςο

347 3198 440 3251 καὶ
468 3198 640 3268 πένης
669 3199 788 3270 μὲν,
833 3199 866 3264 ό,
910 3198 1009 3269 τὴν
1059 3200 1220 3270 χεῖρα
1246 3197 1546 3268 προτείνων
1575 3212 1589 3226 ο
1620 3195 1753 3259 Θεὸς
1795 3195 1872 3260 δὲ,
1899 3195 1928 3248 ὁ

345 3291 657 3362 δεχόμενος.

422 3379 634 3454 Ὠσπερ
687 3382 746 3448 ἐξ
803 3381 1112 3453 ἀδηφαγίας
1141 3382 1240 3452 μὲν
1266 3380 1476 3450 γίνεται
1520 3377 1820 3449 φλεγμονὴ,
1866 3377 1930 3430 ὲκ

347 3475 402 3528 δὲ
433 3473 745 3544 φλεγμονῆς
772 3473 1014 3526 τίκτεται
1061 3472 1320 3543 πυρετὸς,
1374 3465 1495 3524 εἶτα
1525 3468 1754 3532 θάνατος
1783 3469 1928 3520 ὲκεῖο

349 3566 443 3618 θεν
467 3557 730 3627 πολλάκις
755 3581 768 3593 ·
803 3563 946 3618 οὕτω
975 3565 1071 3619 καὶ
1103 3563 1212 3618 ἀπὸ
1232 3563 1333 3634 τῆς
1348 3563 1457 3616 τῶν
1478 3562 1819 3632 πραγμάτων
1839 3558 1930 3612 καὶ

346 3656 459 3711 ἀπὸ
489 3658 588 3727 τῆς
617 3655 709 3710 τοῦ
752 3656 982 3710 πλούτου
1036 3655 1378 3728 ὑπερϐολῆς,
1436 3655 1662 3707 ἀπόνοια
1703 3652 1930 3720 γίνεται.

347 3750 567 3819 Ὠσπερ
597 3748 707 3819 γὰρ
728 3750 822 3801 ἐπὶ
842 3748 951 3800 τῶν
985 3749 1251 3818 σωμάτων
1282 3746 1584 3815 φλεγμονὴ,
1647 3743 1792 3796 οὕτω
1837 3742 1933 3796 καὶ

344 3841 447 3895 ὲπί
478 3842 584 3909 ,τῆς
630 3840 810 3910 ψυχῆς
849 3840 1076 3893 ἀπόνοια
1113 3839 1201 3909 (j).
1257 3834 1388 3890 Εἶτα
1421 3837 1479 3903 ἐξ
1518 3835 1773 3894 ἀπονοίας
1814 3835 1931 3886 ἑπι-

345 3931 520 4002 θυμία
537 3931 644 3984 τῶν
659 3931 721 3984 ού
756 3931 1144 4002 προσηκόντων
1168 3929 1552 3984 ἐπακολουθεῖν
1577 3925 1790 3982 εἴωθεν.

419 4111 606 4178 Γρηγ.
632 4109 908 4174 Νύσσης.
952 4138 1025 4148 -
1069 4107 1144 4162 Τὸ
1185 4107 1370 4170 καλῶς
1406 4106 1552 4178 ἐχειν
1598 4105 1774 4178 ὀλίγα
1797 4107 1932 4161 πολὺ

338 4199 696 4272 τιμιώτερον,
718 4199 811 4252 τοῦ
851 4198 1036 4264 κακῶς
1065 4198 1212 4270 ἐχειν
1234 4197 1425 4253 πολλά.

2018 1734 2129 1781 tate
2155 1725 2474 1795 pretiosior,
2498 1723 2608 1786 his,
2643 1723 2739 1792 qui
2775 1739 2910 1778 sano
2938 1724 3122 1776 animo
3149 1723 3280 1776 sint.

2086 1817 2206 1872 Non
2235 1815 2383 1886 quod
2440 1831 2650 1885 pauper
2697 1814 2774 1870 sis
2808 1814 3074 1884 probrum
3130 1821 3238 1878 est,
3292 1812 3390 1867 sed
3449 1809 3599 1880 quod

2019 1915 2407 1977 paupertatem
2454 1915 2613 1976 grato
2654 1905 2848 1960 animo
2886 1920 2950 1959 ac
3005 1905 3255 1960 modeste
3293 1903 3440 1958 ferre
3486 1917 3599 1955 non

2017 1997 2214 2068 possis.

2093 2087 2255 2142 Ratio
2276 2087 2426 2142 enim
2455 2096 2765 2158 occupante
2790 2087 3044 2152 avaritia,
3088 2088 3299 2143 trutina
3342 2094 3450 2153 est,
3478 2099 3602 2156 qua:

2020 2183 2228 2254 regulae
2251 2190 2590 2238 momentum
2624 2181 2682 2235 in
2712 2197 2878 2252 grave
2909 2179 3209 2252 deprimat.

2679 2350 2923 2422 Theologi

2094 2447 2217 2500 Viro
2245 2459 2474 2515 paupere
2511 2440 2652 2515 nihil
2686 2444 2921 2515 securius
2951 2457 2970 2496 :

2094 2517 2159 2571 In
2195 2510 2363 2568 Deuni
2396 2512 2583 2577 tendit,
2616 2519 2663 2564 et
2694 2510 2866 2565 solum
2895 2527 3016 2564 eum
3050 2510 3209 2565 uidet.

2095 2585 2260 2711 $68
2296 2584 2528 2637 Pereant
2559 2597 2714 2663 opes,
2735 2581 2838 2662 nisi
2869 2581 3044 2650 egenis
3073 2581 3408 2661 subveniunt.

2147 2661 2330 2708 rtestat
2361 2660 2649 2711 paupertas
2695 2658 2893 2711 injuste
2949 2657 3117 2711 partrs
3159 2655 3408 2711 possessio

2147 2649 2330 2708 r7212“:
2361 2649 2649 2722 paupertas
2694 2649 2911 2722 injuste
2949 2650 3117 2722 partis
3159 2649 3601 2722 possessionibus:

2094 2725 2232 2781 Nam
2262 2731 2310 2777 et
2338 2719 2570 2786 morbus,
2591 2719 2738 2774 mala
2763 2721 2998 2789 corporis
3029 2720 3416 2790 pinguitudine.

2096 2838 2274 2894 Grave
2306 2848 2606 2907 pauperem
2640 2846 2801 2895 esse;
2850 2832 3010 2902 pejus
3041 2846 3176 2886 vero
3208 2831 3348 2884 male
3377 2830 3604 2886 divitem

1973 2936 1994 2987 '..
2028 2945 2172 2987 esse.

1896 2973 1998 3032 ρο

2101 3019 2367 3090 Chrysost.
2409 3047 2482 3058 —-
2534 3016 2832 3086 Oquanta'
2866 3013 3208 3085 paupertatis
3255 3013 3603 3083 pmstantial

2028 3113 2125 3168 Dei
2153 3126 2444 3182 personam
2477 3109 2640 3180 gerit.
2671 3107 2996 3164 Occultatur
3015 3108 3069 3161 in
3092 3113 3416 3177 paupertate
3438 3106 3606 3159 Deus:

2029 3219 2093 3259 ac
2115 3201 2341 3272 quidem
2368 3215 2582 3271 pauper
2617 3207 2702 3255 est
2737 3198 2834 3269 qui
2879 3213 3104 3253 manum
3157 3195 3433 3266 porrigit;
3463 3197 3610 3250 Deus

2029 3305 2236 3360 autem,
2268 3292 2362 3363 qui
2392 3291 2617 3361 accipit.

2102 3385 2174 3442 Ut
2201 3401 2269 3440 ex
2291 3383 2562 3439 edacitate
2609 3382 2859 3437 nascitur
2901 3380 3280 3445 inﬂammatio,
3316 3395 3493 3449 exque
3524 3379 3610 3433 iu-

2029 3477 2403 3534 ﬂammatione
2429 3475 2622 3537 febris,
2653 3475 2744 3529 cui
2787 3490 2898 3529 non
2933 3489 3057 3527 raro
3097 3489 3248 3527 mors
3273 3488 3458 3527 comes
3483 3480 3604 3526 est:

2031 3569 2113 3624 sic
2135 3576 2190 3622 et
2209 3583 2238 3621 a
2264 3582 2452 3621 rerum
2488 3565 2922 3635 divitiarumque
2949 3565 3338 3635 exsuperantia
3361 3606 3375 3627 ,
3405 3579 3607 3619 vesana

2031 3659 2282 3730 quaedam
2310 3657 2605 3712 insolentia
2627 3657 2906 3726 animique
2929 3657 3115 3710 elatio.
3135 3654 3606 3722 Quemadmodum

2031 3754 2178 3809 enim
2213 3752 2268 3806 in
2299 3751 2633 3821 corporibus
2662 3747 3041 3811 inﬂammatio,
3060 3747 3141 3802 sic
3157 3756 3214 3802 et
3239 3747 3294 3801 in
3322 3747 3608 3802 hominum

2033 3845 2235 3898 animis
2255 3858 2318 3897 ea
2347 3841 2638 3896 insolentia
2672 3848 2758 3894 est
2805 3848 2862 3894 et
2882 3839 3050 3894 elatio
3078 3856 3091 3891 :
3145 3853 3213 3892 ex
3237 3854 3344 3907 qua
3383 3837 3607 3902 deinde,

2033 3949 2224 3989 earum
2250 3947 2434 3986 rerum
2459 3930 2899 4001 cupiditas.qu:e
2921 3945 3022 3999 pro
3053 3936 3231 3982 status
3259 3928 3472 3982 ratione
3497 3943 3606 3982 non

2034 4025 2398 4087 conveniunt,
2426 4023 2666 4093 proclive
2694 4022 3080 4090 consequitur.

2107 4116 2262 4186 Creg.
2293 4113 2446 4184 Nyss.
2489 4144 2560 4154 ——
2601 4113 2781 4168 Pauca
2815 4113 3045 4168 honeste
3086 4112 3294 4167 habere
3329 4110 3505 4182 plur-is
3530 4108 3612 4163 l'a-

2037 4208 2320 4270 ciendum,
2346 4221 2510 4275 quam
2537 4205 2712 4258 multa
2736 4205 3046 4258 inhoneste.

422 4291 615 4354 Οὐδείς
655 4307 806 4354 ποτε,
839 4290 933 4343 τοῦ
976 4290 1278 4361 κερδαίνειν
1319 4289 1529 4358 γίνεται
1574 4289 1762 4361 κόρος·
1795 4289 1917 4343 ἀλλὰ

2104 4297 2265 4352 Nulla
2307 4303 2390 4350 est
2427 4309 2671 4363 unquam
2724 4293 2979 4347 lucrandi
3023 4293 3282 4348 satietas:
3331 4293 3428 4348 sed
3461 4292 3608 4363 quod

339 4386 411 4439 τὸ
455 4384 544 4438 ἀεὶ
567 4381 996 4453 λαμϐανόμενον,
1048 4383 1147 4454 ὕλη
1181 4382 1276 4436 καὶ
1309 4381 1646 4452 ὑπέκκαυμα
1690 4383 1790 4453 τῆς
1839 4381 1933 4436 τοῦ

344 4477 600 4541 πλείονος
628 4474 926 4546 ἐπιθυμίας
957 4473 1303 4530 καθίσταται.

425 4566 574 4636 Βαρὺ
622 4564 814 4636 χρῆμα
871 4563 932 4616 τὸ
1002 4563 1222 4634 χρυσίον
1274 4563 1430 4616 ἐστί’
1467 4563 1668 4634 κοῦφον
1727 4564 1784 4618 δὲ
1839 4566 1934 4618 καὶ

225 4725 242 4735 .
346 4659 637 4730 ἀνωφερὲς
676 4659 912 4729 πρᾶγμα
975 4658 1008 4727 ὴ
1063 4657 1255 4728 ἀρετή.
1290 4657 1354 4709 Εἰ
1393 4653 1485 4710 οὖν
1523 4658 1628 4728 χρὴ
1672 4657 1781 4710 τῶν
1822 4658 1936 4712 ἄνω

346 4747 726 4820 προσϐαίνειν,
747 4747 855 4800 τῶν
880 4747 1242 4802 κατελθόντων
1291 4746 1562 4819 [καθελκ.]
1604 4747 1930 4819 πτωχεύσω-

350 4854 481 4909 μεν.
516 4838 607 4891 ἵνα
637 4839 696 4890 ὲν
727 4837 978 4908 οὐρανοῖς
1003 4839 1113 4893 ἄνω
1139 4837 1440 4908 γινώμεθα.

427 4927 668 4983 Πλούτου
703 4928 896 4992 κάλλος
913 4929 1014 4984 οὐκ
1059 4932 1118 4985 ὲν
1142 4929 1466 4998 βαλαντίοις,
1502 4929 1620 4982 ἀλλ’
1646 4930 1704 4983 ὲν
1728 4933 1792 5002 τῇ
1822 4929 1930 4984 τῶν

271 5027 277 5032 ’
345 5020 671 5093 χρῃζόντων
693 5022 1000 5095 ἐπικουρίᾳ.

2032 4403 2253 4458 semper
2277 4387 2607 4458 acquiritur,
2633 4385 2863 4456 majoris
2905 4385 3228 4456 cupiditatis
3264 4385 3494 4440 materia
3524 4385 3610 4440 fo-

2033 4494 2262 4549 mesque
2292 4476 2554 4532 edicitur.

2102 4571 2312 4626 Aurum
2347 4583 2437 4623 res
2458 4566 2638 4640 gravis
2669 4574 2793 4621 est:
2827 4565 2967 4620 levis
2997 4573 3180 4620 autem
3213 4573 3270 4619 et
3297 4579 3418 4635 qua:
3436 4563 3607 4617 altum
3714 4600 3718 4603 -

2030 4671 2206 4734 petat,
2231 4661 2428 4715 virtus.
2490 4657 2777 4729 Siquidem
2827 4655 2998 4727 igitur
3045 4655 3282 4725 petenda
3337 4652 3605 4716 cmlestia,

2034 4755 2104 4811 iis
2134 4768 2405 4826 pauperes
2437 4751 2611 4807 simus
2635 4765 2756 4821 qua
2783 4749 3100 4812 detrahunt,
3138 4756 3199 4802 ut
3218 4747 3325 4800 alta
3341 4746 3606 4801 caelorum

2035 4847 2447 4902 nanciscamur.
2971 4891 3004 4916 γ’,

2110 4937 2434 4992 ltivitiarum
2484 4932 2838 5004 pulchritudo
2874 4947 2983 4986 non
3019 4933 3072 4985 in
3122 4929 3318 4984 loculis
3365 4929 3467 4984 sita
3501 4935 3605 4991 est,

2039 5029 2135 5082 sed
2162 5029 2214 5082 in
2242 5027 2552 5097 praestanda
2588 5024 2954 5095 indigentium
2979 5022 3365 5092 Opitulatione.

1877 5139 2108 5196 NOTAE.

433 5223 522 5297 (j)
563 5223 696 5297 Ἐπί
720 5225 930 5297 ψυχῆς
943 5226 1313 5280 ἀπόνοιαΛιε
1341 5228 1485 5283 nude
1520 5228 1925 5287 Ball.suhmota

342 5295 602 5372 ea’voce
623 5295 734 5372 τῶν
783 5296 1072 5366 σωμάτων,
1113 5311 1278 5364 quam
1318 5305 1373 5351 et
1405 5298 1571 5372 Gesn.
1605 5317 1926 5372 expungen-

340 5366 487 5435 dam
517 5365 862 5435 coniecerat;
898 5375 994 5419 aut
1039 5375 1191 5420 certe
1223 5368 1599 5435 reponendum
1641 5365 1924 5424 esset'rdw

337 5433 689 5503 ἀνθρώπων,
722 5443 780 5487 ιιι
816 5433 884 5489 de
926 5435 1163 5489 humana
1199 5433 1380 5489 anima
1426 5453 1606 5492 sermo
1627 5441 1924 5494 esseintel-

337 5507 583 5572 ligatur,
610 5519 732 5573 quae
765 5505 843 5558 sic
891 5505 986 5558 τοῦ
1031 5504 1121 5558 νοῦ
1175 5507 1459 5559 ἐκπίπτει⁶
1528 5509 1673 5563 unde
1720 5511 1919 5565 dictam

335 5574 644 5638 ἀπόνοιαν,
667 5583 856 5628 auctor
879 5575 1073 5646 Chrys.
1104 5575 1156 5629 in
1186 5575 1365 5645 Epist.
1406 5577 1471 5631 ad
1508 5577 1665 5634 Rom.
1694 5579 1860 5649 Quasi
1889 5599 1918 5636 a

2031 5241 2203 5288 mente
2215 5233 2466 5287 dilabitur
2477 5232 2785 5301 cxciditque.
2803 5229 3441 5301 elationisscilicetvitio,
3457 5229 3602 5298 quod

2027 5306 2094 5372 τῇ
2121 5304 2398 5372 φλεγμονῇ
2429 5303 2483 5355 in
2516 5299 2745 5372 corpore
2781 5300 2882 5372 rite
2914 5301 3231 5372 opponitur.
3279 5299 3375 5353 Est
3410 5308 3596 5372 autem

2027 5369 2140 5434 illa,
2159 5369 2352 5426 Turnor
2376 5369 2541 5424 durus
2569 5369 2621 5424 et
2639 5369 2862 5424 callidus
2896 5385 3028 5423 cum-
3051 5370 3304 5432 tensione,
3345 5370 3522 5422 renisu
3547 5378 3595 5422 et

2025 5441 2205 5496 dolore
2231 5459 2293 5494 ac
2321 5441 2655 5511 pulsatione:
2689 5440 2942 5504 ἀπόνοια,
2969 5455 3162 5511 vesana
3183 5439 3426 5511 quietiam
3445 5440 3601 5511 inso-

2027 5512 2213 5573 lentia.
2247 5520 2292 5564 et
2316 5508 2511 5566 elatio:
2547 5526 2655 5565 nou
2679 5511 2823 5580 quod
2847 5509 3151 5580 simplicius
3166 5509 3409 5564 reddidit
3431 5508 3600 5572 Gesn.

2025 5583 2278 5636 amentia.
