  <div class='ocr_page' id='page_1' title='image "/cluster/home/n/w/nwhite01/storage/ocr_20150623/91/hvd.32044052742962/403.png"; bbox 0 0 3994 6172; ppageno 0'>
   <div class='ocr_carea' id='block_1_1' title="bbox 403 160 510 220">
    <p class='ocr_par' dir='ltr' id='par_1_1' title="bbox 403 160 510 220">
     <span class='ocr_line' id='line_1_1' title="bbox 403 160 510 220; baseline -0.056 0"><span class='ocrx_word' id='word_1_1' title='bbox 403 160 510 220; x_wconf 68' lang='grc'><strong>’195</strong></span> 
     </span>
    </p>
   </div>
   <div class='ocr_carea' id='block_1_2' title="bbox 1583 157 2516 220">
    <p class='ocr_par' dir='ltr' id='par_1_2' title="bbox 1583 157 2516 220">
     <span class='ocr_line' id='line_1_2' title="bbox 1583 157 2516 220; baseline 0.003 -3"><span class='ocrx_word' id='word_1_2' title='bbox 1583 157 1644 217; x_wconf 92' lang='lat' dir='ltr'><strong>S.</strong></span> <span class='ocrx_word' id='word_1_3' title='bbox 1687 158 1972 217; x_wconf 82' lang='lat' dir='ltr'><strong>MAXIMI</strong></span> <span class='ocrx_word' id='word_1_4' title='bbox 2010 157 2516 220; x_wconf 71' lang='lat' dir='ltr'><strong>CONFESbURIS</strong></span> 
     </span>
    </p>
   </div>
   <div class='ocr_carea' id='block_1_3' title="bbox 3575 163 3681 230">
    <p class='ocr_par' dir='ltr' id='par_1_3' title="bbox 3575 163 3681 230">
     <span class='ocr_line' id='line_1_3' title="bbox 3575 163 3681 230; baseline 0.009 -1"><span class='ocrx_word' id='word_1_5' title='bbox 3575 163 3681 230; x_wconf 76' lang='lat'><strong>796</strong></span> 
     </span>
    </p>
   </div>
   <div class='ocr_carea' id='block_1_4' title="bbox 477 226 1986 340">
    <p class='ocr_par' dir='ltr' id='par_1_4' title="bbox 477 262 1985 334">
     <span class='ocr_line' id='line_1_4' title="bbox 477 262 1985 334; baseline 0 -16"><span class='ocrx_word' id='word_1_6' title='bbox 477 264 737 318; x_wconf 73' lang='lat' dir='ltr'><strong>Philonis.</strong></span> <span class='ocrx_word' id='word_1_7' title='bbox 754 294 823 303; x_wconf 92' lang='lat'><strong><em>—</em></strong></span> <span class='ocrx_word' id='word_1_8' title='bbox 841 263 1208 319; x_wconf 82' lang='lat' dir='ltr'><strong>Pecuniarum</strong></span> <span class='ocrx_word' id='word_1_9' title='bbox 1242 262 1689 334; x_wconf 73' lang='lat' dir='ltr'><strong>przediorumque</strong></span> <span class='ocrx_word' id='word_1_10' title='bbox 1709 265 1985 321; x_wconf 88' lang='lat' dir='ltr'><strong>desideria</strong></span> 
     </span>
    </p>
   </div>
   <div class='ocr_carea' id='block_1_5' title="bbox 2118 226 3678 340">
    <p class='ocr_par' dir='ltr' id='par_1_5' title="bbox 2159 226 3678 340">
     <span class='ocr_line' id='line_1_5' title="bbox 2159 226 3678 340; baseline 0.007 -21"><span class='ocrx_word' id='word_1_11' title='bbox 2159 268 2374 323; x_wconf 71' lang='grc' dir='ltr'>Φίλων.</span> <span class='ocrx_word' id='word_1_12' title='bbox 2408 296 2480 308; x_wconf 90' lang='grc'><strong><em>-</em></strong></span> <span class='ocrx_word' id='word_1_13' title='bbox 2523 267 2590 320; x_wconf 71' lang='grc' dir='ltr'>Δί</span> <span class='ocrx_word' id='word_1_14' title='bbox 2636 265 2736 337; x_wconf 71' lang='grc' dir='ltr'>μιν</span> <span class='ocrx_word' id='word_1_15' title='bbox 2756 226 3056 338; x_wconf 80' lang='grc' dir='ltr'>χρημάτων</span> <span class='ocrx_word' id='word_1_16' title='bbox 3084 269 3178 323; x_wconf 76' lang='grc' dir='ltr'>καὶ</span> <span class='ocrx_word' id='word_1_17' title='bbox 3214 271 3516 340; x_wconf 77' lang='grc' dir='ltr'><strong>κτημάτων</strong></span> <span class='ocrx_word' id='word_1_18' title='bbox 3550 274 3678 329; x_wconf 74' lang='lat' dir='ltr'><strong>lm-</strong></span> 
     </span>
    </p>
   </div>
   <div class='ocr_carea' id='block_1_6' title="bbox 405 351 1988 423">
    <p class='ocr_par' dir='ltr' id='par_1_6' title="bbox 405 351 1988 423">
     <span class='ocr_line' id='line_1_6' title="bbox 405 351 1988 423; baseline 0 -15"><span class='ocrx_word' id='word_1_19' title='bbox 405 362 625 423; x_wconf 83' lang='lat' dir='ltr'><strong>tempus</strong></span> <span class='ocrx_word' id='word_1_20' title='bbox 645 361 1019 407; x_wconf 88' lang='lat' dir='ltr'><strong>consumunt:</strong></span> <span class='ocrx_word' id='word_1_21' title='bbox 1053 351 1349 404; x_wconf 89' lang='lat' dir='ltr'><strong>honestum</strong></span> <span class='ocrx_word' id='word_1_22' title='bbox 1388 365 1522 405; x_wconf 90' lang='lat' dir='ltr'><strong>vero</strong></span> <span class='ocrx_word' id='word_1_23' title='bbox 1575 361 1681 417; x_wconf 90' lang='lat' dir='ltr'><strong>est,</strong></span> <span class='ocrx_word' id='word_1_24' title='bbox 1723 355 1988 423; x_wconf 89' lang='lat' dir='ltr'><strong>temporis</strong></span> 
     </span>
    </p>
   </div>
   <div class='ocr_carea' id='block_1_7' title="bbox 405 457 802 512">
    <p class='ocr_par' dir='ltr' id='par_1_7' title="bbox 405 457 802 512">
     <span class='ocr_line' id='line_1_7' title="bbox 405 457 802 512; baseline -0.015 -12"><span class='ocrx_word' id='word_1_25' title='bbox 405 460 527 500; x_wconf 89' lang='lat' dir='ltr'><strong>esse</strong></span> <span class='ocrx_word' id='word_1_26' title='bbox 555 457 802 512; x_wconf 90' lang='lat' dir='ltr'><strong>parcum.</strong></span> 
     </span>
    </p>
   </div>
   <div class='ocr_carea' id='block_1_8' title="bbox 477 531 1986 604">
    <p class='ocr_par' dir='ltr' id='par_1_8' title="bbox 477 531 1986 604">
     <span class='ocr_line' id='line_1_8' title="bbox 477 531 1986 604; baseline 0.001 -16"><span class='ocrx_word' id='word_1_27' title='bbox 477 535 738 604; x_wconf 87' lang='lat' dir='ltr'><strong>Majorem</strong></span> <span class='ocrx_word' id='word_1_28' title='bbox 774 531 1298 604; x_wconf 79' lang='lat' dir='ltr'><strong>diligentioremque</strong></span> <span class='ocrx_word' id='word_1_29' title='bbox 1357 551 1550 591; x_wconf 90' lang='lat' dir='ltr'><strong>curam</strong></span> <span class='ocrx_word' id='word_1_30' title='bbox 1599 535 1708 590; x_wconf 87' lang='lat' dir='ltr'><strong>illis</strong></span> <span class='ocrx_word' id='word_1_31' title='bbox 1762 536 1986 601; x_wconf 85' lang='lat' dir='ltr'><strong>adhibe,</strong></span> 
     </span>
    </p>
   </div>
   <div class='ocr_carea' id='block_1_9' title="bbox 405 624 1990 697">
    <p class='ocr_par' dir='ltr' id='par_1_9' title="bbox 405 624 1990 697">
     <span class='ocr_line' id='line_1_9' title="bbox 405 624 1990 697; baseline 0.003 -21"><span class='ocrx_word' id='word_1_32' title='bbox 405 624 504 693; x_wconf 90' lang='lat' dir='ltr'><strong>qui</strong></span> <span class='ocrx_word' id='word_1_33' title='bbox 534 624 760 678; x_wconf 90' lang='lat' dir='ltr'><strong>virtutis</strong></span> <span class='ocrx_word' id='word_1_34' title='bbox 815 638 880 678; x_wconf 89' lang='lat' dir='ltr'><strong>ac</strong></span> <span class='ocrx_word' id='word_1_35' title='bbox 936 625 1224 695; x_wconf 81' lang='lat' dir='ltr'><strong>religionis</strong></span> <span class='ocrx_word' id='word_1_36' title='bbox 1266 642 1433 682; x_wconf 89' lang='lat' dir='ltr'><strong>causa</strong></span> <span class='ocrx_word' id='word_1_37' title='bbox 1475 643 1746 697; x_wconf 86' lang='lat' dir='ltr'><strong>pauperes</strong></span> <span class='ocrx_word' id='word_1_38' title='bbox 1775 636 1906 682; x_wconf 91' lang='lat' dir='ltr'><strong>sunt</strong></span> <span class='ocrx_word' id='word_1_39' title='bbox 1933 637 1990 682; x_wconf 91' lang='lat' dir='ltr'><strong>et</strong></span> 
     </span>
    </p>
   </div>
   <div class='ocr_carea' id='block_1_10' title="bbox 406 719 1988 786">
    <p class='ocr_par' dir='ltr' id='par_1_10' title="bbox 406 719 1988 786">
     <span class='ocr_line' id='line_1_10' title="bbox 406 719 1988 786; baseline 0.003 -18"><span class='ocrx_word' id='word_1_40' title='bbox 406 723 650 784; x_wconf 88' lang='lat' dir='ltr'><strong>egestate</strong></span> <span class='ocrx_word' id='word_1_41' title='bbox 686 727 1054 784; x_wconf 89' lang='lat' dir='ltr'><strong>premuntur;</strong></span> <span class='ocrx_word' id='word_1_42' title='bbox 1099 727 1363 786; x_wconf 66' lang='lat' dir='ltr'><strong>praeterea</strong></span> <span class='ocrx_word' id='word_1_43' title='bbox 1421 719 1588 773; x_wconf 84' lang='lat' dir='ltr'><strong>etiam</strong></span> <span class='ocrx_word' id='word_1_44' title='bbox 1615 719 1873 773; x_wconf 74' lang='lat' dir='ltr'><strong>similiter</strong></span> <span class='ocrx_word' id='word_1_45' title='bbox 1891 734 1988 773; x_wconf 88' lang='lat' dir='ltr'><strong>eo-</strong></span> 
     </span>
    </p>
   </div>
   <div class='ocr_carea' id='block_1_11' title="bbox 408 807 1988 879">
    <p class='ocr_par' dir='ltr' id='par_1_11' title="bbox 408 807 1988 879">
     <span class='ocr_line' id='line_1_11' title="bbox 408 807 1988 879; baseline 0.003 -20"><span class='ocrx_word' id='word_1_46' title='bbox 408 821 529 860; x_wconf 87' lang='lat' dir='ltr'><strong>rum</strong></span> <span class='ocrx_word' id='word_1_47' title='bbox 559 807 655 876; x_wconf 92' lang='lat' dir='ltr'><strong>qui</strong></span> <span class='ocrx_word' id='word_1_48' title='bbox 689 821 758 861; x_wconf 80' lang='lat' dir='ltr'><strong>ex</strong></span> <span class='ocrx_word' id='word_1_49' title='bbox 788 807 985 861; x_wconf 89' lang='lat' dir='ltr'><strong>morbo</strong></span> <span class='ocrx_word' id='word_1_50' title='bbox 1014 808 1192 862; x_wconf 90' lang='lat' dir='ltr'><strong>aliove</strong></span> <span class='ocrx_word' id='word_1_51' title='bbox 1215 809 1452 864; x_wconf 90' lang='lat' dir='ltr'><strong>adverso</strong></span> <span class='ocrx_word' id='word_1_52' title='bbox 1485 825 1636 872; x_wconf 86' lang='lat' dir='ltr'><strong>casu,</strong></span> <span class='ocrx_word' id='word_1_53' title='bbox 1664 825 1826 879; x_wconf 90' lang='lat' dir='ltr'><strong>quam</strong></span> <span class='ocrx_word' id='word_1_54' title='bbox 1857 809 1988 873; x_wconf 90' lang='lat' dir='ltr'><strong>illis,</strong></span> 
     </span>
    </p>
   </div>
   <div class='ocr_carea' id='block_1_12' title="bbox 408 895 1991 971">
    <p class='ocr_par' dir='ltr' id='par_1_12' title="bbox 408 895 1991 971">
     <span class='ocr_line' id='line_1_12' title="bbox 408 895 1991 971; baseline 0.003 -21"><span class='ocrx_word' id='word_1_55' title='bbox 408 895 506 965; x_wconf 90' lang='lat' dir='ltr'><strong>qui</strong></span> <span class='ocrx_word' id='word_1_56' title='bbox 538 898 680 952; x_wconf 90' lang='lat' dir='ltr'><strong>male</strong></span> <span class='ocrx_word' id='word_1_57' title='bbox 712 897 1100 952; x_wconf 82' lang='lat' dir='ltr'><strong>administrata</strong></span> <span class='ocrx_word' id='word_1_58' title='bbox 1138 914 1197 953; x_wconf 91' lang='lat' dir='ltr'><strong>re</strong></span> <span class='ocrx_word' id='word_1_59' title='bbox 1234 899 1515 963; x_wconf 82' lang='lat' dir='ltr'><strong>familiari,</strong></span> <span class='ocrx_word' id='word_1_60' title='bbox 1547 910 1643 954; x_wconf 92' lang='lat' dir='ltr'><strong>aut</strong></span> <span class='ocrx_word' id='word_1_61' title='bbox 1691 917 1756 956; x_wconf 90' lang='lat' dir='ltr'><strong>ea</strong></span> <span class='ocrx_word' id='word_1_62' title='bbox 1789 915 1991 971; x_wconf 81' lang='lat' dir='ltr'><strong>ganeo—</strong></span> 
     </span>
    </p>
   </div>
   <div class='ocr_carea' id='block_1_13' title="bbox 409 989 1823 1060">
    <p class='ocr_par' dir='ltr' id='par_1_13' title="bbox 409 989 1823 1060">
     <span class='ocr_line' id='line_1_13' title="bbox 409 989 1823 1060; baseline 0.004 -19"><span class='ocrx_word' id='word_1_63' title='bbox 409 1003 542 1042; x_wconf 86' lang='lat' dir='ltr'><strong>num</strong></span> <span class='ocrx_word' id='word_1_64' title='bbox 580 1004 734 1043; x_wconf 87' lang='lat' dir='ltr'><strong>more</strong></span> <span class='ocrx_word' id='word_1_65' title='bbox 771 989 1001 1058; x_wconf 76' lang='lat' dir='ltr'><strong>prodige</strong></span> <span class='ocrx_word' id='word_1_66' title='bbox 1029 989 1312 1059; x_wconf 87' lang='lat' dir='ltr'><strong>dissipata,</strong></span> <span class='ocrx_word' id='word_1_67' title='bbox 1342 991 1501 1060; x_wconf 80' lang='lat' dir='ltr'><strong>egeni</strong></span> <span class='ocrx_word' id='word_1_68' title='bbox 1529 992 1823 1047; x_wconf 82' lang='lat' dir='ltr'><strong>exsistunt.</strong></span> 
     </span>
    </p>
   </div>
   <div class='ocr_carea' id='block_1_14' title="bbox 477 1078 1989 1150">
    <p class='ocr_par' dir='ltr' id='par_1_14' title="bbox 477 1078 1989 1150">
     <span class='ocr_line' id='line_1_14' title="bbox 477 1078 1989 1150; baseline 0.005 -19"><span class='ocrx_word' id='word_1_69' title='bbox 477 1078 606 1132; x_wconf 84' lang='lat' dir='ltr'><strong>Nili.</strong></span> <span class='ocrx_word' id='word_1_70' title='bbox 626 1110 697 1118; x_wconf 92' lang='lat'><strong>—-</strong></span> <span class='ocrx_word' id='word_1_71' title='bbox 718 1080 840 1133; x_wconf 88' lang='lat' dir='ltr'><strong>Noli</strong></span> <span class='ocrx_word' id='word_1_72' title='bbox 889 1079 1115 1134; x_wconf 88' lang='lat' dir='ltr'><strong>divitias</strong></span> <span class='ocrx_word' id='word_1_73' title='bbox 1167 1096 1418 1150; x_wconf 67' lang='lat' dir='ltr'><strong>quaarere</strong></span> <span class='ocrx_word' id='word_1_74' title='bbox 1445 1121 1461 1146; x_wconf 93' lang='lat'><strong>,</strong></span> <span class='ocrx_word' id='word_1_75' title='bbox 1493 1097 1560 1136; x_wconf 93' lang='lat' dir='ltr'><strong>eo</strong></span> <span class='ocrx_word' id='word_1_76' title='bbox 1584 1083 1808 1137; x_wconf 89' lang='lat' dir='ltr'><strong>nomine</strong></span> <span class='ocrx_word' id='word_1_77' title='bbox 1838 1092 1900 1137; x_wconf 89' lang='lat' dir='ltr'><strong>ut</strong></span> <span class='ocrx_word' id='word_1_78' title='bbox 1931 1083 1989 1139; x_wconf 92' lang='lat' dir='ltr'><strong>in</strong></span> 
     </span>
    </p>
   </div>
   <div class='ocr_carea' id='block_1_15' title="bbox 406 1169 1991 1240">
    <p class='ocr_par' dir='ltr' id='par_1_15' title="bbox 406 1169 1991 1240">
     <span class='ocr_line' id='line_1_15' title="bbox 406 1169 1991 1240; baseline 0.003 -18"><span class='ocrx_word' id='word_1_79' title='bbox 406 1185 720 1239; x_wconf 88' lang='lat' dir='ltr'><strong>pauperum</strong></span> <span class='ocrx_word' id='word_1_80' title='bbox 751 1170 1137 1240; x_wconf 86' lang='lat' dir='ltr'><strong>eleemosynas</strong></span> <span class='ocrx_word' id='word_1_81' title='bbox 1161 1169 1451 1238; x_wconf 88' lang='lat' dir='ltr'><strong>impendas</strong></span> <span class='ocrx_word' id='word_1_82' title='bbox 1495 1188 1508 1223; x_wconf 88' lang='lat'>:</span> <span class='ocrx_word' id='word_1_83' title='bbox 1546 1172 1692 1226; x_wconf 91' lang='lat' dir='ltr'><strong>Deus</strong></span> <span class='ocrx_word' id='word_1_84' title='bbox 1745 1173 1892 1227; x_wconf 92' lang='lat' dir='ltr'><strong>enim</strong></span> <span class='ocrx_word' id='word_1_85' title='bbox 1921 1188 1991 1227; x_wconf 77' lang='lat' dir='ltr'><strong>ex</strong></span> 
     </span>
    </p>
   </div>
   <div class='ocr_carea' id='block_1_16' title="bbox 409 1245 1990 1334">
    <p class='ocr_par' dir='ltr' id='par_1_16' title="bbox 409 1245 1990 1334">
     <span class='ocr_line' id='line_1_16' title="bbox 409 1245 1990 1334; baseline 0.004 -23"><span class='ocrx_word' id='word_1_86' title='bbox 409 1259 476 1312; x_wconf 91' lang='lat' dir='ltr'><strong>iis</strong></span> <span class='ocrx_word' id='word_1_87' title='bbox 507 1274 630 1327; x_wconf 82' lang='lat' dir='ltr'><strong>quae</strong></span> <span class='ocrx_word' id='word_1_88' title='bbox 665 1245 966 1328; x_wconf 77' lang='lat' dir='ltr'><strong>suppetunt</strong></span> <span class='ocrx_word' id='word_1_89' title='bbox 991 1260 1202 1330; x_wconf 88' lang='lat' dir='ltr'><strong>justum</strong></span> <span class='ocrx_word' id='word_1_90' title='bbox 1235 1260 1489 1316; x_wconf 89' lang='lat' dir='ltr'><strong>decernit</strong></span> <span class='ocrx_word' id='word_1_91' title='bbox 1515 1262 1990 1334; x_wconf 81' lang='lat' dir='ltr'><strong>eleemosynarum</strong></span> 
     </span>
    </p>
   </div>
   <div class='ocr_carea' id='block_1_17' title="bbox 408 1349 655 1402">
    <p class='ocr_par' dir='ltr' id='par_1_17' title="bbox 408 1349 655 1402">
     <span class='ocr_line' id='line_1_17' title="bbox 408 1349 655 1402; baseline 0 0"><span class='ocrx_word' id='word_1_92' title='bbox 408 1349 655 1402; x_wconf 88' lang='lat' dir='ltr'><strong>modum.</strong></span> 
     </span>
    </p>
   </div>
   <div class='ocr_carea' id='block_1_18' title="bbox 481 1439 1993 1512">
    <p class='ocr_par' dir='ltr' id='par_1_18' title="bbox 481 1439 1993 1512">
     <span class='ocr_line' id='line_1_18' title="bbox 481 1439 1993 1512; baseline 0.007 -21"><span class='ocrx_word' id='word_1_93' title='bbox 481 1439 756 1492; x_wconf 81' lang='lat' dir='ltr'><strong>Plutarch.</strong></span> <span class='ocrx_word' id='word_1_94' title='bbox 779 1440 923 1494; x_wconf 90' lang='lat' dir='ltr'><strong>—ln</strong></span> <span class='ocrx_word' id='word_1_95' title='bbox 954 1441 1143 1509; x_wconf 77' lang='lat' dir='ltr'><strong>praelio</strong></span> <span class='ocrx_word' id='word_1_96' title='bbox 1169 1442 1394 1512; x_wconf 89' lang='lat' dir='ltr'><strong>quidem</strong></span> <span class='ocrx_word' id='word_1_97' title='bbox 1421 1442 1630 1498; x_wconf 83' lang='lat' dir='ltr'><strong>ferrum</strong></span> <span class='ocrx_word' id='word_1_98' title='bbox 1657 1460 1796 1500; x_wconf 88' lang='lat' dir='ltr'><strong>auro</strong></span> <span class='ocrx_word' id='word_1_99' title='bbox 1819 1447 1993 1502; x_wconf 90' lang='lat' dir='ltr'><strong>tutius</strong></span> 
     </span>
    </p>
   </div>
   <div class='ocr_carea' id='block_1_19' title="bbox 410 1531 1992 1606">
    <p class='ocr_par' dir='ltr' id='par_1_19' title="bbox 410 1531 1992 1606">
     <span class='ocr_line' id='line_1_19' title="bbox 410 1531 1992 1606; baseline 0.008 -25"><span class='ocrx_word' id='word_1_100' title='bbox 410 1532 819 1583; x_wconf 88' lang='lat' dir='ltr'><strong>munimentum</strong></span> <span class='ocrx_word' id='word_1_101' title='bbox 850 1539 1112 1600; x_wconf 67' lang='lat' dir='ltr'><strong>praestat;</strong></span> <span class='ocrx_word' id='word_1_102' title='bbox 1167 1531 1225 1586; x_wconf 90' lang='lat' dir='ltr'><strong>in</strong></span> <span class='ocrx_word' id='word_1_103' title='bbox 1259 1534 1374 1588; x_wconf 90' lang='lat' dir='ltr'><strong>vita</strong></span> <span class='ocrx_word' id='word_1_104' title='bbox 1419 1549 1554 1589; x_wconf 87' lang='lat' dir='ltr'><strong>vero</strong></span> <span class='ocrx_word' id='word_1_105' title='bbox 1603 1536 1745 1590; x_wconf 89' lang='lat' dir='ltr'><strong>ratio</strong></span> <span class='ocrx_word' id='word_1_106' title='bbox 1795 1538 1992 1606; x_wconf 82' lang='lat' dir='ltr'><strong>Opibus</strong></span> 
     </span>
    </p>
   </div>
   <div class='ocr_carea' id='block_1_20' title="bbox 408 1620 792 1676">
    <p class='ocr_par' dir='ltr' id='par_1_20' title="bbox 408 1620 792 1676">
     <span class='ocr_line' id='line_1_20' title="bbox 408 1620 792 1676; baseline 0.003 -2"><span class='ocrx_word' id='word_1_107' title='bbox 408 1620 658 1674; x_wconf 86' lang='lat' dir='ltr'><strong>securior</strong></span> <span class='ocrx_word' id='word_1_108' title='bbox 687 1629 792 1676; x_wconf 90' lang='lat' dir='ltr'><strong>est.</strong></span> 
     </span>
    </p>
   </div>
   <div class='ocr_carea' id='block_1_21' title="bbox 476 1695 1990 1780">
    <p class='ocr_par' dir='ltr' id='par_1_21' title="bbox 476 1695 1990 1780">
     <span class='ocr_line' id='line_1_21' title="bbox 476 1695 1990 1780; baseline 0.009 -17"><span class='ocrx_word' id='word_1_109' title='bbox 476 1710 589 1764; x_wconf 88' lang='lat' dir='ltr'><strong>Nec</strong></span> <span class='ocrx_word' id='word_1_110' title='bbox 628 1727 773 1780; x_wconf 91' lang='lat' dir='ltr'><strong>equo</strong></span> <span class='ocrx_word' id='word_1_111' title='bbox 807 1713 928 1768; x_wconf 90' lang='lat' dir='ltr'><strong>sine</strong></span> <span class='ocrx_word' id='word_1_112' title='bbox 961 1695 1146 1778; x_wconf 76' lang='lat' dir='ltr'><strong>freno,</strong></span> <span class='ocrx_word' id='word_1_113' title='bbox 1178 1731 1283 1771; x_wconf 91' lang='lat' dir='ltr'><strong>nec</strong></span> <span class='ocrx_word' id='word_1_114' title='bbox 1314 1717 1527 1773; x_wconf 87' lang='lat' dir='ltr'><strong>divitiis</strong></span> <span class='ocrx_word' id='word_1_115' title='bbox 1553 1721 1672 1776; x_wconf 90' lang='lat' dir='ltr'><strong>sine</strong></span> <span class='ocrx_word' id='word_1_116' title='bbox 1696 1721 1911 1777; x_wconf 88' lang='lat' dir='ltr'><strong>ratione</strong></span> <span class='ocrx_word' id='word_1_117' title='bbox 1931 1730 1990 1778; x_wconf 91' lang='lat' dir='ltr'><strong>et</strong></span> 
     </span>
    </p>
   </div>
   <div class='ocr_carea' id='block_1_22' title="bbox 408 1803 1265 1876">
    <p class='ocr_par' dir='ltr' id='par_1_22' title="bbox 408 1803 1265 1876">
     <span class='ocr_line' id='line_1_22' title="bbox 408 1803 1265 1876; baseline 0.008 -20"><span class='ocrx_word' id='word_1_118' title='bbox 408 1803 644 1857; x_wconf 87' lang='lat' dir='ltr'><strong>consilio</strong></span> <span class='ocrx_word' id='word_1_119' title='bbox 675 1805 756 1858; x_wconf 91' lang='lat' dir='ltr'><strong>uti</strong></span> <span class='ocrx_word' id='word_1_120' title='bbox 794 1813 918 1860; x_wconf 90' lang='lat' dir='ltr'><strong>tuto</strong></span> <span class='ocrx_word' id='word_1_121' title='bbox 944 1821 1265 1876; x_wconf 89' lang='lat' dir='ltr'><strong>possumus.</strong></span> 
     </span>
    </p>
   </div>
   <div class='ocr_carea' id='block_1_23' title="bbox 479 1894 1990 1976">
    <p class='ocr_par' dir='ltr' id='par_1_23' title="bbox 479 1894 1990 1976">
     <span class='ocr_line' id='line_1_23' title="bbox 479 1894 1990 1976; baseline 0.009 -28"><span class='ocrx_word' id='word_1_122' title='bbox 479 1894 670 1964; x_wconf 88' lang='lat' dir='ltr'><strong>Neque</strong></span> <span class='ocrx_word' id='word_1_123' title='bbox 706 1897 1032 1953; x_wconf 83' lang='lat' dir='ltr'><strong>convivium</strong></span> <span class='ocrx_word' id='word_1_124' title='bbox 1083 1899 1296 1970; x_wconf 85' lang='lat' dir='ltr'><strong>absque</strong></span> <span class='ocrx_word' id='word_1_125' title='bbox 1347 1902 1646 1972; x_wconf 77' lang='lat' dir='ltr'><strong>colloquio,</strong></span> <span class='ocrx_word' id='word_1_126' title='bbox 1676 1903 1840 1976; x_wconf 78' lang='lat'><strong>569</strong></span> <span class='ocrx_word' id='word_1_127' title='bbox 1887 1922 1990 1962; x_wconf 90' lang='lat' dir='ltr'><strong>nec</strong></span> 
     </span>
    </p>
   </div>
   <div class='ocr_carea' id='block_1_24' title="bbox 403 1985 1631 2063">
    <p class='ocr_par' dir='ltr' id='par_1_24' title="bbox 403 1985 1631 2063">
     <span class='ocr_line' id='line_1_24' title="bbox 403 1985 1631 2063; baseline 0.011 -25"><span class='ocrx_word' id='word_1_128' title='bbox 403 1985 526 2042; x_wconf 89' lang='lat' dir='ltr'><strong>sine</strong></span> <span class='ocrx_word' id='word_1_129' title='bbox 551 1987 760 2044; x_wconf 91' lang='lat' dir='ltr'><strong>virtute</strong></span> <span class='ocrx_word' id='word_1_130' title='bbox 789 1989 995 2046; x_wconf 68' lang='lat' dir='ltr'><strong>divitia:</strong></span> <span class='ocrx_word' id='word_1_131' title='bbox 1026 1994 1370 2063; x_wconf 91' lang='lat' dir='ltr'><strong>voluptatem</strong></span> <span class='ocrx_word' id='word_1_132' title='bbox 1405 1995 1631 2051; x_wconf 84' lang='lat' dir='ltr'><strong>habent.</strong></span> 
     </span>
    </p>
   </div>
   <div class='ocr_carea' id='block_1_25' title="bbox 477 2077 1986 2148">
    <p class='ocr_par' dir='ltr' id='par_1_25' title="bbox 477 2077 1986 2148">
     <span class='ocr_line' id='line_1_25' title="bbox 477 2077 1986 2148; baseline 0.011 -18"><span class='ocrx_word' id='word_1_133' title='bbox 477 2077 691 2134; x_wconf 87' lang='lat' dir='ltr'><strong>Similis</strong></span> <span class='ocrx_word' id='word_1_134' title='bbox 711 2089 797 2135; x_wconf 93' lang='lat' dir='ltr'><strong>est</strong></span> <span class='ocrx_word' id='word_1_135' title='bbox 828 2083 980 2136; x_wconf 88' lang='lat' dir='ltr'><strong>avari</strong></span> <span class='ocrx_word' id='word_1_136' title='bbox 1008 2082 1144 2148; x_wconf 89' lang='lat' dir='ltr'><strong>vita,</strong></span> <span class='ocrx_word' id='word_1_137' title='bbox 1175 2099 1350 2140; x_wconf 66' lang='lat' dir='ltr'><strong>coenae</strong></span> <span class='ocrx_word' id='word_1_138' title='bbox 1376 2089 1601 2142; x_wconf 90' lang='lat' dir='ltr'><strong>mortui.</strong></span> <span class='ocrx_word' id='word_1_139' title='bbox 1649 2089 1786 2144; x_wconf 88' lang='lat' dir='ltr'><strong>Cum</strong></span> <span class='ocrx_word' id='word_1_140' title='bbox 1838 2092 1986 2146; x_wconf 91' lang='lat' dir='ltr'><strong>enim</strong></span> 
     </span>
    </p>
   </div>
   <div class='ocr_carea' id='block_1_26' title="bbox 406 2167 1989 2246">
    <p class='ocr_par' dir='ltr' id='par_1_26' title="bbox 406 2167 1989 2246">
     <span class='ocr_line' id='line_1_26' title="bbox 406 2167 1989 2246; baseline 0.012 -27"><span class='ocrx_word' id='word_1_141' title='bbox 406 2167 547 2222; x_wconf 90' lang='lat' dir='ltr'><strong>nihil</strong></span> <span class='ocrx_word' id='word_1_142' title='bbox 575 2171 627 2224; x_wconf 89' lang='lat' dir='ltr'><strong>ei</strong></span> <span class='ocrx_word' id='word_1_143' title='bbox 666 2171 831 2238; x_wconf 88' lang='lat' dir='ltr'><strong>desit,</strong></span> <span class='ocrx_word' id='word_1_144' title='bbox 864 2173 1022 2229; x_wconf 85' lang='lat' dir='ltr'><strong>deest</strong></span> <span class='ocrx_word' id='word_1_145' title='bbox 1053 2175 1144 2231; x_wconf 90' lang='lat' dir='ltr'><strong>ille</strong></span> <span class='ocrx_word' id='word_1_146' title='bbox 1173 2177 1269 2246; x_wconf 91' lang='lat' dir='ltr'><strong>qui</strong></span> <span class='ocrx_word' id='word_1_147' title='bbox 1296 2193 1360 2232; x_wconf 91' lang='lat' dir='ltr'><strong>ea</strong></span> <span class='ocrx_word' id='word_1_148' title='bbox 1395 2181 1731 2235; x_wconf 90' lang='lat' dir='ltr'><strong>recreandus</strong></span> <span class='ocrx_word' id='word_1_149' title='bbox 1746 2193 1848 2236; x_wconf 89' lang='lat' dir='ltr'><strong>est.</strong></span> <span class='ocrx_word' id='word_1_150' title='bbox 1876 2185 1989 2239; x_wconf 85' lang='lat' dir='ltr'><strong>Nec</strong></span> 
     </span>
    </p>
   </div>
   <div class='ocr_carea' id='block_1_27' title="bbox 405 2263 1984 2344">
    <p class='ocr_par' dir='ltr' id='par_1_27' title="bbox 405 2263 1984 2344">
     <span class='ocr_line' id='line_1_27' title="bbox 405 2263 1984 2344; baseline 0.012 -32"><span class='ocrx_word' id='word_1_151' title='bbox 405 2272 436 2312; x_wconf 91' lang='lat' dir='ltr'><strong>a</strong></span> <span class='ocrx_word' id='word_1_152' title='bbox 461 2271 684 2318; x_wconf 92' lang='lat' dir='ltr'><strong>mortuo</strong></span> <span class='ocrx_word' id='word_1_153' title='bbox 707 2263 998 2334; x_wconf 81' lang='lat' dir='ltr'><strong>fabulatio,</strong></span> <span class='ocrx_word' id='word_1_154' title='bbox 1019 2283 1122 2324; x_wconf 92' lang='lat' dir='ltr'><strong>nec</strong></span> <span class='ocrx_word' id='word_1_155' title='bbox 1146 2269 1215 2324; x_wconf 89' lang='lat' dir='ltr'><strong>ab</strong></span> <span class='ocrx_word' id='word_1_156' title='bbox 1251 2285 1419 2326; x_wconf 87' lang='lat' dir='ltr'><strong>avaro</strong></span> <span class='ocrx_word' id='word_1_157' title='bbox 1448 2273 1623 2342; x_wconf 89' lang='lat' dir='ltr'><strong>gratia</strong></span> <span class='ocrx_word' id='word_1_158' title='bbox 1649 2276 1984 2344; x_wconf 88' lang='lat' dir='ltr'><strong>requirenda</strong></span> 
     </span>
    </p>
   </div>
   <div class='ocr_carea' id='block_1_28' title="bbox 405 2349 499 2404">
    <p class='ocr_par' dir='ltr' id='par_1_28' title="bbox 405 2349 499 2404">
     <span class='ocr_line' id='line_1_28' title="bbox 405 2349 499 2404; baseline 0 0"><span class='ocrx_word' id='word_1_159' title='bbox 405 2349 499 2404; x_wconf 87' lang='lat' dir='ltr'><strong>sit.</strong></span> 
     </span>
    </p>
   </div>
   <div class='ocr_carea' id='block_1_29' title="bbox 474 2440 1980 2510">
    <p class='ocr_par' dir='ltr' id='par_1_29' title="bbox 474 2440 1980 2510">
     <span class='ocr_line' id='line_1_29' title="bbox 474 2440 1980 2510; baseline 0.01 -16"><span class='ocrx_word' id='word_1_160' title='bbox 474 2440 622 2510; x_wconf 87' lang='lat' dir='ltr'><strong>Apes</strong></span> <span class='ocrx_word' id='word_1_161' title='bbox 648 2443 715 2497; x_wconf 91' lang='lat' dir='ltr'><strong>ad</strong></span> <span class='ocrx_word' id='word_1_162' title='bbox 768 2445 970 2510; x_wconf 90' lang='lat' dir='ltr'><strong>mellis,</strong></span> <span class='ocrx_word' id='word_1_163' title='bbox 1031 2448 1186 2503; x_wconf 90' lang='lat' dir='ltr'><strong>avari</strong></span> <span class='ocrx_word' id='word_1_164' title='bbox 1240 2458 1426 2505; x_wconf 89' lang='lat' dir='ltr'><strong>autem</strong></span> <span class='ocrx_word' id='word_1_165' title='bbox 1464 2450 1531 2506; x_wconf 92' lang='lat' dir='ltr'><strong>ad</strong></span> <span class='ocrx_word' id='word_1_166' title='bbox 1578 2453 1718 2508; x_wconf 85' lang='lat' dir='ltr'><strong>lucri</strong></span> <span class='ocrx_word' id='word_1_167' title='bbox 1752 2454 1980 2509; x_wconf 91' lang='lat' dir='ltr'><strong>odorem</strong></span> 
     </span>
    </p>
   </div>
   <div class='ocr_carea' id='block_1_30' title="bbox 403 2531 913 2591">
    <p class='ocr_par' dir='ltr' id='par_1_30' title="bbox 403 2531 913 2591">
     <span class='ocr_line' id='line_1_30' title="bbox 403 2531 913 2591; baseline 0.012 -6"><span class='ocrx_word' id='word_1_168' title='bbox 403 2531 572 2587; x_wconf 84' lang='lat' dir='ltr'><strong>citius</strong></span> <span class='ocrx_word' id='word_1_169' title='bbox 601 2536 913 2591; x_wconf 86' lang='lat' dir='ltr'><strong>conﬂuunt.</strong></span> 
     </span>
    </p>
   </div>
   <div class='ocr_carea' id='block_1_31' title="bbox 473 2625 1985 2701">
    <p class='ocr_par' dir='ltr' id='par_1_31' title="bbox 473 2625 1985 2701">
     <span class='ocr_line' id='line_1_31' title="bbox 473 2625 1985 2701; baseline 0.01 -24"><span class='ocrx_word' id='word_1_170' title='bbox 473 2625 656 2680; x_wconf 85' lang='lat' dir='ltr'><strong>Avaro</strong></span> <span class='ocrx_word' id='word_1_171' title='bbox 686 2629 840 2682; x_wconf 84' lang='lat' dir='ltr'><strong>necis</strong></span> <span class='ocrx_word' id='word_1_172' title='bbox 875 2629 999 2683; x_wconf 91' lang='lat' dir='ltr'><strong>loco</strong></span> <span class='ocrx_word' id='word_1_173' title='bbox 1051 2641 1158 2696; x_wconf 90' lang='lat' dir='ltr'><strong>est,</strong></span> <span class='ocrx_word' id='word_1_174' title='bbox 1205 2633 1473 2701; x_wconf 88' lang='lat' dir='ltr'><strong>pecunias</strong></span> <span class='ocrx_word' id='word_1_175' title='bbox 1505 2635 1644 2689; x_wconf 90' lang='lat' dir='ltr'><strong>lucri</strong></span> <span class='ocrx_word' id='word_1_176' title='bbox 1689 2652 1857 2692; x_wconf 90' lang='lat' dir='ltr'><strong>causa</strong></span> <span class='ocrx_word' id='word_1_177' title='bbox 1884 2654 1985 2692; x_wconf 87' lang='lat' dir='ltr'><strong>au-</strong></span> 
     </span>
    </p>
   </div>
   <div class='ocr_carea' id='block_1_32' title="bbox 403 2715 1984 2796">
    <p class='ocr_par' dir='ltr' id='par_1_32' title="bbox 403 2715 1984 2796">
     <span class='ocr_line' id='line_1_32' title="bbox 403 2715 1984 2796; baseline 0.011 -29"><span class='ocrx_word' id='word_1_178' title='bbox 403 2715 567 2786; x_wconf 85' lang='lat' dir='ltr'><strong>gendi</strong></span> <span class='ocrx_word' id='word_1_179' title='bbox 600 2717 920 2786; x_wconf 87' lang='lat' dir='ltr'><strong>cupiditas:</strong></span> <span class='ocrx_word' id='word_1_180' title='bbox 981 2720 1224 2790; x_wconf 89' lang='lat' dir='ltr'><strong>hincque</strong></span> <span class='ocrx_word' id='word_1_181' title='bbox 1261 2739 1453 2777; x_wconf 91' lang='lat' dir='ltr'><strong>earum</strong></span> <span class='ocrx_word' id='word_1_182' title='bbox 1488 2725 1786 2796; x_wconf 86' lang='lat' dir='ltr'><strong>ademptio,</strong></span> <span class='ocrx_word' id='word_1_183' title='bbox 1832 2732 1984 2785; x_wconf 78' lang='lat' dir='ltr'><strong>velut</strong></span> 
     </span>
    </p>
   </div>
   <div class='ocr_carea' id='block_1_33' title="bbox 404 2808 1282 2877">
    <p class='ocr_par' dir='ltr' id='par_1_33' title="bbox 404 2808 1282 2877">
     <span class='ocr_line' id='line_1_33' title="bbox 404 2808 1282 2877; baseline 0.007 -15"><span class='ocrx_word' id='word_1_184' title='bbox 404 2808 710 2877; x_wconf 83' lang='lat' dir='ltr'><strong>sanguinis,</strong></span> <span class='ocrx_word' id='word_1_185' title='bbox 753 2811 802 2865; x_wconf 92' lang='lat' dir='ltr'><strong>ei</strong></span> <span class='ocrx_word' id='word_1_186' title='bbox 835 2821 1067 2867; x_wconf 84' lang='lat' dir='ltr'><strong>mortem</strong></span> <span class='ocrx_word' id='word_1_187' title='bbox 1104 2814 1282 2869; x_wconf 75' lang='lat' dir='ltr'><strong>allert.</strong></span> 
     </span>
    </p>
   </div>
   <div class='ocr_carea' id='block_1_34' title="bbox 476 2899 1980 2980">
    <p class='ocr_par' dir='ltr' id='par_1_34' title="bbox 476 2899 1980 2980">
     <span class='ocr_line' id='line_1_34' title="bbox 476 2899 1980 2980; baseline 0.009 -26"><span class='ocrx_word' id='word_1_188' title='bbox 476 2899 679 2955; x_wconf 88' lang='lat' dir='ltr'><strong>Parant</strong></span> <span class='ocrx_word' id='word_1_189' title='bbox 708 2903 880 2971; x_wconf 93' lang='lat' dir='ltr'><strong>aliqui</strong></span> <span class='ocrx_word' id='word_1_190' title='bbox 910 2904 966 2958; x_wconf 91' lang='lat' dir='ltr'><strong>in</strong></span> <span class='ocrx_word' id='word_1_191' title='bbox 1006 2905 1139 2969; x_wconf 91' lang='lat' dir='ltr'><strong>vita,</strong></span> <span class='ocrx_word' id='word_1_192' title='bbox 1189 2922 1312 2974; x_wconf 83' lang='lat' dir='ltr'><strong>quae</strong></span> <span class='ocrx_word' id='word_1_193' title='bbox 1355 2907 1420 2962; x_wconf 89' lang='lat' dir='ltr'><strong>ad</strong></span> <span class='ocrx_word' id='word_1_194' title='bbox 1467 2908 1676 2963; x_wconf 89' lang='lat' dir='ltr'><strong>victum</strong></span> <span class='ocrx_word' id='word_1_195' title='bbox 1708 2923 1980 2980; x_wconf 92' lang='lat' dir='ltr'><strong>spectant,</strong></span> 
     </span>
    </p>
   </div>
   <div class='ocr_carea' id='block_1_35' title="bbox 404 2992 1326 3065">
    <p class='ocr_par' dir='ltr' id='par_1_35' title="bbox 404 2992 1326 3065">
     <span class='ocr_line' id='line_1_35' title="bbox 404 2992 1326 3065; baseline 0.009 -22"><span class='ocrx_word' id='word_1_196' title='bbox 404 2992 563 3060; x_wconf 91' lang='lat' dir='ltr'><strong>quasi</strong></span> <span class='ocrx_word' id='word_1_197' title='bbox 601 2993 708 3063; x_wconf 89' lang='lat' dir='ltr'><strong>ipsi</strong></span> <span class='ocrx_word' id='word_1_198' title='bbox 737 2995 941 3049; x_wconf 80' lang='lat' dir='ltr'><strong>victuri</strong></span> <span class='ocrx_word' id='word_1_199' title='bbox 970 3005 1094 3065; x_wconf 90' lang='lat' dir='ltr'><strong>post</strong></span> <span class='ocrx_word' id='word_1_200' title='bbox 1135 2997 1326 3051; x_wconf 86' lang='lat' dir='ltr'><strong>vitam.</strong></span> 
     </span>
    </p>
   </div>
   <div class='ocr_carea' id='block_1_36' title="bbox 479 3085 1983 3159">
    <p class='ocr_par' dir='ltr' id='par_1_36' title="bbox 479 3085 1983 3159">
     <span class='ocr_line' id='line_1_36' title="bbox 479 3085 1983 3159; baseline 0.007 -21"><span class='ocrx_word' id='word_1_201' title='bbox 479 3085 689 3140; x_wconf 88' lang='lat' dir='ltr'><strong>Divites</strong></span> <span class='ocrx_word' id='word_1_202' title='bbox 741 3093 930 3140; x_wconf 90' lang='lat' dir='ltr'><strong>autem</strong></span> <span class='ocrx_word' id='word_1_203' title='bbox 982 3095 1039 3140; x_wconf 88' lang='lat' dir='ltr'><strong>et</strong></span> <span class='ocrx_word' id='word_1_204' title='bbox 1085 3087 1473 3156; x_wconf 79' lang='lat' dir='ltr'><strong>inexplebiles,</strong></span> <span class='ocrx_word' id='word_1_205' title='bbox 1530 3105 1670 3159; x_wconf 90' lang='lat' dir='ltr'><strong>aqua</strong></span> <span class='ocrx_word' id='word_1_206' title='bbox 1709 3092 1983 3148; x_wconf 78' lang='lat' dir='ltr'><strong>intercute</strong></span> 
     </span>
    </p>
   </div>
   <div class='ocr_carea' id='block_1_37' title="bbox 405 3177 1986 3254">
    <p class='ocr_par' dir='ltr' id='par_1_37' title="bbox 405 3177 1986 3254">
     <span class='ocr_line' id='line_1_37' title="bbox 405 3177 1986 3254; baseline 0.004 -20"><span class='ocrx_word' id='word_1_207' title='bbox 405 3177 786 3234; x_wconf 87' lang='lat' dir='ltr'><strong>laborantibus</strong></span> <span class='ocrx_word' id='word_1_208' title='bbox 821 3177 1034 3231; x_wconf 91' lang='lat' dir='ltr'><strong>similes</strong></span> <span class='ocrx_word' id='word_1_209' title='bbox 1079 3180 1464 3236; x_wconf 83' lang='lat' dir='ltr'><strong>essedicebat</strong></span> <span class='ocrx_word' id='word_1_210' title='bbox 1489 3198 1503 3234; x_wconf 87' lang='lat'><strong>:</strong></span> <span class='ocrx_word' id='word_1_211' title='bbox 1533 3180 1591 3235; x_wconf 93' lang='lat' dir='ltr'><strong>hi</strong></span> <span class='ocrx_word' id='word_1_212' title='bbox 1639 3183 1788 3237; x_wconf 78' lang='lat' dir='ltr'><strong>etiim</strong></span> <span class='ocrx_word' id='word_1_213' title='bbox 1827 3185 1986 3254; x_wconf 89' lang='lat' dir='ltr'><strong>aquis</strong></span> 
     </span>
    </p>
   </div>
   <div class='ocr_carea' id='block_1_38' title="bbox 407 3267 1236 3338">
    <p class='ocr_par' dir='ltr' id='par_1_38' title="bbox 407 3267 1236 3338">
     <span class='ocr_line' id='line_1_38' title="bbox 407 3267 1236 3338; baseline 0.004 -17"><span class='ocrx_word' id='word_1_214' title='bbox 407 3268 555 3338; x_wconf 90' lang='lat' dir='ltr'><strong>pleni</strong></span> <span class='ocrx_word' id='word_1_215' title='bbox 597 3268 812 3330; x_wconf 90' lang='lat' dir='ltr'><strong>sitiunt,</strong></span> <span class='ocrx_word' id='word_1_216' title='bbox 850 3267 929 3321; x_wconf 89' lang='lat' dir='ltr'><strong>illi</strong></span> <span class='ocrx_word' id='word_1_217' title='bbox 962 3270 1236 3338; x_wconf 89' lang='lat' dir='ltr'><strong>pecuniis.</strong></span> 
     </span>
    </p>
   </div>
   <div class='ocr_carea' id='block_1_39' title="bbox 479 3359 1987 3436">
    <p class='ocr_par' dir='ltr' id='par_1_39' title="bbox 479 3359 1987 3436">
     <span class='ocr_line' id='line_1_39' title="bbox 479 3359 1987 3436; baseline 0.005 -24"><span class='ocrx_word' id='word_1_218' title='bbox 479 3359 593 3412; x_wconf 86' lang='lat' dir='ltr'><strong>Nec</strong></span> <span class='ocrx_word' id='word_1_219' title='bbox 623 3373 801 3428; x_wconf 90' lang='lat' dir='ltr'><strong>equus</strong></span> <span class='ocrx_word' id='word_1_220' title='bbox 823 3374 1129 3429; x_wconf 82' lang='lat' dir='ltr'><strong>generosus</strong></span> <span class='ocrx_word' id='word_1_221' title='bbox 1181 3361 1390 3427; x_wconf 90' lang='lat' dir='ltr'><strong>audiat,</strong></span> <span class='ocrx_word' id='word_1_222' title='bbox 1439 3363 1534 3432; x_wconf 89' lang='lat' dir='ltr'><strong>qui</strong></span> <span class='ocrx_word' id='word_1_223' title='bbox 1595 3365 1776 3436; x_wconf 90' lang='lat' dir='ltr'><strong>magni</strong></span> <span class='ocrx_word' id='word_1_224' title='bbox 1823 3367 1987 3435; x_wconf 90' lang='lat' dir='ltr'><strong>pretii</strong></span> 
     </span>
    </p>
   </div>
   <div class='ocr_carea' id='block_1_40' title="bbox 405 3450 1986 3522">
    <p class='ocr_par' dir='ltr' id='par_1_40' title="bbox 405 3450 1986 3522">
     <span class='ocr_line' id='line_1_40' title="bbox 405 3450 1986 3522; baseline 0.006 -18"><span class='ocrx_word' id='word_1_225' title='bbox 405 3450 635 3520; x_wconf 89' lang='lat' dir='ltr'><strong>ephipio</strong></span> <span class='ocrx_word' id='word_1_226' title='bbox 699 3451 1030 3521; x_wconf 91' lang='lat' dir='ltr'><strong>reliquoque</strong></span> <span class='ocrx_word' id='word_1_227' title='bbox 1071 3462 1337 3522; x_wconf 89' lang='lat' dir='ltr'><strong>apparatu</strong></span> <span class='ocrx_word' id='word_1_228' title='bbox 1388 3453 1697 3512; x_wconf 88' lang='lat' dir='ltr'><strong>instructus</strong></span> <span class='ocrx_word' id='word_1_229' title='bbox 1743 3468 1846 3522; x_wconf 89' lang='lat' dir='ltr'><strong>est,</strong></span> <span class='ocrx_word' id='word_1_230' title='bbox 1891 3461 1986 3514; x_wconf 93' lang='lat' dir='ltr'><strong>sed</strong></span> 
     </span>
    </p>
   </div>
   <div class='ocr_carea' id='block_1_41' title="bbox 405 3542 1986 3614">
    <p class='ocr_par' dir='ltr' id='par_1_41' title="bbox 405 3542 1986 3614">
     <span class='ocr_line' id='line_1_41' title="bbox 405 3542 1986 3614; baseline 0.006 -19"><span class='ocrx_word' id='word_1_231' title='bbox 405 3543 502 3612; x_wconf 91' lang='lat' dir='ltr'><strong>qui</strong></span> <span class='ocrx_word' id='word_1_232' title='bbox 536 3543 797 3611; x_wconf 80' lang='lat' dir='ltr'><strong>praeclara</strong></span> <span class='ocrx_word' id='word_1_233' title='bbox 821 3542 1087 3610; x_wconf 72' lang='lat' dir='ltr'><strong>praeditus</strong></span> <span class='ocrx_word' id='word_1_234' title='bbox 1113 3543 1300 3599; x_wconf 92' lang='lat' dir='ltr'><strong>indole</strong></span> <span class='ocrx_word' id='word_1_235' title='bbox 1323 3561 1338 3611; x_wconf 91' lang='lat'><strong>;</strong></span> <span class='ocrx_word' id='word_1_236' title='bbox 1374 3561 1553 3614; x_wconf 86' lang='lat' dir='ltr'><strong>neque</strong></span> <span class='ocrx_word' id='word_1_237' title='bbox 1570 3547 1654 3600; x_wconf 92' lang='lat' dir='ltr'><strong>vir</strong></span> <span class='ocrx_word' id='word_1_238' title='bbox 1681 3549 1986 3614; x_wconf 87' lang='lat' dir='ltr'><strong>studiosus,</strong></span> 
     </span>
    </p>
   </div>
   <div class='ocr_carea' id='block_1_42' title="bbox 406 3634 1987 3710">
    <p class='ocr_par' dir='ltr' id='par_1_42' title="bbox 406 3634 1987 3710">
     <span class='ocr_line' id='line_1_42' title="bbox 406 3634 1987 3710; baseline 0.005 -24"><span class='ocrx_word' id='word_1_239' title='bbox 406 3634 502 3702; x_wconf 91' lang='lat' dir='ltr'><strong>qui</strong></span> <span class='ocrx_word' id='word_1_240' title='bbox 525 3635 706 3703; x_wconf 87' lang='lat' dir='ltr'><strong>ampla</strong></span> <span class='ocrx_word' id='word_1_241' title='bbox 741 3634 898 3689; x_wconf 87' lang='lat' dir='ltr'><strong>dives</strong></span> <span class='ocrx_word' id='word_1_242' title='bbox 923 3635 1232 3692; x_wconf 81' lang='lat' dir='ltr'><strong>substantia</strong></span> <span class='ocrx_word' id='word_1_243' title='bbox 1259 3645 1366 3704; x_wconf 88' lang='lat' dir='ltr'><strong>est,</strong></span> <span class='ocrx_word' id='word_1_244' title='bbox 1397 3638 1495 3694; x_wconf 90' lang='lat' dir='ltr'><strong>sed</strong></span> <span class='ocrx_word' id='word_1_245' title='bbox 1529 3639 1624 3709; x_wconf 92' lang='lat' dir='ltr'><strong>qui</strong></span> <span class='ocrx_word' id='word_1_246' title='bbox 1664 3641 1781 3710; x_wconf 84' lang='lat' dir='ltr'><strong>ipse</strong></span> <span class='ocrx_word' id='word_1_247' title='bbox 1815 3643 1987 3696; x_wconf 89' lang='lat' dir='ltr'><strong>nobili</strong></span> 
     </span>
    </p>
   </div>
   <div class='ocr_carea' id='block_1_43' title="bbox 343 3721 1082 3796">
    <p class='ocr_par' dir='ltr' id='par_1_43' title="bbox 343 3721 1082 3796">
     <span class='ocr_line' id='line_1_43' title="bbox 343 3721 1082 3796; baseline 0.004 -19"><span class='ocrx_word' id='word_1_248' title='bbox 343 3721 353 3730; x_wconf 79' lang='grc'><em>’</em></span> <span class='ocrx_word' id='word_1_249' title='bbox 409 3723 650 3793; x_wconf 77' lang='lat' dir='ltr'><strong>fortique</strong></span> <span class='ocrx_word' id='word_1_250' title='bbox 671 3727 858 3780; x_wconf 91' lang='lat' dir='ltr'><strong>animo</strong></span> <span class='ocrx_word' id='word_1_251' title='bbox 890 3727 1082 3796; x_wconf 89' lang='lat' dir='ltr'><strong>pollet.</strong></span> 
     </span>
    </p>
   </div>
   <div class='ocr_carea' id='block_1_44' title="bbox 477 3813 1988 3888">
    <p class='ocr_par' dir='ltr' id='par_1_44' title="bbox 477 3813 1988 3888">
     <span class='ocr_line' id='line_1_44' title="bbox 477 3813 1988 3888; baseline 0.005 -23"><span class='ocrx_word' id='word_1_252' title='bbox 477 3813 785 3868; x_wconf 89' lang='lat' dir='ltr'><strong>Contemne</strong></span> <span class='ocrx_word' id='word_1_253' title='bbox 815 3830 912 3869; x_wconf 94' lang='lat' dir='ltr'><strong>eos</strong></span> <span class='ocrx_word' id='word_1_254' title='bbox 951 3817 1046 3886; x_wconf 89' lang='lat' dir='ltr'><strong>qui</strong></span> <span class='ocrx_word' id='word_1_255' title='bbox 1077 3817 1293 3872; x_wconf 89' lang='lat' dir='ltr'><strong>divitiis</strong></span> <span class='ocrx_word' id='word_1_256' title='bbox 1326 3818 1575 3883; x_wconf 91' lang='lat' dir='ltr'><strong>student,</strong></span> <span class='ocrx_word' id='word_1_257' title='bbox 1611 3820 1784 3888; x_wconf 90' lang='lat' dir='ltr'><strong>partis</strong></span> <span class='ocrx_word' id='word_1_258' title='bbox 1801 3829 1988 3874; x_wconf 89' lang='lat' dir='ltr'><strong>autem</strong></span> 
     </span>
    </p>
   </div>
   <div class='ocr_carea' id='block_1_45' title="bbox 408 3902 1988 3972">
    <p class='ocr_par' dir='ltr' id='par_1_45' title="bbox 408 3902 1988 3972">
     <span class='ocr_line' id='line_1_45' title="bbox 408 3902 1988 3972; baseline 0.004 -15"><span class='ocrx_word' id='word_1_259' title='bbox 408 3902 490 3957; x_wconf 88' lang='lat' dir='ltr'><strong>uti</strong></span> <span class='ocrx_word' id='word_1_260' title='bbox 531 3919 642 3957; x_wconf 90' lang='lat' dir='ltr'><strong>non</strong></span> <span class='ocrx_word' id='word_1_261' title='bbox 676 3913 951 3972; x_wconf 88' lang='lat' dir='ltr'><strong>possunt:</strong></span> <span class='ocrx_word' id='word_1_262' title='bbox 1001 3906 1262 3961; x_wconf 91' lang='lat' dir='ltr'><strong>similiter</strong></span> <span class='ocrx_word' id='word_1_263' title='bbox 1308 3909 1456 3961; x_wconf 91' lang='lat' dir='ltr'><strong>enim</strong></span> <span class='ocrx_word' id='word_1_264' title='bbox 1490 3907 1571 3962; x_wconf 92' lang='lat' dir='ltr'><strong>eis</strong></span> <span class='ocrx_word' id='word_1_265' title='bbox 1601 3908 1826 3971; x_wconf 90' lang='lat' dir='ltr'><strong>accidit,</strong></span> <span class='ocrx_word' id='word_1_266' title='bbox 1856 3918 1916 3963; x_wconf 87' lang='lat' dir='ltr'><strong>ut</strong></span> <span class='ocrx_word' id='word_1_267' title='bbox 1941 3911 1988 3964; x_wconf 90' lang='lat' dir='ltr'><strong>si</strong></span> 
     </span>
    </p>
   </div>
   <div class='ocr_carea' id='block_1_46' title="bbox 407 3981 1988 4067">
    <p class='ocr_par' dir='ltr' id='par_1_46' title="bbox 407 3981 1988 4067">
     <span class='ocr_line' id='line_1_46' title="bbox 407 3981 1988 4067; baseline 0.006 -21"><span class='ocrx_word' id='word_1_268' title='bbox 407 3993 535 4062; x_wconf 89' lang='lat' dir='ltr'><strong>quis</strong></span> <span class='ocrx_word' id='word_1_269' title='bbox 559 3995 838 4063; x_wconf 83' lang='lat' dir='ltr'><strong>egregium</strong></span> <span class='ocrx_word' id='word_1_270' title='bbox 865 4005 1390 4065; x_wconf 87' lang='lat' dir='ltr'><strong>comparetequum,</strong></span> <span class='ocrx_word' id='word_1_271' title='bbox 1413 4012 1539 4052; x_wconf 90' lang='lat' dir='ltr'><strong>cum</strong></span> <span class='ocrx_word' id='word_1_272' title='bbox 1562 3981 1679 4066; x_wconf 83' lang='lat' dir='ltr'><strong>ipse</strong></span> <span class='ocrx_word' id='word_1_273' title='bbox 1703 3999 1988 4067; x_wconf 86' lang='lat' dir='ltr'><strong>equitandi</strong></span> 
     </span>
    </p>
   </div>
   <div class='ocr_carea' id='block_1_47' title="bbox 409 4081 687 4134">
    <p class='ocr_par' dir='ltr' id='par_1_47' title="bbox 409 4081 687 4134">
     <span class='ocr_line' id='line_1_47' title="bbox 409 4081 687 4134; baseline -0.004 -1"><span class='ocrx_word' id='word_1_274' title='bbox 409 4081 568 4134; x_wconf 91' lang='lat' dir='ltr'><strong>rudis</strong></span> <span class='ocrx_word' id='word_1_275' title='bbox 598 4081 687 4132; x_wconf 89' lang='lat' dir='ltr'><strong>sit.</strong></span> 
     </span>
    </p>
   </div>
   <div class='ocr_carea' id='block_1_48' title="bbox 482 4173 1987 4254">
    <p class='ocr_par' dir='ltr' id='par_1_48' title="bbox 482 4173 1987 4254">
     <span class='ocr_line' id='line_1_48' title="bbox 482 4173 1987 4254; baseline 0.009 -28"><span class='ocrx_word' id='word_1_276' title='bbox 482 4173 856 4242; x_wconf 80' lang='lat' dir='ltr'><strong>Magnanimos</strong></span> <span class='ocrx_word' id='word_1_277' title='bbox 885 4175 1219 4243; x_wconf 84' lang='lat' dir='ltr'><strong>existimato,</strong></span> <span class='ocrx_word' id='word_1_278' title='bbox 1252 4195 1364 4234; x_wconf 90' lang='lat' dir='ltr'><strong>non</strong></span> <span class='ocrx_word' id='word_1_279' title='bbox 1401 4195 1497 4235; x_wconf 89' lang='lat' dir='ltr'><strong>eos</strong></span> <span class='ocrx_word' id='word_1_280' title='bbox 1523 4180 1621 4250; x_wconf 93' lang='lat' dir='ltr'><strong>qui</strong></span> <span class='ocrx_word' id='word_1_281' title='bbox 1653 4183 1860 4254; x_wconf 88' lang='lat' dir='ltr'><strong>majora</strong></span> <span class='ocrx_word' id='word_1_282' title='bbox 1882 4183 1987 4241; x_wconf 91' lang='lat' dir='ltr'><strong>sibi</strong></span> 
     </span>
    </p>
   </div>
   <div class='ocr_carea' id='block_1_49' title="bbox 2089 355 3675 431">
    <p class='ocr_par' dir='ltr' id='par_1_49' title="bbox 2089 355 3675 431">
     <span class='ocr_line' id='line_1_49' title="bbox 2089 355 3675 431; baseline 0.008 -23"><span class='ocrx_word' id='word_1_283' title='bbox 2089 355 2280 426; x_wconf 83' lang='grc' dir='ltr'>θυμίαι</span> <span class='ocrx_word' id='word_1_284' title='bbox 2300 357 2674 428; x_wconf 65' lang='grc' dir='ltr'>τοὺςῗχρόνους</span> <span class='ocrx_word' id='word_1_285' title='bbox 2689 356 3063 412; x_wconf 86' lang='grc' dir='ltr'>ἀναλίσκουσι·</span> <span class='ocrx_word' id='word_1_286' title='bbox 3085 359 3278 430; x_wconf 84' lang='grc' dir='ltr'>χρόνου</span> <span class='ocrx_word' id='word_1_287' title='bbox 3300 361 3359 414; x_wconf 75' lang='grc' dir='ltr'>δὲ</span> <span class='ocrx_word' id='word_1_288' title='bbox 3374 363 3675 431; x_wconf 81' lang='grc' dir='ltr'>φείδεσθαι,</span> 
     </span>
    </p>
   </div>
   <div class='ocr_carea' id='block_1_50' title="bbox 2089 447 2270 502">
    <p class='ocr_par' dir='ltr' id='par_1_50' title="bbox 2089 447 2270 502">
     <span class='ocr_line' id='line_1_50' title="bbox 2089 447 2270 502; baseline 0.011 -2"><span class='ocrx_word' id='word_1_289' title='bbox 2089 447 2270 502; x_wconf 76' lang='grc' dir='ltr'>καλόν.</span> 
     </span>
    </p>
   </div>
   <div class='ocr_carea' id='block_1_51' title="bbox 2158 534 3677 608">
    <p class='ocr_par' dir='ltr' id='par_1_51' title="bbox 2158 534 3677 608">
     <span class='ocr_line' id='line_1_51' title="bbox 2158 534 3677 608; baseline 0.008 -21"><span class='ocrx_word' id='word_1_290' title='bbox 2158 534 2395 597; x_wconf 80' lang='grc' dir='ltr'><strong>Μείζονα</strong></span> <span class='ocrx_word' id='word_1_291' title='bbox 2423 536 2517 589; x_wconf 74' lang='grc' dir='ltr'><strong>καὶ</strong></span> <span class='ocrx_word' id='word_1_292' title='bbox 2546 535 2968 607; x_wconf 83' lang='grc' dir='ltr'><strong>σπουδαιοτέραν</strong></span> <span class='ocrx_word' id='word_1_293' title='bbox 3010 539 3335 607; x_wconf 75' lang='grc' dir='ltr'>ἐπιμέλειαν</span> <span class='ocrx_word' id='word_1_294' title='bbox 3395 543 3551 596; x_wconf 86' lang='grc' dir='ltr'>ποιοῦ</span> <span class='ocrx_word' id='word_1_295' title='bbox 3595 545 3677 608; x_wconf 81' lang='grc' dir='ltr'><strong>εις</strong></span> 
     </span>
    </p>
   </div>
   <div class='ocr_carea' id='block_1_52' title="bbox 2088 624 3675 706">
    <p class='ocr_par' dir='ltr' id='par_1_52' title="bbox 2088 624 3675 706">
     <span class='ocr_line' id='line_1_52' title="bbox 2088 624 3675 706; baseline 0.009 -31"><span class='ocrx_word' id='word_1_296' title='bbox 2088 625 2215 686; x_wconf 83' lang='grc' dir='ltr'>τοὺς</span> <span class='ocrx_word' id='word_1_297' title='bbox 2243 625 2312 677; x_wconf 83' lang='grc' dir='ltr'><strong>δι’</strong></span> <span class='ocrx_word' id='word_1_298' title='bbox 2343 624 2546 696; x_wconf 83' lang='grc' dir='ltr'>ἀρετὴν</span> <span class='ocrx_word' id='word_1_299' title='bbox 2581 626 2674 680; x_wconf 80' lang='grc' dir='ltr'>καὶ</span> <span class='ocrx_word' id='word_1_300' title='bbox 2705 625 3016 682; x_wconf 75' lang='grc' dir='ltr'>θεοσέϐειαν</span> <span class='ocrx_word' id='word_1_301' title='bbox 3059 630 3484 700; x_wconf 86' lang='grc' dir='ltr'>πτωχεύσαντας</span> <span class='ocrx_word' id='word_1_302' title='bbox 3512 636 3544 706; x_wconf 73' lang='grc' dir='ltr'><strong>ἢ</strong></span> <span class='ocrx_word' id='word_1_303' title='bbox 3578 653 3675 689; x_wconf 85' lang='grc' dir='ltr'>πε-</span> 
     </span>
    </p>
   </div>
   <div class='ocr_carea' id='block_1_53' title="bbox 2091 716 3672 789">
    <p class='ocr_par' dir='ltr' id='par_1_53' title="bbox 2091 716 3672 789">
     <span class='ocr_line' id='line_1_53' title="bbox 2091 716 3672 789; baseline 0.01 -22"><span class='ocrx_word' id='word_1_304' title='bbox 2091 716 2346 785; x_wconf 83' lang='grc' dir='ltr'>νομένους</span> <span class='ocrx_word' id='word_1_305' title='bbox 2374 733 2390 749; x_wconf 78' lang='grc' dir='ltr'><strong><em>ο</em></strong></span> <span class='ocrx_word' id='word_1_306' title='bbox 2441 718 2616 782; x_wconf 83' lang='grc' dir='ltr'>άλλως</span> <span class='ocrx_word' id='word_1_307' title='bbox 2651 737 2710 772; x_wconf 88' lang='grc' dir='ltr'><strong>τε</strong></span> <span class='ocrx_word' id='word_1_308' title='bbox 2765 720 2970 789; x_wconf 86' lang='grc' dir='ltr'>ὁμοίως</span> <span class='ocrx_word' id='word_1_309' title='bbox 3013 723 3109 775; x_wconf 76' lang='grc' dir='ltr'>καὶ</span> <span class='ocrx_word' id='word_1_310' title='bbox 3137 725 3218 786; x_wconf 84' lang='grc' dir='ltr'><strong>είς</strong></span> <span class='ocrx_word' id='word_1_311' title='bbox 3255 729 3382 789; x_wconf 79' lang='grc' dir='ltr'>τοὺς</span> <span class='ocrx_word' id='word_1_312' title='bbox 3409 729 3473 781; x_wconf 76' lang='grc' dir='ltr'>ἐκ</span> <span class='ocrx_word' id='word_1_313' title='bbox 3501 728 3672 782; x_wconf 82' lang='grc' dir='ltr'>νόσων</span> 
     </span>
    </p>
   </div>
   <div class='ocr_carea' id='block_1_54' title="bbox 2091 809 3668 884">
    <p class='ocr_par' dir='ltr' id='par_1_54' title="bbox 2091 809 3668 884">
     <span class='ocr_line' id='line_1_54' title="bbox 2091 809 3668 884; baseline 0.008 -22"><span class='ocrx_word' id='word_1_314' title='bbox 2091 811 2184 862; x_wconf 70' lang='grc' dir='ltr'>καὶ</span> <span class='ocrx_word' id='word_1_315' title='bbox 2216 809 2640 880; x_wconf 81' lang='grc' dir='ltr'>συμπτωμάτων</span> <span class='ocrx_word' id='word_1_316' title='bbox 2673 809 3037 884; x_wconf 81' lang='grc' dir='ltr'>ἀποροῦντας,</span> <span class='ocrx_word' id='word_1_317' title='bbox 3065 815 3217 884; x_wconf 84' lang='grc' dir='ltr'><strong>παρά</strong></span> <span class='ocrx_word' id='word_1_318' title='bbox 3238 818 3363 880; x_wconf 84' lang='grc' dir='ltr'>τοὺς</span> <span class='ocrx_word' id='word_1_319' title='bbox 3391 819 3456 871; x_wconf 81' lang='grc' dir='ltr'>ἐκ</span> <span class='ocrx_word' id='word_1_320' title='bbox 3496 835 3668 873; x_wconf 83' lang='grc' dir='ltr'>κακο-</span> 
     </span>
    </p>
   </div>
   <div class='ocr_carea' id='block_1_55' title="bbox 2089 901 3231 973">
    <p class='ocr_par' dir='ltr' id='par_1_55' title="bbox 2089 901 3231 973">
     <span class='ocr_line' id='line_1_55' title="bbox 2089 901 3231 973; baseline 0.007 -21"><span class='ocrx_word' id='word_1_321' title='bbox 2089 901 2489 972; x_wconf 81' lang='grc' dir='ltr'>πραγμονίαςῆ</span> <span class='ocrx_word' id='word_1_322' title='bbox 2520 902 2761 965; x_wconf 80' lang='grc' dir='ltr'><strong>ἀσωτίας</strong></span> <span class='ocrx_word' id='word_1_323' title='bbox 2791 903 3231 973; x_wconf 86' lang='grc' dir='ltr'>πτωχεύσαντας.</span> 
     </span>
    </p>
   </div>
   <div class='ocr_carea' id='block_1_56' title="bbox 2165 1039 3632 1154">
    <p class='ocr_par' dir='ltr' id='par_1_56' title="bbox 2165 1039 3632 1154">
     <span class='ocr_line' id='line_1_56' title="bbox 2165 1039 3632 1154; baseline 0.003 -24"><span class='ocrx_word' id='word_1_324' title='bbox 2165 1077 2401 1131; x_wconf 72' lang='grc' dir='ltr'>Νείλου.</span> <span class='ocrx_word' id='word_1_325' title='bbox 2567 1076 2661 1147; x_wconf 79' lang='grc' dir='ltr'><strong>Μὴ</strong></span> <span class='ocrx_word' id='word_1_326' title='bbox 2727 1076 2920 1147; x_wconf 84' lang='grc' dir='ltr'>βούλου</span> <span class='ocrx_word' id='word_1_327' title='bbox 2978 1079 3230 1133; x_wconf 84' lang='grc' dir='ltr'>πλουτεῖν</span> <span class='ocrx_word' id='word_1_328' title='bbox 3272 1081 3632 1154; x_wconf 78' lang='grc' dir='ltr'>φιλοπτωχιας</span> 
     </span>
    </p>
   </div>
   <div class='ocr_carea' id='block_1_57' title="bbox 2089 1169 3658 1245">
    <p class='ocr_par' dir='ltr' id='par_1_57' title="bbox 2089 1169 3658 1245">
     <span class='ocr_line' id='line_1_57' title="bbox 2089 1169 3658 1245; baseline 0.004 -23"><span class='ocrx_word' id='word_1_329' title='bbox 2089 1169 2273 1222; x_wconf 76' lang='grc' dir='ltr'>ἓνεκαο</span> <span class='ocrx_word' id='word_1_330' title='bbox 2297 1170 2404 1223; x_wconf 78' lang='grc' dir='ltr'>ἀπὸ</span> <span class='ocrx_word' id='word_1_331' title='bbox 2425 1170 2536 1241; x_wconf 85' lang='grc' dir='ltr'><strong>γὰρ</strong></span> <span class='ocrx_word' id='word_1_332' title='bbox 2556 1170 2666 1224; x_wconf 86' lang='grc' dir='ltr'><strong>τῶν</strong></span> <span class='ocrx_word' id='word_1_333' title='bbox 2691 1169 2858 1224; x_wconf 74' lang='grc' dir='ltr'>ὄντων</span> <span class='ocrx_word' id='word_1_334' title='bbox 2895 1170 2992 1224; x_wconf 86' lang='grc' dir='ltr'><strong>τοῦ</strong></span> <span class='ocrx_word' id='word_1_335' title='bbox 3023 1171 3194 1225; x_wconf 80' lang='grc' dir='ltr'>ἐλεεῖν</span> <span class='ocrx_word' id='word_1_336' title='bbox 3217 1174 3246 1225; x_wconf 76' lang='grc' dir='ltr'><strong>ὁ</strong></span> <span class='ocrx_word' id='word_1_337' title='bbox 3279 1172 3414 1237; x_wconf 83' lang='grc' dir='ltr'><strong>Θεὸς</strong></span> <span class='ocrx_word' id='word_1_338' title='bbox 3445 1175 3658 1245; x_wconf 79' lang='grc' dir='ltr'>νομοθε-</span> 
     </span>
    </p>
   </div>
   <div class='ocr_carea' id='block_1_58' title="bbox 2089 1262 3709 1315">
    <p class='ocr_par' dir='ltr' id='par_1_58' title="bbox 2089 1262 3709 1315">
     <span class='ocr_line' id='line_1_58' title="bbox 2089 1262 3709 1315; baseline 0.004 -3"><span class='ocrx_word' id='word_1_339' title='bbox 2089 1264 2176 1314; x_wconf 85' lang='grc' dir='ltr'><strong>τεῖ</strong></span> <span class='ocrx_word' id='word_1_340' title='bbox 2205 1262 2264 1315; x_wconf 85' lang='grc' dir='ltr'>τὸ</span> <span class='ocrx_word' id='word_1_341' title='bbox 2290 1262 2521 1315; x_wconf 85' lang='grc' dir='ltr'>δίκαιον.</span> <span class='ocrx_word' id='word_1_342' title='bbox 3699 1262 3709 1269; x_wconf 82' lang='grc'><strong>’</strong></span> 
     </span>
    </p>
   </div>
   <div class='ocr_carea' id='block_1_59' title="bbox 2162 1435 3664 1506">
    <p class='ocr_par' dir='ltr' id='par_1_59' title="bbox 2162 1435 3664 1506">
     <span class='ocr_line' id='line_1_59' title="bbox 2162 1435 3664 1506; baseline 0.001 -16"><span class='ocrx_word' id='word_1_343' title='bbox 2162 1435 2498 1504; x_wconf 78' lang='grc' dir='ltr'>Πλουτάρχ.</span> <span class='ocrx_word' id='word_1_344' title='bbox 2529 1465 2599 1477; x_wconf 92' lang='grc'><strong>-</strong></span> <span class='ocrx_word' id='word_1_345' title='bbox 2641 1436 2730 1488; x_wconf 86' lang='grc' dir='ltr'>Ἑν</span> <span class='ocrx_word' id='word_1_346' title='bbox 2765 1435 2990 1506; x_wconf 86' lang='grc' dir='ltr'>πολέμῳ</span> <span class='ocrx_word' id='word_1_347' title='bbox 3043 1437 3143 1504; x_wconf 82' lang='grc' dir='ltr'>μὲν</span> <span class='ocrx_word' id='word_1_348' title='bbox 3185 1437 3323 1505; x_wconf 82' lang='grc' dir='ltr'>πρὸς</span> <span class='ocrx_word' id='word_1_349' title='bbox 3366 1437 3664 1506; x_wconf 83' lang='grc' dir='ltr'>ἀσφάλειαν</span> 
     </span>
    </p>
   </div>
   <div class='ocr_carea' id='block_1_60' title="bbox 2096 1526 3664 1599">
    <p class='ocr_par' dir='ltr' id='par_1_60' title="bbox 2096 1526 3664 1599">
     <span class='ocr_line' id='line_1_60' title="bbox 2096 1526 3664 1599; baseline 0.003 -20"><span class='ocrx_word' id='word_1_350' title='bbox 2096 1527 2311 1598; x_wconf 87' lang='grc' dir='ltr'>σίδηρος</span> <span class='ocrx_word' id='word_1_351' title='bbox 2372 1527 2574 1599; x_wconf 81' lang='grc' dir='ltr'>χρυσοῦ</span> <span class='ocrx_word' id='word_1_352' title='bbox 2604 1526 2902 1597; x_wconf 79' lang='grc' dir='ltr'>κρείσσων·</span> <span class='ocrx_word' id='word_1_353' title='bbox 2946 1528 3004 1580; x_wconf 80' lang='grc' dir='ltr'>ὲν</span> <span class='ocrx_word' id='word_1_354' title='bbox 3051 1527 3110 1580; x_wconf 86' lang='grc' dir='ltr'>δὲ</span> <span class='ocrx_word' id='word_1_355' title='bbox 3156 1527 3233 1598; x_wconf 81' lang='grc' dir='ltr'>τῷ</span> <span class='ocrx_word' id='word_1_356' title='bbox 3265 1528 3388 1599; x_wconf 75' lang='grc' dir='ltr'>ζῇν,</span> <span class='ocrx_word' id='word_1_357' title='bbox 3435 1530 3465 1581; x_wconf 81' lang='grc' dir='ltr'>ὁ</span> <span class='ocrx_word' id='word_1_358' title='bbox 3513 1529 3664 1598; x_wconf 84' lang='grc' dir='ltr'>λόγος</span> 
     </span>
    </p>
   </div>
   <div class='ocr_carea' id='block_1_61' title="bbox 2023 1603 2464 1670">
    <p class='ocr_par' dir='ltr' id='par_1_61' title="bbox 2023 1603 2464 1670">
     <span class='ocr_line' id='line_1_61' title="bbox 2023 1603 2464 1670; baseline 0.002 -1"><span class='ocrx_word' id='word_1_359' title='bbox 2023 1603 2065 1657; x_wconf 80' lang='grc' dir='ltr'>Β</span> <span class='ocrx_word' id='word_1_360' title='bbox 2091 1616 2187 1670; x_wconf 88' lang='grc' dir='ltr'><strong>τοῦ</strong></span> <span class='ocrx_word' id='word_1_361' title='bbox 2211 1616 2464 1670; x_wconf 90' lang='grc' dir='ltr'>πλούτου.</span> 
     </span>
    </p>
   </div>
   <div class='ocr_carea' id='block_1_62' title="bbox 2167 1706 3668 1781">
    <p class='ocr_par' dir='ltr' id='par_1_62' title="bbox 2167 1706 3668 1781">
     <span class='ocr_line' id='line_1_62' title="bbox 2167 1706 3668 1781; baseline 0.003 -21"><span class='ocrx_word' id='word_1_362' title='bbox 2167 1707 2304 1760; x_wconf 78' lang='grc' dir='ltr'>Οῠτε</span> <span class='ocrx_word' id='word_1_363' title='bbox 2332 1709 2482 1778; x_wconf 77' lang='grc' dir='ltr'>ἵππῳ</span> <span class='ocrx_word' id='word_1_364' title='bbox 2503 1708 2670 1778; x_wconf 68' lang='grc' dir='ltr'>χωρὶς</span> <span class='ocrx_word' id='word_1_365' title='bbox 2705 1706 2946 1778; x_wconf 79' lang='grc' dir='ltr'>χαλινοῦ,</span> <span class='ocrx_word' id='word_1_366' title='bbox 2987 1706 3111 1760; x_wconf 76' lang='grc' dir='ltr'>οὔτε</span> <span class='ocrx_word' id='word_1_367' title='bbox 3140 1707 3358 1778; x_wconf 85' lang='grc' dir='ltr'>πλούτῳ</span> <span class='ocrx_word' id='word_1_368' title='bbox 3387 1711 3554 1781; x_wconf 75' lang='grc' dir='ltr'>χωρὶς</span> <span class='ocrx_word' id='word_1_369' title='bbox 3584 1709 3668 1764; x_wconf 78' lang='grc' dir='ltr'>λο-</span> 
     </span>
    </p>
   </div>
   <div class='ocr_carea' id='block_1_63' title="bbox 2090 1799 3193 1873">
    <p class='ocr_par' dir='ltr' id='par_1_63' title="bbox 2090 1799 3193 1873">
     <span class='ocr_line' id='line_1_63' title="bbox 2090 1799 3193 1873; baseline 0.003 -19"><span class='ocrx_word' id='word_1_370' title='bbox 2090 1799 2312 1873; x_wconf 72' lang='grc' dir='ltr'>γισμοῦ,</span> <span class='ocrx_word' id='word_1_371' title='bbox 2331 1801 2554 1855; x_wconf 87' lang='grc' dir='ltr'>δυνατὸν</span> <span class='ocrx_word' id='word_1_372' title='bbox 2579 1800 2835 1868; x_wconf 81' lang='grc' dir='ltr'>ἀσφαλῶς</span> <span class='ocrx_word' id='word_1_373' title='bbox 2869 1800 3193 1872; x_wconf 83' lang='grc' dir='ltr'>χρήσασθαι.</span> 
     </span>
    </p>
   </div>
   <div class='ocr_carea' id='block_1_64' title="bbox 2161 1891 3683 1967">
    <p class='ocr_par' dir='ltr' id='par_1_64' title="bbox 2161 1891 3683 1967">
     <span class='ocr_line' id='line_1_64' title="bbox 2161 1891 3683 1967; baseline 0.003 -21"><span class='ocrx_word' id='word_1_374' title='bbox 2161 1893 2297 1946; x_wconf 75' lang='grc' dir='ltr'>Οὔτε</span> <span class='ocrx_word' id='word_1_375' title='bbox 2324 1893 2624 1962; x_wconf 82' lang='grc' dir='ltr'>συμπόσιον</span> <span class='ocrx_word' id='word_1_376' title='bbox 2659 1892 2787 1947; x_wconf 77' lang='grc' dir='ltr'>ἄνευ</span> <span class='ocrx_word' id='word_1_377' title='bbox 2834 1891 3212 1963; x_wconf 78' lang='grc' dir='ltr'>ὀμιλίας,οῦτε</span> <span class='ocrx_word' id='word_1_378' title='bbox 3243 1894 3476 1959; x_wconf 86' lang='grc' dir='ltr'>πλοῦτος</span> <span class='ocrx_word' id='word_1_379' title='bbox 3502 1895 3683 1967; x_wconf 37' lang='grc' dir='ltr'>χωρὶς,</span> 
     </span>
    </p>
   </div>
   <div class='ocr_carea' id='block_1_65' title="bbox 2091 1983 2679 2056">
    <p class='ocr_par' dir='ltr' id='par_1_65' title="bbox 2091 1983 2679 2056">
     <span class='ocr_line' id='line_1_65' title="bbox 2091 1983 2679 2056; baseline -0.002 -19"><span class='ocrx_word' id='word_1_380' title='bbox 2091 1984 2292 2056; x_wconf 82' lang='grc' dir='ltr'>ἀρετῆς</span> <span class='ocrx_word' id='word_1_381' title='bbox 2320 1983 2514 2056; x_wconf 78' lang='grc' dir='ltr'>ἡδονὴν</span> <span class='ocrx_word' id='word_1_382' title='bbox 2545 1983 2679 2054; x_wconf 82' lang='grc' dir='ltr'>ἔχει.</span> 
     </span>
    </p>
   </div>
   <div class='ocr_carea' id='block_1_66' title="bbox 2167 2075 3664 2150">
    <p class='ocr_par' dir='ltr' id='par_1_66' title="bbox 2167 2075 3664 2150">
     <span class='ocr_line' id='line_1_66' title="bbox 2167 2075 3664 2150; baseline 0.003 -20"><span class='ocrx_word' id='word_1_383' title='bbox 2167 2078 2382 2130; x_wconf 85' lang='grc' dir='ltr'><strong>Ἔοικεν</strong></span> <span class='ocrx_word' id='word_1_384' title='bbox 2433 2079 2461 2131; x_wconf 87' lang='grc' dir='ltr'>ὁ</span> <span class='ocrx_word' id='word_1_385' title='bbox 2509 2075 2619 2128; x_wconf 89' lang='grc' dir='ltr'><strong>τῶν</strong></span> <span class='ocrx_word' id='word_1_386' title='bbox 2647 2075 2998 2147; x_wconf 83' lang='grc' dir='ltr'>φιλαργύρων</span> <span class='ocrx_word' id='word_1_387' title='bbox 3044 2075 3160 2146; x_wconf 84' lang='grc' dir='ltr'>βίος</span> <span class='ocrx_word' id='word_1_388' title='bbox 3204 2077 3399 2146; x_wconf 83' lang='grc' dir='ltr'>νεκροῦ</span> <span class='ocrx_word' id='word_1_389' title='bbox 3441 2079 3664 2150; x_wconf 79' lang='grc' dir='ltr'>δείπνῳ.</span> 
     </span>
    </p>
   </div>
   <div class='ocr_carea' id='block_1_67' title="bbox 2092 2163 3665 2239">
    <p class='ocr_par' dir='ltr' id='par_1_67' title="bbox 2092 2163 3665 2239">
     <span class='ocr_line' id='line_1_67' title="bbox 2092 2163 3665 2239; baseline 0.003 -22"><span class='ocrx_word' id='word_1_390' title='bbox 2092 2165 2272 2217; x_wconf 80' lang='grc' dir='ltr'>Πάντα</span> <span class='ocrx_word' id='word_1_391' title='bbox 2319 2165 2430 2235; x_wconf 84' lang='grc' dir='ltr'>γὰρ</span> <span class='ocrx_word' id='word_1_392' title='bbox 2473 2163 2644 2234; x_wconf 76' lang='grc' dir='ltr'>ἔχων,</span> <span class='ocrx_word' id='word_1_393' title='bbox 2695 2164 2787 2217; x_wconf 85' lang='grc' dir='ltr'>τὸν</span> <span class='ocrx_word' id='word_1_394' title='bbox 2834 2165 3342 2236; x_wconf 83' lang='grc' dir='ltr'>εύφρανθησόμενον</span> <span class='ocrx_word' id='word_1_395' title='bbox 3385 2168 3487 2222; x_wconf 88' lang='grc' dir='ltr'><strong>ούκ</strong></span> <span class='ocrx_word' id='word_1_396' title='bbox 3529 2168 3665 2239; x_wconf 67' lang='lat' dir='ltr'><strong>Exn.</strong></span> 
     </span>
    </p>
   </div>
   <div class='ocr_carea' id='block_1_68' title="bbox 2089 2255 3666 2332">
    <p class='ocr_par' dir='ltr' id='par_1_68' title="bbox 2089 2255 3666 2332">
     <span class='ocr_line' id='line_1_68' title="bbox 2089 2255 3666 2332; baseline 0.003 -22"><span class='ocrx_word' id='word_1_397' title='bbox 2089 2257 2228 2311; x_wconf 70' lang='grc' dir='ltr'>Οὔτε</span> <span class='ocrx_word' id='word_1_398' title='bbox 2273 2257 2423 2328; x_wconf 83' lang='grc' dir='ltr'>παρὰ</span> <span class='ocrx_word' id='word_1_399' title='bbox 2450 2255 2644 2326; x_wconf 83' lang='grc' dir='ltr'>νεκροῦ</span> <span class='ocrx_word' id='word_1_400' title='bbox 2677 2256 2896 2326; x_wconf 80' lang='grc' dir='ltr'>ὁμιλίαν</span> <span class='ocrx_word' id='word_1_401' title='bbox 2921 2295 2935 2320; x_wconf 93' lang='grc'>,</span> <span class='ocrx_word' id='word_1_402' title='bbox 2991 2256 3114 2310; x_wconf 78' lang='grc' dir='ltr'>οὔτε</span> <span class='ocrx_word' id='word_1_403' title='bbox 3149 2258 3302 2330; x_wconf 83' lang='grc' dir='ltr'>παρὰ</span> <span class='ocrx_word' id='word_1_404' title='bbox 3326 2259 3666 2332; x_wconf 83' lang='grc' dir='ltr'>φιλαργύρου</span> 
     </span>
    </p>
   </div>
   <div class='ocr_carea' id='block_1_69' title="bbox 2088 2349 2688 2420">
    <p class='ocr_par' dir='ltr' id='par_1_69' title="bbox 2088 2349 2688 2420">
     <span class='ocr_line' id='line_1_69' title="bbox 2088 2349 2688 2420; baseline 0.003 -16"><span class='ocrx_word' id='word_1_405' title='bbox 2088 2351 2170 2404; x_wconf 86' lang='grc' dir='ltr'>δεῖ</span> <span class='ocrx_word' id='word_1_406' title='bbox 2199 2352 2358 2420; x_wconf 82' lang='grc' dir='ltr'>χάριν</span> <span class='ocrx_word' id='word_1_407' title='bbox 2387 2349 2688 2420; x_wconf 74' lang='grc' dir='ltr'>ἐπιζητεῖν.</span> 
     </span>
    </p>
   </div>
   <div class='ocr_carea' id='block_1_70' title="bbox 2161 2441 3668 2518">
    <p class='ocr_par' dir='ltr' id='par_1_70' title="bbox 2161 2441 3668 2518">
     <span class='ocr_line' id='line_1_70' title="bbox 2161 2441 3668 2518; baseline 0.005 -25"><span class='ocrx_word' id='word_1_408' title='bbox 2161 2442 2266 2513; x_wconf 82' lang='grc' dir='ltr'>Τοῦ</span> <span class='ocrx_word' id='word_1_409' title='bbox 2292 2442 2506 2512; x_wconf 86' lang='grc' dir='ltr'>μέλιτος</span> <span class='ocrx_word' id='word_1_410' title='bbox 2537 2443 2787 2512; x_wconf 81' lang='grc' dir='ltr'>μέλιτται</span> <span class='ocrx_word' id='word_1_411' title='bbox 2807 2442 2996 2513; x_wconf 78' lang='grc' dir='ltr'>τάχιον</span> <span class='ocrx_word' id='word_1_412' title='bbox 3021 2441 3270 2515; x_wconf 76' lang='grc' dir='ltr'>ἔρχονται</span> <span class='ocrx_word' id='word_1_413' title='bbox 3292 2445 3668 2518; x_wconf 70' lang='grc' dir='ltr'>έπάῑσθησινο</span> 
     </span>
    </p>
   </div>
   <div class='ocr_carea' id='block_1_71' title="bbox 2087 2533 2999 2606">
    <p class='ocr_par' dir='ltr' id='par_1_71' title="bbox 2087 2533 2999 2606">
     <span class='ocr_line' id='line_1_71' title="bbox 2087 2533 2999 2606; baseline 0.001 -19"><span class='ocrx_word' id='word_1_414' title='bbox 2087 2533 2180 2587; x_wconf 90' lang='grc' dir='ltr'><strong>τοῦ</strong></span> <span class='ocrx_word' id='word_1_415' title='bbox 2211 2533 2437 2602; x_wconf 85' lang='grc' dir='ltr'>κέρδους</span> <span class='ocrx_word' id='word_1_416' title='bbox 2459 2533 2538 2600; x_wconf 83' lang='grc' dir='ltr'>δὲ,</span> <span class='ocrx_word' id='word_1_417' title='bbox 2573 2534 2622 2586; x_wconf 78' lang='grc' dir='ltr'>οἱ</span> <span class='ocrx_word' id='word_1_418' title='bbox 2647 2534 2999 2606; x_wconf 83' lang='grc' dir='ltr'>φιλάργυροι.</span> 
     </span>
    </p>
   </div>
   <div class='ocr_carea' id='block_1_72' title="bbox 2159 2626 3670 2703">
    <p class='ocr_par' dir='ltr' id='par_1_72' title="bbox 2159 2626 3670 2703">
     <span class='ocr_line' id='line_1_72' title="bbox 2159 2626 3670 2703; baseline 0.003 -23"><span class='ocrx_word' id='word_1_419' title='bbox 2159 2628 2349 2695; x_wconf 79' lang='grc' dir='ltr'>Σφαγή</span> <span class='ocrx_word' id='word_1_420' title='bbox 2372 2628 2484 2680; x_wconf 75' lang='grc' dir='ltr'>ἐστι</span> <span class='ocrx_word' id='word_1_421' title='bbox 2508 2626 2601 2680; x_wconf 89' lang='grc' dir='ltr'><strong>τοῦ</strong></span> <span class='ocrx_word' id='word_1_422' title='bbox 2630 2627 2964 2698; x_wconf 79' lang='grc' dir='ltr'>φιλαργύρου</span> <span class='ocrx_word' id='word_1_423' title='bbox 2982 2629 3015 2699; x_wconf 79' lang='grc' dir='ltr'><strong>ἠ</strong></span> <span class='ocrx_word' id='word_1_424' title='bbox 3031 2629 3124 2681; x_wconf 91' lang='grc' dir='ltr'><strong>τοῦ</strong></span> <span class='ocrx_word' id='word_1_425' title='bbox 3149 2630 3430 2700; x_wconf 78' lang='grc' dir='ltr'>χρήματος</span> <span class='ocrx_word' id='word_1_426' title='bbox 3457 2632 3490 2702; x_wconf 77' lang='grc' dir='ltr'><strong>ὴ</strong></span> <span class='ocrx_word' id='word_1_427' title='bbox 3529 2631 3670 2703; x_wconf 78' lang='grc' dir='ltr'>πρὸς</span> 
     </span>
    </p>
   </div>
   <div class='ocr_carea' id='block_1_73' title="bbox 2086 2718 3664 2794">
    <p class='ocr_par' dir='ltr' id='par_1_73' title="bbox 2086 2718 3664 2794">
     <span class='ocr_line' id='line_1_73' title="bbox 2086 2718 3664 2794; baseline 0.004 -24"><span class='ocrx_word' id='word_1_428' title='bbox 2086 2718 2146 2770; x_wconf 80' lang='grc' dir='ltr'>τὸ</span> <span class='ocrx_word' id='word_1_429' title='bbox 2165 2719 2355 2789; x_wconf 78' lang='grc' dir='ltr'>κέρδος</span> <span class='ocrx_word' id='word_1_430' title='bbox 2395 2718 2682 2788; x_wconf 75' lang='grc' dir='ltr'>ἐπιθυμίαο</span> <span class='ocrx_word' id='word_1_431' title='bbox 2710 2718 2830 2772; x_wconf 84' lang='grc' dir='ltr'>ὅθεν</span> <span class='ocrx_word' id='word_1_432' title='bbox 2864 2720 2897 2790; x_wconf 75' lang='grc' dir='ltr'>ἡ</span> <span class='ocrx_word' id='word_1_433' title='bbox 2926 2718 3021 2772; x_wconf 92' lang='grc' dir='ltr'><strong>τοῦ</strong></span> <span class='ocrx_word' id='word_1_434' title='bbox 3049 2720 3332 2790; x_wconf 84' lang='grc' dir='ltr'>χρήματος</span> <span class='ocrx_word' id='word_1_435' title='bbox 3354 2722 3664 2794; x_wconf 78' lang='grc' dir='ltr'>ἀφαίρεσις,</span> 
     </span>
    </p>
   </div>
   <div class='ocr_carea' id='block_1_74' title="bbox 2087 2809 3488 2881">
    <p class='ocr_par' dir='ltr' id='par_1_74' title="bbox 2087 2809 3488 2881">
     <span class='ocr_line' id='line_1_74' title="bbox 2087 2809 3488 2881; baseline 0.001 -18"><span class='ocrx_word' id='word_1_436' title='bbox 2087 2811 2273 2880; x_wconf 87' lang='grc' dir='ltr'>ῶσπερ</span> <span class='ocrx_word' id='word_1_437' title='bbox 2314 2810 2566 2879; x_wconf 83' lang='grc' dir='ltr'>αἵματος,</span> <span class='ocrx_word' id='word_1_438' title='bbox 2624 2810 2876 2878; x_wconf 77' lang='grc' dir='ltr'>ἐπιφέρει</span> <span class='ocrx_word' id='word_1_439' title='bbox 2921 2809 3013 2862; x_wconf 75' lang='grc' dir='ltr'><strong>τὸν</strong></span> <span class='ocrx_word' id='word_1_440' title='bbox 3057 2809 3290 2864; x_wconf 75' lang='grc' dir='ltr'>Θάνατον</span> <span class='ocrx_word' id='word_1_441' title='bbox 3319 2811 3488 2881; x_wconf 77' lang='grc' dir='ltr'>αὐτῷ.</span> 
     </span>
    </p>
   </div>
   <div class='ocr_carea' id='block_1_75' title="bbox 2168 2889 3669 2973">
    <p class='ocr_par' dir='ltr' id='par_1_75' title="bbox 2168 2889 3669 2973">
     <span class='ocr_line' id='line_1_75' title="bbox 2168 2889 3669 2973; baseline 0.003 -20"><span class='ocrx_word' id='word_1_442' title='bbox 2168 2901 2580 2971; x_wconf 81' lang='grc' dir='ltr'>Ἐτοιμάζονταί</span> <span class='ocrx_word' id='word_1_443' title='bbox 2627 2917 2770 2963; x_wconf 88' lang='grc' dir='ltr'>τινες</span> <span class='ocrx_word' id='word_1_444' title='bbox 2823 2889 2910 2953; x_wconf 86' lang='grc' dir='ltr'><strong>διά</strong></span> <span class='ocrx_word' id='word_1_445' title='bbox 2959 2899 3052 2952; x_wconf 84' lang='grc' dir='ltr'><strong>τοῦ</strong></span> <span class='ocrx_word' id='word_1_446' title='bbox 3104 2900 3219 2970; x_wconf 85' lang='grc' dir='ltr'>βίου</span> <span class='ocrx_word' id='word_1_447' title='bbox 3271 2901 3342 2954; x_wconf 83' lang='grc' dir='ltr'>τὰ</span> <span class='ocrx_word' id='word_1_448' title='bbox 3391 2903 3527 2973; x_wconf 71' lang='grc' dir='ltr'>πρὸς</span> <span class='ocrx_word' id='word_1_449' title='bbox 3573 2903 3669 2957; x_wconf 81' lang='grc' dir='ltr'>τὸν</span> 
     </span>
    </p>
   </div>
   <div class='ocr_carea' id='block_1_76' title="bbox 2089 2990 3142 3062">
    <p class='ocr_par' dir='ltr' id='par_1_76' title="bbox 2089 2990 3142 3062">
     <span class='ocr_line' id='line_1_76' title="bbox 2089 2990 3142 3062; baseline 0.002 -18"><span class='ocrx_word' id='word_1_450' title='bbox 2089 2991 2223 3061; x_wconf 86' lang='grc' dir='ltr'>βίον,</span> <span class='ocrx_word' id='word_1_451' title='bbox 2261 2993 2336 3054; x_wconf 83' lang='grc' dir='ltr'>ὡς</span> <span class='ocrx_word' id='word_1_452' title='bbox 2369 2990 2694 3062; x_wconf 87' lang='grc' dir='ltr'>βιωσόμενοι</span> <span class='ocrx_word' id='word_1_453' title='bbox 2730 2991 2867 3060; x_wconf 87' lang='grc' dir='ltr'>μετὰ</span> <span class='ocrx_word' id='word_1_454' title='bbox 2894 2996 2983 3045; x_wconf 84' lang='grc' dir='ltr'>τὸν</span> <span class='ocrx_word' id='word_1_455' title='bbox 3009 2991 3142 3060; x_wconf 82' lang='grc' dir='ltr'>βίον.</span> 
     </span>
    </p>
   </div>
   <div class='ocr_carea' id='block_1_77' title="bbox 2159 3081 3671 3156">
    <p class='ocr_par' dir='ltr' id='par_1_77' title="bbox 2159 3081 3671 3156">
     <span class='ocr_line' id='line_1_77' title="bbox 2159 3081 3671 3156; baseline 0.003 -21"><span class='ocrx_word' id='word_1_456' title='bbox 2159 3083 2299 3146; x_wconf 79' lang='grc' dir='ltr'>Τοὺς</span> <span class='ocrx_word' id='word_1_457' title='bbox 2351 3082 2640 3146; x_wconf 83' lang='grc' dir='ltr'>πλουσίους</span> <span class='ocrx_word' id='word_1_458' title='bbox 2691 3081 2749 3135; x_wconf 82' lang='grc' dir='ltr'>δὲ</span> <span class='ocrx_word' id='word_1_459' title='bbox 2809 3083 2905 3138; x_wconf 78' lang='grc' dir='ltr'>καὶ</span> <span class='ocrx_word' id='word_1_460' title='bbox 2964 3083 3273 3152; x_wconf 83' lang='grc' dir='ltr'>ἀπλήστους</span> <span class='ocrx_word' id='word_1_461' title='bbox 3321 3083 3671 3156; x_wconf 83' lang='grc' dir='ltr'>ύδρωπιῶσιν</span> 
     </span>
    </p>
   </div>
   <div class='ocr_carea' id='block_1_78' title="bbox 2087 3173 3672 3252">
    <p class='ocr_par' dir='ltr' id='par_1_78' title="bbox 2087 3173 3672 3252">
     <span class='ocr_line' id='line_1_78' title="bbox 2087 3173 3672 3252; baseline 0.001 -24"><span class='ocrx_word' id='word_1_462' title='bbox 2087 3175 2322 3229; x_wconf 76' lang='grc' dir='ltr'>ἑοικέναι</span> <span class='ocrx_word' id='word_1_463' title='bbox 2367 3173 2554 3243; x_wconf 75' lang='grc' dir='ltr'>ἔλεγεν</span> <span class='ocrx_word' id='word_1_464' title='bbox 2581 3192 2596 3208; x_wconf 79' lang='grc' dir='ltr'><strong><em>ο</em></strong></span> <span class='ocrx_word' id='word_1_465' title='bbox 2655 3177 2702 3228; x_wconf 83' lang='grc' dir='ltr'>οἱ</span> <span class='ocrx_word' id='word_1_466' title='bbox 2755 3177 2854 3244; x_wconf 85' lang='grc' dir='ltr'>μὲν</span> <span class='ocrx_word' id='word_1_467' title='bbox 2899 3175 3008 3247; x_wconf 83' lang='grc' dir='ltr'>γὰρ</span> <span class='ocrx_word' id='word_1_468' title='bbox 3051 3175 3428 3252; x_wconf 57' lang='grc' dir='ltr'>πεπλησμένοι</span> <span class='ocrx_word' id='word_1_469' title='bbox 3461 3177 3672 3231; x_wconf 83' lang='grc' dir='ltr'>ὑδάτων</span> 
     </span>
    </p>
   </div>
   <div class='ocr_carea' id='block_1_79' title="bbox 2088 3261 2926 3334">
    <p class='ocr_par' dir='ltr' id='par_1_79' title="bbox 2088 3261 2926 3334">
     <span class='ocr_line' id='line_1_79' title="bbox 2088 3261 2926 3334; baseline -0.001 -16"><span class='ocrx_word' id='word_1_470' title='bbox 2088 3265 2336 3334; x_wconf 72' lang='grc' dir='ltr'>διψῶσιν,</span> <span class='ocrx_word' id='word_1_471' title='bbox 2367 3266 2416 3317; x_wconf 85' lang='grc' dir='ltr'>οἱ</span> <span class='ocrx_word' id='word_1_472' title='bbox 2443 3265 2499 3318; x_wconf 81' lang='grc' dir='ltr'>δὲ</span> <span class='ocrx_word' id='word_1_473' title='bbox 2530 3265 2854 3334; x_wconf 85' lang='grc' dir='ltr'>χρημάτων.</span> <span class='ocrx_word' id='word_1_474' title='bbox 2916 3261 2926 3270; x_wconf 80' lang='grc'><strong>’</strong></span> 
     </span>
    </p>
   </div>
   <div class='ocr_carea' id='block_1_80' title="bbox 2161 3354 3670 3427">
    <p class='ocr_par' dir='ltr' id='par_1_80' title="bbox 2161 3354 3670 3427">
     <span class='ocr_line' id='line_1_80' title="bbox 2161 3354 3670 3427; baseline -0.001 -17"><span class='ocrx_word' id='word_1_475' title='bbox 2161 3357 2299 3411; x_wconf 75' lang='grc' dir='ltr'>Οὔτε</span> <span class='ocrx_word' id='word_1_476' title='bbox 2351 3357 2517 3419; x_wconf 81' lang='grc' dir='ltr'>ἵππος</span> <span class='ocrx_word' id='word_1_477' title='bbox 2556 3355 2784 3426; x_wconf 81' lang='grc' dir='ltr'>εὐγενὴς</span> <span class='ocrx_word' id='word_1_478' title='bbox 2827 3355 3052 3425; x_wconf 87' lang='grc' dir='ltr'>κρίνοιτ’</span> <span class='ocrx_word' id='word_1_479' title='bbox 3073 3354 3138 3409; x_wconf 77' lang='grc' dir='ltr'>ἂν</span> <span class='ocrx_word' id='word_1_480' title='bbox 3168 3355 3434 3427; x_wconf 84' lang='grc' dir='ltr'>πολυτελῆ</span> <span class='ocrx_word' id='word_1_481' title='bbox 3467 3355 3670 3427; x_wconf 80' lang='grc' dir='ltr'>σκευὴν</span> 
     </span>
    </p>
   </div>
   <div class='ocr_carea' id='block_1_81' title="bbox 2091 3447 3672 3519">
    <p class='ocr_par' dir='ltr' id='par_1_81' title="bbox 2091 3447 3672 3519">
     <span class='ocr_line' id='line_1_81' title="bbox 2091 3447 3672 3519; baseline -0.001 -17"><span class='ocrx_word' id='word_1_482' title='bbox 2091 3448 2250 3519; x_wconf 72' lang='grc' dir='ltr'>ἔχων·</span> <span class='ocrx_word' id='word_1_483' title='bbox 2282 3447 2398 3502; x_wconf 83' lang='grc' dir='ltr'>ἀλλ’</span> <span class='ocrx_word' id='word_1_484' title='bbox 2417 3451 2445 3502; x_wconf 91' lang='grc' dir='ltr'>ὁ</span> <span class='ocrx_word' id='word_1_485' title='bbox 2469 3451 2536 3518; x_wconf 82' lang='grc' dir='ltr'><strong>τῇ</strong></span> <span class='ocrx_word' id='word_1_486' title='bbox 2566 3447 2726 3516; x_wconf 87' lang='grc' dir='ltr'>φύσει</span> <span class='ocrx_word' id='word_1_487' title='bbox 2749 3447 3022 3518; x_wconf 76' lang='grc' dir='ltr'>λαμπρόςο</span> <span class='ocrx_word' id='word_1_488' title='bbox 3057 3447 3182 3500; x_wconf 73' lang='grc' dir='ltr'>οὗτε</span> <span class='ocrx_word' id='word_1_489' title='bbox 3212 3447 3352 3517; x_wconf 78' lang='grc' dir='ltr'>ἀνὴρ</span> <span class='ocrx_word' id='word_1_490' title='bbox 3381 3448 3672 3513; x_wconf 85' lang='grc' dir='ltr'>σπουδαῖος</span> 
     </span>
    </p>
   </div>
   <div class='ocr_carea' id='block_1_82' title="bbox 2089 3525 3671 3612">
    <p class='ocr_par' dir='ltr' id='par_1_82' title="bbox 2089 3525 3671 3612">
     <span class='ocr_line' id='line_1_82' title="bbox 2089 3525 3671 3612; baseline -0.001 -16"><span class='ocrx_word' id='word_1_491' title='bbox 2089 3546 2119 3596; x_wconf 81' lang='grc' dir='ltr'>ὁ</span> <span class='ocrx_word' id='word_1_492' title='bbox 2153 3542 2448 3612; x_wconf 82' lang='grc' dir='ltr'>πολύτιμον</span> <span class='ocrx_word' id='word_1_493' title='bbox 2497 3541 2687 3596; x_wconf 80' lang='grc' dir='ltr'>οὐσίαν</span> <span class='ocrx_word' id='word_1_494' title='bbox 2734 3525 3106 3611; x_wconf 81' lang='grc' dir='ltr'>κεκτημένος,</span> <span class='ocrx_word' id='word_1_495' title='bbox 3163 3540 3280 3593; x_wconf 75' lang='grc' dir='ltr'>ἀλλ’</span> <span class='ocrx_word' id='word_1_496' title='bbox 3305 3543 3333 3595; x_wconf 82' lang='grc' dir='ltr'>ὁ</span> <span class='ocrx_word' id='word_1_497' title='bbox 3364 3541 3463 3612; x_wconf 84' lang='grc' dir='ltr'>τὴν</span> <span class='ocrx_word' id='word_1_498' title='bbox 3490 3540 3671 3611; x_wconf 76' lang='grc' dir='ltr'>ψυχὴν</span> 
     </span>
    </p>
   </div>
   <div class='ocr_carea' id='block_1_83' title="bbox 2091 3652 2354 3704">
    <p class='ocr_par' dir='ltr' id='par_1_83' title="bbox 2091 3652 2354 3704">
     <span class='ocr_line' id='line_1_83' title="bbox 2091 3652 2354 3704; baseline 0 -15"><span class='ocrx_word' id='word_1_499' title='bbox 2091 3652 2354 3704; x_wconf 88' lang='grc' dir='ltr'>γενναιος.</span> 
     </span>
    </p>
   </div>
   <div class='ocr_carea' id='block_1_84' title="bbox 2161 3811 3667 3883">
    <p class='ocr_par' dir='ltr' id='par_1_84' title="bbox 2161 3811 3667 3883">
     <span class='ocr_line' id='line_1_84' title="bbox 2161 3811 3667 3883; baseline -0.001 -15"><span class='ocrx_word' id='word_1_500' title='bbox 2161 3813 2510 3883; x_wconf 85' lang='grc' dir='ltr'>Καταφρόνει</span> <span class='ocrx_word' id='word_1_501' title='bbox 2552 3813 2661 3866; x_wconf 84' lang='grc' dir='ltr'><strong>τῶν</strong></span> <span class='ocrx_word' id='word_1_502' title='bbox 2702 3813 2830 3881; x_wconf 66' lang='lat' dir='ltr'><strong>napi.</strong></span> <span class='ocrx_word' id='word_1_503' title='bbox 2857 3813 2948 3866; x_wconf 79' lang='grc' dir='ltr'><strong>τὸν</strong></span> <span class='ocrx_word' id='word_1_504' title='bbox 2975 3811 3202 3865; x_wconf 85' lang='grc' dir='ltr'>πλοῦτον</span> <span class='ocrx_word' id='word_1_505' title='bbox 3235 3812 3667 3876; x_wconf 78' lang='grc' dir='ltr'>σπουδαζόντων,</span> 
     </span>
    </p>
   </div>
   <div class='ocr_carea' id='block_1_85' title="bbox 2091 3902 3673 3975">
    <p class='ocr_par' dir='ltr' id='par_1_85' title="bbox 2091 3902 3673 3975">
     <span class='ocr_line' id='line_1_85' title="bbox 2091 3902 3673 3975; baseline -0.003 -16"><span class='ocrx_word' id='word_1_506' title='bbox 2091 3904 2329 3975; x_wconf 79' lang='grc' dir='ltr'>χρῆσθαι</span> <span class='ocrx_word' id='word_1_507' title='bbox 2354 3904 2410 3957; x_wconf 85' lang='grc' dir='ltr'>δὲ</span> <span class='ocrx_word' id='word_1_508' title='bbox 2443 3907 2554 3968; x_wconf 89' lang='grc' dir='ltr'>τοῖς</span> <span class='ocrx_word' id='word_1_509' title='bbox 2579 3904 2884 3974; x_wconf 84' lang='grc' dir='ltr'>ὑπάρχουσι</span> <span class='ocrx_word' id='word_1_510' title='bbox 2915 3902 2990 3974; x_wconf 84' lang='grc' dir='ltr'>μὴ</span> <span class='ocrx_word' id='word_1_511' title='bbox 3014 3903 3346 3972; x_wconf 78' lang='grc' dir='ltr'>δυναμένων.</span> <span class='ocrx_word' id='word_1_512' title='bbox 3378 3903 3673 3975; x_wconf 84' lang='grc' dir='ltr'>Παραπλή-</span> 
     </span>
    </p>
   </div>
   <div class='ocr_carea' id='block_1_86' title="bbox 2071 3993 3669 4066">
    <p class='ocr_par' dir='ltr' id='par_1_86' title="bbox 2071 3993 3669 4066">
     <span class='ocr_line' id='line_1_86' title="bbox 2071 3993 3669 4066; baseline -0.001 -18"><span class='ocrx_word' id='word_1_513' title='bbox 2071 3999 2206 4049; x_wconf 87' lang='grc' dir='ltr'>’σιον</span> <span class='ocrx_word' id='word_1_514' title='bbox 2237 3996 2346 4066; x_wconf 83' lang='grc' dir='ltr'><strong>γὰρ</strong></span> <span class='ocrx_word' id='word_1_515' title='bbox 2377 3997 2426 4048; x_wconf 84' lang='lat' dir='ltr'><strong>oi</strong></span> <span class='ocrx_word' id='word_1_516' title='bbox 2455 3995 2688 4049; x_wconf 89' lang='grc' dir='ltr'>τοιοῦτοι</span> <span class='ocrx_word' id='word_1_517' title='bbox 2715 3995 3034 4065; x_wconf 85' lang='grc' dir='ltr'>πάσχουσιν,</span> <span class='ocrx_word' id='word_1_518' title='bbox 3068 3994 3258 4062; x_wconf 82' lang='grc' dir='ltr'>ὥσπερ</span> <span class='ocrx_word' id='word_1_519' title='bbox 3291 3993 3356 4047; x_wconf 79' lang='grc' dir='ltr'>ἂν</span> <span class='ocrx_word' id='word_1_520' title='bbox 3391 3995 3442 4047; x_wconf 84' lang='grc' dir='ltr'>εῐ</span> <span class='ocrx_word' id='word_1_521' title='bbox 3466 4012 3548 4057; x_wconf 84' lang='grc' dir='ltr'><strong>τις</strong></span> <span class='ocrx_word' id='word_1_522' title='bbox 3577 3996 3669 4047; x_wconf 83' lang='grc' dir='ltr'>ἴπ-</span> 
     </span>
    </p>
   </div>
   <div class='ocr_carea' id='block_1_87' title="bbox 2093 4085 3668 4159">
    <p class='ocr_par' dir='ltr' id='par_1_87' title="bbox 2093 4085 3668 4159">
     <span class='ocr_line' id='line_1_87' title="bbox 2093 4085 3668 4159; baseline -0.003 -16"><span class='ocrx_word' id='word_1_523' title='bbox 2093 4089 2504 4159; x_wconf 78' lang='grc' dir='ltr'>πονοκτήσαιτο</span> <span class='ocrx_word' id='word_1_524' title='bbox 2535 4087 2728 4152; x_wconf 82' lang='grc' dir='ltr'>καλὸν,</span> <span class='ocrx_word' id='word_1_525' title='bbox 2783 4086 2967 4149; x_wconf 86' lang='grc' dir='ltr'>κακῶς</span> <span class='ocrx_word' id='word_1_526' title='bbox 3003 4085 3252 4139; x_wconf 76' lang='grc' dir='ltr'>ἱππεύειν</span> <span class='ocrx_word' id='word_1_527' title='bbox 3283 4086 3668 4156; x_wconf 75' lang='grc' dir='ltr'>ἐπιστάμενος.</span> 
     </span>
    </p>
   </div>
   <div class='ocr_carea' id='block_1_88' title="bbox 2161 4177 3670 4250">
    <p class='ocr_par' dir='ltr' id='par_1_88' title="bbox 2161 4177 3670 4250">
     <span class='ocr_line' id='line_1_88' title="bbox 2161 4177 3670 4250; baseline 0.001 -19"><span class='ocrx_word' id='word_1_528' title='bbox 2161 4179 2589 4250; x_wconf 87' lang='grc' dir='ltr'>Μεγαλόφρονας</span> <span class='ocrx_word' id='word_1_529' title='bbox 2615 4180 2804 4250; x_wconf 81' lang='grc' dir='ltr'>νόμιζε</span> <span class='ocrx_word' id='word_1_530' title='bbox 2826 4221 2840 4246; x_wconf 93' lang='grc'><strong>,</strong></span> <span class='ocrx_word' id='word_1_531' title='bbox 2901 4180 2976 4250; x_wconf 81' lang='grc' dir='ltr'>μὴ</span> <span class='ocrx_word' id='word_1_532' title='bbox 3002 4179 3128 4242; x_wconf 82' lang='grc' dir='ltr'>τοὺς</span> <span class='ocrx_word' id='word_1_533' title='bbox 3157 4178 3378 4248; x_wconf 79' lang='grc' dir='ltr'>μείζονα</span> <span class='ocrx_word' id='word_1_534' title='bbox 3408 4177 3670 4249; x_wconf 75' lang='grc' dir='ltr'>περιϐαλ-</span> 
     </span>
    </p>
   </div>
   <div class='ocr_carea' id='block_1_89' title="bbox 409 4266 1986 4347">
    <p class='ocr_par' dir='ltr' id='par_1_89' title="bbox 409 4269 1984 4346">
     <span class='ocr_line' id='line_1_89' title="bbox 409 4269 1984 4346; baseline 0.008 -27"><span class='ocrx_word' id='word_1_535' title='bbox 409 4273 700 4319; x_wconf 86' lang='lat' dir='ltr'><strong>assumunt</strong></span> <span class='ocrx_word' id='word_1_536' title='bbox 721 4281 885 4334; x_wconf 87' lang='lat' dir='ltr'><strong>quam</strong></span> <span class='ocrx_word' id='word_1_537' title='bbox 922 4269 1137 4337; x_wconf 86' lang='lat' dir='ltr'><strong>possint</strong></span> <span class='ocrx_word' id='word_1_538' title='bbox 1160 4271 1437 4327; x_wconf 87' lang='lat' dir='ltr'><strong>retinere:</strong></span> <span class='ocrx_word' id='word_1_539' title='bbox 1466 4272 1561 4328; x_wconf 90' lang='lat' dir='ltr'><strong>sed</strong></span> <span class='ocrx_word' id='word_1_540' title='bbox 1588 4289 1703 4340; x_wconf 88' lang='lat' dir='ltr'><strong>eos,</strong></span> <span class='ocrx_word' id='word_1_541' title='bbox 1746 4277 1840 4346; x_wconf 91' lang='lat' dir='ltr'><strong>qui</strong></span> <span class='ocrx_word' id='word_1_542' title='bbox 1866 4292 1984 4332; x_wconf 90' lang='lat' dir='ltr'><strong>me-</strong></span> 
     </span>
    </p>
   </div>
   <div class='ocr_carea' id='block_1_90' title="bbox 2118 4266 3672 4347">
    <p class='ocr_par' dir='ltr' id='par_1_90' title="bbox 2118 4266 3672 4344">
     <span class='ocr_line' id='line_1_90' title="bbox 2118 4266 3672 4344; baseline -0.001 -18"><span class='ocrx_word' id='word_1_543' title='bbox 2118 4272 2384 4344; x_wconf 73' lang='grc' dir='ltr'>.ομένους,</span> <span class='ocrx_word' id='word_1_544' title='bbox 2443 4266 2518 4328; x_wconf 81' lang='grc' dir='ltr'>ὧν</span> <span class='ocrx_word' id='word_1_545' title='bbox 2567 4268 2670 4326; x_wconf 79' lang='grc' dir='ltr'>οἷοί</span> <span class='ocrx_word' id='word_1_546' title='bbox 2715 4272 2779 4324; x_wconf 83' lang='grc' dir='ltr'><strong>τέ</strong></span> <span class='ocrx_word' id='word_1_547' title='bbox 2831 4273 2938 4324; x_wconf 85' lang='grc' dir='ltr'>εἰσι</span> <span class='ocrx_word' id='word_1_548' title='bbox 2982 4273 3315 4341; x_wconf 85' lang='grc' dir='ltr'>κατασχεῖν,</span> <span class='ocrx_word' id='word_1_549' title='bbox 3372 4269 3507 4323; x_wconf 87' lang='grc' dir='ltr'><strong>ἀλλά</strong></span> <span class='ocrx_word' id='word_1_550' title='bbox 3542 4271 3672 4334; x_wconf 84' lang='grc' dir='ltr'>τοὺς</span> 
     </span>
    </p>
   </div>
   <div class='ocr_carea' id='block_1_91' title="bbox 408 4357 1979 4440">
    <p class='ocr_par' dir='ltr' id='par_1_91' title="bbox 408 4357 1979 4440">
     <span class='ocr_line' id='line_1_91' title="bbox 408 4357 1979 4440; baseline 0.008 -28"><span class='ocrx_word' id='word_1_551' title='bbox 408 4357 764 4414; x_wconf 88' lang='lat' dir='ltr'><strong>diocritatem</strong></span> <span class='ocrx_word' id='word_1_552' title='bbox 801 4371 1123 4431; x_wconf 83' lang='lat' dir='ltr'><strong>sequentes,</strong></span> <span class='ocrx_word' id='word_1_553' title='bbox 1154 4379 1221 4419; x_wconf 92' lang='lat' dir='ltr'><strong>ea</strong></span> <span class='ocrx_word' id='word_1_554' title='bbox 1267 4380 1389 4434; x_wconf 68' lang='lat' dir='ltr'><strong>qua:</strong></span> <span class='ocrx_word' id='word_1_555' title='bbox 1423 4363 1788 4422; x_wconf 89' lang='lat' dir='ltr'><strong>instituerunt</strong></span> <span class='ocrx_word' id='word_1_556' title='bbox 1816 4369 1979 4440; x_wconf 83' lang='lat' dir='ltr'><strong>perﬁ-</strong></span> 
     </span>
    </p>
   </div>
   <div class='ocr_carea' id='block_1_92' title="bbox 407 4459 812 4518">
    <p class='ocr_par' dir='ltr' id='par_1_92' title="bbox 407 4459 812 4518">
     <span class='ocr_line' id='line_1_92' title="bbox 407 4459 812 4518; baseline 0.005 -15"><span class='ocrx_word' id='word_1_557' title='bbox 407 4463 537 4503; x_wconf 89' lang='lat' dir='ltr'><strong>cere</strong></span> <span class='ocrx_word' id='word_1_558' title='bbox 561 4459 812 4518; x_wconf 86' lang='lat' dir='ltr'><strong>possunt.</strong></span> 
     </span>
    </p>
   </div>
   <div class='ocr_carea' id='block_1_93' title="bbox 477 4514 1993 4618">
    <p class='ocr_par' dir='ltr' id='par_1_93' title="bbox 477 4514 1993 4618">
     <span class='ocr_line' id='line_1_93' title="bbox 477 4514 1993 4618; baseline 0.008 -24"><span class='ocrx_word' id='word_1_559' title='bbox 477 4514 749 4595; x_wconf 72' lang='lat' dir='ltr'><strong>Aristotel.</strong></span> <span class='ocrx_word' id='word_1_560' title='bbox 773 4514 1165 4613; x_wconf 82' lang='lat' dir='ltr'><strong>—Paupertas</strong></span> <span class='ocrx_word' id='word_1_561' title='bbox 1212 4546 1402 4602; x_wconf 90' lang='lat' dir='ltr'><strong>multis</strong></span> <span class='ocrx_word' id='word_1_562' title='bbox 1433 4553 1558 4618; x_wconf 90' lang='lat' dir='ltr'><strong>eget</strong></span> <span class='ocrx_word' id='word_1_563' title='bbox 1588 4565 1604 4614; x_wconf 92' lang='lat'><strong>;</strong></span> <span class='ocrx_word' id='word_1_564' title='bbox 1661 4549 1993 4606; x_wconf 87' lang='lat' dir='ltr'><strong>insatiabilis</strong></span> 
     </span>
    </p>
   </div>
   <div class='ocr_carea' id='block_1_94' title="bbox 410 4631 1016 4701">
    <p class='ocr_par' dir='ltr' id='par_1_94' title="bbox 410 4631 1016 4701">
     <span class='ocr_line' id='line_1_94' title="bbox 410 4631 1016 4701; baseline 0.007 -17"><span class='ocrx_word' id='word_1_565' title='bbox 410 4631 709 4701; x_wconf 84' lang='lat' dir='ltr'><strong>cupiditas,</strong></span> <span class='ocrx_word' id='word_1_566' title='bbox 736 4635 1016 4688; x_wconf 90' lang='lat' dir='ltr'><strong>omnibus.</strong></span> 
     </span>
    </p>
   </div>
   <div class='ocr_carea' id='block_1_95' title="bbox 483 4719 1992 4803">
    <p class='ocr_par' dir='ltr' id='par_1_95' title="bbox 483 4719 1992 4803">
     <span class='ocr_line' id='line_1_95' title="bbox 483 4719 1992 4803; baseline 0.008 -25"><span class='ocrx_word' id='word_1_567' title='bbox 483 4719 769 4780; x_wconf 80' lang='lat' dir='ltr'><strong>Neminem</strong></span> <span class='ocrx_word' id='word_1_568' title='bbox 796 4743 1037 4797; x_wconf 88' lang='lat' dir='ltr'><strong>unquam</strong></span> <span class='ocrx_word' id='word_1_569' title='bbox 1067 4728 1139 4783; x_wconf 92' lang='lat' dir='ltr'><strong>ob</strong></span> <span class='ocrx_word' id='word_1_570' title='bbox 1164 4728 1386 4786; x_wconf 69' lang='lat' dir='ltr'><strong>divitias</strong></span> <span class='ocrx_word' id='word_1_571' title='bbox 1412 4739 1468 4787; x_wconf 92' lang='lat' dir='ltr'><strong>et</strong></span> <span class='ocrx_word' id='word_1_572' title='bbox 1507 4733 1740 4803; x_wconf 88' lang='lat' dir='ltr'><strong>gloriam</strong></span> <span class='ocrx_word' id='word_1_573' title='bbox 1766 4733 1992 4790; x_wconf 89' lang='lat' dir='ltr'><strong>beatum</strong></span> 
     </span>
    </p>
   </div>
   <div class='ocr_carea' id='block_1_96' title="bbox 2095 4361 3668 4436">
    <p class='ocr_par' dir='ltr' id='par_1_96' title="bbox 2095 4361 3668 4436">
     <span class='ocr_line' id='line_1_96' title="bbox 2095 4361 3668 4436; baseline -0.002 -19"><span class='ocrx_word' id='word_1_574' title='bbox 2095 4363 2333 4436; x_wconf 85' lang='grc' dir='ltr'>μετρίων</span> <span class='ocrx_word' id='word_1_575' title='bbox 2363 4363 2460 4434; x_wconf 86' lang='grc' dir='ltr'>μὲν</span> <span class='ocrx_word' id='word_1_576' title='bbox 2491 4363 2834 4434; x_wconf 71' lang='grc' dir='ltr'>ἐφιεμένους,</span> <span class='ocrx_word' id='word_1_577' title='bbox 2872 4361 3202 4433; x_wconf 78' lang='grc' dir='ltr'>ἐργάζεσθαι</span> <span class='ocrx_word' id='word_1_578' title='bbox 3227 4362 3284 4415; x_wconf 84' lang='grc' dir='ltr'>δὲ</span> <span class='ocrx_word' id='word_1_579' title='bbox 3314 4361 3668 4430; x_wconf 85' lang='grc' dir='ltr'>δυναμένους,</span> 
     </span>
    </p>
   </div>
   <div class='ocr_carea' id='block_1_97' title="bbox 2091 4451 2645 4526">
    <p class='ocr_par' dir='ltr' id='par_1_97' title="bbox 2091 4451 2645 4526">
     <span class='ocr_line' id='line_1_97' title="bbox 2091 4451 2645 4526; baseline -0.004 -16"><span class='ocrx_word' id='word_1_580' title='bbox 2091 4451 2176 4520; x_wconf 71' lang='grc' dir='ltr'>οἷς</span> <span class='ocrx_word' id='word_1_581' title='bbox 2209 4455 2276 4510; x_wconf 83' lang='grc' dir='ltr'>ἂν</span> <span class='ocrx_word' id='word_1_582' title='bbox 2306 4455 2645 4526; x_wconf 70' lang='grc' dir='ltr'>ἐπιχειρῶσι.</span> 
     </span>
    </p>
   </div>
   <div class='ocr_carea' id='block_1_98' title="bbox 2177 4544 3666 4616">
    <p class='ocr_par' dir='ltr' id='par_1_98' title="bbox 2177 4544 3666 4616">
     <span class='ocr_line' id='line_1_98' title="bbox 2177 4544 3666 4616; baseline 0.021 -47"><span class='ocrx_word' id='word_1_583' title='bbox 2177 4547 2543 4616; x_wconf 45' lang='grc' dir='ltr'><strong>,Αριστοτέχ</strong></span> <span class='ocrx_word' id='word_1_584' title='bbox 2589 4576 2658 4586; x_wconf 88' lang='lat'>_</span> <span class='ocrx_word' id='word_1_585' title='bbox 2699 4545 2761 4598; x_wconf 84' lang='grc' dir='ltr'><strong>Ἡ</strong></span> <span class='ocrx_word' id='word_1_586' title='bbox 2807 4545 2966 4598; x_wconf 79' lang='grc' dir='ltr'>πενία</span> <span class='ocrx_word' id='word_1_587' title='bbox 3016 4544 3227 4598; x_wconf 82' lang='grc' dir='ltr'>πολλῶν</span> <span class='ocrx_word' id='word_1_588' title='bbox 3264 4545 3413 4598; x_wconf 80' lang='grc' dir='ltr'>ἐστιν</span> <span class='ocrx_word' id='word_1_589' title='bbox 3446 4544 3666 4615; x_wconf 72' lang='grc' dir='ltr'><strong>ἐνδεής⁸</strong></span> 
     </span>
    </p>
   </div>
   <div class='ocr_carea' id='block_1_99' title="bbox 2094 4639 3400 4713">
    <p class='ocr_par' dir='ltr' id='par_1_99' title="bbox 2094 4639 3400 4713">
     <span class='ocr_line' id='line_1_99' title="bbox 2094 4639 3400 4713; baseline -0.005 -18"><span class='ocrx_word' id='word_1_590' title='bbox 2094 4643 2128 4713; x_wconf 79' lang='grc' dir='ltr'>ὴ</span> <span class='ocrx_word' id='word_1_591' title='bbox 2161 4641 2218 4694; x_wconf 79' lang='grc' dir='ltr'>δὲ</span> <span class='ocrx_word' id='word_1_592' title='bbox 2254 4639 2548 4711; x_wconf 87' lang='grc' dir='ltr'>ἀπληστία,</span> <span class='ocrx_word' id='word_1_593' title='bbox 2581 4639 2822 4693; x_wconf 83' lang='grc' dir='ltr'>πάντων.</span> <span class='ocrx_word' id='word_1_594' title='bbox 3396 4639 3400 4643; x_wconf 86' lang='grc'><strong>’</strong></span> 
     </span>
    </p>
   </div>
   <div class='ocr_carea' id='block_1_100' title="bbox 2163 4728 3672 4803">
    <p class='ocr_par' dir='ltr' id='par_1_100' title="bbox 2163 4728 3672 4803">
     <span class='ocr_line' id='line_1_100' title="bbox 2163 4728 3672 4803; baseline -0.002 -18"><span class='ocrx_word' id='word_1_595' title='bbox 2163 4731 2451 4803; x_wconf 86' lang='grc' dir='ltr'>Μηδέποτε</span> <span class='ocrx_word' id='word_1_596' title='bbox 2505 4730 2834 4802; x_wconf 84' lang='grc' dir='ltr'>μακαρίσεις</span> <span class='ocrx_word' id='word_1_597' title='bbox 2879 4728 3167 4799; x_wconf 78' lang='grc' dir='ltr'>ἄνθρωπον</span> <span class='ocrx_word' id='word_1_598' title='bbox 3205 4728 3300 4782; x_wconf 75' lang='grc' dir='ltr'><strong>ἐπὶ</strong></span> <span class='ocrx_word' id='word_1_599' title='bbox 3329 4729 3545 4798; x_wconf 86' lang='grc' dir='ltr'>πλούτῳ</span> <span class='ocrx_word' id='word_1_600' title='bbox 3577 4732 3672 4782; x_wconf 74' lang='grc' dir='ltr'>καὶ</span> 
     </span>
    </p>
   </div>
   <div class='ocr_carea' id='block_1_101' title="bbox 410 4817 1986 4896">
    <p class='ocr_par' dir='ltr' id='par_1_101' title="bbox 410 4818 1986 4896">
     <span class='ocr_line' id='line_1_101' title="bbox 410 4818 1986 4896; baseline 0.008 -27"><span class='ocrx_word' id='word_1_601' title='bbox 410 4818 659 4872; x_wconf 80' lang='lat' dir='ltr'><strong>dixeris:</strong></span> <span class='ocrx_word' id='word_1_602' title='bbox 702 4819 973 4890; x_wconf 89' lang='lat' dir='ltr'><strong>ejusmodi</strong></span> <span class='ocrx_word' id='word_1_603' title='bbox 1007 4822 1154 4875; x_wconf 89' lang='lat' dir='ltr'><strong>enim</strong></span> <span class='ocrx_word' id='word_1_604' title='bbox 1185 4823 1369 4878; x_wconf 89' lang='lat' dir='ltr'><strong>omnia</strong></span> <span class='ocrx_word' id='word_1_605' title='bbox 1413 4825 1624 4880; x_wconf 90' lang='lat' dir='ltr'><strong>minora</strong></span> <span class='ocrx_word' id='word_1_606' title='bbox 1662 4834 1792 4880; x_wconf 91' lang='lat' dir='ltr'><strong>sunt</strong></span> <span class='ocrx_word' id='word_1_607' title='bbox 1825 4843 1986 4896; x_wconf 88' lang='lat' dir='ltr'><strong>quam</strong></span> 
     </span>
    </p>
   </div>
   <div class='ocr_carea' id='block_1_102' title="bbox 2118 4817 3670 4896">
    <p class='ocr_par' dir='ltr' id='par_1_102' title="bbox 2118 4817 3670 4894">
     <span class='ocr_line' id='line_1_102' title="bbox 2118 4817 3670 4894; baseline -0.001 -20"><span class='ocrx_word' id='word_1_608' title='bbox 2118 4822 2214 4894; x_wconf 81' lang='grc' dir='ltr'><strong>όξῃ</strong></span> <span class='ocrx_word' id='word_1_609' title='bbox 2245 4837 2258 4851; x_wconf 89' lang='grc'>·</span> <span class='ocrx_word' id='word_1_610' title='bbox 2317 4822 2495 4874; x_wconf 87' lang='grc' dir='ltr'>πάντα</span> <span class='ocrx_word' id='word_1_611' title='bbox 2537 4821 2645 4891; x_wconf 73' lang='grc' dir='ltr'>γὰρ</span> <span class='ocrx_word' id='word_1_612' title='bbox 2691 4820 2757 4873; x_wconf 84' lang='grc' dir='ltr'>τὰ</span> <span class='ocrx_word' id='word_1_613' title='bbox 2789 4818 3014 4872; x_wconf 76' lang='grc' dir='ltr'>τοιαῦτα</span> <span class='ocrx_word' id='word_1_614' title='bbox 3043 4817 3151 4870; x_wconf 92' lang='grc' dir='ltr'><strong>τῶν</strong></span> <span class='ocrx_word' id='word_1_615' title='bbox 3177 4817 3396 4886; x_wconf 78' lang='grc' dir='ltr'>ἀγαθῶν</span> <span class='ocrx_word' id='word_1_616' title='bbox 3424 4818 3670 4872; x_wconf 72' lang='grc' dir='ltr'>ἐλάττονι</span> 
     </span>
    </p>
   </div>
   <div class='ocr_carea' id='block_1_103' title="bbox 415 4909 999 4966">
    <p class='ocr_par' dir='ltr' id='par_1_103' title="bbox 415 4909 999 4966">
     <span class='ocr_line' id='line_1_103' title="bbox 415 4909 999 4966; baseline 0.005 -5"><span class='ocrx_word' id='word_1_617' title='bbox 415 4920 474 4962; x_wconf 81' lang='grc' dir='ltr'><strong>ιιι</strong></span> <span class='ocrx_word' id='word_1_618' title='bbox 506 4909 649 4964; x_wconf 73' lang='lat' dir='ltr'><strong>bona</strong></span> <span class='ocrx_word' id='word_1_619' title='bbox 676 4911 999 4966; x_wconf 90' lang='lat' dir='ltr'><strong>credantur.</strong></span> 
     </span>
    </p>
   </div>
   <div class='ocr_carea' id='block_1_104' title="bbox 487 5001 1989 5079">
    <p class='ocr_par' dir='ltr' id='par_1_104' title="bbox 487 5001 1989 5079">
     <span class='ocr_line' id='line_1_104' title="bbox 487 5001 1989 5079; baseline 0.006 -25"><span class='ocrx_word' id='word_1_620' title='bbox 487 5001 607 5054; x_wconf 82' lang='lat' dir='ltr'><strong>Non</strong></span> <span class='ocrx_word' id='word_1_621' title='bbox 639 5001 735 5071; x_wconf 89' lang='lat' dir='ltr'><strong>qui</strong></span> <span class='ocrx_word' id='word_1_622' title='bbox 785 5003 940 5059; x_wconf 91' lang='lat' dir='ltr'><strong>dives</strong></span> <span class='ocrx_word' id='word_1_623' title='bbox 964 5010 1068 5067; x_wconf 90' lang='lat' dir='ltr'><strong>est,</strong></span> <span class='ocrx_word' id='word_1_624' title='bbox 1119 5005 1214 5060; x_wconf 90' lang='lat' dir='ltr'><strong>sed</strong></span> <span class='ocrx_word' id='word_1_625' title='bbox 1247 5005 1341 5074; x_wconf 92' lang='lat' dir='ltr'><strong>qui</strong></span> <span class='ocrx_word' id='word_1_626' title='bbox 1373 5005 1584 5063; x_wconf 91' lang='lat' dir='ltr'><strong>divitiis</strong></span> <span class='ocrx_word' id='word_1_627' title='bbox 1622 5023 1732 5063; x_wconf 91' lang='lat' dir='ltr'><strong>non</strong></span> <span class='ocrx_word' id='word_1_628' title='bbox 1759 5016 1904 5079; x_wconf 84' lang='lat' dir='ltr'><strong>eget,</strong></span> <span class='ocrx_word' id='word_1_629' title='bbox 1941 5009 1989 5064; x_wconf 93' lang='lat' dir='ltr'><strong>is</strong></span> 
     </span>
    </p>
   </div>
   <div class='ocr_carea' id='block_1_105' title="bbox 413 5093 746 5148">
    <p class='ocr_par' dir='ltr' id='par_1_105' title="bbox 413 5093 746 5148">
     <span class='ocr_line' id='line_1_105' title="bbox 413 5093 746 5148; baseline 0.006 -4"><span class='ocrx_word' id='word_1_630' title='bbox 413 5093 611 5148; x_wconf 80' lang='lat' dir='ltr'><strong>hcatus</strong></span> <span class='ocrx_word' id='word_1_631' title='bbox 643 5103 746 5148; x_wconf 84' lang='lat' dir='ltr'><strong>est.</strong></span> 
     </span>
    </p>
   </div>
   <div class='ocr_carea' id='block_1_106' title="bbox 2086 4913 2530 4970">
    <p class='ocr_par' dir='ltr' id='par_1_106' title="bbox 2086 4913 2530 4970">
     <span class='ocr_line' id='line_1_106' title="bbox 2086 4913 2530 4970; baseline 0.005 -2"><span class='ocrx_word' id='word_1_632' title='bbox 2086 4916 2268 4968; x_wconf 77' lang='grc' dir='ltr'>πίστει</span> <span class='ocrx_word' id='word_1_633' title='bbox 2300 4913 2530 4970; x_wconf 84' lang='grc' dir='ltr'>δέδεται.</span> 
     </span>
    </p>
   </div>
   <div class='ocr_carea' id='block_1_107' title="bbox 2156 5001 3670 5075">
    <p class='ocr_par' dir='ltr' id='par_1_107' title="bbox 2156 5001 3670 5075">
     <span class='ocr_line' id='line_1_107' title="bbox 2156 5001 3670 5075; baseline -0.003 -16"><span class='ocrx_word' id='word_1_634' title='bbox 2156 5006 2266 5075; x_wconf 85' lang='grc' dir='ltr'><strong>Ούχ</strong></span> <span class='ocrx_word' id='word_1_635' title='bbox 2321 5006 2350 5057; x_wconf 81' lang='grc' dir='ltr'>ὁ</span> <span class='ocrx_word' id='word_1_636' title='bbox 2404 5004 2650 5057; x_wconf 87' lang='grc' dir='ltr'>πλουτῶν</span> <span class='ocrx_word' id='word_1_637' title='bbox 2679 5042 2691 5064; x_wconf 93' lang='grc'>,</span> <span class='ocrx_word' id='word_1_638' title='bbox 2754 5003 2867 5056; x_wconf 74' lang='grc' dir='ltr'>ἀλλ’</span> <span class='ocrx_word' id='word_1_639' title='bbox 2907 5005 2935 5056; x_wconf 78' lang='grc' dir='ltr'><strong>ὸ</strong></span> <span class='ocrx_word' id='word_1_640' title='bbox 2981 5002 3054 5072; x_wconf 79' lang='grc' dir='ltr'>μὴ</span> <span class='ocrx_word' id='word_1_641' title='bbox 3087 5001 3303 5072; x_wconf 73' lang='grc' dir='ltr'>χρῄζων</span> <span class='ocrx_word' id='word_1_642' title='bbox 3341 5002 3572 5056; x_wconf 87' lang='grc' dir='ltr'>πλούτου</span> <span class='ocrx_word' id='word_1_643' title='bbox 3594 5003 3670 5073; x_wconf 81' lang='lat' dir='ltr'><strong>(k)</strong></span> 
     </span>
    </p>
   </div>
   <div class='ocr_carea' id='block_1_108' title="bbox 2087 5100 2376 5169">
    <p class='ocr_par' dir='ltr' id='par_1_108' title="bbox 2087 5100 2376 5169">
     <span class='ocr_line' id='line_1_108' title="bbox 2087 5100 2376 5169; baseline -0.007 -17"><span class='ocrx_word' id='word_1_644' title='bbox 2087 5100 2376 5169; x_wconf 83' lang='grc' dir='ltr'>μακάριος.</span> 
     </span>
    </p>
   </div>
   <div class='ocr_carea' id='block_1_109' title="bbox 1927 5219 2157 5275">
    <p class='ocr_par' dir='ltr' id='par_1_109' title="bbox 1927 5219 2157 5275">
     <span class='ocr_line' id='line_1_109' title="bbox 1927 5219 2157 5275; baseline 0.013 -3"><span class='ocrx_word' id='word_1_645' title='bbox 1927 5219 2157 5275; x_wconf 72' lang='grc' dir='ltr'><strong>ΝΟΤίΕ.</strong></span> 
     </span>
    </p>
   </div>
   <div class='ocr_carea' id='block_1_110' title="bbox 486 5302 1986 5379">
    <p class='ocr_par' dir='ltr' id='par_1_110' title="bbox 486 5302 1978 5379">
     <span class='ocr_line' id='line_1_110' title="bbox 486 5302 1978 5379; baseline 0.008 -26"><span class='ocrx_word' id='word_1_646' title='bbox 486 5302 564 5379; x_wconf 75' lang='lat' dir='ltr'><strong>(k)</strong></span> <span class='ocrx_word' id='word_1_647' title='bbox 699 5302 782 5370; x_wconf 79' lang='grc' dir='ltr'>μὴ</span> <span class='ocrx_word' id='word_1_648' title='bbox 814 5304 1042 5372; x_wconf 60' lang='grc' dir='ltr'>χρῄζων</span> <span class='ocrx_word' id='word_1_649' title='bbox 1085 5309 1373 5379; x_wconf 66' lang='grc' dir='ltr'>πλούτου.</span> <span class='ocrx_word' id='word_1_650' title='bbox 1435 5308 1840 5377; x_wconf 81' lang='lat' dir='ltr'><strong>Conjecturam,</strong></span> <span class='ocrx_word' id='word_1_651' title='bbox 1873 5328 1978 5379; x_wconf 83' lang='lat' dir='ltr'><strong>qua</strong></span> 
     </span>
    </p>
   </div>
   <div class='ocr_carea' id='block_1_111' title="bbox 2118 5302 3664 5379">
    <p class='ocr_par' dir='ltr' id='par_1_111' title="bbox 2123 5305 3664 5379">
     <span class='ocr_line' id='line_1_111' title="bbox 2123 5305 3664 5379; baseline -0.005 -15"><span class='ocrx_word' id='word_1_652' title='bbox 2123 5320 2264 5379; x_wconf 80' lang='lat' dir='ltr'><strong>geat,</strong></span> <span class='ocrx_word' id='word_1_653' title='bbox 2293 5324 2479 5362; x_wconf 78' lang='lat' dir='ltr'><strong>earum</strong></span> <span class='ocrx_word' id='word_1_654' title='bbox 2507 5309 2616 5379; x_wconf 81' lang='lat' dir='ltr'><strong>jam</strong></span> <span class='ocrx_word' id='word_1_655' title='bbox 2670 5322 2770 5360; x_wconf 89' lang='lat' dir='ltr'><strong>usu</strong></span> <span class='ocrx_word' id='word_1_656' title='bbox 2809 5307 3082 5379; x_wconf 78' lang='lat' dir='ltr'><strong>superior.</strong></span> <span class='ocrx_word' id='word_1_657' title='bbox 3111 5321 3232 5376; x_wconf 81' lang='lat' dir='ltr'><strong>quae</strong></span> <span class='ocrx_word' id='word_1_658' title='bbox 3261 5306 3374 5374; x_wconf 83' lang='lat' dir='ltr'><strong>ipsa</strong></span> <span class='ocrx_word' id='word_1_659' title='bbox 3405 5305 3539 5379; x_wconf 80' lang='lat' dir='ltr'><strong>nihil</strong></span> <span class='ocrx_word' id='word_1_660' title='bbox 3559 5320 3664 5379; x_wconf 69' lang='lat' dir='ltr'><strong>re-</strong></span> 
     </span>
    </p>
   </div>
   <div class='ocr_carea' id='block_1_112' title="bbox 414 5373 1973 5454">
    <p class='ocr_par' dir='ltr' id='par_1_112' title="bbox 414 5373 1973 5454">
     <span class='ocr_line' id='line_1_112' title="bbox 414 5373 1973 5454; baseline 0.007 -30"><span class='ocrx_word' id='word_1_661' title='bbox 414 5373 738 5454; x_wconf 65' lang='lat' dir='ltr'><strong>pzlrlielllaiii</strong></span> <span class='ocrx_word' id='word_1_662' title='bbox 765 5443 774 5453; x_wconf 33' lang='grc' dir='ltr'>ι</span> <span class='ocrx_word' id='word_1_663' title='bbox 799 5385 1084 5454; x_wconf 67' lang='lat' dir='ltr'><strong>negantem</strong></span> <span class='ocrx_word' id='word_1_664' title='bbox 1145 5377 1485 5441; x_wconf 76' lang='lat' dir='ltr'><strong>addiderant,</strong></span> <span class='ocrx_word' id='word_1_665' title='bbox 1515 5450 1524 5454; x_wconf 83' lang='lat'>_</span> <span class='ocrx_word' id='word_1_666' title='bbox 1551 5373 1801 5454; x_wconf 68' lang='lat' dir='ltr'><strong>iiruiavit</strong></span> <span class='ocrx_word' id='word_1_667' title='bbox 1828 5373 1973 5454; x_wconf 70' lang='lat' dir='ltr'><strong>Ball.</strong></span> 
     </span>
    </p>
   </div>
   <div class='ocr_carea' id='block_1_113' title="bbox 2088 5375 3663 5452">
    <p class='ocr_par' dir='ltr' id='par_1_113' title="bbox 2088 5375 3663 5452">
     <span class='ocr_line' id='line_1_113' title="bbox 2088 5375 3663 5452; baseline -0.003 -19"><span class='ocrx_word' id='word_1_668' title='bbox 2088 5375 2236 5434; x_wconf 76' lang='lat' dir='ltr'><strong>mota</strong></span> <span class='ocrx_word' id='word_1_669' title='bbox 2279 5380 2429 5433; x_wconf 82' lang='lat' dir='ltr'><strong>verbi</strong></span> <span class='ocrx_word' id='word_1_670' title='bbox 2489 5375 2685 5452; x_wconf 56' lang='grc' dir='ltr'>χρῄζω</span> <span class='ocrx_word' id='word_1_671' title='bbox 2720 5375 3047 5452; x_wconf 69' lang='lat' dir='ltr'><strong>signiﬁcatio</strong></span> <span class='ocrx_word' id='word_1_672' title='bbox 3073 5394 3107 5452; x_wconf 84' lang='lat'><strong>:_</strong></span> <span class='ocrx_word' id='word_1_673' title='bbox 3134 5375 3454 5452; x_wconf 71' lang='lat' dir='ltr'><strong>non_quo_d__</strong></span> <span class='ocrx_word' id='word_1_674' title='bbox 3479 5375 3663 5452; x_wconf 83' lang='lat' dir='ltr'><strong>reddit</strong></span> 
     </span>
    </p>
   </div>
   <div class='ocr_carea' id='block_1_114' title="bbox 416 5441 3668 5516">
    <p class='ocr_par' dir='ltr' id='par_1_114' title="bbox 416 5441 3668 5516">
     <span class='ocr_line' id='line_1_114' title="bbox 416 5441 3668 5516; baseline 0.002 -23"><span class='ocrx_word' id='word_1_675' title='bbox 416 5441 608 5495; x_wconf 77' lang='lat' dir='ltr'><strong>Codex.</strong></span> <span class='ocrx_word' id='word_1_676' title='bbox 634 5441 904 5516; x_wconf 73' lang='lat' dir='ltr'><strong>Nimirum</strong></span> <span class='ocrx_word' id='word_1_677' title='bbox 925 5444 976 5516; x_wconf 83' lang='lat' dir='ltr'><strong>in</strong></span> <span class='ocrx_word' id='word_1_678' title='bbox 1003 5463 1069 5516; x_wconf 80' lang='lat' dir='ltr'><strong>eo</strong></span> <span class='ocrx_word' id='word_1_679' title='bbox 1105 5462 1298 5501; x_wconf 78' lang='lat' dir='ltr'><strong>sensus</strong></span> <span class='ocrx_word' id='word_1_680' title='bbox 1337 5459 1391 5502; x_wconf 87' lang='lat' dir='ltr'><strong>et</strong></span> <span class='ocrx_word' id='word_1_681' title='bbox 1415 5450 1725 5514; x_wconf 80' lang='lat' dir='ltr'><strong>antithesis,</strong></span> <span class='ocrx_word' id='word_1_682' title='bbox 1751 5451 1976 5505; x_wconf 82' lang='lat' dir='ltr'><strong>divitem</strong></span> <span class='ocrx_word' id='word_1_683' title='bbox 2087 5449 2250 5505; x_wconf 83' lang='lat' dir='ltr'><strong>Gesn.</strong></span> <span class='ocrx_word' id='word_1_684' title='bbox 2292 5450 2382 5502; x_wconf 81' lang='lat' dir='ltr'><strong>sed</strong></span> <span class='ocrx_word' id='word_1_685' title='bbox 2407 5441 2816 5501; x_wconf 43' lang='lat' dir='ltr'><strong>utciils&#39;ilivitiis&#39;:</strong></span> <span class='ocrx_word' id='word_1_686' title='bbox 2849 5463 2970 5516; x_wconf 66' lang='lat' dir='ltr'><strong>quae</strong></span> <span class='ocrx_word' id='word_1_687' title='bbox 2997 5441 3458 5501; x_wconf 42' lang='lat' dir='ltr'><strong>antithesis—nihil</strong></span> <span class='ocrx_word' id='word_1_688' title='bbox 3483 5447 3668 5515; x_wconf 79' lang='lat' dir='ltr'><strong>gravis</strong></span> 
     </span>
    </p>
   </div>
   <div class='ocr_carea' id='block_1_115' title="bbox 415 5513 1981 5588">
    <p class='ocr_par' dir='ltr' id='par_1_115' title="bbox 415 5513 1981 5588">
     <span class='ocr_line' id='line_1_115' title="bbox 415 5513 1981 5588; baseline 0.007 -26"><span class='ocrx_word' id='word_1_689' title='bbox 415 5522 556 5574; x_wconf 88' lang='lat' dir='ltr'><strong>esse,</strong></span> <span class='ocrx_word' id='word_1_690' title='bbox 618 5527 725 5565; x_wconf 88' lang='lat' dir='ltr'><strong>non</strong></span> <span class='ocrx_word' id='word_1_691' title='bbox 780 5513 872 5583; x_wconf 82' lang='lat' dir='ltr'><strong>qui</strong></span> <span class='ocrx_word' id='word_1_692' title='bbox 931 5514 1127 5570; x_wconf 84' lang='lat' dir='ltr'><strong>habeat</strong></span> <span class='ocrx_word' id='word_1_693' title='bbox 1170 5516 1405 5582; x_wconf 79' lang='lat' dir='ltr'><strong>divitias,</strong></span> <span class='ocrx_word' id='word_1_694' title='bbox 1460 5519 1552 5574; x_wconf 84' lang='lat' dir='ltr'><strong>sed</strong></span> <span class='ocrx_word' id='word_1_695' title='bbox 1604 5521 1696 5588; x_wconf 85' lang='lat' dir='ltr'><strong>qui</strong></span> <span class='ocrx_word' id='word_1_696' title='bbox 1735 5521 1839 5575; x_wconf 78' lang='lat' dir='ltr'><strong>illis</strong></span> <span class='ocrx_word' id='word_1_697' title='bbox 1873 5537 1981 5574; x_wconf 89' lang='lat' dir='ltr'><strong>non</strong></span> 
     </span>
    </p>
   </div>
   <div class='ocr_carea' id='block_1_116' title="bbox 2094 5516 3658 5588">
    <p class='ocr_par' dir='ltr' id='par_1_116' title="bbox 2094 5516 3658 5588">
     <span class='ocr_line' id='line_1_116' title="bbox 2094 5516 3658 5588; baseline -0.004 -14"><span class='ocrx_word' id='word_1_698' title='bbox 2094 5530 2196 5583; x_wconf 80' lang='lat' dir='ltr'><strong>est,</strong></span> <span class='ocrx_word' id='word_1_699' title='bbox 2221 5529 2276 5572; x_wconf 88' lang='lat' dir='ltr'><strong>ct</strong></span> <span class='ocrx_word' id='word_1_700' title='bbox 2315 5521 2474 5588; x_wconf 82' lang='lat' dir='ltr'><strong>quale</strong></span> <span class='ocrx_word' id='word_1_701' title='bbox 2502 5518 2553 5570; x_wconf 89' lang='lat' dir='ltr'><strong>iu</strong></span> <span class='ocrx_word' id='word_1_702' title='bbox 2583 5518 2803 5586; x_wconf 76' lang='lat' dir='ltr'><strong>reliquis</strong></span> <span class='ocrx_word' id='word_1_703' title='bbox 2825 5520 3003 5571; x_wconf 83' lang='lat' dir='ltr'><strong>elucet</strong></span> <span class='ocrx_word' id='word_1_704' title='bbox 3033 5516 3312 5572; x_wconf 82' lang='lat' dir='ltr'><strong>Plutarchi</strong></span> <span class='ocrx_word' id='word_1_705' title='bbox 3336 5516 3658 5577; x_wconf 78' lang='lat' dir='ltr'><strong>sententiis.</strong></span> 
     </span>
    </p>
   </div>
  </div>
