3990 6176
371 155 473 219 797

1681 143 1846 202 LOCI
1886 140 2314 201 COMMUNES.

3501 136 3608 196 798

436 259 712 329 Μέγιστὸν
740 259 856 311 ἐστι
890 255 1143 316 πλούτου,
1181 253 1241 306 τὺ
1269 249 1554 320 γινώσκειν
1583 248 1665 300 ὅτι
1693 246 1942 320 περιττός

2116 245 2412 298 Maximum
2441 249 2525 296 est
2560 242 2613 295 in
2648 239 2859 296 divitiis
2881 279 2894 304 ,
2941 237 3081 293 scire
3140 236 3286 307 quod
3317 239 3610 306 superﬂua:

571 444 645 513 μὴ
679 439 886 493 πολλῶν
919 435 1208 504 ἐπιθυμεῖς
1232 474 1248 496 ,
1299 431 1368 486 τὰ
1398 431 1552 499 ὀλίγα
1581 427 1751 482 πολλά
1776 426 1935 490 δόξει.

365 536 556 606 Μικρά
586 535 693 603 γάρ
722 530 902 602 ὄρεξις
936 527 1132 580 πενίαν
1163 524 1408 593 ίσοσθενῆ
1437 522 1669 576 πλούτου
1698 519 1938 588 ποιήσει.

446 721 504 773 '0
558 717 699 771 κατά
749 713 912 782 φύσιν
963 708 1213 771 πλοῦτος,
1259 707 1411 778 ἄρτῳ
1442 703 1536 757 καὶ
1564 701 1718 755 ὐδατι
1751 699 1846 752 καὶ.
1871 700 1939 768 τῇ

363 810 603 881 τυχούσῃ
632 806 724 860 τοῦ
753 804 1004 874 σώματος
1045 800 1244 870 σκέπῃ,
1273 791 1762 868 συμπεπλήρωται.
1798 789 1857 842 '0
1883 789 1942 842 δὲ.

370 903 641 975 περιττὸς,
669 899 810 952 κατά
848 894 1030 965 ψυχὴν
1075 893 1379 963 ἀπέραντον
1424 885 1662 958 ἔχεικαὶ
1703 884 1804 954 τὴν
1845 881 1944 950 τῆς

370 995 666 1064 ἐπιθυμίας
703 991 957 1062 βάσανον.
1095 1045 1106 1050 Α,

453 1087 511 1141 ὐ
540 1085 698 1146 αὐτὸς
725 1078 1042 1153 ἐρωτηθεὶς,
1066 1076 1182 1140 πῶς
1212 1076 1277 1130 ἄν
1298 1093 1383 1139 τις
1407 1073 1634 1146 γένηται
1659 1069 1794 1130 ⁶ελού
1807 1085 1938 1136 σιος·

384 1179 511 1233 Ἐὰν
538 1179 646 1231 τῶν
673 1171 978 1244 ἐπιθυμιῶν
1003 1169 1155 1222 ἔσται
1181 1168 1373 1238 πένης,
1401 1167 1586 1238 φησίν.

445 1353 584 1406 Ὀσα
633 1349 730 1422 μὲν
780 1349 874 1403 ἐπὶ
905 1350 972 1420 τῇ
1004 1346 1194 1417 φύσει,
1253 1346 1453 1408 πάντες
1477 1344 1644 1416 ἐσμὲν
1673 1344 1940 1399 πλούσιοι·

371 1445 470 1497 ὅσα
494 1443 538 1496 δ’
565 1442 651 1510 ἐφ’
672 1443 828 1512 ἡμῖν,
862 1440 1064 1502 πάντες
1093 1437 1261 1506 ἐσμὲν
1291 1435 1539 1508 πένητες.

450 1535 512 1588 Ὀ
542 1533 622 1603 τῷ
651 1532 793 1586 κατά
818 1530 981 1601 φύσιν
1011 1529 1349 1600 ἀρκούμενος
1381 1526 1618 1596 πλούτῳ,
1646 1525 1742 1581 τοῦ
1775 1526 1946 1580 πολλὰ

369 1624 716 1696 κεκτημένου
740 1666 757 1691 ,
814 1622 1037 1676 πλείονα
1076 1621 1135 1674 δὲ
1176 1618 1568 1690 ἐπιθυμοῦντος
1592 1661 1608 1686 ,
1663 1619 1798 1673 πολύ
1829 1623 1944 1672 ἐστι

371 1715 794 1786 πλουσιώτερος.
848 1712 939 1783 Τῷ
969 1712 1070 1782 μὲν
1098 1711 1208 1782 γὰρ
1249 1711 1403 1765 οὐδὲν
1427 1710 1664 1764 ἐλλείπει
1690 1728 1704 1741 ο
1759 1710 1836 1782 τῷ
1865 1711 1943 1776 δὲ,

372 1810 466 1863 καὶ
495 1803 572 1863 ὧν
600 1808 869 1878 κέκτηται
899 1803 1081 1875 πολλῴ
1109 1804 1352 1858 πλείονα.

303 1951 318 1963 ,
459 1900 525 1953 Ἦ
573 1899 786 1961 τέκνοις
813 1897 954 1965 ἄγαν
984 1895 1282 1967 χρημάτων
1316 1893 1642 1966 συναγωγὴ,
1675 1894 1949 1968 πρόφασίς

377 1990 494 2042 ἐστι
522 1987 908 2059 φιλαργυρίας,
937 1987 1140 2058 τρόπον
1165 1986 1296 2041 ίδιον
1321 1986 1642 2056 ἐλέγχουσα.

449 2166 532 2220 Τά
581 2134 814 2238 μέγιστα
853 2165 964 2220 τῶν
1000 2165 1189 2220 κακῶν
1218 2167 1266 2218 οί
1293 2165 1526 2235 πένητες
1554 2164 1946 2234 ἐκπεφεύγασιο

376 2258 691 2330 ἐπιϐουλὴν,
710 2257 904 2328 φθόνον
928 2258 1022 2312 καὶ
1045 2259 1219 2329 μῖσος·
1239 2251 1320 2322 οἷς
1346 2258 1395 2310 οί
1413 2257 1659 2311 πλούσιοι
1681 2257 1804 2312 καθ’
1822 2257 1954 2328 ἡμέ-

379 2369 480 2424 ραν
510 2366 875 2405 συνοικουσιν.

445 2463 754 2535 Διογένης.
779 2493 851 2503 -
876 2462 1133 2535 Διογένης
1161 2465 1190 2517 ὁ
1215 2461 1452 2526 Κυνικὸς
1479 2462 1784 2532 φιλόσοφος,
1815 2462 1952 2530 ἐρω-

380 2556 565 2627 τηθεὶς
613 2555 719 2610 ὐπό
755 2571 923 2622 τινος,
966 2555 1056 2609 διά
1088 2555 1143 2608 τί
1187 2556 1250 2607 τὸ
1278 2555 1500 2624 χρυσίον
1531 2553 1740 2624 χλωρόν
1765 2554 1912 2605 ἐστιν
1934 2593 1949 2617 ,

383 2644 561 2701 εἶπεν·
601 2648 725 2700 ’Ότι
756 2645 987 2709 πολλοὺς
1014 2644 1336 2708 ἐπιϐούλους
1363 2645 1496 2715 ἔχει.

465 2738 524 2790 '0
573 2737 733 2802 αὐτὸς
785 2737 908 2791 ἰδὼν
954 2738 1080 2799 τούς
1113 2736 1496 2806 Ἀναξιμένους
1538 2737 1751 2800 οἰκέτας
1785 2735 1954 2789 πολλὰ

387 2829 554 2899 σκεύη
604 2829 1018 2900 περιφέροντας,
1069 2829 1251 2899 ἤρετο·
1297 2829 1339 2880 Τ
1347 2828 1462 2891 ίνοςι
1478 2828 1687 2895 ταῦτας
1733 2828 1856 2881 Τῶν
1897 2827 1954 2880 δὲ

2041 345 2190 390 sunt.

2115 426 2171 480 Si
2195 442 2305 480 non
2327 425 2623 479 multorum
2645 422 2924 477 desiderio
2949 421 3207 485 tenearis,
3230 420 3396 474 etiam
3414 435 3609 490 pauca,

2041 515 2212 569 multa
2238 514 2595 568 videbuntur.
2627 511 2780 576 Quod
2814 511 2960 564 enim
2986 510 3248 580 exiguum
3280 509 3411 578 quid
3441 525 3612 580 appe-

2044 607 2136 669 Lis,
2173 620 2358 674 parem
2391 603 2688 674 opulentiae
2711 610 3089 672 paupertatem
3131 601 3435 672 praestabit.

2113 695 2405 754 Naturales
2441 694 2668 756 divitiae,
2723 709 2860 762 pane
2921 702 2975 746 et
3012 708 3154 762 aqua
3189 692 3504 762 explentur,
3533 693 3616 744 vi-

2043 787 2192 855 lique
2213 792 2533 854 tegumento
2559 782 2887 852 ;superﬂu:e
2913 791 3118 846 autem,
3146 781 3312 836 etiam
3337 780 3614 835 inﬁnitum

2045 876 2230 932 animo
2260 874 2583 946 cupiditatis
2608 873 2914 928 cruciatum
2947 872 3170 926 habent.

2115 1051 2268 1106 Idem
2329 1050 2724 1122 interrogatus,
2781 1048 3248 1120 quemadmodum
3296 1051 3425 1120 quis
3461 1049 3616 1104 dives

2045 1141 2165 1197 ﬁeri
2198 1141 2413 1212 possit:
2450 1141 2528 1207 Si,
2556 1141 2756 1211 inquit,
2803 1141 3166 1210 cupiditatum
3189 1154 3400 1209 pauper
3445 1139 3617 1195 exsti-

2045 1235 2198 1288 terit.

2112 1325 2275 1395 570
2295 1325 2376 1379 Ad
2426 1333 2680 1379 naturam
2719 1323 2866 1394 quod
2906 1324 3124 1387 attinet,
3179 1337 3372 1378 omnes
3418 1320 3620 1375 divites

2046 1430 2273 1469 sumus:
2309 1414 2459 1484 quod
2499 1429 2632 1468 vero
2652 1414 2719 1467 ad
2750 1429 2872 1477 nos,
2899 1428 3094 1468 omnes
3117 1427 3410 1483 pauperes.

2119 1505 2224 1572 Qui
2248 1506 2597 1559 naturalibus
2626 1505 2832 1559 divitiis
2864 1513 3162 1558 contentus
3190 1513 3294 1567 est,
3333 1502 3506 1558 multo
3528 1502 3620 1556 illo

2047 1597 2216 1652 ditior
2243 1603 2349 1661 est,
2379 1597 2471 1665 qui
2499 1612 2624 1650 cum
2655 1597 2825 1649 multa
2856 1595 3156 1665 possideat,
3197 1594 3362 1663 plura
3408 1609 3619 1648 concu-

2049 1689 2232 1761 piscit.
2259 1690 2343 1743 Illi
2381 1689 2527 1743 enim
2554 1689 2692 1743 nihil
2716 1687 2900 1755 deest;
2935 1687 3067 1741 huic
3089 1701 3245 1750 vero,
3268 1687 3430 1757 plura
3457 1701 3621 1755 quam

2051 1782 2280 1836 incensu
2315 1781 2535 1835 habeat.

2122 1873 2302 1926 Nimia
2339 1872 2395 1924 in
2429 1871 2732 1925 liberorum
2780 1871 3010 1939 gratiam
3045 1868 3406 1939 pecuniarum
3465 1881 3622 1920 acer-

2051 1963 2222 2024 vatio,
2287 1970 2584 2031 przetextus
2652 1960 2898 2015 avaritiae
2937 1968 3018 2016 est
3048 2000 3064 2024 ,
3119 1974 3304 2014 mores
3367 1957 3622 2028 proprios

2051 2053 2364 2108 ostendens.

2113 2144 2378 2198 Malorum
2433 2144 2670 2199 maxima
2721 2159 2998 2215 pauperes
3048 2150 3389 2198 evaserunt:
3426 2153 3624 2208 nempe

2061 2234 2312 2299 insidias;
2343 2236 2632 2302 invidiam,
2659 2235 2884 2304 odium;
2914 2237 2973 2292 in
3002 2236 3211 2308 quibus
3248 2235 3453 2290 divites
3489 2247 3625 2302 quo-

2055 2328 2192 2383 tidie
2216 2336 2530 2383 versantur.

2123 2443 2481 2514 Diogenes.—-
2509 2441 2778 2511 Diogenes
2800 2440 3040 2512 Cynicus
3068 2441 3436 2513 philosophus
3456 2445 3626 2499 inter.

2053 2541 2296 2603 rogatus,
2325 2531 2457 2601 quid
2477 2546 2658 2585 causa:
2683 2531 2755 2584 sit
2785 2545 2885 2585 cur
2905 2545 3101 2584 aurum
3124 2533 3384 2601 palleseat
3413 2533 3624 2602 :Quod,

2055 2621 2257 2691 inquit,
2292 2621 2495 2675 multos
2533 2615 2858 2675 insidiantes
2878 2619 3101 2676 habeat.

2124 2713 2272 2768 idem
2297 2713 2494 2767 videns
2522 2713 2876 2767 Anaximenis
2895 2712 3154 2780 famulos,
3191 2729 3449 2770 vasorum
3483 2717 3628 2770 mul-

2056 2817 2168 2868 tam
2227 2808 2626 2876 supellectilem
2686 2807 3183 2872 circumferentes,
3236 2809 3625 2880 interrogavit:
3679 2812 3692 2816 “

387 2919 646 2972 εἰπόντων
661 2899 1116 2989 ,οἊναξιμένουω
1171 2920 1285 2972 Οὐκ
1314 2918 1563 2984 αἰδεῖται,
1595 2919 1751 2989 φησὶ,
1783 2919 1947 2973 ταῦτα

2080 2900 2230 2970 Iujus
2263 2900 2357 2954 illa
2380 2899 2605 2953 essent?
2632 2899 2856 2968 lllisque
2907 2900 3392 2970 respondentibus,
3424 2902 3628 2956 Anaxi-

381 3010 521 3082 ἔχων
549 3011 786 3075 ἅπαντα,
817 3012 978 3074 αὐτὸς
1009 3013 1199 3064 ἐαυτὸν
1236 3010 1312 3082 μὴ
1339 3011 1510 3080 ἕχων;

451 3188 790 3259 Σωκράτης.
813 3219 881 3230 --
916 3187 976 3240 '0
1009 3186 1107 3257 μὲν
1135 3181 1278 3249 οἶνος
1305 3185 1814 3255 συμμεταϐάλλεται
1847 3190 1956 3250 τοῖς

382 3279 648 3350 ἀγγείοιςο
681 3278 710 3330 ὁ
732 3278 788 3330 δὲ
814 3276 1060 3342 πλοῦτος,
1077 3277 1188 3337 τοῖς
1211 3274 1320 3328 τῶν
1342 3275 1690 3345 κεκτημένων
1710 3274 1954 3346 τρόποις.

455 3477 652 3548 Ἰδρὼς
683 3474 780 3544 μὲν
824 3476 888 3527 ἐκ
931 3472 1039 3526 τῶν
1068 3471 1385 3544 γυμνασίων
1422 3470 1953 3545 εὐσχημονέστερον·

391 3568 622 3631 πλοῦτος
649 3567 727 3631 δὲ,
757 3566 822 3619 ἐκ
849 3564 956 3618 τῶν
985 3564 1131 3617 ἰδίων
1161 3563 1362 3618 πόνων.

343 3728 347 3729 ν
457 3659 538 3712 Τά
587 3657 698 3711 τῶν
745 3655 1016 3708 πλουσίων
1070 3653 1166 3707 καὶ
1216 3651 1442 3705 ἀσώτων
1479 3652 1738 3721 χρήματα
1763 3693 1779 3716 ,
1834 3654 1958 3715 ταῖς

387 3751 482 3804 ἐπὶ
528 3748 635 3801 τῶν
682 3746 947 3816 κρημνῶν
994 3745 1216 3806 συκέαις
1254 3743 1496 3807 εἴκαζεν,
1531 3743 1624 3811 ἀφ’
1648 3736 1722 3796 ὧν
1750 3743 1960 3815 ἀνθρω-

387 3858 488 3895 πον
539 3840 638 3910 μὲν
695 3839 769 3909 μὴ
820 3837 1155 3908 λαμϐάνειν,
1211 3835 1456 3906 κόρακας
1485 3834 1541 3888 δέ
1582 3834 1674 3888 καὶ
1702 3835 1956 3900 ίκτίνους,

385 3931 576 4002 ὥσπερ
610 3929 762 4000 παρά
793 3928 1000 3983 τούτων
1034 3927 1260 3998 ἑταίρας
1293 3925 1388 3979 καὶ
1417 3926 1676 3990 κόλακας.

470 4022 530 4074 '0
559 4021 723 4082 αὐτὸς
752 4020 1082 4091 ἐρωτηθεὶς,
1117 4019 1263 4081 τινες
1292 4018 1342 4070 οἱ
1374 4017 1791 4088 φιλοχρήματοι,
1832 4018 1954 4089 ἔφη’

385 4112 452 4161 υἱ
482 4109 547 4163 τά
572 4108 773 4179 αίσχρά
805 4109 970 4179 κέρδη
995 4106 1325 4178 θηρώμενοι,
1356 4108 1451 4160 καὶ
1475 4109 1599 4170 τοὺς
1631 4109 1960 4178 ἀναγκαίους

385 4201 496 4252 τῶν
523 4200 691 4270 φίλων
721 4198 1121 4269 ὑπερορῶντες.

274 4349 299 4372 ο
471 4292 532 4344 '0
576 4291 684 4345 τῶν
731 4289 1082 4361 φιλαργύρων
1112 4287 1364 4353 πλοῦτος,
1399 4287 1589 4360 ὥσπερ
1627 4291 1656 4342 ὁ
1684 4290 1834 4360 ἥλιος
1860 4307 1962 4344 κα-

276 4379 287 4395 ”
389 4382 555 4446 ταδύς
584 4384 662 4445 εἰς
687 4383 788 4452 τὴν
817 4382 939 4452 γῆν,
976 4381 1168 4434 οὐδένα
1200 4381 1309 4435 τῶν
1338 4381 1556 4446 ζώντων
1585 4381 1887 4453 εὐφραίνει.

849 4534 1173 4604 Εὐριπίδου
1201 4534 1271 4588 ἐν
1294 4536 1514 4606 Δανάῃ.

509 4643 584 4700 Ὠ
613 4647 803 4716 χρυσέ
832 4646 1087 4716 δεξίωμα
1118 4646 1450 4700 κάλλιστον
1466 4645 1730 4713 βροτοῖς,

521 4717 618 4781 Ὠς
647 4716 789 4770 οὐδὲ
810 4715 1008 4785 μήτηρ
1034 4715 1258 4782 ἡδονὰς
1281 4717 1443 4780 τοίας
1468 4716 1612 4784 ἔχει,

534 4789 614 4838 Οὐ
644 4784 852 4852 παῖδες
880 4787 1304 4853 ἀνθρώποισιν,
1334 4787 1405 4838 οὺ
1430 4786 1608 4854 φίλος
1630 4784 1844 4854 πατήρ.

528 4857 594 4907 El
622 4854 670 4907 δ’
690 4855 727 4921 η
762 4857 988 4922 Κύπρις
1014 4855 1306 4908 τοσοῦτον
1332 4855 1654 4924 ὀφθαλμοῖς
1685 4853 1813 4922 ὁρᾷ,

526 4927 606 4977 Οὐ
630 4924 802 4994 θαῦμ’
826 4925 1046 4992 ἔρωτας
1063 4925 1316 4993 μυρίους
1337 4923 1533 4991 αὐτὴν
1557 4924 1812 4992 τρέφειν.

460 5079 754 5148 Μοσχίων.
803 5109 874 5119 -
913 5079 1124 5150 Ὥσπερ
1157 5077 1218 5130 οὐ
1250 5077 1328 5147 τῷ
1356 5078 1507 5147 ἵππῳ
1541 5078 1745 5148 κόσμος
1767 5116 1782 5140 ,
1835 5077 1956 5130 οὐδέ

385 5173 502 5232 τοῖς
545 5170 728 5240 δρνεσι
780 5170 946 5223 καλιά
987 5168 1250 5238 ὐψοῦσθαι
1301 5168 1396 5221 καὶ
1440 5171 1676 5240 γαυριᾷν
1711 5169 1954 5222 δίδωσινο

384 5255 524 5309 ἀλλὰ
554 5256 633 5327 τῷ
664 5255 761 5326 μὲν
791 5256 885 5309 τοῦ
915 5257 1071 5318 ποδὸς
1103 5258 1135 5328 ἡ
1162 5255 1408 5325 ὠκύτης,
1457 5260 1569 5320 τοῖς
1599 5258 1656 5310 δὲ
1688 5258 1796 5311 τῶν
1828 5276 1957 5311 πτε-

389 5345 534 5416 ρώνο
569 5346 740 5409 οὕτως
771 5347 880 5398 οὐδ’
904 5345 1176 5416 ἀνθρώπῳ
1209 5347 1599 5418 καλλωπισμὸς
1633 5349 1726 5405 καὶ
1759 5351 1955 5422 τρυφὴ,

389 5436 528 5489 ἀλλά
557 5439 860 5508 χρηστότης
895 5440 987 5492 καὶ
1018 5440 1254 5492 εὐποιία.

2058 2991 2234 3044 menis
2287 3006 2299 3042 ε
2365 2989 2560 3043 Annon
2618 2988 2790 3058 pudet
2833 3006 2981 3055 eum,
3026 2991 3260 3061 inquit,
3309 2999 3417 3046 tam
3451 2993 3628 3046 multa

2065 3080 2291 3139 habere.
2337 3094 2460 3132 cum
2499 3079 2740 3149 seipsum
2767 3081 2882 3149 ipse
2904 3096 3016 3135 non
3044 3081 3278 3136 habeat?

2122 3167 2688 3224 Socrates.-—Vinum
2715 3169 2938 3238 quidem
2965 3211 2978 3236 ,
3014 3185 3124 3225 una
3153 3185 3278 3224 cum
3333 3184 3462 3226 vase
3508 3186 3632 3227 mu-

2058 3266 2206 3313 tatur
2232 3275 2246 3324 ;
2276 3274 2410 3327 opes
2428 3274 2561 3313 vero
2586 3274 2654 3312 ex
2681 3274 2876 3313 eorum
2909 3260 3004 3330 qui
3035 3259 3239 3314 habent
3285 3260 3448 3330 genio
3475 3275 3630 3316 com-

2059 3358 2363 3420 ponuntur.

2124 3459 2484 3514 Ilonestiores
2521 3459 2664 3528 parti
2703 3460 2851 3514 bello
2880 3459 3148 3528 sudores;
3191 3474 3347 3530 opes,
3399 3477 3520 3532 qua
3547 3463 3629 3540 la-

2058 3549 2294 3604 boribus
2311 3556 2480 3618 partae
2518 3548 2652 3602 sint.

2127 3638 2371 3693 Divitum
2398 3646 2455 3691 et
2480 3637 2838 3709 prodigorum
2870 3638 3032 3704 bona,
3067 3640 3168 3695 ﬁco
3198 3641 3384 3696 arbori
3414 3643 3468 3696 in
3493 3659 3630 3712 pra:—

2060 3739 2224 3800 rupto
2249 3738 2306 3784 et
2336 3729 2566 3800 ancipiti
2617 3729 2742 3784 loco
2801 3729 2921 3784 sitae
2971 3731 3171 3785 similia
3210 3731 3451 3798 dicebat,
3483 3733 3628 3788 unde

1996 3833 2001 3838 '
2058 3821 2200 3876 nihil
2234 3820 2488 3874 homines
2517 3819 2808 3890 accipiant,
2839 3820 2933 3876 sed
2960 3822 3112 3877 corvi
3131 3831 3187 3878 et
3212 3823 3401 3889 milvi;
3435 3839 3630 3898 quem-

2060 3911 2358 3967 admodum
2386 3911 2454 3966 ab
2491 3910 2603 3966 illis
2637 3921 2815 3966 scorta
2839 3920 2896 3967 et
2929 3922 3326 3969 assentatores.

2136 4003 2286 4058 ldem
2319 4004 2718 4074 interrogatus,
2759 4004 2985 4073 quinam
3037 4015 3223 4059 essent
3269 4005 3420 4059 avari
3442 4014 3498 4060 et
3529 4021 3630 4077 po-.

2059 4095 2351 4148 cuniarum
2381 4093 2616 4149 studiosi
2657 4112 2670 4147 :
2710 4093 2814 4162 Qui
2849 4094 3051 4164 turpia,
3104 4095 3307 4167 inquit,
3351 4097 3503 4152 lucra
3531 4113 3628 4152 ve-

1991 4224 2034 4277 D
2060 4189 2284 4246 nantur,
2322 4190 2378 4236 et
2403 4183 2750 4238 necessarios
2766 4184 2974 4238 amicos
3002 4194 3387 4242 contemnunt.

2130 4272 2436 4329 Avarorum
2467 4273 2694 4337 divitiae,
2721 4276 3185 4343 quemadmodum
3214 4279 3293 4334 sol
3324 4287 3446 4350 post
3469 4294 3628 4336 occa~

2058 4379 2199 4428 sum,
2228 4363 2534 4418 viventium
2564 4364 2840 4420 neminem
2865 4377 3138 4422 recreant.

2531 4518 2803 4590 Euripidis
2845 4522 2903 4574 in
2940 4520 3150 4576 Danae.

2059 4647 2110 4720 ρ
2125 4664 2316 4701 aurum
2353 4647 2762 4718 pulcherrimum
2793 4650 3101 4704 mortalibus
3140 4651 3378 4720 festivum
3408 4654 3632 4706 munus!

2057 4717 2198 4771 Nam
2226 4717 2391 4770 neque
2421 4727 2594 4772 mater
2618 4720 2748 4774 tales
2775 4720 3060 4774 blanditias
3087 4717 3240 4774 habet
3261 4737 3280 4774 :

2060 4787 2178 4860 [Yon
2204 4789 2501 4860 _tam__chari
2532 4788 2697 4860 liberi,
2722 4807 2823 4844 non
2850 4793 3050 4860 amicus
3080 4801 3250 4860 pater.

2063 4855 2213 4919 Quod
2237 4858 2281 4909 si
2317 4857 2484 4910 Venus
2511 4857 2642 4912 tales
2665 4861 2817 4912 habet
2843 4855 3113 4912 oculorum
3140 4861 3334 4920 radios,

2060 4925 2177 4979 Non
2213 4927 2406 4980 mirum
2428 4936 2503 4979 est
2541 4929 2711 4997 ipsam
2738 4929 2970 4999 inﬁnitos
3005 4937 3269 4984 amatores
3295 4929 3455 4983 alere.

2132 5077 2465 5134 Mosa/tionis.
2493 5111 2563 5120 —
2600 5081 3070 5148 Quemadmodum
3100 5100 3365 5153 equorum
3396 5087 3635 5155 phalerae

2063 5166 2339 5235 nidusque
2367 5169 2593 5234 avium,
2642 5186 2754 5225 non
2798 5170 2879 5225 eis
2932 5172 3225 5226 sublimem
3273 5174 3516 5227 volatum
3571 5191 3635 5228 ac

2065 5259 2380 5327 superbiam
2433 5271 2724 5329 praestant;
2762 5262 2856 5316 sed
2903 5264 3064 5332 cquis
3108 5264 3328 5333 quidem
3373 5267 3636 5319 velocitas

2065 5352 2289 5420 pedum,
2319 5353 2513 5407 avibus
2542 5369 2676 5407 vero
2703 5354 2909 5407 alarum
2950 5356 3259 5423 pernicies:
3295 5357 3374 5412 sic
3403 5372 3505 5410 nec
3536 5357 3636 5410 ho-

2067 5444 2201 5498 mini
2231 5445 2546 5513 superlluus
2589 5456 2817 5499 ornatus
2844 5461 2906 5500 ac
2936 5447 3169 5514 deliciae,
3198 5427 3292 5505 sed
3327 5450 3546 5507 bonitas
3571 5464 3634 5503 ac

2072 5537 2432 5616 beneﬁcentia
2467 5538 2694 5611 gloriam
2725 5540 2964 5616 pariunt.
