  <div class='ocr_page' id='page_1' title='image "/cluster/home/n/w/nwhite01/storage/ocr_20150623/91/hvd.32044052742962/405.png"; bbox 0 0 3994 6172; ppageno 0'>
   <div class='ocr_carea' id='block_1_1' title="bbox 384 161 492 226">
    <p class='ocr_par' dir='ltr' id='par_1_1' title="bbox 384 161 492 226">
     <span class='ocr_line' id='line_1_1' title="bbox 384 161 492 226; baseline 0.009 -1"><span class='ocrx_word' id='word_1_1' title='bbox 384 161 492 226; x_wconf 78' lang='lat'><strong>799</strong></span> 
     </span>
    </p>
   </div>
   <div class='ocr_carea' id='block_1_2' title="bbox 456 268 2039 343">
    <p class='ocr_par' dir='ltr' id='par_1_2' title="bbox 456 268 2039 343">
     <span class='ocr_line' id='line_1_2' title="bbox 456 268 2039 343; baseline -0.004 -15"><span class='ocrx_word' id='word_1_2' title='bbox 456 268 612 343; x_wconf 80' lang='lat'><strong>571</strong></span> <span class='ocrx_word' id='word_1_3' title='bbox 649 270 809 342; x_wconf 43' lang='lat' dir='ltr'><strong>apud</strong></span> <span class='ocrx_word' id='word_1_4' title='bbox 840 272 1034 326; x_wconf 83' lang='lat' dir='ltr'><strong>Persas</strong></span> <span class='ocrx_word' id='word_1_5' title='bbox 1065 280 1229 326; x_wconf 90' lang='lat' dir='ltr'><strong>natus</strong></span> <span class='ocrx_word' id='word_1_6' title='bbox 1278 271 1325 325; x_wconf 97' lang='lat' dir='ltr'><strong>si</strong></span> <span class='ocrx_word' id='word_1_7' title='bbox 1361 286 1533 334; x_wconf 88' lang='lat' dir='ltr'><strong>esses,</strong></span> <span class='ocrx_word' id='word_1_8' title='bbox 1566 285 1677 324; x_wconf 89' lang='lat' dir='ltr'><strong>non</strong></span> <span class='ocrx_word' id='word_1_9' title='bbox 1703 270 1963 337; x_wconf 61' lang='lat' dir='ltr'><strong>studere}</strong></span> <span class='ocrx_word' id='word_1_10' title='bbox 1992 273 2039 329; x_wconf 77' lang='grc' dir='ltr'><strong>Α</strong></span> 
     </span>
    </p>
   </div>
   <div class='ocr_carea' id='block_1_3' title="bbox 386 362 1965 432">
    <p class='ocr_par' dir='ltr' id='par_1_3' title="bbox 386 362 1965 432">
     <span class='ocr_line' id='line_1_3' title="bbox 386 362 1965 432; baseline -0.005 -11"><span class='ocrx_word' id='word_1_11' title='bbox 386 366 446 421; x_wconf 88' lang='lat' dir='ltr'><strong>in</strong></span> <span class='ocrx_word' id='word_1_12' title='bbox 471 364 680 421; x_wconf 73' lang='lat' dir='ltr'><strong>Gnecia</strong></span> <span class='ocrx_word' id='word_1_13' title='bbox 712 364 872 420; x_wconf 82' lang='lat' dir='ltr'><strong>sedes</strong></span> <span class='ocrx_word' id='word_1_14' title='bbox 910 378 1182 432; x_wconf 60' lang='lat' dir='ltr'><strong>qua‘rere,</strong></span> <span class='ocrx_word' id='word_1_15' title='bbox 1214 362 1310 417; x_wconf 87' lang='lat' dir='ltr'><strong>sed</strong></span> <span class='ocrx_word' id='word_1_16' title='bbox 1329 363 1384 416; x_wconf 92' lang='lat' dir='ltr'><strong>in</strong></span> <span class='ocrx_word' id='word_1_17' title='bbox 1407 363 1573 417; x_wconf 90' lang='lat' dir='ltr'><strong>natali</strong></span> <span class='ocrx_word' id='word_1_18' title='bbox 1604 362 1722 417; x_wconf 93' lang='lat' dir='ltr'><strong>solo</strong></span> <span class='ocrx_word' id='word_1_19' title='bbox 1747 362 1965 416; x_wconf 88' lang='lat' dir='ltr'><strong>beatius</strong></span> 
     </span>
    </p>
   </div>
   <div class='ocr_carea' id='block_1_4' title="bbox 386 453 1963 526">
    <p class='ocr_par' dir='ltr' id='par_1_4' title="bbox 386 453 1963 526">
     <span class='ocr_line' id='line_1_4' title="bbox 386 453 1963 526; baseline -0.002 -16"><span class='ocrx_word' id='word_1_20' title='bbox 386 472 568 526; x_wconf 76' lang='lat' dir='ltr'><strong>agere.</strong></span> <span class='ocrx_word' id='word_1_21' title='bbox 599 455 711 510; x_wconf 91' lang='lat' dir='ltr'><strong>Cur</strong></span> <span class='ocrx_word' id='word_1_22' title='bbox 737 455 907 524; x_wconf 77' lang='lat' dir='ltr'><strong>igitur</strong></span> <span class='ocrx_word' id='word_1_23' title='bbox 940 454 995 506; x_wconf 91' lang='lat' dir='ltr'><strong>in</strong></span> <span class='ocrx_word' id='word_1_24' title='bbox 1022 462 1346 523; x_wconf 73' lang='lat' dir='ltr'><strong>paupertate</strong></span> <span class='ocrx_word' id='word_1_25' title='bbox 1386 462 1549 508; x_wconf 89' lang='lat' dir='ltr'><strong>natus</strong></span> <span class='ocrx_word' id='word_1_26' title='bbox 1579 453 1798 507; x_wconf 86' lang='lat' dir='ltr'><strong>laboras</strong></span> <span class='ocrx_word' id='word_1_27' title='bbox 1819 453 1963 507; x_wconf 88' lang='lat' dir='ltr'><strong>dite-</strong></span> 
     </span>
    </p>
   </div>
   <div class='ocr_carea' id='block_1_5' title="bbox 385 544 1861 615">
    <p class='ocr_par' dir='ltr' id='par_1_5' title="bbox 385 544 1861 615">
     <span class='ocr_line' id='line_1_5' title="bbox 385 544 1861 615; baseline -0.003 -14"><span class='ocrx_word' id='word_1_28' title='bbox 385 563 561 608; x_wconf 87' lang='lat' dir='ltr'><strong>scere,</strong></span> <span class='ocrx_word' id='word_1_29' title='bbox 587 562 699 600; x_wconf 90' lang='lat' dir='ltr'><strong>non</strong></span> <span class='ocrx_word' id='word_1_30' title='bbox 738 546 793 598; x_wconf 89' lang='lat' dir='ltr'><strong>in</strong></span> <span class='ocrx_word' id='word_1_31' title='bbox 825 561 889 599; x_wconf 86' lang='lat' dir='ltr'><strong>ea</strong></span> <span class='ocrx_word' id='word_1_32' title='bbox 918 560 1146 599; x_wconf 88' lang='lat' dir='ltr'><strong>manens</strong></span> <span class='ocrx_word' id='word_1_33' title='bbox 1177 544 1345 599; x_wconf 89' lang='lat' dir='ltr'><strong>vitam</strong></span> <span class='ocrx_word' id='word_1_34' title='bbox 1369 545 1587 599; x_wconf 83' lang='lat' dir='ltr'><strong>felicius</strong></span> <span class='ocrx_word' id='word_1_35' title='bbox 1622 544 1861 615; x_wconf 80' lang='lat' dir='ltr'><strong>degere?</strong></span> 
     </span>
    </p>
   </div>
   <div class='ocr_carea' id='block_1_6' title="bbox 456 637 1964 707">
    <p class='ocr_par' dir='ltr' id='par_1_6' title="bbox 456 637 1964 707">
     <span class='ocr_line' id='line_1_6' title="bbox 456 637 1964 707; baseline -0.001 -15"><span class='ocrx_word' id='word_1_36' title='bbox 456 638 552 692; x_wconf 72' lang='lat' dir='ltr'><strong>Vir</strong></span> <span class='ocrx_word' id='word_1_37' title='bbox 581 637 801 691; x_wconf 89' lang='lat' dir='ltr'><strong>sobrius</strong></span> <span class='ocrx_word' id='word_1_38' title='bbox 823 677 838 701; x_wconf 98' lang='lat'><strong>,</strong></span> <span class='ocrx_word' id='word_1_39' title='bbox 884 646 1265 707; x_wconf 82' lang='lat' dir='ltr'><strong>paupertatem</strong></span> <span class='ocrx_word' id='word_1_40' title='bbox 1312 637 1522 691; x_wconf 89' lang='lat' dir='ltr'><strong>ferendi</strong></span> <span class='ocrx_word' id='word_1_41' title='bbox 1570 637 1878 692; x_wconf 90' lang='lat' dir='ltr'><strong>constantia</strong></span> <span class='ocrx_word' id='word_1_42' title='bbox 1906 644 1964 691; x_wconf 89' lang='lat' dir='ltr'><strong>et</strong></span> 
     </span>
    </p>
   </div>
   <div class='ocr_carea' id='block_1_7' title="bbox 386 730 1819 802">
    <p class='ocr_par' dir='ltr' id='par_1_7' title="bbox 386 730 1819 802">
     <span class='ocr_line' id='line_1_7' title="bbox 386 730 1819 802; baseline 0 -17"><span class='ocrx_word' id='word_1_43' title='bbox 386 731 716 786; x_wconf 87' lang='lat' dir='ltr'><strong>strenuitate</strong></span> <span class='ocrx_word' id='word_1_44' title='bbox 750 732 962 795; x_wconf 89' lang='lat' dir='ltr'><strong>colens,</strong></span> <span class='ocrx_word' id='word_1_45' title='bbox 989 730 1199 787; x_wconf 85' lang='lat' dir='ltr'><strong>divitiis</strong></span> <span class='ocrx_word' id='word_1_46' title='bbox 1222 732 1549 787; x_wconf 88' lang='lat' dir='ltr'><strong>nobiliorem</strong></span> <span class='ocrx_word' id='word_1_47' title='bbox 1577 739 1819 802; x_wconf 74' lang='lat' dir='ltr'><strong>przestat.</strong></span> 
     </span>
    </p>
   </div>
   <div class='ocr_carea' id='block_1_8' title="bbox 457 820 1679 888">
    <p class='ocr_par' dir='ltr' id='par_1_8' title="bbox 457 820 1679 888">
     <span class='ocr_line' id='line_1_8' title="bbox 457 820 1679 888; baseline -0.001 -14"><span class='ocrx_word' id='word_1_48' title='bbox 457 820 654 888; x_wconf 78' lang='lat' dir='ltr'><strong>Ingens</strong></span> <span class='ocrx_word' id='word_1_49' title='bbox 679 821 802 887; x_wconf 91' lang='lat' dir='ltr'><strong>dos,</strong></span> <span class='ocrx_word' id='word_1_50' title='bbox 837 821 1048 875; x_wconf 87' lang='lat' dir='ltr'><strong>liberos</strong></span> <span class='ocrx_word' id='word_1_51' title='bbox 1078 822 1334 876; x_wconf 89' lang='lat' dir='ltr'><strong>meliores</strong></span> <span class='ocrx_word' id='word_1_52' title='bbox 1356 838 1466 875; x_wconf 91' lang='lat' dir='ltr'><strong>non</strong></span> <span class='ocrx_word' id='word_1_53' title='bbox 1494 821 1679 875; x_wconf 84' lang='lat' dir='ltr'><strong>ellicit.</strong></span> 
     </span>
    </p>
   </div>
   <div class='ocr_carea' id='block_1_9' title="bbox 453 898 2043 983">
    <p class='ocr_par' dir='ltr' id='par_1_9' title="bbox 453 898 2043 983">
     <span class='ocr_line' id='line_1_9' title="bbox 453 898 2043 983; baseline -0.001 -17"><span class='ocrx_word' id='word_1_54' title='bbox 453 909 728 966; x_wconf 70' lang='lat' dir='ltr'><strong>Clitarclti.</strong></span> <span class='ocrx_word' id='word_1_55' title='bbox 756 942 827 952; x_wconf 90' lang='lat'>—</span> <span class='ocrx_word' id='word_1_56' title='bbox 846 911 1222 977; x_wconf 90' lang='lat' dir='ltr'><strong>Continentia,</strong></span> <span class='ocrx_word' id='word_1_57' title='bbox 1251 913 1475 983; x_wconf 87' lang='lat' dir='ltr'><strong>pietatis</strong></span> <span class='ocrx_word' id='word_1_58' title='bbox 1500 913 1680 977; x_wconf 86' lang='lat' dir='ltr'><strong>basis;</strong></span> <span class='ocrx_word' id='word_1_59' title='bbox 1718 910 1959 965; x_wconf 84' lang='lat' dir='ltr'><strong>habendi</strong></span> <span class='ocrx_word' id='word_1_60' title='bbox 2038 898 2043 904; x_wconf 59' lang='grc'><em>’</em></span> 
     </span>
    </p>
   </div>
   <div class='ocr_carea' id='block_1_10' title="bbox 384 1001 1959 1074">
    <p class='ocr_par' dir='ltr' id='par_1_10' title="bbox 384 1001 1959 1074">
     <span class='ocr_line' id='line_1_10' title="bbox 384 1001 1959 1074; baseline 0 -18"><span class='ocrx_word' id='word_1_61' title='bbox 384 1001 693 1071; x_wconf 84' lang='lat' dir='ltr'><strong>cupiditas,</strong></span> <span class='ocrx_word' id='word_1_62' title='bbox 757 1002 976 1073; x_wconf 69' lang='lat' dir='ltr'><strong>injustas</strong></span> <span class='ocrx_word' id='word_1_63' title='bbox 1032 1003 1353 1073; x_wconf 86' lang='lat' dir='ltr'><strong>rapacitatis</strong></span> <span class='ocrx_word' id='word_1_64' title='bbox 1402 1004 1643 1058; x_wconf 88' lang='lat' dir='ltr'><strong>initium.</strong></span> <span class='ocrx_word' id='word_1_65' title='bbox 1685 1001 1959 1074; x_wconf 89' lang='lat' dir='ltr'><strong>lnjustitia</strong></span> 
     </span>
    </p>
   </div>
   <div class='ocr_carea' id='block_1_11' title="bbox 381 1093 1198 1148">
    <p class='ocr_par' dir='ltr' id='par_1_11' title="bbox 381 1093 1198 1148">
     <span class='ocr_line' id='line_1_11' title="bbox 381 1093 1198 1148; baseline -0.001 -1"><span class='ocrx_word' id='word_1_66' title='bbox 381 1093 531 1147; x_wconf 90' lang='lat' dir='ltr'><strong>enim</strong></span> <span class='ocrx_word' id='word_1_67' title='bbox 566 1108 634 1146; x_wconf 79' lang='lat' dir='ltr'><strong>ex</strong></span> <span class='ocrx_word' id='word_1_68' title='bbox 667 1093 902 1147; x_wconf 86' lang='lat' dir='ltr'><strong>avaritia</strong></span> <span class='ocrx_word' id='word_1_69' title='bbox 933 1095 1198 1148; x_wconf 90' lang='lat' dir='ltr'><strong>nascitur.</strong></span> 
     </span>
    </p>
   </div>
   <div class='ocr_carea' id='block_1_12' title="bbox 465 1183 1955 1256">
    <p class='ocr_par' dir='ltr' id='par_1_12' title="bbox 465 1183 1955 1256">
     <span class='ocr_line' id='line_1_12' title="bbox 465 1183 1955 1256; baseline 0.001 -19"><span class='ocrx_word' id='word_1_70' title='bbox 465 1183 706 1238; x_wconf 93' lang='lat' dir='ltr'><strong>Catonis.</strong></span> <span class='ocrx_word' id='word_1_71' title='bbox 735 1214 803 1224; x_wconf 86' lang='lat'><strong>--</strong></span> <span class='ocrx_word' id='word_1_72' title='bbox 835 1184 1023 1239; x_wconf 89' lang='lat' dir='ltr'><strong>Gloria</strong></span> <span class='ocrx_word' id='word_1_73' title='bbox 1052 1193 1109 1240; x_wconf 94' lang='lat' dir='ltr'><strong>et</strong></span> <span class='ocrx_word' id='word_1_74' title='bbox 1137 1185 1344 1241; x_wconf 63' lang='lat' dir='ltr'><strong>divitiae</strong></span> <span class='ocrx_word' id='word_1_75' title='bbox 1374 1187 1603 1241; x_wconf 87' lang='lat' dir='ltr'><strong>absente</strong></span> <span class='ocrx_word' id='word_1_76' title='bbox 1638 1184 1955 1256; x_wconf 84' lang='lat' dir='ltr'><strong>prudentia,</strong></span> 
     </span>
    </p>
   </div>
   <div class='ocr_carea' id='block_1_13' title="bbox 380 1275 1048 1345">
    <p class='ocr_par' dir='ltr' id='par_1_13' title="bbox 380 1275 1048 1345">
     <span class='ocr_line' id='line_1_13' title="bbox 380 1275 1048 1345; baseline -0.001 -16"><span class='ocrx_word' id='word_1_77' title='bbox 380 1289 574 1345; x_wconf 89' lang='lat' dir='ltr'><strong>parum</strong></span> <span class='ocrx_word' id='word_1_78' title='bbox 601 1283 715 1329; x_wconf 91' lang='lat' dir='ltr'><strong>tuta</strong></span> <span class='ocrx_word' id='word_1_79' title='bbox 748 1275 1048 1345; x_wconf 87' lang='lat' dir='ltr'><strong>possessio.</strong></span> 
     </span>
    </p>
   </div>
   <div class='ocr_carea' id='block_1_14' title="bbox 449 1365 1953 1436">
    <p class='ocr_par' dir='ltr' id='par_1_14' title="bbox 449 1365 1953 1436">
     <span class='ocr_line' id='line_1_14' title="bbox 449 1365 1953 1436; baseline -0.001 -17"><span class='ocrx_word' id='word_1_80' title='bbox 449 1365 741 1436; x_wconf 81' lang='lat' dir='ltr'><strong>Apollonii.</strong></span> <span class='ocrx_word' id='word_1_81' title='bbox 769 1366 976 1421; x_wconf 88' lang='lat' dir='ltr'><strong>——Non</strong></span> <span class='ocrx_word' id='word_1_82' title='bbox 1018 1376 1238 1431; x_wconf 89' lang='lat' dir='ltr'><strong>natura,</strong></span> <span class='ocrx_word' id='word_1_83' title='bbox 1274 1383 1366 1422; x_wconf 89' lang='lat' dir='ltr'><strong>res</strong></span> <span class='ocrx_word' id='word_1_84' title='bbox 1403 1367 1584 1436; x_wconf 86' lang='lat' dir='ltr'><strong>turpis</strong></span> <span class='ocrx_word' id='word_1_85' title='bbox 1628 1373 1953 1436; x_wconf 87' lang='lat' dir='ltr'><strong>paupertas;</strong></span> 
     </span>
    </p>
   </div>
   <div class='ocr_carea' id='block_1_15' title="bbox 380 1453 1952 1525">
    <p class='ocr_par' dir='ltr' id='par_1_15' title="bbox 380 1453 1952 1525">
     <span class='ocr_line' id='line_1_15' title="bbox 380 1453 1952 1525; baseline -0.003 -15"><span class='ocrx_word' id='word_1_86' title='bbox 380 1454 475 1510; x_wconf 85' lang='lat' dir='ltr'><strong>sed</strong></span> <span class='ocrx_word' id='word_1_87' title='bbox 505 1455 654 1524; x_wconf 92' lang='lat' dir='ltr'><strong>turpi</strong></span> <span class='ocrx_word' id='word_1_88' title='bbox 677 1471 744 1509; x_wconf 78' lang='lat' dir='ltr'><strong>ex</strong></span> <span class='ocrx_word' id='word_1_89' title='bbox 767 1470 929 1509; x_wconf 90' lang='lat' dir='ltr'><strong>causa</strong></span> <span class='ocrx_word' id='word_1_90' title='bbox 964 1470 1260 1525; x_wconf 90' lang='lat' dir='ltr'><strong>pauperem</strong></span> <span class='ocrx_word' id='word_1_91' title='bbox 1282 1470 1427 1519; x_wconf 87' lang='lat' dir='ltr'><strong>esse,</strong></span> <span class='ocrx_word' id='word_1_92' title='bbox 1458 1454 1513 1507; x_wconf 89' lang='lat' dir='ltr'><strong>id</strong></span> <span class='ocrx_word' id='word_1_93' title='bbox 1554 1453 1815 1524; x_wconf 88' lang='lat' dir='ltr'><strong>probrum</strong></span> <span class='ocrx_word' id='word_1_94' title='bbox 1850 1459 1952 1506; x_wconf 90' lang='lat' dir='ltr'><strong>est.</strong></span> 
     </span>
    </p>
   </div>
   <div class='ocr_carea' id='block_1_16' title="bbox 451 1542 1955 1616">
    <p class='ocr_par' dir='ltr' id='par_1_16' title="bbox 451 1542 1955 1616">
     <span class='ocr_line' id='line_1_16' title="bbox 451 1542 1955 1616; baseline -0.003 -17"><span class='ocrx_word' id='word_1_95' title='bbox 451 1545 684 1599; x_wconf 87' lang='lat' dir='ltr'><strong>Eusebii.</strong></span> <span class='ocrx_word' id='word_1_96' title='bbox 713 1575 783 1584; x_wconf 90' lang='lat'><strong>-—</strong></span> <span class='ocrx_word' id='word_1_97' title='bbox 811 1545 978 1600; x_wconf 90' lang='lat' dir='ltr'><strong>Stulti</strong></span> <span class='ocrx_word' id='word_1_98' title='bbox 1008 1547 1288 1611; x_wconf 84' lang='lat' dir='ltr'><strong>mortales,</strong></span> <span class='ocrx_word' id='word_1_99' title='bbox 1315 1546 1409 1616; x_wconf 90' lang='lat' dir='ltr'><strong>qui</strong></span> <span class='ocrx_word' id='word_1_100' title='bbox 1444 1545 1605 1614; x_wconf 79' lang='lat' dir='ltr'><strong>longe</strong></span> <span class='ocrx_word' id='word_1_101' title='bbox 1648 1542 1955 1611; x_wconf 85' lang='lat' dir='ltr'><strong>locupletes</strong></span> 
     </span>
    </p>
   </div>
   <div class='ocr_carea' id='block_1_17' title="bbox 1551 155 2491 220">
    <p class='ocr_par' dir='ltr' id='par_1_17' title="bbox 1551 155 2491 220">
     <span class='ocr_line' id='line_1_17' title="bbox 1551 155 2491 220; baseline -0.001 0"><span class='ocrx_word' id='word_1_102' title='bbox 1551 158 1616 220; x_wconf 92' lang='lat' dir='ltr'><strong>S.</strong></span> <span class='ocrx_word' id='word_1_103' title='bbox 1654 155 1944 217; x_wconf 82' lang='lat' dir='ltr'><strong>MAXIMI</strong></span> <span class='ocrx_word' id='word_1_104' title='bbox 1982 155 2491 219; x_wconf 82' lang='lat' dir='ltr'><strong>CONFESSORIS</strong></span> 
     </span>
    </p>
   </div>
   <div class='ocr_carea' id='block_1_18' title="bbox 3547 155 3653 222">
    <p class='ocr_par' dir='ltr' id='par_1_18' title="bbox 3547 155 3653 222">
     <span class='ocr_line' id='line_1_18' title="bbox 3547 155 3653 222; baseline -0.047 0"><span class='ocrx_word' id='word_1_105' title='bbox 3547 155 3653 222; x_wconf 71' lang='lat'><strong>830</strong></span> 
     </span>
    </p>
   </div>
   <div class='ocr_carea' id='block_1_19' title="bbox 2148 269 3655 341">
    <p class='ocr_par' dir='ltr' id='par_1_19' title="bbox 2148 269 3655 341">
     <span class='ocr_line' id='line_1_19' title="bbox 2148 269 3655 341; baseline 0.003 -19"><span class='ocrx_word' id='word_1_106' title='bbox 2148 270 2239 323; x_wconf 84' lang='grc' dir='ltr'>Ἐν</span> <span class='ocrx_word' id='word_1_107' title='bbox 2287 271 2528 341; x_wconf 79' lang='grc' dir='ltr'><strong>Πέρσαις</strong></span> <span class='ocrx_word' id='word_1_108' title='bbox 2576 272 2676 339; x_wconf 79' lang='grc' dir='ltr'>μὲν</span> <span class='ocrx_word' id='word_1_109' title='bbox 2724 271 3005 341; x_wconf 79' lang='grc' dir='ltr'>γεννηθεὶς</span> <span class='ocrx_word' id='word_1_110' title='bbox 3025 309 3041 334; x_wconf 85' lang='grc'><strong>,</strong></span> <span class='ocrx_word' id='word_1_111' title='bbox 3074 270 3179 323; x_wconf 82' lang='grc' dir='ltr'>οὐκ</span> <span class='ocrx_word' id='word_1_112' title='bbox 3202 269 3464 335; x_wconf 76' lang='grc' dir='ltr'>ἐσπευδες</span> <span class='ocrx_word' id='word_1_113' title='bbox 3485 272 3655 327; x_wconf 71' lang='grc' dir='ltr'>οίκεῐν</span> 
     </span>
    </p>
   </div>
   <div class='ocr_carea' id='block_1_20' title="bbox 2070 363 3652 438">
    <p class='ocr_par' dir='ltr' id='par_1_20' title="bbox 2070 363 3652 438">
     <span class='ocr_line' id='line_1_20' title="bbox 2070 363 3652 438; baseline 0.003 -23"><span class='ocrx_word' id='word_1_114' title='bbox 2070 364 2169 434; x_wconf 83' lang='grc' dir='ltr'>τὴν</span> <span class='ocrx_word' id='word_1_115' title='bbox 2202 363 2448 430; x_wconf 82' lang='grc' dir='ltr'>Ἐλλάδα,</span> <span class='ocrx_word' id='word_1_116' title='bbox 2483 364 2600 418; x_wconf 85' lang='grc' dir='ltr'>ἀλλ’</span> <span class='ocrx_word' id='word_1_117' title='bbox 2622 364 2813 418; x_wconf 79' lang='grc' dir='ltr'><strong>αὐτόθι</strong></span> <span class='ocrx_word' id='word_1_118' title='bbox 2838 365 3043 433; x_wconf 71' lang='grc' dir='ltr'>διάγων</span> <span class='ocrx_word' id='word_1_119' title='bbox 3068 364 3337 435; x_wconf 80' lang='grc' dir='ltr'>εὐτυχεῖν.</span> <span class='ocrx_word' id='word_1_120' title='bbox 3376 365 3464 418; x_wconf 81' lang='grc' dir='ltr'>Ἔν</span> <span class='ocrx_word' id='word_1_121' title='bbox 3490 367 3652 438; x_wconf 78' lang='grc' dir='ltr'>πενίᾳ</span> 
     </span>
    </p>
   </div>
   <div class='ocr_carea' id='block_1_21' title="bbox 2068 454 3651 526">
    <p class='ocr_par' dir='ltr' id='par_1_21' title="bbox 2068 454 3651 526">
     <span class='ocr_line' id='line_1_21' title="bbox 2068 454 3651 526; baseline 0.003 -19"><span class='ocrx_word' id='word_1_122' title='bbox 2068 454 2125 507; x_wconf 81' lang='grc' dir='ltr'>δὲ</span> <span class='ocrx_word' id='word_1_123' title='bbox 2156 456 2436 526; x_wconf 75' lang='grc' dir='ltr'>γεννηθεὶς</span> <span class='ocrx_word' id='word_1_124' title='bbox 2459 496 2476 521; x_wconf 93' lang='grc'><strong>,</strong></span> <span class='ocrx_word' id='word_1_125' title='bbox 2512 456 2566 509; x_wconf 90' lang='grc' dir='ltr'><strong>τί</strong></span> <span class='ocrx_word' id='word_1_126' title='bbox 2600 456 2852 520; x_wconf 77' lang='grc' dir='ltr'><strong>σπεύδεις</strong></span> <span class='ocrx_word' id='word_1_127' title='bbox 2876 457 3131 509; x_wconf 78' lang='grc' dir='ltr'><strong>πλουτεῖν</strong></span> <span class='ocrx_word' id='word_1_128' title='bbox 3149 496 3165 522; x_wconf 88' lang='grc'><strong>,</strong></span> <span class='ocrx_word' id='word_1_129' title='bbox 3200 456 3318 508; x_wconf 83' lang='grc' dir='ltr'>ἀλλ’</span> <span class='ocrx_word' id='word_1_130' title='bbox 3337 458 3439 510; x_wconf 80' lang='grc' dir='ltr'>οὐκ</span> <span class='ocrx_word' id='word_1_131' title='bbox 3465 458 3651 511; x_wconf 73' lang='grc' dir='ltr'>αὐτόθι</span> 
     </span>
    </p>
   </div>
   <div class='ocr_carea' id='block_1_22' title="bbox 2072 546 2564 618">
    <p class='ocr_par' dir='ltr' id='par_1_22' title="bbox 2072 546 2564 618">
     <span class='ocr_line' id='line_1_22' title="bbox 2072 546 2564 618; baseline 0 -18"><span class='ocrx_word' id='word_1_132' title='bbox 2072 546 2250 618; x_wconf 83' lang='grc' dir='ltr'>μένων</span> <span class='ocrx_word' id='word_1_133' title='bbox 2282 549 2530 618; x_wconf 75' lang='grc' dir='ltr'><strong>εὐτυχεῖν</strong></span> <span class='ocrx_word' id='word_1_134' title='bbox 2550 564 2564 613; x_wconf 88' lang='lat'><strong>;</strong></span> 
     </span>
    </p>
   </div>
   <div class='ocr_carea' id='block_1_23' title="bbox 2139 636 3651 711">
    <p class='ocr_par' dir='ltr' id='par_1_23' title="bbox 2139 636 3651 711">
     <span class='ocr_line' id='line_1_23' title="bbox 2139 636 3651 711; baseline 0.003 -21"><span class='ocrx_word' id='word_1_135' title='bbox 2139 638 2251 709; x_wconf 79' lang='grc' dir='ltr'><strong>Τὴν</strong></span> <span class='ocrx_word' id='word_1_136' title='bbox 2298 639 2490 691; x_wconf 80' lang='grc' dir='ltr'>πενίαν</span> <span class='ocrx_word' id='word_1_137' title='bbox 2539 641 2568 692; x_wconf 84' lang='grc'>6</span> <span class='ocrx_word' id='word_1_138' title='bbox 2613 636 2848 709; x_wconf 75' lang='grc' dir='ltr'>σώφρων</span> <span class='ocrx_word' id='word_1_139' title='bbox 2878 636 3146 708; x_wconf 77' lang='grc' dir='ltr'><strong>καρτερίᾳ</strong></span> <span class='ocrx_word' id='word_1_140' title='bbox 3186 637 3282 690; x_wconf 73' lang='grc' dir='ltr'>καὶ</span> <span class='ocrx_word' id='word_1_141' title='bbox 3308 641 3651 711; x_wconf 70' lang='grc' dir='ltr'><strong>γενναιότητι</strong></span> 
     </span>
    </p>
   </div>
   <div class='ocr_carea' id='block_1_24' title="bbox 2066 729 3246 800">
    <p class='ocr_par' dir='ltr' id='par_1_24' title="bbox 2066 729 3246 800">
     <span class='ocr_line' id='line_1_24' title="bbox 2066 729 3246 800; baseline -0.001 -17"><span class='ocrx_word' id='word_1_142' title='bbox 2066 729 2266 800; x_wconf 82' lang='grc' dir='ltr'>τιμῶν,</span> <span class='ocrx_word' id='word_1_143' title='bbox 2302 730 2536 783; x_wconf 76' lang='grc' dir='ltr'>πλούτου</span> <span class='ocrx_word' id='word_1_144' title='bbox 2562 729 2899 800; x_wconf 78' lang='grc' dir='ltr'><strong>τιμιωτέραν</strong></span> <span class='ocrx_word' id='word_1_145' title='bbox 2928 729 3246 797; x_wconf 79' lang='grc' dir='ltr'>ἀποφαίνει.</span> 
     </span>
    </p>
   </div>
   <div class='ocr_carea' id='block_1_25' title="bbox 2138 819 3272 891">
    <p class='ocr_par' dir='ltr' id='par_1_25' title="bbox 2138 819 3272 891">
     <span class='ocr_line' id='line_1_25' title="bbox 2138 819 3272 891; baseline 0.002 -18"><span class='ocrx_word' id='word_1_146' title='bbox 2138 820 2306 891; x_wconf 72' lang='grc' dir='ltr'>Προὶξ</span> <span class='ocrx_word' id='word_1_147' title='bbox 2336 821 2507 889; x_wconf 78' lang='grc' dir='ltr'>πολλὴ</span> <span class='ocrx_word' id='word_1_148' title='bbox 2539 822 2707 875; x_wconf 79' lang='grc' dir='ltr'>τέκνα</span> <span class='ocrx_word' id='word_1_149' title='bbox 2734 819 2982 889; x_wconf 84' lang='grc' dir='ltr'>βελτίονα</span> <span class='ocrx_word' id='word_1_150' title='bbox 3012 820 3074 872; x_wconf 84' lang='grc' dir='ltr'>οὐ</span> <span class='ocrx_word' id='word_1_151' title='bbox 3106 823 3272 875; x_wconf 75' lang='grc' dir='ltr'>ποιεί.</span> 
     </span>
    </p>
   </div>
   <div class='ocr_carea' id='block_1_26' title="bbox 2136 911 3637 983">
    <p class='ocr_par' dir='ltr' id='par_1_26' title="bbox 2136 911 3637 983">
     <span class='ocr_line' id='line_1_26' title="bbox 2136 911 3637 983; baseline -0.001 -15"><span class='ocrx_word' id='word_1_152' title='bbox 2136 912 2448 982; x_wconf 73' lang='grc' dir='ltr'>Κλειτάρχ.</span> <span class='ocrx_word' id='word_1_153' title='bbox 2507 941 2576 955; x_wconf 91' lang='grc'><strong><em>--</em></strong></span> <span class='ocrx_word' id='word_1_154' title='bbox 2641 912 2969 982; x_wconf 82' lang='grc' dir='ltr'>Ἐγκράτεια</span> <span class='ocrx_word' id='word_1_155' title='bbox 3029 911 3254 983; x_wconf 71' lang='grc' dir='ltr'>ικρηπὶς</span> <span class='ocrx_word' id='word_1_156' title='bbox 3319 913 3593 977; x_wconf 74' lang='grc' dir='ltr'>εὐσεϐείας</span> <span class='ocrx_word' id='word_1_157' title='bbox 3619 931 3637 947; x_wconf 73' lang='grc' dir='ltr'><strong>ο</strong></span> 
     </span>
    </p>
   </div>
   <div class='ocr_carea' id='block_1_27' title="bbox 2064 1002 3636 1077">
    <p class='ocr_par' dir='ltr' id='par_1_27' title="bbox 2064 1002 3636 1077">
     <span class='ocr_line' id='line_1_27' title="bbox 2064 1002 3636 1077; baseline 0.001 -20"><span class='ocrx_word' id='word_1_158' title='bbox 2064 1002 2247 1073; x_wconf 74' lang='grc' dir='ltr'>ὄρεξις</span> <span class='ocrx_word' id='word_1_159' title='bbox 2299 1006 2545 1074; x_wconf 67' lang='grc' dir='ltr'>κτήσεως</span> <span class='ocrx_word' id='word_1_160' title='bbox 2568 1054 2581 1068; x_wconf 76' lang='grc'><strong>,</strong></span> <span class='ocrx_word' id='word_1_161' title='bbox 2639 1003 2784 1074; x_wconf 76' lang='grc' dir='ltr'>ἀρχὴ</span> <span class='ocrx_word' id='word_1_162' title='bbox 2819 1003 3154 1070; x_wconf 80' lang='grc' dir='ltr'>πλεονεξίας.</span> <span class='ocrx_word' id='word_1_163' title='bbox 3190 1004 3285 1057; x_wconf 84' lang='grc' dir='ltr'>Ἐκ</span> <span class='ocrx_word' id='word_1_164' title='bbox 3309 1006 3418 1075; x_wconf 82' lang='grc' dir='ltr'>γὰρ</span> <span class='ocrx_word' id='word_1_165' title='bbox 3442 1006 3636 1077; x_wconf 76' lang='grc' dir='ltr'>φιλαρο</span> 
     </span>
    </p>
   </div>
   <div class='ocr_carea' id='block_1_28' title="bbox 2065 1094 2725 1165">
    <p class='ocr_par' dir='ltr' id='par_1_28' title="bbox 2065 1094 2725 1165">
     <span class='ocr_line' id='line_1_28' title="bbox 2065 1094 2725 1165; baseline 0 -18"><span class='ocrx_word' id='word_1_166' title='bbox 2065 1094 2266 1165; x_wconf 91' lang='grc' dir='ltr'>γυρίας</span> <span class='ocrx_word' id='word_1_167' title='bbox 2293 1095 2481 1147; x_wconf 82' lang='grc' dir='ltr'>ἀδικία</span> <span class='ocrx_word' id='word_1_168' title='bbox 2508 1094 2725 1164; x_wconf 79' lang='grc' dir='ltr'>φύεται.</span> 
     </span>
    </p>
   </div>
   <div class='ocr_carea' id='block_1_29' title="bbox 2136 1182 3635 1257">
    <p class='ocr_par' dir='ltr' id='par_1_29' title="bbox 2136 1182 3635 1257">
     <span class='ocr_line' id='line_1_29' title="bbox 2136 1182 3635 1257; baseline 0.001 -20"><span class='ocrx_word' id='word_1_169' title='bbox 2136 1182 2434 1250; x_wconf 77' lang='grc' dir='ltr'><strong>Κάτωνος.</strong></span> <span class='ocrx_word' id='word_1_170' title='bbox 2477 1213 2539 1224; x_wconf 89' lang='grc'><strong>-</strong></span> <span class='ocrx_word' id='word_1_171' title='bbox 2594 1184 2734 1251; x_wconf 79' lang='grc' dir='ltr'>Δόξα</span> <span class='ocrx_word' id='word_1_172' title='bbox 2768 1185 2866 1238; x_wconf 75' lang='grc' dir='ltr'>καὶ</span> <span class='ocrx_word' id='word_1_173' title='bbox 2888 1184 3123 1249; x_wconf 81' lang='grc' dir='ltr'>πλοῦτος</span> <span class='ocrx_word' id='word_1_174' title='bbox 3147 1185 3278 1239; x_wconf 80' lang='grc' dir='ltr'>ἀνευ</span> <span class='ocrx_word' id='word_1_175' title='bbox 3305 1186 3635 1257; x_wconf 79' lang='grc' dir='ltr'>φρονήσεως,</span> 
     </span>
    </p>
   </div>
   <div class='ocr_carea' id='block_1_30' title="bbox 2063 1273 2716 1346">
    <p class='ocr_par' dir='ltr' id='par_1_30' title="bbox 2063 1273 2716 1346">
     <span class='ocr_line' id='line_1_30' title="bbox 2063 1273 2716 1346; baseline 0.003 -20"><span class='ocrx_word' id='word_1_176' title='bbox 2063 1273 2163 1327; x_wconf 75' lang='grc' dir='ltr'>οὐκ</span> <span class='ocrx_word' id='word_1_177' title='bbox 2187 1273 2405 1346; x_wconf 78' lang='grc' dir='ltr'>ἀσφαλῆ</span> <span class='ocrx_word' id='word_1_178' title='bbox 2436 1275 2539 1344; x_wconf 84' lang='grc' dir='ltr'>κτή</span> <span class='ocrx_word' id='word_1_179' title='bbox 2550 1292 2716 1345; x_wconf 90' lang='grc' dir='ltr'>ματα.</span> 
     </span>
    </p>
   </div>
   <div class='ocr_carea' id='block_1_31' title="bbox 2148 1365 3641 1435">
    <p class='ocr_par' dir='ltr' id='par_1_31' title="bbox 2148 1365 3641 1435">
     <span class='ocr_line' id='line_1_31' title="bbox 2148 1365 3641 1435; baseline 0.001 -16"><span class='ocrx_word' id='word_1_180' title='bbox 2148 1365 2578 1419; x_wconf 75' lang='grc' dir='ltr'>Ἀπολλωνίου.</span> <span class='ocrx_word' id='word_1_181' title='bbox 2627 1395 2699 1406; x_wconf 93' lang='lat'>—</span> <span class='ocrx_word' id='word_1_182' title='bbox 2746 1367 2821 1420; x_wconf 78' lang='grc' dir='ltr'><strong>Οὐ</strong></span> <span class='ocrx_word' id='word_1_183' title='bbox 2873 1367 2934 1419; x_wconf 80' lang='grc' dir='ltr'>τὸ</span> <span class='ocrx_word' id='word_1_184' title='bbox 2980 1366 3243 1421; x_wconf 83' lang='grc' dir='ltr'>πένεσθαι</span> <span class='ocrx_word' id='word_1_185' title='bbox 3294 1366 3438 1420; x_wconf 89' lang='grc' dir='ltr'><strong>κατά</strong></span> <span class='ocrx_word' id='word_1_186' title='bbox 3483 1367 3641 1435; x_wconf 81' lang='grc' dir='ltr'>φύσιν</span> 
     </span>
    </p>
   </div>
   <div class='ocr_carea' id='block_1_32' title="bbox 2062 1456 3636 1530">
    <p class='ocr_par' dir='ltr' id='par_1_32' title="bbox 2062 1456 3636 1530">
     <span class='ocr_line' id='line_1_32' title="bbox 2062 1456 3636 1530; baseline 0.003 -20"><span class='ocrx_word' id='word_1_187' title='bbox 2062 1456 2308 1527; x_wconf 82' lang='grc' dir='ltr'>αίσχρδν,</span> <span class='ocrx_word' id='word_1_188' title='bbox 2337 1457 2473 1512; x_wconf 73' lang='grc' dir='ltr'>ἀλλὰ</span> <span class='ocrx_word' id='word_1_189' title='bbox 2497 1458 2560 1510; x_wconf 82' lang='grc' dir='ltr'>τὸ</span> <span class='ocrx_word' id='word_1_190' title='bbox 2583 1457 2651 1510; x_wconf 78' lang='grc' dir='ltr'>δι’</span> <span class='ocrx_word' id='word_1_191' title='bbox 2669 1460 2901 1530; x_wconf 78' lang='grc' dir='ltr'>αἰσχρὰν</span> <span class='ocrx_word' id='word_1_192' title='bbox 2921 1460 3102 1513; x_wconf 74' lang='grc' dir='ltr'>αἰτίαν</span> <span class='ocrx_word' id='word_1_193' title='bbox 3126 1459 3636 1521; x_wconf 79' lang='grc' dir='ltr'>πένεσθαι,δνειδο;.</span> 
     </span>
    </p>
   </div>
   <div class='ocr_carea' id='block_1_33' title="bbox 2132 1548 3642 1621">
    <p class='ocr_par' dir='ltr' id='par_1_33' title="bbox 2132 1548 3642 1621">
     <span class='ocr_line' id='line_1_33' title="bbox 2132 1548 3642 1621; baseline 0.001 -19"><span class='ocrx_word' id='word_1_194' title='bbox 2132 1548 2450 1602; x_wconf 77' lang='grc' dir='ltr'>Εὐσεϐίου.</span> <span class='ocrx_word' id='word_1_195' title='bbox 2475 1577 2546 1588; x_wconf 92' lang='lat'><strong>—-</strong></span> <span class='ocrx_word' id='word_1_196' title='bbox 2570 1550 2633 1601; x_wconf 84' lang='lat' dir='ltr'><strong>Ol</strong></span> <span class='ocrx_word' id='word_1_197' title='bbox 2663 1549 2883 1619; x_wconf 81' lang='grc' dir='ltr'>μάταιοι</span> <span class='ocrx_word' id='word_1_198' title='bbox 2912 1549 3024 1603; x_wconf 84' lang='grc' dir='ltr'><strong>τῶν</strong></span> <span class='ocrx_word' id='word_1_199' title='bbox 3044 1548 3370 1621; x_wconf 85' lang='grc' dir='ltr'>ἀνθρώπων,</span> <span class='ocrx_word' id='word_1_200' title='bbox 3393 1550 3521 1611; x_wconf 74' lang='grc' dir='ltr'>τοὺς</span> <span class='ocrx_word' id='word_1_201' title='bbox 3543 1549 3642 1618; x_wconf 82' lang='grc' dir='ltr'>μὲν</span> 
     </span>
    </p>
   </div>
   <div class='ocr_carea' id='block_1_34' title="bbox 379 1620 1967 1711">
    <p class='ocr_par' dir='ltr' id='par_1_34' title="bbox 379 1627 1955 1704">
     <span class='ocr_line' id='line_1_34' title="bbox 379 1627 1955 1704; baseline -0.004 -16"><span class='ocrx_word' id='word_1_202' title='bbox 379 1634 509 1700; x_wconf 91' lang='lat' dir='ltr'><strong>sint,</strong></span> <span class='ocrx_word' id='word_1_203' title='bbox 540 1634 757 1687; x_wconf 80' lang='lat' dir='ltr'><strong>tametsi</strong></span> <span class='ocrx_word' id='word_1_204' title='bbox 785 1634 957 1688; x_wconf 88' lang='lat' dir='ltr'><strong>malos</strong></span> <span class='ocrx_word' id='word_1_205' title='bbox 980 1674 995 1698; x_wconf 96' lang='lat'><strong>,</strong></span> <span class='ocrx_word' id='word_1_206' title='bbox 1031 1632 1324 1704; x_wconf 78' lang='lat' dir='ltr'><strong>magniﬁce</strong></span> <span class='ocrx_word' id='word_1_207' title='bbox 1371 1632 1562 1687; x_wconf 86' lang='lat' dir='ltr'><strong>colunt</strong></span> <span class='ocrx_word' id='word_1_208' title='bbox 1602 1646 1666 1684; x_wconf 90' lang='lat' dir='ltr'><strong>ac</strong></span> <span class='ocrx_word' id='word_1_209' title='bbox 1694 1627 1955 1693; x_wconf 90' lang='lat' dir='ltr'><strong>laudant;</strong></span> 
     </span>
    </p>
   </div>
   <div class='ocr_carea' id='block_1_35' title="bbox 2113 1620 3639 1711">
    <p class='ocr_par' dir='ltr' id='par_1_35' title="bbox 2113 1620 3639 1711">
     <span class='ocr_line' id='line_1_35' title="bbox 2113 1620 3639 1711; baseline 0.001 -20"><span class='ocrx_word' id='word_1_210' title='bbox 2113 1640 2285 1709; x_wconf 86' lang='grc' dir='ltr'>εγάλα</span> <span class='ocrx_word' id='word_1_211' title='bbox 2309 1642 2413 1710; x_wconf 86' lang='grc' dir='ltr'><strong>χρή</strong></span> <span class='ocrx_word' id='word_1_212' title='bbox 2423 1656 2570 1710; x_wconf 88' lang='grc' dir='ltr'>ματα</span> <span class='ocrx_word' id='word_1_213' title='bbox 2599 1639 2824 1709; x_wconf 78' lang='grc' dir='ltr'>ἔχοντας</span> <span class='ocrx_word' id='word_1_214' title='bbox 2853 1642 2949 1694; x_wconf 64' lang='grc' dir='ltr'><strong>καλ⁵</strong></span> <span class='ocrx_word' id='word_1_215' title='bbox 2974 1620 3211 1709; x_wconf 82' lang='grc' dir='ltr'>φαύλους</span> <span class='ocrx_word' id='word_1_216' title='bbox 3235 1641 3396 1704; x_wconf 72' lang='grc' dir='ltr'>ὂντας</span> <span class='ocrx_word' id='word_1_217' title='bbox 3417 1680 3434 1705; x_wconf 92' lang='grc'><strong>,</strong></span> <span class='ocrx_word' id='word_1_218' title='bbox 3468 1640 3639 1711; x_wconf 84' lang='grc' dir='ltr'>τιμῶ-</span> 
     </span>
    </p>
   </div>
   <div class='ocr_carea' id='block_1_36' title="bbox 381 1724 1960 1795">
    <p class='ocr_par' dir='ltr' id='par_1_36' title="bbox 381 1724 1960 1795">
     <span class='ocr_line' id='line_1_36' title="bbox 381 1724 1960 1795; baseline -0.004 -15"><span class='ocrx_word' id='word_1_219' title='bbox 381 1724 557 1780; x_wconf 91' lang='lat' dir='ltr'><strong>bonos</strong></span> <span class='ocrx_word' id='word_1_220' title='bbox 578 1735 784 1792; x_wconf 89' lang='lat' dir='ltr'><strong>autem,</strong></span> <span class='ocrx_word' id='word_1_221' title='bbox 812 1740 937 1781; x_wconf 89' lang='lat' dir='ltr'><strong>cum</strong></span> <span class='ocrx_word' id='word_1_222' title='bbox 967 1724 1215 1780; x_wconf 88' lang='lat' dir='ltr'><strong>viderint</strong></span> <span class='ocrx_word' id='word_1_223' title='bbox 1257 1739 1532 1795; x_wconf 91' lang='lat' dir='ltr'><strong>pauperes</strong></span> <span class='ocrx_word' id='word_1_224' title='bbox 1551 1763 1566 1788; x_wconf 94' lang='lat'><strong>,</strong></span> <span class='ocrx_word' id='word_1_225' title='bbox 1594 1728 1960 1777; x_wconf 90' lang='lat' dir='ltr'><strong>contemnunt</strong></span> 
     </span>
    </p>
   </div>
   <div class='ocr_carea' id='block_1_37' title="bbox 378 1818 751 1889">
    <p class='ocr_par' dir='ltr' id='par_1_37' title="bbox 378 1818 751 1889">
     <span class='ocr_line' id='line_1_37' title="bbox 378 1818 751 1889; baseline -0.008 -15"><span class='ocrx_word' id='word_1_226' title='bbox 378 1833 444 1874; x_wconf 83' lang='lat' dir='ltr'><strong>ac</strong></span> <span class='ocrx_word' id='word_1_227' title='bbox 471 1818 751 1889; x_wconf 79' lang='lat' dir='ltr'><strong>sugillant.</strong></span> 
     </span>
    </p>
   </div>
   <div class='ocr_carea' id='block_1_38' title="bbox 1014 1928 1319 1997">
    <p class='ocr_par' dir='ltr' id='par_1_38' title="bbox 1014 1928 1319 1997">
     <span class='ocr_line' id='line_1_38' title="bbox 1014 1928 1319 1997; baseline -0.01 -13"><span class='ocrx_word' id='word_1_228' title='bbox 1014 1928 1319 1997; x_wconf 72' lang='lat' dir='ltr'><strong>Menandri.</strong></span> 
     </span>
    </p>
   </div>
   <div class='ocr_carea' id='block_1_39' title="bbox 380 2015 1959 2083">
    <p class='ocr_par' dir='ltr' id='par_1_39' title="bbox 380 2015 1959 2083">
     <span class='ocr_line' id='line_1_39' title="bbox 380 2015 1959 2083; baseline -0.006 -9"><span class='ocrx_word' id='word_1_229' title='bbox 380 2021 630 2074; x_wconf 75' lang='lat' dir='ltr'><strong>Animum</strong></span> <span class='ocrx_word' id='word_1_230' title='bbox 653 2020 866 2074; x_wconf 75' lang='lat' dir='ltr'><strong>divitem</strong></span> <span class='ocrx_word' id='word_1_231' title='bbox 881 2020 1167 2074; x_wconf 76' lang='lat' dir='ltr'><strong>habeamus</strong></span> <span class='ocrx_word' id='word_1_232' title='bbox 1186 2032 1390 2071; x_wconf 90' lang='lat' dir='ltr'><strong>necesse</strong></span> <span class='ocrx_word' id='word_1_233' title='bbox 1410 2021 1486 2069; x_wconf 88' lang='lat' dir='ltr'><strong>est</strong></span> <span class='ocrx_word' id='word_1_234' title='bbox 1510 2031 1529 2068; x_wconf 92' lang='lat'><strong><em>:</em></strong></span> <span class='ocrx_word' id='word_1_235' title='bbox 1557 2015 1793 2083; x_wconf 80' lang='lat' dir='ltr'><strong>pecunia:</strong></span> <span class='ocrx_word' id='word_1_236' title='bbox 1812 2028 1959 2077; x_wconf 88' lang='lat' dir='ltr'><strong>vero,</strong></span> 
     </span>
    </p>
   </div>
   <div class='ocr_carea' id='block_1_40' title="bbox 381 2089 1960 2166">
    <p class='ocr_par' dir='ltr' id='par_1_40' title="bbox 381 2089 1960 2166">
     <span class='ocr_line' id='line_1_40' title="bbox 381 2089 1960 2166; baseline -0.005 -22"><span class='ocrx_word' id='word_1_237' title='bbox 381 2089 528 2144; x_wconf 82' lang='lat' dir='ltr'><strong>Nihil</strong></span> <span class='ocrx_word' id='word_1_238' title='bbox 552 2099 674 2143; x_wconf 89' lang='lat' dir='ltr'><strong>sunt</strong></span> <span class='ocrx_word' id='word_1_239' title='bbox 710 2090 860 2145; x_wconf 83' lang='lat' dir='ltr'><strong>aliud</strong></span> <span class='ocrx_word' id='word_1_240' title='bbox 890 2106 1049 2161; x_wconf 87' lang='lat' dir='ltr'><strong>quam</strong></span> <span class='ocrx_word' id='word_1_241' title='bbox 1076 2089 1310 2159; x_wconf 87' lang='lat' dir='ltr'><strong>objectus</strong></span> <span class='ocrx_word' id='word_1_242' title='bbox 1337 2102 1400 2139; x_wconf 90' lang='lat' dir='ltr'><strong>ac</strong></span> <span class='ocrx_word' id='word_1_243' title='bbox 1446 2094 1693 2138; x_wconf 75' lang='lat' dir='ltr'><strong>externus</strong></span> <span class='ocrx_word' id='word_1_244' title='bbox 1718 2090 1960 2166; x_wconf 44' lang='lat' dir='ltr'><strong>formatus</strong></span> 
     </span>
    </p>
   </div>
   <div class='ocr_carea' id='block_1_41' title="bbox 381 2151 1881 2299">
    <p class='ocr_par' dir='ltr' id='par_1_41' title="bbox 381 2151 1881 2299">
     <span class='ocr_line' id='line_1_41' title="bbox 381 2151 1881 2299; baseline -0.003 -18"><span class='ocrx_word' id='word_1_245' title='bbox 381 2227 577 2299; x_wconf 57' lang='lat' dir='ltr'><strong>[iectus</strong></span> <span class='ocrx_word' id='word_1_246' title='bbox 599 2230 690 2298; x_wconf 86' lang='lat' dir='ltr'><strong>qui</strong></span> <span class='ocrx_word' id='word_1_247' title='bbox 721 2238 770 2283; x_wconf 90' lang='lat' dir='ltr'><strong>et</strong></span> <span class='ocrx_word' id='word_1_248' title='bbox 792 2229 973 2299; x_wconf 82' lang='lat' dir='ltr'><strong>opibus</strong></span> <span class='ocrx_word' id='word_1_249' title='bbox 1007 2237 1056 2281; x_wconf 90' lang='lat' dir='ltr'><strong>et</strong></span> <span class='ocrx_word' id='word_1_250' title='bbox 1086 2236 1256 2282; x_wconf 84' lang='lat' dir='ltr'><strong>mente</strong></span> <span class='ocrx_word' id='word_1_251' title='bbox 1276 2224 1527 2299; x_wconf 65' lang='lat' dir='ltr'><strong>praeditus</strong></span> <span class='ocrx_word' id='word_1_252' title='bbox 1562 2233 1676 2289; x_wconf 86' lang='lat' dir='ltr'><strong>est;</strong></span> <span class='ocrx_word' id='word_1_253' title='bbox 1718 2151 1881 2225; x_wconf 54' lang='lat' dir='ltr'><strong>Imm.</strong></span> 
     </span>
    </p>
   </div>
   <div class='ocr_carea' id='block_1_42' title="bbox 381 2294 1612 2380">
    <p class='ocr_par' dir='ltr' id='par_1_42' title="bbox 381 2294 1612 2380">
     <span class='ocr_line' id='line_1_42' title="bbox 381 2294 1612 2380; baseline -0.005 -28"><span class='ocrx_word' id='word_1_254' title='bbox 381 2297 434 2380; x_wconf 63' lang='grc' dir='ltr'><strong>ζξ</strong></span> <span class='ocrx_word' id='word_1_255' title='bbox 463 2294 782 2380; x_wconf 48' lang='grc' dir='ltr'>ςπίηξρνοὺε</span> <span class='ocrx_word' id='word_1_256' title='bbox 803 2294 910 2353; x_wconf 82' lang='lat' dir='ltr'><strong>illis</strong></span> <span class='ocrx_word' id='word_1_257' title='bbox 940 2308 1117 2353; x_wconf 89' lang='lat' dir='ltr'><strong>utetur</strong></span> <span class='ocrx_word' id='word_1_258' title='bbox 1146 2300 1201 2351; x_wconf 89' lang='lat' dir='ltr'><strong>in</strong></span> <span class='ocrx_word' id='word_1_259' title='bbox 1240 2294 1428 2380; x_wconf 62' lang='lat' dir='ltr'><strong>quibus</strong></span> <span class='ocrx_word' id='word_1_260' title='bbox 1449 2294 1612 2347; x_wconf 90' lang='lat' dir='ltr'><strong>decet.</strong></span> 
     </span>
    </p>
   </div>
   <div class='ocr_carea' id='block_1_43' title="bbox 382 2365 1332 2439">
    <p class='ocr_par' dir='ltr' id='par_1_43' title="bbox 382 2365 1332 2439">
     <span class='ocr_line' id='line_1_43' title="bbox 382 2365 1332 2439; baseline -0.003 -19"><span class='ocrx_word' id='word_1_261' title='bbox 382 2365 633 2439; x_wconf 76' lang='lat' dir='ltr'><strong>Quisquis</strong></span> <span class='ocrx_word' id='word_1_262' title='bbox 664 2386 796 2424; x_wconf 91' lang='lat' dir='ltr'><strong>auro</strong></span> <span class='ocrx_word' id='word_1_263' title='bbox 820 2386 1039 2423; x_wconf 90' lang='lat' dir='ltr'><strong>manum</strong></span> <span class='ocrx_word' id='word_1_264' title='bbox 1059 2368 1332 2439; x_wconf 79' lang='lat' dir='ltr'><strong>supponit,</strong></span> 
     </span>
    </p>
   </div>
   <div class='ocr_carea' id='block_1_44' title="bbox 381 2431 1777 2505">
    <p class='ocr_par' dir='ltr' id='par_1_44' title="bbox 381 2431 1777 2505">
     <span class='ocr_line' id='line_1_44' title="bbox 381 2431 1777 2505; baseline -0.004 -14"><span class='ocrx_word' id='word_1_265' title='bbox 381 2437 499 2491; x_wconf 88' lang='lat' dir='ltr'><strong>Etsi</strong></span> <span class='ocrx_word' id='word_1_266' title='bbox 526 2431 629 2492; x_wconf 80' lang='lat' dir='ltr'><strong>non</strong></span> <span class='ocrx_word' id='word_1_267' title='bbox 655 2440 801 2503; x_wconf 82' lang='lat' dir='ltr'><strong>dicit,</strong></span> <span class='ocrx_word' id='word_1_268' title='bbox 831 2438 978 2493; x_wconf 83' lang='lat' dir='ltr'><strong>mala</strong></span> <span class='ocrx_word' id='word_1_269' title='bbox 1004 2431 1183 2492; x_wconf 79' lang='lat' dir='ltr'><strong>animo</strong></span> <span class='ocrx_word' id='word_1_270' title='bbox 1208 2437 1405 2505; x_wconf 84' lang='lat' dir='ltr'><strong>cogitat</strong></span> <span class='ocrx_word' id='word_1_271' title='bbox 1434 2448 1499 2487; x_wconf 81' lang='lat' dir='ltr'><strong>ac</strong></span> <span class='ocrx_word' id='word_1_272' title='bbox 1522 2431 1777 2486; x_wconf 82' lang='lat' dir='ltr'><strong>decernit.</strong></span> 
     </span>
    </p>
   </div>
   <div class='ocr_carea' id='block_1_45' title="bbox 381 2506 1324 2579">
    <p class='ocr_par' dir='ltr' id='par_1_45' title="bbox 381 2506 1324 2579">
     <span class='ocr_line' id='line_1_45' title="bbox 381 2506 1324 2579; baseline 0.006 -20"><span class='ocrx_word' id='word_1_273' title='bbox 381 2506 668 2579; x_wconf 57' lang='lat' dir='ltr'><strong>Nunquam</strong></span> <span class='ocrx_word' id='word_1_274' title='bbox 697 2525 815 2562; x_wconf 87' lang='lat' dir='ltr'><strong>eum</strong></span> <span class='ocrx_word' id='word_1_275' title='bbox 837 2508 1040 2579; x_wconf 88' lang='lat' dir='ltr'><strong>felicem</strong></span> <span class='ocrx_word' id='word_1_276' title='bbox 1064 2507 1324 2579; x_wconf 68' lang='lat' dir='ltr'><strong>judicavi.</strong></span> 
     </span>
    </p>
   </div>
   <div class='ocr_carea' id='block_1_46' title="bbox 381 2572 1635 2646">
    <p class='ocr_par' dir='ltr' id='par_1_46' title="bbox 381 2572 1635 2646">
     <span class='ocr_line' id='line_1_46' title="bbox 381 2572 1635 2646; baseline -0.003 -17"><span class='ocrx_word' id='word_1_277' title='bbox 381 2576 484 2646; x_wconf 82' lang='lat' dir='ltr'><strong>Qui</strong></span> <span class='ocrx_word' id='word_1_278' title='bbox 504 2572 655 2630; x_wconf 80' lang='lat' dir='ltr'><strong>valde</strong></span> <span class='ocrx_word' id='word_1_279' title='bbox 677 2572 848 2641; x_wconf 52' lang='lat' dir='ltr'><strong>dives,</strong></span> <span class='ocrx_word' id='word_1_280' title='bbox 862 2579 1013 2632; x_wconf 88' lang='lat' dir='ltr'><strong>rebus</strong></span> <span class='ocrx_word' id='word_1_281' title='bbox 1046 2572 1152 2630; x_wconf 68' lang='lat' dir='ltr'><strong>suis</strong></span> <span class='ocrx_word' id='word_1_282' title='bbox 1188 2576 1293 2646; x_wconf 87' lang='lat' dir='ltr'><strong>frui</strong></span> <span class='ocrx_word' id='word_1_283' title='bbox 1326 2592 1443 2646; x_wconf 80' lang='lat' dir='ltr'><strong>non</strong></span> <span class='ocrx_word' id='word_1_284' title='bbox 1463 2572 1635 2646; x_wconf 76' lang='lat' dir='ltr'><strong>habet.</strong></span> 
     </span>
    </p>
   </div>
   <div class='ocr_carea' id='block_1_47' title="bbox 382 2643 1545 2717">
    <p class='ocr_par' dir='ltr' id='par_1_47' title="bbox 382 2643 1545 2717">
     <span class='ocr_line' id='line_1_47' title="bbox 382 2643 1545 2717; baseline -0.001 -19"><span class='ocrx_word' id='word_1_285' title='bbox 382 2645 545 2709; x_wconf 81' lang='lat' dir='ltr'><strong>Dicis,</strong></span> <span class='ocrx_word' id='word_1_286' title='bbox 576 2647 667 2700; x_wconf 85' lang='lat' dir='ltr'><strong>sed</strong></span> <span class='ocrx_word' id='word_1_287' title='bbox 704 2664 822 2717; x_wconf 82' lang='lat' dir='ltr'><strong>qua:</strong></span> <span class='ocrx_word' id='word_1_288' title='bbox 849 2649 999 2710; x_wconf 87' lang='lat' dir='ltr'><strong>dicis,</strong></span> <span class='ocrx_word' id='word_1_289' title='bbox 1037 2645 1170 2699; x_wconf 88' lang='lat' dir='ltr'><strong>lucri</strong></span> <span class='ocrx_word' id='word_1_290' title='bbox 1188 2643 1363 2699; x_wconf 79' lang='lat' dir='ltr'><strong>causa</strong></span> <span class='ocrx_word' id='word_1_291' title='bbox 1392 2643 1545 2697; x_wconf 86' lang='lat' dir='ltr'><strong>dicis.</strong></span> 
     </span>
    </p>
   </div>
   <div class='ocr_carea' id='block_1_48' title="bbox 1036 2756 1308 2811">
    <p class='ocr_par' dir='ltr' id='par_1_48' title="bbox 1036 2756 1308 2811">
     <span class='ocr_line' id='line_1_48' title="bbox 1036 2756 1308 2811; baseline -0.011 0"><span class='ocrx_word' id='word_1_292' title='bbox 1036 2756 1308 2811; x_wconf 85' lang='lat' dir='ltr'><strong>Cratonis.</strong></span> 
     </span>
    </p>
   </div>
   <div class='ocr_carea' id='block_1_49' title="bbox 380 2847 1425 2920">
    <p class='ocr_par' dir='ltr' id='par_1_49' title="bbox 380 2847 1425 2920">
     <span class='ocr_line' id='line_1_49' title="bbox 380 2847 1425 2920; baseline 0.004 -19"><span class='ocrx_word' id='word_1_293' title='bbox 380 2847 543 2920; x_wconf 61' lang='lat' dir='ltr'><strong>Nulla</strong></span> <span class='ocrx_word' id='word_1_294' title='bbox 578 2851 724 2904; x_wconf 87' lang='lat' dir='ltr'><strong>estin</strong></span> <span class='ocrx_word' id='word_1_295' title='bbox 742 2851 869 2914; x_wconf 85' lang='lat' dir='ltr'><strong>vita,</strong></span> <span class='ocrx_word' id='word_1_296' title='bbox 895 2858 1209 2920; x_wconf 76' lang='lat' dir='ltr'><strong>paupertate</strong></span> <span class='ocrx_word' id='word_1_297' title='bbox 1249 2847 1425 2920; x_wconf 59' lang='grc' dir='ltr'>νησίον</span> 
     </span>
    </p>
   </div>
   <div class='ocr_carea' id='block_1_50' title="bbox 379 2917 1535 2985">
    <p class='ocr_par' dir='ltr' id='par_1_50' title="bbox 379 2917 1535 2985">
     <span class='ocr_line' id='line_1_50' title="bbox 379 2917 1535 2985; baseline -0.003 -12"><span class='ocrx_word' id='word_1_298' title='bbox 379 2918 678 2975; x_wconf 84' lang='lat' dir='ltr'><strong>Culamitas</strong></span> <span class='ocrx_word' id='word_1_299' title='bbox 701 2937 719 2985; x_wconf 91' lang='lat'><strong><em>;</em></strong></span> <span class='ocrx_word' id='word_1_300' title='bbox 747 2936 873 2972; x_wconf 92' lang='lat' dir='ltr'><strong>nam</strong></span> <span class='ocrx_word' id='word_1_301' title='bbox 896 2917 1022 2972; x_wconf 81' lang='lat' dir='ltr'><strong>licet</strong></span> <span class='ocrx_word' id='word_1_302' title='bbox 1059 2919 1207 2973; x_wconf 77' lang='lat' dir='ltr'><strong>bona:</strong></span> <span class='ocrx_word' id='word_1_303' title='bbox 1233 2917 1424 2971; x_wconf 82' lang='lat' dir='ltr'><strong>indolis</strong></span> <span class='ocrx_word' id='word_1_304' title='bbox 1443 2917 1535 2982; x_wconf 89' lang='lat' dir='ltr'><strong>sis,</strong></span> 
     </span>
    </p>
   </div>
   <div class='ocr_carea' id='block_1_51' title="bbox 378 2988 1014 3043">
    <p class='ocr_par' dir='ltr' id='par_1_51' title="bbox 378 2988 1014 3043">
     <span class='ocr_line' id='line_1_51' title="bbox 378 2988 1014 3043; baseline 0 -1"><span class='ocrx_word' id='word_1_305' title='bbox 378 2988 578 3043; x_wconf 82' lang='lat' dir='ltr'><strong>Tamen</strong></span> <span class='ocrx_word' id='word_1_306' title='bbox 605 2989 857 3043; x_wconf 85' lang='lat' dir='ltr'><strong>ridiculus</strong></span> <span class='ocrx_word' id='word_1_307' title='bbox 890 2990 1014 3042; x_wconf 88' lang='lat' dir='ltr'><strong>eris.</strong></span> 
     </span>
    </p>
   </div>
   <div class='ocr_carea' id='block_1_52' title="bbox 380 3044 1963 3130">
    <p class='ocr_par' dir='ltr' id='par_1_52' title="bbox 380 3044 1963 3130">
     <span class='ocr_line' id='line_1_52' title="bbox 380 3044 1963 3130; baseline -0.001 -17"><span class='ocrx_word' id='word_1_308' title='bbox 380 3059 609 3114; x_wconf 70' lang='lat' dir='ltr'><strong>Prwstat</strong></span> <span class='ocrx_word' id='word_1_309' title='bbox 631 3061 843 3115; x_wconf 84' lang='lat' dir='ltr'><strong>honeste</strong></span> <span class='ocrx_word' id='word_1_310' title='bbox 868 3044 1186 3129; x_wconf 54' lang='lat' dir='ltr'><strong>pauperem,</strong></span> <span class='ocrx_word' id='word_1_311' title='bbox 1240 3076 1402 3130; x_wconf 87' lang='lat' dir='ltr'><strong>quam</strong></span> <span class='ocrx_word' id='word_1_312' title='bbox 1435 3063 1708 3116; x_wconf 84' lang='lat' dir='ltr'><strong>inhoneste</strong></span> <span class='ocrx_word' id='word_1_313' title='bbox 1725 3058 1963 3130; x_wconf 86' lang='lat' dir='ltr'><strong>divitem</strong></span> 
     </span>
    </p>
   </div>
   <div class='ocr_carea' id='block_1_53' title="bbox 1747 3145 1892 3182">
    <p class='ocr_par' dir='ltr' id='par_1_53' title="bbox 1747 3145 1892 3182">
     <span class='ocr_line' id='line_1_53' title="bbox 1747 3145 1892 3182; baseline 0 0"><span class='ocrx_word' id='word_1_314' title='bbox 1747 3145 1857 3182; x_wconf 74' lang='lat'><strong>8888</strong></span> <span class='ocrx_word' id='word_1_315' title='bbox 1874 3145 1892 3182; x_wconf 85' lang='lat'><strong>.&#39;</strong></span> 
     </span>
    </p>
   </div>
   <div class='ocr_carea' id='block_1_54' title="bbox 379 3129 1960 3271">
    <p class='ocr_par' dir='ltr' id='par_1_54' title="bbox 379 3129 1960 3271">
     <span class='ocr_line' id='line_1_54' title="bbox 379 3129 1960 3271; baseline -0.001 -18"><span class='ocrx_word' id='word_1_316' title='bbox 379 3196 528 3253; x_wconf 81' lang='lat' dir='ltr'><strong>Illud</strong></span> <span class='ocrx_word' id='word_1_317' title='bbox 556 3200 696 3253; x_wconf 87' lang='lat' dir='ltr'><strong>enim</strong></span> <span class='ocrx_word' id='word_1_318' title='bbox 717 3199 1136 3266; x_wconf 89' lang='lat' dir='ltr'><strong>miserationem,</strong></span> <span class='ocrx_word' id='word_1_319' title='bbox 1166 3200 1263 3254; x_wconf 82' lang='lat' dir='ltr'><strong>hoc</strong></span> <span class='ocrx_word' id='word_1_320' title='bbox 1285 3129 1960 3271; x_wconf 49' lang='lat' dir='ltr'><strong>reprehensioneniestfﬁ&#39;ert.</strong></span> 
     </span>
    </p>
   </div>
   <div class='ocr_carea' id='block_1_55' title="bbox 449 3311 1966 3383">
    <p class='ocr_par' dir='ltr' id='par_1_55' title="bbox 449 3311 1966 3383">
     <span class='ocr_line' id='line_1_55' title="bbox 449 3311 1966 3383; baseline -0.001 -17"><span class='ocrx_word' id='word_1_321' title='bbox 449 3311 536 3366; x_wconf 81' lang='lat' dir='ltr'><strong>Ea:</strong></span> <span class='ocrx_word' id='word_1_322' title='bbox 563 3311 851 3367; x_wconf 84' lang='lat' dir='ltr'><strong>Phavorini</strong></span> <span class='ocrx_word' id='word_1_323' title='bbox 875 3321 1155 3367; x_wconf 88' lang='lat' dir='ltr'><strong>comment.</strong></span> <span class='ocrx_word' id='word_1_324' title='bbox 1195 3343 1266 3355; x_wconf 71' lang='grc' dir='ltr'><strong>σ-</strong></span> <span class='ocrx_word' id='word_1_325' title='bbox 1287 3314 1512 3371; x_wconf 74' lang='grc' dir='ltr'>Βωοιυε</span> <span class='ocrx_word' id='word_1_326' title='bbox 1544 3311 1966 3383; x_wconf 77' lang='lat' dir='ltr'><strong>septuagenario</strong></span> 
     </span>
    </p>
   </div>
   <div class='ocr_carea' id='block_1_56' title="bbox 378 3401 1963 3475">
    <p class='ocr_par' dir='ltr' id='par_1_56' title="bbox 378 3401 1963 3475">
     <span class='ocr_line' id='line_1_56' title="bbox 378 3401 1963 3475; baseline -0.004 -16"><span class='ocrx_word' id='word_1_327' title='bbox 378 3404 555 3475; x_wconf 83' lang='lat' dir='ltr'><strong>major</strong></span> <span class='ocrx_word' id='word_1_328' title='bbox 582 3403 807 3459; x_wconf 90' lang='lat' dir='ltr'><strong>invento</strong></span> <span class='ocrx_word' id='word_1_329' title='bbox 845 3404 1132 3469; x_wconf 87' lang='lat' dir='ltr'><strong>thesauro,</strong></span> <span class='ocrx_word' id='word_1_330' title='bbox 1163 3404 1381 3459; x_wconf 76' lang='lat' dir='ltr'><strong>sublato</strong></span> <span class='ocrx_word' id='word_1_331' title='bbox 1405 3419 1568 3459; x_wconf 91' lang='lat' dir='ltr'><strong>crure</strong></span> <span class='ocrx_word' id='word_1_332' title='bbox 1607 3401 1963 3471; x_wconf 83' lang='lat' dir='ltr'><strong>contempsit,</strong></span> 
     </span>
    </p>
   </div>
   <div class='ocr_carea' id='block_1_57' title="bbox 378 3495 1872 3567">
    <p class='ocr_par' dir='ltr' id='par_1_57' title="bbox 378 3495 1872 3567">
     <span class='ocr_line' id='line_1_57' title="bbox 378 3495 1872 3567; baseline -0.003 -16"><span class='ocrx_word' id='word_1_333' title='bbox 378 3509 446 3551; x_wconf 73' lang='lat' dir='ltr'><strong>ac</strong></span> <span class='ocrx_word' id='word_1_334' title='bbox 470 3496 623 3551; x_wconf 89' lang='lat' dir='ltr'><strong>velut</strong></span> <span class='ocrx_word' id='word_1_335' title='bbox 649 3496 790 3550; x_wconf 89' lang='lat' dir='ltr'><strong>nihil</strong></span> <span class='ocrx_word' id='word_1_336' title='bbox 816 3495 929 3567; x_wconf 80' lang='lat' dir='ltr'><strong>jam</strong></span> <span class='ocrx_word' id='word_1_337' title='bbox 963 3495 1031 3550; x_wconf 83' lang='lat' dir='ltr'><strong>ad</strong></span> <span class='ocrx_word' id='word_1_338' title='bbox 1057 3496 1238 3566; x_wconf 92' lang='lat' dir='ltr'><strong>ipsum</strong></span> <span class='ocrx_word' id='word_1_339' title='bbox 1272 3496 1554 3562; x_wconf 89' lang='lat' dir='ltr'><strong>attineret,</strong></span> <span class='ocrx_word' id='word_1_340' title='bbox 1585 3495 1872 3566; x_wconf 65' lang='lat' dir='ltr'><strong>praeteriit.</strong></span> 
     </span>
    </p>
   </div>
   <div class='ocr_carea' id='block_1_58' title="bbox 449 3587 1969 3659">
    <p class='ocr_par' dir='ltr' id='par_1_58' title="bbox 449 3587 1969 3659">
     <span class='ocr_line' id='line_1_58' title="bbox 449 3587 1969 3659; baseline -0.001 -17"><span class='ocrx_word' id='word_1_341' title='bbox 449 3588 799 3659; x_wconf 80' lang='lat' dir='ltr'><strong>Aristonymi.</strong></span> <span class='ocrx_word' id='word_1_342' title='bbox 825 3616 897 3627; x_wconf 90' lang='lat'><strong>——</strong></span> <span class='ocrx_word' id='word_1_343' title='bbox 925 3587 1408 3652; x_wconf 76' lang='lat' dir='ltr'><strong>Quemadmodum</strong></span> <span class='ocrx_word' id='word_1_344' title='bbox 1451 3588 1601 3643; x_wconf 91' lang='lat' dir='ltr'><strong>enim</strong></span> <span class='ocrx_word' id='word_1_345' title='bbox 1645 3597 1969 3657; x_wconf 85' lang='lat' dir='ltr'><strong>compOtan-</strong></span> 
     </span>
    </p>
   </div>
   <div class='ocr_carea' id='block_1_59' title="bbox 380 3677 1966 3750">
    <p class='ocr_par' dir='ltr' id='par_1_59' title="bbox 380 3677 1966 3750">
     <span class='ocr_line' id='line_1_59' title="bbox 380 3677 1966 3750; baseline -0.003 -16"><span class='ocrx_word' id='word_1_346' title='bbox 380 3686 468 3734; x_wconf 80' lang='lat' dir='ltr'><strong>tes</strong></span> <span class='ocrx_word' id='word_1_347' title='bbox 511 3679 725 3745; x_wconf 89' lang='lat' dir='ltr'><strong>vinum,</strong></span> <span class='ocrx_word' id='word_1_348' title='bbox 784 3679 879 3735; x_wconf 91' lang='lat' dir='ltr'><strong>alii</strong></span> <span class='ocrx_word' id='word_1_349' title='bbox 935 3679 1163 3750; x_wconf 86' lang='lat' dir='ltr'><strong>quidem</strong></span> <span class='ocrx_word' id='word_1_350' title='bbox 1227 3679 1572 3735; x_wconf 89' lang='lat' dir='ltr'><strong>bacchantur</strong></span> <span class='ocrx_word' id='word_1_351' title='bbox 1631 3693 1696 3734; x_wconf 90' lang='lat' dir='ltr'><strong>ac</strong></span> <span class='ocrx_word' id='word_1_352' title='bbox 1750 3677 1966 3741; x_wconf 91' lang='lat' dir='ltr'><strong>furunt,</strong></span> 
     </span>
    </p>
   </div>
   <div class='ocr_carea' id='block_1_60' title="bbox 380 3766 1970 3841">
    <p class='ocr_par' dir='ltr' id='par_1_60' title="bbox 380 3766 1970 3841">
     <span class='ocr_line' id='line_1_60' title="bbox 380 3766 1970 3841; baseline -0.001 -19"><span class='ocrx_word' id='word_1_353' title='bbox 380 3768 475 3822; x_wconf 92' lang='lat' dir='ltr'><strong>alii</strong></span> <span class='ocrx_word' id='word_1_354' title='bbox 508 3769 717 3824; x_wconf 87' lang='lat' dir='ltr'><strong>mitiori</strong></span> <span class='ocrx_word' id='word_1_355' title='bbox 741 3768 906 3841; x_wconf 84' lang='lat' dir='ltr'><strong>genio</strong></span> <span class='ocrx_word' id='word_1_356' title='bbox 941 3768 1120 3835; x_wconf 83' lang='lat' dir='ltr'><strong>ﬁunt;</strong></span> <span class='ocrx_word' id='word_1_357' title='bbox 1156 3769 1237 3825; x_wconf 91' lang='lat' dir='ltr'><strong>sic</strong></span> <span class='ocrx_word' id='word_1_358' title='bbox 1266 3785 1325 3825; x_wconf 92' lang='lat' dir='ltr'><strong>se</strong></span> <span class='ocrx_word' id='word_1_359' title='bbox 1353 3769 1524 3825; x_wconf 89' lang='lat' dir='ltr'><strong>etiam</strong></span> <span class='ocrx_word' id='word_1_360' title='bbox 1556 3784 1644 3824; x_wconf 87' lang='lat' dir='ltr'><strong>res</strong></span> <span class='ocrx_word' id='word_1_361' title='bbox 1677 3769 1736 3824; x_wconf 92' lang='lat' dir='ltr'><strong>in</strong></span> <span class='ocrx_word' id='word_1_362' title='bbox 1761 3766 1970 3823; x_wconf 90' lang='lat' dir='ltr'><strong>divitiis</strong></span> 
     </span>
    </p>
   </div>
   <div class='ocr_carea' id='block_1_61' title="bbox 382 3857 571 3913">
    <p class='ocr_par' dir='ltr' id='par_1_61' title="bbox 382 3857 571 3913">
     <span class='ocr_line' id='line_1_61' title="bbox 382 3857 571 3913; baseline 0 0"><span class='ocrx_word' id='word_1_363' title='bbox 382 3857 571 3913; x_wconf 89' lang='lat' dir='ltr'><strong>habet.</strong></span> 
     </span>
    </p>
   </div>
   <div class='ocr_carea' id='block_1_62' title="bbox 453 3946 1968 4016">
    <p class='ocr_par' dir='ltr' id='par_1_62' title="bbox 453 3946 1968 4016">
     <span class='ocr_line' id='line_1_62' title="bbox 453 3946 1968 4016; baseline -0.003 -12"><span class='ocrx_word' id='word_1_364' title='bbox 453 3949 655 4004; x_wconf 88' lang='lat' dir='ltr'><strong>Bionis.</strong></span> <span class='ocrx_word' id='word_1_365' title='bbox 689 3981 761 3990; x_wconf 90' lang='lat'><strong>—-</strong></span> <span class='ocrx_word' id='word_1_366' title='bbox 793 3950 930 4005; x_wconf 90' lang='lat' dir='ltr'><strong>Bion</strong></span> <span class='ocrx_word' id='word_1_367' title='bbox 970 3949 1311 4005; x_wconf 88' lang='lat' dir='ltr'><strong>deridiculos</strong></span> <span class='ocrx_word' id='word_1_368' title='bbox 1339 3965 1436 4003; x_wconf 89' lang='lat' dir='ltr'><strong>eos</strong></span> <span class='ocrx_word' id='word_1_369' title='bbox 1458 3962 1580 4002; x_wconf 88' lang='lat' dir='ltr'><strong>esse</strong></span> <span class='ocrx_word' id='word_1_370' title='bbox 1608 3946 1850 4011; x_wconf 89' lang='lat' dir='ltr'><strong>dicebat,</strong></span> <span class='ocrx_word' id='word_1_371' title='bbox 1872 3947 1968 4016; x_wconf 87' lang='lat' dir='ltr'><strong>qui</strong></span> 
     </span>
    </p>
   </div>
   <div class='ocr_carea' id='block_1_63' title="bbox 383 4038 1966 4111">
    <p class='ocr_par' dir='ltr' id='par_1_63' title="bbox 383 4038 1966 4111">
     <span class='ocr_line' id='line_1_63' title="bbox 383 4038 1966 4111; baseline -0.002 -15"><span class='ocrx_word' id='word_1_372' title='bbox 383 4041 595 4096; x_wconf 91' lang='lat' dir='ltr'><strong>divitiis</strong></span> <span class='ocrx_word' id='word_1_373' title='bbox 626 4042 875 4095; x_wconf 87' lang='lat' dir='ltr'><strong>studium</strong></span> <span class='ocrx_word' id='word_1_374' title='bbox 914 4049 1212 4111; x_wconf 91' lang='lat' dir='ltr'><strong>ponerent,</strong></span> <span class='ocrx_word' id='word_1_375' title='bbox 1242 4056 1381 4110; x_wconf 88' lang='lat' dir='ltr'><strong>quas</strong></span> <span class='ocrx_word' id='word_1_376' title='bbox 1421 4039 1643 4093; x_wconf 79' lang='lat' dir='ltr'><strong>fortuna</strong></span> <span class='ocrx_word' id='word_1_377' title='bbox 1676 4038 1836 4109; x_wconf 75' lang='lat'><strong>572</strong></span> <span class='ocrx_word' id='word_1_378' title='bbox 1863 4039 1966 4093; x_wconf 89' lang='lat' dir='ltr'><strong>tri-</strong></span> 
     </span>
    </p>
   </div>
   <div class='ocr_carea' id='block_1_64' title="bbox 383 4131 1764 4205">
    <p class='ocr_par' dir='ltr' id='par_1_64' title="bbox 383 4131 1764 4205">
     <span class='ocr_line' id='line_1_64' title="bbox 383 4131 1764 4205; baseline -0.001 -17"><span class='ocrx_word' id='word_1_379' title='bbox 383 4132 536 4197; x_wconf 88' lang='lat' dir='ltr'><strong>buat,</strong></span> <span class='ocrx_word' id='word_1_380' title='bbox 569 4131 919 4189; x_wconf 87' lang='lat' dir='ltr'><strong>illiberalitas</strong></span> <span class='ocrx_word' id='word_1_381' title='bbox 949 4142 1156 4198; x_wconf 90' lang='lat' dir='ltr'><strong>servet,</strong></span> <span class='ocrx_word' id='word_1_382' title='bbox 1186 4133 1501 4205; x_wconf 77' lang='lat' dir='ltr'><strong>benignitas</strong></span> <span class='ocrx_word' id='word_1_383' title='bbox 1529 4133 1764 4188; x_wconf 81' lang='lat' dir='ltr'><strong>auferat.</strong></span> 
     </span>
    </p>
   </div>
   <div class='ocr_carea' id='block_1_65' title="bbox 1006 4292 1333 4403">
    <p class='ocr_par' dir='ltr' id='par_1_65' title="bbox 1006 4292 1333 4403">
     <span class='ocr_line' id='line_1_65' title="bbox 1006 4292 1333 4403; baseline 0.003 -14"><span class='ocrx_word' id='word_1_384' title='bbox 1006 4292 1333 4403; x_wconf 72' lang='lat' dir='ltr'><strong>Theognidis.</strong></span> 
     </span>
    </p>
   </div>
   <div class='ocr_carea' id='block_1_66' title="bbox 385 4445 1796 4513">
    <p class='ocr_par' dir='ltr' id='par_1_66' title="bbox 385 4445 1796 4513">
     <span class='ocr_line' id='line_1_66' title="bbox 385 4445 1796 4513; baseline -0.001 -11"><span class='ocrx_word' id='word_1_385' title='bbox 385 4445 507 4502; x_wconf 83' lang='lat' dir='ltr'><strong>Non</strong></span> <span class='ocrx_word' id='word_1_386' title='bbox 532 4456 581 4501; x_wconf 91' lang='lat' dir='ltr'><strong>te</strong></span> <span class='ocrx_word' id='word_1_387' title='bbox 599 4446 825 4513; x_wconf 79' lang='lat' dir='ltr'><strong>frustra,</strong></span> <span class='ocrx_word' id='word_1_388' title='bbox 862 4447 1036 4513; x_wconf 86' lang='lat' dir='ltr'><strong>Plute,</strong></span> <span class='ocrx_word' id='word_1_389' title='bbox 1058 4450 1132 4502; x_wconf 89' lang='lat' dir='ltr'><strong>dii</strong></span> <span class='ocrx_word' id='word_1_390' title='bbox 1164 4458 1506 4512; x_wconf 85' lang='lat' dir='ltr'><strong>venerantur,</strong></span> <span class='ocrx_word' id='word_1_391' title='bbox 1525 4459 1574 4502; x_wconf 89' lang='lat' dir='ltr'><strong>et</strong></span> <span class='ocrx_word' id='word_1_392' title='bbox 1592 4464 1796 4511; x_wconf 88' lang='lat' dir='ltr'><strong>omnes,</strong></span> 
     </span>
    </p>
   </div>
   <div class='ocr_carea' id='block_1_67' title="bbox 616 4517 1909 4588">
    <p class='ocr_par' dir='ltr' id='par_1_67' title="bbox 616 4517 1909 4588">
     <span class='ocr_line' id='line_1_67' title="bbox 616 4517 1909 4588; baseline 0 -17"><span class='ocrx_word' id='word_1_393' title='bbox 616 4535 806 4588; x_wconf 85' lang='lat' dir='ltr'><strong>amque</strong></span> <span class='ocrx_word' id='word_1_394' title='bbox 832 4520 927 4573; x_wconf 86' lang='lat' dir='ltr'><strong>tibi</strong></span> <span class='ocrx_word' id='word_1_395' title='bbox 949 4518 1106 4588; x_wconf 86' lang='lat' dir='ltr'><strong>facile</strong></span> <span class='ocrx_word' id='word_1_396' title='bbox 1129 4527 1227 4582; x_wconf 87' lang='lat' dir='ltr'><strong>est,</strong></span> <span class='ocrx_word' id='word_1_397' title='bbox 1255 4535 1358 4572; x_wconf 90' lang='lat' dir='ltr'><strong>non</strong></span> <span class='ocrx_word' id='word_1_398' title='bbox 1383 4519 1492 4572; x_wconf 87' lang='lat' dir='ltr'><strong>leve</strong></span> <span class='ocrx_word' id='word_1_399' title='bbox 1510 4519 1649 4587; x_wconf 88' lang='lat' dir='ltr'><strong>ferre</strong></span> <span class='ocrx_word' id='word_1_400' title='bbox 1681 4517 1909 4573; x_wconf 87' lang='lat' dir='ltr'><strong>malum.</strong></span> 
     </span>
    </p>
   </div>
   <div class='ocr_carea' id='block_1_68' title="bbox 389 4585 1644 4658">
    <p class='ocr_par' dir='ltr' id='par_1_68' title="bbox 389 4585 1644 4658">
     <span class='ocr_line' id='line_1_68' title="bbox 389 4585 1644 4658; baseline 0 -17"><span class='ocrx_word' id='word_1_401' title='bbox 389 4585 550 4642; x_wconf 84' lang='lat' dir='ltr'><strong>Haud</strong></span> <span class='ocrx_word' id='word_1_402' title='bbox 582 4585 880 4643; x_wconf 48' lang='lat' dir='ltr'><strong>aveo&#39;dives</strong></span> <span class='ocrx_word' id='word_1_403' title='bbox 906 4585 1046 4658; x_wconf 81' lang='lat' dir='ltr'><strong>ﬁeri,</strong></span> <span class='ocrx_word' id='word_1_404' title='bbox 1070 4605 1162 4642; x_wconf 88' lang='lat' dir='ltr'><strong>nec</strong></span> <span class='ocrx_word' id='word_1_405' title='bbox 1192 4588 1361 4643; x_wconf 88' lang='lat' dir='ltr'><strong>multa</strong></span> <span class='ocrx_word' id='word_1_406' title='bbox 1396 4585 1607 4658; x_wconf 84' lang='lat' dir='ltr'><strong>requiro</strong></span> <span class='ocrx_word' id='word_1_407' title='bbox 1629 4628 1644 4652; x_wconf 91' lang='lat'><strong>,</strong></span> 
     </span>
    </p>
   </div>
   <div class='ocr_carea' id='block_1_69' title="bbox 556 4720 1579 4795">
    <p class='ocr_par' dir='ltr' id='par_1_69' title="bbox 556 4720 1579 4795">
     <span class='ocr_line' id='line_1_69' title="bbox 556 4720 1579 4795; baseline -0.003 -17"><span class='ocrx_word' id='word_1_408' title='bbox 556 4723 761 4795; x_wconf 74' lang='lat' dir='ltr'><strong>Absque</strong></span> <span class='ocrx_word' id='word_1_409' title='bbox 792 4722 935 4777; x_wconf 88' lang='lat' dir='ltr'><strong>malo</strong></span> <span class='ocrx_word' id='word_1_410' title='bbox 956 4724 1140 4794; x_wconf 86' lang='lat' dir='ltr'><strong>paucis</strong></span> <span class='ocrx_word' id='word_1_411' title='bbox 1160 4722 1329 4776; x_wconf 87' lang='lat' dir='ltr'><strong>vivere</strong></span> <span class='ocrx_word' id='word_1_412' title='bbox 1349 4720 1579 4792; x_wconf 82' lang='lat' dir='ltr'><strong>sufﬁciet</strong></span> 
     </span>
    </p>
   </div>
   <div class='ocr_carea' id='block_1_70' title="bbox 1066 4832 1305 4887">
    <p class='ocr_par' dir='ltr' id='par_1_70' title="bbox 1066 4832 1305 4887">
     <span class='ocr_line' id='line_1_70' title="bbox 1066 4832 1305 4887; baseline 0.008 -2"><span class='ocrx_word' id='word_1_413' title='bbox 1066 4832 1305 4887; x_wconf 86' lang='lat' dir='ltr'><strong>Luciani.</strong></span> 
     </span>
    </p>
   </div>
   <div class='ocr_carea' id='block_1_71' title="bbox 393 4922 1620 4989">
    <p class='ocr_par' dir='ltr' id='par_1_71' title="bbox 393 4922 1620 4989">
     <span class='ocr_line' id='line_1_71' title="bbox 393 4922 1620 4989; baseline -0.003 -10"><span class='ocrx_word' id='word_1_414' title='bbox 393 4922 583 4979; x_wconf 83' lang='lat' dir='ltr'><strong>Editus</strong></span> <span class='ocrx_word' id='word_1_415' title='bbox 607 4926 662 4978; x_wconf 88' lang='lat' dir='ltr'><strong>in</strong></span> <span class='ocrx_word' id='word_1_416' title='bbox 686 4925 851 4979; x_wconf 88' lang='lat' dir='ltr'><strong>lucem</strong></span> <span class='ocrx_word' id='word_1_417' title='bbox 871 4926 1042 4978; x_wconf 77' lang='lat' dir='ltr'><strong>nudus</strong></span> <span class='ocrx_word' id='word_1_418' title='bbox 1064 4942 1202 4989; x_wconf 85' lang='lat' dir='ltr'><strong>sum,</strong></span> <span class='ocrx_word' id='word_1_419' title='bbox 1231 4924 1405 4978; x_wconf 84' lang='lat' dir='ltr'><strong>nudus</strong></span> <span class='ocrx_word' id='word_1_420' title='bbox 1431 4924 1581 4978; x_wconf 83' lang='lat' dir='ltr'><strong>abibo</strong></span> <span class='ocrx_word' id='word_1_421' title='bbox 1605 4942 1620 4975; x_wconf 83' lang='lat'><strong><em>:</em></strong></span> 
     </span>
    </p>
   </div>
   <div class='ocr_carea' id='block_1_72' title="bbox 538 4993 1711 5065">
    <p class='ocr_par' dir='ltr' id='par_1_72' title="bbox 538 4993 1711 5065">
     <span class='ocr_line' id='line_1_72' title="bbox 538 4993 1711 5065; baseline 0.001 -17"><span class='ocrx_word' id='word_1_422' title='bbox 538 4993 678 5059; x_wconf 80' lang='lat' dir='ltr'><strong>Quid</strong></span> <span class='ocrx_word' id='word_1_423' title='bbox 700 4996 903 5065; x_wconf 84' lang='lat' dir='ltr'><strong>frustra</strong></span> <span class='ocrx_word' id='word_1_424' title='bbox 932 4997 1063 5048; x_wconf 88' lang='lat' dir='ltr'><strong>suda</strong></span> <span class='ocrx_word' id='word_1_425' title='bbox 1091 4995 1279 5065; x_wconf 85' lang='lat' dir='ltr'><strong>funera</strong></span> <span class='ocrx_word' id='word_1_426' title='bbox 1305 4995 1449 5049; x_wconf 62' lang='lat' dir='ltr'><strong>nulla</strong></span> <span class='ocrx_word' id='word_1_427' title='bbox 1480 4996 1657 5049; x_wconf 83' lang='lat' dir='ltr'><strong>videns</strong></span> <span class='ocrx_word' id='word_1_428' title='bbox 1687 4997 1711 5049; x_wconf 83' lang='lat'><strong><em>?</em></strong></span> 
     </span>
    </p>
   </div>
   <div class='ocr_carea' id='block_1_73' title="bbox 467 5106 1978 5178">
    <p class='ocr_par' dir='ltr' id='par_1_73' title="bbox 467 5106 1978 5178">
     <span class='ocr_line' id='line_1_73' title="bbox 467 5106 1978 5178; baseline 0.003 -17"><span class='ocrx_word' id='word_1_429' title='bbox 467 5106 772 5163; x_wconf 84' lang='lat' dir='ltr'><strong>Simonidis.</strong></span> <span class='ocrx_word' id='word_1_430' title='bbox 804 5140 874 5148; x_wconf 92' lang='lat'>—</span> <span class='ocrx_word' id='word_1_431' title='bbox 898 5108 1215 5165; x_wconf 86' lang='lat' dir='ltr'><strong>Simonides</strong></span> <span class='ocrx_word' id='word_1_432' title='bbox 1238 5108 1626 5178; x_wconf 80' lang='lat' dir='ltr'><strong>interroga&#39;us.</strong></span> <span class='ocrx_word' id='word_1_433' title='bbox 1656 5120 1839 5164; x_wconf 89' lang='lat' dir='ltr'><strong>utrum</strong></span> <span class='ocrx_word' id='word_1_434' title='bbox 1866 5127 1978 5166; x_wconf 86' lang='lat' dir='ltr'><strong>ma-</strong></span> 
     </span>
    </p>
   </div>
   <div class='ocr_carea' id='block_1_74' title="bbox 396 5198 1977 5270">
    <p class='ocr_par' dir='ltr' id='par_1_74' title="bbox 396 5198 1977 5270">
     <span class='ocr_line' id='line_1_74' title="bbox 396 5198 1977 5270; baseline 0.003 -19"><span class='ocrx_word' id='word_1_435' title='bbox 396 5200 481 5270; x_wconf 62' lang='lat' dir='ltr'><strong>gis</strong></span> <span class='ocrx_word' id='word_1_436' title='bbox 500 5198 893 5270; x_wconf 77' lang='lat' dir='ltr'><strong>expetendum,</strong></span> <span class='ocrx_word' id='word_1_437' title='bbox 920 5199 1127 5255; x_wconf 74' lang='lat' dir='ltr'><strong>divitiae</strong></span> <span class='ocrx_word' id='word_1_438' title='bbox 1155 5215 1224 5253; x_wconf 90' lang='lat' dir='ltr'><strong>an</strong></span> <span class='ocrx_word' id='word_1_439' title='bbox 1259 5198 1530 5269; x_wconf 84' lang='lat' dir='ltr'><strong>sapientia</strong></span> <span class='ocrx_word' id='word_1_440' title='bbox 1574 5216 1586 5251; x_wconf 94' lang='lat'>:</span> <span class='ocrx_word' id='word_1_441' title='bbox 1622 5198 1842 5261; x_wconf 82' lang='lat' dir='ltr'><strong>Nescio,</strong></span> <span class='ocrx_word' id='word_1_442' title='bbox 1893 5201 1977 5255; x_wconf 83' lang='lat' dir='ltr'><strong>in-</strong></span> 
     </span>
    </p>
   </div>
   <div class='ocr_carea' id='block_1_75' title="bbox 400 5284 1977 5365">
    <p class='ocr_par' dir='ltr' id='par_1_75' title="bbox 400 5284 1977 5365">
     <span class='ocr_line' id='line_1_75' title="bbox 400 5284 1977 5365; baseline 0.004 -21"><span class='ocrx_word' id='word_1_443' title='bbox 400 5292 522 5361; x_wconf 85' lang='lat' dir='ltr'><strong>quit</strong></span> <span class='ocrx_word' id='word_1_444' title='bbox 550 5284 761 5347; x_wconf 19' lang='lat' dir='ltr'><strong>:lvideo</strong></span> <span class='ocrx_word' id='word_1_445' title='bbox 805 5301 988 5348; x_wconf 89' lang='lat' dir='ltr'><strong>tamen</strong></span> <span class='ocrx_word' id='word_1_446' title='bbox 1044 5292 1325 5364; x_wconf 87' lang='lat' dir='ltr'><strong>sapientes</strong></span> <span class='ocrx_word' id='word_1_447' title='bbox 1358 5291 1595 5347; x_wconf 88' lang='lat' dir='ltr'><strong>divitum</strong></span> <span class='ocrx_word' id='word_1_448' title='bbox 1629 5294 1829 5365; x_wconf 85' lang='lat' dir='ltr'><strong>januas</strong></span> <span class='ocrx_word' id='word_1_449' title='bbox 1865 5295 1977 5351; x_wconf 83' lang='lat' dir='ltr'><strong>fre-</strong></span> 
     </span>
    </p>
   </div>
   <div class='ocr_carea' id='block_1_76' title="bbox 405 5394 762 5455">
    <p class='ocr_par' dir='ltr' id='par_1_76' title="bbox 405 5394 762 5455">
     <span class='ocr_line' id='line_1_76' title="bbox 405 5394 762 5455; baseline 0.006 -18"><span class='ocrx_word' id='word_1_450' title='bbox 405 5394 762 5455; x_wconf 84' lang='lat' dir='ltr'><strong>qttentanles.</strong></span> 
     </span>
    </p>
   </div>
   <div class='ocr_carea' id='block_1_77' title="bbox 474 5472 1977 5550">
    <p class='ocr_par' dir='ltr' id='par_1_77' title="bbox 474 5472 1977 5550">
     <span class='ocr_line' id='line_1_77' title="bbox 474 5472 1977 5550; baseline 0.003 -21"><span class='ocrx_word' id='word_1_451' title='bbox 474 5477 737 5532; x_wconf 79' lang='lat' dir='ltr'><strong>Aristidis.</strong></span> <span class='ocrx_word' id='word_1_452' title='bbox 773 5509 840 5518; x_wconf 88' lang='lat'><strong>——</strong></span> <span class='ocrx_word' id='word_1_453' title='bbox 865 5478 1135 5534; x_wconf 79' lang='lat' dir='ltr'><strong>Aristides</strong></span> <span class='ocrx_word' id='word_1_454' title='bbox 1184 5472 1549 5550; x_wconf 79' lang='lat' dir='ltr'><strong>cognomento</strong></span> <span class='ocrx_word' id='word_1_455' title='bbox 1598 5481 1811 5544; x_wconf 83' lang='lat' dir='ltr'><strong>Justus,</strong></span> <span class='ocrx_word' id='word_1_456' title='bbox 1852 5496 1977 5533; x_wconf 88' lang='lat' dir='ltr'><strong>cum</strong></span> 
     </span>
    </p>
   </div>
   <div class='ocr_carea' id='block_1_78' title="bbox 381 5556 1979 5643">
    <p class='ocr_par' dir='ltr' id='par_1_78' title="bbox 381 5556 1979 5643">
     <span class='ocr_line' id='line_1_78' title="bbox 381 5556 1979 5643; baseline 0.004 -26"><span class='ocrx_word' id='word_1_457' title='bbox 381 5565 631 5638; x_wconf 82' lang='lat' dir='ltr'><strong>.quidam</strong></span> <span class='ocrx_word' id='word_1_458' title='bbox 658 5569 707 5623; x_wconf 86' lang='lat' dir='ltr'><strong>ei</strong></span> <span class='ocrx_word' id='word_1_459' title='bbox 745 5569 899 5624; x_wconf 74' lang='lat' dir='ltr'><strong>dives</strong></span> <span class='ocrx_word' id='word_1_460' title='bbox 920 5556 1303 5640; x_wconf 79' lang='lat' dir='ltr'><strong>paupertatem</strong></span> <span class='ocrx_word' id='word_1_461' title='bbox 1350 5573 1713 5643; x_wconf 82' lang='lat' dir='ltr'><strong>exprobraret</strong></span> <span class='ocrx_word' id='word_1_462' title='bbox 1771 5589 1783 5625; x_wconf 90' lang='lat'><strong>:</strong></span> <span class='ocrx_word' id='word_1_463' title='bbox 1814 5571 1979 5636; x_wconf 77' lang='lat' dir='ltr'><strong>Mihi,</strong></span> 
     </span>
    </p>
   </div>
   <div class='ocr_carea' id='block_1_79' title="bbox 2067 1731 3639 1803">
    <p class='ocr_par' dir='ltr' id='par_1_79' title="bbox 2067 1731 3639 1803">
     <span class='ocr_line' id='line_1_79' title="bbox 2067 1731 3639 1803; baseline 0.001 -18"><span class='ocrx_word' id='word_1_464' title='bbox 2067 1732 2121 1784; x_wconf 91' lang='grc' dir='ltr'><strong>σί</strong></span> <span class='ocrx_word' id='word_1_465' title='bbox 2148 1749 2207 1786; x_wconf 87' lang='grc' dir='ltr'><strong>τε</strong></span> <span class='ocrx_word' id='word_1_466' title='bbox 2242 1733 2339 1785; x_wconf 76' lang='grc' dir='ltr'>καὶ</span> <span class='ocrx_word' id='word_1_467' title='bbox 2366 1731 2750 1803; x_wconf 82' lang='grc' dir='ltr'>τεθαυμάκασι</span> <span class='ocrx_word' id='word_1_468' title='bbox 2773 1750 2789 1764; x_wconf 87' lang='grc'><strong>·</strong></span> <span class='ocrx_word' id='word_1_469' title='bbox 2842 1733 2953 1787; x_wconf 87' lang='grc' dir='ltr'><strong>τῶν</strong></span> <span class='ocrx_word' id='word_1_470' title='bbox 2977 1734 3034 1787; x_wconf 82' lang='grc' dir='ltr'>δὲ</span> <span class='ocrx_word' id='word_1_471' title='bbox 3067 1734 3392 1799; x_wconf 82' lang='grc' dir='ltr'>σπουδαίων,</span> <span class='ocrx_word' id='word_1_472' title='bbox 3425 1732 3639 1787; x_wconf 70' lang='grc' dir='ltr'>ἐπειδὰν</span> 
     </span>
    </p>
   </div>
   <div class='ocr_carea' id='block_1_80' title="bbox 2065 1824 3358 1897">
    <p class='ocr_par' dir='ltr' id='par_1_80' title="bbox 2065 1824 3358 1897">
     <span class='ocr_line' id='line_1_80' title="bbox 2065 1824 3358 1897; baseline 0 -17"><span class='ocrx_word' id='word_1_473' title='bbox 2065 1824 2417 1896; x_wconf 81' lang='grc' dir='ltr'>ἀχρηματίαν</span> <span class='ocrx_word' id='word_1_474' title='bbox 2470 1824 2839 1893; x_wconf 84' lang='grc' dir='ltr'>καταγνῶσιν,</span> <span class='ocrx_word' id='word_1_475' title='bbox 2872 1825 3358 1897; x_wconf 81' lang='grc' dir='ltr'>ὑπερφρονέουσιν.</span> 
     </span>
    </p>
   </div>
   <div class='ocr_carea' id='block_1_81' title="bbox 2671 1937 3046 2005">
    <p class='ocr_par' dir='ltr' id='par_1_81' title="bbox 2671 1937 3046 2005">
     <span class='ocr_line' id='line_1_81' title="bbox 2671 1937 3046 2005; baseline 0 -13"><span class='ocrx_word' id='word_1_476' title='bbox 2671 1937 3046 2005; x_wconf 73' lang='grc' dir='ltr'>Μενάνδρου.</span> 
     </span>
    </p>
   </div>
   <div class='ocr_carea' id='block_1_82' title="bbox 2217 2027 3575 2110">
    <p class='ocr_par' dir='ltr' id='par_1_82' title="bbox 2217 2027 3575 2110">
     <span class='ocr_line' id='line_1_82' title="bbox 2217 2027 3575 2110; baseline -0.001 -29"><span class='ocrx_word' id='word_1_477' title='bbox 2217 2027 2433 2110; x_wconf 46' lang='lat' dir='ltr'><strong>fugin</strong></span> <span class='ocrx_word' id='word_1_478' title='bbox 2453 2028 2629 2110; x_wconf 55' lang='lat' dir='ltr'><strong>exe»:</strong></span> <span class='ocrx_word' id='word_1_479' title='bbox 2644 2029 2737 2110; x_wconf 82' lang='grc' dir='ltr'>δεῖ</span> <span class='ocrx_word' id='word_1_480' title='bbox 2758 2030 3083 2110; x_wconf 68' lang='grc' dir='ltr'>πλουσίαν·</span> <span class='ocrx_word' id='word_1_481' title='bbox 3115 2030 3185 2082; x_wconf 83' lang='grc' dir='ltr'>τὰ</span> <span class='ocrx_word' id='word_1_482' title='bbox 3206 2028 3277 2110; x_wconf 59' lang='grc' dir='ltr'><strong>δέ</strong></span> <span class='ocrx_word' id='word_1_483' title='bbox 3289 2028 3575 2110; x_wconf 45' lang='grc' dir='ltr'>,χρήματα</span> 
     </span>
    </p>
   </div>
   <div class='ocr_carea' id='block_1_83' title="bbox 2212 2098 3395 2169">
    <p class='ocr_par' dir='ltr' id='par_1_83' title="bbox 2212 2098 3395 2169">
     <span class='ocr_line' id='line_1_83' title="bbox 2212 2098 3395 2169; baseline 0.003 -18"><span class='ocrx_word' id='word_1_484' title='bbox 2212 2098 2381 2152; x_wconf 81' lang='grc' dir='ltr'>Ταῦτ’</span> <span class='ocrx_word' id='word_1_485' title='bbox 2401 2100 2574 2153; x_wconf 79' lang='grc' dir='ltr'>ἐστιν</span> <span class='ocrx_word' id='word_1_486' title='bbox 2596 2098 2737 2168; x_wconf 70' lang='grc' dir='ltr'>ὄψις</span> <span class='ocrx_word' id='word_1_487' title='bbox 2769 2099 3207 2169; x_wconf 80' lang='grc' dir='ltr'>παραπέτασμα</span> <span class='ocrx_word' id='word_1_488' title='bbox 3227 2099 3395 2163; x_wconf 75' lang='grc' dir='ltr'>βίου.</span> 
     </span>
    </p>
   </div>
   <div class='ocr_carea' id='block_1_84' title="bbox 2207 2227 3431 2299">
    <p class='ocr_par' dir='ltr' id='par_1_84' title="bbox 2207 2227 3431 2299">
     <span class='ocr_line' id='line_1_84' title="bbox 2207 2227 3431 2299; baseline 0.002 -19"><span class='ocrx_word' id='word_1_489' title='bbox 2207 2227 2513 2299; x_wconf 62' lang='grc' dir='ltr'>Μακάριος</span> <span class='ocrx_word' id='word_1_490' title='bbox 2538 2228 2711 2299; x_wconf 60' lang='grc' dir='ltr'>ὅστις</span> <span class='ocrx_word' id='word_1_491' title='bbox 2737 2231 2960 2299; x_wconf 80' lang='grc' dir='ltr'>οὐσίαν</span> <span class='ocrx_word' id='word_1_492' title='bbox 2987 2230 3084 2299; x_wconf 77' lang='grc' dir='ltr'>καὶ</span> <span class='ocrx_word' id='word_1_493' title='bbox 3108 2230 3260 2284; x_wconf 88' lang='grc' dir='ltr'>νοῦν</span> <span class='ocrx_word' id='word_1_494' title='bbox 3283 2229 3431 2299; x_wconf 77' lang='grc' dir='ltr'>ἔχει.</span> 
     </span>
    </p>
   </div>
   <div class='ocr_carea' id='block_1_85' title="bbox 2208 2294 3534 2365">
    <p class='ocr_par' dir='ltr' id='par_1_85' title="bbox 2208 2294 3534 2365">
     <span class='ocr_line' id='line_1_85' title="bbox 2208 2294 3534 2365; baseline 0.005 -16"><span class='ocrx_word' id='word_1_495' title='bbox 2208 2294 2430 2365; x_wconf 82' lang='grc' dir='ltr'>Χρῆται</span> <span class='ocrx_word' id='word_1_496' title='bbox 2450 2300 2561 2365; x_wconf 76' lang='grc' dir='ltr'>γὰρ</span> <span class='ocrx_word' id='word_1_497' title='bbox 2588 2294 2767 2365; x_wconf 82' lang='grc' dir='ltr'>οὗτος</span> <span class='ocrx_word' id='word_1_498' title='bbox 2796 2302 2884 2363; x_wconf 79' lang='grc' dir='ltr'>εις</span> <span class='ocrx_word' id='word_1_499' title='bbox 2911 2298 2950 2352; x_wconf 85' lang='lat' dir='ltr'><strong>d</strong></span> <span class='ocrx_word' id='word_1_500' title='bbox 2977 2298 3074 2354; x_wconf 85' lang='grc' dir='ltr'>δεῖ</span> <span class='ocrx_word' id='word_1_501' title='bbox 3095 2300 3284 2353; x_wconf 85' lang='grc' dir='ltr'>ταῦτα</span> <span class='ocrx_word' id='word_1_502' title='bbox 3310 2294 3534 2365; x_wconf 67' lang='grc' dir='ltr'>καλῶς.</span> 
     </span>
    </p>
   </div>
   <div class='ocr_carea' id='block_1_86' title="bbox 2196 2363 3253 2437">
    <p class='ocr_par' dir='ltr' id='par_1_86' title="bbox 2196 2363 3253 2437">
     <span class='ocr_line' id='line_1_86' title="bbox 2196 2363 3253 2437; baseline 0.005 -19"><span class='ocrx_word' id='word_1_503' title='bbox 2196 2363 2638 2437; x_wconf 14' lang='grc' dir='ltr'>’Ὀοντιςίῦπέχει</span> <span class='ocrx_word' id='word_1_504' title='bbox 2667 2363 2898 2436; x_wconf 56' lang='lat' dir='ltr'><strong>moon.)</strong></span> <span class='ocrx_word' id='word_1_505' title='bbox 2928 2369 3034 2437; x_wconf 72' lang='grc' dir='ltr'>τὴν</span> <span class='ocrx_word' id='word_1_506' title='bbox 3068 2369 3253 2436; x_wconf 68' lang='grc' dir='ltr'>χεῷα,</span> 
     </span>
    </p>
   </div>
   <div class='ocr_carea' id='block_1_87' title="bbox 2207 2434 3312 2505">
    <p class='ocr_par' dir='ltr' id='par_1_87' title="bbox 2207 2434 3312 2505">
     <span class='ocr_line' id='line_1_87' title="bbox 2207 2434 3312 2505; baseline 0.005 -16"><span class='ocrx_word' id='word_1_507' title='bbox 2207 2434 2335 2489; x_wconf 83' lang='grc' dir='ltr'>Κᾶν</span> <span class='ocrx_word' id='word_1_508' title='bbox 2355 2436 2442 2505; x_wconf 76' lang='grc' dir='ltr'>μὴ</span> <span class='ocrx_word' id='word_1_509' title='bbox 2469 2434 2640 2505; x_wconf 62' lang='lat' dir='ltr'><strong>mal,</strong></span> <span class='ocrx_word' id='word_1_510' title='bbox 2668 2434 2907 2505; x_wconf 63' lang='grc' dir='ltr'>ἑτονηρὰ</span> <span class='ocrx_word' id='word_1_511' title='bbox 2926 2434 3312 2502; x_wconf 65' lang='grc' dir='ltr'>βουλεύεται.</span> 
     </span>
    </p>
   </div>
   <div class='ocr_carea' id='block_1_88' title="bbox 2215 2506 3531 2577">
    <p class='ocr_par' dir='ltr' id='par_1_88' title="bbox 2215 2506 3531 2577">
     <span class='ocr_line' id='line_1_88' title="bbox 2215 2506 3531 2577; baseline 0.004 -19"><span class='ocrx_word' id='word_1_512' title='bbox 2215 2508 2298 2577; x_wconf 81' lang='grc' dir='ltr'>οὐ</span> <span class='ocrx_word' id='word_1_513' title='bbox 2328 2506 2566 2560; x_wconf 79' lang='grc' dir='ltr'>πώποτε</span> <span class='ocrx_word' id='word_1_514' title='bbox 2594 2507 2863 2577; x_wconf 55' lang='lat' dir='ltr'><strong>structura</strong></span> <span class='ocrx_word' id='word_1_515' title='bbox 2889 2508 3271 2577; x_wconf 69' lang='grc' dir='ltr'>πλουτοῦντμ</span> <span class='ocrx_word' id='word_1_516' title='bbox 3293 2508 3531 2577; x_wconf 74' lang='grc' dir='ltr'>σφόδρα</span> 
     </span>
    </p>
   </div>
   <div class='ocr_carea' id='block_1_89' title="bbox 2206 2572 3468 2648">
    <p class='ocr_par' dir='ltr' id='par_1_89' title="bbox 2206 2572 3468 2648">
     <span class='ocr_line' id='line_1_89' title="bbox 2206 2572 3468 2648; baseline 0.002 -19"><span class='ocrx_word' id='word_1_517' title='bbox 2206 2575 2557 2648; x_wconf 67' lang='grc' dir='ltr'>Ἄνθρωπον</span> <span class='ocrx_word' id='word_1_518' title='bbox 2577 2576 2970 2648; x_wconf 66' lang='grc' dir='ltr'>απολαύοντα</span> <span class='ocrx_word' id='word_1_519' title='bbox 2993 2577 3187 2648; x_wconf 69' lang='grc' dir='ltr'>μηδέν</span> <span class='ocrx_word' id='word_1_520' title='bbox 3208 2572 3297 2631; x_wconf 83' lang='grc' dir='ltr'>ὧν</span> <span class='ocrx_word' id='word_1_521' title='bbox 3322 2572 3468 2648; x_wconf 54' lang='lat' dir='ltr'><strong>iter:</strong></span> 
     </span>
    </p>
   </div>
   <div class='ocr_carea' id='block_1_90' title="bbox 2208 2641 3645 2717">
    <p class='ocr_par' dir='ltr' id='par_1_90' title="bbox 2208 2641 3645 2717">
     <span class='ocr_line' id='line_1_90' title="bbox 2208 2641 3645 2717; baseline 0.003 -19"><span class='ocrx_word' id='word_1_522' title='bbox 2208 2641 2433 2714; x_wconf 73' lang='grc' dir='ltr'>Λέγεις,</span> <span class='ocrx_word' id='word_1_523' title='bbox 2464 2645 2502 2698; x_wconf 80' lang='lat' dir='ltr'><strong>d</strong></span> <span class='ocrx_word' id='word_1_524' title='bbox 2525 2644 2595 2699; x_wconf 82' lang='grc' dir='ltr'><strong>δέ</strong></span> <span class='ocrx_word' id='word_1_525' title='bbox 2612 2647 2829 2715; x_wconf 70' lang='grc' dir='ltr'>λέγεις,</span> <span class='ocrx_word' id='word_1_526' title='bbox 2857 2641 3038 2702; x_wconf 78' lang='grc' dir='ltr'>ἕνεκα</span> <span class='ocrx_word' id='word_1_527' title='bbox 3059 2641 3167 2701; x_wconf 79' lang='grc' dir='ltr'>τοῦ</span> <span class='ocrx_word' id='word_1_528' title='bbox 3189 2641 3398 2703; x_wconf 69' lang='grc' dir='ltr'>λαϐεῖν</span> <span class='ocrx_word' id='word_1_529' title='bbox 3424 2646 3645 2717; x_wconf 69' lang='grc' dir='ltr'>λέγεις.</span> 
     </span>
    </p>
   </div>
   <div class='ocr_carea' id='block_1_91' title="bbox 2685 2758 3021 2828">
    <p class='ocr_par' dir='ltr' id='par_1_91' title="bbox 2685 2758 3021 2828">
     <span class='ocr_line' id='line_1_91' title="bbox 2685 2758 3021 2828; baseline 0.015 -16"><span class='ocrx_word' id='word_1_530' title='bbox 2685 2758 3021 2828; x_wconf 81' lang='grc' dir='ltr'>Κράτωνος.</span> 
     </span>
    </p>
   </div>
   <div class='ocr_carea' id='block_1_92' title="bbox 2212 2848 3531 2921">
    <p class='ocr_par' dir='ltr' id='par_1_92' title="bbox 2212 2848 3531 2921">
     <span class='ocr_line' id='line_1_92' title="bbox 2212 2848 3531 2921; baseline 0.003 -19"><span class='ocrx_word' id='word_1_531' title='bbox 2212 2851 2336 2921; x_wconf 68' lang='grc' dir='ltr'><strong>Οὐκ</strong></span> <span class='ocrx_word' id='word_1_532' title='bbox 2366 2848 2498 2903; x_wconf 82' lang='grc' dir='ltr'>ἔστι</span> <span class='ocrx_word' id='word_1_533' title='bbox 2522 2852 2734 2918; x_wconf 81' lang='grc' dir='ltr'>πενίας</span> <span class='ocrx_word' id='word_1_534' title='bbox 2756 2851 2957 2921; x_wconf 73' lang='grc' dir='ltr'>μεῖζον</span> <span class='ocrx_word' id='word_1_535' title='bbox 2983 2852 3167 2907; x_wconf 82' lang='grc' dir='ltr'>οὐδὲν</span> <span class='ocrx_word' id='word_1_536' title='bbox 3196 2852 3269 2906; x_wconf 81' lang='grc' dir='ltr'>ἐν</span> <span class='ocrx_word' id='word_1_537' title='bbox 3289 2853 3409 2918; x_wconf 81' lang='grc' dir='ltr'>,ϐίῳ</span> <span class='ocrx_word' id='word_1_538' title='bbox 3440 2920 3443 2921; x_wconf 16' lang='grc' dir='ltr'><em>ν</em></span> <span class='ocrx_word' id='word_1_539' title='bbox 3518 2878 3531 2891; x_wconf 66' lang='grc' dir='ltr'><em>ι</em></span> 
     </span>
    </p>
   </div>
   <div class='ocr_carea' id='block_1_93' title="bbox 2210 2916 3643 2992">
    <p class='ocr_par' dir='ltr' id='par_1_93' title="bbox 2210 2916 3643 2992">
     <span class='ocr_line' id='line_1_93' title="bbox 2210 2916 3643 2992; baseline 0.006 -21"><span class='ocrx_word' id='word_1_540' title='bbox 2210 2919 2545 2990; x_wconf 79' lang='grc' dir='ltr'>Σύμπτωμα</span> <span class='ocrx_word' id='word_1_541' title='bbox 2562 2939 2575 2952; x_wconf 90' lang='grc'>·</span> <span class='ocrx_word' id='word_1_542' title='bbox 2608 2916 2846 2992; x_wconf 61' lang='grc' dir='ltr'>καϊπίὰρ</span> <span class='ocrx_word' id='word_1_543' title='bbox 2875 2920 2954 2977; x_wconf 84' lang='grc' dir='ltr'>ἂν</span> <span class='ocrx_word' id='word_1_544' title='bbox 2975 2924 3158 2991; x_wconf 72' lang='grc' dir='ltr'>φύσει</span> <span class='ocrx_word' id='word_1_545' title='bbox 3190 2916 3523 2988; x_wconf 75' lang='grc' dir='ltr'>σπουδαῖος</span> <span class='ocrx_word' id='word_1_546' title='bbox 3543 2916 3643 2992; x_wconf 80' lang='grc' dir='ltr'><strong>ᾗς,</strong></span> 
     </span>
    </p>
   </div>
   <div class='ocr_carea' id='block_1_94' title="bbox 2356 2991 3145 3068">
    <p class='ocr_par' dir='ltr' id='par_1_94' title="bbox 2356 2991 3145 3068">
     <span class='ocr_line' id='line_1_94' title="bbox 2356 2991 3145 3068; baseline 0.001 -25"><span class='ocrx_word' id='word_1_547' title='bbox 2356 3057 2382 3068; x_wconf 40' lang='grc' dir='ltr'><strong>ο</strong></span> <span class='ocrx_word' id='word_1_548' title='bbox 2514 2991 2985 3068; x_wconf 42' lang='grc' dir='ltr'>’Καταγέλαοξτος</span> <span class='ocrx_word' id='word_1_549' title='bbox 3008 2992 3145 3068; x_wconf 59' lang='grc' dir='ltr'>έςῃ.</span> 
     </span>
    </p>
   </div>
   <div class='ocr_carea' id='block_1_95' title="bbox 2213 3058 3644 3131">
    <p class='ocr_par' dir='ltr' id='par_1_95' title="bbox 2213 3058 3644 3131">
     <span class='ocr_line' id='line_1_95' title="bbox 2213 3058 3644 3131; baseline 0.002 -19"><span class='ocrx_word' id='word_1_550' title='bbox 2213 3058 2421 3125; x_wconf 75' lang='grc' dir='ltr'>Καλῶς</span> <span class='ocrx_word' id='word_1_551' title='bbox 2451 3058 2741 3117; x_wconf 79' lang='grc' dir='ltr'>πένεσθαι</span> <span class='ocrx_word' id='word_1_552' title='bbox 2760 3059 3024 3131; x_wconf 73' lang='grc' dir='ltr'>μᾶλλον,</span> <span class='ocrx_word' id='word_1_553' title='bbox 3054 3058 3407 3131; x_wconf 75' lang='grc' dir='ltr'>ἦπλουτεῒν</span> <span class='ocrx_word' id='word_1_554' title='bbox 3426 3059 3644 3126; x_wconf 81' lang='grc' dir='ltr'>κακῶς·</span> 
     </span>
    </p>
   </div>
   <div class='ocr_carea' id='block_1_96' title="bbox 2218 3188 3541 3265">
    <p class='ocr_par' dir='ltr' id='par_1_96' title="bbox 2218 3188 3541 3265">
     <span class='ocr_line' id='line_1_96' title="bbox 2218 3188 3541 3265; baseline 0.005 -21"><span class='ocrx_word' id='word_1_555' title='bbox 2218 3188 2288 3244; x_wconf 78' lang='grc' dir='ltr'><strong>Τὸ</strong></span> <span class='ocrx_word' id='word_1_556' title='bbox 2309 3190 2427 3259; x_wconf 83' lang='grc' dir='ltr'>μὲν</span> <span class='ocrx_word' id='word_1_557' title='bbox 2449 3194 2561 3261; x_wconf 77' lang='grc' dir='ltr'>γὰρ</span> <span class='ocrx_word' id='word_1_558' title='bbox 2585 3192 2785 3259; x_wconf 72' lang='grc' dir='ltr'>ἔλεον,</span> <span class='ocrx_word' id='word_1_559' title='bbox 2819 3194 2890 3247; x_wconf 88' lang='grc' dir='ltr'>τὸ</span> <span class='ocrx_word' id='word_1_560' title='bbox 2914 3192 2968 3247; x_wconf 85' lang='grc' dir='ltr'>δ’</span> <span class='ocrx_word' id='word_1_561' title='bbox 2988 3194 3337 3265; x_wconf 71' lang='grc' dir='ltr'>ἐπιτίμησιν</span> <span class='ocrx_word' id='word_1_562' title='bbox 3355 3196 3541 3265; x_wconf 75' lang='grc' dir='ltr'>φέρει.</span> 
     </span>
    </p>
   </div>
   <div class='ocr_carea' id='block_1_97' title="bbox 2152 3303 3653 3380">
    <p class='ocr_par' dir='ltr' id='par_1_97' title="bbox 2152 3303 3653 3380">
     <span class='ocr_line' id='line_1_97' title="bbox 2152 3303 3653 3380; baseline 0.002 -21"><span class='ocrx_word' id='word_1_563' title='bbox 2152 3306 2251 3359; x_wconf 83' lang='grc' dir='ltr'>Ἐκ</span> <span class='ocrx_word' id='word_1_564' title='bbox 2278 3303 2397 3358; x_wconf 87' lang='grc' dir='ltr'><strong>τῶν</strong></span> <span class='ocrx_word' id='word_1_565' title='bbox 2425 3308 2864 3375; x_wconf 81' lang='grc' dir='ltr'>Φαυωρίνου.-</span> <span class='ocrx_word' id='word_1_566' title='bbox 2879 3309 3109 3373; x_wconf 79' lang='grc' dir='ltr'>Βοιωτὸς</span> <span class='ocrx_word' id='word_1_567' title='bbox 3133 3307 3373 3379; x_wconf 65' lang='grc' dir='ltr'>ἐντυχὼν</span> <span class='ocrx_word' id='word_1_568' title='bbox 3396 3308 3653 3380; x_wconf 80' lang='grc' dir='ltr'><strong>θησαυρῷ</strong></span> 
     </span>
    </p>
   </div>
   <div class='ocr_carea' id='block_1_98' title="bbox 2072 3396 3651 3472">
    <p class='ocr_par' dir='ltr' id='par_1_98' title="bbox 2072 3396 3651 3472">
     <span class='ocr_line' id='line_1_98' title="bbox 2072 3396 3651 3472; baseline 0.002 -20"><span class='ocrx_word' id='word_1_569' title='bbox 2072 3397 2209 3469; x_wconf 84' lang='grc' dir='ltr'><strong>μετά</strong></span> <span class='ocrx_word' id='word_1_570' title='bbox 2239 3396 2614 3467; x_wconf 79' lang='grc' dir='ltr'>ἑϐδομήκοντα</span> <span class='ocrx_word' id='word_1_571' title='bbox 2635 3398 2729 3468; x_wconf 78' lang='grc' dir='ltr'>ἐτη</span> <span class='ocrx_word' id='word_1_572' title='bbox 2756 3440 2770 3464; x_wconf 93' lang='grc'><strong>,</strong></span> <span class='ocrx_word' id='word_1_573' title='bbox 2808 3400 3024 3471; x_wconf 86' lang='grc' dir='ltr'>ὲπάρας</span> <span class='ocrx_word' id='word_1_574' title='bbox 3054 3399 3115 3455; x_wconf 83' lang='grc' dir='ltr'>τὸ</span> <span class='ocrx_word' id='word_1_575' title='bbox 3144 3401 3333 3465; x_wconf 79' lang='grc' dir='ltr'>σκέλος</span> <span class='ocrx_word' id='word_1_576' title='bbox 3360 3401 3651 3472; x_wconf 84' lang='grc' dir='ltr'>ἀπεματά-</span> 
     </span>
    </p>
   </div>
   <div class='ocr_carea' id='block_1_99' title="bbox 2072 3489 3470 3563">
    <p class='ocr_par' dir='ltr' id='par_1_99' title="bbox 2072 3489 3470 3563">
     <span class='ocr_line' id='line_1_99' title="bbox 2072 3489 3470 3563; baseline 0.003 -21"><span class='ocrx_word' id='word_1_577' title='bbox 2072 3506 2155 3542; x_wconf 85' lang='grc' dir='ltr'><strong>ισε</strong></span> <span class='ocrx_word' id='word_1_578' title='bbox 2187 3491 2283 3542; x_wconf 74' lang='grc' dir='ltr'>καὶ</span> <span class='ocrx_word' id='word_1_579' title='bbox 2308 3489 2609 3559; x_wconf 82' lang='grc' dir='ltr'>παρῆλθεν,</span> <span class='ocrx_word' id='word_1_580' title='bbox 2642 3489 2715 3553; x_wconf 84' lang='grc' dir='ltr'>ὡς</span> <span class='ocrx_word' id='word_1_581' title='bbox 2749 3490 2933 3544; x_wconf 77' lang='grc' dir='ltr'>οὐκέτι</span> <span class='ocrx_word' id='word_1_582' title='bbox 2960 3492 3090 3547; x_wconf 75' lang='grc' dir='ltr'>ὄντα</span> <span class='ocrx_word' id='word_1_583' title='bbox 3118 3492 3258 3563; x_wconf 82' lang='grc' dir='ltr'>πρὸς</span> <span class='ocrx_word' id='word_1_584' title='bbox 3284 3493 3470 3547; x_wconf 84' lang='grc' dir='ltr'>αὐτόν.</span> 
     </span>
    </p>
   </div>
   <div class='ocr_carea' id='block_1_100' title="bbox 2148 3575 3654 3654">
    <p class='ocr_par' dir='ltr' id='par_1_100' title="bbox 2148 3575 3654 3654">
     <span class='ocr_line' id='line_1_100' title="bbox 2148 3575 3654 3654; baseline 0.001 -21"><span class='ocrx_word' id='word_1_585' title='bbox 2148 3581 2355 3651; x_wconf 84' lang='grc' dir='ltr'>Ὠσπερ</span> <span class='ocrx_word' id='word_1_586' title='bbox 2382 3581 2475 3633; x_wconf 85' lang='grc' dir='ltr'>τὸν</span> <span class='ocrx_word' id='word_1_587' title='bbox 2500 3579 2664 3633; x_wconf 82' lang='grc' dir='ltr'>αὐτὸν</span> <span class='ocrx_word' id='word_1_588' title='bbox 2690 3575 2836 3635; x_wconf 84' lang='grc' dir='ltr'>οίνον</span> <span class='ocrx_word' id='word_1_589' title='bbox 2862 3580 3131 3648; x_wconf 86' lang='grc' dir='ltr'>πίνοντες,</span> <span class='ocrx_word' id='word_1_590' title='bbox 3162 3585 3211 3636; x_wconf 74' lang='lat' dir='ltr'><strong>oi</strong></span> <span class='ocrx_word' id='word_1_591' title='bbox 3239 3582 3338 3654; x_wconf 71' lang='grc' dir='ltr'>μὲν</span> <span class='ocrx_word' id='word_1_592' title='bbox 3366 3581 3654 3654; x_wconf 79' lang='grc' dir='ltr'>παροινοῦ-</span> 
     </span>
    </p>
   </div>
   <div class='ocr_carea' id='block_1_101' title="bbox 2071 3669 3441 3740">
    <p class='ocr_par' dir='ltr' id='par_1_101' title="bbox 2071 3669 3441 3740">
     <span class='ocr_line' id='line_1_101' title="bbox 2071 3669 3441 3740; baseline 0.001 -13"><span class='ocrx_word' id='word_1_593' title='bbox 2071 3689 2179 3738; x_wconf 90' lang='grc' dir='ltr'>σιν,</span> <span class='ocrx_word' id='word_1_594' title='bbox 2215 3672 2263 3724; x_wconf 88' lang='lat' dir='ltr'><strong>ol</strong></span> <span class='ocrx_word' id='word_1_595' title='bbox 2292 3669 2350 3723; x_wconf 76' lang='grc' dir='ltr'>δὲ</span> <span class='ocrx_word' id='word_1_596' title='bbox 2380 3670 2750 3740; x_wconf 82' lang='grc' dir='ltr'>πραΰνονται·</span> <span class='ocrx_word' id='word_1_597' title='bbox 2782 3670 2928 3725; x_wconf 84' lang='grc' dir='ltr'>οὕτω</span> <span class='ocrx_word' id='word_1_598' title='bbox 2955 3673 3050 3727; x_wconf 81' lang='grc' dir='ltr'>καὶ</span> <span class='ocrx_word' id='word_1_599' title='bbox 3074 3673 3165 3728; x_wconf 81' lang='grc' dir='ltr'>τὸν</span> <span class='ocrx_word' id='word_1_600' title='bbox 3189 3673 3441 3729; x_wconf 84' lang='grc' dir='ltr'>πλοῦτον.</span> 
     </span>
    </p>
   </div>
   <div class='ocr_carea' id='block_1_102' title="bbox 2142 3936 3656 4007">
    <p class='ocr_par' dir='ltr' id='par_1_102' title="bbox 2142 3936 3656 4007">
     <span class='ocr_line' id='line_1_102' title="bbox 2142 3936 3656 4007; baseline -0.001 -15"><span class='ocrx_word' id='word_1_601' title='bbox 2142 3937 2387 4003; x_wconf 86' lang='grc' dir='ltr'>Βίωνος.</span> <span class='ocrx_word' id='word_1_602' title='bbox 2435 3969 2507 3979; x_wconf 90' lang='grc'><strong><em>-</em></strong></span> <span class='ocrx_word' id='word_1_603' title='bbox 2570 3937 2711 3991; x_wconf 87' lang='grc' dir='ltr'>Βίων</span> <span class='ocrx_word' id='word_1_604' title='bbox 2780 3938 3221 4007; x_wconf 81' lang='grc' dir='ltr'>καταγελάστους</span> <span class='ocrx_word' id='word_1_605' title='bbox 3284 3936 3468 4006; x_wconf 75' lang='grc' dir='ltr'>ἔλεγεν</span> <span class='ocrx_word' id='word_1_606' title='bbox 3526 3939 3656 4001; x_wconf 78' lang='grc' dir='ltr'>τοὺς</span> 
     </span>
    </p>
   </div>
   <div class='ocr_carea' id='block_1_103' title="bbox 2073 4028 3654 4100">
    <p class='ocr_par' dir='ltr' id='par_1_103' title="bbox 2073 4028 3654 4100">
     <span class='ocr_line' id='line_1_103' title="bbox 2073 4028 3654 4100; baseline -0.001 -18"><span class='ocrx_word' id='word_1_607' title='bbox 2073 4028 2477 4093; x_wconf 78' lang='grc' dir='ltr'>σπουδάζοντας</span> <span class='ocrx_word' id='word_1_608' title='bbox 2509 4031 2637 4099; x_wconf 76' lang='grc' dir='ltr'>περὶ</span> <span class='ocrx_word' id='word_1_609' title='bbox 2662 4030 2756 4083; x_wconf 81' lang='grc' dir='ltr'>τὸν</span> <span class='ocrx_word' id='word_1_610' title='bbox 2785 4029 3034 4094; x_wconf 80' lang='grc' dir='ltr'>πλοῦτον,</span> <span class='ocrx_word' id='word_1_611' title='bbox 3087 4031 3153 4083; x_wconf 82' lang='grc' dir='ltr'><strong>δν</strong></span> <span class='ocrx_word' id='word_1_612' title='bbox 3198 4028 3335 4100; x_wconf 80' lang='grc' dir='ltr'>τύχη</span> <span class='ocrx_word' id='word_1_613' title='bbox 3374 4029 3475 4098; x_wconf 83' lang='grc' dir='ltr'>μὲν</span> <span class='ocrx_word' id='word_1_614' title='bbox 3508 4045 3654 4099; x_wconf 81' lang='grc' dir='ltr'>παρ-</span> 
     </span>
    </p>
   </div>
   <div class='ocr_carea' id='block_1_104' title="bbox 2071 4120 3656 4192">
    <p class='ocr_par' dir='ltr' id='par_1_104' title="bbox 2071 4120 3656 4192">
     <span class='ocr_line' id='line_1_104' title="bbox 2071 4120 3656 4192; baseline -0.002 -17"><span class='ocrx_word' id='word_1_615' title='bbox 2071 4121 2187 4191; x_wconf 83' lang='grc' dir='ltr'>έχει</span> <span class='ocrx_word' id='word_1_616' title='bbox 2210 4162 2225 4185; x_wconf 92' lang='grc'><strong>,</strong></span> <span class='ocrx_word' id='word_1_617' title='bbox 2278 4121 2632 4192; x_wconf 89' lang='grc' dir='ltr'>ἀνελευθερία</span> <span class='ocrx_word' id='word_1_618' title='bbox 2669 4120 2728 4174; x_wconf 75' lang='grc' dir='ltr'>δὲ</span> <span class='ocrx_word' id='word_1_619' title='bbox 2781 4121 3042 4178; x_wconf 72' lang='grc' dir='ltr'>φυλάττει</span> <span class='ocrx_word' id='word_1_620' title='bbox 3067 4162 3084 4189; x_wconf 92' lang='grc'><strong>,</strong></span> <span class='ocrx_word' id='word_1_621' title='bbox 3138 4121 3442 4192; x_wconf 82' lang='grc' dir='ltr'>χρηστότης</span> <span class='ocrx_word' id='word_1_622' title='bbox 3465 4120 3524 4173; x_wconf 82' lang='grc' dir='ltr'>δὲ</span> <span class='ocrx_word' id='word_1_623' title='bbox 3551 4121 3656 4187; x_wconf 78' lang='grc' dir='ltr'>ἀφ-</span> 
     </span>
    </p>
   </div>
   <div class='ocr_carea' id='block_1_105' title="bbox 2074 4213 2327 4283">
    <p class='ocr_par' dir='ltr' id='par_1_105' title="bbox 2074 4213 2327 4283">
     <span class='ocr_line' id='line_1_105' title="bbox 2074 4213 2327 4283; baseline -0.004 -17"><span class='ocrx_word' id='word_1_624' title='bbox 2074 4213 2327 4283; x_wconf 86' lang='grc' dir='ltr'>αιρεῖται.</span> 
     </span>
    </p>
   </div>
   <div class='ocr_carea' id='block_1_106' title="bbox 2701 4325 3035 4397">
    <p class='ocr_par' dir='ltr' id='par_1_106' title="bbox 2701 4325 3035 4397">
     <span class='ocr_line' id='line_1_106' title="bbox 2701 4325 3035 4397; baseline -0.003 -16"><span class='ocrx_word' id='word_1_625' title='bbox 2701 4325 3035 4397; x_wconf 70' lang='grc' dir='ltr'>Θεόγνιδος.</span> 
     </span>
    </p>
   </div>
   <div class='ocr_carea' id='block_1_107' title="bbox 2149 4436 3717 4510">
    <p class='ocr_par' dir='ltr' id='par_1_107' title="bbox 2149 4436 3717 4510">
     <span class='ocr_line' id='line_1_107' title="bbox 2149 4436 3717 4510; baseline 0.001 -18"><span class='ocrx_word' id='word_1_626' title='bbox 2149 4441 2231 4493; x_wconf 83' lang='grc' dir='ltr'><strong>Οὐ</strong></span> <span class='ocrx_word' id='word_1_627' title='bbox 2259 4439 2335 4492; x_wconf 83' lang='grc' dir='ltr'>σὲ</span> <span class='ocrx_word' id='word_1_628' title='bbox 2358 4440 2578 4509; x_wconf 84' lang='grc' dir='ltr'>μάτην,</span> <span class='ocrx_word' id='word_1_629' title='bbox 2607 4436 2653 4493; x_wconf 85' lang='grc' dir='ltr'>ὦ</span> <span class='ocrx_word' id='word_1_630' title='bbox 2678 4439 2933 4510; x_wconf 75' lang='grc' dir='ltr'>Πλοῦτε,</span> <span class='ocrx_word' id='word_1_631' title='bbox 2962 4440 3084 4495; x_wconf 80' lang='grc' dir='ltr'>θεοί</span> <span class='ocrx_word' id='word_1_632' title='bbox 3109 4438 3317 4510; x_wconf 80' lang='grc' dir='ltr'>τιμῶσι</span> <span class='ocrx_word' id='word_1_633' title='bbox 3342 4438 3625 4509; x_wconf 73' lang='grc' dir='ltr'>μάλιστα,</span> <span class='ocrx_word' id='word_1_634' title='bbox 3702 4456 3717 4465; x_wconf 74' lang='lat'>‘</span> 
     </span>
    </p>
   </div>
   <div class='ocr_carea' id='block_1_108' title="bbox 2263 4509 3466 4579">
    <p class='ocr_par' dir='ltr' id='par_1_108' title="bbox 2263 4509 3466 4579">
     <span class='ocr_line' id='line_1_108' title="bbox 2263 4509 3466 4579; baseline 0.002 -16"><span class='ocrx_word' id='word_1_635' title='bbox 2263 4510 2335 4563; x_wconf 85' lang='grc' dir='ltr'><em>Ἠ</em></span> <span class='ocrx_word' id='word_1_636' title='bbox 2364 4512 2473 4578; x_wconf 79' lang='grc' dir='ltr'>γὰρ</span> <span class='ocrx_word' id='word_1_637' title='bbox 2495 4511 2744 4577; x_wconf 77' lang='grc' dir='ltr'>ῥηιδίως</span> <span class='ocrx_word' id='word_1_638' title='bbox 2773 4509 2889 4576; x_wconf 80' lang='grc' dir='ltr'>τὴν</span> <span class='ocrx_word' id='word_1_639' title='bbox 2921 4509 3220 4578; x_wconf 81' lang='grc' dir='ltr'>κακότητα</span> <span class='ocrx_word' id='word_1_640' title='bbox 3249 4509 3466 4579; x_wconf 59' lang='grc' dir='ltr'>φέρεις.</span> 
     </span>
    </p>
   </div>
   <div class='ocr_carea' id='block_1_109' title="bbox 2151 4579 3661 4651">
    <p class='ocr_par' dir='ltr' id='par_1_109' title="bbox 2151 4579 3661 4651">
     <span class='ocr_line' id='line_1_109' title="bbox 2151 4579 3661 4651; baseline 0.001 -18"><span class='ocrx_word' id='word_1_641' title='bbox 2151 4581 2272 4633; x_wconf 73' lang='grc' dir='ltr'>οὐκ</span> <span class='ocrx_word' id='word_1_642' title='bbox 2300 4579 2512 4650; x_wconf 75' lang='grc' dir='ltr'>ἔραμαι</span> <span class='ocrx_word' id='word_1_643' title='bbox 2552 4580 2859 4645; x_wconf 73' lang='grc' dir='ltr'>πλουτεῖν,</span> <span class='ocrx_word' id='word_1_644' title='bbox 2908 4580 3033 4636; x_wconf 78' lang='grc' dir='ltr'>οὔτ’</span> <span class='ocrx_word' id='word_1_645' title='bbox 3054 4581 3327 4651; x_wconf 80' lang='grc' dir='ltr'>εὔχομαι,</span> <span class='ocrx_word' id='word_1_646' title='bbox 3377 4580 3539 4651; x_wconf 59' lang='grc' dir='ltr'><em>ἀλλά</em></span> <span class='ocrx_word' id='word_1_647' title='bbox 3558 4597 3661 4649; x_wconf 78' lang='grc' dir='ltr'><strong>μοι</strong></span> 
     </span>
    </p>
   </div>
   <div class='ocr_carea' id='block_1_110' title="bbox 2257 4649 3605 4793">
    <p class='ocr_par' dir='ltr' id='par_1_110' title="bbox 2257 4649 3605 4793">
     <span class='ocr_line' id='line_1_110' title="bbox 2257 4649 3605 4793; baseline 0.001 -19"><span class='ocrx_word' id='word_1_648' title='bbox 2257 4722 2305 4773; x_wconf 90' lang='grc' dir='ltr'><strong><em>Ζ</em></strong></span> <span class='ocrx_word' id='word_1_649' title='bbox 2309 4680 2385 4788; x_wconf 78' lang='grc' dir='ltr'>ᾖν</span> <span class='ocrx_word' id='word_1_650' title='bbox 2412 4720 2533 4776; x_wconf 78' lang='grc' dir='ltr'><strong>ἀπὸ</strong></span> <span class='ocrx_word' id='word_1_651' title='bbox 2562 4719 2682 4776; x_wconf 87' lang='grc' dir='ltr'><strong>τῶν</strong></span> <span class='ocrx_word' id='word_1_652' title='bbox 2705 4722 2921 4793; x_wconf 73' lang='grc' dir='ltr'>ὀλίγων</span> <span class='ocrx_word' id='word_1_653' title='bbox 2958 4721 3140 4777; x_wconf 81' lang='grc' dir='ltr'>οὐδέν</span> <span class='ocrx_word' id='word_1_654' title='bbox 3166 4721 3370 4792; x_wconf 82' lang='grc' dir='ltr'>έχοντι</span> <span class='ocrx_word' id='word_1_655' title='bbox 3396 4649 3605 4776; x_wconf 41' lang='lat' dir='ltr'><strong>milia;</strong></span> 
     </span>
    </p>
   </div>
   <div class='ocr_carea' id='block_1_111' title="bbox 2422 4820 3054 4891">
    <p class='ocr_par' dir='ltr' id='par_1_111' title="bbox 2422 4820 3054 4891">
     <span class='ocr_line' id='line_1_111' title="bbox 2422 4820 3054 4891; baseline 0 -5"><span class='ocrx_word' id='word_1_656' title='bbox 2422 4820 2427 4825; x_wconf 58' lang='grc'><em>’</em></span> <span class='ocrx_word' id='word_1_657' title='bbox 2695 4831 3054 4891; x_wconf 83' lang='grc' dir='ltr'>Λουκιανοῦ.</span> 
     </span>
    </p>
   </div>
   <div class='ocr_carea' id='block_1_112' title="bbox 2150 4919 3661 4994">
    <p class='ocr_par' dir='ltr' id='par_1_112' title="bbox 2150 4919 3661 4994">
     <span class='ocr_line' id='line_1_112' title="bbox 2150 4919 3661 4994; baseline -0.002 -16"><span class='ocrx_word' id='word_1_658' title='bbox 2150 4922 2273 4993; x_wconf 82' lang='grc' dir='ltr'><strong>Γῆς</strong></span> <span class='ocrx_word' id='word_1_659' title='bbox 2284 4925 2511 4993; x_wconf 78' lang='grc' dir='ltr'>ἐπέϐην</span> <span class='ocrx_word' id='word_1_660' title='bbox 2530 4923 2778 4994; x_wconf 77' lang='grc' dir='ltr'>γυμνὸς,</span> <span class='ocrx_word' id='word_1_661' title='bbox 2818 4924 3046 4994; x_wconf 59' lang='grc' dir='ltr'>γυμνὸς</span> <span class='ocrx_word' id='word_1_662' title='bbox 3064 4922 3116 4977; x_wconf 80' lang='grc' dir='ltr'>δ’</span> <span class='ocrx_word' id='word_1_663' title='bbox 3131 4922 3230 4977; x_wconf 72' lang='grc' dir='ltr'><strong>ἐπὶ</strong></span> <span class='ocrx_word' id='word_1_664' title='bbox 3248 4921 3428 4994; x_wconf 70' lang='grc' dir='ltr'>γαῖαν</span> <span class='ocrx_word' id='word_1_665' title='bbox 3437 4919 3661 4994; x_wconf 43' lang='lat' dir='ltr'><strong>deum,</strong></span> 
     </span>
    </p>
   </div>
   <div class='ocr_carea' id='block_1_113' title="bbox 2255 4990 3665 5065">
    <p class='ocr_par' dir='ltr' id='par_1_113' title="bbox 2255 4990 3665 5065">
     <span class='ocr_line' id='line_1_113' title="bbox 2255 4990 3665 5065; baseline -0.003 -16"><span class='ocrx_word' id='word_1_666' title='bbox 2255 4990 2363 5050; x_wconf 81' lang='lat' dir='ltr'><strong>Kal</strong></span> <span class='ocrx_word' id='word_1_667' title='bbox 2385 4996 2440 5049; x_wconf 77' lang='grc' dir='ltr'><strong>τί</strong></span> <span class='ocrx_word' id='word_1_668' title='bbox 2457 4990 2658 5065; x_wconf 68' lang='grc' dir='ltr'>μάτήν</span> <span class='ocrx_word' id='word_1_669' title='bbox 2671 4990 2906 5065; x_wconf 62' lang='grc' dir='ltr'>μοχθῶζ</span> <span class='ocrx_word' id='word_1_670' title='bbox 2930 4990 3162 5065; x_wconf 67' lang='grc' dir='ltr'>γυμνὸν</span> <span class='ocrx_word' id='word_1_671' title='bbox 3190 4990 3345 5062; x_wconf 77' lang='grc' dir='ltr'>δρῶν</span> <span class='ocrx_word' id='word_1_672' title='bbox 3369 4990 3435 5045; x_wconf 88' lang='grc' dir='ltr'>τὸ</span> <span class='ocrx_word' id='word_1_673' title='bbox 3459 4990 3665 5057; x_wconf 58' lang='lat' dir='ltr'><strong>tedae;</strong></span> 
     </span>
    </p>
   </div>
   <div class='ocr_carea' id='block_1_114' title="bbox 2155 5099 3671 5179">
    <p class='ocr_par' dir='ltr' id='par_1_114' title="bbox 2155 5099 3671 5179">
     <span class='ocr_line' id='line_1_114' title="bbox 2155 5099 3671 5179; baseline -0.009 -15"><span class='ocrx_word' id='word_1_674' title='bbox 2155 5106 2505 5179; x_wconf 81' lang='grc' dir='ltr'>Σιμωνίδου.</span> <span class='ocrx_word' id='word_1_675' title='bbox 2550 5135 2619 5148; x_wconf 89' lang='grc'><strong><em>-</em></strong></span> <span class='ocrx_word' id='word_1_676' title='bbox 2676 5104 2984 5176; x_wconf 88' lang='grc' dir='ltr'>Σιμωνίδης</span> <span class='ocrx_word' id='word_1_677' title='bbox 3042 5102 3376 5176; x_wconf 78' lang='grc' dir='ltr'>ἐρωτηθεὶς,</span> <span class='ocrx_word' id='word_1_678' title='bbox 3436 5099 3671 5170; x_wconf 85' lang='grc' dir='ltr'>πότερον</span> 
     </span>
    </p>
   </div>
   <div class='ocr_carea' id='block_1_115' title="bbox 2083 5190 3671 5276">
    <p class='ocr_par' dir='ltr' id='par_1_115' title="bbox 2083 5190 3671 5276">
     <span class='ocr_line' id='line_1_115' title="bbox 2083 5190 3671 5276; baseline -0.013 -16"><span class='ocrx_word' id='word_1_679' title='bbox 2083 5201 2448 5276; x_wconf 77' lang='grc' dir='ltr'>αἱρετώτερον</span> <span class='ocrx_word' id='word_1_680' title='bbox 2478 5198 2731 5264; x_wconf 79' lang='grc' dir='ltr'>πλοῦτος,</span> <span class='ocrx_word' id='word_1_681' title='bbox 2767 5198 2802 5269; x_wconf 80' lang='grc' dir='ltr'>ἢ</span> <span class='ocrx_word' id='word_1_682' title='bbox 2835 5196 3031 5267; x_wconf 73' lang='grc' dir='ltr'>σοφία*</span> <span class='ocrx_word' id='word_1_683' title='bbox 3081 5196 3195 5250; x_wconf 83' lang='grc' dir='ltr'>Οὐκ</span> <span class='ocrx_word' id='word_1_684' title='bbox 3220 5190 3359 5257; x_wconf 84' lang='grc' dir='ltr'>οῐδα,</span> <span class='ocrx_word' id='word_1_685' title='bbox 3392 5191 3519 5262; x_wconf 72' lang='grc' dir='ltr'>ἔφη’</span> <span class='ocrx_word' id='word_1_686' title='bbox 3555 5190 3671 5260; x_wconf 76' lang='grc' dir='ltr'><strong>ὁρῶ</strong></span> 
     </span>
    </p>
   </div>
   <div class='ocr_carea' id='block_1_116' title="bbox 2086 5279 3670 5367">
    <p class='ocr_par' dir='ltr' id='par_1_116' title="bbox 2086 5279 3670 5367">
     <span class='ocr_line' id='line_1_116' title="bbox 2086 5279 3670 5367; baseline -0.01 -19"><span class='ocrx_word' id='word_1_687' title='bbox 2086 5295 2338 5367; x_wconf 78' lang='grc' dir='ltr'>μέντοιγε</span> <span class='ocrx_word' id='word_1_688' title='bbox 2394 5290 2520 5354; x_wconf 76' lang='grc' dir='ltr'>τοὺς</span> <span class='ocrx_word' id='word_1_689' title='bbox 2578 5287 2779 5358; x_wconf 81' lang='grc' dir='ltr'>σοφοὺς</span> <span class='ocrx_word' id='word_1_690' title='bbox 2807 5287 2902 5341; x_wconf 79' lang='grc' dir='ltr'><strong>ἐπὶ</strong></span> <span class='ocrx_word' id='word_1_691' title='bbox 2928 5287 3029 5350; x_wconf 85' lang='grc' dir='ltr'><strong>τάς</strong></span> <span class='ocrx_word' id='word_1_692' title='bbox 3057 5284 3167 5339; x_wconf 84' lang='grc' dir='ltr'>τῶν</span> <span class='ocrx_word' id='word_1_693' title='bbox 3193 5283 3466 5338; x_wconf 84' lang='grc' dir='ltr'>πλουσίων</span> <span class='ocrx_word' id='word_1_694' title='bbox 3496 5279 3670 5351; x_wconf 81' lang='grc' dir='ltr'>θύρας</span> 
     </span>
    </p>
   </div>
   <div class='ocr_carea' id='block_1_117' title="bbox 2084 5398 2815 5457">
    <p class='ocr_par' dir='ltr' id='par_1_117' title="bbox 2084 5398 2815 5457">
     <span class='ocr_line' id='line_1_117' title="bbox 2084 5398 2815 5457; baseline -0.007 -17"><span class='ocrx_word' id='word_1_695' title='bbox 2084 5398 2404 5457; x_wconf 78' lang='grc' dir='ltr'>φοιτωντας.</span> <span class='ocrx_word' id='word_1_696' title='bbox 2800 5412 2815 5436; x_wconf 80' lang='grc'><strong>.</strong></span> 
     </span>
    </p>
   </div>
   <div class='ocr_carea' id='block_1_118' title="bbox 2167 5460 3667 5544">
    <p class='ocr_par' dir='ltr' id='par_1_118' title="bbox 2167 5460 3667 5544">
     <span class='ocr_line' id='line_1_118' title="bbox 2167 5460 3667 5544; baseline -0.009 -13"><span class='ocrx_word' id='word_1_697' title='bbox 2167 5473 2645 5544; x_wconf 81' lang='grc' dir='ltr'>Ἀριστείδου.-</span> <span class='ocrx_word' id='word_1_698' title='bbox 2683 5471 3024 5543; x_wconf 79' lang='grc' dir='ltr'>’Δριστείδης</span> <span class='ocrx_word' id='word_1_699' title='bbox 3056 5469 3085 5522; x_wconf 84' lang='grc' dir='ltr'><strong>ὁ</strong></span> <span class='ocrx_word' id='word_1_700' title='bbox 3112 5468 3348 5532; x_wconf 87' lang='grc' dir='ltr'>δίκαιος,</span> <span class='ocrx_word' id='word_1_701' title='bbox 3403 5460 3667 5529; x_wconf 79' lang='grc' dir='ltr'>ὀνειδιζό-</span> 
     </span>
    </p>
   </div>
   <div class='ocr_carea' id='block_1_119' title="bbox 2091 5555 3662 5640">
    <p class='ocr_par' dir='ltr' id='par_1_119' title="bbox 2091 5555 3662 5640">
     <span class='ocr_line' id='line_1_119' title="bbox 2091 5555 3662 5640; baseline -0.009 -17"><span class='ocrx_word' id='word_1_702' title='bbox 2091 5585 2247 5640; x_wconf 78' lang='grc' dir='ltr'>μενος</span> <span class='ocrx_word' id='word_1_703' title='bbox 2279 5568 2369 5619; x_wconf 66' lang='grc' dir='ltr'>ἐπ’».</span> <span class='ocrx_word' id='word_1_704' title='bbox 2396 5566 2556 5637; x_wconf 75' lang='grc' dir='ltr'>πενίᾳ</span> <span class='ocrx_word' id='word_1_705' title='bbox 2587 5566 2692 5619; x_wconf 74' lang='grc' dir='ltr'>ὑπό</span> <span class='ocrx_word' id='word_1_706' title='bbox 2718 5582 2862 5628; x_wconf 77' lang='grc' dir='ltr'>τινος</span> <span class='ocrx_word' id='word_1_707' title='bbox 2889 5562 3165 5625; x_wconf 83' lang='grc' dir='ltr'>πλουσίου,</span> <span class='ocrx_word' id='word_1_708' title='bbox 3192 5555 3364 5614; x_wconf 82' lang='grc' dir='ltr'>εἶπεν·</span> <span class='ocrx_word' id='word_1_709' title='bbox 3384 5556 3538 5630; x_wconf 71' lang='grc' dir='ltr'>Ἐμοὶ</span> <span class='ocrx_word' id='word_1_710' title='bbox 3564 5558 3662 5627; x_wconf 78' lang='grc' dir='ltr'>μὲν</span> 
     </span>
    </p>
   </div>
  </div>
