3990 6176
564 178 647 191 ,ραι-ι-

300 247 404 313 301

1620 237 1792 298 LOCI
1831 236 2267 301 COMMUNES.

3469 240 3577 305 802

312 358 346 424 ὴ
385 346 552 403 πενία
600 346 754 402 οὐδὲν
798 345 1082 417 ιστορήσει
1124 345 1292 400 κακόν
1317 360 1331 374 ’
1388 345 1471 398 σοὶ
1506 345 1562 399 δὲ
1599 348 1628 399 ὁ
1668 347 1899 412 πλοῦτος

2030 350 2203 420 nquit,
2235 356 2532 420 paupertas
2556 348 2696 403 nihil
2728 348 2858 404 mali
2892 348 3096 419 pariet;
3135 348 3236 404 tibi
3274 356 3462 405 autem
3493 351 3581 406 di-

312 438 558 511 ταραχὰς
592 439 694 492 οὐκ
725 437 940 506 ὀλίγας.

392 528 684 598 Ἱέρωνος.
711 558 779 569 -—-
819 528 1246 599 ὐνειδιζόμενος
1274 528 1356 581 ὅτι
1382 527 1615 591 πολλοὺς
1638 528 1900 599 ῥητορεύ-

309 642 392 678 ειν
416 622 655 688 διδάξας,
688 620 939 687 ὲπένετο,
964 614 1139 674 εἶπεν·
1169 619 1309 674 Οὔτε
1334 619 1443 692 γὰρ
1470 619 1687 684 ἐδίδαξα
1709 620 1900 693 φιλαρ-

310 716 526 785 γυρεῑν.
1768 712 1773 717 ’

381 808 764 864 Μουσωνίου.
791 834 855 846 -
883 804 1008 858 Τῶν
1045 803 1146 874 μὲν
1186 805 1426 876 Κροίσου
1458 805 1552 859 καὶ
1581 804 1763 877 Κύρου
1800 804 1901 875 θη·-

312 899 534 971 σαυρῶν
586 896 779 950 πενίαν
831 895 1067 966 ἐσχάτην
1117 894 1650 966 καταψηφιούμεθα·
1707 895 1804 949 ἕνα
1842 894 1900 949 δὲ

308 993 408 1046 καὶ
443 991 605 1061 μόνον
635 988 967 1059 πιστεύομεν
996 986 1256 1041 πλούσιον
1279 1027 1295 1053 ,
1350 988 1514 1056 σοφὸν
1538 1027 1554 1053 ,
1615 988 1708 1041 τὸν
1736 986 1899 1041 δυνά-

313 1100 483 1153 μενον
511 1081 814 1151 κτήσασθαι
839 1080 901 1134 τὸ
928 1079 1178 1143 ἀνενδεὲς
1206 1078 1508 1149 πανταχοῦ.

378 1257 721 1327 Ξενοφῶντ.
749 1259 1038 1331 φιλοσόφ,
1063 1281 1127 1298 --
1153 1255 1266 1326 Τὴν
1297 1255 1491 1309 πενίαν
1526 1254 1713 1324 ἔλεγεν
1737 1255 1900 1309 αύτο-

308 1350 566 1403 δίδακτον
595 1348 920 1418 φιλοσοφίαν
944 1342 1085 1401 εἶναι
1103 1363 1119 1378 ο
1171 1346 1207 1402 ἃ
1230 1349 1340 1419 γάρ
1366 1347 1548 1418 ἐκείνη
1579 1350 1692 1412 τοῖς
1719 1347 1902 1418 λόγοις

311 1441 520 1504 πείθει,
554 1440 696 1510 αὕτη
725 1442 840 1503 τοῖς
864 1439 1052 1510 ἔργοις
1078 1439 1402 1508 ἀναγκάζει.

386 1532 611 1587 Πολλῶν
637 1532 828 1586 κακῶν
856 1531 1222 1603 ὲπικάλυμμά
1249 1534 1399 1587 ἐστιν
1426 1534 1455 1586 ὁ
1477 1532 1725 1598 πλοῦτος.

397 1626 458 1679 '0
488 1624 671 1688 αὐτὸς,
706 1624 800 1678 τὸν
825 1623 1082 1678 πλούσιον
1113 1625 1209 1679 καὶ
1236 1624 1561 1679 ἀπαίδευτον
1586 1624 1776 1695 ἔφησε,
1803 1626 1900 1698 p6-

312 1734 420 1771 πον
448 1714 590 1770 εἶναι
622 1714 1169 1786 περιηργυρωμένον,

388 1809 736 1865 Φιλιστίων.
780 1836 852 1847 -
895 1806 1015 1860 Κᾶν
1067 1806 1280 1879 μυρίων
1322 1807 1515 1879 πηχῶν
1565 1808 1668 1879 γῆς
1709 1807 1898 1880 κύριος

316 1902 614 1973 ὑπάρχεις,
648 1900 825 1954 θανὼν
854 1900 1061 1972 γενήσῃ
1093 1900 1266 1973 τριῶν
1295 1900 1328 1975 ἢ
1361 1888 1664 1974 τεσσάρων.

393 2076 736 2147 Δημώνακτ.
779 2107 851 2119 -
898 2078 1019 2132 Εἰσί
1069 2095 1234 2145 τινες,
1285 2078 1337 2133 οἳ
1384 2080 1476 2135 τὸν
1512 2082 1611 2153 μὲν
1656 2083 1900 2153 παρόντα

320 2169 441 2239 βίον
463 2169 524 2223 ού
555 2169 745 2235 ζῶσιν,
780 2170 915 2225 ἀλλὰ
946 2172 1465 2244 παρασκευάζοντες
1494 2174 1665 2247 πολλῇ
1695 2175 1896 2248 σπουδῇ

312 2262 397 2326 ὡς
427 2263 614 2335 ἕτερον
640 2262 755 2334 βίον
782 2263 1132 2336 βιωσόμενοι,
1165 2267 1227 2319 οὐ
1256 2267 1349 2322 τὸν
1375 2268 1641 2340 παρόντα.

404 2354 507 2409 Ἕκ
549 2353 665 2408 τῶν
700 2355 1089 2423 Ἀριστίππου
1130 2357 1400 2426 γνωμῶν.
1444 2387 1513 2398 -
1558 2358 1671 2429 Οὐχ
1709 2357 1899 2428 ὥσπερ

320 2448 577 2518 ὑπόδημα
605 2446 669 2500 τὸ
693 2446 880 2518 μεῖζον
908 2447 1181 2520 ἄχρηστον
1203 2489 1217 2513 ,
1244 2451 1359 2503 ,καὶ
1388 2451 1420 2522 ή
1450 2449 1655 2505 πλείων
1681 2452 1896 2522 κτῆσις.

324 2540 431 2593 Τοῦ
480 2538 578 2610 μὲν
618 2538 728 2608 γάρ
779 2540 837 2593 ὲν
880 2542 947 2611 τῇ
978 2541 1176 2612 χρήσει
1207 2540 1270 2595 τὸ
1294 2543 1550 2613 περιττὸν
1579 2542 1862 2612 ἐμποδίζει
1882 2560 1894 2572 ·

327 2632 395 2702 τῇ
416 2630 496 2695 δὲ,
525 2631 620 2684 καὶ¹
645 2629 743 2704 ὅλῃ
776 2630 1013 2702 χρῆσθαι
1045 2631 1188 2686 κατά
1212 2632 1405 2705 καιρὸν
1434 2632 1636 2701 ἔξεστι,
1674 2634 1769 2687 καὶ
1801 2634 1899 2705 μέ-

337 2737 439 2791 ρει.

392 2810 658 2881 Δημοσθ.
700 2845 770 2857 —-
817 2815 1172 2887 Δημοσθένης
1221 2819 1250 2870 ὁ
1293 2817 1512 2888 ῥήτωρ,
1564 2816 1901 2885 θεασάμενός

329 2918 451 2954 τινα
480 2901 847 2973 ἐκφερόμενον
880 2903 1235 2975 φιλάργυρον,
1268 2903 1398 2971 ἔφη’
1435 2896 1605 2966 Οὗτος
1637 2903 1750 2974 βίον
1778 2903 1899 2956 άὸί-

326 3008 467 3045 ωτον
490 2991 714 3062 βιώσας,
750 2994 961 3065 ἑτέροις
995 2994 1110 3065 βίον
1136 2994 1451 3049 κατέλιπεν.

398 3085 612 3155 Ζημίαν
646 3085 802 3156 αἱροῦ
836 3087 1039 3158 μᾶλλον
1059 3127 1072 3151 ,
1123 3087 1157 3157 ἢ
1190 3087 1383 3157 κέρδος
1409 3088 1663 3159 αἰσχρόνο
1712 3088 1775 3141 τὸ
1804 3088 1906 3161 μὲν

302 3177 438 3247 ’γὰρ
467 3176 616 3243 ᾶπαξ
649 3177 709 3231 σὲ
737 3179 990 3251 λυπήσει⁸
1025 3179 1089 3232 τὸ
1115 3179 1194 3241 δὲ,
1229 3179 1542 3244 διαπαντός.

400 3269 711 3337 Δημοκρίτ.
746 3269 833 3324 άλ.
861 3273 1028 3326 Θεοκ.
1056 3300 1126 3311 ——
1151 3272 1292 3335 Τοὺς
1322 3271 1556 3337 πολλοὺς
1587 3272 1697 3326 τῶν
1734 3272 1902 3327 πλου-

327 3357 462 3411 σίων
501 3357 692 3427 ἔλεγεν
725 3361 1059 3431 ἐπιτρόπους
1097 3358 1275 3427 εἶναι,
1322 3362 1463 3416 ἀλλὰ
1512 3363 1588 3435 μὴ
1637 3364 1904 3428 δεσπότας

328 3446 441 3501 τῶν
470 3464 577 3518 χρη
585 3448 791 3517 μάτων.

404 3539 744 3608 Πλάτωνος.
774 3572 846 3582 --
875 3542 1065 3607 Ὅστις
1130 3545 1291 3616 σῶμα
1341 3545 1635 3611 θεραπεύει
1672 3546 1734 3600 τὸ
1776 3550 1907 3602 ἑαυ-

328 3628 463 3694 τοῦ,
509 3631 606 3700 ούχ
650 3631 844 3685 ἑαυτὸν
888 3632 1177 3705 θεραπεύει
1217 3635 1280 3707 (Ι)
1309 3652 1323 3668 ο
1364 3638 1515 3701 ὅστις
1542 3638 1599 3691 δὲ
1623 3639 1904 3710 χρήματα,

324 3714 447 3774 οὗθ’
475 3720 691 3784 ἑαυτὸν,
719 3720 845 3775 οὕτε
886 3722 955 3776 τὰ
991 3725 1206 3791 ἑαυτοῦ,
1242 3726 1365 3780 ἀλλ’
1407 3726 1523 3780 ἔστι
1575 3729 1909 3799 πορρωτέρω

330 3810 446 3863 τῶν
477 3811 690 3866 ἑαυτοῦ.

987 3932 1258 3997 Διφίλου.

318 4004 401 4095 Ἐξί
419 4015 506 4095 μὴ
535 4016 599 4068 τὸ
633 4018 839 4095 ,ζαόἐε-ῒρρ
862 4015 943 4095 ᾗις
977 4020 1104 4073 οὐδ’
1131 4017 1220 4095 εἷς
1271 4023 1534 4095 πονηρὸς
1563 4020 1661 4095 ἦν.

236 4104 237 4107 η
334 4087 699 4160 «ξιλᾳργυρία
718 4088 887 4160 τοῦτ’,
914 4088 1105 4160 ἐστιν,
1131 4091 1277 4144 ὅταν
1303 4087 1476 4160 ἀφεῖς
1501 4087 1777 4148 axem-:77.

340 4154 418 4207 ra
446 4155 667 4221 δίκαια,
688 4158 794 4210 τοῦ
822 4158 1071 4226 κέρδους
1092 4154 1426 4228 διαπαντὸς
1452 4154 1672 4231 δοῦλος
1700 4160 1796 4236 ᾖς.

419 4268 793 4343 Ἀνακρέοντ.
820 4301 892 4312 —
934 4273 1242 4343 ’Δνακρέων
1283 4275 1491 4347 δωρεάν
1532 4278 1685 4356 παρὰ
1741 4279 1911 4332 Πολυ-

2001 441 2167 507 vitim,
2200 442 2392 496 turbas
2423 456 2531 496 non
2558 455 2784 512 paucas.

2071 533 2336 587 Hieronis.
2376 563 2443 573 —
2467 533 2604 589 Cum
2634 533 3070 602 vituperaretur,
3094 530 3241 602 quod
3276 545 3402 585 cum
3438 529 3582 585 mul-

2000 631 2086 677 tos
2154 623 2490 678 rhetoricam
2550 622 2834 677 docuisset
2863 664 2879 688 ,
2929 622 3048 691 ipse
3105 630 3298 692 egeret
3340 621 3583 691 :INeque

2000 715 2171 779 enim,
2196 714 2395 785 inquit,
2429 730 2528 769 eos
2556 714 2717 768 docui
2740 714 2984 768 avaritia:
3012 714 3257 768 studere.

2069 807 2320 861 Musonii.
2347 838 2419 846 —
2439 806 2612 863 (ἰνωεί
2642 805 2864 875 quidem
2895 805 3136 876 Cyrique
3167 804 3461 859 thesauros
3489 818 3584 857 ex-

2002 907 2192 954 trema:
2253 897 2597 969 paupertatis
2645 896 3067 961 damnabimus;
3112 911 3284 949 unum
3320 910 3455 949 vero
3485 910 3580 948 so-

1999 992 2225 1062 lumque
2262 991 2512 1056 divitem,
2537 1004 2687 1054 eum,
2718 989 2815 1058 qui
2850 987 3074 1057 sapiens
3121 987 3214 1050 sit,
3245 987 3578 1052 credemus;

2001 1081 2092 1151 qui
2123 1080 2387 1135 nimirum
2416 1081 2619 1151 justam
2648 1077 2852 1147 ubique
2883 1075 3269 1131 sullicientiam
3294 1075 3583 1144 possidere

2000 1172 2196 1242 possit.

2078 1263 2410 1333 Xenophont.
2470 1260 2762 1331 philosoph.
2808 1288 2879 1300 -—
2913 1257 3302 1327 Paupertatem
3333 1270 3363 1310 a
3392 1270 3452 1310 se
3483 1254 3617 1308 do-'

2001 1364 2147 1410 ctam
2171 1355 2577 1426 philosophiam
2626 1368 2748 1408 esse
2793 1350 3017 1406 dicebat
3049 1367 3065 1403 :
3102 1364 3225 1420 qua:
3270 1348 3419 1402 enim
3467 1347 3584 1403 hac

2000 1448 2171 1505 verbo
2200 1447 2413 1509 suadet,
2438 1448 2530 1502 illa
2551 1459 2718 1515 opere
2742 1444 2908 1514 cogit.

2072 1539 2371 1594 Multorum
2400 1540 2671 1593 malorum
2732 1541 3112 1607 tegumentum
3149 1540 3237 1587 est
3270 1532 3579 1603 opulentia.

2072 1632 2245 1699 ldem,
2285 1631 2513 1686 divitem
2541 1639 2597 1686 et
2623 1629 2930 1692 indoctum,
2968 1625 3161 1681 sordes
3213 1624 3584 1695 inargentatas

2003 1738 2124 1778 esse
2149 1722 2386 1778 dicebat.

2075 1807 2374 1863 Philistion.
2410 1838 2482 1848 —
2507 1807 2605 1863 Vel
2633 1806 2679 1861 si
2713 1804 2888 1861 fueris
2920 1811 3085 1858 terra:
3107 1800 3299 1856 decem
3344 1799 3582 1854 millium

2003 1900 2319 1956 cubitorum
2349 1899 2628 1964 dominus,
2653 1907 2911 1952 mortuus
2944 1902 3127 1948 tamen
3157 1892 3270 1947 eris
3297 1891 3463 1946 trium
3487 1897 3584 1946 aut

2044 2001 2262 2048 uatuor.

2044 2007 2262 2048 uatuor.

2004 2007 2040 2063 q
2074 2085 2485 2140 Demonact—
2519 2081 2661 2137 Sunt
2684 2078 2908 2151 quidam
2936 2077 3031 2147 qui
3060 2084 3390 2146 praesentem
3410 2073 3583 2128 vitam

2003 2178 2126 2232 non
2140 2175 2354 2241 vivunt,
2382 2173 2480 2229 sed
2512 2184 2708 2243 magno
2731 2187 2790 2226 se
2825 2168 3010 2224 studio
3042 2176 3353 2238 praparant
3376 2206 3391 2234 ,
3422 2165 3583 2237 quasi

2003 2265 2167 2319 aliam
2200 2264 2369 2318 vitam
2399 2261 2625 2326 victuri,
2654 2276 2767 2316 non
2800 2260 2982 2316 istam.

2074 2354 2161 2410 Ex
2190 2355 2447 2424 Aristippi
2483 2354 2779 2408 sententiis.
2812 2352 3019 2407 -—Non
3054 2360 3114 2406 ut
3142 2345 3591 2407 ealceamentum'

2004 2448 2185 2517 majus
2236 2446 2431 2501 inutile
2477 2454 2585 2511 est,
2618 2444 2699 2500 sic
2739 2453 2796 2500 et
2845 2444 3084 2514 majores
3142 2440 3350 2497 divitiae
3386 2457 3400 2493 :
3430 2438 3580 2508 quod

2004 2540 2151 2595 enim
2187 2538 2336 2593 illius
2362 2538 2512 2608 justo
2541 2537 2720 2606 majus
2748 2540 2853 2601 est,
2886 2551 3045 2590 usum
3077 2532 3340 2603 impedit;
3372 2529 3585 2586 divitiis

1996 2639 2189 2695 autem
2216 2643 2318 2698 pro
2373 2624 2642 2696 temporis
2679 2624 2902 2694 locique
2932 2622 3147 2677 ratione
3188 2629 3245 2674 et
3280 2616 3583 2673 universim

2006 2721 2086 2777 uti
2115 2721 2268 2785 licet,
2297 2728 2353 2774 et
2373 2719 2427 2774 in
2453 2726 2627 2788 parte.

2077 2812 2344 2867 Demosth.
2372 2841 2440 2851 —
2466 2807 2866 2864 Demosthenes
2900 2814 3088 2861 orator
3120 2802 3319 2858 videns
3355 2814 3579 2857 avarum

2008 2904 2300 2974 quemdam
2348 2903 2541 2957 funere
2575 2899 2761 2956 eﬂ‘erri
2791 2898 2949 2963 :Hic,
3004 2898 3221 2967 inquit,
3257 2896 3427 2950 vitam
3470 2908 3584 2949 non

2008 2995 2232 3060 vitalem
2261 2994 2477 3056 vivens,
2519 2992 2644 3047 aliis
2664 2992 2875 3045 victum
2911 2989 3158 3058 reliquit.

2077 3085 2348 3138 Damnum
2405 3083 2578 3153 magis
2642 3089 2840 3151 expete
2911 3095 3075 3149 quam
3108 3088 3268 3147 turpe
3313 3077 3529 3132 lucrum
3563 3092 3615 3157 τΔ

2009 3175 2149 3232 illud
2176 3176 2324 3231 enim
2358 3175 2553 3237 semel,
2580 3175 2690 3228 hoc
2712 3187 2933 3242 semper
2954 3171 3247 3226 molestum
3278 3169 3406 3224 erit.
3476 3194 3482 3200 -

2080 3267 2240 3344 573
2280 3267 2565 3322 Democrit.
2622 3266 2695 3320 al.
2747 3266 2963 3320 Theocr.
2996 3294 3068 3304 —
3112 3263 3311 3317 Multos
3350 3262 3585 3316 divitum

2005 3366 2402 3429 procuratores
2426 3372 2548 3413 esse
2577 3356 2822 3423 dicebat,
2862 3370 2973 3409 non
3007 3363 3191 3408 autem
3221 3354 3585 3425 pecuniarum

2009 3448 2289 3503 dominos.

2079 3538 2344 3595 Platonis.
2386 3535 2583 3602 —Qui
2630 3551 2835 3605 corpus
2867 3543 3066 3599 curat,
3116 3549 3236 3588 rem
3281 3534 3373 3588 ille
3407 3548 3585 3600 suam,
3632 3554 3643 3562 -

2010 3646 2121 3686 non
2156 3628 2398 3697 seipsum
2433 3636 2590 3681 curat
2626 3644 2639 3680 :
2671 3627 2764 3696 qui
2793 3635 2977 3680 autem
3004 3624 3289 3694 pecunias,
3323 3639 3502 3693 neque
3526 3639 3587 3679 se

2014 3723 2155 3792 ipse,
2184 3734 2361 3789 neque
2391 3734 2490 3774 sua
2520 3727 2714 3784 curat;
2752 3717 2848 3772 sed
2878 3716 3027 3787 quod
3055 3733 3087 3771 a
3122 3716 3240 3771 suis
3274 3731 3438 3787 quam
3468 3732 3587 3786 pro-

2012 3813 2100 3869 cul
2125 3812 2302 3867 abest.
2596 3882 2602 3889 _

2686 3921 2909 3994 Diphili.

2012 4014 2073 4070 Si
2106 4032 2258 4070 nemo
2289 4017 2569 4086 acciperet,
2605 4013 2784 4068 nullus
2811 4012 3078 4083 improbus
3095 4020 3259 4066 esset.

2012 4086 2255 4140 Avaritia
2288 4088 2518 4145 brevest,
2549 4101 2666 4138 cum
2700 4086 2890 4137 omisso
2912 4092 3153 4151 spectare

2016 4155 2145 4220 Qum
2158 4156 2307 4227 juris
2332 4165 2473 4217 sunt,
2505 4155 2638 4208 lucri
2664 4164 2915 4225 perpetuo
2930 4169 3113 4207 servus
3146 4168 3218 4207 es.

2081 4269 2404 4324 Anacreont.
2440 4298 2512 4308 —
2540 4268 2831 4322 Anacreon
2865 4280 2992 4321 cum
3022 4266 3171 4321 dono
3209 4264 3515 4335 accepisset
3554 4281 3587 4320 a
3640 4300 3643 4301 ν

334 4358 572 4427 κράτους
624 4358 804 4413 λαϐὼν
851 4362 1011 4416 πέντε
1049 4365 1323 4431 τάλαντα,
1363 4367 1437 4431 ὡς
1471 4342 1789 4439 ἐφρόντισεν
1822 4373 1900 4424 ὲπ¹

2030 4360 2295 4431 J’olycrate
2352 4342 2629 4429 quinque“
2656 4360 2896 4424 talenta;
2928 4373 3203 4427 unamque
3250 4367 3310 4412 et
3355 4358 3585 4412 alteram

336 4452 517 4515 αὐτοῖς
560 4451 703 4505 δυοῖν
733 4440 987 4518 νυκτοῖν,
1007 4458 1288 4512 ἀπέδωκεν
1311 4461 1471 4524 αὐτὰ,
1507 4463 1700 4527 εἰπὼν,
1735 4465 1796 4516 οὐ
1829 4483 1910 4518 τι·

340 4540 545 4610 μᾶσθαι
572 4542 715 4597 αὐτὰ
741 4547 840 4616 τῆς
863 4547 947 4599 ἐπ’
972 4548 1155 4612 αὐτοῖς
1185 4549 1483 4620 φροντίδος.

420 4718 713 4788 Ἰσοκράτ.
738 4748 808 4761 —-
837 4721 984 4791 Τίμα
1022 4725 1119 4793 τὴν
1167 4723 1520 4795 ὑπάρχουσαν
1548 4725 1739 4778 οὐσίαν
1767 4725 1913 4780 δυοῖν

335 4811 524 4879 ἕνεκα,
555 4814 650 4867 τοῦ
684 4826 742 4868 τε
766 4816 971 4886 ζημίαν
1016 4819 1266 4889 μεγάλην
1293 4819 1494 4890 ῥᾳδίως
1525 4820 1763 4884 ἐκτῖσαι,
1811 4821 1905 4874 καὶ

337 4896 416 4968 τῷ
448 4898 584 4969 φίλῳ
622 4902 893 4975 σπουδαίῳ
937 4904 1285 4977 δυστυχοῦντι
1333 4907 1595 4979 βοηθῆσαι
1630 4922 1644 4937 ·
1677 4908 1814 4979 πρὸς
1851 4910 1906 4962 δὲ

2009 4461 2227 4506 noctem
2259 4467 2450 4505 eorum
2485 4451 2758 4505 sollicitus
2791 4451 3015 4521 egisset.
3046 4450 3164 4520 ipsa
3196 4446 3469 4505 reddidit.
3494 4450 3584 4502 di-

2010 4558 2161 4607 cens,
2200 4559 2307 4597 non
2341 4558 2480 4598 seca
2510 4542 2647 4597 tanti
2687 4543 2981 4605 aestimare,
3008 4550 3214 4611 quanta
3244 4540 3354 4594 illis
3383 4540 3588 4594 sollici-

2012 4636 2144 4689 tudo
2171 4651 2357 4690 eomes
2378 4637 2471 4689 sit.

2083 4727 2355 4782 Isocratis.
2376 4760 2447 4768 —
2469 4728 2691 4783 Duabus
2725 4744 2791 4782 ex
2833 4728 3015 4783 causis
3036 4723 3396 4781 substantiam
3437 4732 3584 4777 tuam

2012 4822 2190 4889 magni
2222 4823 2430 4875 aestima
2456 4864 2469 4887 ,
2510 4832 2572 4876 ut
2606 4832 2662 4878 et
2693 4824 2969 4894 ingentem
2999 4823 3157 4877 facile
3186 4824 3455 4891 iacturam
3501 4835 3588 4874 re—

2017 4913 2243 4973 sarcias,
2274 4920 2330 4967 et
2367 4914 2545 4968 amico
2578 4915 2690 4968 viro
2732 4916 3001 4979 studioso,
3055 4931 3163 4969 non
3218 4929 3375 4984 aequa
3405 4910 3583 4967 utenti

1854 5066 2083 5124 NOTIE.

416 5172 433 5242 (
447 5170 498 5237 ι)
537 5172 608 5246 7ξό
664 5172 903 5246 ἑαυτοῦ,
947 5176 1060 5243 οὐχ
1110 5176 1328 5229 ἑαυτὸν
1380 5181 1711 5246 θεραπεύει.
1754 5181 1912 5236 Clara

337 5243 637 5306 sententia,
670 5243 914 5298 Platonis
940 5247 1259 5313 praesertim
1281 5243 1470 5311 sensu,
1504 5250 1591 5304 cui
1624 5258 1772 5306 totus
1809 5252 1909 5305 ho-

339 5326 432 5364 mo
470 5320 588 5364 erat
642 5313 844 5385 anima,
880 5329 991 5385 non
1052 5314 1168 5385 ipse
1222 5331 1288 5368 ex
1334 5319 1515 5371 anima
1564 5329 1825 5375 constans
1858 5322 1945 5376 et‘

337 5395 592 5448 corpore,
620 5382 696 5434 uti
726 5399 784 5436 se
814 5400 905 5437 res
932 5382 1100 5439 habet
1151 5386 1229 5457 inp
1252 5388 1377 5440 navi
1422 5390 1485 5439 et
1501 5390 1907 5457 gubernatore:

338 5466 466 5503 cuiu
501 5458 680 5503 tamen
702 5461 904 5525 corpus
935 5470 1022 5506 res
1049 5455 1267 5525 proprie
1304 5455 1547 5512 hominis
1596 5469 1745 5514 esset
1783 5470 1838 5515 et
1880 5477 1909 5515 a

341 5528 558 5600 natura,
593 5522 748 5600 qttasi
774 5525 886 5600 Deo
926 5525 1003 5600 illi
1049 5522 1171 5600 ejus
1197 5535 1442 5600 auctore,
1492 5528 1557 5582 ad
1609 5530 1912 5599 expiandas

344 5594 395 5641 δη
419 5591 524 5663 illo
559 5592 681 5644 vitae
699 5594 1001 5660 superioris
1020 5591 1230 5663 culpas.
1258 5596 1427 5660 Quem
1451 5591 1697 5654 errorem
1723 5617 1791 5654 ex
1818 5601 1909 5655 illo

339 5659 606 5728 Origenes
632 5659 913 5715 mutuatus
933 5672 1038 5717 est.
1065 5659 1317 5719 Absurde
1331 5667 1608 5722 Gcsuorus
1630 5687 1907 5743 sensuque

2022 5182 2324 5253 contrario,
2348 5185 2607 5253 omnique
2627 5183 2921 5239 Platonica:
2936 5181 3581 5253 philosopliizeadverso:

2024 5251 2125 5317 Qui
2156 5269 2345 5321 corpus
2380 5251 2555 5317 curat,
2592 5255 2635 5306 is
2688 5271 2789 5307 non
2824 5251 2947 5307 rent
2982 5251 3166 5316 suam,
3214 5252 3305 5305 sed
3357 5253 3586 5320 seipsum

2021 5330 2207 5394 curat.
2232 5322 2405 5377 Etiam
2439 5324 2811 5378 ecclesiastice
2870 5325 3103 5394 August.
3134 5322 3169 5376 l.
3205 5321 3279 5374 De
3334 5338 3461 5374 cura
3490 5338 3590 5389 pro

2013 5392 2236 5465 mortuis
2267 5394 2530 5465 habenda,
2562 5393 2691 5448 hinc
2719 5392 3254 5465 [idoliurnipictatcm
3288 5406 3590 5465 commcn-

2012 5462 2126 5526 dat,
2172 5463 2434 5516 curandis
2480 5479 2707 5517 suorum
2773 5460 3095 5526 funeribus;
3157 5460 3303 5530 quod
3361 5460 3588 5515 illorum

2010 5546 2241 5604 corpora
2263 5548 2455 5586 eorum
2476 5543 2680 5595 essent,
2706 5534 2865 5604 longe
2893 5534 2958 5586 iis
2982 5532 3385 5602 conjunctiora,
3421 5545 3589 5598 quam

2008 5603 2220 5670 reliqua
2268 5604 2474 5667 omnia,
2526 5619 2646 5671 quae
2694 5606 2946 5658 exterius
3012 5603 3378 5669 adhibentur,
3420 5612 3591 5657 orna-

2009 5682 2219 5739 menta,
2240 5673 2432 5741 vestis,
2466 5673 2730 5741 annulus,
2763 5683 2875 5741 etc.
