3994 6172
398 227 505 292 8θ3

1523 221 1582 279 S.
1626 218 1911 279 ΜΑΧΙΜΙ
1952 216 2462 283 CONFESSORIS

3568 225 3682 290 8οί

402 342 644 404 fortuna,
675 341 794 410 ejus
818 334 1167 408 praestatione
1195 331 1491 388 subvenias
1523 332 1625 387 :ad
1650 333 1778 387 vita:
1793 340 1978 386 autem

2117 333 2172 385 ὸν
2200 333 2393 404 ἄδηλον
2417 336 2530 406 βίον
2567 337 2733 409 μηδὲν
2766 337 3234 408 ὑπερϐαλλόντως,
3270 312 3410 391 δίλλά
3435 338 3678 410 μετρίως

405 437 697 492 incertum,
734 429 876 483 nihil
924 425 1258 489 admodum,
1291 424 1389 480 sed
1432 424 1714 480 moderate
1751 438 1872 478 eam
1901 421 1985 476 di-

403 524 564 577 ligas.

483 542 564 577 as.
1127 547 1132 550 -

447 542 849 667 gPraesentibus
867 615 1167 663 contentus
1195 615 1336 669 esto,
1355 615 1411 660 et
1437 605 1626 659 futura
1657 604 1909 674 quaerito.

994 746 1226 802 SERMO
1267 747 1408 801 XIII.

537 865 614 918 De
645 865 842 918 virtute
869 877 976 931 qua
1016 863 1132 922 quis
1169 862 1318 915 rebus
1341 863 1450 915 suis
1472 871 1743 914 contentus
1775 870 1871 914 est.

477 979 601 1034 Luc.
631 995 724 1042 xu,
765 977 855 1030 22.
893 1003 959 1015 -
990 975 1174 1029 Nolite
1223 975 1448 1029 solliciti
1491 991 1612 1029 esse
1660 975 1858 1028 animae
1901 990 1996 1029 ve-

405 1082 533 1126 strae
568 1069 699 1140 quid
741 1067 1108 1128 manducetis,
1146 1081 1326 1135 neque
1367 1067 1582 1134 corpori
1612 1073 1822 1129 vestro,
1855 1066 1992 1136 quid

409 1161 742 1217 induamini.

476 1252 708 1320 Philipp.
741 1265 814 1312 Iv,
845 1248 932 1312 Il,
963 1249 1049 1301 12.
1077 1278 1148 1286 -
1171 1247 1282 1316 Ego
1312 1246 1506 1307 didici,
1536 1247 1590 1299 in
1621 1248 1688 1300 iis
1716 1247 1768 1300 in
1791 1245 1994 1315 quibus

404 1356 627 1401 versor,
680 1338 960 1392 suilicicns
997 1351 1140 1390 esse.
1189 1336 1312 1389 Scio
1345 1348 1400 1390 et
1448 1337 1748 1400 humiliari,
1785 1337 1899 1391 scio
1939 1347 1996 1392 et

406 1431 691 1486 abundare
724 1448 737 1483 :
769 1431 973 1498 ubique
1015 1439 1072 1482 et
1113 1428 1168 1481 in
1199 1428 1460 1482 omnibus
1506 1429 1796 1483 institutus
1832 1446 1988 1494 sum;

405 1531 462 1578 et
487 1522 698 1584 satiari,
747 1530 804 1575 et
859 1520 1106 1582 esurire;
1143 1528 1199 1573 et
1247 1520 1553 1584 abundare,
1597 1529 1653 1574 et
1703 1522 1990 1590 penuriam

2087 424 2261 496 αὑτὴν
2279 427 2489 496 ἀγάπα.

2164 603 2368 675 Στέργε
2399 606 2498 676 μὲν
2520 608 2587 662 τὰ
2611 607 2857 678 παρόντα
2880 623 2892 636 ·
2931 607 3085 676 ζήτει
3117 606 3174 660 6t
3205 606 3275 660 τὰ
3311 606 3601 677 μέλλοντα.

2603 755 2620 762 ”
2655 749 2874 803 ΛΟΓΟΣ
2921 749 3000 802 II"
3039 747 3086 780 ’θ

2611 863 2750 932 Περὶ
2783 862 3159 930 αὐταρκείας.

2164 983 2352 1031 Λουκ.
2387 979 2550 1031 ιϐ’.-
2573 973 2739 1031 Εἶπεν
2772 977 2800 1028 ὁ
2830 975 3167 1046 Κύριος⁹Μὴ
3197 975 3566 1048 μεριμνήσητε
3596 981 3664 1049 τῇ

2091 1067 2236 1140 ψυχῇ
2277 1069 2433 1139 ὑμῶν
2461 1070 2512 1124 τί
2555 1070 2790 1140 φάγητε,
2833 1069 2968 1140 μηδὲ
3009 1069 3088 1139 τῷ
3150 1084 3362 1139 σωματι
3413 1069 3562 1138 ὑμῶν
3612 1070 3667 1122 τί

2092 1159 2285 1229 ὲνδύση
2295 1159 2408 1214 σθε.

2149 1251 2482 1316 Φιλιππησ.
2501 1247 2646 1327 8.:—
2661 1249 2802 1318 Ἐγὼ
2820 1249 3042 1320 ἔμαθον,
3061 1249 3120 1302 ἐν
3134 1246 3217 1312 οἷς
3237 1250 3374 1320 εἰμὶ,
3391 1250 3668 1320 αὐτάρκης

2092 1335 2254 1394 εἶναι.
2277 1335 2408 1395 Οἶδα
2433 1342 2526 1394 καὶ
2565 1340 2971 1405 ταπεινοῦσθαι,
3001 1335 3119 1394 οἶδα
3148 1341 3243 1393 καὶ
3270 1341 3620 1412 περισσεύειν
3652 1358 3667 1372 ο

2092 1433 2148 1484 ἐν
2177 1432 2339 1484 παντὶ
2370 1433 2465 1485 καὶ
2502 1433 2558 1485 ἐν
2589 1417 2724 1486 πᾶσι
2771 1432 3059 1503 μεμύημαι
3091 1449 3106 1464 ο
3156 1433 3254 1486 καὶ
3282 1433 3665 1504 χορτάζεσθαι,

2093 1525 2188 1576 καὶ
2211 1524 2400 1594 πεινᾷν
2422 1539 2434 1552 °
2458 1524 2553 1578 καὶ
2575 1541 2642 1576 πε
2653 1525 2948 1595 ρισσεὺεἰν,
2967 1524 3061 1576 καὶ
3090 1523 3455 1595 ὑστερεῖσθαι.
3488 1523 3668 1577 Πάντα

405 1615 541 1684 pati.
600 1613 795 1668 Omnia
853 1628 1078 1682 possum
1150 1612 1343 1677 ineo,
1391 1613 1484 1681 qui
1545 1629 1633 1667 me
1689 1614 1986 1679 conlortat,

2119 1615 2264 1684 σχύω
2297 1583 2356 1669 ἐν
2375 1615 2454 1686 τῷ
2483 1583 2866 1687 ἐνδυναμοῦντί
2902 1583 2968 1687 με
3011 1583 3250 1687 Χριστιῖί.

405 1709 646 1764 Christo.

478 1800 614 1854 Prov
637 1813 763 1861 xxx,
788 1799 841 1861 8,
863 1797 1221 1857 9-—Divitias
1241 1805 1298 1852 et
1322 1805 1702 1867 paupertatem
1727 1812 1796 1850 ne
1819 1795 1990 1851 dede-

405 1892 483 1946 ris
520 1892 677 1953 mihi,
721 1887 982 1954 Domine;
1023 1890 1118 1944 sed
1154 1891 1287 1944 mihi
1319 1891 1597 1944 constitue
1639 1905 1760 1959 quae
1805 1904 1994 1944 neces-

407 1983 551 2038 saria
581 1992 710 2036 sunt
743 1990 798 2035 et
828 1981 1104 2036 sulIiciant
1125 2023 1140 2045 ,
1189 1999 1259 2036 ne
1292 1982 1434 2036 forte
1479 1981 1713 2036 satiatus
1757 1983 1992 2036 mendax

410 2073 685 2137 inveniar,
735 2082 791 2127 et
843 2073 1024 2127 dicam
1066 2091 1079 2125 :
1110 2073 1244 2139 Quis
1277 2087 1368 2126 me
1394 2071 1589 2126 videt?
1614 2081 1711 2125 aut
1745 2081 1991 2142 egestate

408 2164 724 2233 compulsus
744 2163 912 2228 furer,
939 2171 995 2216 et
1026 2164 1204 2233 iurem
1228 2179 1428 2217 nomen
1464 2164 1580 2217 Dei.

478 2255 646 2309 Eccli.
681 2271 764 2317 χι,
792 2254 877 2308 l8.
902 2285 973 2292 —
999 2253 1143 2318 Vita,
1175 2269 1282 2322 qua
1319 2254 1427 2307 sibi
1471 2254 1751 2309 sufﬁciens
1799 2268 1990 2323 opera-

380 2335 525 2400 Irius
555 2353 659 2409 est,
690 2345 1203 2402 condulcorabitur.

480 2435 649 2489 Eccli.
685 2451 830 2500 xxxi,
869 2434 958 2490 24.
981 2434 1306 2488 —Somnus
1334 2435 1588 2490 sanitatis
1622 2435 1678 2488 in
1715 2436 1992 2493 intestinis

408 2525 730 2582 moderatis.

477 2617 688 2670 Basilii.
719 2616 940 2682 —~Qua:
987 2617 1193 2670 animal
1241 2617 1547 2684 dispensat,
1600 2618 1794 2681 virtus,
1844 2619 1992 2688 quod

410 2708 750 2763 sullicicntize
783 2707 856 2761 sit
889 2723 951 2760 ac
974 2708 1244 2762 tenuioris
1284 2709 1466 2761 victus
1492 2709 1651 2762 facile
1677 2710 1990 2780 digesserit,

411 2812 476 2854 ac
505 2798 751 2864 animali,
783 2796 931 2866 quod
961 2797 1228 2862 nutritur,
1261 2797 1600 2852 conveniens
1628 2807 1796 2867 atque
1833 2799 1991 2854 aliine

2163 1793 2408 1858 Παροιμ.
2449 1793 2524 1845 .1'.
2552 1820 2622 1830 —
2657 1790 2892 1844 Πλοῦτον
2917 1791 3013 1843 καὶ
3055 1789 3248 1842 πενίαν
3287 1790 3362 1858 μή
3420 1804 3510 1858 μοι
3556 1787 3664 1852 δὸς,

2092 1879 2265 1950 Κύριε
2297 1896 2309 1908 ·
2337 1880 2597 1946 σύνταξον
2621 1881 2676 1935 δέ
2705 1899 2794 1949 μοι
2821 1881 2888 1934 τὰ
2919 1882 3108 1934 δέοντα
3155 1881 3248 1934 καὶ
3295 1881 3365 1934 τὰ
3395 1879 3664 1950 αὐτάρκη,

2093 1971 2180 2023 ἵνα
2213 1972 2287 2042 μὴ
2319 1973 2580 2042 πλησθεὶς
2609 1973 2811 2043 ψευδὴς
2849 1973 3116 2044 γένωμαι,
3149 1976 3244 2025 καὶ
3279 1972 3440 2026 εἲπωο
3478 1971 3575 2034 Τίς
3604 1989 3670 2041 με

2091 2064 2213 2132 ὁρᾷ,
2277 2063 2310 2132 ἢ
2363 2065 2620 2134 πενηθεὶς
2665 2063 2848 2133 κλέψω
2905 2064 3002 2123 (ml
3061 2064 3155 2116 καὶ
3201 2064 3386 2132 ὁμόσω
3413 2062 3473 2114 τὸ
3502 2062 3672 2132 ὄνομα

2092 2156 2186 2208 τοῦ
2222 2156 2378 2213 Θεοῦ.

2164 2250 2347 2319 Σιρὰχ
2389 2249 2467 2319 μ’.
2522 2283 2592 2292 -—-
2627 2251 2748 2322 Ζωὴ
2788 2251 3124 2321 αὐταρκείας
3173 2250 3404 2323 ἐργάτου
3435 2250 3674 2316 γλυκαν-

2093 2339 2335 2412 θήσεται.

2164 2435 2347 2504 Σιρὰχ
2378 2430 2455 2486 λ’.
2487 2465 2555 2474 —-
2583 2434 2792 2496 ’Ύπνος
2821 2434 3008 2500 ὑγείας
3030 2432 3121 2485 ἐπὶ
3138 2431 3373 2501 ἐντέρων
3417 2428 3668 2499 μετρίων.

2164 2615 2510 2668 Hamis/0v.
2546 2645 2617 2654 —
2660 2615 2729 2686 _'ll
2764 2612 3125 2682 οἰκονομοῦσα
3159 2610 3219 2664 τό
3252 2610 3391 2673 ζῶον
3423 2608 3671 2679 δύναμις,

2094 2708 2429 2779 αὐτάρκειαν
2472 2707 2570 2777 μὲν
2615 2708 2710 2760 καὶ
2761 2707 3016 2775 λιτότητα
3047 2706 3242 2776 ῥᾳδίως
3260 2701 3700 2773 κατεκργάσατο

2094 2798 2461 2868 καὶῴκείωσε
2513 2797 2591 2866 τῷ
2645 2797 3003 2867 τρεφομένῳ·
3059 2795 3416 2848 πολυτέλειαν
3475 2793 3530 2845 δὲ
3578 2793 3673 2844 καὶ

410 2891 716 2948 reddiderit
755 2909 767 2944 :
805 2892 955 2944 lauto
989 2888 1152 2960 574
1197 2905 1329 2943 vero
1373 2900 1642 2958 apparatu
1675 2891 1991 2962 diversique

2117 2891 2368 2944 τοικιλίαν
2403 2891 2708 2960 βρωμάτων
2752 2888 3180 2960 παραλαϐοῦσα,
3234 2885 3353 2940 εἶτα
3403 2887 3676 2954 ἀντισχεῖν

410 2983 627 3054 generis
654 2982 954 3050 assumptis
983 2981 1140 3045 cibis,
1171 2988 1395 3049 tumque
1430 2981 1486 3033 in
1528 2983 1691 3036 linem
1743 2999 1850 3037 non
1898 3000 1998 3039 va-

408 3074 528 3130 lens
565 3075 857 3137 obsistere,
889 3074 1040 3126 varia
1063 3073 1380 3127 morborum
1403 3088 1603 3143 genera
1634 3074 1782 3129 facit.

483 3164 526 3220 Τ
525 3166 746 3235 lieologi.
779 3195 852 3204 —-
878 3165 1102 3218 Praestat
1151 3164 1312 3233 longe
1344 3179 1518 3232 pauca
1549 3163 1690 3218 bene
1735 3165 1996 3221 honeste-

411 3269 520 3326 que
557 3253 780 3317 habere,
820 3269 984 3322 quam
1019 3253 1188 3306 multa
1213 3251 1375 3306 male.

485 3344 755 3416 Chrysost.
788 3374 861 3384 -—
899 3344 1018 3398 Non
1073 3343 1164 3397 ille
1217 3343 1372 3398 dives
1423 3353 1532 3408 est,
1585 3344 1681 3414 qui
1720 3345 1996 3400 multa-in

411 3451 582 3491 censu
605 3425 792 3500 habet,
831 3435 926 3490 sed
963 3435 1056 3504 qui
1087 3435 1444 3503 paucioribus
1473 3443 1614 3505 eget.

481 3526 562 3580 Ad
590 3527 723 3596 justi
749 3541 881 3579 usus
902 3525 1246 3595 compendia,
1279 3525 1497 3589 fratres,
1525 3541 1636 3579 non
1657 3526 1725 3579 ad
1745 3527 1996 3597 volupta-

412 3628 523 3675 tem
557 3619 666 3673 vita
703 3616 1094 3672 contribuitur.
1128 3615 1284 3682 Quod
1334 3615 1502 3686 igitur
1553 3623 1765 3670 naturae
1801 3633 1995 3686 super-

412 3711 582 3767 ﬂuum
609 3719 696 3766 est
739 3718 1106 3779 amputantes,
1131 3706 1279 3777 quod
1329 3707 1702 3761 necessarium
1735 3717 1820 3764 est
1851 3709 1990 3763 asci-

413 3818 659 3860 scamus.

483 3891 611 3948 Nili.
661 3921 726 3931 —-
759 3891 973 3944 Bonum
1027 3897 1114 3942 est
1166 3889 1312 3942 intra
1358 3889 1701 3942 necessitatis
1747 3904 1804 3942 se
1859 3889 1995 3945 ﬁnes

412 3983 732 4044 continere,
789 3995 854 4034 ac
897 3994 966 4032 ne
1010 3979 1118 4031 hoc
1164 3977 1497 4031 excedamus
1525 3979 1740 4033 cunctis
1783 3980 1995 4035 viribus

413 4072 771 4129 contendere.
790 4070 923 4124 Nam
953 4069 999 4122 si
1027 4068 1152 4137 quis
1175 4067 1262 4122 vel
1292 4067 1566 4122 modicum
1593 4085 1690 4138 per
1717 4070 1993 4139 cupidita-
2029 4109 2035 4114 -

413 4177 525 4220 tem
567 4162 632 4215 ad
688 4160 813 4214 vitae
867 4159 1099 4214 delicias
1154 4157 1396 4212 animum
1435 4157 1758 4222 deﬂexerit,
1810 4162 1994 4216 nullus

413 4252 679 4320 deinceps
707 4250 1006 4319 quominus
1039 4248 1275 4304 ulterius
1319 4249 1708 4320 progrediatur
1735 4266 1993 4306 coercere

413 4343 639 4416 poterit.
1601 4402 1604 4404 γ
1927 4327 1938 4331 ’

484 4433 856 4489 Posscssionis
879 4434 1154 4503 iustaeque
1197 4432 1519 4487 substantiae
1560 4432 1776 4492 modus.
1803 4448 1995 4487 neces-

413 4523 590 4579 sarius
614 4532 700 4577 est
734 4522 984 4592 corporis
1029 4538 1160 4576 usus
1186 4543 1198 4575 ;
1222 4539 1384 4592 quem
1415 4538 1699 4591 superare,
1752 4523 1994 4578 dedecus

413 4625 499 4670 est
527 4623 582 4668 et
625 4615 864 4677 luxuria,
897 4629 1010 4667 non
1060 4613 1295 4682 amplius
1343 4613 1688 4667 necessarius
1738 4629 1888 4668 usus.
1924 4613 1994 4668 Ut

411 4706 560 4761 enim
597 4706 784 4759 tunica
813 4703 883 4758 ad
911 4704 1163 4773 corporis
1192 4703 1478 4758 modulum
1504 4711 1687 4772 aptata
1717 4711 1831 4756 tum
1861 4704 1987 4758 usui

412 4805 520 4860 est,
559 4805 676 4850 tum
726 4805 1054 4851 ornamento
1097 4795 1274 4860 cedit;
1319 4811 1442 4866 qua:
1505 4803 1687 4850 autem
1745 4795 1991 4865 undique

410 4887 612 4943 difﬂuit
650 4896 707 4941 et
753 4885 989 4956 pedibus
1018 4885 1373 4954 implicatur,
1421 4885 1683 4955 humique
1735 4886 1996 4940 indecore

414 4979 673 5055 trahitur,
702 4976 970 5047 quidquid
1005 4976 1188 5045 operis
1216 4977 1562 5047 aggrediaris
1598 4977 1996 5046 impedimento

413 5069 663 5124 exsistit:
687 5068 768 5122 sic
797 5067 1074 5138 possessio
1112 5083 1176 5122 ac
1206 5069 1539 5133 substantia,
1576 5085 1699 5139 qua:
1741 5085 1996 5124 necessa-

415 5162 555 5214 rium
591 5175 751 5215 usum
776 5159 1028 5230 corporis
1055 5161 1290 5225 excedit,
1309 5171 1420 5216 tum
1453 5163 1642 5217 virtuti
1667 5161 1856 5228 oﬂicit,
1880 5173 1996 5217 tum

2100 2983 2234 3052 πρὸς
2261 2983 2320 3034 τὸ
2351 2983 2520 3052 πέρας
2563 2983 2663 3036 οὑκ
2717 2982 3095 3052 ἐπαρκέσασα,
3145 2980 3212 3034 τὰ
3266 2977 3484 3032 ποικίλα
3541 2978 3675 3045 γένη

2054 3086 2057 3088 ·
2096 3075 2204 3127 τῶν
2227 3074 2550 3143 νοσημάτων
2581 3073 2904 3142 πεποίηκεν.

2167 3166 2484 3232 Θεολόγου.
2513 3195 2585 3204 --
2607 3165 2682 3217 Τὸ
2717 3164 2897 3226 καλῶς
2923 3164 3068 3233 ἔχειν
3098 3162 3274 3230 ὀλίγα,
3305 3159 3440 3214 πολὺ
3473 3158 3673 3237 τιμιιίι⁶
3736 3186 3748 3194 -

2095 3273 2254 3324 τερον
2283 3255 2377 3308 τοῦ
2411 3257 2598 3318 κακῶς
2625 3256 2770 3326 ἔχειν
2796 3255 2984 3308 πολλά.

2169 3349 2470 3414 Χρυσοστ.
2499 3377 2570 3386 —
2593 3347 2666 3400 Οὐ
2707 3345 2963 3408 πλούσιός
2998 3347 3144 3398 ἐστιν
3182 3345 3408 3408 ἐκεῖνος,
3441 3341 3470 3394 ὁ
3503 3339 3675 3394 πολλὰ

2097 3439 2454 3508 κεκτημένος,
2492 3437 2606 3491 ἀλλ’
2639 3439 2667 3489 ὁ
2702 3437 2776 3508 μὴ
2802 3436 3012 3489 πολλῶν
3044 3436 3316 3504 δεόμενος.

2173 3528 2314 3600 Πρὸς
2345 3528 2556 3599 χρείαν,
2597 3527 2838 3597 ἀδελφοὶ,
2870 3527 2930 3580 οὑ
2956 3526 3090 3596 πρὸς
3109 3525 3303 3596 ἡδονὴν
3333 3527 3365 3595 ἠ
3393 3523 3506 3594 ζωὴ
3535 3539 3673 3592 συμ-

2099 3623 2398 3692 μετρεῖται.
2435 3620 2508 3672 Τὸ
2537 3614 2629 3673 οὖν
2674 3619 2927 3689 περιττὸν
2949 3622 3049 3687 τῆς
3077 3617 3290 3686 φύσεως
3321 3616 3667 3686 ἀποθέμενοι,

2094 3715 2154 3766 τὸ
2177 3715 2473 3781 ἀναγκαῖον
2505 3713 2664 3782 μόνον
2695 3709 3094 3781 ἀσπασώμεθα.

2166 3891 2406 3944 Νείλου.
2429 3919 2487 3928 -
2519 3888 2698 3942 Καλὸν
2731 3889 2842 3950 τοῖς
2873 3887 3020 3956 ὅροις
3046 3887 3144 3956 τῆς
3172 3883 3357 3954 χρείας
3387 3882 3666 3952 ἐμμένειν,

2095 3983 2188 4034 καὶ
2223 3981 2544 4048 φιλονεικεῖν
2580 3979 2728 4048 πάσῃ
2758 3978 2987 4047 δυνάμει
3026 3977 3251 4039 τούτους
3299 3974 3372 4044 μὴ
3407 3972 3668 4044 ὑπερϐαί-

2095 4088 2149 4123 νε
2163 4087 2228 4123 ιν.
2274 4069 2398 4122 Ἐὰν
2428 4068 2536 4137 γὰρ
2562 4068 2742 4136 ὀλίγον
2774 4065 3084 4138 παρενεχθῇ
3115 4081 3196 4127 τις
3232 4063 3340 4117 ἀπὸ
3396 4066 3495 4132 τῆς
3543 4064 3668 4113 ἐπι-

2096 4159 2296 4230 θυμίας
2321 4161 2414 4211 ἐπ“ι
2441 4159 2512 4211 τὰ
2538 4159 2673 4227 ἡδέα
2711 4157 2805 4211 τοῦ
2854 4158 2994 4228 βίου,
3035 4157 3210 4220 οὐδεὶς
3255 4155 3438 4208 λοιπὸν
3483 4156 3666 4222 ἵστησι

2023 4237 2069 4292 Ῑ)
2096 4254 2196 4322 τὴν
2223 4251 2315 4304 ἐπὶ
2333 4251 2400 4304 τά
2419 4250 2611 4320 πρόσω
2637 4249 2831 4320 φοράν.

2161 4430 2378 4500 Μέτρον
2409 4428 2658 4500 κτήσεώς
2690 4429 2841 4480 ἐστιν
2870 4428 2903 4497 ή
2944 4427 3103 4497 χρεία
3129 4426 3224 4478 τοῦ
3259 4424 3509 4494 σώματος
3536 4436 3552 4450 ⁸
3605 4421 3666 4475 τὸ

2088 4523 2143 4575 δὲ
2169 4523 2374 4593 ταύτην
2413 4520 2760 4592 ὑπερϐαίνειν
2787 4519 3027 4590 ἀκοσμία
3074 4517 3281 4583 λοιπὸν,
3336 4515 3430 4568 καὶ
3481 4514 3664 4569 οὑκέτι

2090 4615 2248 4686 χρεία
2276 4615 2443 4668 ἐστίν.
2489 4615 2577 4677 Ὠς
2601 4614 2712 4684 γάρ
2736 4614 2765 4665 ὁ
2795 4609 3327 4681 συμμεμετρημένος
3348 4608 3426 4678 τῷ
3450 4608 3666 4677 σώματι

2097 4707 2287 4777 χιτὼν,
2324 4707 2420 4758 καὶ
2453 4705 2613 4776 χρεία
2637 4705 2753 4757 ἐστὶ
2783 4703 2879 4757 καὶ
2909 4703 3114 4771 κόσμος
3145 4719 3160 4733 ο
3216 4703 3245 4754 ὁ
3285 4700 3342 4754 δὲ
3403 4698 3666 4752 πάντοθεν

2098 4797 2406 4869 περιρρέων
2431 4797 2664 4858 καὶτοῖς
2703 4795 2860 4848 ποσὶν
2896 4792 3327 4864 ἐμπλεκόμενος,
3359 4791 3454 4843 καὶ
3495 4792 3561 4859 τῇ
3595 4790 3665 4858 γῇ

2099 4889 2238 4960 μετά
2276 4887 2371 4941 τοῦ
2416 4885 2699 4956 ἀπρεποῦς
2746 4887 3162 4956 ἐπισυρόμενος,
3218 4883 3476 4954 ἐμπόδιον
3532 4882 3666 4950 πρὸς

2096 4983 2278 5034 πᾶσαν
2308 4979 2567 5050 ἐργασίαν
2592 4979 2804 5047 γίνεται
2835 4994 2847 5007 ·
2873 4976 3045 5039 οὑτως
3071 4978 3105 5042 ὴ
3141 4975 3546 5045 ὑπερϐαίνουσα
3568 4974 3668 5039 τὴν

2095 5071 2190 5123 τοῦ
2239 5069 2490 5140 σώματος
2528 5070 2717 5139 χρείαν
2747 5071 2961 5139 χρῆσις,
3003 5068 3098 5119 καὶ
3147 5066 3281 5136 πρὸς
3327 5066 3426 5133 τὴν
3467 5063 3667 5132 ἀρετήν

2099 5167 2244 5216 ἐστιν
2301 5161 2580 5232 ἐμπόδιον,
2627 5160 2723 5215 καὶ
2756 5158 2961 5229 πολλὴν
2995 5160 3109 5229 ἔχει
3139 5157 3483 5225 κατάγνωσιν
3515 5151 3668 5224 παρά

1700 5277 1938 5333 ῪΑΒΙᾹὶ
1981 5277 2384 5333 LECTIONES.

1974 5418 2204 5473 NOTAE.

485 5347 531 5378 ὀ
564 5347 620 5400 In
644 5346 809 5401 Gesn.
847 5347 1063 5402 Stobch
1099 5348 1186 5402 49.

485 5508 678 5583 (πιλίᾙ
700 5510 979 5583 πξγηοεὶς
1008 5511 1228 5583 κλέψω.
1261 5512 1486 5578 Argent.
1532 5514 1768 5583 aliaque,
1819 5513 1990 5583 πένης

485 5529 581 5576 tm}
631 5529 673 5561 ιι
700 5529 979 5576 πενηυεις
1008 5529 1228 5579 usu-a1.
1261 5529 1486 5578 Argent.
1532 5529 1636 5567 alia
1679 5529 1768 5576 ne,
1819 5529 1988 5583 πενης

414 5578 713 5651 γεννηθείς.
745 5579 1208 5651 Habentperinde
1231 5583 1387 5648 Vulg.
1417 5591 1466 5635 el
1502 5600 1622 5651 quae
1641 5529 1832 5637 graeca
1859 5598 1988 5636 cum

419 5644 531 5700 illis
565 5649 920 5702 conveniunt.
957 5644 1169 5704 Sixtina
1201 5644 1537 5714 desiderant,
1586 5654 1853 5722 pluraque
1883 5653 1987 5706 alia

2100 5515 2165 5567 ad
2196 5515 2357 5567 linem
2423 5513 2548 5566 libri
2606 5512 2764 5568 Prov.
2804 5525 2925 5578 quae
2981 5509 3146 5563 etiam
3189 5512 3488 5576 agnoscunt
3524 5501 3661 5556 llcb.

2099 5584 2254 5655 'l‘arg.
2293 5583 2409 5654 Syr.
2441 5593 2546 5636 etc.
