3990 6176
303 310 408 372 8θῆ

1611 305 1781 366 LOCI
1817 305 2254 370 COMMUNES.

3457 309 3562 373 806

299 425 411 482 τοῖς
476 417 573 488 τὴν
637 417 800 485 φύσιν
865 414 1006 468 τῶν’
1039 414 1381 484 πραγμάτων
1444 416 1672 485 ἐρευνᾷν
1727 417 1888 470 δυνα-

2016 418 2136 486 ιρυιί
2168 434 2284 483 eos,
2337 418 2431 488 qui
2483 433 2668 474 rerum
2723 425 2977 473 naturam
3030 416 3265 472 scrutari
3322 427 3562 484 norunt,

300 510 500 581 μένοις.

371 603 664 670 Κλήμεντ.
694 630 762 640 -
798 598 1134 668 Ὀλιγοδεῖας
1189 597 1288 668 μὲν
1345 598 1605 668 ἐρασταὶ,
1667 599 1892 651 πολυτέ-

295 693 445 746 λειαν
474 693 550 755 δὲ,
581 692 654 753 ὡς
683 690 864 760 ψυχῆς
894 690 990 742 καὶ
1019 689 1268 759 σώματος
1299 690 1452 742 νόσον
1473 691 1884 760 ἐκτρεπόμενοι.

377 868 444 920 Ἦ
463 867 570 920 τῶν
599 865 923 933 ἀναγκαίων
951 865 1145 933 κτῆσις
1166 863 1261 916 καὶ
1283 866 1498 934 χρῆσις.
1527 863 1588 914 οὐ
1611 862 1710 934 τὴν
1741 865 1887 916 ποιό-

294 977 435 1032 τητα
498 958 772 1029 βλαϐερὰν
823 957 971 1028 ἔχει,
1033 955 1170 1009 ἀλλὰ
1221 957 1320 1026 τὴν
1373 957 1524 1028 παρὰ
1575 957 1636 1010 τὸ
1687 957 1886 1027 μέτρον

295 1053 598 1123 ποσότητα.

365 1145 658 1209 Φίλωνος.
699 1172 771 1183 -
819 1142 880 1194 '0
912 1140 1194 1202 σπουδαῖος
1238 1141 1334 1193 καὶ
1367 1138 1661 1209 ὀλιγοδεὴς,
1692 1138 1886 1194 ἀθανά-

292 1254 388 1289 του
417 1236 512 1288 καὶ
541 1235 743 1304 θνητῆς
797 1233 1016 1302 φύσεως
1059 1231 1310 1302 μεθόριον
1344 1249 1356 1263 ·
1414 1232 1474 1283 τὸ
1529 1231 1629 1301 μὲν
1677 1231 1884 1295 ὲπιδεὲς

293 1327 434 1396 ἔχων
488 1327 575 1376 διὰ
616 1323 776 1392 σῶμα
824 1322 1040 1392 θνητόνο
1073 1320 1134 1374 τὸ
1166 1321 1223 1373 δὲ
1252 1319 1328 1390 μὴ
1357 1319 1630 1386 πολυδεὲς,
1666 1319 1755 1373 διὰ
1781 1321 1885 1387 ψυ-

293 1417 397 1488 χὴν
425 1415 724 1485 ἐφιεμένην
752 1412 1080 1477 ἀθανασίας.

364 1614 627 1681 Δημοκρ.
659 1607 1034 1678 -Αὐταρκίῃ
1099 1607 1326 1675 τροφῆς,
1384 1602 1556 1674 μικρὰ
1592 1603 1690 1669 νὺξ
1745 1602 1890 1655 οὐδέ-

293 1721 432 1758 ποτε
476 1702 715 1770 γίνεται.

1990 510 2225 577 pessime
2253 510 2425 574 audit,
2458 510 2737 579 etiamque
2785 519 2950 579 atque
2997 510 3162 564 etiam
3192 509 3563 578 vituperatur.

2059 599 2357 654 Clementis.
2388 633 2454 641 -—
2481 602 2812 657 Sobrietatis
2845 613 2900 656 et
2929 601 3326 656 mediocritatis
3355 611 3564 656 amato-

1989 706 2110 755 res;
2151 692 2337 745 luxum
2369 709 2500 745 vero
2535 703 2896 762 sumptusque
2923 693 3279 761 profusiores,
3307 701 3566 762 tanquam

1988 782 2157 835 animi
2193 784 2554 852 corporisque
2580 784 2833 837 morbum
2867 783 3196 837 devitantes.

2061 873 2264 926 Rerum
2285 874 2718 927 necessariarum
2749 874 3025 942 possessio
3039 882 3095 928 et
3118 889 3269 938 usus,
3300 890 3408 928 non
3427 891 3533 944 qua
3549 904 3565 915 -

1989 964 2199 1018 litatem
2232 966 2451 1020 noxiam
2501 966 2700 1032 habet,
2757 967 2851 1020 sed
2882 983 3005 1036 qua:
3049 966 3272 1020 modum
3326 968 3564 1031 excedit,

1987 1053 2376 1123 quantitatem.

2057 1145 2315 1201 Philonis.
2353 1177 2420 1187 υ·-
2450 1147 2544 1201 Vir
2581 1147 2762 1201 bonus
2784 1157 2841 1202 et
2876 1149 3068 1217 paucis
3101 1165 3272 1218 egens
3300 1129 3418 1202 self
3447 1149 3566 1203 fru-

1987 1239 2141 1308 galis,
2199 1239 2254 1291 in
2298 1239 2630 1293 immortalis
2676 1240 3035 1308 mortalisque
3077 1248 3288 1294 natum
3330 1241 3568 1293 conﬁnio

1985 1337 2070 1394 est
2105 1346 2117 1380 :
2155 1327 2247 1397 qui
2283 1344 2478 1396 nempe
2509 1329 2751 1398 indigeat
2774 1329 3021 1397 quidem,
3064 1336 3293 1398 propter
3336 1330 3568 1382 mortale

1988 1433 2221 1487 corpus;
2270 1420 2364 1473 sed
2409 1435 2519 1472 non
2553 1420 2763 1483 multis,
2811 1437 2918 1490 qua
2949 1420 3214 1490 przeditus
3264 1421 3444 1475 anima
3486 1429 3569 1475 est

1988 1518 2283 1579 appetente
2305 1510 2799 1564 immortalitatem.

2058 1601 2364 1655 Democriti.
2407 1632 2474 1641 —
2511 1601 2709 1656 Sobrio
2760 1602 3026 1672 tenuique
3057 1602 3249 1666 victui,
3283 1611 3568 1671 nunquam

1988 1709 2100 1749 nox
2132 1695 2353 1750 brevior
2386 1695 2626 1748 exsistit.

367 1765 688 1861 Κλειτάρχ.
723 1820 795 1832 --
834 1789 1152 1860 Ὀφείλομεν
1212 1789 1440 1850 ἑαυτοὺς
1500 1786 1702 1852 ἐθίζειν
1779 1788 1886 1842 ἀπὸ

2058 1785 2330 1841 Clitarchi.
2365 1818 2426 1825 —
2456 1788 2644 1854 Operae
2663 1785 2898 1854 pretium
2921 1794 2982 1838 ut
3002 1800 3103 1836 nos
3132 1784 3277 1852 ipsos
3298 1785 3362 1837 ad
3390 1785 3568 1852 fruga-

290 1885 496 1952 ὀλίγων
552 1883 673 1954 ζῇν,
729 1882 817 1936 ἵνα
869 1881 1038 1952 μηδὲν
1098 1880 1323 1951 αἰσχρὸν
1366 1879 1554 1932 ἕνεκεν
1584 1881 1911 1951 χρημάτων,

343 1977 588 2031 άθωιιεν.

297 1995 588 2048 μαυωμεν.

367 2070 630 2139 Σωκρὰτ.
660 2099 730 2109 -
754 2067 1054 2139 Σωκράτης
1093 2066 1388 2136 ἐρωτηθεὶς
1438 2065 1543 2116 ὑπό
1588 2080 1753 2129 τινος,
1793 2063 1890 2126 Τίς

298 2180 385 2215 σοι
419 2160 821 2229 πλουσιώτερος
861 2153 1001 2212 εἶναι
1040 2157 1215 2224 δοκεῖ;
1243 2153 1425 2209 εἶπενο
1473 2155 1530 2207 '0
1584 2154 1888 2224 ἐλαχίστοις

294 2253 642 2325 ἀρκούμενος
669 2270 682 2283 ·
720 2252 1024 2322 αὐτάρκεια
1053 2250 1163 2320 γάρ
1216 2250 1333 2301 ἐστι
1381 2245 1596 2317 φύσεως
1637 2246 1884 2310 πλοῦτος.

367 2431 588 2502 ’Ὠσπερ
613 2433 693 2494 εἰς
722 2429 841 2483 ὁδὸν
873 2427 965 2482 τὸν
991 2427 1124 2499 βίον,
1157 2427 1218 2480 οὐ
1244 2426 1314 2481 τὰ
1341 2425 1540 2480 πολλοῦ
1586 2425 1713 2490 ἄξια
1762 2441 1889 2480 συν-

297 2527 436 2580 τίθει
478 2525 693 2595 ἐφόδια,
730 2522 867 2577 ἀλλὰ
901 2522 1328 2592 ἀναγκαιότερα.

373 2702 594 2755 Βέλτιόν
623 2701 776 2753 ἐστιν
796 2701 854 2753 ὲν
881 2701 981 2769 μιᾷ
1011 2698 1304 2772 περιουσίᾳ
1337 2696 1760 2774 συστελλόμενον
1797 2697 1888 2750 εὐ-

306 2793 516 2866 θυμεῖν,
543 2794 578 2864 ἢ
612 2792 860 2864 μεγάλης
889 2791 1233 2863 τυγχάνοντα
1262 2790 1572 2860 δυστυχεῖν.

388 2967 729 3036 Ἆλέξανδρ.
769 2996 841 3008 -
873 2967 1137 3030 Εἰπόντος
1193 2965 1345 3036 αὐτῷ
1368 2983 1514 3028 τινος
1538 2965 1644 3018 τῶν
1677 2964 1891 3019 δοκούν-

302 3076 413 3113 των
438 3061 667 3124 εὐνοεῖν,
703 3060 788 3112 ὂτι
815 3057 1079 3111 Δύνανται
1106 3057 1163 3110 al
1201 3057 1385 3119 πόλεις
1412 3073 1505 3108 σου
1539 3055 1722 3108 πλεῖον
1750 3071 1890 3126 παρ-

303 3150 448 3220 ἐχειν
479 3149 696 3213 ἐξόδους
724 3148 829 3219 (n),
863 3147 989 3218 ἔφη·
1025 3146 1322 3218 Κηπουρὸν
1347 3145 1489 3217 μισῶ
1519 3145 1610 3199 τὸν
1625 3147 1690 3199 ὲκ
1721 3145 1888 3216 ῥιζῶν

300 3241 636 3310 ἐκτέμνοντα
662 3239 730 3293 τὰ
758 3239 990 3309 λάχανα.

371 3416 686 3486 Δημοκριτ.
727 3443 801 3454 -
830 3411 1126 3483 Τράπεζαν
1152 3409 1452 3464 πολυτελέα
1496 3411 1596 3481 μὲν
1616 3410 1754 3482 τύχη
1782 3428 1889 3464 παι

302 3507 614 3577 ρατίθησιν,
646 3501 927 3575 αὐταρκέα
954 3502 1011 3555 δὲ
1051 3500 1398 3590 σωφροσύνη.

383 3705 480 3757 Ἐκ
511 3702 632 3756 τῶν
665 3699 1024 3768 Ἐπικτήτου
1043 3700 1142 3754 καί
1177 3698 1889 3770 ’Ῑσοκρὰτ.-Αὐτάρκεια,

297 3797 560 3866 καθάπερ
599 3795 717 3858 ὁδὸς
749 3793 977 3865 βραχεῖα
997 3791 1094 3845 καὶ
1122 3790 1446 3861 ἐπιτερπὴς,
1472 3790 1632 3862 χάριν
1655 3791 1756 3860 μὲν
1780 3791 1891 3862 ἔχει

300 3887 575 3958 μεγάλην,
612 3887 774 3939 πόνον
803 3885 862 3938 δὲ
907 3882 1123 3957 μικρόν.

389 4065 700 4137 Ὀχύρωσον
766 4064 966 4118 σαυτὸν
1031 4066 1100 4134 τῇ
1160 4060 1502 4132 αὐταρκείᾳ·
1557 4059 1718 4112 τοῦτο
1781 4060 1892 4130 γὰρ

297 4157 612 4212 δυσάλωτόν
631 4158 780 4211 ἐστιν
807 4157 1028 4227 χωρίον.

374 4331 641 4402 Σωκράτ.
677 4361 746 4372 -—
767 4330 1093 4399 Ξανθίππης
1128 4329 1414 4398 Σωκράτει
1449 4327 1524 4398 τῷ
1578 4327 1732 4398 ἀνδρὶ
1771 4329 1891 4380 ὲπι-

1987 1879 2194 1932 litatem
2218 1893 2594 1940 exerceamus,
2623 1894 2689 1931 ne
2708 1893 2804 1946 per
2828 1877 3173 1931 occasionem
3198 1876 3565 1944 parandarum

1987 1985 2152 2040 Opum
2177 1977 2337 2038 turpe
2366 1969 2574 2038 aliquid
2604 1968 3008 2022 condiscamus.

2057 2059 2313 2114 Socratis.
2361 2091 2431 2101 —
2483 2059 2740 2114 Socrates
2770 2100 2784 2124 ,
2843 2059 3080 2128 quodam
3143 2058 3519 2129 interrogante
3549 2100 3562 2120 ,

1988 2151 2117 2220 quis
2146 2151 2226 2204 illi
2255 2151 2425 2205 ditior
2455 2165 2579 2206 esse
2618 2151 2925 2217 videretur,
2952 2151 3237 2220 respondit
3268 2150 3403 2205 :Cui
3434 2167 3567 2221 pau-

1988 2245 2209 2299 cissima
2238 2245 2572 2300 sufficerent.
2603 2245 2664 2299 In
2699 2244 3028 2300 sufﬁcientia
3048 2247 3196 2300 enim
3223 2247 3417 2316 posita:
3438 2255 3565 2302 sunt

1989 2343 2201 2390 naturae
2234 2336 2462 2391 divitiae.

2062 2426 2220 2497 575
2245 2427 2412 2493 Quasi
2443 2428 2570 2480 vitae
2601 2428 2706 2482 iter
2729 2437 3073 2498 peracturus,
3096 2443 3209 2482 non
3237 2445 3360 2497 qua:
3382 2429 3565 2500 magni

1988 2519 2152 2588 pretii
2183 2520 2294 2573 sint
2327 2519 2526 2573 viatico
2560 2521 2897 2589 componito,
2932 2520 3028 2574 sed
3063 2535 3183 2589 qua:
3218 2520 3272 2573 in
3303 2537 3420 2576 rem
3453 2538 3566 2577 ma-

1990 2611 2074 2682 gis
2094 2612 2405 2666 necessaria
2435 2610 2723 2664 exsistant.

2059 2701 2286 2755 Praestat
2345 2717 2452 2754 una
2518 2700 2784 2768 brevique
2846 2699 3159 2753 substantia
3219 2709 3566 2756 contractum

1988 2806 2148 2862 aequo
2179 2792 2364 2846 animo
2390 2807 2531 2856 esse,
2556 2806 2721 2860 quam
2763 2789 2975 2860 magnis
3017 2789 3214 2859 opibus
3243 2789 3477 2847 ditatum
3508 2791 3568 2847 in

1989 2884 2072 2940 eis
2101 2884 2499 2938 infortunatum
2529 2898 2672 2938 esse.

2060 2974 2384 3028 Alexander.
2406 2973 2628 3029 --Cum
2657 2972 2710 3028 ei
2737 2972 3043 3027 amicorum
3070 2972 3316 3043 quidam,
3345 2988 3569 3029 eorum-

1991 3079 2098 3133 que
2131 3064 2226 3133 qui
2273 3065 2392 3134 ejus
2434 3065 2712 3133 praecipue
2763 3062 2932 3116 rebus
2961 3062 3186 3117 studere
3219 3063 3565 3131 viderentur,

1992 3154 2242 3217 dixisset,
2273 3170 2432 3224 posse
2461 3155 2647 3221 urbes,
2671 3170 2791 3224 qua:
2811 3156 2931 3224 ejus
2962 3155 3189 3210 ditionis
3213 3164 3420 3220 essent,
3448 3171 3566 3211 ma-

1989 3246 2112 3316 jora
2177 3246 2383 3300 tributa
2435 3253 2732 3315 praestare,
2774 3246 3102 3316 respondit:
3148 3245 3414 3303 Olitorem
3451 3249 3565 3313 odi,

1991 3333 2084 3404 qui
2112 3333 2377 3388 radicitus
2400 3334 2672 3389 exscindit
2694 3333 2866 3389 olera.

2061 3424 2346 3478 Democrit.
2381 3455 2450 3463 —
2483 3424 2872 3495 Sumptuosam
2902 3439 3151 3479 mensam
3181 3425 3413 3495 apponit
3453 3423 3568 3479 for-

1994 3528 2157 3582 tuna;
2194 3517 2459 3587 frugalem
2493 3533 2628 3572 vero
2657 3517 2885 3588 suisque
2919 3505 3260 3582 contentam,
3289 3517 3567 3572 sobrietas

1991 3623 2056 3662 ac
2077 3607 2460 3676 temperantia.

2062 3700 2147 3754 Ex
2193 3701 2465 3752 sententiis
2502 3698 2732 3768 Epictet.
2782 3706 2832 3752 et
2875 3697 3102 3752 Isocral.
3143 3727 3210 3739 -—
3237 3687 3564 3767 Frugalitas,

1991 3788 2216 3858 suisque
2262 3796 2521 3842 contenta
2570 3789 2694 3843 vitae
2739 3788 2902 3853 ratio,
2963 3787 3121 3856 quasi
3161 3788 3250 3842 via
3286 3787 3472 3842 brevis
3503 3803 3568 3843 ac

1993 3879 2335 3935 delectabilis
2355 3897 2369 3946 ;
2392 3895 2643 3949 magnam
2671 3879 2895 3950 quidem
2919 3878 3086 3934 habet
3124 3880 3384 3960 gratiam,
3413 3879 3568 3934 labo-

1991 3987 2112 4026 rem
2148 3985 2282 4025 vero
2311 3970 2592 4040 exiguum.

2061 4061 2288 4117 Obvalla
2319 4063 2555 4132 teipsum
2603 4062 2809 4117 virtute
2856 4061 2972 4117 suis
3023 4063 3143 4131 ipsa
3175 4071 3433 4118 contenta
3470 4063 3568 4117 sti-

1991 4154 2238 4223 pendiis;
2270 4154 2387 4208 haec
2441 4154 2588 4208 enim
2631 4170 2731 4208 arx
2761 4165 2847 4208 est
2874 4167 3041 4223 quam
3086 4153 3240 4208 nulla
3278 4153 3439 4210 facile
3481 4154 3567 4209 vis

1991 4261 2308 4316 expugnare
2339 4246 2534 4315 possit.

2062 4335 2411 4392 Socrates.—
2429 4335 2567 4391 Cum
2590 4334 2864 4405 Xantippe
2897 4337 3077 4390 virum
3102 4353 3263 4392 suum
3285 4337 3564 4393 Socratem

297 4424 570 4494 τιμώσης,
628 4423 763 4476 διότι
815 4421 975 4486 λιτῶς
1029 4420 1472 4492 παρεσκευάζετο
1521 4419 1884 4486 ὐποδέξασθαι

2016 4438 2326 4496 ncreparet,
2351 4427 2496 4495 quod
2525 4427 2775 4480 tenuiore
2801 4439 3066 4496 apparatu
3106 4431 3313 4482 amicos
3341 4431 3563 4498 excipe-

301 4516 514 4585 φίλους,
551 4512 736 4568 εἶπενο
764 4513 829 4566 Ei
859 4513 957 4584 μὲν
990 4511 1249 4582 ἡμέτεροι
1285 4515 1444 4577 εἰσιν,
1472 4511 1624 4565 οὐδὲν
1657 4513 1888 4575 ἐκείνοις

305 4607 531 4677 μελήσει
561 4623 576 4637 ο
618 4606 756 4660 εἰδὲ
793 4605 1088 4675 ἀλλότριοι,
1137 4604 1271 4674 ἡμῖν
1319 4602 1449 4672 περὶ
1498 4600 1676 4654 αὐτῶν
1733 4601 1886 4655 οὐδὲν

304 4699 552 4770 μελήσει.

872 4807 1100 4863 ΛΟΓΟΣ
1128 4809 1205 4861 1Δ¹
1251 4809 1317 4862 ¹¹.

832 4918 972 4988 Περὶ
1001 4917 1371 4988 προσευχῆς.

378 5043 566 5096 Ματθ.
614 5057 653 5104 ς
678 5078 690 5091 .
723 5067 793 5078 -
817 5035 1256 5106 Προσευχόμενοι
1311 5034 1386 5106 μὴ
1430 5033 1884 5105 βαττολογήσητε,

1994 4525 2097 4580 ret,
2148 4516 2287 4570 dixit
2318 4533 2330 4568 :
2369 4515 2425 4570 Si
2461 4515 2632 4569 nostri
2688 4515 2928 4580 fuerint,
2976 4512 3117 4570 nihil
3147 4516 3451 4582 curabunt;
3479 4517 3564 4570 sin

1993 4607 2180 4673 alieni,
2204 4622 2399 4679 eorum
2426 4607 2589 4661 nobis
2613 4606 2760 4660 nulla
2786 4606 3039 4661 habenda
3073 4608 3216 4661 ratio
3240 4607 3330 4661 sit.

2593 4801 2824 4856 SERMO
2852 4802 2989 4856 XIV.

2251 4919 2328 4971 De
2354 4917 2590 4970 oratione
2615 4932 2706 4968 seu
2746 4915 2981 4984 precibus
3019 4914 3088 4967 ad
3128 4913 3320 4968 Deum.

2066 5030 2259 5085 Matth.
2296 5045 2370 5093 vi,
2404 5027 2672 5082 7.——Dum
2692 5026 2886 5090 oratis,
2913 5026 3082 5080 nolite
3119 5026 3355 5081 multum
3387 5029 3562 5099 loqui,

1598 5173 1836 5229 VARle
1882 5172 2284 5230 LECTIONES.

1820 5312 2052 5368 ΝΟΤᾹΞ.

370 5250 415 5280 ²¹
442 5249 546 5304 Est
581 5249 637 5304 in
660 5248 826 5304 Gesn.
855 5245 1010 5303 Stob.
1040 5245 1165 5301 294.

376 5388 455 5459 (n)
489 5388 707 5442 Πλεῖον
736 5387 1023 5459 παρέχειν
1053 5382 1321 5459 ἐξόδρυς.
1365 5381 1532 5459 Gesn.
1564 5384 1883 5459 conjectura

292 5451 404 5520 est,
439 5451 748 5530 'legendum
797 5451 1129 5530 είίςῖρόρους.
1185 5451 1292 5506 Sed
1353 5452 1487 5530 mihi
1541 5451 1888 5530 nonlsuallet

294 5473 404 5520 εει,
460 5473 748 5530 tegendum
797 5473 875 5518 εις
909 5473 1129 5578 φῖρους.
1185 5473 1292 5506 acu
1353 5473 1487 5530 lllllll
1541 5473 1649 5506 non
1691 5473 1886 5508 suadet

294 5536 496 5583 contra
535 5527 932 5596 exemplarium
979 5525 1166 5596 idem:
1204 5536 1329 5596 nam
1361 5529 1526 5596 etiam
1548 5523 1758 5596 εἴσοδος
1779 5524 1886 5578 Po-

293 5599 499 5668 lyxene
545 5608 600 5653 et
653 5591 826 5651 veteri
879 5595 1082 5650 chico
1115 5591 1418 5668 StephaniL
1464 5591 1729 5668 ἀνάλωμα
1780 5602 1886 5668 est,

290 5659 559 5738 sumptus,
577 5671 814 5738 impensa
841 5678 1112 5738 :cumque
1143 5659 1277 5714 alias
1302 5659 1478 5738 ἔξοδος
1502 5662 1884 5738 expeditius“.

290 5730 486 5793 erit'ct
513 5730 790 5808 pheslatio
822 5730 1170 5804 vectigalium
1198 5747 1258 5783 ac
1299 5730 1658 5803 tributorum,
1685 5734 1888 5802 quibus

1984 5380 2216 5452 principi
2252 5379 2495 5452 ejusqne
2517 5375 3107 5452 exercitibnstuenda
3131 5381 3413 5452 republica
3442 5383 3558 5436 suf-

1984 5447 2220 5506 iiciatu'r.
2246 5451 2384 5520 Hinc
2418 5447 2691 5500 Biblicum
2724 5447 3057 5520 vocabulum
3094 5447 3299 5520 ἐξοδιᾷν
3340 5461 3395 5506 et
3444 5454 3561 5516 ἐξο-

1984 5523 2211 5584 διάζειν,
2247 5519 2440 5593 eodem
2469 5531 2658 5580 sensu,
2693 5515 3136 5593 quod_Seniores
3161 5535 3226 5573 ex
3245 5515 3349 5575 usu
3386 5515 3562 5593 magis

1987 5593 2068 5645 sui
2106 5589 2503 5662 temporis,_et_
2531 5594 2591 5638 ut
2617 5601 2807 5642 vocem
2828 5588 3094 5653 Griecam,
3148 5588 3559 5662 usurpaverint,

1986 5678 2146 5730 quam
2183 5656 2284 5731 ipsi
2317 5656 2590 5714 cuderint.
