3994 6172
390 229 520 294 -807

1572 218 1634 278 S.
1674 217 1960 277 ΜΑΧΙΜΙ
1998 215 2507 278 CONFESSORIS

3573 212 3686 279 8l8

410 340 557 396 sicut
585 333 795 391 ethnici
824 349 838 387 :
867 334 1064 402 putant
1079 327 1228 385 enim
1252 325 1401 397 quod
1434 325 1488 380 in
1522 324 1875 394 multiloquio
1894 340 1996 379 suo

2129 325 2288 395 ian-ep
2310 327 2360 379 ot
2390 322 2593 379 ἐθνικοί
2621 340 2635 356 ο
2669 322 2887 378 δοκοῦσι
2914 323 3044 397 γὰρ,
3083 325 3166 378 ὅτι
3196 324 3256 377 ἐν
3282 326 3353 396 τῇ
3388 324 3485 379 πο)
3497 328 3698 400 υλογίᾳ

407 428 798 485 exaudientur.
832 422 1015 478 Nolite
1054 436 1186 491 ergo
1209 417 1505 474 assimilari
1545 418 1666 482 eis;
1701 417 1807 471 scit
1844 416 1995 470 enim

408 520 571 575 Pater
598 522 783 570 vester
815 511 951 583 quid
982 526 1127 582 opus
1158 510 1233 565 sit
1265 508 1449 573 vobis,
1473 516 1772 575 antequam
1795 507 1998 576 petatis

407 625 559 665 eum.
1546 652 1551 657 .

476 701 595 755 Jac.
614 716 668 765 v,
694 698 781 753 l5.
800 695 1159 750 —-Tristatur
1180 694 1306 764 quis
1335 692 1623 748 vestrum?
1651 697 1792 745 oret.
1818 687 1998 759 [Equo

408 792 596 847 animo
633 790 761 845 est?
802 788 1020 858 psallat.
1066 786 1383 840 lnﬁrmatur
1411 783 1537 852 quis
1564 782 1620 836 in
1671 780 1870 835 vobis?
1911 794 2002 833 ac-

410 889 592 938 cersat
634 880 994 951 presbyteros
1028 875 1313 940 Ecclesiae,
1362 881 1420 927 et
1452 879 1615 927 orent
1644 886 1813 940 super
1848 884 1998 933 eum,

410 981 682 1044 ungentes
716 986 843 1025 eum
877 970 1001 1024 oleo
1050 968 1104 1021 in
1141 966 1367 1020 nomine
1419 963 1662 1018 Domini.
1707 962 1779 1016 Et
1820 960 2002 1015 oratio

411 1040 543 1119 ﬁdei
571 1040 781 1117 salvum
808 1058 1004 1115 reddet
1035 1057 1337 1119 inﬁrmum,
1375 1065 1431 1109 et
1460 1055 1636 1124 eriget
1662 1067 1791 1107 eum
1813 1051 2000 1106 Domi-

411 1173 521 1213 nus
550 1174 565 1213 :
597 1163 653 1211 et
676 1154 721 1209 si
747 1154 801 1208 in
823 1150 1069 1223 peccatis
1094 1151 1287 1215 fuerit,
1309 1148 1672 1204 remittentur
1708 1145 1782 1200 ei.

484 1329 645 1397 Prov.
672 1345 763 1394 xv,
788 1327 841 1382 8.
872 1356 942 1365 —
963 1324 1169 1381 Hostiae
1192 1325 1491 1395 impiorum
1531 1321 1873 1377 abominatio
1892 1323 2003 1378 Do—

415 1423 569 1478 mino
602 1440 615 1476 :
647 1434 844 1491 preces
884 1426 1070 1473 autem
1111 1426 1262 1471 recte
1303 1415 1729 1479 ambulantium,
1768 1422 2006 1485 accepts

417 1515 563 1586 apud
593 1529 741 1570 eum.

486 1605 657 1660 Eccli.
687 1620 782 1671 vn,
807 1602 862 1658 9.
886 1632 956 1643 —
976 1600 1102 1659 Noli
1123 1614 1245 1656 esse
1269 1596 1641 1669 pusillanimis
1666 1597 1722 1652 in
1747 1595 2005 1651 oratione
2042 1581 2069 1595 κ

418 1707 534 1755 tua.

488 1785 657 1841 Eccli.
689 1800 841 1851 xvm,
873 1783 963 1838 22.
992 1812 1063 1825 -—
1083 1783 1163 1837 Ne
1189 1780 1512 1850 impediaris
1538 1779 1775 1836 reddere
1800 1778 2010 1857 oratio-

418 1893 543 1934 nem
580 1876 811 1932 Domino
840 1884 1089 1944 tempore
1116 1881 1455 1943 Opportuno.

492 1968 703 2023 Basilii.
721 1996 793 2007 ——
811 1965 976 2021 Auris
999 1962 1208 2029 divina,
1232 1979 1368 2019 voce
1397 1978 1506 2018 non
1529 1971 1654 2033 eget
1683 1960 2012 2016 ad-audien—

422 2060 576 2113 dum.
604 2057 769 2112 Novit
788 2056 935 2111 enim
962 2056 1147 2109 statim
1171 2054 1229 2107 in
1258 2054 1381 2123 ipso
1419 2060 1572 2107 motu
1614 2050 1779 2121 576
1802 2048 2006 2113 cordis,

422 2167 488 2205 ea
516 2165 637 2219 qua:
661 2148 1029 2218 inquiramus,
1053 2146 1405 2217 dignoscere.
1453 2146 1653 2198 Annon
1676 2141 1838 2197 audis
1861 2138 2009 2209 quod

421 2245 622 2302 Moses,
657 2255 785 2294 cum
813 2239 953 2293 nihil
985 2239 1309 2308 loqueretur
1333 2277 1347 2299 ,
1390 2235 1574 2292 tacitis
1595 2234 1712 2290 suis
1754 2230 2011 2302 suspiriis

424 2333 717 2388 Dominum
743 2330 1103 2399 interpellans
1130 2328 1307 2398 (Rom.
1330 2343 1449 2391 vm,
1472 2320 1587 2397 '26).
1611 2324 1839 2379 auditus
1859 2322 1929 2376 ab
1943 2335 2011 2376 eo

426 2427 518 2490 sit,
559 2426 776 2481 dicente
801 2442 816 2478 :
847 2422 986 2488 Quid
1008 2422 1213 2476 clamas
1241 2420 1310 2474 ad
1343 2435 1425 2474 me
1452 2418 1650 2486 (Exod.
1675 2433 1787 2481 xw,
1812 2414 1944 2486 15)?

497 2514 781 2569 Justorum
803 2512 951 2567 enim
982 2527 1215 2580 operum
1247 2507 1564 2579 praesentia,
1592 2504 1835 2576 ingentis
1864 2501 2012 2573 apud
2036 2542 2042 2549 .

428 2605 603 2661 Deum
640 2604 901 2660 clamoris
928 2601 1108 2656 vicem
1142 2601 1327 2655 habet.

505 2714 768 2784 Theologi.
794 2742 867 2753 —-
892 2712 971 2766 Ne
996 2710 1317 2781 abjectioris
1348 2708 1519 2762 animi
1543 2708 1806 2776 velutque
1830 2704 2012 2761 sordi-

431 2805 604 2861 dioris
626 2812 811 2858 notam
854 2801 1017 2856 nobis
1040 2815 1406 2863 arcessamus,
1450 2798 1603 2853 dum“
1626 2797 1840 2851 minuta
1860 2809 2013 2865 qua:-

432 2896 556 2950 dam
583 2910 687 2949 nec
711 2893 875 2963 digna
910 2892 1044 2947 satis
1075 2889 1360 2961 largientis
1387 2886 1795 2953 muniﬁcentia,
1836 2901 1868 2940 a
1897 2885 2013 2939 Deo

433 2987 798 3058 postulamus.

504 3077 770 3148 Chrysost.
811 3104 882 3117 —-
922 3074 1116 3144 Magna
1160 3073 1410 3143 quaedam
1465 3088 1554 3128 res
1589 3080 1673 3128 est
1709 3072 1891 3127 oratio
1914 3113 1930 3140 ,
1965 3072 2012 3129 si

431 3170 618 3224 animo
648 3169 703 3221 in
733 3168 904 3221 Deum
936 3177 1089 3237 grato
1124 3180 1189 3220 ac
1221 3165 1460 3219 candore
1488 3163 1581 3217 ﬁat
1610 3181 1623 3217 :
1657 3163 1702 3217 si
1728 3178 1828 3218 nos
1862 3163 2013 3232 ipsos

437 3260 790 3314 instituamus
812 3296 826 3322 ,
862 3265 924 3311 ut
972 3255 1176 3310 nedum
1208 3270 1332 3310 cum
1361 3253 1660 3325 petitiones
1686 3253 2008 3323 accipimus,

436 3354 550 3407 Deo
582 3350 784 3421 gratias
833 3352 1081 3420 agamus,
1132 3347 1229 3402 sed
1255 3355 1459 3401 etcum
1511 3344 1620 3399 illis
1656 3344 2009 3399 frustramur.

434 3443 777 3512 Quandoque
827 3440 975 3496 enim
1017 3439 1133 3502 dat,
1179 3438 1515 3508 quandoque
1561 3451 1693 3491 vero
1736 3451 1848 3490 non
1896 3436 2012 3501 dat,

438 3535 559 3589 utili
590 3543 884 3602 utrumque
915 3531 1170 3586 consilio.
1200 3527 1330 3585 Sive
1358 3529 1526 3599 igitur
1559 3526 1862 3597 acceperis,
1900 3527 2015 3582 sive

437 3638 548 3676 non
578 3620 879 3691 acceperis,
910 3620 1076 3674 etiam
1114 3635 1225 3673 non
1260 3617 1617 3688 accipiendo,
1652 3618 1814 3687 plane
1858 3632 2017 3671 acce-

438 3712 568 3783 pisti
598 3730 611 3765 :
646 3713 761 3768 sive
790 3711 1195 3782 impetraveris,
1229 3704 1347 3765 sive
1384 3725 1493 3764 non
1525 3706 1937 3778 impetraveris,
1960 3715 2016 3762 et

439 3819 550 3858 non
609 3803 987 3873 impetrando,
1037 3801 1230 3870 utique
1291 3800 1621 3869 impetrasti.
1673 3798 2016 3867 Quandoque

439 3893 587 3948 enim
614 3908 725 3948 non
763 3894 1033 3962 accipere,
1055 3890 1464 3957 conducibilius
1483 3897 1589 3943 est.
1614 3887 1752 3942 Nam
1776 3886 1884 3941 nisi
1905 3901 2016 3940 non

440 3977 692 4051 accipere
718 3966 867 4036 haud
895 3997 1017 4035 raro
1042 3996 1110 4034 ex
1132 3978 1336 4033 nostris
1373 3977 1682 4031 rationibus
1706 3966 1873 4041 esset,
1898 3991 2017 4030 om-

2096 415 2278 469 αὐτῶν
2303 414 2844 485 εἰσακουσθήσονται.
2870 415 2961 485 Μὴ
2997 414 3092 469 οὖν
3135 415 3447 488 ὁμοιωθῆτε
3486 418 3692 481 αὐτοῖς’

2096 503 2205 561 οἶδε
2233 506 2342 578 γὰρ
2374 509 2403 561 ὁ
2427 506 2617 577 Πατὴρ
2656 507 2809 578 ὑμῶν
2838 501 2913 561 ὧν
2944 508 3136 578 χρείαν
3199 507 3377 578 ἔχετε,
3433 509 3543 581 πρὸ
3599 509 3694 565 τοῦ

2099 598 2244 668 ὑμᾶς
2287 599 2513 668 αἰτῆσαι
2544 597 2730 652 αὐτόν.
3636 664 3648 671 κ

2183 691 2329 743 Ἰακ.
2357 696 2423 745 ε’.
2454 718 2525 730 -
2542 690 2861 743 Κακοπαθεῖ
2881 706 2965 752 τις
2987 690 3046 741 ἐν
3080 689 3212 759 ὑμῖν
3232 692 3688 763 ;“προσευχέσθω.

2099 779 2344 851 Εὐθυμεῖ
2360 796 2478 846 τις;
2505 778 2773 849 ψαλλέτω.
2813 779 3057 833 Ἀσθενεῖ
3091 796 3180 843 τις
3221 783 3280 834 ἐν
3325 783 3482 851 ὑμῖν;
3520 800 3694 855 προσ-

2101 868 2422 924 καλεσάσθω
2468 870 2601 932 τοὺς
2639 868 3047 940 πρεσϐυτέρους
3071 869 3176 937 τῆς
3217 871 3559 942 Ἐκκλησίας,
3589 875 3705 928 και

2102 959 2604 1033 προσευξάσθωσαν
2628 960 2717 1012 ἐπ’
2749 960 2933 1023 αὑτὸν,
2972 959 3295 1029 ἀλείψαντες
3327 963 3486 1016 αὑτὸν
3515 964 3686 1035 ἐλαίῳ

2103 1058 2162 1110 ἐν
2187 1055 2264 1127 τῷ
2292 1056 2521 1128 ὀνόματι
2559 1055 2769 1125 Κυρίου
2797 1074 2811 1088 ·
2853 1055 2950 1111 καὶ
3004 1059 3038 1129 ἡ
3103 1057 3237 1128 εὐχὴ
3290 1060 3392 1129 τῆς
3448 1058 3682 1124 πίστεως

2106 1151 2272 1200 σώσει
2293 1153 2384 1201 τὸν
2414 1150 2713 1218 κάμνοντα,
2770 1148 2864 1201 καὶ
2914 1149 3102 1220 ἐγερεῖ
3144 1148 3310 1202 αὐτὸν
3355 1150 3384 1202 ὁ
3436 1149 3635 1221 Κύριος
3663 1166 3681 1184 ο

2105 1236 2209 1292 κᾶν
2239 1238 2516 1309 ἁμαρτίας
2603 1237 2947 1309 πεποιηκὼς,
2973 1239 3313 1311 ἀφεθήσεται
3335 1240 3507 1311 αὐτῷ.

2178 1331 2398 1397 Σολομ.
2415 1359 2478 1370 ——
2499 1328 2697 1382 Θυσίαι
2718 1329 2930 1382 ἀσεϐῶν
2955 1328 3231 1401 βδέλυγμα
3257 1332 3454 1402 Κυρίῳ
3478 1348 3494 1363 '
3525 1348 3688 1404 προσ-

2107 1419 2263 1491 ευχαὶ
2290 1419 2347 1472 δέ
2377 1419 2839 1485 κατευθυνόντων,
2866 1419 3053 1473 δεκταὶ
3082 1421 3212 1491 παρ’
3233 1421 3406 1493 αὐτῷ.

2179 1598 2364 1665 Σιρὰχ
2399 1594 2466 1662 ζ’.
2487 1626 2555 1637 -
2568 1596 2660 1668 Μὴ
2676 1595 3076 1670 ὀλιγοψυχήσῃς
3116 1599 3174 1651 ἐν
3189 1601 3256 1670 τῇ
3281 1603 3560 1672 προσευχῇ
3574 1615 3684 1656 σου.

2183 1770 2369 1839 Σιρὰχ
2399 1776 2493 1838 ιη’.
2518 1770 2610 1843 Μὴ
2641 1770 2945 1846 ἐμποδίσῃς
2975 1771 3071 1826 τοῦ
3097 1772 3394 1828 ἀποδοῦναι
3419 1773 3584 1846 εὐχὴν
3615 1774 3687 1847 (ο)

2110 1860 2405 1932 εὐκαίρως.

2174 1952 2522 2005 Βασιλείου.
2549 1981 2618 1993 —-
2662 1950 2731 2004 Ἦ
2789 1950 2913 2005 θεία
2965 1953 3127 2023 ἀκοὴ,
3182 1952 3243 2006 οὗ
3293 1956 3479 2025 φωνῆς
3524 1953 3689 2007 δεῖται

2110 2043 2248 2112 πρὸς
2282 2041 2558 2112 αἴσθησιν.
2587 2039 2711 2096 Οἷδε
2748 2042 2858 2115 γὰρ
2904 2043 2999 2097 καὶ
3048 2045 3107 2097 ἐν
3150 2042 3230 2114 τῷ
3276 2045 3538 2116 κινήματι
3595 2044 3691 2114 τῆς

2110 2134 2337 2206 καρδίας
2370 2134 2637 2206 γνωρίσαι
2668 2135 2737 2189 τὰ
2777 2134 3199 2206 ἐπιζητούμενα.
3233 2136 3305 2189 Ἦ
3350 2136 3450 2189 οὐκ
3477 2134 3691 2199 ἀκούεις

2109 2227 2190 2280 ὅτι
2217 2227 2457 2296 Μωῦσῆς
2483 2226 2648 2297 μηδὲν
2670 2226 3067 2298 φθεγγόμενος,
3098 2229 3209 2290 τοῖς
3242 2226 3531 2297 ἀλαλήτοις
3568 2227 3695 2279 ἐαυ·

2109 2318 2204 2372 τοῦ
2254 2320 2577 2388 στεναγμοῖς
2606 2318 2683 2389 (ρ)
2714 2318 3062 2389 ἐντυγχάνων
3107 2318 3184 2387 τῷ
3231 2319 3439 2387 Κυρίῳ,
3462 2316 3695 2388 ἠκούετο

2112 2411 2264 2483 παρὰ
2292 2410 2388 2464 τοῦ
2415 2411 2644 2483 Κυρίου,
2666 2410 2938 2479 λέγοντοςτ
2983 2411 3042 2464 Τί
3069 2407 3229 2478 ,ϐοᾷς
3256 2410 3406 2478 πρός
3430 2425 3507 2478 με
3517 2425 3540 2472 ;

2185 2504 2406 2574 Ἔργων
2444 2502 2554 2574 γὰρ
2583 2502 2809 2556 δικαίων
2842 2501 3139 2573 παρουσία,
3175 2498 3557 2572 μεγαλοφωνία
3577 2497 3697 2552 ἐστὶ

2112 2595 2265 2667 παρὰ
2321 2578 2464 2667 θέῷ.

2186 2709 2506 2778 Θεολόγου.
2536 2739 2607 2749 -
2634 2708 2727 2778 Μὴ
2795 2706 3150 2779 μικρολογίαν
3193 2703 3691 2775 καταγνωσθιῖῳεν,

2113 2802 2173 2856 ἐν
2201 2801 2280 2872 τῷ
2309 2804 2483 2873 μικρὰ
2510 2802 2684 2855 αἰτεῖν
2712 2801 2861 2871 ἡμᾶς
2890 2799 2988 2853 καὶ
3042 2798 3138 2854 τοῦ
3183 2799 3416 2861 διδόντος
3477 2796 3689 2863 ἀνάξια.

2188 3071 2490 3136 Χρυσοστ.
2514 3094 2585 3106 -
2617 3063 2782 3133 Μέγα
2814 3062 3019 3132 ἀγαθὸν
3052 3060 3205 3133 εὐχὴ,
3241 3060 3340 3113 ἐὰν
3391 3057 3532 3130 μετὰ
3575 3058 3695 3111 δια-

2117 3159 2263 3222 νοίας
2291 3158 2615 3229 εὐχαρίστου
2655 3155 2885 3227 γένηται
2917 3171 2933 3186 °
2968 3153 3065 3208 ἐὰν
3093 3150 3474 3222 παιδεύσωμεν
3500 3148 3694 3203 ἐαυτοῦ

2119 3249 2195 3319 μὴ
2233 3247 2391 3318 μόνον
2441 3246 2834 3317 λαμϐάνοντες,
2895 3243 3035 3299 ἀλλὰ
3087 3243 3182 3297 καὶ
3227 3239 3697 3311 ἀποτυγχάνοντες

2116 3340 2461 3411 εὐχαριστεῖν
2499 3337 2580 3408 τῷ
2619 3337 2758 3407 Θεῷ.
2814 3337 2926 3390 Καὶ
2978 3334 3088 3406 γὰρ
3141 3333 3271 3387 ποτέ
3329 3331 3433 3402 μέν
3487 3329 3694 3394 δίδωσι,

2113 3432 2397 3503 ἀμφότερα
2417 3430 2921 3508 χρησίμωςηὮστε
2943 3429 3050 3483 κᾶν
3067 3426 3260 3498 λάϐῃς,
3284 3424 3390 3478 κᾶν
3407 3422 3483 3494 μὴ
3500 3420 3695 3492 λάϐῃς,

2115 3520 2306 3584 ἔλαϐες
2335 3522 2393 3573 ἐν
2413 3519 2491 3590 τῷ
2522 3519 2597 3590 μὴ
2629 3518 2945 3573 ἀπολαϐεῖν.
2976 3516 3098 3572 Κᾶν
3130 3515 3418 3585 ἐπιτύχῃς,
3461 3511 3566 3565 κᾶν
3619 3509 3697 3580 μὴ

2118 3610 2406 3682 ἐπιτύχῃς,
2462 3611 2653 3681 ἔτυχες
2704 3611 2763 3664 ἐν
2817 3609 2893 3680 τῷ
2950 3609 3027 3680 μὴ
3067 3608 3361 3677 ἐπιτυχεῖν.
3392 3605 3551 3659 Ἔστι
3583 3601 3697 3673 γὰρ

2116 3702 2205 3754 ὅτε
2231 3701 2290 3754 τὸ
2326 3700 2401 3770 μὴ
2431 3699 2614 3752 λαϐεῖν
2645 3699 3106 3769 λυσιτελέστερον.
3143 3698 3206 3750 Et
3255 3696 3364 3767 γὰρ
3422 3694 3497 3766 μὴ
3557 3709 3700 3760 συμ-

2118 3793 2283 3864 φέρον
2312 3794 2445 3864 ἠμῖν
2465 3788 2534 3864 ἦν
2572 3792 2834 3855 πολλάκις
2857 3791 2919 3843 τὸ
2950 3790 3025 3861 μὴ
3051 3790 3257 3854 λαϐεῖν,
3309 3788 3531 3849 πάντως
3574 3783 3704 3836 ἐδω-

2118 3900 2214 3938 κεν
2262 3883 2347 3938 ἄν.
2382 3884 2456 3936 Τὸ
2503 3885 2561 3936 δέ
2611 3882 2999 3953 συμφερόντως
3054 3883 3370 3953 ἀποτυχεῖν,
3421 3880 3701 3948 ἐπιτυχεῖν

2119 3978 2289 4030 ἐστιν.
2960 4004 2967 4005 ί

443 4072 576 4126 nino
650 4073 815 4125 etiam
882 4078 1168 4139 praestaret
1217 4083 1282 4122 ac
1353 4066 1534 4122 daret.
1581 4066 1661 4121 Ita
1694 4081 1829 4121 vero
1876 4082 2026 4127 non.
2054 4065 2373 4137 impetrare,
2423 4074 2485 4121 ut
2534 4066 2642 4121 hoc
2683 4066 2862 4136 ipsum
2909 4065 3045 4120 utile
3090 4064 3162 4119 sit
3205 4078 3270 4119 ac
3312 4063 3699 4130 commodum,

445 4175 674 4229 prorsus
706 4169 790 4215 est
821 4161 1146 4230 impetrare.

514 4250 652 4306 Cum
673 4253 852 4309 oratio
882 4253 1106 4308 mundis
1129 4267 1197 4308 ex
1224 4251 1384 4307 labiis
1407 4249 1808 4322 proficiscitur,
1839 4265 2021 4321 exque
2052 4257 2099 4314 ι)

2202 4249 2376 4303 Ὅταν
2415 4252 2478 4303 ἐκ
2513 4247 2768 4319 καθαρῶν
2793 4247 3020 4319 χειλέων
3053 4247 3343 4320 ἐξέρχηται
3371 4247 3577 4318 δέησις,
3607 4249 3706 4303 καὶ
3774 4252 3799 4269 ’

1960 4430 2188 4488 NOTAE.

522 4570 596 4641 (ο)
637 4566 748 4641 Τοῦ
807 4566 1139 4641 ἀποδοῦναι
1190 4567 1443 4641 εὐχήνχ-
1463 4567 1697 4641 Videtur
1725 4636 1737 4641 _
1760 4566 2024 4641 Maximus

453 4636 554 4712 pro
579 4636 828 4692 oratione
858 4636 1181 4712 sumpsisse,
1215 4639 1294 4691 uti
1318 4647 1373 4691 et
1403 4638 1561 4712 Vulg.
1613 4636 1692 4712 lyr:
1718 4636 2025 4712 impediaris

458 4706 615 4765 orare
651 4724 892 4778 semper;
938 4706 1189 4777 quamvis
1244 4706 1661 4778 vox‘reddendi
1683 4746 1705 4778 ,Α
1724 4707 1900 4778 magis
1946 4708 2028 4761 vi-

454 4782 651 4834 deatur
688 4775 971 4832 insinuare
998 4782 1207 4840 votum,
1236 4776 1382 4845 quod
1413 4776 1640 4847 perinde
1664 4775 1938 4847 significat
1962 4794 2026 4833 ea

458 4864 579 4908 vox.
602 4857 662 4902 ut
692 4857 884 4902 auctor
908 4847 1134 4916 Hieron.
1173 4847 1335 4916 epist.
1380 4847 1446 4901 ad
1497 4845 1752 4901 Sunium}
1808 4845 1946 4912 Quid
1980 4848 2026 4902 si

455 4917 632 4972 oratio
659 4927 718 4972 et
738 4919 854 4988 ipsa
878 4925 940 4971 ut
968 4912 1225 4988 debitum'
1246 4917 1571 4988 attenditur,
1605 4932 1713 4986 qua
1738 4926 2029 4970 teneamur

454 4990 589 5051 Deo,
613 4986 882 5056 quatenus
906 4987 1072 5041 habet
1105 4986 1346 5041 divinam
1378 4986 1618 5050 laudem,
1646 4988 1874 5055 ejusque
1899 5002 2030 5040 con-

456 5059 752 5112 fessionem
775 5066 832 5111 et
857 5057 1032 5112 nostri
1082 5057 1442 5126 agnitionem,
1465 5073 1574 5126 qua
1623 5057 1837 5126 ratione
1882 5056 2025 5110 haud

456 5127 687 5180 dubium
716 5142 835 5181 eam
875 5126 1036 5181 nobis
1061 5124 1385 5197 prazceptam
1412 5124 1571 5192 esse;
1604 5135 1660 5182 et
1691 5124 1914 5195 quidem
1940 5141 2030 5197 as-

457 5196 692 5267 siduam,
718 5205 780 5250 ut
814 5197 984 5267 magis
1026 5196 1534 5267 expressit’Paulus
1573 5196 1591 5267 l
1634 5197 1828 5267 Thess.
1860 5212 1911 5267 v,
1940 5196 2025 5267 17,

457 5266 787 5337 agnovitque
815 5266 1163 5337 interpresin
1190 5268 1276 5321 his
1301 5267 1506 5329 verbis,
1541 5266 1649 5320 nisi
1698 5281 1797 5335 pro
1822 5266 2024 5337 ἐὖ-καί-

461 5334 883 5416 ρὼξ,.ϐξηκθεκῶς
909 5334 1125 5416 habuit,
1161 5337 1307 5416 quod
1327 5337 1534 5416 assidue
1561 5334 1743 5416 est,.et
1763 5334 1909 5416 quod
1939 5335 2029 5414 ille

461 5404 702 5483 reddidit
727 5422 931 5483 semper
954 5404 1214 5483 ;_utrovis
1268 5417 1417 5462 certe
1452 5406 1718 5483 adverbio
1764 5404 2031 5483 indicavit

462 5471 554 5526 hic
584 5473 647 5528 de
674 5471 923 5546 oratione
954 5471 1129 5544 'loqui
1179 5493 1392 5532 sacrum
1449 5476 1795 5546 scriptorem,
1822 5474 2030 5546 de‘qua

475 5545 848 5611 etsequentia,
870 5547 997 5615 πρὶν
1025 5543 1285 5610 εὔξασθαι
1309 5543 1600 5615 ἐτοίμασον
1626 5546 1845 5599 σαυτόν.
1868 5543 2028 5615 ναις.

471 5617 601 5673 Aule
634 5613 925 5670 oratiozeai
947 5632 1193 5685 prmpara
1235 5613 1471 5669 animam
1527 5625 1695 5671 tuam.
1721 5614 1833 5670 Nec
1869 5613 2031 5668 aliter

2124 4567 2283 4622 Amb.
2337 4564 2561 4620 Exhort.
2622 4562 2693 4616 ad
2746 4563 3013 4633 virgines:
3065 4575 3168 4616 nec
3223 4562 3358 4633 satis
3416 4562 3710 4618 commode

2124 4637 2409 4701 reddatur,
2460 4642 2751 4704 antequam
2792 4631 2998 4698 voveat,
3047 4640 3109 4686 ut
3157 4631 3494 4686 existimavit
3531 4633 3709 4688 Nobi-

2123 4707 2250 4761 lius.

2200 4775 2285 4899 (ρ),
2346 4775 2475 4841 Τοῖς
2504 4775 2834 4856 dtur/Mra“;
2865 4775 3050 4825 αὐτοῦ
3075 4775 3452 4839 στεναγμοῖς.
3480 4775 3713 4827 Inenar.

2128 4847 2242 4901 rabt
2270 4845 2384 4899 rbus
2419 4851 2589 4900 vertit
2623 4851 2896 4911 mterpres
2926 4840 3088 4911 Rem.
3120 4855 3238 4901 vm.
3273 4856 3383 4909 quo
3411 4843 3589 4910 palam
3625 4858 3714 4896 re-

2129 4917 2293 4987 spicit
2333 4915 2588 4987 Basilius.
2621 4910 2833 4987 Erasm.
2872 4911 2901 4987 l_
2929 4910 3085 4987 _P_etr.
3116 4929 3156 4975 ι,
3200 4911 3275 4987 -τδ
3291 4913 3439 4987 χαρᾷ
3474 4912 3714 4987 ἀνεκλα-

2128 4979 2296 5056 λῆτῳ,
2323 4981 2811 5056 θαλαάὶξοὶηεπαὺίιὶ,
2848 4980 2942 5035 ubi
2968 4981 3167 5056 iterum
3200 4979 3381 5056 Vulg:
3403 4981 3716 5056 gaudiogin-
3790 5021 3803 5027 η

2130 5052 2439 5110 enarrabili.
2480 5053 2576 5108 Hic
2599 5055 2777 5107 visum
2829 5052 3194 5116 commodius,
3232 5054 3405 5122 tacitis
3438 5052 3717 5122 gemitibus

2130 5141 2193 5180 ac
2225 5134 2405 5179 mente
2443 5123 2669 5192 pressis,
2695 5122 2958 5190 nulloque
2989 5122 3144 5176 vocis
3158 5135 3294 5174 sono
3315 5120 3528 5175 divinas
3548 5136 3717 5192 aures

2132 5191 2498 5265 pulsantibus.
2549 5208 2716 5265 quem
2772 5206 3109 5265 sensumuea
3140 5205 3244 5265 vo}
3292 5192 3439 5245 nulla
3472 5192 3533 5244 vi
3567 5191 3718 5245 ferre

2132 5260 2332 5334 potest,
2368 5279 2470 5319 nec
2490 5260 2598 5318 alio
2635 5262 2853 5331 accepit
2873 5261 3127 5334 Basilius.
3164 5260 3284 5334 Alio
3330 5269 3513 5314 autem
3543 5274 3717 5334 sensu

2131 5329 2740 5418 ἆλάλῃτῳρτεναγμοὶ,
2773 5329 3011 5418 qupr'um
3049 5332 3104 5384 in
3143 5329 3305 5413 nobis
3345 5329 3719 5410 ποιοί-’ἀξινί-

2132 5420 2237 5458 nus
2278 5398 2549 5473 Spiritus,
2586 5398 2975 5457 inenarrabiles
3021 5401 3244 5473 gemitus
3292 5415 3402 5473 pro
3420 5415 3484 5452 ea
3515 5398 3568 5451 vi
3611 5398 3720 5452 im-

2346 4775 2475 4841 Τοῖς
2504 4771 2834 4839 ἀλαλήτοις
2865 4770 3050 4841 αὐτοῦ
3075 4771 3452 4839 στεναγμοῖς.
3480 4772 3713 4827 lacuar-

2094 5544 2097 5545 ν
2132 5469 2385 5544 petra-fdi
2410 5489 2572 5543 quam
2601 5472 2806 5545 habent
2847 5479 2903 5545 et
2946 5469 3283 5545 praestantia,
3314 5470 3421 5545 tali.
3463 5477 3713 5532 auctore.

2132 5538 2299 5612 supra
2338 5538 2503 5600 omne
2562 5542 2712 5614 quod
2748 5550 2842 5596 aut
2889 5538 3042 5612 loqui
3100 5549 3194 5593 aut
3251 5538 3556 5611 intelligere
3584 5553 3717 5611 pos-

2133 5629 2345 5669 SlllllllS.
