3990 6176
386 292 493 355 8θ3

1694 295 1863 356 LOCI
1902 293 2334 355 COMMUN'ES.

3531 297 3637 366 810

386 402 451 452 ἐκ
481 398 711 470 καρδίας
756 399 1146 473 ἀνυποκρίτου,
1185 396 1294 456 οἶδε
1335 401 1538 471 φθάσαι
1574 399 1635 454 τὸ
1666 401 1955 456 ἀκολάκευ-

2071 402 2253 455 animo
2278 400 2416 454 nihil
2458 399 2823 456 simulationis
2847 399 2969 456 labe
3010 384 3426 467 laborante,iatl
3474 420 3639 463 aures

388 508 476 544 τον
504 488 599 555 οῦς
632 491 726 545 τοῦ
753 493 1048 546 Δεσπότου.

462 584 628 637 Ὅταν
660 583 728 635 δι’
763 584 929 655 εὐχῆς
961 583 1318 654 αίτησὼμεθά
1348 601 1401 637 τι
1427 584 1518 637 τὸν
1549 582 1850 652 Δεσπότην,
1891 581 1963 651 μὴ

386 673 595 744 ταχέως
615 673 1030 744 ὲξατονήσωμεν
1067 691 1081 705 ·
1128 674 1265 728 ἀλλά
1315 675 1374 728 τὸ
1414 674 1636 744 συνεχὲς
1677 675 1777 744 τῆς
1832 673 1966 726 ἀπο-

383 765 598 831 τυχίας.
630 768 695 834 τῇ
729 765 982 836 συνεχείᾳ
1010 766 1108 836 τῆς
1133 767 1402 837 αἰτήσεως
1423 765 1819 834 ὲκνικήσωμεν.

467 855 556 907 Ἐν
594 857 713 918 ταῖς
750 854 1039 919 ἀναϐολαῖς
1087 858 1183 910 καὶ
1230 857 1289 910 ἐν
1338 857 1458 918 ταῖς
1491 854 1821 923 ὑπερθέσεσι
1854 850 1963 906 τῶν

384 944 602 1016 δωρεῶν
634 944 728 997 τοῦ
758 943 919 1010 Θεοῦ,
962 944 1038 1015 μὴ
1084 944 1520 1016 προκάμνωμεν,
1561 936 1693 1013 μηδὲ
1726 957 1963 1012 προανα-

386 1038 697 1107 πίπτωμεν.
740 1038 1009 1101 Πολλάκις
1040 1038 1149 1109 γὰρ
1187 1039 1214 1090 6
1252 1037 1530 1107 Δεσπότης
1563 1035 1663 1106 τὴν
1702 1032 1963 1086 δοκοῦσαν

384 1128 674 1201 ἀναϐολὴν,
705 1130 784 1192 είς
815 1128 913 1199 τὴν
940 1131 1039 1201 τῆς
1073 1130 1312 1191 πίστεως
1345 1124 1656 1197 γυμνασίαν
1675 1123 1959 1194 παρέλκει.

454 1219 633 1273 Καλὸν
658 1204 890 1274 πάντοτε
918 1219 1006 1273 διὰ
1042 1218 1356 1289 προσευχῆς
1385 1217 1593 1287 ὁμιλεῖν
1617 1214 1695 1285 τῷ
1721 1212 1859 1281 Θεῷ.
1899 1213 1961 1265 El

383 1309 492 1378 γὰρ
513 1308 769 1379 συντυχία
780 1309 973 1380 ἀνδρὸς
990 1306 1193 1377 ἀγαθοῦ
1216 1307 1415 1376 βελτιοῖ
1437 1305 1528 1359 τὸν
1548 1304 1957 1374 ἐντυγχάνοντα,

384 1402 533 1470 πόσῳ
565 1399 765 1469 μᾶλλον
798 1402 857 1453 τὸ
886 1402 982 1454 καὶ
1017 1401 1074 1453 ὲν
1111 1398 1297 1470 ἡμέρᾳ
1326 1397 1421 1452 καὶ¹
1445 1398 1503 1452 ὲν
1534 1395 1691 1450 νυκτὶ
1734 1394 1962 1465 καθομι-

381 1491 494 1547 λεῖν
525 1491 605 1563 τῷ
657 1490 775 1562 Θεῷ
806 1508 821 1559 ;

454 1666 726 1730 Πολλάκις
774 1667 803 1720 6
854 1666 988 1729 Θεδς
1040 1663 1399 1720 ἀναϐάλλεται
1446 1659 1545 1732 τὴν
1609 1660 1845 1728 αῐτησιν,
1895 1656 1957 1710 οὐ

2067 490 2284 543 Domini
2305 489 2549 559 proclive
2569 489 2784 552 evadet,
2816 504 2953 558 quas
2982 489 3132 543 nulla
3158 488 3401 544 adulatio
3433 491 3635 561 pulset.

2136 579 2271 634 Cum
2298 579 2561 649 precibus
2593 579 2801 648 aliquid
2825 596 2867 634 .a
2912 580 3147 636 Domino
3186 579 3537 650 petierimus,
3568 598 3638 643 ne

2065 670 2176 723 cito
2198 671 2443 723 animum
2472 671 2945 741 despondeamus;
2976 672 3072 727 sed
3106 673 3427 729 continuam
3448 674 3636 747 repulv

2065 773 2180 813 sam
2217 758 2476 814 continua
2498 760 2786 829 petitionis
2816 762 3077 817 instantia
3109 763 3415 819 vincamus.

2134 849 2273 902 Dum
2302 850 2448 905 Deus
2469 850 2611 904 dona
2637 850 2827 909 differt
2868 868 3160 923 morasque
3183 854 3380 921 nectit,
3404 870 3474 910 ne
3499 853 3637 910 dell-

2062 938 2276 993 ciamus
2302 954 2440 994 neve
2466 941 2667 995 animis
2696 941 3067 997 concidamus.
3101 942 3254 1013 Saepe
3282 945 3428 998 enim
3449 945 3638 999 Domi.

2063 1046 2189 1095 nus,
2222 1045 2366 1095 eam,
2385 1046 2509 1099 quae
2526 1031 2769 1097 videtur,
2796 1031 3140 1098 dilationem,
3167 1033 3294 1088 ﬁdei
3317 1035 3639 1095 exercenda

2063 1136 2227 1176 causa
2259 1122 2553 1190 protrahit.

2094 1233 2103 1237 -
2132 1202 2464 1266 Praeclarum
2491 1220 2578 1266 est
2604 1226 2731 1267 cum
2763 1212 2875 1266 Deo
2905 1212 3113 1283 jugiter
3140 1212 3348 1269 orando
3375 1213 3637 1273 conlabu.

2061 1300 2188 1355 lari.
2211 1300 2267 1355 Si
2293 1301 2443 1355 enim
2470 1301 2575 1355 viri
2605 1301 2766 1371 probi
2794 1301 3009 1357 indulta
3024 1303 3362 1372 congressio,
3392 1319 3516 1357 eum
3540 1303 3637 1373 qui

2062 1390 2451 1460 congrediatur
2512 1390 2681 1460 inque
2738 1392 2894 1446 illum
2948 1392 3157 1447 incidat
3207 1393 3436 1459 meliore
3484 1395 3638 1466 fruge

2063 1480 2363 1549 componit,
2400 1491 2607 1551 quanto
2655 1482 2830 1552 magis
2877 1482 3028 1552 quod
3059 1482 3155 1539 diu
3194 1493 3476 1555 noctuque
3513 1503 3639 1549 cum

2062 1571 2174 1625 Deo
2206 1586 2517 1629 sermonem
2548 1573 2880 1628 misceamus
2907 1575 2919 1627 l

2132 1661 2523 1732 Saepenumero
2566 1663 2712 1718 Deus
2741 1663 3070 1734 petitionem
3114 1663 3322 1729 differt,
3356 1682 3466 1723 non
3512 1666 3640 1735 quia

381 1726 881 1827 pouldpevocvﬂpd;
912 1726 1276 1827 παρελκῦσαι,
1311 1751 1448 1807 ἀλλὰ
1470 1726 1536 1822 τῇ
1573 1726 1830 1821 μελλήσει
1858 1749 1955 1818 τῆς

2071 1752 2197 1807 velit
2218 1768 2320 1807 nos
2350 1754 2697 1822 protrahere,
2736 1755 2834 1809 sed
2853 1765 2913 1811 ut
2935 1755 3103 1810 dandi
3139 1726 3639 1822 cunctatione,ceu

379 1849 579 1913 δόσεως
611 1846 965 1919 τῆν’διηνεκῆ
1004 1844 1364 1917 προσεδρείαν
1408 1844 1543 1913 ἡμῖν
1573 1839 1950 1911 σοφιζόμενος.

380 1939 537 1994 Οὕτω
578 1935 689 2010 γὰρ
743 1939 839 1992 καὶ
900 1937 1243 2009 φιλόστοργοι
1298 1934 1534 2006 πατέρες
1595 1931 1831 1995 ποιοῦσι,
1885 1928 1955 1982 τὰ

380 2029 603 2100 ῥᾴθυμα
621 2027 730 2082 τῶν
764 2028 993 2095 παίδων,
1018 2029 1114 2081 καὶ
1155 2026 1291 2094 πρὸς
1327 2026 1397 2083 τὰ
1443 2022 1671 2077 παιδικὰ
1724 2020 1953 2090 παίγνια

380 2118 660 2191 τρέχοντα,
722 2102 986 2185 πολλάκις
1037 2120 1330 2189 ὑποσχέσει
1381 2116 1579 2180 δόσεως
1632 2114 1729 2169 καὶ
1778 2113 1950 2187 δώρου

382 2211 641 2281 μεγίστου
678 2209 967 2279 κατέχουσι
996 2208 1127 2278 παρ’
1155 2208 1389 2270 ἑαυτοῖς.

462 2298 788 2370 Ἀνθρὼπων
815 2298 912 2368 μὲν
938 2298 1047 2369 γὰρ
1070 2297 1332 2367 δεόμενοι,
1370 2293 1465 2348 καὶ
1513 2291 1760 2362 δαπάνης
1814 2306 1954 2361 χρη-

381 2388 568 2459 μάτων
600 2387 846 2458 δεόμεθα
891 2386 989 2439 καὶ
1045 2382 1337 2446 κολακείας
1390 2380 1818 2452 δουλοπρεποῦς,
1857 2380 1952 2433 καὶ

379 2480 583 2550 πολλῆς
636 2478 885 2549 περιόδου
943 2476 1037 2531 καὶ
1085 2473 1469 2547 πραγματείας
1520 2471 1696 2544 χρεία.
1732 2471 1805 2523 Οὐ
1843 2470 1952 2541 γὰρ

319 2607 323 2609 -
375 2573 440 2638 ἐξ
470 2570 688 2635 εὐθείας
714 2571 899 2633 αὐτοῖς
928 2571 1040 2632 τοῖς
1070 2567 1281 2638 κυρίοις
1304 2565 1490 2621 δοῦναι
1531 2564 1606 2636 (q)
1648 2561 1747 2634 τὴν
1793 2563 1952 2634 χάριν

379 2663 458 2717 ἔνι
485 2663 579 2716 καὶ
605 2660 947 2732 διαλεχθῆναι
978 2659 1258 2724 πολλάκις,
1286 2657 1407 2711 ἀλλ’
1426 2657 1639 2725 ἀνάγκη
1686 2654 1951 2723 πρότερον

378 2754 657 2817 διακόνους
715 2752 811 2807 καλ⁸
858 2751 1178 2823 οἰκονόμους
1235 2750 1414 2804 αὐτῶν
1465 2749 1562 2803 καὶ
1598 2746 1950 2817 ἐπιτρόπους,

383 2846 477 2897 καὶ
518 2846 762 2915 χρήμασι
814 2844 909 2897 καὶ
965 2843 1177 2913 ῥήμασι
1237 2841 1333 2894 καὶ
1392 2840 1556 2893 παντὶ
1614 2837 1951 2909 θεραπεῦσαι

380 2934 587 3004 τρόπῳ,
634 2936 728 2988 καὶ
778 2934 899 2988 τότε
933 2934 1001 2986 δι’
1050 2933 1276 2987 ἐκείνων
1323 2931 1422 3001 τὴν
1477 2931 1692 3000 αἴτησιν
1740 2928 1947 2982 λαϐεῖν.

391 3024 515 3079 Ἐπὶ
545 3024 601 3078 δὲ
632 3024 728 3079 τοῦ
754 3025 889 3079 Θεοῦ
916 3026 1016 3079 οὐκ
1049 3024 1198 3078 ἐστιν
1253 3023 1448 3086 οὔτως.
1492 3022 1582 3076 Ὀὐ
1618 3021 1726 3094 γὰρ
1783 3021 1949 3074 δεῖται
1978 3062 2024 3122 c

377 3117 615 3188 μεσιτῶν
644 3119 739 3171 ἐπὶ
763 3116 872 3170 τῶν
894 3115 1189 3180 ἀξιούντων
1220 3131 1233 3144 ’
1259 3115 1367 3167 οὐδ’
1407 3113 1578 3184 οὕτως
1632 3111 1699 3165 δι’
1752 3112 1952 3181 ἐτέρων

374 3206 884 3278 παρακαλούμενος,
924 3206 998 3268 ὡς
1028 3204 1094 3258 δι’
1125 3203 1282 3276 ἡμῶν
1316 3202 1497 3259 αὐτῶν
1535 3198 1803 3271 δεομένων
1833 3201 1953 3251 ὲπι-

373 3300 520 3355 νεύει
576 3301 643 3369 τῇ
684 3299 889 3369 χάριτι.
1096 3282 1097 3285 η
1828 3312 1837 3313 ί

446 3389 657 3461 Εύηχός
679 3392 829 3445 ὲστιν
855 3389 1036 3460 ἐκείνη
1064 3390 1095 3460 ἡ
1141 3388 1316 3460 φωνὴ,
1343 3387 1438 3442 καὶ
1471 3389 1633 3458 μέχρι
1663 3386 1763 3457 τῆς
1795 3385 1949 3448 θείας

375 3481 746 3537 ἀναϐαίνουσα
777 3480 947 3550 ἀκοῆς
968 3495 982 3511 ·
1004 3480 1104 3550 οὐχ
1138 3482 1173 3549 ἡ
1201 3479 1339 3549 μετά
1356 3494 1503 3541 τινος
1530 3478 1829 3541 διατάσεως
1860 3493 1947 3544 γι-

375 3560 575 3643 νομένη
612 3573 826 3641 κραυγή
852 3588 866 3604 ο
919 3571 1037 3625 ἀλλ’
1088 3573 1123 3643 ὴ
1164 3571 1271 3626 άπὸ
1313 3570 1560 3642 καθαρᾶς
1586 3571 1950 3641 συνειδήσεως

371 3663 723 3733 ἀναπτομένη
745 3662 1065 3734 ὲνθύμησις.

446 3756 627 3824 Γρηγ.
663 3756 938 3821 Νύσσης.
970 3784 1039 3794 —-
1083 3754 1141 3808 '0
1196 3754 1254 3805 ὲν
1310 3751 1487 3823 καιρῷ
1525 3753 1836 3823 προσευχῆς
1870 3753 1945 3825 μὴ

370 3845 507 3914 πρὸς
531 3846 597 3898 τὰ
636 3844 1016 3899 λυσιτελοῦντα
1038 3848 1104 3917 τῇ
1137 3844 1283 3915 ψυχῇ
1315 3844 1635 3914 τεταμένος,
1655 3844 1789 3898 ἀλλά
1810 3844 1944 3913 πρὸς

368 3937 469 4000 τὰς
507 3936 775 4007 ἐμπαθεῖς
807 3939 908 4008 τῆς
943 3937 1188 4000 διανοίας
1211 3937 1474 4006 κινήσεις,
1507 3934 1944 3991 συνδιατίθεσθαι

366 4029 462 4083 τὸν
518 4028 649 4083 Θεὸν
682 4027 866 4095 ἀξιῶν,
899 4028 1069 4099 λῆρός
1119 4028 1202 4090 τίς
1249 4029 1419 4092 ἐστιν,
1472 4027 1548 4090 ὡς
1581 4026 1816 4097 ἀληθῶς,
1852 4028 1945 4079 καὶ

369 4119 689 4189 βαττολόγος
712 4119 802 4173 καὶ
834 4119 1110 4189 φλήναφος
1138 4119 1232 4171 καὶ
1254 4117 1514 4191 φλύαρος,
1548 4118 1641 4170 καὶ¹
1672 4118 1725 4170 εἴ
1743 4134 1796 4170 τι
1818 4117 1945 4175 ἄλλο
1986 4170 1989 4173 ,

365 4211 467 4281 τῆς
489 4209 748 4280 τοιαύτης
774 4210 1051 4281 σημασίας
1081 4209 1253 4262 ἐστίν.

434 4302 751 4354 Εὐσεὸίου.
780 4330 850 4340 -
884 4300 1056 4369 ’Υπὲρ
1124 4299 1226 4369 τῆς
1293 4299 1482 4367 κοινῆς
1537 4299 1642 4369 χρὴ
1684 4299 1939 4370 εῦχεσθαι

365 4390 632 4461 πρότερον
666 4388 959 4459 σωτηρίας,
994 4383 1091 4440 εἷθ’
1121 4386 1296 4450 οὓτως
1319 4387 1458 4456 ὑπὲρ
1495 4387 1694 4443 αὐτῶν.

435 4481 678 4535 Νείλου.
730 4508 801 4518 -
852 4479 1065 4548 Ὥσπερ
1113 4477 1180 4530 τὰ
1242 4477 1504 4546 στρουθία
1545 4477 1633 4532 διὰ
1682 4479 1782 4548 τῆς
1833 4480 1941 4534 τῶν

2061 1850 2185 1897 astu
2222 1843 2479 1913 quodam,
2511 1843 2710 1899 orandi
2741 1846 2903 1901 nobis
2930 1847 3314 1903 assiduitatem
3355 1848 3635 1907 conciliet.

2062 1933 2153 1989 Sic
2186 1934 2334 1988 enim
2377 1942 2434 1988 et
2478 1944 2736 2004 parentes
2767 1936 3070 1993 liberorum
3113 1948 3362 1994 amantes
3408 1939 3636 1997 solent:

2060 2026 2342 2096 segniores
2386 2027 2593 2097 quippe
2642 2028 2869 2096 liberos,
2912 2038 2967 2084 et
2993 2030 3063 2085 ad
3086 2031 3299 2086 ludicra
3336 2046 3637 2101 puerorum

2058 2126 2365 2183 currentes,
2398 2118 2563 2174 dandi
2589 2120 2980 2189 promissione,
3002 2122 3248 2191 donique
3287 2122 3515 2183 maximi
3539 2137 3638 2199 spe

2059 2209 2295 2273 illectos.
2325 2209 2469 2265 haud
2507 2226 2634 2266 raro
2661 2211 2808 2282 apud
2839 2228 2898 2267 se
2925 2214 3189 2271 retinent.

2128 2299 2266 2354 Cum
2320 2299 2609 2355 hominum
2663 2302 2868 2357 auxilia
2925 2292 3196 2377 opemque
3252 2304 3635 2373 exquirimus,

2060 2399 2284 2462 sumptu
2314 2392 2476 2447 nobis
2506 2401 2562 2448 et
2584 2393 2840 2464 pecuniis
2863 2392 3023 2465 577
3054 2410 3194 2465 opus
3227 2405 3332 2458 est,
3367 2404 3421 2449 et
3448 2385 3640 2450 adnl'a.

2059 2480 2207 2535 tione
2230 2482 2440 2546 servili,
2467 2483 2751 2553 multoque
2785 2484 2995 2546 tunbitu
3017 2500 3083 2539 ac
3114 2485 3399 2555 negotiosa
3437 2495 3637 2541 tracta~

2058 2573 2228 2627 tione.
2258 2573 2376 2627 Non
2398 2575 2548 2629 enim
2568 2583 2714 2630 recta
2746 2576 2896 2645 ipsos
2917 2576 3109 2635 dandae
3130 2578 3232 2642 rei,
3282 2593 3348 2636 ac
3384 2578 3637 2641 muneris

2059 2663 2318 2729 arbitros,
2370 2664 2570 2734 saepius
2611 2665 2779 2720 etiam
2814 2666 3023 2737 alloqui
3066 2666 3219 2732 licet,
3256 2667 3354 2722 sed
3404 2684 3636 2727 necesse

2057 2765 2143 2811 est
2183 2765 2243 2810 ut
2271 2755 2426 2824 prius
2475 2756 2711 2811 famulos
2757 2756 3065 2827 domusque
3096 2773 3294 2813 eorum
3340 2759 3637 2829 praefectos

2058 2856 2536 2917 ac,procuratores
2582 2847 2836 2917 pecuniis
2866 2848 3160 2918 verbisque
3209 2850 3462 2916 delinias,
3511 2867 3633 2909 mo.

2058 2939 2252 3008 disque
2282 2940 2542 2994 omnibus
2567 2938 2665 2994 tibi
2696 2940 2979 3007 concilies,
3024 2958 3090 2997 ac
3121 2950 3235 2997 tum
3262 2943 3483 2998 demum
3506 2944 3632 2999 illo.

2058 3045 2181 3084 rum
2204 3030 2471 3100 impetres
2508 3045 2677 3100 opera
2709 3030 2856 3102 quod
2904 3031 3130 3103 ﬂagitas.
3162 3033 3282 3088 Non
3323 3034 3401 3089 sic
3445 3042 3633 3096 autem

2056 3122 2113 3175 in
2140 3121 2252 3175 Deo
2286 3135 2344 3175 se
2370 3135 2461 3174 res
2480 3120 2665 3174 habet.
2699 3119 2820 3174 Non
2843 3122 2991 3176 enim
3018 3122 3481 3179 intercessoribus
3508 3134 3633 3194 eget

2019 3190 2027 3200 ’
2052 3212 2109 3267 in
2134 3212 2219 3266 his
2244 3212 2338 3281 qui
2363 3218 2560 3267 orant:
2590 3228 2694 3269 nec
2724 3213 2803 3267 sic
2832 3214 3254 3271 obsecrantibus
3279 3214 3403 3270 aliis
3436 3230 3505 3275 ac
3528 3230 3630 3270 κιο-ι

2050 3300 2136 3355 bis
2160 3290 2295 3370 ipsis
2317 3301 2640 3372 rogantibus
2664 3302 2838 3374 gratia
2872 3303 3014 3357 votis
3040 3304 3252 3361 annuit.

2118 3390 2331 3447 Sonora
2374 3393 2633 3462 claraque
2681 3408 2787 3448 vox
2820 3403 2923 3459 est,
2965 3404 3021 3449 et
3061 3395 3127 3449 ad
3181 3396 3429 3450 divinum
3478 3404 3633 3460 recta

2048 3483 2352 3539 ascendens
2380 3483 2652 3554 auditum,
2689 3499 2801 3541 non
2830 3486 2924 3557 qui
2956 3487 3141 3557 rugitu
3175 3503 3238 3542 ac
3273 3489 3629 3545 contentione

2048 3572 2256 3626 clamor
2285 3571 2489 3637 editur,
2521 3573 2618 3627 sed
2659 3588 2782 3642 quae
2812 3574 2867 3627 in
2912 3575 3112 3630 coelum
3147 3592 3214 3631 ex
3258 3576 3462 3631 munda
3493 3592 3627 3631 cons

2046 3660 2278 3716 scientia
2312 3662 2571 3731 cogitatio
2613 3662 2886 3718 subvolat.

2117 3752 2272 3821 Greg.
2299 3750 2452 3822 Nysa.
2475 3782 2543 3792 -—
2566 3750 2670 3819 Qui
2705 3753 2972 3809 orationis
3006 3761 3274 3823 tempore,
3310 3770 3421 3820 non
3460 3754 3527 3808 ad
3561 3769 3626 3814 ea

2045 3859 2168 3914 qua:
2201 3844 2384 3898 animo
2419 3844 2789 3899 conducibilia
2818 3854 2967 3911 sunt,
3001 3845 3266 3910 intentus,
3301 3846 3396 3901 sed
3439 3846 3625 3901 libidi-

2044 3948 2191 3988 nosae
2237 3934 2435 3988 mentis
2478 3935 2904 4005 cogitationibus
2934 3924 3226 4002 distentus,
3270 3936 3441 3990 Deum
3482 3936 3625 3993 votis

2045 4027 2300 4082 assentiri
2331 4037 2505 4098 rogat,
2536 4028 2582 4082 is
2607 4043 2738 4082 vere
2765 4027 2976 4083 delirus
2999 4038 3083 4083 est
3106 4037 3162 4082 et
3189 4028 3372 4097 inepte
3402 4029 3621 4097 loquax,

2043 4117 2450 4189 verborumque
2481 4119 2729 4174 funditor
2766 4130 2821 4175 et
2866 4120 3098 4186 hlatero,
3128 4136 3191 4177 ac
3222 4120 3267 4175 si
3307 4120 3441 4190 quid
3473 4120 3623 4179 aliud

2043 4209 2312 4277 ejusmodi
2353 4209 2690 4279 significatus
2717 4210 2951 4265 exsistit.

2112 4297 2344 4354 Eusebii.
2364 4329 2433 4337 ——
2453 4299 2697 4352 Primum
2731 4314 2831 4368 pro
2860 4299 3137 4354 communi
3181 4300 3356 4354 salute
3391 4315 3623 4370 precanw

1972 4390 2017 4446 Ι)
2045 4390 2175 4444 dum
2202 4398 2305 4453 est,
2336 4389 2535 4465 deinde
2564 4406 2664 4459 pro
2694 4391 2854 4445 nobis
2886 4390 3037 4459 ipsis.

2108 4478 2239 4532 Nili.
2260 4478 2420 4535 ——Ut
2455 4478 2682 4532 aviculae
2712 4480 2921 4532 alarum
2967 4487 3118 4533 motu
3151 4479 3205 4532 in
3237 4478 3471 4533 sublime
3515 4479 3619 4532 tol-.

366 4569 585 4640 πτερῶν
637 4571 905 4640 κινήσεως
969 4569 1241 4638 μετάρσια
1291 4568 1523 4635 γίνεται,
1588 4568 1731 4622 οὕτω
1776 4570 1870 4623 καὶ
1914 4573 1942 4624 6

2071 4581 2251 4636 untur,
2277 4570 2358 4625 sic
2381 4572 2464 4625 vir
2494 4571 2618 4641 pius
2652 4587 2713 4626 ac
2746 4571 2841 4627 Dei
2878 4572 3056 4626 cultor
3085 4588 3115 4626 a
3149 4571 3382 4626 terrenis
3411 4571 3481 4625 ad
3524 4586 3619 4625 su.

356 4660 624 4729 θεοσεϐὴς
644 4658 930 4730 ἄνθρωπος
959 4660 1069 4712 ἀπὸ
1104 4659 1211 4713 τῶν
1242 4658 1498 4728 ἐπιγείων
1529 4659 1664 4730 πρὸς
1687 4660 1754 4713 τὰ
1778 4660 1944 4732 οὐρά·

2071 4663 2226 4719 ιιὶιιιίιι
2256 4679 2482 4736 precum
2519 4664 2571 4719 vi
2602 4680 2665 4719 ac
2692 4665 2950 4721 instantia
2987 4664 3332 4718 transfertur.

357 4767 453 4805 νια
489 4751 579 4805 διὰ
608 4751 924 4822 προσευχῶν
953 4750 1306 4822 μετατίθησιν
1348 4750 1564 4804 ἑαυτόν.

446 4840 573 4896 Ἐὰν
629 4842 815 4905 κακῶς
868 4842 963 4895 καὶ
1032 4841 1363 4911 ἀσυμφόρως
1433 4842 1622 4904 αἰτεῖς,
1681 4841 1930 4915 καθάπερ

2109 4846 2248 4899 Dum
2280 4842 2441 4907 male,
2472 4858 2532 4898 ac
2565 4858 2725 4898 secus
2767 4856 2831 4901 ac
2865 4841 2972 4897 tuis
3011 4841 3283 4896 conducat
3316 4839 3620 4895 rationibus

1830 4965 1841 4969 '
1877 4955 2109 5013 NOTAE.

439 5044 515 5117 (q)
543 5044 757 5110 Αὑτοῒς
783 5045 906 5111 τοῖς
934 5046 1161 5113 κυρίοις
1193 5045 1437 5117 doris-mf
1471 5044 1641 5117 Ipsos,
1661 5046 1750 5114 qui
1776 5046 1940 5117 dandi

2071 5045 2423 5117 intercessioni
2473 5052 2817 5117 sanctorum,
2852 5060 2915 5100 ac
2960 5043 3180 5117 Christi
3222 5042 3617 5117 mediationem

344 5113 571 5173 muneri
593 5116 781 5186 arbitri
809 5117 1109 5186 sint,penes
1137 5132 1265 5185 quos
1283 5117 1394 5184 ejus
1413 5113 1775 5186 fachltas,7nec
1795 5116 1936 5169 allo-
2040 5116 2321 5186 excludit;
2350 5130 2418 5186 ex
2445 5131 2577 5186 quo,
2605 5131 2695 5186 _ac
2735 5115 2894 5186 cujus
2927 5113 3137 5186 meritis
3168 5113 3372 5186 habent
3416 5113 3612 5186 sancti,

338 5186 666 5259 quisa’pius
706 5184 852 5259 licet.
885 5181 1042 5259 Clara
1079 5181 1590 5259 Chrysostomi_l_iic
1637 5186 1932 5259 sententia,
2042 5184 2308 5259 quidquid
2356 5181 2479 5259 sibi:
2526 5181 3196 5259 aliisve_iti)_petraveriut,
3254 5182 3369 5236 sive
3432 5181 3615 5236 adhuc

332 5253 575 5326 nisuque
604 5255 854 5326 probata,
891 5264 951 5307 ut
972 5255 1062 5309 vix
1090 5253 1209 5308 nisi
1242 5255 1355 5326 illo_
1380 5254 1590 5309 ambitu
1613 5255 1935 5326 impetrare
2040 5253 2667 5326 agunt‘inAsa’culo,_sive
2702 5253 2884 5326 abillo
2911 5253 3084 5322 erepti
3121 5262 3269 5326 sunt,
3302 5261 3616 5326 eet-regnant

330 5321 569 5394 aliquid
600 5321 630 5378 ἐι
653 5325 903 5394 principe
929 5326 1075 5379 ullus
1106 5324 1308 5393 possit;
1327 5324 1662 5378 demerendo
1696 5321 1931 5389 scilicet,
2040 5321 2164 5379 cum
2192 5321 2732 5391 Christo.Velimque
2754 5322 2986 5394 doceant
3012 5323 3253 5385 sectarii,
3281 5321 3411 5390 quid
3442 5321 3613 5390 magis

388 5392 467 5448 ιιῖ
497 5392 590 5447 illo
619 5392 946 5447 familiarius
971 5392 1217 5457 utantur,
1277 5393 1473 5462 iisque‘
1509 5393 1929 5448 admissoribus.
2036 5401 2269 5449 noceant
2309 5394 2596 5446 beatorum
2645 5393 2756 5462 jam
2826 5392 2882 5444 in
2934 5394 3073 5447 coelo
3135 5393 3414 5459 sull‘ragia,
3448 5405 3613 5459 quam

388 5413 457 5448 ιιι
497 5413 590 5447 ιιιυ
619 5413 946 5447 tammanus
971 5413 1217 5457 utantur,
1277 5413 1456 5462 usque
1509 5413 1929 5448 aﬂllllSSUI'lDUS.
2036 5413 2269 5449 ηοεειιιιι
2309 5413 2596 5446 uentorum
2645 5413 2756 5462 Jalﬂ
2826 5413 2882 5444 Ill
2934 5413 3073 5447 C(BiU
3135 5413 3414 5459 SUUl’ﬂgiil,
3448 5413 3609 5459 quam

324 5413 849 5544 gihilaptecesn.
871 5462 1166 5544 _Nor_z.enirn
1195 5464 1505 5544 reclujpsis
1537 5464 1760 5544 dominis
1815 5480 1934 5516 mn—
2036 5466 2146 5544 vita
2179 5462 2420 5542 mortali,
2444 5477 2546 5544 per
2567 5477 2728 5542 quam
2786 5462 2958 5542 liquet
3003 5463 3163 5515 toties
3195 5462 3418 5544 Paulum
3443 5474 3609 5544 εκηεη

321 5550 457 5591 nus
484 5530 612 5586 dare
629 5534 769 5597 licet,
791 5541 882 5589 aut
910 5532 1168 5603 colloqui;
1191 5548 1255 5587 ac
1273 5533 1318 5587 si
1335 5530 1410 5587 de
1426 5533 1607 5603 dando
1633 5548 1817 5603 sermo
1843 5549 1933 5588 es:
2039 5534 2209 5595 Iiisse,
2242 5548 2309 5586 ex
2334 5530 2415 5587 eis
2440 5530 2696 5603 ipsis’qui
2744 5533 2987 5586 minores
3031 5541 3235 5594 essent,
3276 5534 3500 5603 eiusque
3524 5530 3611 5593 cli.

316 5611 475 5673 set,
500 5618 609 5656 non
637 5603 817 5673 abeis
847 5602 1212 5673 impetrando,
1257 5618 1366 5673 quo
1412 5602 1683 5673 orationis
1735 5617 1936 5671 scopas
2035 5603 2233 5673 scipuli
2260 5612 2314 5657 et
2351 5602 2651 5667 auditores,
2682 5610 2742 5655 ut
2768 5618 2868 5673 pro
2903 5617 2961 5656 sc
2984 5609 3235 5655 orarent.

306 5672 632 5733 collineat.
676 5672 788 5727 Nec
836 5668 982 5727 istud
1025 5668 1403 5743 Chrysosiomi
1434 5672 1737 5744 quidquam
1768 5668 1937 5729 oilicit
2119 5668 2135 5673 “
2768 5668 2785 5673 ⁷
2966 5708 2967 5711 η

562 5765 831 5837 Pauor“
879 5764 998 5826 (in.
1038 5764 1201 5826 XCI.
2639 5754 2642 5757 λ
3102 5763 3179 5823 26
