  <div class='ocr_page' id='page_1' title='image "/cluster/home/n/w/nwhite01/storage/ocr_20150623/91/hvd.32044052742962/411.png"; bbox 0 0 3994 6172; ppageno 0'>
   <div class='ocr_carea' id='block_1_1' title="bbox 368 184 473 250">
    <p class='ocr_par' dir='ltr' id='par_1_1' title="bbox 368 184 473 250">
     <span class='ocr_line' id='line_1_1' title="bbox 368 184 473 250; baseline -0.01 0"><span class='ocrx_word' id='word_1_1' title='bbox 368 184 473 250; x_wconf 77' lang='grc'><strong>811</strong></span> 
     </span>
    </p>
   </div>
   <div class='ocr_carea' id='block_1_2' title="bbox 1548 194 2479 265">
    <p class='ocr_par' dir='ltr' id='par_1_2' title="bbox 1548 194 2479 265">
     <span class='ocr_line' id='line_1_2' title="bbox 1548 194 2479 265; baseline 0.012 -11"><span class='ocrx_word' id='word_1_2' title='bbox 1548 195 1608 256; x_wconf 91' lang='lat' dir='ltr'><strong>S.</strong></span> <span class='ocrx_word' id='word_1_3' title='bbox 1651 196 1707 255; x_wconf 86' lang='grc' dir='ltr'><strong>Μ</strong></span> <span class='ocrx_word' id='word_1_4' title='bbox 1712 194 1937 254; x_wconf 79' lang='lat' dir='ltr'><strong>AXIMI</strong></span> <span class='ocrx_word' id='word_1_5' title='bbox 1974 194 2479 265; x_wconf 84' lang='lat' dir='ltr'><strong>CONFESSORIS</strong></span> 
     </span>
    </p>
   </div>
   <div class='ocr_carea' id='block_1_3' title="bbox 3524 205 3631 271">
    <p class='ocr_par' dir='ltr' id='par_1_3' title="bbox 3524 205 3631 271">
     <span class='ocr_line' id='line_1_3' title="bbox 3524 205 3631 271; baseline -0.019 0"><span class='ocrx_word' id='word_1_6' title='bbox 3524 205 3631 271; x_wconf 81' lang='lat'><strong>812</strong></span> 
     </span>
    </p>
   </div>
   <div class='ocr_carea' id='block_1_4' title="bbox 375 303 1946 396">
    <p class='ocr_par' dir='ltr' id='par_1_4' title="bbox 375 303 1946 379">
     <span class='ocr_line' id='line_1_4' title="bbox 375 303 1946 379; baseline 0.005 -20"><span class='ocrx_word' id='word_1_7' title='bbox 375 303 533 374; x_wconf 85' lang='lat' dir='ltr'><strong>petis,</strong></span> <span class='ocrx_word' id='word_1_8' title='bbox 556 305 709 362; x_wconf 83' lang='lat' dir='ltr'><strong>velut</strong></span> <span class='ocrx_word' id='word_1_9' title='bbox 731 307 798 374; x_wconf 85' lang='lat' dir='ltr'><strong>is,</strong></span> <span class='ocrx_word' id='word_1_10' title='bbox 824 309 917 379; x_wconf 88' lang='lat' dir='ltr'><strong>qui</strong></span> <span class='ocrx_word' id='word_1_11' title='bbox 943 309 1179 365; x_wconf 81' lang='lat' dir='ltr'><strong>febrium</strong></span> <span class='ocrx_word' id='word_1_12' title='bbox 1198 310 1491 366; x_wconf 90' lang='lat' dir='ltr'><strong>ardoribus</strong></span> <span class='ocrx_word' id='word_1_13' title='bbox 1510 321 1739 367; x_wconf 80' lang='lat' dir='ltr'><strong>exustus</strong></span> <span class='ocrx_word' id='word_1_14' title='bbox 1758 312 1946 367; x_wconf 89' lang='lat' dir='ltr'><strong>vinum</strong></span> 
     </span>
    </p>
   </div>
   <div class='ocr_carea' id='block_1_5' title="bbox 2058 303 3632 396">
    <p class='ocr_par' dir='ltr' id='par_1_5' title="bbox 2058 314 3632 396">
     <span class='ocr_line' id='line_1_5' title="bbox 2058 314 3632 396; baseline 0.008 -31"><span class='ocrx_word' id='word_1_15' title='bbox 2058 314 2080 366; x_wconf 73' lang='grc' dir='ltr'>ὁ</span> <span class='ocrx_word' id='word_1_16' title='bbox 2126 316 2408 387; x_wconf 80' lang='grc' dir='ltr'><strong>πυρέττων</strong></span> <span class='ocrx_word' id='word_1_17' title='bbox 2447 319 2733 391; x_wconf 80' lang='grc' dir='ltr'>ἄνθρωπος</span> <span class='ocrx_word' id='word_1_18' title='bbox 2787 322 3096 395; x_wconf 81' lang='grc' dir='ltr'>παρακαλεῖ</span> <span class='ocrx_word' id='word_1_19' title='bbox 3126 323 3428 394; x_wconf 77' lang='grc' dir='ltr'><strong>παρασχεῖν</strong></span> <span class='ocrx_word' id='word_1_20' title='bbox 3479 324 3632 396; x_wconf 78' lang='grc' dir='ltr'>αὐτῷ</span> 
     </span>
    </p>
   </div>
   <div class='ocr_carea' id='block_1_6' title="bbox 367 392 1943 473">
    <p class='ocr_par' dir='ltr' id='par_1_6' title="bbox 367 392 1943 473">
     <span class='ocr_line' id='line_1_6' title="bbox 367 392 1943 473; baseline 0.007 -25"><span class='ocrx_word' id='word_1_21' title='bbox 367 392 474 449; x_wconf 84' lang='lat' dir='ltr'><strong>sibi</strong></span> <span class='ocrx_word' id='word_1_22' title='bbox 519 398 755 467; x_wconf 63' lang='lat' dir='ltr'><strong>praeberi</strong></span> <span class='ocrx_word' id='word_1_23' title='bbox 803 409 989 470; x_wconf 89' lang='lat' dir='ltr'><strong>rogat;</strong></span> <span class='ocrx_word' id='word_1_24' title='bbox 1035 400 1131 470; x_wconf 86' lang='lat' dir='ltr'><strong>qui</strong></span> <span class='ocrx_word' id='word_1_25' title='bbox 1190 400 1376 456; x_wconf 89' lang='lat' dir='ltr'><strong>futura</strong></span> <span class='ocrx_word' id='word_1_26' title='bbox 1422 403 1723 473; x_wconf 75' lang='lat' dir='ltr'><strong>prospiciat</strong></span> <span class='ocrx_word' id='word_1_27' title='bbox 1766 403 1943 471; x_wconf 89' lang='lat' dir='ltr'><strong>Deus,</strong></span> 
     </span>
    </p>
   </div>
   <div class='ocr_carea' id='block_1_7' title="bbox 370 489 1946 564">
    <p class='ocr_par' dir='ltr' id='par_1_7' title="bbox 370 489 1946 564">
     <span class='ocr_line' id='line_1_7' title="bbox 370 489 1946 564; baseline 0.008 -26"><span class='ocrx_word' id='word_1_28' title='bbox 370 496 516 540; x_wconf 88' lang='lat' dir='ltr'><strong>tuam</strong></span> <span class='ocrx_word' id='word_1_29' title='bbox 551 489 779 545; x_wconf 89' lang='lat' dir='ltr'><strong>minime</strong></span> <span class='ocrx_word' id='word_1_30' title='bbox 820 490 1157 546; x_wconf 71' lang='lat' dir='ltr'><strong>voluntatem</strong></span> <span class='ocrx_word' id='word_1_31' title='bbox 1185 489 1337 559; x_wconf 89' lang='lat' dir='ltr'><strong>facit,</strong></span> <span class='ocrx_word' id='word_1_32' title='bbox 1366 507 1471 548; x_wconf 90' lang='lat' dir='ltr'><strong>nec</strong></span> <span class='ocrx_word' id='word_1_33' title='bbox 1494 492 1641 564; x_wconf 90' lang='lat' dir='ltr'><strong>quod</strong></span> <span class='ocrx_word' id='word_1_34' title='bbox 1674 501 1829 549; x_wconf 77' lang='lat' dir='ltr'><strong>extra</strong></span> <span class='ocrx_word' id='word_1_35' title='bbox 1857 510 1946 550; x_wconf 87' lang='lat' dir='ltr'><strong>ra-</strong></span> 
     </span>
    </p>
   </div>
   <div class='ocr_carea' id='block_1_8' title="bbox 370 574 1065 647">
    <p class='ocr_par' dir='ltr' id='par_1_8' title="bbox 370 574 1065 647">
     <span class='ocr_line' id='line_1_8' title="bbox 370 574 1065 647; baseline 0.009 -19"><span class='ocrx_word' id='word_1_36' title='bbox 370 574 582 630; x_wconf 90' lang='lat' dir='ltr'><strong>tionem</strong></span> <span class='ocrx_word' id='word_1_37' title='bbox 611 576 822 647; x_wconf 82' lang='lat' dir='ltr'><strong>flagitas</strong></span> <span class='ocrx_word' id='word_1_38' title='bbox 852 579 1065 634; x_wconf 85' lang='lat' dir='ltr'><strong>tribuit.</strong></span> 
     </span>
    </p>
   </div>
   <div class='ocr_carea' id='block_1_9' title="bbox 439 663 1942 745">
    <p class='ocr_par' dir='ltr' id='par_1_9' title="bbox 439 663 1942 745">
     <span class='ocr_line' id='line_1_9' title="bbox 439 663 1942 745; baseline 0.01 -27"><span class='ocrx_word' id='word_1_39' title='bbox 439 663 515 719; x_wconf 85' lang='lat' dir='ltr'><strong>Ne</strong></span> <span class='ocrx_word' id='word_1_40' title='bbox 546 664 601 719; x_wconf 84' lang='lat' dir='ltr'><strong>in</strong></span> <span class='ocrx_word' id='word_1_41' title='bbox 637 666 887 723; x_wconf 90' lang='lat' dir='ltr'><strong>oratione</strong></span> <span class='ocrx_word' id='word_1_42' title='bbox 918 668 1138 726; x_wconf 84' lang='lat' dir='ltr'><strong>divitias</strong></span> <span class='ocrx_word' id='word_1_43' title='bbox 1160 672 1465 741; x_wconf 83' lang='lat' dir='ltr'><strong>quaesieris,</strong></span> <span class='ocrx_word' id='word_1_44' title='bbox 1491 688 1602 730; x_wconf 91' lang='lat' dir='ltr'><strong>non</strong></span> <span class='ocrx_word' id='word_1_45' title='bbox 1629 675 1942 745; x_wconf 87' lang='lat' dir='ltr'><strong>sanitatem,</strong></span> 
     </span>
    </p>
   </div>
   <div class='ocr_carea' id='block_1_10' title="bbox 364 752 1943 837">
    <p class='ocr_par' dir='ltr' id='par_1_10' title="bbox 364 752 1943 837">
     <span class='ocr_line' id='line_1_10' title="bbox 364 752 1943 837; baseline 0.009 -30"><span class='ocrx_word' id='word_1_46' title='bbox 364 752 452 808; x_wconf 86' lang='lat' dir='ltr'><strong>vel</strong></span> <span class='ocrx_word' id='word_1_47' title='bbox 496 763 557 809; x_wconf 90' lang='lat' dir='ltr'><strong>ut</strong></span> <span class='ocrx_word' id='word_1_48' title='bbox 596 756 789 812; x_wconf 80' lang='lat' dir='ltr'><strong>hostes</strong></span> <span class='ocrx_word' id='word_1_49' title='bbox 820 759 1139 829; x_wconf 82' lang='lat' dir='ltr'><strong>ulciscaris;</strong></span> <span class='ocrx_word' id='word_1_50' title='bbox 1183 777 1297 817; x_wconf 89' lang='lat' dir='ltr'><strong>non</strong></span> <span class='ocrx_word' id='word_1_51' title='bbox 1340 763 1634 823; x_wconf 85' lang='lat' dir='ltr'><strong>humanam</strong></span> <span class='ocrx_word' id='word_1_52' title='bbox 1678 767 1943 837; x_wconf 75' lang='lat' dir='ltr'><strong>gloriam;</strong></span> 
     </span>
    </p>
   </div>
   <div class='ocr_carea' id='block_1_11' title="bbox 277 842 1944 922">
    <p class='ocr_par' dir='ltr' id='par_1_11' title="bbox 277 842 1944 922">
     <span class='ocr_line' id='line_1_11' title="bbox 277 842 1944 922; baseline 0.01 -22"><span class='ocrx_word' id='word_1_53' title='bbox 277 896 282 900; x_wconf 91' lang='lat'><strong>.</strong></span> <span class='ocrx_word' id='word_1_54' title='bbox 366 842 463 897; x_wconf 88' lang='lat' dir='ltr'><strong>sed</strong></span> <span class='ocrx_word' id='word_1_55' title='bbox 506 858 573 899; x_wconf 90' lang='lat' dir='ltr'><strong>ea</strong></span> <span class='ocrx_word' id='word_1_56' title='bbox 616 847 962 906; x_wconf 90' lang='lat' dir='ltr'><strong>solummodo</strong></span> <span class='ocrx_word' id='word_1_57' title='bbox 994 866 1117 922; x_wconf 83' lang='lat' dir='ltr'><strong>quae</strong></span> <span class='ocrx_word' id='word_1_58' title='bbox 1161 853 1234 908; x_wconf 89' lang='lat' dir='ltr'><strong>ad</strong></span> <span class='ocrx_word' id='word_1_59' title='bbox 1267 855 1437 910; x_wconf 90' lang='lat' dir='ltr'><strong>animi</strong></span> <span class='ocrx_word' id='word_1_60' title='bbox 1467 856 1700 914; x_wconf 81' lang='lat' dir='ltr'><strong>salutem</strong></span> <span class='ocrx_word' id='word_1_61' title='bbox 1732 860 1944 916; x_wconf 85' lang='lat' dir='ltr'><strong>condu-</strong></span> 
     </span>
    </p>
   </div>
   <div class='ocr_carea' id='block_1_12' title="bbox 366 940 662 989">
    <p class='ocr_par' dir='ltr' id='par_1_12' title="bbox 366 940 662 989">
     <span class='ocr_line' id='line_1_12' title="bbox 366 940 662 989; baseline 0.017 -4"><span class='ocrx_word' id='word_1_62' title='bbox 366 940 516 989; x_wconf 86' lang='lat' dir='ltr'><strong>cant.</strong></span> <span class='ocrx_word' id='word_1_63' title='bbox 658 953 662 957; x_wconf 87' lang='grc'><em>’</em></span> 
     </span>
    </p>
   </div>
   <div class='ocr_carea' id='block_1_13' title="bbox 372 1022 1945 1109">
    <p class='ocr_par' dir='ltr' id='par_1_13' title="bbox 372 1022 1945 1109">
     <span class='ocr_line' id='line_1_13' title="bbox 372 1022 1945 1109; baseline 0.013 -32"><span class='ocrx_word' id='word_1_64' title='bbox 372 1048 377 1053; x_wconf 78' lang='lat'><strong>~</strong></span> <span class='ocrx_word' id='word_1_65' title='bbox 436 1022 910 1089; x_wconf 84' lang='lat' dir='ltr'><strong>Quemadmodum</strong></span> <span class='ocrx_word' id='word_1_66' title='bbox 946 1039 1006 1086; x_wconf 90' lang='lat' dir='ltr'><strong>ut</strong></span> <span class='ocrx_word' id='word_1_67' title='bbox 1042 1032 1297 1102; x_wconf 87' lang='lat' dir='ltr'><strong>spiritum</strong></span> <span class='ocrx_word' id='word_1_68' title='bbox 1326 1035 1509 1092; x_wconf 75' lang='lat' dir='ltr'><strong>ducas</strong></span> <span class='ocrx_word' id='word_1_69' title='bbox 1524 1053 1808 1109; x_wconf 86' lang='lat' dir='ltr'><strong>nunquam</strong></span> <span class='ocrx_word' id='word_1_70' title='bbox 1835 1056 1945 1097; x_wconf 91' lang='lat' dir='ltr'><strong>non</strong></span> 
     </span>
    </p>
   </div>
   <div class='ocr_carea' id='block_1_14' title="bbox 358 1121 1945 1203">
    <p class='ocr_par' dir='ltr' id='par_1_14' title="bbox 358 1121 1945 1203">
     <span class='ocr_line' id='line_1_14' title="bbox 358 1121 1945 1203; baseline 0.015 -38"><span class='ocrx_word' id='word_1_71' title='bbox 358 1121 583 1184; x_wconf 82' lang='lat' dir='ltr'><strong>tempus</strong></span> <span class='ocrx_word' id='word_1_72' title='bbox 613 1125 698 1173; x_wconf 88' lang='lat' dir='ltr'><strong>est</strong></span> <span class='ocrx_word' id='word_1_73' title='bbox 730 1134 797 1174; x_wconf 86' lang='lat' dir='ltr'><strong>ac</strong></span> <span class='ocrx_word' id='word_1_74' title='bbox 841 1130 1237 1192; x_wconf 87' lang='lat' dir='ltr'><strong>opportunum,</strong></span> <span class='ocrx_word' id='word_1_75' title='bbox 1270 1126 1351 1182; x_wconf 91' lang='lat' dir='ltr'><strong>sic</strong></span> <span class='ocrx_word' id='word_1_76' title='bbox 1387 1143 1568 1198; x_wconf 84' lang='lat' dir='ltr'><strong>neque</strong></span> <span class='ocrx_word' id='word_1_77' title='bbox 1613 1138 1676 1187; x_wconf 93' lang='lat' dir='ltr'><strong>ut</strong></span> <span class='ocrx_word' id='word_1_78' title='bbox 1716 1133 1945 1203; x_wconf 83' lang='lat' dir='ltr'><strong>mystica</strong></span> 
     </span>
    </p>
   </div>
   <div class='ocr_carea' id='block_1_15' title="bbox 365 1208 1946 1288">
    <p class='ocr_par' dir='ltr' id='par_1_15' title="bbox 365 1208 1946 1288">
     <span class='ocr_line' id='line_1_15' title="bbox 365 1208 1946 1288; baseline 0.015 -31"><span class='ocrx_word' id='word_1_79' title='bbox 365 1217 595 1261; x_wconf 90' lang='lat' dir='ltr'><strong>munera</strong></span> <span class='ocrx_word' id='word_1_80' title='bbox 651 1208 721 1262; x_wconf 89' lang='lat' dir='ltr'><strong>ad</strong></span> <span class='ocrx_word' id='word_1_81' title='bbox 766 1221 1072 1268; x_wconf 82' lang='lat' dir='ltr'><strong>extremum</strong></span> <span class='ocrx_word' id='word_1_82' title='bbox 1122 1230 1296 1286; x_wconf 89' lang='lat' dir='ltr'><strong>usque</strong></span> <span class='ocrx_word' id='word_1_83' title='bbox 1336 1218 1592 1288; x_wconf 88' lang='lat' dir='ltr'><strong>spiritum</strong></span> <span class='ocrx_word' id='word_1_84' title='bbox 1636 1235 1668 1276; x_wconf 88' lang='lat' dir='ltr'><strong>a</strong></span> <span class='ocrx_word' id='word_1_85' title='bbox 1712 1221 1946 1280; x_wconf 88' lang='lat' dir='ltr'><strong>Domino</strong></span> 
     </span>
    </p>
   </div>
   <div class='ocr_carea' id='block_1_16' title="bbox 354 1301 541 1363">
    <p class='ocr_par' dir='ltr' id='par_1_16' title="bbox 354 1301 541 1363">
     <span class='ocr_line' id='line_1_16' title="bbox 354 1301 541 1363; baseline 0.005 -15"><span class='ocrx_word' id='word_1_86' title='bbox 354 1301 541 1363; x_wconf 75' lang='lat' dir='ltr'><strong>petas.</strong></span> 
     </span>
    </p>
   </div>
   <div class='ocr_carea' id='block_1_17' title="bbox 435 1383 1947 1468">
    <p class='ocr_par' dir='ltr' id='par_1_17' title="bbox 435 1383 1947 1468">
     <span class='ocr_line' id='line_1_17' title="bbox 435 1383 1947 1468; baseline 0.015 -29"><span class='ocrx_word' id='word_1_87' title='bbox 435 1383 573 1440; x_wconf 89' lang='lat' dir='ltr'><strong>Cum</strong></span> <span class='ocrx_word' id='word_1_88' title='bbox 602 1387 734 1443; x_wconf 90' lang='lat' dir='ltr'><strong>boni</strong></span> <span class='ocrx_word' id='word_1_89' title='bbox 766 1391 999 1465; x_wconf 88' lang='lat' dir='ltr'><strong>alicujus</strong></span> <span class='ocrx_word' id='word_1_90' title='bbox 1030 1398 1407 1468; x_wconf 90' lang='lat' dir='ltr'><strong>consequendi</strong></span> <span class='ocrx_word' id='word_1_91' title='bbox 1437 1415 1603 1460; x_wconf 89' lang='lat' dir='ltr'><strong>causa</strong></span> <span class='ocrx_word' id='word_1_92' title='bbox 1627 1403 1800 1460; x_wconf 89' lang='lat' dir='ltr'><strong>Deum</strong></span> <span class='ocrx_word' id='word_1_93' title='bbox 1826 1419 1947 1461; x_wconf 92' lang='lat' dir='ltr'><strong>ora-</strong></span> 
     </span>
    </p>
   </div>
   <div class='ocr_carea' id='block_1_18' title="bbox 364 1474 1945 1567">
    <p class='ocr_par' dir='ltr' id='par_1_18' title="bbox 364 1474 1945 1567">
     <span class='ocr_line' id='line_1_18' title="bbox 364 1474 1945 1567; baseline 0.016 -41"><span class='ocrx_word' id='word_1_94' title='bbox 364 1474 530 1540; x_wconf 85' lang='lat' dir='ltr'><strong>veris,</strong></span> <span class='ocrx_word' id='word_1_95' title='bbox 553 1492 657 1532; x_wconf 89' lang='lat' dir='ltr'><strong>nec</strong></span> <span class='ocrx_word' id='word_1_96' title='bbox 678 1480 968 1537; x_wconf 79' lang='lat' dir='ltr'><strong>confestim</strong></span> <span class='ocrx_word' id='word_1_97' title='bbox 991 1487 1286 1564; x_wconf 76' lang='lat' dir='ltr'><strong>exauditus</strong></span> <span class='ocrx_word' id='word_1_98' title='bbox 1308 1490 1509 1559; x_wconf 88' lang='lat' dir='ltr'><strong>fueris;</strong></span> <span class='ocrx_word' id='word_1_99' title='bbox 1531 1494 1646 1549; x_wconf 91' lang='lat' dir='ltr'><strong>noli</strong></span> <span class='ocrx_word' id='word_1_100' title='bbox 1666 1496 1945 1567; x_wconf 73' lang='lat' dir='ltr'><strong>negligere</strong></span> 
     </span>
    </p>
   </div>
   <div class='ocr_carea' id='block_1_19' title="bbox 364 1568 1945 1656">
    <p class='ocr_par' dir='ltr' id='par_1_19' title="bbox 364 1568 1945 1656">
     <span class='ocr_line' id='line_1_19' title="bbox 364 1568 1945 1656; baseline 0.016 -37"><span class='ocrx_word' id='word_1_101' title='bbox 364 1579 504 1622; x_wconf 86' lang='lat' dir='ltr'><strong>neve</strong></span> <span class='ocrx_word' id='word_1_102' title='bbox 546 1568 891 1639; x_wconf 87' lang='lat' dir='ltr'><strong>despondeas</strong></span> <span class='ocrx_word' id='word_1_103' title='bbox 933 1578 1202 1644; x_wconf 89' lang='lat' dir='ltr'><strong>animum,</strong></span> <span class='ocrx_word' id='word_1_104' title='bbox 1248 1595 1391 1652; x_wconf 67' lang='lat' dir='ltr'><strong>saepe</strong></span> <span class='ocrx_word' id='word_1_105' title='bbox 1440 1584 1589 1640; x_wconf 89' lang='lat' dir='ltr'><strong>enim</strong></span> <span class='ocrx_word' id='word_1_106' title='bbox 1620 1584 1815 1656; x_wconf 89' lang='lat' dir='ltr'><strong>petitio</strong></span> <span class='ocrx_word' id='word_1_107' title='bbox 1852 1594 1945 1643; x_wconf 85' lang='lat' dir='ltr'><strong>tua</strong></span> 
     </span>
    </p>
   </div>
   <div class='ocr_carea' id='block_1_20' title="bbox 367 1656 1206 1725">
    <p class='ocr_par' dir='ltr' id='par_1_20' title="bbox 367 1656 1206 1725">
     <span class='ocr_line' id='line_1_20' title="bbox 367 1656 1206 1725; baseline 0.018 -15"><span class='ocrx_word' id='word_1_108' title='bbox 367 1656 424 1711; x_wconf 92' lang='lat' dir='ltr'><strong>in</strong></span> <span class='ocrx_word' id='word_1_109' title='bbox 455 1674 572 1714; x_wconf 90' lang='lat' dir='ltr'><strong>rem</strong></span> <span class='ocrx_word' id='word_1_110' title='bbox 609 1668 757 1716; x_wconf 91' lang='lat' dir='ltr'><strong>tuam</strong></span> <span class='ocrx_word' id='word_1_111' title='bbox 788 1678 897 1719; x_wconf 93' lang='lat' dir='ltr'><strong>non</strong></span> <span class='ocrx_word' id='word_1_112' title='bbox 926 1667 1206 1725; x_wconf 87' lang='lat' dir='ltr'><strong>conducit.</strong></span> 
     </span>
    </p>
   </div>
   <div class='ocr_carea' id='block_1_21' title="bbox 433 1747 1949 1834">
    <p class='ocr_par' dir='ltr' id='par_1_21' title="bbox 433 1747 1949 1834">
     <span class='ocr_line' id='line_1_21' title="bbox 433 1747 1949 1834; baseline 0.018 -33"><span class='ocrx_word' id='word_1_113' title='bbox 433 1747 657 1806; x_wconf 77' lang='lat' dir='ltr'><strong>Aristot.</strong></span> <span class='ocrx_word' id='word_1_114' title='bbox 676 1782 746 1793; x_wconf 93' lang='lat'><strong>-—-</strong></span> <span class='ocrx_word' id='word_1_115' title='bbox 764 1752 869 1820; x_wconf 85' lang='lat' dir='ltr'><strong>Qui</strong></span> <span class='ocrx_word' id='word_1_116' title='bbox 896 1770 1092 1825; x_wconf 90' lang='lat' dir='ltr'><strong>preces</strong></span> <span class='ocrx_word' id='word_1_117' title='bbox 1119 1759 1303 1827; x_wconf 82' lang='lat' dir='ltr'><strong>offert,</strong></span> <span class='ocrx_word' id='word_1_118' title='bbox 1326 1765 1578 1834; x_wconf 88' lang='lat' dir='ltr'><strong>prudens</strong></span> <span class='ocrx_word' id='word_1_119' title='bbox 1601 1768 1829 1825; x_wconf 78' lang='lat' dir='ltr'><strong>exsistat</strong></span> <span class='ocrx_word' id='word_1_120' title='bbox 1851 1786 1949 1828; x_wconf 89' lang='lat' dir='ltr'><strong>ne-</strong></span> 
     </span>
    </p>
   </div>
   <div class='ocr_carea' id='block_1_22' title="bbox 365 1846 1948 1935">
    <p class='ocr_par' dir='ltr' id='par_1_22' title="bbox 365 1846 1948 1935">
     <span class='ocr_line' id='line_1_22' title="bbox 365 1846 1948 1935; baseline 0.018 -42"><span class='ocrx_word' id='word_1_121' title='bbox 365 1852 519 1896; x_wconf 89' lang='lat' dir='ltr'><strong>cesse</strong></span> <span class='ocrx_word' id='word_1_122' title='bbox 560 1850 647 1898; x_wconf 87' lang='lat' dir='ltr'><strong>est</strong></span> <span class='ocrx_word' id='word_1_123' title='bbox 674 1860 687 1897; x_wconf 92' lang='lat'><strong>:</strong></span> <span class='ocrx_word' id='word_1_124' title='bbox 715 1859 785 1901; x_wconf 90' lang='lat' dir='ltr'><strong>ne</strong></span> <span class='ocrx_word' id='word_1_125' title='bbox 832 1846 1153 1918; x_wconf 89' lang='lat' dir='ltr'><strong>imprudens</strong></span> <span class='ocrx_word' id='word_1_126' title='bbox 1194 1852 1301 1909; x_wconf 91' lang='lat' dir='ltr'><strong>sibi</strong></span> <span class='ocrx_word' id='word_1_127' title='bbox 1332 1855 1450 1926; x_wconf 88' lang='lat' dir='ltr'><strong>ipse</strong></span> <span class='ocrx_word' id='word_1_128' title='bbox 1485 1859 1689 1918; x_wconf 87' lang='lat' dir='ltr'><strong>malum</strong></span> <span class='ocrx_word' id='word_1_129' title='bbox 1721 1863 1948 1935; x_wconf 89' lang='lat' dir='ltr'><strong>aliquod</strong></span> 
     </span>
    </p>
   </div>
   <div class='ocr_carea' id='block_1_23' title="bbox 366 1938 507 1986">
    <p class='ocr_par' dir='ltr' id='par_1_23' title="bbox 366 1938 507 1986">
     <span class='ocr_line' id='line_1_23' title="bbox 366 1938 507 1986; baseline 0.014 -4"><span class='ocrx_word' id='word_1_130' title='bbox 366 1938 507 1986; x_wconf 69' lang='grc' dir='ltr'>οτθι.</span> 
     </span>
    </p>
   </div>
   <div class='ocr_carea' id='block_1_24' title="bbox 431 2020 1949 2106">
    <p class='ocr_par' dir='ltr' id='par_1_24' title="bbox 431 2020 1949 2106">
     <span class='ocr_line' id='line_1_24' title="bbox 431 2020 1949 2106; baseline 0.02 -33"><span class='ocrx_word' id='word_1_131' title='bbox 431 2020 1035 2102; x_wconf 72' lang='lat' dir='ltr'><strong>Alexander.—578</strong></span> <span class='ocrx_word' id='word_1_132' title='bbox 1078 2033 1387 2091; x_wconf 80' lang='lat' dir='ltr'><strong>Alexander</strong></span> <span class='ocrx_word' id='word_1_133' title='bbox 1439 2054 1570 2106; x_wconf 81' lang='lat' dir='ltr'><strong>rex,</strong></span> <span class='ocrx_word' id='word_1_134' title='bbox 1619 2057 1744 2099; x_wconf 88' lang='lat' dir='ltr'><strong>cum</strong></span> <span class='ocrx_word' id='word_1_135' title='bbox 1787 2045 1949 2102; x_wconf 86' lang='lat' dir='ltr'><strong>Anti-</strong></span> 
     </span>
    </p>
   </div>
   <div class='ocr_carea' id='block_1_25' title="bbox 365 2110 1948 2190">
    <p class='ocr_par' dir='ltr' id='par_1_25' title="bbox 365 2110 1948 2190">
     <span class='ocr_line' id='line_1_25' title="bbox 365 2110 1948 2190; baseline 0.019 -29"><span class='ocrx_word' id='word_1_136' title='bbox 365 2115 525 2177; x_wconf 87' lang='lat' dir='ltr'><strong>pater</strong></span> <span class='ocrx_word' id='word_1_137' title='bbox 565 2110 833 2171; x_wconf 86' lang='lat' dir='ltr'><strong>adversus</strong></span> <span class='ocrx_word' id='word_1_138' title='bbox 867 2125 1096 2175; x_wconf 88' lang='lat' dir='ltr'><strong>matrem</strong></span> <span class='ocrx_word' id='word_1_139' title='bbox 1140 2122 1312 2179; x_wconf 90' lang='lat' dir='ltr'><strong>multa</strong></span> <span class='ocrx_word' id='word_1_140' title='bbox 1346 2127 1615 2184; x_wconf 89' lang='lat' dir='ltr'><strong>scriberet</strong></span> <span class='ocrx_word' id='word_1_141' title='bbox 1651 2144 1716 2187; x_wconf 88' lang='lat' dir='ltr'><strong>ac</strong></span> <span class='ocrx_word' id='word_1_142' title='bbox 1757 2133 1948 2190; x_wconf 88' lang='lat' dir='ltr'><strong>crimi-</strong></span> 
     </span>
    </p>
   </div>
   <div class='ocr_carea' id='block_1_26' title="bbox 365 2205 1946 2287">
    <p class='ocr_par' dir='ltr' id='par_1_26' title="bbox 365 2205 1946 2287">
     <span class='ocr_line' id='line_1_26' title="bbox 365 2205 1946 2287; baseline 0.02 -35"><span class='ocrx_word' id='word_1_143' title='bbox 365 2209 597 2257; x_wconf 88' lang='lat' dir='ltr'><strong>naretur</strong></span> <span class='ocrx_word' id='word_1_144' title='bbox 634 2220 648 2257; x_wconf 93' lang='lat'><strong>:</strong></span> <span class='ocrx_word' id='word_1_145' title='bbox 694 2205 908 2275; x_wconf 87' lang='lat' dir='ltr'><strong>Nescis,</strong></span> <span class='ocrx_word' id='word_1_146' title='bbox 949 2209 1151 2281; x_wconf 90' lang='lat' dir='ltr'><strong>inquit,</strong></span> <span class='ocrx_word' id='word_1_147' title='bbox 1194 2216 1502 2287; x_wconf 84' lang='lat' dir='ltr'><strong>Antipater,</strong></span> <span class='ocrx_word' id='word_1_148' title='bbox 1554 2224 1747 2281; x_wconf 89' lang='lat' dir='ltr'><strong>matris</strong></span> <span class='ocrx_word' id='word_1_149' title='bbox 1781 2242 1946 2283; x_wconf 91' lang='lat' dir='ltr'><strong>unam</strong></span> 
     </span>
    </p>
   </div>
   <div class='ocr_carea' id='block_1_27' title="bbox 363 2290 1947 2389">
    <p class='ocr_par' dir='ltr' id='par_1_27' title="bbox 363 2290 1947 2389">
     <span class='ocr_line' id='line_1_27' title="bbox 363 2290 1947 2389; baseline 0.018 -42"><span class='ocrx_word' id='word_1_150' title='bbox 363 2290 681 2389; x_wconf 69' lang='lat' dir='ltr'><strong>lacrymam,</strong></span> <span class='ocrx_word' id='word_1_151' title='bbox 715 2299 904 2358; x_wconf 90' lang='lat' dir='ltr'><strong>multis</strong></span> <span class='ocrx_word' id='word_1_152' title='bbox 942 2306 1389 2367; x_wconf 83' lang='lat' dir='ltr'><strong>accusationibus</strong></span> <span class='ocrx_word' id='word_1_153' title='bbox 1421 2312 1699 2372; x_wconf 78' lang='lat' dir='ltr'><strong>confertas</strong></span> <span class='ocrx_word' id='word_1_154' title='bbox 1738 2317 1947 2389; x_wconf 87' lang='lat' dir='ltr'><strong>episto-</strong></span> 
     </span>
    </p>
   </div>
   <div class='ocr_carea' id='block_1_28' title="bbox 365 2378 697 2442">
    <p class='ocr_par' dir='ltr' id='par_1_28' title="bbox 365 2378 697 2442">
     <span class='ocr_line' id='line_1_28' title="bbox 365 2378 697 2442; baseline 0.021 -7"><span class='ocrx_word' id='word_1_155' title='bbox 365 2378 446 2437; x_wconf 92' lang='lat' dir='ltr'><strong>las</strong></span> <span class='ocrx_word' id='word_1_156' title='bbox 473 2382 697 2442; x_wconf 85' lang='lat' dir='ltr'><strong>delere?</strong></span> 
     </span>
    </p>
   </div>
   <div class='ocr_carea' id='block_1_29' title="bbox 408 2472 1947 2571">
    <p class='ocr_par' dir='ltr' id='par_1_29' title="bbox 408 2472 1947 2571">
     <span class='ocr_line' id='line_1_29' title="bbox 408 2472 1947 2571; baseline 0.022 -45"><span class='ocrx_word' id='word_1_157' title='bbox 408 2472 1067 2571; x_wconf 39' lang='lat' dir='ltr'><strong>&quot;Epicuri—Siquidem</strong></span> <span class='ocrx_word' id='word_1_158' title='bbox 1110 2490 1257 2548; x_wconf 74' lang='lat' dir='ltr'><strong>Dens</strong></span> <span class='ocrx_word' id='word_1_159' title='bbox 1299 2492 1558 2553; x_wconf 87' lang='lat' dir='ltr'><strong>humanis</strong></span> <span class='ocrx_word' id='word_1_160' title='bbox 1591 2513 1650 2557; x_wconf 90' lang='lat' dir='ltr'><strong>se</strong></span> <span class='ocrx_word' id='word_1_161' title='bbox 1686 2502 1947 2571; x_wconf 90' lang='lat' dir='ltr'><strong>precibus</strong></span> 
     </span>
    </p>
   </div>
   <div class='ocr_carea' id='block_1_30' title="bbox 365 2563 1946 2657">
    <p class='ocr_par' dir='ltr' id='par_1_30' title="bbox 365 2563 1946 2657">
     <span class='ocr_line' id='line_1_30' title="bbox 365 2563 1946 2657; baseline 0.022 -40"><span class='ocrx_word' id='word_1_162' title='bbox 365 2563 579 2620; x_wconf 77' lang='lat' dir='ltr'><strong>facilem</strong></span> <span class='ocrx_word' id='word_1_163' title='bbox 628 2571 888 2630; x_wconf 89' lang='lat' dir='ltr'><strong>redderet</strong></span> <span class='ocrx_word' id='word_1_164' title='bbox 930 2578 1109 2649; x_wconf 91' lang='lat' dir='ltr'><strong>iisque</strong></span> <span class='ocrx_word' id='word_1_165' title='bbox 1158 2583 1578 2657; x_wconf 89' lang='lat' dir='ltr'><strong>obsequeretur,</strong></span> <span class='ocrx_word' id='word_1_166' title='bbox 1627 2592 1946 2650; x_wconf 90' lang='lat' dir='ltr'><strong>universum</strong></span> 
     </span>
    </p>
   </div>
   <div class='ocr_carea' id='block_1_31' title="bbox 366 2659 1948 2745">
    <p class='ocr_par' dir='ltr' id='par_1_31' title="bbox 366 2659 1948 2745">
     <span class='ocr_line' id='line_1_31' title="bbox 366 2659 1948 2745; baseline 0.022 -37"><span class='ocrx_word' id='word_1_167' title='bbox 366 2670 540 2725; x_wconf 81' lang='lat' dir='ltr'><strong>genus</strong></span> <span class='ocrx_word' id='word_1_168' title='bbox 569 2659 875 2719; x_wconf 89' lang='lat' dir='ltr'><strong>humanum</strong></span> <span class='ocrx_word' id='word_1_169' title='bbox 905 2683 1070 2737; x_wconf 90' lang='lat' dir='ltr'><strong>quam</strong></span> <span class='ocrx_word' id='word_1_170' title='bbox 1095 2673 1205 2728; x_wconf 91' lang='lat' dir='ltr'><strong>cito</strong></span> <span class='ocrx_word' id='word_1_171' title='bbox 1225 2674 1530 2745; x_wconf 89' lang='lat' dir='ltr'><strong>.interiret;</strong></span> <span class='ocrx_word' id='word_1_172' title='bbox 1558 2694 1682 2736; x_wconf 88' lang='lat' dir='ltr'><strong>cum</strong></span> <span class='ocrx_word' id='word_1_173' title='bbox 1714 2684 1948 2742; x_wconf 87' lang='lat' dir='ltr'><strong>subinde</strong></span> 
     </span>
    </p>
   </div>
   <div class='ocr_carea' id='block_1_32' title="bbox 366 2747 1945 2846">
    <p class='ocr_par' dir='ltr' id='par_1_32' title="bbox 366 2747 1945 2846">
     <span class='ocr_line' id='line_1_32' title="bbox 366 2747 1945 2846; baseline 0.022 -47"><span class='ocrx_word' id='word_1_174' title='bbox 366 2747 537 2802; x_wconf 86' lang='lat' dir='ltr'><strong>multa</strong></span> <span class='ocrx_word' id='word_1_175' title='bbox 580 2760 637 2806; x_wconf 92' lang='lat' dir='ltr'><strong>et</strong></span> <span class='ocrx_word' id='word_1_176' title='bbox 673 2755 871 2812; x_wconf 88' lang='lat' dir='ltr'><strong>acerba</strong></span> <span class='ocrx_word' id='word_1_177' title='bbox 914 2758 1012 2816; x_wconf 82' lang='lat' dir='ltr'><strong>irae</strong></span> <span class='ocrx_word' id='word_1_178' title='bbox 1040 2760 1370 2833; x_wconf 89' lang='lat' dir='ltr'><strong>impotentes</strong></span> <span class='ocrx_word' id='word_1_179' title='bbox 1409 2768 1505 2823; x_wconf 92' lang='lat' dir='ltr'><strong>alii</strong></span> <span class='ocrx_word' id='word_1_180' title='bbox 1534 2770 1590 2825; x_wconf 88' lang='lat' dir='ltr'><strong>iu</strong></span> <span class='ocrx_word' id='word_1_181' title='bbox 1632 2773 1771 2830; x_wconf 88' lang='lat' dir='ltr'><strong>alios</strong></span> <span class='ocrx_word' id='word_1_182' title='bbox 1811 2792 1945 2846; x_wconf 89' lang='lat' dir='ltr'><strong>pre-</strong></span> 
     </span>
    </p>
   </div>
   <div class='ocr_carea' id='block_1_33' title="bbox 368 2845 961 2895">
    <p class='ocr_par' dir='ltr' id='par_1_33' title="bbox 368 2845 961 2895">
     <span class='ocr_line' id='line_1_33' title="bbox 368 2845 961 2895; baseline 0.024 -4"><span class='ocrx_word' id='word_1_183' title='bbox 368 2845 583 2895; x_wconf 86' lang='lat' dir='ltr'><strong>centur.</strong></span> <span class='ocrx_word' id='word_1_184' title='bbox 954 2858 961 2866; x_wconf 87' lang='lat'>’</span> 
     </span>
    </p>
   </div>
   <div class='ocr_carea' id='block_1_34' title="bbox 434 2926 2014 3035">
    <p class='ocr_par' dir='ltr' id='par_1_34' title="bbox 434 2926 2014 3035">
     <span class='ocr_line' id='line_1_34' title="bbox 434 2926 2014 3035; baseline 0.019 -50"><span class='ocrx_word' id='word_1_185' title='bbox 434 2931 658 2990; x_wconf 77' lang='lat' dir='ltr'><strong>Isocrat.</strong></span> <span class='ocrx_word' id='word_1_186' title='bbox 679 2967 753 2978; x_wconf 92' lang='lat'><strong>-—</strong></span> <span class='ocrx_word' id='word_1_187' title='bbox 772 2937 928 2996; x_wconf 91' lang='lat' dir='ltr'><strong>Tune</strong></span> <span class='ocrx_word' id='word_1_188' title='bbox 959 2941 1211 3001; x_wconf 89' lang='lat' dir='ltr'><strong>homines</strong></span> <span class='ocrx_word' id='word_1_189' title='bbox 1256 2946 1482 3004; x_wconf 90' lang='lat' dir='ltr'><strong>meliore</strong></span> <span class='ocrx_word' id='word_1_190' title='bbox 1515 2950 1672 3022; x_wconf 82' lang='lat' dir='ltr'><strong>fruge</strong></span> <span class='ocrx_word' id='word_1_191' title='bbox 1718 2926 1944 3029; x_wconf 79' lang='lat' dir='ltr'><strong>coinpo—</strong></span> <span class='ocrx_word' id='word_1_192' title='bbox 1970 2974 2014 3035; x_wconf 72' lang='grc' dir='ltr'>ο</span> 
     </span>
    </p>
   </div>
   <div class='ocr_carea' id='block_1_35' title="bbox 365 3028 1945 3110">
    <p class='ocr_par' dir='ltr' id='par_1_35' title="bbox 365 3028 1945 3110">
     <span class='ocr_line' id='line_1_35' title="bbox 365 3028 1945 3110; baseline 0.019 -36"><span class='ocrx_word' id='word_1_193' title='bbox 365 3031 596 3090; x_wconf 87' lang='lat' dir='ltr'><strong>nuntur,</strong></span> <span class='ocrx_word' id='word_1_194' title='bbox 617 3040 741 3081; x_wconf 91' lang='lat' dir='ltr'><strong>cum</strong></span> <span class='ocrx_word' id='word_1_195' title='bbox 764 3028 833 3084; x_wconf 92' lang='lat' dir='ltr'><strong>ad</strong></span> <span class='ocrx_word' id='word_1_196' title='bbox 854 3031 1025 3086; x_wconf 90' lang='lat' dir='ltr'><strong>Deum</strong></span> <span class='ocrx_word' id='word_1_197' title='bbox 1050 3035 1320 3092; x_wconf 81' lang='lat' dir='ltr'><strong>accedunt</strong></span> <span class='ocrx_word' id='word_1_198' title='bbox 1343 3056 1356 3092; x_wconf 92' lang='lat'><strong>:</strong></span> <span class='ocrx_word' id='word_1_199' title='bbox 1378 3040 1541 3110; x_wconf 90' lang='lat' dir='ltr'><strong>eique</strong></span> <span class='ocrx_word' id='word_1_200' title='bbox 1570 3043 1709 3099; x_wconf 89' lang='lat' dir='ltr'><strong>adeo</strong></span> <span class='ocrx_word' id='word_1_201' title='bbox 1734 3047 1945 3105; x_wconf 87' lang='lat' dir='ltr'><strong>similes</strong></span> 
     </span>
    </p>
   </div>
   <div class='ocr_carea' id='block_1_36' title="bbox 366 3116 1631 3188">
    <p class='ocr_par' dir='ltr' id='par_1_36' title="bbox 366 3116 1631 3188">
     <span class='ocr_line' id='line_1_36' title="bbox 366 3116 1631 3188; baseline 0.021 -25"><span class='ocrx_word' id='word_1_202' title='bbox 366 3120 515 3176; x_wconf 87' lang='lat' dir='ltr'><strong>sunt,</strong></span> <span class='ocrx_word' id='word_1_203' title='bbox 545 3122 606 3168; x_wconf 88' lang='lat' dir='ltr'><strong>ut</strong></span> <span class='ocrx_word' id='word_1_204' title='bbox 633 3116 743 3172; x_wconf 89' lang='lat' dir='ltr'><strong>sint</strong></span> <span class='ocrx_word' id='word_1_205' title='bbox 767 3118 1000 3178; x_wconf 86' lang='lat' dir='ltr'><strong>benefici</strong></span> <span class='ocrx_word' id='word_1_206' title='bbox 1030 3132 1086 3183; x_wconf 90' lang='lat' dir='ltr'><strong>et</strong></span> <span class='ocrx_word' id='word_1_207' title='bbox 1109 3127 1396 3184; x_wconf 88' lang='lat' dir='ltr'><strong>veritatem</strong></span> <span class='ocrx_word' id='word_1_208' title='bbox 1427 3132 1631 3188; x_wconf 91' lang='lat' dir='ltr'><strong>colant.</strong></span> 
     </span>
    </p>
   </div>
   <div class='ocr_carea' id='block_1_37' title="bbox 422 3198 1946 3298">
    <p class='ocr_par' dir='ltr' id='par_1_37' title="bbox 422 3198 1946 3298">
     <span class='ocr_line' id='line_1_37' title="bbox 422 3198 1946 3298; baseline 0.021 -46"><span class='ocrx_word' id='word_1_209' title='bbox 422 3198 858 3274; x_wconf 41' lang='lat' dir='ltr'><strong>“Biantis—Is,</strong></span> <span class='ocrx_word' id='word_1_210' title='bbox 911 3224 1036 3266; x_wconf 90' lang='lat' dir='ltr'><strong>cum</strong></span> <span class='ocrx_word' id='word_1_211' title='bbox 1087 3215 1385 3286; x_wconf 88' lang='lat' dir='ltr'><strong>aliquando</strong></span> <span class='ocrx_word' id='word_1_212' title='bbox 1433 3237 1542 3275; x_wconf 88' lang='lat' dir='ltr'><strong>una</strong></span> <span class='ocrx_word' id='word_1_213' title='bbox 1590 3238 1713 3279; x_wconf 90' lang='lat' dir='ltr'><strong>cum</strong></span> <span class='ocrx_word' id='word_1_214' title='bbox 1754 3226 1946 3298; x_wconf 86' lang='lat' dir='ltr'><strong>impiis</strong></span> 
     </span>
    </p>
   </div>
   <div class='ocr_carea' id='block_1_38' title="bbox 365 3290 1947 3391">
    <p class='ocr_par' dir='ltr' id='par_1_38' title="bbox 365 3290 1947 3391">
     <span class='ocr_line' id='line_1_38' title="bbox 365 3290 1947 3391; baseline 0.021 -49"><span class='ocrx_word' id='word_1_215' title='bbox 365 3290 693 3359; x_wconf 88' lang='lat' dir='ltr'><strong>quibusdam</strong></span> <span class='ocrx_word' id='word_1_216' title='bbox 723 3299 941 3371; x_wconf 88' lang='lat' dir='ltr'><strong>navigio</strong></span> <span class='ocrx_word' id='word_1_217' title='bbox 977 3305 1299 3374; x_wconf 85' lang='lat' dir='ltr'><strong>veheretur,</strong></span> <span class='ocrx_word' id='word_1_218' title='bbox 1328 3311 1566 3383; x_wconf 90' lang='lat' dir='ltr'><strong>navique</strong></span> <span class='ocrx_word' id='word_1_219' title='bbox 1595 3318 1835 3385; x_wconf 90' lang='lat' dir='ltr'><strong>procella</strong></span> <span class='ocrx_word' id='word_1_220' title='bbox 1862 3320 1947 3391; x_wconf 78' lang='lat' dir='ltr'><strong>ja-</strong></span> 
     </span>
    </p>
   </div>
   <div class='ocr_carea' id='block_1_39' title="bbox 365 3386 1946 3478">
    <p class='ocr_par' dir='ltr' id='par_1_39' title="bbox 365 3386 1946 3478">
     <span class='ocr_line' id='line_1_39' title="bbox 365 3386 1946 3478; baseline 0.023 -44"><span class='ocrx_word' id='word_1_221' title='bbox 365 3390 530 3449; x_wconf 89' lang='lat' dir='ltr'><strong>ctata,</strong></span> <span class='ocrx_word' id='word_1_222' title='bbox 574 3386 652 3440; x_wconf 89' lang='lat' dir='ltr'><strong>illi</strong></span> <span class='ocrx_word' id='word_1_223' title='bbox 686 3388 821 3445; x_wconf 90' lang='lat' dir='ltr'><strong>deos</strong></span> <span class='ocrx_word' id='word_1_224' title='bbox 867 3392 1231 3454; x_wconf 88' lang='lat' dir='ltr'><strong>invocarent:</strong></span> <span class='ocrx_word' id='word_1_225' title='bbox 1263 3401 1456 3473; x_wconf 91' lang='lat' dir='ltr'><strong>Silete,</strong></span> <span class='ocrx_word' id='word_1_226' title='bbox 1500 3405 1700 3478; x_wconf 89' lang='lat' dir='ltr'><strong>inquit,</strong></span> <span class='ocrx_word' id='word_1_227' title='bbox 1743 3427 1813 3468; x_wconf 91' lang='lat' dir='ltr'><strong>ne</strong></span> <span class='ocrx_word' id='word_1_228' title='bbox 1843 3386 1946 3470; x_wconf 76' lang='lat' dir='ltr'><strong>nos</strong></span> 
     </span>
    </p>
   </div>
   <div class='ocr_carea' id='block_1_40' title="bbox 365 3471 1038 3553">
    <p class='ocr_par' dir='ltr' id='par_1_40' title="bbox 365 3471 1038 3553">
     <span class='ocr_line' id='line_1_40' title="bbox 365 3471 1038 3553; baseline 0.024 -29"><span class='ocrx_word' id='word_1_229' title='bbox 365 3471 608 3529; x_wconf 78' lang='lat' dir='ltr'><strong>sentiant</strong></span> <span class='ocrx_word' id='word_1_230' title='bbox 642 3475 735 3532; x_wconf 91' lang='lat' dir='ltr'><strong>hic</strong></span> <span class='ocrx_word' id='word_1_231' title='bbox 762 3481 1038 3553; x_wconf 86' lang='lat' dir='ltr'><strong>navigare.</strong></span> 
     </span>
    </p>
   </div>
   <div class='ocr_carea' id='block_1_41' title="bbox 434 3562 1946 3657">
    <p class='ocr_par' dir='ltr' id='par_1_41' title="bbox 434 3562 1946 3657">
     <span class='ocr_line' id='line_1_41' title="bbox 434 3562 1946 3657; baseline 0.022 -41"><span class='ocrx_word' id='word_1_232' title='bbox 434 3562 564 3631; x_wconf 88' lang='lat' dir='ltr'><strong>Eos,</strong></span> <span class='ocrx_word' id='word_1_233' title='bbox 595 3567 689 3635; x_wconf 92' lang='lat' dir='ltr'><strong>qui</strong></span> <span class='ocrx_word' id='word_1_234' title='bbox 720 3584 752 3623; x_wconf 91' lang='lat' dir='ltr'><strong>a</strong></span> <span class='ocrx_word' id='word_1_235' title='bbox 784 3569 892 3626; x_wconf 88' lang='lat' dir='ltr'><strong>diis</strong></span> <span class='ocrx_word' id='word_1_236' title='bbox 924 3574 1207 3633; x_wconf 87' lang='lat' dir='ltr'><strong>meliorem</strong></span> <span class='ocrx_word' id='word_1_237' title='bbox 1257 3590 1496 3639; x_wconf 90' lang='lat' dir='ltr'><strong>mentem</strong></span> <span class='ocrx_word' id='word_1_238' title='bbox 1539 3595 1808 3657; x_wconf 89' lang='lat' dir='ltr'><strong>peterent,</strong></span> <span class='ocrx_word' id='word_1_239' title='bbox 1844 3607 1946 3649; x_wconf 91' lang='lat' dir='ltr'><strong>nec</strong></span> 
     </span>
    </p>
   </div>
   <div class='ocr_carea' id='block_1_42' title="bbox 367 3656 1946 3743">
    <p class='ocr_par' dir='ltr' id='par_1_42' title="bbox 367 3656 1946 3743">
     <span class='ocr_line' id='line_1_42' title="bbox 367 3656 1946 3743; baseline 0.022 -35"><span class='ocrx_word' id='word_1_240' title='bbox 367 3656 469 3726; x_wconf 91' lang='lat' dir='ltr'><strong>ipsi</strong></span> <span class='ocrx_word' id='word_1_241' title='bbox 503 3660 715 3731; x_wconf 87' lang='lat' dir='ltr'><strong>seipsos</strong></span> <span class='ocrx_word' id='word_1_242' title='bbox 749 3669 1045 3727; x_wconf 89' lang='lat' dir='ltr'><strong>emendare</strong></span> <span class='ocrx_word' id='word_1_243' title='bbox 1075 3673 1382 3743; x_wconf 88' lang='lat' dir='ltr'><strong>studerent,</strong></span> <span class='ocrx_word' id='word_1_244' title='bbox 1412 3679 1611 3736; x_wconf 89' lang='lat' dir='ltr'><strong>stultos</strong></span> <span class='ocrx_word' id='word_1_245' title='bbox 1639 3656 1855 3741; x_wconf 88' lang='lat' dir='ltr'><strong>dicebat</strong></span> <span class='ocrx_word' id='word_1_246' title='bbox 1882 3701 1946 3742; x_wconf 90' lang='lat' dir='ltr'><strong>ac</strong></span> 
     </span>
    </p>
   </div>
   <div class='ocr_carea' id='block_1_43' title="bbox 363 3752 1947 3842">
    <p class='ocr_par' dir='ltr' id='par_1_43' title="bbox 363 3752 1947 3842">
     <span class='ocr_line' id='line_1_43' title="bbox 363 3752 1947 3842; baseline 0.018 -39"><span class='ocrx_word' id='word_1_247' title='bbox 363 3752 785 3821; x_wconf 80' lang='lat' dir='ltr'><strong>stupidos:nec</strong></span> <span class='ocrx_word' id='word_1_248' title='bbox 852 3761 999 3816; x_wconf 88' lang='lat' dir='ltr'><strong>enim</strong></span> <span class='ocrx_word' id='word_1_249' title='bbox 1046 3764 1312 3833; x_wconf 86' lang='lat' dir='ltr'><strong>pictorem</strong></span> <span class='ocrx_word' id='word_1_250' title='bbox 1362 3784 1394 3823; x_wconf 89' lang='lat' dir='ltr'><strong>a</strong></span> <span class='ocrx_word' id='word_1_251' title='bbox 1441 3770 1546 3826; x_wconf 91' lang='lat' dir='ltr'><strong>diis</strong></span> <span class='ocrx_word' id='word_1_252' title='bbox 1590 3775 1833 3842; x_wconf 89' lang='lat' dir='ltr'><strong>precari,</strong></span> <span class='ocrx_word' id='word_1_253' title='bbox 1884 3786 1947 3832; x_wconf 90' lang='lat' dir='ltr'><strong>ut</strong></span> 
     </span>
    </p>
   </div>
   <div class='ocr_carea' id='block_1_44' title="bbox 363 3839 1944 3936">
    <p class='ocr_par' dir='ltr' id='par_1_44' title="bbox 363 3839 1944 3936">
     <span class='ocr_line' id='line_1_44' title="bbox 363 3839 1944 3936; baseline 0.018 -42"><span class='ocrx_word' id='word_1_254' title='bbox 363 3839 565 3898; x_wconf 90' lang='lat' dir='ltr'><strong>lineam</strong></span> <span class='ocrx_word' id='word_1_255' title='bbox 608 3845 743 3902; x_wconf 84' lang='lat' dir='ltr'><strong>dent</strong></span> <span class='ocrx_word' id='word_1_256' title='bbox 764 3871 767 3874; x_wconf 42' lang='grc'><em>⁴</em></span> <span class='ocrx_word' id='word_1_257' title='bbox 791 3864 877 3905; x_wconf 88' lang='lat' dir='ltr'><strong>ac-</strong></span> <span class='ocrx_word' id='word_1_258' title='bbox 897 3867 1121 3910; x_wconf 87' lang='lat' dir='ltr'><strong>suavem</strong></span> <span class='ocrx_word' id='word_1_259' title='bbox 1151 3858 1413 3926; x_wconf 87' lang='lat' dir='ltr'><strong>colorem,</strong></span> <span class='ocrx_word' id='word_1_260' title='bbox 1457 3862 1592 3927; x_wconf 91' lang='lat' dir='ltr'><strong>quin</strong></span> <span class='ocrx_word' id='word_1_261' title='bbox 1623 3872 1796 3919; x_wconf 88' lang='lat' dir='ltr'><strong>artem</strong></span> <span class='ocrx_word' id='word_1_262' title='bbox 1828 3867 1944 3936; x_wconf 89' lang='lat' dir='ltr'><strong>ipse</strong></span> 
     </span>
    </p>
   </div>
   <div class='ocr_carea' id='block_1_45' title="bbox 364 3930 1944 4024">
    <p class='ocr_par' dir='ltr' id='par_1_45' title="bbox 364 3930 1944 4024">
     <span class='ocr_line' id='line_1_45' title="bbox 364 3930 1944 4024; baseline 0.017 -40"><span class='ocrx_word' id='word_1_263' title='bbox 364 3930 649 4001; x_wconf 87' lang='lat' dir='ltr'><strong>didicerit;</strong></span> <span class='ocrx_word' id='word_1_264' title='bbox 687 3952 789 3993; x_wconf 92' lang='lat' dir='ltr'><strong>nec</strong></span> <span class='ocrx_word' id='word_1_265' title='bbox 835 3955 971 3996; x_wconf 89' lang='lat' dir='ltr'><strong>vero</strong></span> <span class='ocrx_word' id='word_1_266' title='bbox 1016 3943 1191 3998; x_wconf 89' lang='lat' dir='ltr'><strong>ullum</strong></span> <span class='ocrx_word' id='word_1_267' title='bbox 1238 3947 1474 4003; x_wconf 90' lang='lat' dir='ltr'><strong>evadere</strong></span> <span class='ocrx_word' id='word_1_268' title='bbox 1512 3952 1782 4007; x_wconf 89' lang='lat' dir='ltr'><strong>musicum</strong></span> <span class='ocrx_word' id='word_1_269' title='bbox 1827 3955 1944 4024; x_wconf 91' lang='lat' dir='ltr'><strong>ipsa</strong></span> 
     </span>
    </p>
   </div>
   <div class='ocr_carea' id='block_1_46' title="bbox 363 4024 1939 4104">
    <p class='ocr_par' dir='ltr' id='par_1_46' title="bbox 363 4024 1939 4104">
     <span class='ocr_line' id='line_1_46' title="bbox 363 4024 1939 4104; baseline 0.016 -31"><span class='ocrx_word' id='word_1_270' title='bbox 363 4035 590 4087; x_wconf 78' lang='lat' dir='ltr'><strong>precum</strong></span> <span class='ocrx_word' id='word_1_271' title='bbox 638 4024 711 4089; x_wconf 87' lang='lat' dir='ltr'><strong>vi,</strong></span> <span class='ocrx_word' id='word_1_272' title='bbox 753 4026 859 4081; x_wconf 91' lang='lat' dir='ltr'><strong>nisi</strong></span> <span class='ocrx_word' id='word_1_273' title='bbox 905 4029 1296 4087; x_wconf 87' lang='lat' dir='ltr'><strong>condiscantur</strong></span> <span class='ocrx_word' id='word_1_274' title='bbox 1338 4050 1461 4104; x_wconf 69' lang='lat' dir='ltr'><strong>qua:</strong></span> <span class='ocrx_word' id='word_1_275' title='bbox 1505 4046 1634 4092; x_wconf 87' lang='lat' dir='ltr'><strong>sunt</strong></span> <span class='ocrx_word' id='word_1_276' title='bbox 1680 4042 1939 4100; x_wconf 88' lang='lat' dir='ltr'><strong>musices.</strong></span> 
     </span>
    </p>
   </div>
   <div class='ocr_carea' id='block_1_47' title="bbox 363 4109 1940 4201">
    <p class='ocr_par' dir='ltr' id='par_1_47' title="bbox 363 4109 1940 4201">
     <span class='ocr_line' id='line_1_47' title="bbox 363 4109 1940 4201; baseline 0.016 -39"><span class='ocrx_word' id='word_1_277' title='bbox 363 4109 569 4165; x_wconf 80' lang='lat' dir='ltr'><strong>Eodem</strong></span> <span class='ocrx_word' id='word_1_278' title='bbox 598 4113 762 4169; x_wconf 90' lang='lat' dir='ltr'><strong>modo</strong></span> <span class='ocrx_word' id='word_1_279' title='bbox 792 4130 864 4171; x_wconf 90' lang='lat' dir='ltr'><strong>ne</strong></span> <span class='ocrx_word' id='word_1_280' title='bbox 893 4118 1219 4186; x_wconf 90' lang='lat' dir='ltr'><strong>prudentem</strong></span> <span class='ocrx_word' id='word_1_281' title='bbox 1243 4124 1467 4193; x_wconf 89' lang='lat' dir='ltr'><strong>quidem</strong></span> <span class='ocrx_word' id='word_1_282' title='bbox 1491 4128 1666 4183; x_wconf 89' lang='lat' dir='ltr'><strong>ullum</strong></span> <span class='ocrx_word' id='word_1_283' title='bbox 1700 4145 1940 4201; x_wconf 90' lang='lat' dir='ltr'><strong>unquam</strong></span> 
     </span>
    </p>
   </div>
   <div class='ocr_carea' id='block_1_48' title="bbox 362 4198 1945 4291">
    <p class='ocr_par' dir='ltr' id='par_1_48' title="bbox 362 4198 1945 4291">
     <span class='ocr_line' id='line_1_48' title="bbox 362 4198 1945 4291; baseline 0.019 -39"><span class='ocrx_word' id='word_1_284' title='bbox 362 4198 479 4255; x_wconf 90' lang='lat' dir='ltr'><strong>fore</strong></span> <span class='ocrx_word' id='word_1_285' title='bbox 526 4204 825 4273; x_wconf 85' lang='lat' dir='ltr'><strong>precando,</strong></span> <span class='ocrx_word' id='word_1_286' title='bbox 867 4209 973 4263; x_wconf 91' lang='lat' dir='ltr'><strong>nisi</strong></span> <span class='ocrx_word' id='word_1_287' title='bbox 1021 4225 1210 4266; x_wconf 88' lang='lat' dir='ltr'><strong>earum</strong></span> <span class='ocrx_word' id='word_1_288' title='bbox 1257 4230 1441 4271; x_wconf 88' lang='lat' dir='ltr'><strong>rerum</strong></span> <span class='ocrx_word' id='word_1_289' title='bbox 1473 4217 1817 4291; x_wconf 88' lang='lat' dir='ltr'><strong>disciplinam</strong></span> <span class='ocrx_word' id='word_1_290' title='bbox 1851 4241 1945 4283; x_wconf 86' lang='lat' dir='ltr'><strong>co-</strong></span> 
     </span>
    </p>
   </div>
   <div class='ocr_carea' id='block_1_49' title="bbox 362 4286 549 4345">
    <p class='ocr_par' dir='ltr' id='par_1_49' title="bbox 362 4286 549 4345">
     <span class='ocr_line' id='line_1_49' title="bbox 362 4286 549 4345; baseline 0.032 -6"><span class='ocrx_word' id='word_1_291' title='bbox 362 4286 549 4345; x_wconf 79' lang='lat' dir='ltr'><strong>luerit.</strong></span> 
     </span>
    </p>
   </div>
   <div class='ocr_carea' id='block_1_50' title="bbox 753 4470 1345 4555">
    <p class='ocr_par' dir='ltr' id='par_1_50' title="bbox 753 4470 1345 4555">
     <span class='ocr_line' id='line_1_50' title="bbox 753 4470 1345 4555; baseline 0.019 -34"><span class='ocrx_word' id='word_1_292' title='bbox 753 4550 757 4555; x_wconf 13' lang='lat' dir='ltr'><strong><em>ﬁ</em></strong></span> <span class='ocrx_word' id='word_1_293' title='bbox 850 4496 851 4499; x_wconf 55' lang='grc' dir='ltr'><strong>η</strong></span> <span class='ocrx_word' id='word_1_294' title='bbox 962 4470 1193 4531; x_wconf 79' lang='lat' dir='ltr'><strong>SERMO</strong></span> <span class='ocrx_word' id='word_1_295' title='bbox 1228 4476 1345 4533; x_wconf 80' lang='lat' dir='ltr'><strong>XV.</strong></span> 
     </span>
    </p>
   </div>
   <div class='ocr_carea' id='block_1_51' title="bbox 364 4550 1942 4640">
    <p class='ocr_par' dir='ltr' id='par_1_51' title="bbox 364 4550 1942 4640">
     <span class='ocr_line' id='line_1_51' title="bbox 364 4550 1942 4640; baseline 0.02 -38"><span class='ocrx_word' id='word_1_296' title='bbox 364 4551 439 4604; x_wconf 86' lang='lat' dir='ltr'><strong>De</strong></span> <span class='ocrx_word' id='word_1_297' title='bbox 480 4550 718 4609; x_wconf 80' lang='lat' dir='ltr'><strong>doctrina</strong></span> <span class='ocrx_word' id='word_1_298' title='bbox 753 4550 813 4610; x_wconf 69' lang='grc' dir='ltr'>ἐι</span> <span class='ocrx_word' id='word_1_299' title='bbox 864 4560 1077 4629; x_wconf 74' lang='lat' dir='ltr'><strong>litteris,</strong></span> <span class='ocrx_word' id='word_1_300' title='bbox 1124 4582 1216 4620; x_wconf 76' lang='lat' dir='ltr'><strong>seu</strong></span> <span class='ocrx_word' id='word_1_301' title='bbox 1248 4568 1547 4640; x_wconf 82' lang='lat' dir='ltr'><strong>eloquentia</strong></span> <span class='ocrx_word' id='word_1_302' title='bbox 1594 4583 1642 4627; x_wconf 87' lang='lat' dir='ltr'><strong>et</strong></span> <span class='ocrx_word' id='word_1_303' title='bbox 1682 4592 1942 4635; x_wconf 73' lang='lat' dir='ltr'><strong>sermone.</strong></span> 
     </span>
    </p>
   </div>
   <div class='ocr_carea' id='block_1_52' title="bbox 432 4644 1947 4735">
    <p class='ocr_par' dir='ltr' id='par_1_52' title="bbox 432 4644 1947 4735">
     <span class='ocr_line' id='line_1_52' title="bbox 432 4644 1947 4735; baseline 0.018 -39"><span class='ocrx_word' id='word_1_304' title='bbox 432 4644 618 4701; x_wconf 76' lang='lat' dir='ltr'><strong>Matth.</strong></span> <span class='ocrx_word' id='word_1_305' title='bbox 644 4665 698 4713; x_wconf 86' lang='lat' dir='ltr'><strong>v,</strong></span> <span class='ocrx_word' id='word_1_306' title='bbox 732 4650 817 4704; x_wconf 78' lang='grc'><strong>19.</strong></span> <span class='ocrx_word' id='word_1_307' title='bbox 840 4683 909 4692; x_wconf 92' lang='grc'><strong>-</strong></span> <span class='ocrx_word' id='word_1_308' title='bbox 930 4653 1102 4711; x_wconf 87' lang='lat' dir='ltr'><strong>Amen</strong></span> <span class='ocrx_word' id='word_1_309' title='bbox 1153 4659 1277 4713; x_wconf 91' lang='lat' dir='ltr'><strong>dico</strong></span> <span class='ocrx_word' id='word_1_310' title='bbox 1312 4662 1491 4730; x_wconf 92' lang='lat' dir='ltr'><strong>vobis,</strong></span> <span class='ocrx_word' id='word_1_311' title='bbox 1534 4666 1629 4735; x_wconf 91' lang='lat' dir='ltr'><strong>qui</strong></span> <span class='ocrx_word' id='word_1_312' title='bbox 1662 4666 1858 4726; x_wconf 84' lang='lat' dir='ltr'><strong>fecerit</strong></span> <span class='ocrx_word' id='word_1_313' title='bbox 1888 4679 1947 4727; x_wconf 88' lang='lat' dir='ltr'><strong>et</strong></span> 
     </span>
    </p>
   </div>
   <div class='ocr_carea' id='block_1_53' title="bbox 2051 401 3630 485">
    <p class='ocr_par' dir='ltr' id='par_1_53' title="bbox 2051 401 3630 485">
     <span class='ocr_line' id='line_1_53' title="bbox 2051 401 3630 485; baseline 0.006 -26"><span class='ocrx_word' id='word_1_314' title='bbox 2051 401 2214 473; x_wconf 75' lang='grc' dir='ltr'>οἶνον,</span> <span class='ocrx_word' id='word_1_315' title='bbox 2246 409 2569 478; x_wconf 78' lang='grc' dir='ltr'>προϐλέπων</span> <span class='ocrx_word' id='word_1_316' title='bbox 2614 414 2643 465; x_wconf 87' lang='grc' dir='ltr'>ὁ</span> <span class='ocrx_word' id='word_1_317' title='bbox 2699 413 2833 478; x_wconf 82' lang='grc' dir='ltr'>Θεὸς</span> <span class='ocrx_word' id='word_1_318' title='bbox 2858 414 2925 468; x_wconf 77' lang='grc' dir='ltr'><strong>τὰ</strong></span> <span class='ocrx_word' id='word_1_319' title='bbox 2958 414 3219 485; x_wconf 83' lang='grc' dir='ltr'>μέλλοντα</span> <span class='ocrx_word' id='word_1_320' title='bbox 3269 416 3331 468; x_wconf 79' lang='grc' dir='ltr'>οὐ</span> <span class='ocrx_word' id='word_1_321' title='bbox 3392 417 3538 470; x_wconf 84' lang='grc' dir='ltr'>ποιεῖ</span> <span class='ocrx_word' id='word_1_322' title='bbox 3566 415 3630 471; x_wconf 77' lang='grc' dir='ltr'>τὸ</span> 
     </span>
    </p>
   </div>
   <div class='ocr_carea' id='block_1_54' title="bbox 2053 496 3520 577">
    <p class='ocr_par' dir='ltr' id='par_1_54' title="bbox 2053 496 3520 577">
     <span class='ocr_line' id='line_1_54' title="bbox 2053 496 3520 577; baseline 0.005 -26"><span class='ocrx_word' id='word_1_323' title='bbox 2053 496 2267 571; x_wconf 84' lang='grc' dir='ltr'>θέλημά</span> <span class='ocrx_word' id='word_1_324' title='bbox 2291 518 2408 569; x_wconf 90' lang='grc' dir='ltr'>σου,</span> <span class='ocrx_word' id='word_1_325' title='bbox 2437 502 2556 556; x_wconf 80' lang='grc' dir='ltr'>οὐδὲ</span> <span class='ocrx_word' id='word_1_326' title='bbox 2606 504 2835 575; x_wconf 81' lang='grc' dir='ltr'><strong>παρέχει</strong></span> <span class='ocrx_word' id='word_1_327' title='bbox 2873 506 2970 577; x_wconf 77' lang='grc' dir='ltr'>τὴν</span> <span class='ocrx_word' id='word_1_328' title='bbox 3001 506 3286 576; x_wconf 82' lang='grc' dir='ltr'>ἀλόγιστον</span> <span class='ocrx_word' id='word_1_329' title='bbox 3313 506 3520 577; x_wconf 83' lang='grc' dir='ltr'>δέησιν.</span> 
     </span>
    </p>
   </div>
   <div class='ocr_carea' id='block_1_55' title="bbox 2120 679 3628 756">
    <p class='ocr_par' dir='ltr' id='par_1_55' title="bbox 2120 679 3628 756">
     <span class='ocr_line' id='line_1_55' title="bbox 2120 679 3628 756; baseline 0.002 -23"><span class='ocrx_word' id='word_1_330' title='bbox 2120 680 2213 752; x_wconf 82' lang='grc' dir='ltr'>Μή</span> <span class='ocrx_word' id='word_1_331' title='bbox 2235 679 2466 736; x_wconf 81' lang='grc' dir='ltr'>πλοῦτον</span> <span class='ocrx_word' id='word_1_332' title='bbox 2498 683 2555 736; x_wconf 84' lang='grc' dir='ltr'>ὲν</span> <span class='ocrx_word' id='word_1_333' title='bbox 2583 681 2763 755; x_wconf 81' lang='grc' dir='ltr'><strong>δεήσει</strong></span> <span class='ocrx_word' id='word_1_334' title='bbox 2801 682 3044 755; x_wconf 79' lang='grc' dir='ltr'>ζητήσῃς</span> <span class='ocrx_word' id='word_1_335' title='bbox 3064 724 3080 747; x_wconf 87' lang='grc'><strong>,</strong></span> <span class='ocrx_word' id='word_1_336' title='bbox 3112 683 3186 756; x_wconf 77' lang='grc' dir='ltr'><strong>μή</strong></span> <span class='ocrx_word' id='word_1_337' title='bbox 3215 682 3425 753; x_wconf 78' lang='grc' dir='ltr'><strong>ὑγείαν,</strong></span> <span class='ocrx_word' id='word_1_338' title='bbox 3460 681 3493 754; x_wconf 80' lang='grc' dir='ltr'><strong>ή</strong></span> <span class='ocrx_word' id='word_1_339' title='bbox 3519 683 3628 736; x_wconf 80' lang='grc' dir='ltr'><strong>τῶν</strong></span> 
     </span>
    </p>
   </div>
   <div class='ocr_carea' id='block_1_56' title="bbox 2052 770 3625 849">
    <p class='ocr_par' dir='ltr' id='par_1_56' title="bbox 2052 770 3625 849">
     <span class='ocr_line' id='line_1_56' title="bbox 2052 770 3625 849; baseline 0.004 -25"><span class='ocrx_word' id='word_1_340' title='bbox 2052 770 2263 843; x_wconf 77' lang='grc' dir='ltr'>ἐχθρῶν</span> <span class='ocrx_word' id='word_1_341' title='bbox 2300 774 2546 845; x_wconf 73' lang='grc' dir='ltr'>ἄμυναν*</span> <span class='ocrx_word' id='word_1_342' title='bbox 2583 776 2657 847; x_wconf 80' lang='grc' dir='ltr'>μὴ</span> <span class='ocrx_word' id='word_1_343' title='bbox 2681 775 2840 841; x_wconf 77' lang='grc' dir='ltr'>δόξαν</span> <span class='ocrx_word' id='word_1_344' title='bbox 2870 776 3249 848; x_wconf 80' lang='grc' dir='ltr'>ἀνθρωπίνην·</span> <span class='ocrx_word' id='word_1_345' title='bbox 3287 770 3426 831; x_wconf 84' lang='grc' dir='ltr'>ἀλλὰ</span> <span class='ocrx_word' id='word_1_346' title='bbox 3464 777 3625 849; x_wconf 82' lang='grc' dir='ltr'>μόνον</span> 
     </span>
    </p>
   </div>
   <div class='ocr_carea' id='block_1_57' title="bbox 2050 861 3200 938">
    <p class='ocr_par' dir='ltr' id='par_1_57' title="bbox 2050 861 3200 938">
     <span class='ocr_line' id='line_1_57' title="bbox 2050 861 3200 938; baseline 0.003 -24"><span class='ocrx_word' id='word_1_347' title='bbox 2050 861 2119 915; x_wconf 84' lang='grc' dir='ltr'><strong>τὰ</strong></span> <span class='ocrx_word' id='word_1_348' title='bbox 2150 861 2508 917; x_wconf 84' lang='grc' dir='ltr'>συντελοῦντα</span> <span class='ocrx_word' id='word_1_349' title='bbox 2534 864 2669 934; x_wconf 84' lang='grc' dir='ltr'>πρὸς</span> <span class='ocrx_word' id='word_1_350' title='bbox 2703 864 2974 938; x_wconf 76' lang='grc' dir='ltr'>σωτηρίαν</span> <span class='ocrx_word' id='word_1_351' title='bbox 2999 864 3200 937; x_wconf 73' lang='grc' dir='ltr'>ψυχῆς.</span> 
     </span>
    </p>
   </div>
   <div class='ocr_carea' id='block_1_58' title="bbox 2122 1040 3614 1114">
    <p class='ocr_par' dir='ltr' id='par_1_58' title="bbox 2122 1040 3614 1114">
     <span class='ocr_line' id='line_1_58' title="bbox 2122 1040 3614 1114; baseline 0.001 -18"><span class='ocrx_word' id='word_1_352' title='bbox 2122 1041 2334 1113; x_wconf 82' lang='grc' dir='ltr'>Ὥσπερ</span> <span class='ocrx_word' id='word_1_353' title='bbox 2362 1042 2424 1095; x_wconf 82' lang='grc' dir='ltr'>τὸ</span> <span class='ocrx_word' id='word_1_354' title='bbox 2451 1043 2711 1097; x_wconf 78' lang='grc' dir='ltr'>ἀναπνεῖν</span> <span class='ocrx_word' id='word_1_355' title='bbox 2742 1041 3000 1096; x_wconf 78' lang='grc' dir='ltr'>οὐδέποτε</span> <span class='ocrx_word' id='word_1_356' title='bbox 3022 1042 3280 1114; x_wconf 79' lang='grc' dir='ltr'>ἄκαιρον,</span> <span class='ocrx_word' id='word_1_357' title='bbox 3309 1040 3475 1105; x_wconf 71' lang='grc' dir='ltr'>οὕτως</span> <span class='ocrx_word' id='word_1_358' title='bbox 3491 1041 3614 1098; x_wconf 73' lang='grc' dir='ltr'>οὔτε</span> 
     </span>
    </p>
   </div>
   <div class='ocr_carea' id='block_1_59' title="bbox 2034 1130 3616 1208">
    <p class='ocr_par' dir='ltr' id='par_1_59' title="bbox 2034 1130 3616 1208">
     <span class='ocr_line' id='line_1_59' title="bbox 2034 1130 3616 1208; baseline -0.001 -22"><span class='ocrx_word' id='word_1_359' title='bbox 2034 1132 2109 1208; x_wconf 32' lang='grc' dir='ltr'>,τὸ</span> <span class='ocrx_word' id='word_1_360' title='bbox 2139 1130 2403 1186; x_wconf 71' lang='grc' dir='ltr'>αἰτεῖσθαι</span> <span class='ocrx_word' id='word_1_361' title='bbox 2448 1132 2602 1205; x_wconf 85' lang='grc' dir='ltr'>παρὰ</span> <span class='ocrx_word' id='word_1_362' title='bbox 2630 1132 2837 1204; x_wconf 77' lang='grc' dir='ltr'>Κυρίου</span> <span class='ocrx_word' id='word_1_363' title='bbox 2865 1133 2988 1203; x_wconf 83' lang='grc' dir='ltr'><strong>αἰτή</strong></span> <span class='ocrx_word' id='word_1_364' title='bbox 2999 1149 3143 1204; x_wconf 89' lang='grc' dir='ltr'>ματα</span> <span class='ocrx_word' id='word_1_365' title='bbox 3175 1133 3414 1203; x_wconf 80' lang='grc' dir='ltr'>μυστικά</span> <span class='ocrx_word' id='word_1_366' title='bbox 3432 1133 3616 1205; x_wconf 71' lang='grc' dir='ltr'>μέχρις</span> 
     </span>
    </p>
   </div>
   <div class='ocr_carea' id='block_1_60' title="bbox 2050 1223 2610 1295">
    <p class='ocr_par' dir='ltr' id='par_1_60' title="bbox 2050 1223 2610 1295">
     <span class='ocr_line' id='line_1_60' title="bbox 2050 1223 2610 1295; baseline 0.002 -18"><span class='ocrx_word' id='word_1_367' title='bbox 2050 1223 2284 1295; x_wconf 72' lang='grc' dir='ltr'>ἐσχάτης</span> <span class='ocrx_word' id='word_1_368' title='bbox 2312 1224 2610 1295; x_wconf 86' lang='grc' dir='ltr'>ἀναπνοῆς.</span> 
     </span>
    </p>
   </div>
   <div class='ocr_carea' id='block_1_61' title="bbox 2122 1400 3621 1474">
    <p class='ocr_par' dir='ltr' id='par_1_61' title="bbox 2122 1400 3621 1474">
     <span class='ocr_line' id='line_1_61' title="bbox 2122 1400 3621 1474; baseline 0.001 -19"><span class='ocrx_word' id='word_1_369' title='bbox 2122 1402 2292 1456; x_wconf 85' lang='grc' dir='ltr'>Ὅταν</span> <span class='ocrx_word' id='word_1_370' title='bbox 2323 1402 2450 1473; x_wconf 82' lang='grc' dir='ltr'>περί</span> <span class='ocrx_word' id='word_1_371' title='bbox 2484 1418 2631 1466; x_wconf 88' lang='grc' dir='ltr'>τινος</span> <span class='ocrx_word' id='word_1_372' title='bbox 2659 1401 2868 1471; x_wconf 77' lang='grc' dir='ltr'>ἀγαθοῦ</span> <span class='ocrx_word' id='word_1_373' title='bbox 2903 1400 3291 1474; x_wconf 78' lang='grc' dir='ltr'>παρακαλέσῃς</span> <span class='ocrx_word' id='word_1_374' title='bbox 3328 1401 3422 1457; x_wconf 76' lang='grc' dir='ltr'>τὸν</span> <span class='ocrx_word' id='word_1_375' title='bbox 3468 1400 3621 1469; x_wconf 75' lang='grc' dir='ltr'>Θεὸν,</span> 
     </span>
    </p>
   </div>
   <div class='ocr_carea' id='block_1_62' title="bbox 2051 1490 3619 1565">
    <p class='ocr_par' dir='ltr' id='par_1_62' title="bbox 2051 1490 3619 1565">
     <span class='ocr_line' id='line_1_62' title="bbox 2051 1490 3619 1565; baseline 0.001 -19"><span class='ocrx_word' id='word_1_376' title='bbox 2051 1492 2146 1546; x_wconf 68' lang='grc' dir='ltr'><strong>καλ⁵</strong></span> <span class='ocrx_word' id='word_1_377' title='bbox 2179 1491 2255 1563; x_wconf 78' lang='grc' dir='ltr'><strong>μή</strong></span> <span class='ocrx_word' id='word_1_378' title='bbox 2307 1492 2603 1565; x_wconf 76' lang='grc' dir='ltr'>εἰσακούσῃ</span> <span class='ocrx_word' id='word_1_379' title='bbox 2627 1510 2722 1547; x_wconf 90' lang='grc' dir='ltr'><strong>σου</strong></span> <span class='ocrx_word' id='word_1_380' title='bbox 2751 1493 3099 1565; x_wconf 85' lang='grc' dir='ltr'>παραυτίκα,</span> <span class='ocrx_word' id='word_1_381' title='bbox 3154 1494 3228 1563; x_wconf 80' lang='grc' dir='ltr'><strong>μή</strong></span> <span class='ocrx_word' id='word_1_382' title='bbox 3255 1490 3619 1565; x_wconf 73' lang='grc' dir='ltr'>ὀλίγωρήσῃς,</span> 
     </span>
    </p>
   </div>
   <div class='ocr_carea' id='block_1_63' title="bbox 2055 1582 3618 1657">
    <p class='ocr_par' dir='ltr' id='par_1_63' title="bbox 2055 1582 3618 1657">
     <span class='ocr_line' id='line_1_63' title="bbox 2055 1582 3618 1657; baseline -0.001 -19"><span class='ocrx_word' id='word_1_383' title='bbox 2055 1583 2191 1655; x_wconf 85' lang='grc' dir='ltr'>μηδὲ</span> <span class='ocrx_word' id='word_1_384' title='bbox 2214 1584 2617 1657; x_wconf 77' lang='grc' dir='ltr'>ὀλιγοψυχήσῃς</span> <span class='ocrx_word' id='word_1_385' title='bbox 2634 1602 2647 1616; x_wconf 76' lang='grc' dir='ltr'><strong><em>ο</em></strong></span> <span class='ocrx_word' id='word_1_386' title='bbox 2684 1584 2943 1649; x_wconf 80' lang='grc' dir='ltr'><strong>πολλάκις</strong></span> <span class='ocrx_word' id='word_1_387' title='bbox 2973 1583 3081 1656; x_wconf 80' lang='grc' dir='ltr'>γὰρ</span> <span class='ocrx_word' id='word_1_388' title='bbox 3118 1584 3255 1656; x_wconf 80' lang='grc' dir='ltr'>πρὸς</span> <span class='ocrx_word' id='word_1_389' title='bbox 3272 1582 3335 1637; x_wconf 81' lang='grc' dir='ltr'>τὸ</span> <span class='ocrx_word' id='word_1_390' title='bbox 3358 1583 3535 1655; x_wconf 80' lang='grc' dir='ltr'>παρὸν</span> <span class='ocrx_word' id='word_1_391' title='bbox 3558 1582 3618 1636; x_wconf 78' lang='grc' dir='ltr'>οὐ</span> 
     </span>
    </p>
   </div>
   <div class='ocr_carea' id='block_1_64' title="bbox 1982 1655 2780 1748">
    <p class='ocr_par' dir='ltr' id='par_1_64' title="bbox 1982 1655 2780 1748">
     <span class='ocr_line' id='line_1_64' title="bbox 1982 1655 2780 1748; baseline 0.005 -21"><span class='ocrx_word' id='word_1_392' title='bbox 1982 1655 2026 1714; x_wconf 79' lang='grc' dir='ltr'><strong>Β</strong></span> <span class='ocrx_word' id='word_1_393' title='bbox 2056 1675 2327 1748; x_wconf 82' lang='grc' dir='ltr'>συμφέρει</span> <span class='ocrx_word' id='word_1_394' title='bbox 2354 1693 2437 1730; x_wconf 89' lang='grc' dir='ltr'><strong>σοι</strong></span> <span class='ocrx_word' id='word_1_395' title='bbox 2454 1679 2517 1731; x_wconf 81' lang='grc' dir='ltr'>τὸ</span> <span class='ocrx_word' id='word_1_396' title='bbox 2550 1655 2780 1748; x_wconf 70' lang='grc' dir='ltr'>αἴτημα.</span> 
     </span>
    </p>
   </div>
   <div class='ocr_carea' id='block_1_65' title="bbox 2131 1758 3615 1839">
    <p class='ocr_par' dir='ltr' id='par_1_65' title="bbox 2131 1758 3615 1839">
     <span class='ocr_line' id='line_1_65' title="bbox 2131 1758 3615 1839; baseline -0.003 -17"><span class='ocrx_word' id='word_1_397' title='bbox 2131 1768 2424 1835; x_wconf 80' lang='grc' dir='ltr'>Ἀριστοτ.</span> <span class='ocrx_word' id='word_1_398' title='bbox 2458 1797 2529 1808; x_wconf 91' lang='grc'><strong>-</strong></span> <span class='ocrx_word' id='word_1_399' title='bbox 2563 1767 2667 1823; x_wconf 76' lang='grc' dir='ltr'>Τὸν</span> <span class='ocrx_word' id='word_1_400' title='bbox 2717 1768 3011 1839; x_wconf 78' lang='grc' dir='ltr'>εὐχόμενον</span> <span class='ocrx_word' id='word_1_401' title='bbox 3048 1766 3130 1820; x_wconf 82' lang='grc' dir='ltr'><strong>δεῖ</strong></span> <span class='ocrx_word' id='word_1_402' title='bbox 3156 1765 3420 1838; x_wconf 82' lang='grc' dir='ltr'>φρόνιμον</span> <span class='ocrx_word' id='word_1_403' title='bbox 3443 1758 3615 1819; x_wconf 73' lang='grc' dir='ltr'>εἶναι’</span> 
     </span>
    </p>
   </div>
   <div class='ocr_carea' id='block_1_66' title="bbox 2052 1856 3489 1932">
    <p class='ocr_par' dir='ltr' id='par_1_66' title="bbox 2052 1856 3489 1932">
     <span class='ocr_line' id='line_1_66' title="bbox 2052 1856 3489 1932; baseline 0.001 -21"><span class='ocrx_word' id='word_1_404' title='bbox 2052 1857 2126 1931; x_wconf 76' lang='grc' dir='ltr'><strong>μή</strong></span> <span class='ocrx_word' id='word_1_405' title='bbox 2153 1857 2293 1932; x_wconf 83' lang='grc' dir='ltr'><strong>λάθῃ</strong></span> <span class='ocrx_word' id='word_1_406' title='bbox 2316 1876 2368 1913; x_wconf 91' lang='grc' dir='ltr'><strong>τι</strong></span> <span class='ocrx_word' id='word_1_407' title='bbox 2409 1858 2574 1913; x_wconf 83' lang='grc' dir='ltr'>κακὸν</span> <span class='ocrx_word' id='word_1_408' title='bbox 2603 1858 2897 1930; x_wconf 77' lang='grc' dir='ltr'>εὐξάμενος</span> <span class='ocrx_word' id='word_1_409' title='bbox 2930 1856 3127 1929; x_wconf 78' lang='grc' dir='ltr'>ἑαυτῷ.</span> <span class='ocrx_word' id='word_1_410' title='bbox 3478 1864 3489 1871; x_wconf 87' lang='grc'><em>’</em></span> 
     </span>
    </p>
   </div>
   <div class='ocr_carea' id='block_1_67' title="bbox 2130 2028 3619 2105">
    <p class='ocr_par' dir='ltr' id='par_1_67' title="bbox 2130 2028 3619 2105">
     <span class='ocr_line' id='line_1_67' title="bbox 2130 2028 3619 2105; baseline 0.001 -21"><span class='ocrx_word' id='word_1_411' title='bbox 2130 2028 2479 2100; x_wconf 70' lang='grc' dir='ltr'>Ἀλέξανδρ.</span> <span class='ocrx_word' id='word_1_412' title='bbox 2509 2062 2579 2074; x_wconf 91' lang='lat'><strong>—-</strong></span> <span class='ocrx_word' id='word_1_413' title='bbox 2608 2031 2952 2105; x_wconf 79' lang='grc' dir='ltr'>Ἀλέξανδρος</span> <span class='ocrx_word' id='word_1_414' title='bbox 2985 2032 3013 2087; x_wconf 83' lang='grc' dir='ltr'><strong>ὁ</strong></span> <span class='ocrx_word' id='word_1_415' title='bbox 3047 2030 3320 2103; x_wconf 78' lang='grc' dir='ltr'>βασιλεὺς,</span> <span class='ocrx_word' id='word_1_416' title='bbox 3343 2032 3466 2085; x_wconf 74' lang='grc' dir='ltr'>ἐπεὶ</span> <span class='ocrx_word' id='word_1_417' title='bbox 3502 2032 3619 2086; x_wconf 74' lang='grc' dir='ltr'><strong>’Λν-</strong></span> 
     </span>
    </p>
   </div>
   <div class='ocr_carea' id='block_1_68' title="bbox 2046 2119 3615 2197">
    <p class='ocr_par' dir='ltr' id='par_1_68' title="bbox 2046 2119 3615 2197">
     <span class='ocr_line' id='line_1_68' title="bbox 2046 2119 3615 2197; baseline 0 -24"><span class='ocrx_word' id='word_1_418' title='bbox 2046 2120 2310 2192; x_wconf 85' lang='grc' dir='ltr'>τίπατρος</span> <span class='ocrx_word' id='word_1_419' title='bbox 2362 2120 2511 2197; x_wconf 55' lang='grc' dir='ltr'>αὐτῷ</span> <span class='ocrx_word' id='word_1_420' title='bbox 2559 2121 2730 2177; x_wconf 79' lang='grc' dir='ltr'>πολλὰ</span> <span class='ocrx_word' id='word_1_421' title='bbox 2770 2122 2915 2177; x_wconf 82' lang='grc' dir='ltr'>κατὰ</span> <span class='ocrx_word' id='word_1_422' title='bbox 2961 2122 3062 2191; x_wconf 83' lang='grc' dir='ltr'><strong>τῆς</strong></span> <span class='ocrx_word' id='word_1_423' title='bbox 3106 2120 3314 2192; x_wconf 80' lang='grc' dir='ltr'>μητρὸς</span> <span class='ocrx_word' id='word_1_424' title='bbox 3354 2119 3615 2192; x_wconf 76' lang='grc' dir='ltr'>ἔγραφεν,</span> 
     </span>
    </p>
   </div>
   <div class='ocr_carea' id='block_1_69' title="bbox 2059 2211 3617 2284">
    <p class='ocr_par' dir='ltr' id='par_1_69' title="bbox 2059 2211 3617 2284">
     <span class='ocr_line' id='line_1_69' title="bbox 2059 2211 3617 2284; baseline -0.001 -19"><span class='ocrx_word' id='word_1_425' title='bbox 2059 2211 2317 2280; x_wconf 81' lang='grc' dir='ltr'>Ἀγνοεῖς,</span> <span class='ocrx_word' id='word_1_426' title='bbox 2351 2212 2479 2284; x_wconf 75' lang='grc' dir='ltr'>ἔφη,</span> <span class='ocrx_word' id='word_1_427' title='bbox 2523 2214 2867 2284; x_wconf 82' lang='grc' dir='ltr'>Ἀντίπατρε,</span> <span class='ocrx_word' id='word_1_428' title='bbox 2895 2214 2978 2267; x_wconf 83' lang='grc' dir='ltr'>ὅτι</span> <span class='ocrx_word' id='word_1_429' title='bbox 3033 2212 3243 2284; x_wconf 75' lang='grc' dir='ltr'>μητρὸς</span> <span class='ocrx_word' id='word_1_430' title='bbox 3282 2211 3341 2267; x_wconf 80' lang='grc' dir='ltr'>ἓν</span> <span class='ocrx_word' id='word_1_431' title='bbox 3364 2211 3617 2282; x_wconf 85' lang='grc' dir='ltr'>δάκρυον,</span> 
     </span>
    </p>
   </div>
   <div class='ocr_carea' id='block_1_70' title="bbox 2048 2302 3231 2375">
    <p class='ocr_par' dir='ltr' id='par_1_70' title="bbox 2048 2302 3231 2375">
     <span class='ocr_line' id='line_1_70' title="bbox 2048 2302 3231 2375; baseline 0.001 -18"><span class='ocrx_word' id='word_1_432' title='bbox 2048 2303 2260 2358; x_wconf 78' lang='grc' dir='ltr'>πολλῶν</span> <span class='ocrx_word' id='word_1_433' title='bbox 2292 2303 2557 2361; x_wconf 76' lang='grc' dir='ltr'>διαϐολῶν</span> <span class='ocrx_word' id='word_1_434' title='bbox 2586 2304 2878 2369; x_wconf 79' lang='grc' dir='ltr'>ἐπιστολὰς</span> <span class='ocrx_word' id='word_1_435' title='bbox 2901 2302 3191 2375; x_wconf 79' lang='grc' dir='ltr'>ἀπαλείφει</span> <span class='ocrx_word' id='word_1_436' title='bbox 3215 2321 3231 2372; x_wconf 90' lang='grc'>;</span> 
     </span>
    </p>
   </div>
   <div class='ocr_carea' id='block_1_71' title="bbox 2127 2481 3616 2581">
    <p class='ocr_par' dir='ltr' id='par_1_71' title="bbox 2127 2481 3616 2581">
     <span class='ocr_line' id='line_1_71' title="bbox 2127 2481 3616 2581; baseline -0.005 -38"><span class='ocrx_word' id='word_1_437' title='bbox 2127 2487 2424 2554; x_wconf 81' lang='grc' dir='ltr'>Ἐπικούρ.</span> <span class='ocrx_word' id='word_1_438' title='bbox 2471 2514 2544 2525; x_wconf 84' lang='grc'><strong>-</strong></span> <span class='ocrx_word' id='word_1_439' title='bbox 2573 2483 2639 2538; x_wconf 78' lang='lat' dir='ltr'><strong>Ei</strong></span> <span class='ocrx_word' id='word_1_440' title='bbox 2665 2486 2788 2550; x_wconf 85' lang='grc' dir='ltr'>ταῖς</span> <span class='ocrx_word' id='word_1_441' title='bbox 2843 2484 2952 2538; x_wconf 86' lang='grc' dir='ltr'><strong>τῶν</strong></span> <span class='ocrx_word' id='word_1_442' title='bbox 2999 2482 3304 2555; x_wconf 81' lang='grc' dir='ltr'>ἀνθρώπων</span> <span class='ocrx_word' id='word_1_443' title='bbox 3352 2481 3540 2581; x_wconf 74' lang='grc' dir='ltr'>εὐχαῖς</span> <span class='ocrx_word' id='word_1_444' title='bbox 3588 2482 3616 2581; x_wconf 63' lang='grc' dir='ltr'><strong>δ</strong></span> 
     </span>
    </p>
   </div>
   <div class='ocr_carea' id='block_1_72' title="bbox 2046 2577 3614 2650">
    <p class='ocr_par' dir='ltr' id='par_1_72' title="bbox 2046 2577 3614 2650">
     <span class='ocr_line' id='line_1_72' title="bbox 2046 2577 3614 2650; baseline -0.003 -15"><span class='ocrx_word' id='word_1_445' title='bbox 2046 2580 2178 2644; x_wconf 77' lang='grc' dir='ltr'>Θεὸς</span> <span class='ocrx_word' id='word_1_446' title='bbox 2234 2579 2646 2650; x_wconf 80' lang='grc' dir='ltr'>κατηκολούθει,</span> <span class='ocrx_word' id='word_1_447' title='bbox 2710 2578 2904 2634; x_wconf 80' lang='grc' dir='ltr'>θᾶττον</span> <span class='ocrx_word' id='word_1_448' title='bbox 2953 2579 3022 2632; x_wconf 78' lang='grc' dir='ltr'>ἂν</span> <span class='ocrx_word' id='word_1_449' title='bbox 3076 2578 3362 2632; x_wconf 82' lang='grc' dir='ltr'>ἀπόλοιντο</span> <span class='ocrx_word' id='word_1_450' title='bbox 3411 2577 3614 2642; x_wconf 85' lang='grc' dir='ltr'>πάντες</span> 
     </span>
    </p>
   </div>
   <div class='ocr_carea' id='block_1_73' title="bbox 2046 2665 3614 2740">
    <p class='ocr_par' dir='ltr' id='par_1_73' title="bbox 2046 2665 3614 2740">
     <span class='ocr_line' id='line_1_73' title="bbox 2046 2665 3614 2740; baseline -0.004 -16"><span class='ocrx_word' id='word_1_451' title='bbox 2046 2667 2346 2739; x_wconf 77' lang='grc' dir='ltr'>ἄνθρωποι,</span> <span class='ocrx_word' id='word_1_452' title='bbox 2381 2670 2625 2740; x_wconf 83' lang='grc' dir='ltr'>συνεχῶς</span> <span class='ocrx_word' id='word_1_453' title='bbox 2650 2667 2821 2722; x_wconf 82' lang='grc' dir='ltr'>πολλὰ</span> <span class='ocrx_word' id='word_1_454' title='bbox 2844 2667 2940 2722; x_wconf 79' lang='grc' dir='ltr'><strong>καὶ</strong></span> <span class='ocrx_word' id='word_1_455' title='bbox 2972 2666 3186 2738; x_wconf 83' lang='grc' dir='ltr'>χαλεπὰ</span> <span class='ocrx_word' id='word_1_456' title='bbox 3216 2668 3339 2721; x_wconf 85' lang='grc' dir='ltr'>κατ’</span> <span class='ocrx_word' id='word_1_457' title='bbox 3367 2665 3614 2736; x_wconf 82' lang='grc' dir='ltr'>ἀλλήλων</span> 
     </span>
    </p>
   </div>
   <div class='ocr_carea' id='block_1_74' title="bbox 2050 2759 2356 2831">
    <p class='ocr_par' dir='ltr' id='par_1_74' title="bbox 2050 2759 2356 2831">
     <span class='ocr_line' id='line_1_74' title="bbox 2050 2759 2356 2831; baseline 0.016 -19"><span class='ocrx_word' id='word_1_458' title='bbox 2050 2759 2356 2831; x_wconf 80' lang='grc' dir='ltr'>εὐχόμενοι.</span> 
     </span>
    </p>
   </div>
   <div class='ocr_carea' id='block_1_75' title="bbox 2132 2928 3612 3026">
    <p class='ocr_par' dir='ltr' id='par_1_75' title="bbox 2132 2928 3612 3026">
     <span class='ocr_line' id='line_1_75' title="bbox 2132 2928 3612 3026; baseline -0.001 -20"><span class='ocrx_word' id='word_1_459' title='bbox 2132 2951 2413 3022; x_wconf 77' lang='grc' dir='ltr'>Ἰσοκράτ.</span> <span class='ocrx_word' id='word_1_460' title='bbox 2433 2954 2582 3008; x_wconf 78' lang='grc' dir='ltr'><strong>-Οί</strong></span> <span class='ocrx_word' id='word_1_461' title='bbox 2615 2952 2892 3026; x_wconf 85' lang='grc' dir='ltr'>άνθρωποι</span> <span class='ocrx_word' id='word_1_462' title='bbox 2921 2954 3042 3008; x_wconf 85' lang='grc' dir='ltr'>τότε</span> <span class='ocrx_word' id='word_1_463' title='bbox 3077 2928 3318 3021; x_wconf 79' lang='grc' dir='ltr'>γίνονται</span> <span class='ocrx_word' id='word_1_464' title='bbox 3351 2950 3612 3023; x_wconf 78' lang='grc' dir='ltr'>βελτίους,</span> 
     </span>
    </p>
   </div>
   <div class='ocr_carea' id='block_1_76' title="bbox 2045 3044 3616 3117">
    <p class='ocr_par' dir='ltr' id='par_1_76' title="bbox 2045 3044 3616 3117">
     <span class='ocr_line' id='line_1_76' title="bbox 2045 3044 3616 3117; baseline 0.001 -21"><span class='ocrx_word' id='word_1_465' title='bbox 2045 3044 2174 3098; x_wconf 82' lang='grc' dir='ltr'>ὅταν</span> <span class='ocrx_word' id='word_1_466' title='bbox 2193 3044 2312 3116; x_wconf 86' lang='grc' dir='ltr'>Θεῷ</span> <span class='ocrx_word' id='word_1_467' title='bbox 2349 3045 2765 3117; x_wconf 84' lang='grc' dir='ltr'>προσέρχωνται</span> <span class='ocrx_word' id='word_1_468' title='bbox 2792 3061 2807 3077; x_wconf 70' lang='grc'><strong>⁸</strong></span> <span class='ocrx_word' id='word_1_469' title='bbox 2843 3046 3028 3117; x_wconf 81' lang='grc' dir='ltr'>ὅμοιον</span> <span class='ocrx_word' id='word_1_470' title='bbox 3058 3045 3115 3099; x_wconf 84' lang='grc' dir='ltr'>δὲ</span> <span class='ocrx_word' id='word_1_471' title='bbox 3148 3045 3331 3115; x_wconf 75' lang='grc' dir='ltr'>ἔχουσι</span> <span class='ocrx_word' id='word_1_472' title='bbox 3365 3044 3507 3114; x_wconf 85' lang='grc' dir='ltr'>Θεῷ,</span> <span class='ocrx_word' id='word_1_473' title='bbox 3553 3044 3616 3098; x_wconf 76' lang='grc' dir='ltr'><strong>τὸ</strong></span> 
     </span>
    </p>
   </div>
   <div class='ocr_carea' id='block_1_77' title="bbox 1986 3135 2815 3210">
    <p class='ocr_par' dir='ltr' id='par_1_77' title="bbox 1986 3135 2815 3210">
     <span class='ocr_line' id='line_1_77' title="bbox 1986 3135 2815 3210; baseline 0.004 -22"><span class='ocrx_word' id='word_1_474' title='bbox 1986 3153 1992 3160; x_wconf 72' lang='grc'><strong><em>“</em></strong></span> <span class='ocrx_word' id='word_1_475' title='bbox 2047 3135 2358 3207; x_wconf 83' lang='grc' dir='ltr'>εὐεργετεῖν</span> <span class='ocrx_word' id='word_1_476' title='bbox 2386 3135 2483 3189; x_wconf 75' lang='grc' dir='ltr'><strong>καὶ</strong></span> <span class='ocrx_word' id='word_1_477' title='bbox 2507 3135 2815 3210; x_wconf 70' lang='grc' dir='ltr'>ἀληθεύειν.</span> 
     </span>
    </p>
   </div>
   <div class='ocr_carea' id='block_1_78' title="bbox 2114 3221 3617 3298">
    <p class='ocr_par' dir='ltr' id='par_1_78' title="bbox 2114 3221 3617 3298">
     <span class='ocr_line' id='line_1_78' title="bbox 2114 3221 3617 3298; baseline -0.001 -18"><span class='ocrx_word' id='word_1_478' title='bbox 2114 3227 2280 3293; x_wconf 83' lang='grc' dir='ltr'>Βίας.</span> <span class='ocrx_word' id='word_1_479' title='bbox 2306 3256 2377 3266; x_wconf 94' lang='grc'><strong><em>-</em></strong></span> <span class='ocrx_word' id='word_1_480' title='bbox 2402 3221 2569 3291; x_wconf 76' lang='grc' dir='ltr'>Οὗτος</span> <span class='ocrx_word' id='word_1_481' title='bbox 2619 3227 2910 3298; x_wconf 80' lang='grc' dir='ltr'>συμπλέων</span> <span class='ocrx_word' id='word_1_482' title='bbox 2969 3226 3097 3280; x_wconf 80' lang='grc' dir='ltr'>ποτὲ</span> <span class='ocrx_word' id='word_1_483' title='bbox 3132 3225 3373 3291; x_wconf 73' lang='grc' dir='ltr'>ἀσεϐέσι,</span> <span class='ocrx_word' id='word_1_484' title='bbox 3412 3242 3617 3296; x_wconf 66' lang='grc' dir='ltr'>,χειμα-</span> 
     </span>
    </p>
   </div>
   <div class='ocr_carea' id='block_1_79' title="bbox 2046 3317 3617 3394">
    <p class='ocr_par' dir='ltr' id='par_1_79' title="bbox 2046 3317 3617 3394">
     <span class='ocr_line' id='line_1_79' title="bbox 2046 3317 3617 3394; baseline 0.001 -24"><span class='ocrx_word' id='word_1_485' title='bbox 2046 3317 2281 3388; x_wconf 82' lang='grc' dir='ltr'>ζομένης</span> <span class='ocrx_word' id='word_1_486' title='bbox 2324 3318 2425 3389; x_wconf 83' lang='grc' dir='ltr'><strong>τῆς</strong></span> <span class='ocrx_word' id='word_1_487' title='bbox 2477 3318 2660 3386; x_wconf 74' lang='grc' dir='ltr'>νεὼς,</span> <span class='ocrx_word' id='word_1_488' title='bbox 2709 3319 2979 3394; x_wconf 76' lang='grc' dir='ltr'>κάκείνων</span> <span class='ocrx_word' id='word_1_489' title='bbox 3028 3318 3194 3381; x_wconf 70' lang='grc' dir='ltr'>Θεοῖις</span> <span class='ocrx_word' id='word_1_490' title='bbox 3250 3318 3617 3388; x_wconf 75' lang='grc' dir='ltr'>ἐπικαλουμέ-</span> 
     </span>
    </p>
   </div>
   <div class='ocr_carea' id='block_1_80' title="bbox 2046 3409 3616 3489">
    <p class='ocr_par' dir='ltr' id='par_1_80' title="bbox 2046 3409 3616 3489">
     <span class='ocr_line' id='line_1_80' title="bbox 2046 3409 3616 3489; baseline 0 -26"><span class='ocrx_word' id='word_1_491' title='bbox 2046 3427 2187 3489; x_wconf 62' lang='grc' dir='ltr'>νων,</span> <span class='ocrx_word' id='word_1_492' title='bbox 2226 3411 2454 3479; x_wconf 79' lang='grc' dir='ltr'>Σιγᾶτε,</span> <span class='ocrx_word' id='word_1_493' title='bbox 2521 3411 2627 3481; x_wconf 69' lang='grc' dir='ltr'><strong>ἔφη</strong></span> <span class='ocrx_word' id='word_1_494' title='bbox 2652 3451 2667 3478; x_wconf 93' lang='grc'><strong>,</strong></span> <span class='ocrx_word' id='word_1_495' title='bbox 2720 3410 2795 3482; x_wconf 79' lang='grc' dir='ltr'><strong>μή</strong></span> <span class='ocrx_word' id='word_1_496' title='bbox 2852 3409 3153 3464; x_wconf 77' lang='grc' dir='ltr'>αἴσθωνται</span> <span class='ocrx_word' id='word_1_497' title='bbox 3216 3411 3368 3482; x_wconf 81' lang='grc' dir='ltr'>ἡμᾶς</span> <span class='ocrx_word' id='word_1_498' title='bbox 3428 3410 3616 3464; x_wconf 75' lang='grc' dir='ltr'>ἐνθάδε</span> 
     </span>
    </p>
   </div>
   <div class='ocr_carea' id='block_1_81' title="bbox 2006 3500 2329 3566">
    <p class='ocr_par' dir='ltr' id='par_1_81' title="bbox 2006 3500 2329 3566">
     <span class='ocr_line' id='line_1_81' title="bbox 2006 3500 2329 3566; baseline 0.006 -10"><span class='ocrx_word' id='word_1_499' title='bbox 2006 3560 2009 3563; x_wconf 30' lang='grc' dir='ltr'>λ</span> <span class='ocrx_word' id='word_1_500' title='bbox 2046 3500 2329 3566; x_wconf 79' lang='grc' dir='ltr'>πλέοντας.</span> 
     </span>
    </p>
   </div>
   <div class='ocr_carea' id='block_1_82' title="bbox 2115 3590 3613 3672">
    <p class='ocr_par' dir='ltr' id='par_1_82' title="bbox 2115 3590 3613 3672">
     <span class='ocr_line' id='line_1_82' title="bbox 2115 3590 3613 3672; baseline -0.001 -26"><span class='ocrx_word' id='word_1_501' title='bbox 2115 3592 2253 3656; x_wconf 84' lang='grc' dir='ltr'>Τοὺς</span> <span class='ocrx_word' id='word_1_502' title='bbox 2280 3593 2633 3664; x_wconf 76' lang='grc' dir='ltr'>αἰτουμένους</span> <span class='ocrx_word' id='word_1_503' title='bbox 2656 3593 2810 3666; x_wconf 80' lang='grc' dir='ltr'>παρὰ</span> <span class='ocrx_word' id='word_1_504' title='bbox 2837 3594 2946 3647; x_wconf 90' lang='grc' dir='ltr'><strong>τῶν</strong></span> <span class='ocrx_word' id='word_1_505' title='bbox 2971 3591 3122 3672; x_wconf 82' lang='grc' dir='ltr'>Θεῶν</span> <span class='ocrx_word' id='word_1_506' title='bbox 3153 3592 3354 3662; x_wconf 80' lang='grc' dir='ltr'>φρένας</span> <span class='ocrx_word' id='word_1_507' title='bbox 3378 3590 3613 3660; x_wconf 77' lang='grc' dir='ltr'>ἀγαθὰς,</span> 
     </span>
    </p>
   </div>
   <div class='ocr_carea' id='block_1_83' title="bbox 2046 3684 3614 3757">
    <p class='ocr_par' dir='ltr' id='par_1_83' title="bbox 2046 3684 3614 3757">
     <span class='ocr_line' id='line_1_83' title="bbox 2046 3684 3614 3757; baseline 0 -19"><span class='ocrx_word' id='word_1_508' title='bbox 2046 3686 2141 3738; x_wconf 75' lang='grc' dir='ltr'><strong>καὶ</strong></span> <span class='ocrx_word' id='word_1_509' title='bbox 2174 3684 2248 3756; x_wconf 82' lang='grc' dir='ltr'><strong>μή</strong></span> <span class='ocrx_word' id='word_1_510' title='bbox 2277 3686 2501 3749; x_wconf 74' lang='grc' dir='ltr'>ἑαυτοὺς</span> <span class='ocrx_word' id='word_1_511' title='bbox 2534 3685 2911 3750; x_wconf 85' lang='grc' dir='ltr'>παιδεύοντας,</span> <span class='ocrx_word' id='word_1_512' title='bbox 2967 3685 3327 3757; x_wconf 76' lang='grc' dir='ltr'>ἀναισθήτους</span> <span class='ocrx_word' id='word_1_513' title='bbox 3373 3685 3614 3757; x_wconf 80' lang='grc' dir='ltr'>ἔφασκεν</span> 
     </span>
    </p>
   </div>
   <div class='ocr_carea' id='block_1_84' title="bbox 2046 3773 3615 3849">
    <p class='ocr_par' dir='ltr' id='par_1_84' title="bbox 2046 3773 3615 3849">
     <span class='ocr_line' id='line_1_84' title="bbox 2046 3773 3615 3849; baseline -0.001 -21"><span class='ocrx_word' id='word_1_514' title='bbox 2046 3773 2204 3830; x_wconf 75' lang='grc' dir='ltr'>εἶναι.</span> <span class='ocrx_word' id='word_1_515' title='bbox 2264 3774 2402 3829; x_wconf 76' lang='grc' dir='ltr'>Οὔτε</span> <span class='ocrx_word' id='word_1_516' title='bbox 2443 3775 2561 3849; x_wconf 78' lang='grc' dir='ltr'>,γὰρ</span> <span class='ocrx_word' id='word_1_517' title='bbox 2625 3775 2915 3847; x_wconf 74' lang='grc' dir='ltr'>ζωγράφον</span> <span class='ocrx_word' id='word_1_518' title='bbox 2956 3776 3250 3847; x_wconf 78' lang='grc' dir='ltr'>εὐχόμενον</span> <span class='ocrx_word' id='word_1_519' title='bbox 3301 3777 3415 3837; x_wconf 84' lang='grc' dir='ltr'>τοῖς</span> <span class='ocrx_word' id='word_1_520' title='bbox 3472 3774 3615 3838; x_wconf 84' lang='grc' dir='ltr'>θεοῖς</span> 
     </span>
    </p>
   </div>
   <div class='ocr_carea' id='block_1_85' title="bbox 2044 3866 3612 3939">
    <p class='ocr_par' dir='ltr' id='par_1_85' title="bbox 2044 3866 3612 3939">
     <span class='ocr_line' id='line_1_85' title="bbox 2044 3866 3612 3939; baseline -0.002 -18"><span class='ocrx_word' id='word_1_521' title='bbox 2044 3867 2228 3922; x_wconf 81' lang='grc' dir='ltr'>δοῦναι</span> <span class='ocrx_word' id='word_1_522' title='bbox 2278 3866 2426 3937; x_wconf 83' lang='grc' dir='ltr'><strong>αὐτῷ</strong></span> <span class='ocrx_word' id='word_1_523' title='bbox 2462 3867 2727 3939; x_wconf 80' lang='grc' dir='ltr'>γραμμὴν</span> <span class='ocrx_word' id='word_1_524' title='bbox 2772 3868 2868 3922; x_wconf 78' lang='grc' dir='ltr'><strong>καὶ</strong></span> <span class='ocrx_word' id='word_1_525' title='bbox 2909 3867 3163 3938; x_wconf 73' lang='grc' dir='ltr'>εὔχροιαν</span> <span class='ocrx_word' id='word_1_526' title='bbox 3207 3867 3391 3921; x_wconf 75' lang='grc' dir='ltr'>λαϐεῖν</span> <span class='ocrx_word' id='word_1_527' title='bbox 3422 3866 3510 3929; x_wconf 76' lang='grc' dir='ltr'>ἂν,</span> <span class='ocrx_word' id='word_1_528' title='bbox 3562 3866 3612 3919; x_wconf 80' lang='grc' dir='ltr'>εἰ</span> 
     </span>
    </p>
   </div>
   <div class='ocr_carea' id='block_1_86' title="bbox 2049 3956 3612 4029">
    <p class='ocr_par' dir='ltr' id='par_1_86' title="bbox 2049 3956 3612 4029">
     <span class='ocr_line' id='line_1_86' title="bbox 2049 3956 3612 4029; baseline -0.001 -17"><span class='ocrx_word' id='word_1_529' title='bbox 2049 3956 2125 4028; x_wconf 82' lang='grc' dir='ltr'>μὴ</span> <span class='ocrx_word' id='word_1_530' title='bbox 2153 3956 2312 4026; x_wconf 82' lang='grc' dir='ltr'>μάθοι</span> <span class='ocrx_word' id='word_1_531' title='bbox 2339 3957 2537 4027; x_wconf 78' lang='grc' dir='ltr'>τέχνην</span> <span class='ocrx_word' id='word_1_532' title='bbox 2558 3974 2572 3989; x_wconf 78' lang='grc' dir='ltr'><strong>ο</strong></span> <span class='ocrx_word' id='word_1_533' title='bbox 2630 3958 2754 4012; x_wconf 73' lang='grc' dir='ltr'>οὔτε</span> <span class='ocrx_word' id='word_1_534' title='bbox 2814 3960 3073 4029; x_wconf 78' lang='grc' dir='ltr'>μουσικὸν</span> <span class='ocrx_word' id='word_1_535' title='bbox 3112 3958 3366 4027; x_wconf 86' lang='grc' dir='ltr'>γενέσθαι</span> <span class='ocrx_word' id='word_1_536' title='bbox 3393 3957 3513 4010; x_wconf 84' lang='grc' dir='ltr'>ποτ’</span> <span class='ocrx_word' id='word_1_537' title='bbox 3545 3957 3612 4011; x_wconf 79' lang='grc' dir='ltr'>ἂν</span> 
     </span>
    </p>
   </div>
   <div class='ocr_carea' id='block_1_87' title="bbox 2045 4046 3613 4120">
    <p class='ocr_par' dir='ltr' id='par_1_87' title="bbox 2045 4046 3613 4120">
     <span class='ocr_line' id='line_1_87' title="bbox 2045 4046 3613 4120; baseline 0.003 -22"><span class='ocrx_word' id='word_1_538' title='bbox 2045 4046 2230 4101; x_wconf 72' lang='grc' dir='ltr'>ἕνεκεν</span> <span class='ocrx_word' id='word_1_539' title='bbox 2263 4048 2449 4118; x_wconf 82' lang='grc' dir='ltr'>εὐχῆς,</span> <span class='ocrx_word' id='word_1_540' title='bbox 2480 4050 2528 4101; x_wconf 82' lang='grc' dir='ltr'>εἰ</span> <span class='ocrx_word' id='word_1_541' title='bbox 2573 4048 2648 4120; x_wconf 77' lang='grc' dir='ltr'>μὴ</span> <span class='ocrx_word' id='word_1_542' title='bbox 2676 4049 2742 4103; x_wconf 83' lang='grc' dir='ltr'>ἂν</span> <span class='ocrx_word' id='word_1_543' title='bbox 2780 4051 2849 4103; x_wconf 81' lang='grc' dir='ltr'>τὰ</span> <span class='ocrx_word' id='word_1_544' title='bbox 2884 4050 3119 4119; x_wconf 75' lang='grc' dir='ltr'>μουσικὰ</span> <span class='ocrx_word' id='word_1_545' title='bbox 3153 4048 3346 4120; x_wconf 86' lang='grc' dir='ltr'>μάθοι.</span> <span class='ocrx_word' id='word_1_546' title='bbox 3401 4048 3506 4103; x_wconf 77' lang='grc' dir='ltr'><strong>Τὸν</strong></span> <span class='ocrx_word' id='word_1_547' title='bbox 3554 4048 3613 4102; x_wconf 66' lang='grc' dir='ltr'>δὲ</span> 
     </span>
    </p>
   </div>
   <div class='ocr_carea' id='block_1_88' title="bbox 2044 4126 3612 4210">
    <p class='ocr_par' dir='ltr' id='par_1_88' title="bbox 2044 4126 3612 4210">
     <span class='ocr_line' id='line_1_88' title="bbox 2044 4126 3612 4210; baseline 0.001 -20"><span class='ocrx_word' id='word_1_548' title='bbox 2044 4138 2207 4192; x_wconf 79' lang='grc' dir='ltr'>αὐτὸν</span> <span class='ocrx_word' id='word_1_549' title='bbox 2238 4138 2460 4208; x_wconf 83' lang='grc' dir='ltr'>τρόπον,</span> <span class='ocrx_word' id='word_1_550' title='bbox 2516 4126 2627 4191; x_wconf 79' lang='grc' dir='ltr'>οὐδ’</span> <span class='ocrx_word' id='word_1_551' title='bbox 2666 4139 2731 4193; x_wconf 83' lang='grc' dir='ltr'>ἂν</span> <span class='ocrx_word' id='word_1_552' title='bbox 2771 4140 3036 4210; x_wconf 80' lang='grc' dir='ltr'>φρόνιμόν</span> <span class='ocrx_word' id='word_1_553' title='bbox 3065 4156 3187 4191; x_wconf 87' lang='grc' dir='ltr'>τινα</span> <span class='ocrx_word' id='word_1_554' title='bbox 3234 4138 3492 4207; x_wconf 81' lang='grc' dir='ltr'>γενέσθαι</span> <span class='ocrx_word' id='word_1_555' title='bbox 3519 4138 3612 4191; x_wconf 82' lang='grc' dir='ltr'><strong>εὐ·-</strong></span> 
     </span>
    </p>
   </div>
   <div class='ocr_carea' id='block_1_89' title="bbox 2046 4219 3305 4299">
    <p class='ocr_par' dir='ltr' id='par_1_89' title="bbox 2046 4219 3305 4299">
     <span class='ocr_line' id='line_1_89' title="bbox 2046 4219 3305 4299; baseline 0.001 -19"><span class='ocrx_word' id='word_1_556' title='bbox 2046 4227 2299 4298; x_wconf 84' lang='grc' dir='ltr'>χόμενον,</span> <span class='ocrx_word' id='word_1_557' title='bbox 2322 4228 2372 4280; x_wconf 80' lang='grc' dir='ltr'><strong>εί</strong></span> <span class='ocrx_word' id='word_1_558' title='bbox 2402 4226 2478 4298; x_wconf 81' lang='grc' dir='ltr'>μὴ</span> <span class='ocrx_word' id='word_1_559' title='bbox 2510 4227 2713 4283; x_wconf 86' lang='grc' dir='ltr'>τούτων</span> <span class='ocrx_word' id='word_1_560' title='bbox 2741 4219 3106 4299; x_wconf 70' lang='grc' dir='ltr'>τὴνμάθησὶν</span> <span class='ocrx_word' id='word_1_561' title='bbox 3130 4227 3305 4282; x_wconf 73' lang='grc' dir='ltr'>λάϐοι,</span> 
     </span>
    </p>
   </div>
   <div class='ocr_carea' id='block_1_90' title="bbox 2599 4495 3329 4577">
    <p class='ocr_par' dir='ltr' id='par_1_90' title="bbox 2599 4495 3329 4577">
     <span class='ocr_line' id='line_1_90' title="bbox 2599 4495 3329 4577; baseline 0.004 -31"><span class='ocrx_word' id='word_1_562' title='bbox 2599 4495 2813 4547; x_wconf 79' lang='grc' dir='ltr'><strong>ΛΟΓΟΣ</strong></span> <span class='ocrx_word' id='word_1_563' title='bbox 2869 4495 2948 4548; x_wconf 86' lang='lat' dir='ltr'><strong>IE&#39;</strong></span> <span class='ocrx_word' id='word_1_564' title='bbox 2964 4495 3032 4546; x_wconf 74' lang='grc' dir='ltr'><strong>ιι.</strong></span> <span class='ocrx_word' id='word_1_565' title='bbox 3326 4576 3329 4577; x_wconf 10' lang='grc' dir='ltr'>ί</span> 
     </span>
    </p>
   </div>
   <div class='ocr_carea' id='block_1_91' title="bbox 2357 4584 3290 4657">
    <p class='ocr_par' dir='ltr' id='par_1_91' title="bbox 2357 4584 3290 4657">
     <span class='ocr_line' id='line_1_91' title="bbox 2357 4584 3290 4657; baseline 0.001 -20"><span class='ocrx_word' id='word_1_566' title='bbox 2357 4584 2498 4653; x_wconf 79' lang='grc' dir='ltr'>Περὶ</span> <span class='ocrx_word' id='word_1_567' title='bbox 2531 4584 2786 4654; x_wconf 77' lang='grc' dir='ltr'>διδαχῆς</span> <span class='ocrx_word' id='word_1_568' title='bbox 2833 4588 2931 4639; x_wconf 83' lang='grc' dir='ltr'><strong>και</strong></span> <span class='ocrx_word' id='word_1_569' title='bbox 2972 4586 3171 4655; x_wconf 72' lang='grc' dir='ltr'>λόγων</span> <span class='ocrx_word' id='word_1_570' title='bbox 3199 4585 3290 4657; x_wconf 88' lang='lat' dir='ltr'><strong>(r).</strong></span> 
     </span>
    </p>
   </div>
   <div class='ocr_carea' id='block_1_92' title="bbox 2109 4672 3613 4746">
    <p class='ocr_par' dir='ltr' id='par_1_92' title="bbox 2109 4672 3613 4746">
     <span class='ocr_line' id='line_1_92' title="bbox 2109 4672 3613 4746; baseline 0.001 -19"><span class='ocrx_word' id='word_1_571' title='bbox 2109 4675 2296 4727; x_wconf 82' lang='grc' dir='ltr'>Ματθ.</span> <span class='ocrx_word' id='word_1_572' title='bbox 2323 4679 2375 4727; x_wconf 82' lang='grc' dir='ltr'>ι’.</span> <span class='ocrx_word' id='word_1_573' title='bbox 2405 4703 2475 4713; x_wconf 90' lang='grc'><strong>-</strong></span> <span class='ocrx_word' id='word_1_574' title='bbox 2515 4672 2682 4744; x_wconf 79' lang='grc' dir='ltr'>Ἀμήν</span> <span class='ocrx_word' id='word_1_575' title='bbox 2715 4674 2858 4741; x_wconf 87' lang='grc' dir='ltr'>λέγω</span> <span class='ocrx_word' id='word_1_576' title='bbox 2887 4674 3035 4745; x_wconf 83' lang='grc' dir='ltr'>ὑμῖν,</span> <span class='ocrx_word' id='word_1_577' title='bbox 3061 4674 3120 4738; x_wconf 82' lang='grc' dir='ltr'>ὃς</span> <span class='ocrx_word' id='word_1_578' title='bbox 3163 4674 3229 4729; x_wconf 80' lang='grc' dir='ltr'>ἂν</span> <span class='ocrx_word' id='word_1_579' title='bbox 3268 4673 3473 4746; x_wconf 78' lang='grc' dir='ltr'>ποιήσῃ</span> <span class='ocrx_word' id='word_1_580' title='bbox 3518 4673 3613 4728; x_wconf 78' lang='grc' dir='ltr'><strong>καὶ</strong></span> 
     </span>
    </p>
   </div>
   <div class='ocr_carea' id='block_1_93' title="bbox 362 4735 1946 4839">
    <p class='ocr_par' dir='ltr' id='par_1_93' title="bbox 362 4735 1942 4828">
     <span class='ocr_line' id='line_1_93' title="bbox 362 4735 1942 4828; baseline 0.02 -41"><span class='ocrx_word' id='word_1_581' title='bbox 362 4735 634 4803; x_wconf 84' lang='lat' dir='ltr'><strong>docuerit,</strong></span> <span class='ocrx_word' id='word_1_582' title='bbox 689 4740 777 4796; x_wconf 91' lang='lat' dir='ltr'><strong>hic</strong></span> <span class='ocrx_word' id='word_1_583' title='bbox 821 4759 1049 4815; x_wconf 84' lang='lat' dir='ltr'><strong>magnus</strong></span> <span class='ocrx_word' id='word_1_584' title='bbox 1101 4751 1392 4808; x_wconf 87' lang='lat' dir='ltr'><strong>vocabitur</strong></span> <span class='ocrx_word' id='word_1_585' title='bbox 1429 4753 1484 4808; x_wconf 88' lang='lat' dir='ltr'><strong>in</strong></span> <span class='ocrx_word' id='word_1_586' title='bbox 1546 4772 1714 4828; x_wconf 86' lang='lat' dir='ltr'><strong>regno</strong></span> <span class='ocrx_word' id='word_1_587' title='bbox 1772 4762 1942 4818; x_wconf 64' lang='lat' dir='ltr'><strong>caelo-</strong></span> 
     </span>
    </p>
   </div>
   <div class='ocr_carea' id='block_1_94' title="bbox 2058 4735 3612 4839">
    <p class='ocr_par' dir='ltr' id='par_1_94' title="bbox 2058 4735 3612 4839">
     <span class='ocr_line' id='line_1_94' title="bbox 2058 4735 3612 4839; baseline 0.002 -23"><span class='ocrx_word' id='word_1_588' title='bbox 2058 4764 2249 4839; x_wconf 70' lang='grc' dir='ltr'>ειδάξῃ,</span> <span class='ocrx_word' id='word_1_589' title='bbox 2279 4756 2436 4827; x_wconf 76' lang='grc' dir='ltr'>οὗτος</span> <span class='ocrx_word' id='word_1_590' title='bbox 2464 4735 2653 4833; x_wconf 42' lang='grc' dir='ltr'>μέγας.</span> <span class='ocrx_word' id='word_1_591' title='bbox 2684 4735 3111 4836; x_wconf 26' lang='grc' dir='ltr'><strong>κληθήσεται-ὲν⁷</strong></span> <span class='ocrx_word' id='word_1_592' title='bbox 3129 4767 3193 4837; x_wconf 75' lang='grc' dir='ltr'>τῇ</span> <span class='ocrx_word' id='word_1_593' title='bbox 3226 4735 3482 4837; x_wconf 44' lang='lat' dir='ltr'><strong>pastini;</strong></span> <span class='ocrx_word' id='word_1_594' title='bbox 3502 4765 3612 4821; x_wconf 86' lang='grc' dir='ltr'><strong>τῶν</strong></span> 
     </span>
    </p>
   </div>
   <div class='ocr_carea' id='block_1_95' title="bbox 363 4842 506 4881">
    <p class='ocr_par' dir='ltr' id='par_1_95' title="bbox 363 4842 506 4881">
     <span class='ocr_line' id='line_1_95' title="bbox 363 4842 506 4881; baseline 0.014 -2"><span class='ocrx_word' id='word_1_595' title='bbox 363 4842 506 4881; x_wconf 77' lang='grc'><strong>1⁵11111.</strong></span> 
     </span>
    </p>
   </div>
   <div class='ocr_carea' id='block_1_96' title="bbox 431 5005 1149 5066">
    <p class='ocr_par' dir='ltr' id='par_1_96' title="bbox 431 5005 1149 5066">
     <span class='ocr_line' id='line_1_96' title="bbox 431 5005 1149 5066; baseline 0.013 -9"><span class='ocrx_word' id='word_1_596' title='bbox 431 5005 558 5059; x_wconf 79' lang='lat' dir='ltr'><strong>&quot;In</strong></span> <span class='ocrx_word' id='word_1_597' title='bbox 606 5006 770 5062; x_wconf 78' lang='lat' dir='ltr'><strong>Gesn.</strong></span> <span class='ocrx_word' id='word_1_598' title='bbox 820 5008 972 5064; x_wconf 88' lang='lat' dir='ltr'><strong>Stob.</strong></span> <span class='ocrx_word' id='word_1_599' title='bbox 1023 5010 1149 5066; x_wconf 78' lang='grc'>266.</span> 
     </span>
    </p>
   </div>
   <div class='ocr_carea' id='block_1_97' title="bbox 2039 4854 2302 4929">
    <p class='ocr_par' dir='ltr' id='par_1_97' title="bbox 2039 4854 2302 4929">
     <span class='ocr_line' id='line_1_97' title="bbox 2039 4854 2302 4929; baseline 0.011 -22"><span class='ocrx_word' id='word_1_600' title='bbox 2039 4855 2097 4908; x_wconf 74' lang='grc' dir='ltr'>οὗ</span> <span class='ocrx_word' id='word_1_601' title='bbox 2108 4854 2302 4929; x_wconf 83' lang='grc' dir='ltr'>ρανῶν.</span> 
     </span>
    </p>
   </div>
   <div class='ocr_carea' id='block_1_98' title="bbox 1860 5162 2084 5240">
    <p class='ocr_par' dir='ltr' id='par_1_98' title="bbox 1860 5162 2084 5240">
     <span class='ocr_line' id='line_1_98' title="bbox 1860 5162 2084 5240; baseline 0.013 -21"><span class='ocrx_word' id='word_1_602' title='bbox 1860 5162 2084 5240; x_wconf 62' lang='lat' dir='ltr'><strong>Now.</strong></span> 
     </span>
    </p>
   </div>
   <div class='ocr_carea' id='block_1_99' title="bbox 399 5258 1973 5358">
    <p class='ocr_par' dir='ltr' id='par_1_99' title="bbox 399 5258 1973 5358">
     <span class='ocr_line' id='line_1_99' title="bbox 399 5258 1973 5358; baseline 0.013 -27"><span class='ocrx_word' id='word_1_603' title='bbox 399 5258 501 5348; x_wconf 45' lang='lat' dir='ltr'>:(r)</span> <span class='ocrx_word' id='word_1_604' title='bbox 535 5280 675 5358; x_wconf 64' lang='lat' dir='ltr'><strong>nep:</strong></span> <span class='ocrx_word' id='word_1_605' title='bbox 704 5280 957 5358; x_wconf 72' lang='grc' dir='ltr'>διδαχῆς</span> <span class='ocrx_word' id='word_1_606' title='bbox 987 5285 1086 5340; x_wconf 80' lang='grc' dir='ltr'><strong>και</strong></span> <span class='ocrx_word' id='word_1_607' title='bbox 1135 5288 1352 5358; x_wconf 71' lang='grc' dir='ltr'>λόγων.</span> <span class='ocrx_word' id='word_1_608' title='bbox 1402 5289 1568 5345; x_wconf 84' lang='lat' dir='ltr'><strong>Addit</strong></span> <span class='ocrx_word' id='word_1_609' title='bbox 1606 5292 1771 5348; x_wconf 83' lang='lat' dir='ltr'><strong>Gesn.</strong></span> <span class='ocrx_word' id='word_1_610' title='bbox 1818 5296 1973 5352; x_wconf 88' lang='lat' dir='ltr'><strong>sive.</strong></span> 
     </span>
    </p>
   </div>
   <div class='ocr_carea' id='block_1_100' title="bbox 359 5346 1933 5433">
    <p class='ocr_par' dir='ltr' id='par_1_100' title="bbox 359 5346 1933 5433">
     <span class='ocr_line' id='line_1_100' title="bbox 359 5346 1933 5433; baseline 0.011 -31"><span class='ocrx_word' id='word_1_611' title='bbox 359 5346 651 5433; x_wconf 48' lang='lat' dir='ltr'><strong>Amullius,</strong></span> <span class='ocrx_word' id='word_1_612' title='bbox 674 5352 772 5433; x_wconf 47' lang='grc' dir='ltr'>’θεαὶ</span> <span class='ocrx_word' id='word_1_613' title='bbox 801 5346 1043 5433; x_wconf 48' lang='lat' dir='ltr'><strong>outline,</strong></span> <span class='ocrx_word' id='word_1_614' title='bbox 1072 5346 1232 5433; x_wconf 46' lang='lat' dir='ltr'><strong>quod.</strong></span> <span class='ocrx_word' id='word_1_615' title='bbox 1256 5358 1328 5414; x_wconf 90' lang='lat' dir='ltr'><strong>sit</strong></span> <span class='ocrx_word' id='word_1_616' title='bbox 1356 5346 1651 5433; x_wconf 76' lang='lat' dir='ltr'><strong>explicatio</strong></span> <span class='ocrx_word' id='word_1_617' title='bbox 1664 5346 1933 5433; x_wconf 67' lang='lat' dir='ltr'><strong>superio:</strong></span> 
     </span>
    </p>
   </div>
   <div class='ocr_carea' id='block_1_101' title="bbox 361 5417 1936 5509">
    <p class='ocr_par' dir='ltr' id='par_1_101' title="bbox 361 5417 1936 5509">
     <span class='ocr_line' id='line_1_101' title="bbox 361 5417 1936 5509; baseline 0.012 -39"><span class='ocrx_word' id='word_1_618' title='bbox 361 5417 438 5509; x_wconf 67' lang='lat' dir='ltr'><strong>ris</strong></span> <span class='ocrx_word' id='word_1_619' title='bbox 466 5421 637 5474; x_wconf 87' lang='lat' dir='ltr'><strong>vocis.</strong></span> <span class='ocrx_word' id='word_1_620' title='bbox 669 5417 845 5502; x_wconf 68' lang='lat' dir='ltr'><strong>Quasi</strong></span> <span class='ocrx_word' id='word_1_621' title='bbox 859 5422 927 5477; x_wconf 91' lang='lat' dir='ltr'><strong>de</strong></span> <span class='ocrx_word' id='word_1_622' title='bbox 966 5417 1234 5509; x_wconf 61' lang='lat' dir='ltr'><strong>doctrina,</strong></span> <span class='ocrx_word' id='word_1_623' title='bbox 1273 5417 1706 5509; x_wconf 43' lang='grc' dir='ltr'><strong>(ψωθίοωίὶὶπί</strong></span> <span class='ocrx_word' id='word_1_624' title='bbox 1727 5417 1936 5509; x_wconf 46' lang='lat' dir='ltr'><strong>allocu-</strong></span> 
     </span>
    </p>
   </div>
   <div class='ocr_carea' id='block_1_102' title="bbox 362 5485 1932 5569">
    <p class='ocr_par' dir='ltr' id='par_1_102' title="bbox 362 5485 1932 5569">
     <span class='ocr_line' id='line_1_102' title="bbox 362 5485 1932 5569; baseline 0.013 -32"><span class='ocrx_word' id='word_1_625' title='bbox 362 5485 943 5569; x_wconf 55' lang='lat' dir='ltr'><strong>tioiteac.t13ctatione</strong></span> <span class='ocrx_word' id='word_1_626' title='bbox 976 5485 1258 5560; x_wconf 62' lang='lat' dir='ltr'><strong>tradatur;</strong></span> <span class='ocrx_word' id='word_1_627' title='bbox 1291 5485 1478 5569; x_wconf 20' lang='lat' dir='ltr'><strong>iniqua</strong></span> <span class='ocrx_word' id='word_1_628' title='bbox 1506 5485 1703 5558; x_wconf 11' lang='lat' dir='ltr'><strong>tantus,</strong></span> <span class='ocrx_word' id='word_1_629' title='bbox 1730 5485 1932 5558; x_wconf 66' lang='lat' dir='ltr'><strong>enituit</strong></span> 
     </span>
    </p>
   </div>
   <div class='ocr_carea' id='block_1_103' title="bbox 361 5551 1933 5640">
    <p class='ocr_par' dir='ltr' id='par_1_103' title="bbox 361 5551 1933 5640">
     <span class='ocr_line' id='line_1_103' title="bbox 361 5551 1933 5640; baseline 0.013 -32"><span class='ocrx_word' id='word_1_630' title='bbox 361 5551 809 5629; x_wconf 53' lang='lat' dir='ltr'><strong>Chrysostﬁnus,</strong></span> <span class='ocrx_word' id='word_1_631' title='bbox 841 5561 1043 5632; x_wconf 84' lang='lat' dir='ltr'><strong>illoque</strong></span> <span class='ocrx_word' id='word_1_632' title='bbox 1071 5551 1933 5640; x_wconf 32' lang='lat' dir='ltr'><strong>superior&#39;Gjregorius&#39;The-olo:</strong></span> 
     </span>
    </p>
   </div>
   <div class='ocr_carea' id='block_1_104' title="bbox 2038 5299 3614 5377">
    <p class='ocr_par' dir='ltr' id='par_1_104' title="bbox 2038 5299 3614 5377">
     <span class='ocr_line' id='line_1_104' title="bbox 2038 5299 3614 5377; baseline 0.007 -26"><span class='ocrx_word' id='word_1_633' title='bbox 2038 5314 2158 5369; x_wconf 78' lang='lat' dir='ltr'><strong>gas,</strong></span> <span class='ocrx_word' id='word_1_634' title='bbox 2179 5300 2346 5377; x_wconf 59' lang='lat' dir='ltr'><strong>cuius</strong></span> <span class='ocrx_word' id='word_1_635' title='bbox 2375 5299 2596 5377; x_wconf 74' lang='lat' dir='ltr'><strong>auditor</strong></span> <span class='ocrx_word' id='word_1_636' title='bbox 2618 5301 2722 5377; x_wconf 79' lang='lat' dir='ltr'><strong>fuit</strong></span> <span class='ocrx_word' id='word_1_637' title='bbox 2752 5303 3141 5377; x_wconf 81' lang='lat' dir='ltr'><strong>Hieronymus.</strong></span> <span class='ocrx_word' id='word_1_638' title='bbox 3163 5306 3286 5364; x_wconf 86' lang='lat' dir='ltr'><strong>Non</strong></span> <span class='ocrx_word' id='word_1_639' title='bbox 3329 5309 3471 5364; x_wconf 86' lang='lat' dir='ltr'><strong>bene</strong></span> <span class='ocrx_word' id='word_1_640' title='bbox 3510 5308 3614 5362; x_wconf 86' lang='lat' dir='ltr'><strong>ita-</strong></span> 
     </span>
    </p>
   </div>
   <div class='ocr_carea' id='block_1_105' title="bbox 2037 5369 3614 5446">
    <p class='ocr_par' dir='ltr' id='par_1_105' title="bbox 2037 5369 3614 5446">
     <span class='ocr_line' id='line_1_105' title="bbox 2037 5369 3614 5446; baseline 0.005 -25"><span class='ocrx_word' id='word_1_641' title='bbox 2037 5384 2144 5437; x_wconf 87' lang='lat' dir='ltr'><strong>que</strong></span> <span class='ocrx_word' id='word_1_642' title='bbox 2173 5369 2473 5446; x_wconf 76' lang='lat' dir='ltr'><strong>Gesnerus,</strong></span> <span class='ocrx_word' id='word_1_643' title='bbox 2500 5370 2581 5446; x_wconf 61' lang='grc' dir='ltr'>με</span> <span class='ocrx_word' id='word_1_644' title='bbox 2612 5372 2856 5446; x_wconf 72' lang='lat' dir='ltr'><strong>doctrina</strong></span> <span class='ocrx_word' id='word_1_645' title='bbox 2896 5369 3014 5446; x_wconf 48' lang='lat' dir='ltr'><strong>qu’az</strong></span> <span class='ocrx_word' id='word_1_646' title='bbox 3047 5386 3164 5431; x_wconf 80' lang='lat' dir='ltr'><strong>tum</strong></span> <span class='ocrx_word' id='word_1_647' title='bbox 3207 5394 3449 5433; x_wconf 74' lang='lat' dir='ltr'><strong>sermone</strong></span> <span class='ocrx_word' id='word_1_648' title='bbox 3503 5386 3614 5431; x_wconf 80' lang='lat' dir='ltr'><strong>tum</strong></span> 
     </span>
    </p>
   </div>
   <div class='ocr_carea' id='block_1_106' title="bbox 2037 5441 3611 5526">
    <p class='ocr_par' dir='ltr' id='par_1_106' title="bbox 2037 5441 3611 5526">
     <span class='ocr_line' id='line_1_106' title="bbox 2037 5441 3611 5526; baseline 0.011 -35"><span class='ocrx_word' id='word_1_649' title='bbox 2037 5441 2428 5526; x_wconf 53' lang='lat' dir='ltr'><strong>conversatione</strong></span> <span class='ocrx_word' id='word_1_650' title='bbox 2464 5441 2563 5526; x_wconf 42' lang='lat' dir='ltr'><strong>sit),</strong></span> <span class='ocrx_word' id='word_1_651' title='bbox 2596 5456 2659 5496; x_wconf 89' lang='lat' dir='ltr'><strong>ac</strong></span> <span class='ocrx_word' id='word_1_652' title='bbox 2685 5444 2731 5497; x_wconf 89' lang='lat' dir='ltr'><strong>si</strong></span> <span class='ocrx_word' id='word_1_653' title='bbox 2762 5441 3034 5526; x_wconf 65' lang='grc' dir='ltr'>πολιτείας</span> <span class='ocrx_word' id='word_1_654' title='bbox 3048 5457 3200 5526; x_wconf 79' lang='lat' dir='ltr'><strong>esset</strong></span> <span class='ocrx_word' id='word_1_655' title='bbox 3228 5450 3351 5503; x_wconf 92' lang='lat' dir='ltr'><strong>loco</strong></span> <span class='ocrx_word' id='word_1_656' title='bbox 3371 5445 3611 5526; x_wconf 45' lang='lat' dir='ltr'><strong>bitt-Mago</strong></span> 
     </span>
    </p>
   </div>
   <div class='ocr_carea' id='block_1_107' title="bbox 2036 5508 3617 5595">
    <p class='ocr_par' dir='ltr' id='par_1_107' title="bbox 2036 5508 3617 5595">
     <span class='ocr_line' id='line_1_107' title="bbox 2036 5508 3617 5595; baseline 0.006 -35"><span class='ocrx_word' id='word_1_657' title='bbox 2036 5508 2118 5595; x_wconf 59' lang='lat' dir='ltr'><strong>vel</strong></span> <span class='ocrx_word' id='word_1_658' title='bbox 2143 5518 2331 5590; x_wconf 78' lang='lat' dir='ltr'><strong>essent</strong></span> <span class='ocrx_word' id='word_1_659' title='bbox 2353 5509 2491 5595; x_wconf 37' lang='lat' dir='ltr'><strong>haec,</strong></span> <span class='ocrx_word' id='word_1_660' title='bbox 2514 5509 2625 5564; x_wconf 91' lang='lat' dir='ltr'><strong>duo</strong></span> <span class='ocrx_word' id='word_1_661' title='bbox 2686 5519 2932 5568; x_wconf 87' lang='lat' dir='ltr'><strong>membra</strong></span> <span class='ocrx_word' id='word_1_662' title='bbox 2962 5519 3221 5595; x_wconf 77' lang='lat' dir='ltr'><strong>opposita</strong></span> <span class='ocrx_word' id='word_1_663' title='bbox 3268 5533 3333 5574; x_wconf 89' lang='lat' dir='ltr'><strong>ac</strong></span> <span class='ocrx_word' id='word_1_664' title='bbox 3367 5508 3617 5573; x_wconf 48' lang='lat' dir='ltr'><strong>subdivis-</strong></span> 
     </span>
    </p>
   </div>
   <div class='ocr_carea' id='block_1_108' title="bbox 2036 5576 2978 5651">
    <p class='ocr_par' dir='ltr' id='par_1_108' title="bbox 2036 5576 2978 5651">
     <span class='ocr_line' id='line_1_108' title="bbox 2036 5576 2978 5651; baseline 0.011 -22"><span class='ocrx_word' id='word_1_665' title='bbox 2036 5576 2219 5633; x_wconf 88' lang='lat' dir='ltr'><strong>dentia</strong></span> <span class='ocrx_word' id='word_1_666' title='bbox 2246 5595 2259 5645; x_wconf 91' lang='lat'><strong>;</strong></span> <span class='ocrx_word' id='word_1_667' title='bbox 2299 5579 2444 5650; x_wconf 92' lang='lat' dir='ltr'><strong>quod</strong></span> <span class='ocrx_word' id='word_1_668' title='bbox 2476 5579 2637 5651; x_wconf 85' lang='lat' dir='ltr'><strong>longe</strong></span> <span class='ocrx_word' id='word_1_669' title='bbox 2665 5597 2694 5635; x_wconf 87' lang='lat' dir='ltr'><strong>a</strong></span> <span class='ocrx_word' id='word_1_670' title='bbox 2720 5598 2852 5638; x_wconf 86' lang='lat' dir='ltr'><strong>vero</strong></span> <span class='ocrx_word' id='word_1_671' title='bbox 2875 5595 2978 5639; x_wconf 90' lang='lat' dir='ltr'><strong>est.</strong></span> 
     </span>
    </p>
   </div>
  </div>
