3990 6176
311 246 410 311 817

1615 253 1783 313 LOCl
1825 251 2260 314 COMMUNES.

3418 260 3561 325 '818

310 356 450 416 εἶναι
500 357 594 411 τοῦ
655 358 1006 421 πεπτωκότος
1069 360 1284 423 πάντως
1333 358 1586 428 ὀφείλει·
1640 363 1668 414 ὁ
1718 361 1776 414 δὲ
1823 361 1874 425 ἐξ

2003 363 2231 418 ιιιίοτριη
2271 376 2389 416 esse
2423 364 2649 418 omnino
2676 379 2899 420 necesse
2928 373 3011 421 est
3045 384 3058 420 :
3085 367 3170 422 sin
3203 375 3385 424 autem
3416 372 3564 440 pari-

311 447 424 502 τσου
480 448 804 503 καταπεσὼν
833 489 850 513 ,
915 449 1102 520 ἑτέρου
1171 439 1266 504 καῖ
1340 451 1502 512 αὐτὸς
1559 451 1884 515 άνιστῶντος

305 542 502 594 δεῖται.

378 635 547 686 Θεολ.
579 659 652 672 -
674 633 828 702 Μήτε
866 631 926 685 τὸ
951 632 1150 700 ἀλγεῖν·
1169 626 1626 704 ἀπαραμύθητον,
1661 637 1798 705 μήτε
1822 636 1882 688 τὸ

305 719 364 778 εὖ
387 725 650 794 πράττειν
675 722 1156 792 άπαιδαγώγητον.

373 818 673 883 Χρυσοστ.
713 843 780 855 —-
813 815 906 882 Μὴ
952 815 1144 880 ἄλλους
1204 817 1472 888 ἰατρεύειν
1517 818 1880 889 ἐπιχειρήσω-

313 924 432 976 μεν.
477 906 634 958 αὐτοὶ
685 905 937 975 βρύοντες
982 906 1220 960 ἕλκεσιν.

375 995 653 1067 Συμφέρει
704 996 993 1051 δάκνεσθαι
1025 997 1112 1051 διὰ
1154 998 1251 1068 τῆς
1279 998 1388 1050 τῶν
1414 1001 1676 1071 ῥημάτων
1712 1000 1881 1072 ἀλγη-

305 1089 450 1151 δόνος
476 1088 602 1150 τοὺς
631 1089 1063 1158 ἁμαρτάνοντας,
1095 1089 1183 1143 ἵνα
1221 1090 1320 1158 τῆς
1358 1090 1447 1144 διὰ
1485 1091 1592 1144 τῶν
1622 1094 1883 1163 πραγμά-

304 1196 413 1232 των
451 1178 839 1248 ἀσχημοσύνης
864 1179 1274 1248 ἀπαλλαγῶσιν.

377 1271 468 1338 Μὴ
517 1271 599 1322 δεῖ
644 1270 974 1340 βαρύνεσθαι
1021 1270 1120 1342 τὴν
1167 1273 1513 1336 παραίνεσιν.
1542 1276 1604 1328 Εἰ
1634 1275 1742 1346 γὰρ
1783 1274 1881 1344 βα-

306 1360 558 1432 ρύνεσθαι
607 1361 732 1426 ἔδει,
789 1361 890 1432 ἐμὲ
946 1361 1056 1416 ἔδει
1104 1364 1197 1416 τὸν
1240 1364 1500 1430 πολλάκις
1529 1366 1754 1435 λέγοντα
1786 1366 1880 1421 καὶ⁵

300 1453 400 1507 οὐκ
430 1452 780 1523 ἀκουόμενον·
809 1454 908 1523 οὐχ
949 1455 1112 1526 ὑμᾶς,
1147 1456 1274 1520 τοὺς
1310 1458 1397 1512 ἀεὶ
1439 1458 1538 1530 μὲν
1563 1457 1876 1523 ἀκούοντας,

298 1547 388 1598 ἀεὶ
416 1546 470 1598 δὲ
501 1545 936 1617 παρακούοντας.

382 1639 665 1705 Ἀριστοτ.
691 1670 758 1679 -
780 1639 871 1711 Μὴ
908 1639 1127 1696 ἔλαττον
1160 1641 1293 1712 ἡγοῦ
1322 1641 1414 1695 τοῦ
1451 1641 1789 1696 ἐπαινεῖσθαι
1821 1641 1878 1694 τὸ

295 1729 692 1785 νουθετεῖσθαι.

369 1819 672 1889 Διογένης.
709 1851 778 1861 --
807 1821 1021 1894 Νεκρδν
1055 1823 1324 1896 ἰατρεύειν
1357 1825 1455 1879 καὶ
1487 1825 1721 1896 γέροντα
1751 1843 1876 1878 νου-

295 1910 492 1977 θετεῖν,
522 1913 718 1965 ταυτόν
759 1914 931 1967 ἐστιν.

367 2003 628 2069 Δημοσθ.
674 2004 1084 2076 Πυνθανομένου
1123 2007 1287 2069 τινὸς,
1325 2007 1442 2071 πῶς
1484 2007 1550 2062 ἄν
1573 2025 1654 2071 τις
1684 2005 1875 2060 ἑαυτοῦ

296 2090 620 2156 διδάσκαλος
651 2096 900 2164 γένηται,
925 2095 1095 2168 Εἴπερ
1139 2090 1214 2149 ὧν
1247 2099 1477 2169 ἐπιτιμᾷ
1528 2101 1641 2161 τοῖς
1674 2099 1873 2161 ἄλλοις,

298 2179 428 2254 ἔφη,
457 2183 552 2237 καὶ
582 2185 757 2256 ἐαυτῷ
789 2186 1060 2259 ὲπιτιμῴη
1097 2188 1352 2258 μάλιστα.

368 2354 703 2424 Δημητρίου
754 2361 1088 2428 Φαληρέως.
1124 2392 1192 2403 -
1229 2363 1297 2414 ’Ἀ
1342 2361 1450 2432 γάρ
1501 2363 1547 2414 οἰ
1584 2361 1726 2431 φίλοι
1765 2365 1876 2426 τοῖς

302 2442 681 2512 βασιλεύουσιν
714 2449 775 2501 ού
816 2448 1077 2519 θαρροῦσι
1104 2453 1414 2522 παραινεῖν,
1446 2449 1620 2503 ταῦτα
1664 2452 1722 2503 ὲν
1763 2453 1876 2513 τοῖς

305 2534 527 2603 βιϐλίοις
563 2539 897 2608 γέγραπται.

375 2624 584 2696 Ὠσπερ
613 2627 673 2679 τὸ
703 2628 827 2698 μέλι
852 2630 920 2682 τὰ
945 2630 1237 2700 ἡλκωμένα
1282 2632 1487 2697 δάκνει,
1513 2635 1622 2695 τοῖς
1652 2633 1707 2685 δὲ
1733 2630 1874 2684 κατὰ

304 2714 468 2784 φύσιν
507 2718 602 2788 ἡδύ
633 2721 801 2774 ἐστιν·
833 2720 977 2776 οὕτω
1007 2724 1102 2776 καὶ
1136 2726 1187 2776 οἰ
1239 2726 1303 2778 ὲκ
1337 2725 1656 2796 φιλοσοφίας
1703 2724 1871 2794 λόγοι.

958 2903 1229 2972 Εὐριπίὸ.

371 2989 684 3067 ’ξᾼπαντξς-
711 2992 898 3060 ἐσμεν
935 2996 1024 3067 εἰς
1071 2996 1136 3049 τὸ
1186 2997 1491 3051 νουθετεῖν
1528 2994 1730 3067 σοφοί.

366 3061 549 3114 Αὐτοὶ
569 3061 620 3113 δ’
650 3061 797 3114 ὅταν
817 3063 1097 3132 ποιῶμεν,
1127 3068 1199 3120 οὐ
1227 3061 1620 3136 γινώσκομεν.

357 3171 584 3224 Αἰσώπ.
634 3202 703 3212 -—
745 3173 997 3238 Αἴσωπος
1068 3175 1169 3246 ἔφη
1200 3216 1214 3240 ,
1261 3176 1352 3228 δύο
1415 3178 1596 3249 πήρας
1640 3178 1871 3241 ἕκαστος

295 3259 455 3331 ἡμῶν
490 3261 694 3332 φέρειν·
741 3263 841 3333 τὴν
874 3263 990 3333 μὲν,
1026 3264 1356 3336 ἔμπροσθεν·
1385 3267 1482 3338 τὴν
1514 3269 1591 3332 δὲ,
1622 3268 1865 3322 ὄπισθεν·

295 3353 392 3405 καὶ
422 3354 502 3416 εἰς
549 3353 647 3423 μὲν
681 3354 780 3425 τὴν
809 3353 1139 3425 ἔμπροσθεν,
1173 3358 1490 3412 ἁποτιθέναι
1532 3360 1598 3414 τὰ
1630 3362 1739 3414 τῶν
1777 3361 1871 3414 ἄλ-

293 3443 403 3495 λων
427 3445 644 3513 άμαρτή
656 3460 822 3514 ματα·
861 3446 940 3509 εἰς
964 3446 1138 3517 δὲτὴν
1165 3447 1408 3512 ὄπισθεν,
1428 3449 1496 3503 τὰ
1527 3449 1759 3504 ἑαυτῶν·
1790 3451 1871 3504 διὸ

294 3532 417 3585 οὔτε
445 3533 768 3605 καθορῶμεν
802 3537 964 3590 αὐτά.

379 3624 745 3692 Ἰσοκράτ.-
765 3626 971 3696 Μηδενὶ
1000 3629 1221 3700 πονηρῷ
1250 3631 1536 3701 πράγματι
1567 3634 1703 3702 μήτε
1729 3651 1868 3704 παρ-

223 3700 228 3704 ’
297 3711 485 3765 ἰστασο
520 3753 535 3777 ,
596 3716 736 3784 μήτε
792 3716 1117 3787 συνηγόρει·
1186 3718 1360 3782 δόξεις
1404 3700 1513 3790 γὰρ
1560 3700 1654 3773 icui.
1705 3700 1871 3785 αὐτος

293 3806 515 3859 τοιαῦτα
540 3807 822 3877 πράττειν,
857 3810 905 3862 εἰ
943 3811 1056 3872 τοῖς
1091 3809 1274 3873 ἄλλοις
1297 3811 1596 3882 πράττουσι
1632 3813 1866 3885 βοηθεῖς.

381 3979 754 4048 Ἐπικτήτου.
773 4014 842 4024 -
864 3984 967 4037 Τὸν
993 3986 1347 4042 νουθετοῦντα
1393 3990 1476 4042 δεῖ
1522 3989 1741 4061 πρῶτον
1769 3991 1870 4060 τῆς

293 4065 404 4118 τῶν
440 4068 876 4139 νουθετουμένων
915 4073 1097 4137 αἰδοῦς
1140 4092 1197 4128 τε
1243 4078 1336 4130 καὶ
1383 4078 1647 4149 αἰσχύνης
1676 4081 1871 4149 ἐπιμε-

295 4154 526 4210 λεῖσθαι·
570 4159 618 4210 οἰ
643 4159 748 4231 γὰρ
773 4163 1276 4234 ἀπερυθριάσαντες
1307 4167 1650 4240 ἀδιόρθωτοι.

1911 1693 1952 1750 Β
1979 1707 2216 1762 laudari.

1895 3027 1942 3091 (Ξ

1990 461 2073 507 ter
2100 454 2377 524 collapsus
2403 460 2508 516 est,
2535 454 2642 508 alio
2676 464 2730 509 et
2759 455 2875 525 ipse
2910 458 3000 526 qui
3029 459 3223 528 erigat,
3261 460 3489 532 indiget.

2055 630 2407 701 Theologi.—
2441 632 2550 686 Nec
2599 634 2819 688 tristitia
2877 651 2940 690 ac
3001 636 3159 692 dolor
3205 642 3354 693 omni
3406 652 3561 698 vacat

1984 721 2379 786 consolatione,
2406 739 2510 777 nec
2540 738 2720 777 rerum
2745 720 3084 794 prosperitas
3113 732 3489 800 castigatione.

2056 810 2212 879 581
2249 811 2512 882 Chrysost.
2537 814 2706 866 —Ne
2740 815 2864 869 aliis
2901 819 3109 873 mederi
3142 828 3436 888 tentemus,
3465 823 3557 892 qui

1985 897 2085 966 ipsi
2123 898 2402 952 ulceribus
2425 899 2752 956 seateamus.

2059 988 2200 1042 Utile
2249 999 2332 1044 est
2383 1001 2674 1059 peccantes
2722 993 3018 1050 verborum
3067 999 3364 1055 acrimonia
3414 1018 3559 1055 mor-

1982 1077 2123 1143 deri,
2153 1088 2212 1132 ut
2239 1080 2352 1148 ipsa
2379 1097 2560 1135 rerum
2593 1082 2937 1152 turpitudine
2970 1088 3182 1155 possint
3206 1089 3450 1145 liberari.

2051 1254 2169 1309 Non
2206 1271 2348 1326 azgre
2393 1256 2632 1312 ferenda:
2663 1267 2790 1314 sunt
2833 1261 3261 1319 admonitiones.
3311 1264 3366 1319 Si
3412 1266 3560 1320 enim

1980 1361 2122 1416 mgre
2158 1346 2400 1401 ferendae
2440 1359 2644 1413 essent,
2674 1367 2760 1406 me
2787 1369 2887 1422 par
2915 1364 3062 1410 esset
3089 1369 3230 1424 aegre
3270 1354 3438 1415 ferre.
3463 1359 3558 1426 qui

1981 1451 2124 1505 saepe
2154 1437 2354 1502 dicam,
2390 1446 2446 1491 et
2491 1453 2598 1492 non
2632 1441 2858 1506 audiar;
2896 1458 3008 1500 non
3047 1459 3164 1512 vos,
3208 1446 3302 1515 qui
3341 1461 3562 1515 semper

1981 1525 2236 1589 audiatis,
2275 1527 2367 1580 sed
2405 1543 2682 1596 nunquam
2715 1529 3046 1586 obaudiatis.
3167 1594 3173 1600 _

2051 1617 2575 1672 Aristotel.—Nibil
2620 1621 2802 1674 minus
2847 1622 3099 1678 existima
3141 1624 3342 1694 corripi
3395 1641 3556 1695 quam

2045 1799 2264 1869 Diogen.
2287 1831 2356 1838 —
2377 1800 2649 1857 Mortuum
2686 1817 2903 1868 sanare,
2933 1811 2988 1858 et
3022 1818 3210 1859 senem
3248 1803 3552 1875 corripere,

1976 1887 2123 1944 idem
2164 1890 2350 1946 fuerit.

2046 1981 2753 2037 Demost.-—Percontante
2781 1983 3019 2052 quodam
3068 2000 3177 2054 quo
3223 1987 3348 2056 quis
3393 1987 3557 2041 modo

1975 2071 2081 2126 sibi
2129 2072 2244 2142 ipse
2277 2082 2584 2142 prarceptor
2626 2075 2865 2128 evaserit
2911 2074 3027 2140 :Si,
3078 2077 3278 2145 inquit,
3329 2094 3448 2148 quae
3503 2080 3554 2132 in

1975 2161 2098 2215 aliis
2158 2164 2533 2232 reprehendit,
2588 2164 2644 2217 in
2701 2179 2759 2219 se
2799 2180 3018 2235 quoque
3080 2167 3312 2223 maxime
3373 2184 3559 2239 repre-

1976 2254 2200 2308 hendaL

2046 2345 2341 2399 Demetrius
2370 2345 2640 2402 Plialeres.
2665 2379 2735 2388 —
2757 2350 2832 2404 Ea
2869 2350 3014 2404 enim
3054 2350 3122 2406 de
3156 2351 3360 2422 quibus
3392 2353 3554 2411 amici

1975 2453 2131 2508 reges
2167 2437 2465 2493 admonere
2512 2455 2622 2494 non
2667 2441 2894 2508 audent,
2944 2443 2998 2496 in
3044 2443 3204 2498 libris
3238 2447 3444 2515 scripta
3475 2446 3556 2517 ja-

1974 2537 2123 2582 cent.

2044 2615 2514 2680 Quemadmodum
2551 2617 2657 2671 mel
2693 2620 3035 2676 exulceratas
3083 2631 3270 2692 partes
3316 2624 3552 2690 mordet,

1975 2707 2122 2760 sanis
2152 2716 2335 2761 autem
2369 2723 2538 2762 suave
2585 2717 2670 2762 est
2702 2725 2716 2762 :
2744 2709 2825 2766 sic
2861 2719 2918 2766 et
2948 2712 3310 2784 philosophia:
3343 2732 3553 2772 sermo-

1973 2811 2072 2850 nes
2108 2811 2171 2850 ac
2214 2796 2564 2852 documenta.

2635 2889 2882 2962 Euripid.

2115 2980 2305 3053 anes
2334 2983 2595 3051 sapientes
2621 2999 2801 3053 sumus
2824 2991 2880 3036 ut
2906 2985 3277 3053 corripiamus.

2113 3050 2220 3104 Nos
2247 3067 2364 3103 vero
2389 3050 2504 3104 eum
2535 3052 2830 3120 fecerimus,
2859 3070 2962 3106 non
2991 3050 3342 3125 agnoscimus.

2040 3163 2221 3234 ίΕεορ.
2250 3162 2536 3218 —Aiebat
2580 3163 2815 3234 IEsopus
2870 3165 3074 3222 habere
3122 3168 3366 3239 singulos
3414 3169 3552 3226 duas

1970 3268 2152 3322 peras,
2189 3254 2417 3308 alteram
2461 3261 2610 3319 ante,
2649 3255 2880 3309 alteram
2929 3263 3106 3324 retro;
3133 3273 3198 3313 ac
3227 3259 3452 3328 quidem
3494 3260 3551 3315 in

1971 3344 2234 3414 anteriori
2275 3359 2544 3414 reponere
2597 3345 2834 3400 aliorum
2880 3346 3112 3413 delicta,
3159 3348 3214 3403 in
3258 3351 3553 3419 posteriori

1968 3450 2124 3500 vero,
2160 3450 2298 3489 sua:
2330 3442 2493 3504 atque
2524 3449 2645 3488 eam
2689 3435 2759 3490 ob
2787 3451 2926 3502 rem,
2962 3452 3068 3492 nec
3106 3439 3323 3495 oculate
3361 3455 3424 3494 ea
3465 3441 3550 3494 vi-

1970 3524 2185 3580 demus.

2041 3613 2310 3667 Isocratis.
2334 3644 2402 3662 -π-
2421 3612 2568 3668 Nulli
2598 3613 2754 3668 mala:
2786 3613 2864 3668 rei
2893 3621 2987 3669 aut
3018 3617 3365 3686 praesentiam
3391 3619 3548 3673 exhi-

1970 3702 2122 3766 beas,
2157 3709 2252 3755 aut
2293 3701 2532 3756 favorem
2572 3701 2816 3770 praebeas
2862 3710 3028 3771 atque
3068 3703 3346 3760 defendas.
3382 3707 3550 3762 Vide-

1971 3793 2118 3848 beris
2142 3792 2290 3846 enim
2317 3792 2432 3862 ipse
2468 3791 2595 3846 talia
2623 3805 2805 3863 agere,
2834 3791 2880 3847 si
2918 3793 3042 3848 aliis
3080 3794 3174 3864 qui
3203 3805 3365 3865 agant
3390 3798 3548 3852 auxi-

1970 3884 2045 3939 lio
2089 3883 2300 3940 fueris.
2328 3949 2338 3958 .

2031 3975 2290 4046 “Epicteti.
2315 3973 2507 4041 ——Qui
2537 3974 2608 4030 sit
2637 3981 3016 4046 correpturos,
3056 3975 3110 4031 id
3141 3975 3196 4030 in
3226 3976 3419 4046 primis
3449 3993 3549 4033 cu-

1970 4082 2091 4121 rare
2119 4066 2307 4130 debet,
2337 4073 2398 4119 ut
2437 4081 2630 4120 eorum
2671 4066 2768 4136 qui
2805 4066 2918 4120 sint
2960 4067 3317 4136 corripiendi,
3350 4070 3547 4137 pudori

1970 4172 2034 4212 ac
2060 4157 2408 4212 verecundia:
2450 4157 2724 4212 consulat.
2767 4156 2871 4222 Qui
2899 4157 3048 4212 enim
3082 4158 3249 4213 semel
3280 4160 3549 4228 pudorem

1970 4249 2276 4313 amiserint,
2305 4249 2456 4302 nullo
2484 4249 2648 4303 modo
2673 4247 2954 4302 emendari
2985 4259 3238 4318 possunt.

365 4312 630 4408 Κρείττον
658 4341 719 4393 τὸ
749 4343 1022 4398 νουθετεῖν
1049 4345 1142 4400 τοῦ
1185 4347 1482 4413 ὀνειδίζειν·
1511 4349 1571 4402 τὸ
1600 4349 1700 4418 μὲν
1728 4348 1858 4418 γὰρ,

2037 4339 2263 4393 Praestat
2287 4339 2583 4393 admonere
2607 4353 2672 4392 ac
2695 4339 2997 4407 corripere,
3022 4355 3186 4410 quam
3211 4342 3548 4410 exprobrare
3629 4400 3643 4412 ,

293 4429 454 4496 ἦπιόν
490 4448 548 4484 τε
565 4433 677 4490 ,καὶ
711 4433 882 4501 φίλον·
915 4435 977 4489 τὸ
1018 4437 1094 4496 δὲ,
1129 4438 1360 4512 σκληρὸν
1397 4441 1494 4493 καὶ
1529 4440 1866 4510 ὑϐριστικόν·

1966 4444 2029 4484 ac
2059 4428 2402 4484 conviciari:
2429 4426 2566 4482 illud
2602 4428 2752 4483 enim
2794 4429 3038 4485 lenitatis
3075 4441 3131 4486 et
3153 4431 3409 4484 amicitia:
3434 4433 3548 4500 ple-

297 4523 391 4574 καὶ
413 4523 472 4576 τὸ
499 4524 600 4593 μὲν
624 4525 832 4597 διορθοῖ
869 4526 996 4590 τοὺς
1023 4528 1462 4598 ἁμαρτάνοντας,
1500 4529 1562 4583 τὸ
1594 4529 1672 4597 δὲ,
1708 4531 1868 4600 μόνον

2008 4534 2098 4579 um
2142 4527 2246 4583 est,
2292 4518 2402 4573 hoc
2440 4534 2574 4573 vero
2617 4519 2878 4574 acerbum
2920 4529 2976 4575 et
3021 4521 3486 4575 contumeliosum
3529 4539 3542 4574 :

295 4612 542 4684 ὲξελέγχε
553 4633 590 4669 ι.

404 4791 752 4858 Ἐμπεδοκλ.
779 4795 1213 4865 αἘρωτηθεὶς,
1244 4796 1386 4850 διατί
1419 4797 1624 4866 σφόδρα
1656 4798 1861 4864 ἀγανα-

292 4880 442 4941 κτεῖς
481 4881 662 4944 κακῶς
708 4883 958 4949 ἁκούων,
991 4885 1116 4954 ἔφη.
1151 4886 1272 4940 Ὅτι
1316 4887 1438 4940 οὐδὲ
1474 4887 1865 4958 ἐπαινούμενος

292 4968 648 5040 αἰσθήσομαι,
679 4974 726 5026 εἰ
762 4973 836 5044 μὴ
867 4976 1050 5039 κακῶς
1081 4977 1293 5032 ἀκούων
1317 4977 1646 5049 ἀχθήσομαι.

870 5262 1083 5316 ΛΟΓΟΣ
1141 5264 1216 5318 IZ'
1235 5267 1298 5321 ’⁸.

570 5347 710 5414 Περὶ
747 5351 1019 5420 παιδείας
1050 5356 1148 5408 καὶ
1197 5361 1582 5428 φιλοσοφίας.

376 5431 556 5490 Ἰωεὶν.
605 5437 745 5497 ζ’.-ο
786 5441 983 5497 ’Ἀνέϐη
1014 5447 1043 5497 ὁ
1095 5449 1301 5518 Ἰησοῦς
1347 5452 1426 5514 εἰς
1477 5451 1538 5505 τὸ
1588 5453 1750 5524 ἱερὸν,
1773 5455 1867 5512 καὶ

361 5586 409 5620 ⁸⁵
437 5587 496 5643 In
529 5589 692 5648 Gesn.
731 5595 885 5651 Stob.
917 5593 1039 5654 QIG.

1963 4620 2125 4679 atque
2155 4610 2310 4679 prius
2351 4609 2576 4680 quidem
2626 4619 2915 4680 peccantes
2957 4611 3203 4681 corrigit.
3258 4611 3365 4664 hoc
3412 4627 3546 4666 vero

1965 4702 2142 4772 solum
2191 4701 2494 4771 redarguit.

2042 4791 2347 4862 Empedocl.
2388 4821 2459 4830 —
2497 4791 2874 4861 Interrogatus
2937 4806 3037 4845 cur
3101 4791 3242 4844 male
3317 4789 3546 4843 audiens

1968 4886 2136 4939 etiam
2168 4891 2331 4953 atque
2359 4883 2525 4937 etiam
2567 4883 2791 4952 indigne
2819 4881 2988 4936 ferret
3015 4898 3029 4934 :
3058 4882 3216 4946 Quia,
3245 4881 3443 4950 inquit,
3477 4896 3546 4933 ne

1969 4973 2161 5028 laudes
2188 4971 2409 5041 quidem
2445 4971 2700 5035 sentiam,
2735 4969 2841 5025 nisi
2883 4969 3023 5024 male
3050 4970 3285 5025 audiens
3318 4969 3546 5026 moleste

1971 5064 2162 5118 feram.

2547 5266 2777 5324 SERMO
2815 5253 2974 5323 xvn.

1974 5364 2135 5437 582
2181 5363 2258 5418 De
2297 5364 2576 5434 disciplina
2627 5378 2718 5415 seu
2755 5361 3051 5416 eruditione
3101 5369 3148 5413 et
3199 5360 3543 5433 philosophia.

2043 5457 2206 5511 Joan.
2238 5472 2331 5526 vn,
2371 5456 2455 5511 M.
2480 5455 2826 5510 —-Ascendit
2856 5454 3014 5510 Jcsus
3061 5453 3127 5507 ad
3176 5453 3460 5530 templum,
3492 5459 3549 5507 et
