3994 6172
386 249 493 359 ιιι

1541 287 1601 350 S.
1642 276 1926 348 MAXIM!
1964 276 2470 344 CONFESSORIS

3545 270 3653 339 820

402 417 630 476 decebat
681 405 890 471 turbas.
935 407 1275 465 Mirabantur
1324 410 1506 458 autem
1540 399 1734 463 Judaei,
1785 397 1977 452 dicen-

2114 396 2321 451 δίδασκε
2377 396 2504 459 τοὺς
2557 391 2767 466 ὀχλους.
2827 390 3168 463 Ἐθαύμαζον
3195 390 3251 444 δὲ
3283 390 3330 443 οἱ
3373 390 3646 455 Ἰουδαῖοι,

397 504 832 576 tes:Quomodo
878 503 971 558 hic
1028 499 1135 557 scit
1173 498 1415 562 litteras,
1470 508 1596 551 cum
1658 505 1771 545 non
1829 486 1970 543 didi-

397 600 535 656 cerit
546 600 571 641 ν

464 682 498 745 1
519 687 640 745 Cor.
672 703 751 752 ιιι,
778 685 867 741 l8.
889 717 958 726 —
980 678 1038 740 Si
1060 683 1185 753 quis
1209 678 1426 736 videtur
1454 674 1599 732 inter
1633 690 1729 730 vos
1755 670 1973 742 sapiens

396 795 518 836 esse
563 779 620 834 in
664 778 771 833 hoc
814 775 1043 841 saeculo,
1084 774 1288 828 stultus
1335 769 1460 833 ﬁat,
1507 776 1569 822 ut
1617 765 1687 821 sit
1731 762 1970 835 sapiens.

401 865 681 940 Sapientia
726 864 875 923 enim
930 862 1094 936 hujus
1151 859 1367 926 mundi,
1420 857 1651 915 stultitia
1708 863 1794 912 est
1830 854 1974 925 apud

400 958 599 1017 Deum.
854 1018 859 1023 ,

470 1046 630 1107 Prov.
666 1067 705 1113 ι,
732 1048 823 1104 20.
846 1079 913 1088 —
935 1042 1216 1117 Sapientia
1247 1040 1305 1099 in
1329 1038 1435 1098 viis
1459 1040 1676 1105 clamat,
1702 1045 1759 1094 et
1783 1037 1837 1092 in
1860 1032 1979 1108 pla-

405 1142 509 1198 teis
544 1140 722 1212 palam
758 1133 890 1210 agit.

476 1232 643 1287 Eccli.
689 1247 835 1297 τινι,
868 1229 1186 1287 l8.—Non
1228 1235 1312 1283 est
1350 1223 1705 1283 commutatio
1746 1218 1979 1277 eruditae

407 1322 623 1377 animaa.
1505 1326 1513 1333 '

423 1407 872 1485 Eccli.vr,18,l9.
895 1439 965 1449 --
986 1406 1111 1473 Fili,
1141 1404 1197 1462 in
1221 1405 1510 1476 iuventute
1555 1408 1649 1456 tua
1679 1396 1843 1469 dilige
1883 1390 1982 1485 dos

408 1501 643 1558 ctrinam
669 1482 687 1555 Ξ
715 1508 771 1556 et
809 1499 954 1555 sicut
991 1498 1086 1570 qui
1128 1504 1249 1552 arat
1291 1504 1349 1550 et
1394 1492 1649 1557 seminat,
1693 1487 1889 1545 accede
1913 1482 1982 1542 ad

407 1607 551 1656 eam,
582 1600 639 1646 et
662 1590 876 1645 fructus
906 1591 1029 1661 ejus
1052 1589 1227 1643 bonos
1259 1585 1490 1642 sustine.

476 1672 687 1738 Basilii.
707 1713 779 1723 —
793 1675 988 1736 Melius
1007 1687 1091 1736 est
1109 1694 1173 1734 ac
1194 1674 1623 1741 conducibilius,
1650 1686 1774 1728 cum
1799 1664 1982 1725 idiotas

410 1786 475 1829 ac
523 1772 763 1843 imperiti
801 1772 994 1835 simus,
1034 1786 1134 1842 per
1185 1769 1511 1844 charitatem
1552 1766 1665 1819 Deo
1705 1761 1985 1833 proximos

412 1856 553 1928 lleri,
607 1876 771 1932 quam
804 1850 908 1933 qui
952 1861 1125 1916 multa
1173 1852 1403 1914 scientia
1452 1869 1747 1923 rerumque
1786 1849 1986 1921 peritia

412 1953 627 2024 praediti
651 1954 958 2020 videamur,
985 1953 1043 2007 in
1082 1950 1376 2007 Dominum
1410 1954 1663 2004 nostrum
1693 1942 1987 1999 maledicos

413 2046 702 2102 exsistere.

484 2135 704 2193 Similes
737 2142 867 2192 sunt
909 2132 1085 2191 oculis
1114 2138 1352 2197 noctuae,
1393 2124 1487 2200 qui
1527 2138 1750 2198 operam
1789 2120 1990 2178 otiuma

330 2251 334 2255 ·
415 2236 524 2296 que
553 2231 863 2295 posuerunt
903 2223 1051 2279 inani
1081 2221 1384 2292 sapientiae.
1410 2217 1547 2273 Nam
1588 2223 1645 2270 et
1672 2212 1820 2267 illius
1845 2205 1989 2266 oculi

416 2323 585 2371 noctu
633 2314 845 2371 robusti
891 2320 1048 2380 sunt;
1093 2313 1355 2367 illucente
1417 2314 1600 2362 autem
1640 2304 1778 2369 sole,
1822 2299 1992 2355 hebe-

416 2416 600 2463 scunt.
630 2404 839 2463 Horum
869 2419 1089 2476 quoque
1122 2417 1298 2467 mens,
1345 2382 1589 2455 inanium
1633 2410 1819 2451 rerum
1862 2407 1994 2446 con-

419 2496 774 2567 templatione
808 2488 1121 2551 acutissima
1150 2496 1265 2555 est;
1294 2501 1440 2544 verae
1476 2491 1660 2541 autem
1698 2481 1838 2538 lucis
1864 2495 1995 2536 con-
2035 2503 2040 2508 -

421 2589 754 2647 sideratione
782 2587 1017 2642 obscura
1043 2597 1107 2637 ac
1134 2579 1323 2636 hebes.

492 2758 755 2834 Theologi.
773 2791 844 2802 —
859 2754 1213 2829 Exploratum
1236 2751 1490 2808 existimo
1518 2747 1664 2819 apud
1686 2756 1878 2801 omnes
1899 2738 1995 2815 qui

421 2854 625 2910 mentis
658 2859 940 2923 compotes
981 2855 1131 2913 sunt,
1177 2852 1298 2900 esse
1331 2837 1678 2909 disciplinam
1710 2834 1998 2908 (eruditio-

422 2956 570 3011 nem,
594 2941 827 3012 litteras)
855 2939 1100 2996 omnium
1133 2948 1255 3006 quae
1297 2930 1354 2985 in
1385 2927 1701 2986 hominibus
1731 2927 1874 2982 bona
1902 2925 1999 2980 ha-

423 3034 646 3102 bentur,
675 3033 935 3105 primum.

491 3126 596 3193 Qui
625 3086 924 3203 erruditioni
957 3114 1266 3189 litterisque
1310 3114 1563 3179 studetis,
1595 3128 1665 3168 ne
1693 3111 1816 3181 plus
1837 3121 1995 3178 aequo
2020 3086 2066 3120 υ

422 3216 624 3272 litteris
653 3213 866 3281 ﬁdalis;
901 3228 1005 3269 nec
1023 3204 1295 3282 superﬂue
1319 3220 1593 3279 supraque
1621 3202 1851 3259 rationis
1881 3209 1996 3254 mo-

424 3307 555 3362 dum
583 3304 825 3378 argutari
862 3303 1045 3364 velitis
1074 3319 1089 3355 :
1123 3316 1226 3356 nec
1264 3299 1468 3368 ubique
1501 3292 1750 3366 improbe
1778 3293 1999 3347 vincere

427 3399 679 3471 cupiatis,
728 3388 826 3453 sed
858 3402 945 3451 est
978 3390 1198 3465 quando
1244 3392 1410 3448 etiam
1431 3386 1662 3444 honeste
1690 3387 1839 3442 vinci
1880 3394 2000 3439 sus-

428 3484 666 3548 tineatis.

495 3605 761 3673 Princeps
807 3600 1101 3673 sapientia,
1147 3598 1260 3654 vita
1306 3594 1600 3653 laudabilis
1645 3599 1703 3649 et
1747 3592 1860 3648 Deo
1906 3600 2000 3646 ex-

427 3697 597 3768 piata.

498 3807 683 3863 Prima
709 3806 977 3878 sapientia
1015 3812 1369 3860 contemnere
1399 3798 1749 3871 sapientiam,
1775 3812 1898 3867 qua:
1944 3795 2002 3850 in

326 3917 331 3921 ‘
429 3913 685 3954 sermone
725 3904 780 3952 et
810 3896 1107 3952 verborum
1149 3891 1410 3960 str0phis,
1438 3903 1541 3944 nec
1564 3902 1675 3942 non
1703 3884 1905 3955 spuriis
1940 3897 2005 3938 ac

431 3986 724 4059 superﬂuis
750 3983 1061 4056 apponendi
1118 3996 1318 4053 genere
1363 3978 1701 4050 argumentis
1745 3977 1847 4032 sita
1897 3982 2001 4030 est.

431 4078 650 4134 Utinam
681 4090 813 4129 vero
843 4073 978 4128 mihi
1006 4071 1171 4126 liceat
1194 4070 1437 4141 quinque
1464 4068 1633 4124 verba
1656 4067 1808 4137 loqui
1833 4067 1890 4121 in
1913 4080 2006 4120 ec-

432 4167 600 4223 clesia
622 4180 744 4219 cum
774 4162 1081 4227 intellectu,
1103 4176 1269 4232 quam
1310 4160 1501 4217 decem
1528 4157 1699 4214 millia
1729 4158 1788 4213 in
1820 4158 2007 4230 lingua

436 4258 477 4329 (l
504 4256 634 4312 Cor.
666 4273 776 4320 xw,
821 4255 930 4328 l9).
1375 4241 1384 4256 ’

2076 487 2350 556 λέγοντες,
2382 485 2529 551 ⁴Πῶς
2579 479 2736 550 οὗτος
2785 480 2894 538 οἶδε
2925 484 3253 555 γράμματα,
3284 480 3361 552 μὴ
3398 482 3651 551 μεμαθη-

2076 580 2184 643 κώς
2201 595 2217 646 ς

2138 676 2201 726 Α⁹
2235 675 2373 739 Κορ.
2404 667 2475 739 γ’.
2510 698 2580 709 -
2620 665 2688 722 EE
2705 684 2788 730 τις
2819 666 2968 721 δοκεῖ
3015 663 3179 733 σοφὸς
3206 656 3346 716 εἶναι
3390 663 3452 715 ὲν
3499 663 3651 732 ὑμῖν,

2076 767 2136 821 ὲν
2184 765 2262 836 τῷ
2318 763 2476 817 αἰῶνι
2522 762 2720 832 τούτῳ,
2772 759 2952 831 μωρὸς
2998 755 3252 826 γινέσθω,
3299 756 3388 809 ἶνα
3423 756 3653 825 γένηται

2080 863 2263 926 σοφός.
2304 851 2369 908 Ἦ
2406 855 2514 925 γὰρ
2543 853 2705 924 σοφία
2724 851 2818 907 τοῦ
2848 850 3056 919 κόσμου
3085 846 3299 910 τούτου,
3330 846 3509 917 μωρία
3540 862 3648 899 πα-

2083 948 2151 1020 ρὰ
2180 947 2259 1017 τῷ
2287 945 2407 1017 Θεῷ
2437 948 2606 1001 ἐστιν.

2151 1036 2397 1107 Παροιμ.
2429 1041 2502 1091 a'.
2523 1028 2595 1077 4-
2622 1031 2792 1103 Σοφία
2834 1034 2893 1086 ἑν
2931 1028 3132 1098 ἐξόδοις
3177 1029 3447 1100 ὑμνεῖται,
3493 1028 3550 1079 ἐν
3584 1025 3645 1080 δὲ

2080 1128 2362 1191 πλατείαις
2398 1125 2709 1198 παρρησίαν
2736 1124 2881 1192 ἄγει.

2149 1220 2334 1287 Σιρὰχ
2380 1221 2497 1280 κζ’.
2529 1245 2599 1258 -
2635 1215 2752 1269 Οὐκ
2781 1215 2927 1267 ἐστιν
2968 1209 3325 1280 ἀντάλλαγμα
3364 1207 3516 1262 οὐδὲν
3556 1225 3649 1261 πει

2082 1311 2273 1365 παιδευ
2282 1308 2452 1380 μένης
2478 1304 2675 1377 ψυχῆς.

2154 1399 2338 1470 Σιρὰχ
2394 1395 2471 1466 ς’.
2505 1428 2573 1440 --
2610 1395 2812 1451 Τέκνον
2862 1393 2922 1449 ἐν
2995 1391 3211 1464 νεότητί
3257 1408 3353 1445 σου
3405 1388 3683 1457 ἐπίλεξαιλ

2083 1492 2349 1548 παιδείαν
2385 1491 2479 1544 καὶ
2520 1489 2595 1553 ὡς
2638 1486 2944 1561 ἀρροτριῶν
2982 1484 3075 1539 καὶ
3118 1482 3358 1554 σπείρων
3384 1481 3646 1552 πρόσελθε

2083 1585 2258 1654 αὐτῇ.
2303 1583 2397 1637 καὶ
2426 1580 2667 1650 ἀνάμενε
2718 1580 2846 1642 τοὺς
2894 1576 3135 1647 ἀγαθοὺς
3184 1576 3425 1646 καρποὺς
3453 1575 3646 1642 αὐτῆς.

2155 1671 2499 1727 Βασίλειον.
2530 1699 2602 1711 --
2625 1670 2881 1737 ’Λμεινον
2919 1665 3015 1720 καὶ
3058 1662 3477 1735 συμφερὼτερον
3510 1660 3653 1714 ίδιὼ-

2084 1784 2182 1829 τας
2212 1764 2309 1819 καὶ
2350 1759 2703 1832 ὀλιγομαθεῖς
2734 1759 3026 1829 ὑπάρχειν,
3066 1757 3159 1810 καὶ
3183 1756 3273 1808 διὰ
3305 1755 3405 1824 τῆς
3434 1756 3656 1822 ἀγάπης

2084 1856 2312 1927 πλησίον
2358 1852 2616 1922 γενέσθαι
2645 1850 2739 1905 τοῦ
2783 1848 2943 1911 Θεοῦ,
2981 1848 3014 1918 ἢ
3049 1845 3382 1914 πολυμαθεῖς
3413 1845 3510 1897 καὶ
3554 1845 3656 1913 ὲμ-

2086 1947 2312 2017 πείρους
2338 1944 2631 2005 δοκοῦντας
2651 1936 2812 2005 εἶναι,
2836 1937 3193 2009 βλασφήμους
3226 1937 3307 2000 είς
3328 1935 3420 1990 τὸν
3450 1934 3656 1987 ἑαυτῶν

2086 2035 2433 2110 εὑρίσκεσθαι
2461 2035 2526 2087 Δε
2535 2032 2757 2100 σπότην.
2868 2040 2873 2047 ’
3541 2022 3546 2026 ’

2157 2128 2266 2183 Τοῦ
2290 2125 2497 2181 αὐτοῦ.
2522 2116 2596 2164 ἒ·-
2633 2122 2873 2176 Ἐοίκασι
2902 2121 3015 2182 τοῖς
3040 2118 3341 2187 ὀφθαλμοῖς
3371 2117 3471 2187 τῆς
3492 2113 3659 2184 γλαύ-

2090 2234 2211 2291 κης,
2244 2220 2292 2272 οί
2325 2217 2453 2288 περὶ
2494 2215 2594 2285 τὴν
2638 2212 2875 2284 ματαίαν
2909 2210 3103 2278 σοφίαν
3123 2209 3511 2279 ἡσχοληκότες.
3549 2207 3660 2260 Καὶ

2090 2310 2199 2382 γὰρ
2230 2307 2445 2378 ἐκείνης
2477 2307 2531 2380 αἱ
2556 2303 2711 2369 ὀψεις
2749 2302 2944 2365 νυκτὸς
2975 2301 3074 2371 μὲν
3099 2299 3391 2371 ἔρρωνται·
3420 2298 3573 2368 ἡλίου
3602 2297 3659 2351 δὲ

2090 2399 2425 2470 λάμψαντος,
2473 2391 2870 2467 ἀμαυροῦνται.
2920 2393 3031 2447 Καὶ
3072 2390 3279 2444 τούτων
3329 2391 3364 2460 ἡ
3412 2389 3658 2454 διάνοια,

2092 2491 2326 2560 ὀξυτάτη
2362 2489 2460 2560 μὲν
2513 2485 2650 2557 πρὸς
2690 2482 2790 2554 τὴν
2831 2483 2934 2552 τῆς
2982 2480 3345 2552 ματαιότητος
3393 2478 3659 2549 θεωρίαν⁸

2093 2582 2232 2656 πρὸς
2267 2581 2325 2634 δὲ
2360 2579 2460 2650 τὴν
2499 2576 2594 2631 τοῦ
2642 2572 2896 2646 ἀληθινοῦ
2951 2571 3128 2643 φωτὸς
3171 2572 3520 2639 κατανόησιν,
3571 2566 3661 2633 ἐξ.

2094 2670 2460 2745 αμαυροῦται.

2165 2763 2483 2831 Θεολόγου.
2526 2788 2597 2799 -
2623 2755 2792 2829 Οίμαι
2838 2756 2896 2811 δὲ
2951 2756 3117 2810 πᾶσιν
3169 2752 3236 2808 ἂν
3282 2750 3663 2822 ὁμολογεῖσθαι

2094 2856 2204 2911 τῶν
2233 2852 2359 2909 νοῦν
2408 2850 2665 2921 ἑχόντων.
2712 2848 2812 2920 τὴν
2870 2847 3151 2902 παίδευσιν
3197 2845 3305 2899 τῶν
3347 2844 3475 2915 παρ’
3504 2841 3666 2914 ἡμῶν

2096 2942 2315 3016 ἀγαθῶν
2345 2935 2487 2997 εἶναι
2512 2940 2572 2995 τδ
2605 2939 2842 3018 πρῶτον.
3486 2952 3491 2955 ’

2166 3121 2229 3173 Ol
2259 3117 2387 3191 περὶ
2407 3116 2623 3185 λόγους,
2657 3115 2731 3187 μὴ
2781 3113 2988 3185 σφόδρα
3026 3112 3141 3177 τοῖς
3183 3107 3363 3181 λόγοις
3386 3109 3668 3184 θαρρεῖτε,

2102 3212 2237 3284 μηδὲ
2264 3208 2553 3280 σοφίζεσθε
2581 3207 2820 3279 περισσά
2846 3207 2941 3260 καὶ
2973 3205 3116 3275 ὑπὲρ
3138 3205 3318 3272 λόγον’
3349 3204 3484 3275 μηδὲ
3509 3204 3671 3272 νικᾷν

2099 3301 2417 3372 ἐπιθυμεῖτε
2447 3300 2623 3355 πάντα
2657 3299 2862 3365 κακῶς
2895 3297 3011 3352 ἀλλ’
3040 3296 3188 3351 ἐστιν
3217 3296 3254 3351 ἃ.
3278 3296 3372 3351 ποια)⁹
3400 3294 3670 3367 ἡττᾶσθαι

2100 3393 2278 3457 καλῶς
2309 3391 2467 3462 άνέχε
2475 3390 2588 3444 σθε.

2166 3590 2344 3684 ’Σοφία
2383 3587 2600 3666 πρώτη,
2640 3585 2754 3662 βίος
2800 3552 3080 3653 ἐπαινετὸς
3114 3589 3209 3644 καὶ
3232 3586 3352 3660 Θεῷ
3390 3588 3676 3660 κεκαθαρο

2106 3687 2286 3760 μένος.

2173 3801 2345 3870 Σοφία
2377 3801 2568 3875 πρώτη
2604 3802 2794 3872 σοφίας
2828 3801 3123 3873 ὑπεῳρᾷν,
3151 3798 3249 3866 τῆς
3291 3797 3348 3850 ἒν
3376 3795 3522 3865 λόγῳ
3558 3810 3680 3847 κει-
3715 3783 3725 3789 ’

2107 3891 2276 3965 μένης
2309 3893 2405 3947 καὶ
2439 3898 2697 3965 στροφαῖς
2733 3893 2953 3958 λέξεων,
2986 3892 3081 3945 καὶ
3109 3892 3229 3951 ταῖς
3268 3886 3550 3955 κιδδήλαις
3579 3885 3679 3938 καὶ
3778 3944 3783 3949 ς

2106 3988 2392 4056 περιτταῖς
2436 3984 2797 4039 ἁντιθέσεσιν.
2843 3982 2999 4052 Ἐμοὶ
3035 3981 3093 4034 δὲ
3139 3980 3349 4047 γένοιτο
3396 3977 3555 4029 πέντε
3584 3969 3694 4027 λὸο’

2106 4091 2238 4143 γους
2267 4077 2325 4129 ὲν
2354 4075 2623 4148 ἐκκλησίᾳ
2659 4076 2842 4129 λαλεῖν
2881 4073 3020 4145 μετὰ
3062 4071 3353 4133 συνέσεως,
3386 4067 3419 4138 ἢ
3450 4067 3678 4139 μυρίους

2108 4166 2166 4220 ὲν
2199 4166 2443 4239 γλώσσῃ.

504 4363 691 4440 Neque
725 4371 872 4425 enim
903 4371 997 4440 qui
1032 4370 1086 4424 in
1123 4367 1305 4428 verbis
1353 4366 1571 4437 sapiens
1613 4371 1717 4431 est,
1749 4363 1839 4417 ille
1869 4360 1998 4415 mihi

2182 4361 2257 4417 Οὐ
2306 4361 2413 4432 γάρ
2442 4363 2471 4415 ὀ
2496 4362 2553 4416 ὲν
2599 4359 2781 4429 λόγοις
2810 4359 2993 4428 σοφὸς.
3027 4350 3186 4419 οὗτός
3233 4370 3322 4425 μοι
3365 4351 3544 4418 σοφὸς.
3572 4348 3680 4403 οὐδ’

434 4459 655 4528 sapiens
701 4466 814 4522 est;
856 4474 1035 4527 neque
1078 4454 1238 4527 583
1282 4456 1371 4509 ille
1416 4456 1510 4525 qui
1548 4455 1741 4532 lingua
1782 4451 2006 4520 quidem

433 4548 699 4613 volubili,
755 4557 811 4603 at
863 4548 1196 4603 ineonstanti
1249 4546 1433 4600 animo
1480 4560 1545 4600 ae
1595 4542 2007 4611 indisclpljnato

436 4639 700 4711 prreditus
729 4646 813 4692 est
842 4656 856 4692 :
888 4637 984 4692 sed
1019 4637 1064 4691 si
1094 4637 1217 4706 quis
1247 4638 1420 4706 pauca
1467 4632 1536 4688 de
1578 4632 1781 4687 virtute
1824 4630 2009 4700 loqui-

439 4740 548 4798 tur,
582 4731 753 4785 multa
780 4745 914 4784 vero
939 4728 1118 4797 reipsa
1149 4734 1389 4797 praestat,
1419 4734 1581 4795 atque
1613 4724 1876 4779 doctrina:
1896 4722 2008 4778 vita

439 4820 701 4895 lactisque
739 4821 901 4877 ﬁdem
928 4820 1204 4876 conciliat.
1235 4820 1461 4874 Praestat
1504 4832 1739 4887 namque
1767 4817 2009 4888 subjecta

440 4915 619 4970 oculis
665 4912 1051 4984 pulchritudo,
1086 4926 1250 4980 quam
1297 4909 1546 4965 oratione
1577 4907 1871 4977 verbisque
1918 4906 2012 4961 de-

441 5007 673 5076 Scripta;
700 5022 763 5060 ac
794 5020 916 5074 qua:
951 5004 1206 5058 manibus
1228 5010 1520 5056 teneantur
1550 4999 1775 5065 divitiae,
1804 5001 2013 5070 ejusce-

417 5100 591 5177 .modi
612 5098 840 5163 divitiis,
859 5112 980 5168 quae
1004 5096 1115 5151 sint
1143 5110 1292 5150 mera
1315 5092 1711 5155 insomniorum
1735 5093 2009 5163 ﬁgmenta.

444 5191 721 5262 Sapientia
747 5188 1006 5260 denique,
1040 5203 1151 5243 non
1178 5202 1301 5257 quae
1332 5198 1583 5241 sermone
1624 5199 1879 5255 pompam
1918 5182 2017 5236 ha-

443 5282 594 5348 beat,
619 5281 711 5338 Sed
750 5296 871 5352 quae
897 5272 1157 5350 operibus
1186 5277 1256 5333 sit
1289 5275 1642 5345 comprobata
1668 5292 1682 5328 :
1713 5272 2015 5329 Intellectus

443 5373 613 5439 enim,
639 5373 839 5444 inquit,
870 5372 1031 5426 bonus
1066 5369 1304 5426 omnibus
1345 5366 1655 5438 facientibus
1689 5382 1805 5419 eum
1850 5363 2013 5435 (Psal.

428 5464 672 5535 tzxde),
700 5479 813 5519 non
842 5470 1025 5517 autem
1049 5460 1201 5515 vocis
1224 5456 1497 5529 praeconio
1520 5456 1945 5512 celebrantibus.

519 5574 626 5628 Aut
649 5575 796 5629 enim
825 5570 1130 5627 exercenda
1171 5568 1523 5639 philosophia
1559 5577 1662 5633 est,
1706 5567 2017 5622 authonori

452 5660 722 5734 habenda,
744 5666 787 5720 si
820 5679 926 5717 non
960 5676 1196 5733 prorsus
1230 5660 1298 5716 ab
1328 5660 1563 5717 honesto
1600 5660 1836 5715 velimus
1864 5674 2019 5715 cxce-

2113 4451 2262 4511 ὅστις
2294 4450 2547 4519 γλῶσσαν
2599 4451 2699 4521 μὲν
2722 4448 3023 4520 εὖστροφον
3054 4446 3190 4517 ἔχει,
3222 4442 3401 4514 ψυχὴν
3428 4442 3483 4495 δὲ
3514 4440 3673 4493 ἄσταο

2112 4558 2204 4596 τον
2235 4541 2339 4605 καλ
2369 4541 2717 4596 ἀπαίδευτονο
2751 4540 2866 4593 ἀλλ’
2892 4540 3040 4601 ὅστις
3086 4537 3244 4604 ὀλίγα
3277 4534 3377 4606 μὲν
3416 4531 3540 4600 περὶ
3558 4532 3683 4600 ἀρε·

2113 4633 2213 4702 τῆς
2251 4630 2566 4699 φθέγγεται,
2590 4630 2780 4683 ’πολλὰ
2809 4630 2866 4682 δὲ
2902 4624 2983 4692 οἷς
3023 4628 3236 4697 ἐνεργεῖ
3276 4624 3684 4695 παραδείκνυσι.

2119 4723 2213 4778 καὶ
2240 4725 2300 4777 τὸ
2331 4721 2641 4785 ἀξιόπιστον
2674 4722 2752 4792 τῷ
2783 4720 2930 4792 λόγῳ
2974 4719 3064 4773 διὰ
3106 4719 3198 4772 τοῦ
3236 4717 3352 4788 βίου
3395 4712 3694 4784 προστίθη-

2119 4831 2225 4867 σιν.
2269 4812 2553 4883 Κρείσσων
2585 4811 2694 4882 γὰρ
2715 4806 2989 4881 εὐμορφία
3020 4807 3394 4880 θεωρουμένη,
3421 4806 3519 4873 τῆς
3544 4802 3686 4873 λόγῳ

2119 4903 2604 4976 ζωγραφουμένης·
2625 4903 2716 4955 καὶ
2739 4901 2967 4964 πλοῦτος
2983 4901 3040 4952 ὃν
3059 4901 3114 4952 αἱ
3136 4900 3319 4969 χεῖρες
3343 4896 3684 4963 κατέχουσιν,

2118 4997 2153 5068 ἢ
2214 4997 2416 5066 ὄνειροι
2463 4995 2780 5048 πλάττουσι.
2832 4993 2945 5045 Καὶ
3003 4991 3186 5060 σοφία,
3229 4989 3326 5056 οὐχ
3355 4989 3388 5056 ἠ
3418 4984 3497 5055 τῷ
3545 4983 3689 5050 λόγῳ

2120 5087 2574 5159 λαμπρυνομένη,
2619 5085 2797 5154 ἀλλ’ἢ
2841 5083 2930 5136 διὰ
2965 5082 3073 5134 τῶν
3115 5068 3293 5149 ἔργων
3331 5074 3687 5145 ὲλεγχομένη.

2122 5181 2380 5245 Σύνεσις
2412 5179 2521 5249 γὰρ
2568 5177 2762 5246 ἀγαθὴ
2808 5175 2958 5229 πᾶσι
2990 5172 3113 5238 τοῖς
3146 5168 3432 5225 ποιοῦσιν
3473 5164 3688 5236 αὐτὴν,

2123 5274 2309 5346 φησὶν,
2339 5266 2451 5324 ἀλλ’
2480 5270 2541 5323 οὐ
2568 5273 2681 5334 τοῖς
2710 5269 3093 5340 κηρύττουσιν.
3188 5292 3191 5293 ν

2202 5561 2272 5612 "ll
2304 5558 2412 5629 γὰρ
2457 5555 2867 5625 φιλοσοφητέον,
2900 5551 2933 5622 ἧ
2960 5548 3215 5619 τιμητέον
3244 5542 3585 5614 φιλοσοφίαν,
3616 5540 3690 5592 εἴ·

2131 5671 2234 5726 περ
2274 5653 2350 5725 μὴ
2382 5650 2671 5726 μέλλοιμεν
2695 5661 2859 5698 παντί
2878 5642 2975 5706 κῶς
2994 5636 3099 5707 ἔξω
3120 5636 3214 5693 τοῦ
3242 5634 3406 5690 καλοῦ
3445 5633 3687 5695 πίπτειν,
