3990 6176
370 341 475 409 821
1554 408 1559 413 .
1697 350 1868 421 LOCI
1906 351 2345 416 COMMUNES.
3518 355 3625 419 822

373 452 510 524 μηδὲ
551 449 779 519 ἀλογίαν
825 450 1326 524 κατακριθήσεσθαι
1380 452 1590 527 λογικοὶ
1637 457 1945 525 γεγονότες,

2055 459 2206 526 dere,
2237 470 2295 515 et
2336 473 2462 515 cum
2520 458 2821 514 rationales
2868 457 2996 514 facti
3040 456 3237 525 simus,
3280 467 3337 514 et
3397 460 3631 517 rationis

365 543 465 599 καὶ
490 542 580 597 διὰ
603 542 766 611 λόγου
799 542 936 613 πρὸς
964 543 1122 612 λόγον
1151 542 1492 608 σπεύδοντες.
1600 604 1607 613 ε

2054 552 2208 606 cultu
2266 551 2335 606 ad
2368 553 2643 607 rationem
2687 565 3069 621 properemus,
3114 550 3412 606 brutorum
3468 554 3629 624 genio

2052 652 2218 713 atque
2268 643 2453 719 indole
2502 644 2765 700 absentia:
2825 643 3057 699 rationis
3090 643 3270 700 labem
3330 652 3633 716 notamque

2053 747 2358 789 incurrere.

433 824 744 899 ὣφώτεροι
774 824 884 896 γᾶρ
914 826 1022 881 τῶν
1050 824 1262 879 πολλῶν
1282 816 1332 880 οἱ
1367 828 1577 898 κᾶσμου
1607 829 1956 898 χωρίσαντες,

2124 823 2319 895 Maiori
2344 824 2614 895 sapientia
2645 839 2813 894 quam
2848 839 2948 895 pro
2969 823 3120 895 vulgi
3151 824 3368 882 ratione
3392 826 3632 891 enitent,

369 917 621 983 ἑαυτοὺς,
654 915 751 970 καὶ
779 916 856 987 τῷ
886 915 1007 986 Θεῷ
1048 916 1140 970 τὸν
1169 915 1283 987 βίον
1306 916 1768 988 καθιερώσαντες.

2056 912 2149 984 qui
2201 914 2401 969 saeculo
2431 929 2552 969 sese
2601 908 2997 979 subducentes,
3056 914 3228 971 vitam
3274 917 3387 973 Deo
3433 933 3632 974 conse—

2051 1014 2299 1061 crarunt.

449 1094 620 1150 οὐδὲν
670 1095 1071 1166 ἁναλωτότερον
1110 1093 1459 1164 φιλοσοφίας,
1492 1092 1645 1147 οὐδὲν
1686 1093 1952 1148 ἀλυπότε-

2119 1097 2276 1152 Nihil
2326 1097 2811 1169 inexpugnabilius
2865 1099 3240 1170 philosophia,
3303 1098 3556 1176 nihilque
3605 1120 3640 1159 a-

377 1204 490 1258 ρον.
550 1187 737 1242 Πάντα
794 1186 1018 1241 ἐνδώσει
1069 1186 1336 1258 πρότερον
1394 1185 1434 1257 ἦ
1486 1185 1797 1254 φιλόσοφος.
1847 1182 1951 1236 Δύο

2057 1201 2200 1241 noxa
2254 1186 2494 1257 labeque
2544 1189 2871 1243 immanius.
2932 1188 3129 1245 Omnia
3187 1191 3347 1260 prius
3408 1192 3633 1256 cedent.

375 1279 548 1335 ταῦτα
568 1279 940 1352 δυσκράτητα,
963 1278 1094 1342 Θεὸς
1124 1277 1219 1332 καὶ
1251 1276 1505 1346 ἄγγελος,
1532 1276 1628 1329 καὶ
1659 1274 1719 1329 τὸ
1747 1274 1951 1346 τρίτον,

2064 1260 2225 1348 quam
2251 1278 2637 1350 philosophus.
2664 1280 2784 1334 Duo
2815 1289 2945 1335 sunt
2977 1280 3205 1346 invicta,
3229 1282 3376 1337 Deus
3391 1291 3448 1338 et
3476 1298 3640 1352 ange-

377 1371 688 1442 φιλοσοφία.
730 1370 919 1443 [Ἐστι
962 1369 1073 1441 γὰρ
1115 1367 1434 1440 φιλόσοφος’]
1470 1367 1630 1431 ἄῦλος
1660 1366 1719 1421 ὲν
1748 1367 1870 1439 ὖλῃ,
1896 1368 1953 1420 ὲν

2064 1369 2185 1435 Ius;
2214 1384 2432 1425 necnon
2472 1370 2721 1435 tertium,
2762 1369 3144 1441 philosophia.
3186 1371 3284 1427 Est
3319 1372 3470 1427 enim
3521 1373 3640 1442 phi-

380 1463 592 1536 σώματι
623 1463 1054 1536 ἀπερίγραπτος,
1088 1462 1183 1515 ἐπὶ
1243 1461 1347 1532 γῆς
1390 1459 1662 1542 οὐράνιος,
1707 1459 1765 1512 ὲν
1797 1457 1956 1511 πάθε-

2069 1458 2327 1528 losophus
2385 1459 2765 1514 immaterialis
2834 1459 2893 1514 in
2953 1461 3344 1527 materiavin
3406 1477 3645 1532 corpore

380 1571 464 1610 σιν
505 1554 744 1626 ἀπαθὴς,
792 1555 1011 1608 πάντων
1053 1550 1365 1623 ἡττώμενος
1404 1549 1545 1622 πλὴν
1588 1538 1954 1621 φρονήματος⁹

2179 1551 2599 1621 reumscriptus,
2628 1538 2875 1607 caelestis
2904 1566 3032 1606 cum
3070 1551 3127 1606 in
3179 1560 3330 1607 terra
3364 1561 3650 1617 versetur,
3746 1624 3749 1627 Α

377 1646 545 1703 νικῶν
576 1646 657 1718 τῷ
703 1645 958 1700 νικᾶσθαι
985 1645 1112 1707 τοὺς
1142 1644 1369 1712 κρατεῖν
1398 1641 1742 1712 νομίζοντας.

2068 1642 2120 1698 ἰιι
2143 1641 2435 1699 aliectibus
2459 1643 2599 1698 nihil
2626 1643 2710 1698 eis
2727 1642 3045 1711 obnoxius;
3081 1644 3176 1714 qui
3212 1653 3447 1702 cunctus
3467 1646 3644 1702 victo-

376 1736 459 1791 ria
481 1735 675 1797 cedat,
699 1741 1068 1805 praeterquam
1098 1730 1269 1787 animi
1305 1744 1471 1786 sensu
1506 1744 1571 1785 ac
1620 1728 1955 1801 prudentia:
1997 1730 2094 1800 qui
2146 1747 2214 1789 eo
2250 1732 2400 1803 quod
2447 1732 2714 1799 vincitur,
2774 1733 2870 1802 qui
2916 1747 2977 1788 se
3025 1735 3265 1792 victores
3301 1735 3640 1804 existiment,

375 1827 587 1884 vincat.
2311 1866 2323 1876 .

463 1917 608 1987 Ἐγὼ
653 1918 782 1989 μίαν
817 1917 1012 1987 σοφίαν
1044 1912 1186 1979 οῖδα,
1228 1915 1290 1968 τὸ
1321 1912 1604 1983 φοϐεῖσθαι
1635 1913 1788 1968 Θεόν.
1826 1912 1955 1981 Ἀρ-
1986 1916 2027 1972 Β

2125 1909 2301 1967 Unam
2354 1926 2457 1981 ego
2495 1909 2823 1981 sapientiam
2857 1915 3007 1979 novi,
3046 1906 3110 1969 ut
3146 1929 3353 1987 nempe
3406 1919 3549 1974 Deus
3579 1921 3646 1976 ti-

381 2009 460 2082 χὴ
489 2027 546 2064 τε
583 2009 693 2078 γὰρ
719 2010 963 2078 σοφίας,
993 2007 1189 2077 ςσόϐὀς⁸
1210 2005 1454 2074 Κυρίου.
1484 2004 1617 2070 Καὶ,
1654 2002 1833 2069 Τέλος
1853 2003 1957 2056 ,λό-

2076 2010 2296 2056 neatur.
2364 2002 2586 2057 Initium
2646 2003 2795 2058 enim
2871 2006 3148 2075 sapientia:
3218 2009 3378 2063 timor
3435 2008 3652 2067 Domini

380 2118 496 2171 του
533 2098 599 2152 τὸ
638 2097 759 2153 πᾶν
799 2097 1004 2165 ἄκουε,
1036 2095 1141 2151 τὸν
1166 2095 1316 2150 Θεὸν
1345 2092 1556 2163 φοϐοῦ,
1585 2091 1682 2146 καί
1711 2094 1815 2158 τὰς
1860 2091 1956 2165 ἐν·

2078 2091 2225 2161 ξΡεδΙ.
2259 2108 2346 2157 cx,
2382 2093 2483 2159 10;
2534 2093 2705 2160 Eccli.
2755 2111 2792 2159 ι,
2857 2094 2966 2166 l6).
3018 2096 3087 2151 Et
3117 2096 3342 2153 :Finem
3399 2100 3654 2172 loquendi

380 2188 566 2256 τολὰς
591 2189 896 2260 φύλασσε.

2076 2197 2267 2236 ηηηοηι
2305 2184 2434 2238 audi
2457 2201 2476 2250 ;
2514 2183 2853 2251 Deum'time,
2916 2194 2967 2239 et
3015 2202 3168 2244 serva
3196 2190 3455 2247 mandata
3517 2193 3646 2262 (Ec-

2065 2272 2169 2328 cle.
2202 2290 2296 2341 xu,
2330 2275 2442 2346 15).

451 2367 725 2439 Ποιήσατε
777 2361 1126 2434 δικαιοσύνης
1177 2359 1363 2425 ὅπλον,
1414 2358 1510 2413 καὶ
1570 2355 1646 2428 μὴ
1703 2355 1960 2423 θανάτου,

2131 2365 2297 2421 Arma
2328 2367 2580 2439 iustitiae,
2614 2385 2725 2426 non
2768 2371 2983 2437 mortis,
3018 2372 3429 2442 correptionem
3459 2373 3645 2431 facile.

378 2461 480 2533 τὴν
518 2458 825 2513 παίδευσιν.

449 2550 755 2620 Χρυσόὸ-τ.
778 2536 851 2586 -ἒ
873 2546 1086 2617 Ὠσπερ
1111 2544 1214 2614 γῆν
1248 2541 1329 2614 μὴ
1358 2540 1693 2620 βρεχομένην
1719 2541 1820 2594 ούκ
1849 2540 1964 2594 ἔστι

2137 2543 2409 2616 Chrysast.
2437 2577 2508 2587 —
2537 2545 3015 2614 Quemadmodum
3044 2555 3191 2605 terra
3215 2548 3322 2604 nisi
3351 2549 3528 2606 imbre
3562 2551 3651 2606 in-

381 2643 487 2698 κᾶν
514 2640 683 2713 μυρία
703 2637 845 2710 λάϐῃ
874 2638 1167 2707 σπέρματα
1192 2634 1435 2704 στάχυας
1465 2633 1792 2713 ἐξενεγκεῖν·
1821 2630 1957 2685 οὕτω

2090 2648 2186 2688 usa
2208 2649 2272 2689 ac
2294 2635 2543 2706 irrigata,
2570 2637 2788 2692 tametsi
2811 2636 3051 2704 inﬁnita,
3077 2639 3384 2708 susceperit
3413 2640 3666 2708 semina,.

383 2734 564 2804 ψυχὴν
594 2732 697 2786 οὐκ
732 2729 885 2784 ἔστιν
923 2727 999 2799 μὴ
1041 2728 1161 2790 ταῖς
1197 2725 1375 2788 θείαις
1403 2724 1649 2795 Γραφαῖς
1678 2722 1959 2793 φωτισθεῖ-

2078 2722 2246 2792 spicas
2299 2723 2554 2793 proferre
2613 2740 2727 2780 non
2767 2733 2953 2796 potest
3001 2743 3015 2782 :
3074 2727 3158 2783 sic
3194 2742 3375 2798 neque
3433 2730 3654 2787 animus

391 2838 511 2888 σαν,
543 2821 644 2875 κᾶν
667 2819 837 2893 μυρία
857 2835 945 2882 τις
974 2816 1140 2889 ὲκχέῃ
1171 2817 1414 2888 ῥήματα,
1444 2813 1657 2886 καρπόν
1687 2830 1813 2868 τινα
1838 2815 1961 2868 ἐπι-

2075 2811 2271 2867 tlivinis
2295 2811 2600 2884 Scripturis
2621 2830 2734 2870 non
2754 2816 3121 2882 illuminatus,
3139 2816 3383 2873 fructum
3408 2818 3651 2890 unquam

388 2913 686 2980 δείξασθαι.
1515 2913 1524 2921 ’

2095 2901 2384 2969 trotulerit,
2411 2901 2629 2958 etiamsi
2663 2902 2791 2972 quis
2824 2903 2997 2959 verba
3028 2904 3320 2959 innumera
3349 2905 3494 2975 apud
3523 2921 3671 2962 eum.

2067 2992 2338 3049 etl‘undat.
3112 3049 3119 3054 .

460 3090 667 3160 A‘tﬁép.
696 3116 768 3129 -
804 3086 1190 3165 Ἐντυγχάνειν
1228 3086 1313 3140 δεῖ
1336 3086 1458 3150 ταῖς
1485 3084 1661 3148 θείαις
1698 3084 1963 3155 Γραφαῖς.

2138 3082 2374 3161 Didymi.
2402 3117 2474 3126 —
2502 3086 2772 3158 Legenda:
2809 3086 3182 3144 suntrdivinm
3207 3087 3530 3159 Scriptum.
3564 3090 3671 3147 Uti-

391 3183 603 3253 Ὠσπερ
630 3181 740 3253 γὰρ
780 3182 810 3235 ὁ
832 3178 975 3243 οἶνος
1006 3180 1296 3251 πινόμενος
1325 3176 1600 3232 ἀναπαύει
1632 3174 1834 3246 λύπην,
1875 3174 1967 3229 καὶ

2079 3173 2219 3228 enim
2246 3174 2363 3229 vini
2400 3183 2566 3246 potus
2594 3176 2845 3233 dolorem
2872 3177 3061 3244 sedat;
3083 3168 3292 3234 'et.cor
3316 3193 3385 3233 ex
3430 3180 3655 3236 tristitia

395 3245 722 3346 μεταϐαλλει
762 3271 991 3343 καρδίαν
1020 3272 1100 3335 είς
1136 3245 1498 3340 εὐφροσύνην
1540 3267 1715 3331 οὕτως
1812 3283 1971 3320 πνευ-

2079 3245 2407 3321 inlaetitiam
2440 3266 2739 3335 transfert;
2793 3269 2875 3324 sic
2918 3268 3169 3340 spiritale
3200 3269 3395 3325 vinum
3449 3270 3655 3343 gaudio

395 3363 622 3435 ματικδς
650 3359 791 3427 οἶνος
837 3363 918 3426 εἰς
947 3360 1124 3433 χαρὰν
1161 3358 1490 3430 μεταϐάλλει
1519 3357 1619 3429 τὴν
1657 3356 1860 3428 ψυχήν.

1084 3378 1124 3415 ιν
1161 3358 1490 3430 μεταϐάλλει
1519 3357 1619 3429 τὴν
1657 3356 1860 3428 ψυχήν.
2058 3355 2357 3426 ,ροτίιιιιᾶίι
2390 3358 2660 3413 animum.

462 3452 537 3504 Τὸ
568 3451 767 3505 εἰδέναι
807 3450 932 3504 τινὰ
962 3452 1047 3504 ὄτι
1084 3450 1287 3518 ἀγνοεῖ,
1327 3447 1520 3517 σοφίας
1564 3447 1734 3500 ἐστίν⁹
1767 3447 1843 3511 ὡς
1877 3448 1981 3501 καῖ

2141 3445 2299 3512 Quod
2332 3448 2457 3518 quis
2485 3448 2639 3503 sciat
2662 3463 2722 3504 se
2749 3449 2989 3515 nescire,
3026 3451 3317 3522 sapientiae
3355 3461 3477 3521 est;
3510 3461 3571 3509 ut
3599 3461 3658 3509 et

393 3540 453 3595 τὸ
483 3539 681 3594 είδὲναι
717 3540 800 3594 ὅτι
827 3539 1073 3610 ἠδίκησε,
1104 3536 1475 3607 δικαιοσύνης.
1560 3585 1570 3594 .

2072 3536 2221 3607 quod
2245 3536 2384 3592 sciat
2421 3552 2481 3594 se
2519 3537 2777 3610 injuriam
2813 3537 3030 3605 fecisse,
3054 3540 3306 3613 iustitiae.

467 3631 573 3686 Τὸν
600 3630 901 3699 γνωστικδν
928 3628 1186 3683 οὐδέποτε
1218 3627 1281 3682 τὸ
1306 3626 1556 3682 πλουτεῖν
1584 3624 1777 3696 γήθειν
1807 3627 1970 3690 ποιεῖ,

2143 3627 2418 3698 Sapientis
2441 3628 2691 3709 animum
2714 3643 2820 3684 nec
2851 3627 3061 3685 divitiae
3094 3631 3295 3702 gaudio
3326 3630 3493 3705 584
3519 3632 3659 3689 eﬂ'e-

396 3721 518 3776 ούδὲ
552 3722 615 3775 τδ
639 3721 940 3794 χρημάτων
964 3720 1193 3792 ἀπορεῖν
1224 3719 1305 3783 είς
1339 3718 1669 3772 ταπείνωσιν
1702 3716 1846 3783 ἄγει*
1873 3715 1972 3786 τῆς

2107 3726 2226 3784 unt,
2264 3732 2370 3774 nec
2402 3718 2590 3790 inopia
2623 3733 2688 3773 ac
2713 3719 3075 3789 pecuniarum
3120 3726 3339 3791 egestas
3360 3721 3418 3775 in
3448 3722 3680 3779 humile-

398 3812 602 3883 ἀρετῆς
643 3810 737 3864 καὶ
767 3809 969 3878 ’σοφίας
1012 3807 1173 3862 αὑτὸν
1208 3804 1618 3884 ύπερυψούσης,
1661 3802 1758 3858 καὶ
1793 3803 1968 3872 ὑπερ-

2108 3809 2357 3883 eprimit,
2391 3826 2559 3882 quem
2611 3811 2824 3868 scilicet
2852 3811 3032 3867 virtus
3072 3826 3138 3891 ac
3183 3813 3684 3883 sapientimaltius.

398 3903 512 3958 ἀνω
541 3902 722 3958 αὐτῶν
751 3899 1002 3955 ἵστασθαι
1027 3896 1581 3971 παρασκευαζούσης.

2076 3901 2348 3969 attollant,
2382 3902 2603 3973 illisque
2635 3900 2980 3973 superiorem
3017 3892 3400 3958 constituant“

471 3996 857 4062 Φίλωνος.-
891 3990 1133 4061 ’Δνάγκη
1180 3990 1410 4061 ἀπειρία
1455 3988 1553 4043 καῖ
1598 3988 1769 4059 κακίᾳ
1826 3985 1974 4058 ἡνιό-

2147 3992 2410 4049 Philonis.
2455 4025 2524 4036 —
2566 3993 2804 4050 Necesse
2853 4002 2942 4049 est
3006 3993 3215 4064 aurigae
3265 3994 3541 4065 imperitia
3605 4006 3682 4050 et-

399 4102 519 4157 χου,
547 4084 617 4138 τὰ
650 4083 1033 4154 ύπεζευγμένα
1080 4082 1224 4136 κατὰ
1272 4080 1537 4152 κρημνῶν
1581 4077 1849 4151 φέρεσθαι
1884 4076 1975 4131 καὶ

2084 4084 2312 4151 malitia,
2342 4080 2598 4156 iumenta
2621 4099 2723 4156 per
2754 4099 3005 4155 praeceps
3034 4084 3123 4156 agi
3161 4092 3327 4155 atque
3360 4084 3660 4151 barathra;

403 4177 716 4249 βαράθρων·
757 4174 946 4247 ὥσπερ
976 4170 1238 4246 ἐμπειρίᾳ
1269 4172 1364 4227 καὶ
1393 4173 1563 4243 ἀρετῇ
1592 4168 1976 4233 διασώζεσθαι.

2082 4172 2435 4246 vicissimque
2461 4175 2611 4231 illius
2633 4175 2835 4247 peritia
2865 4183 2921 4231 et
2946 4174 3152 4235 virtute
3184 4174 3302 4231 fore
3341 4175 3658 4231 incolumia.

488 4267 797 4339 Ἀμήχανον
832 4265 900 4320 τὰ
938 4266 1152 4337 μεγάλα
1197 4263 1307 4335 πρδ
1346 4262 1465 4318 τῶν
1513 4261 1727 4334 μικρῶν
1762 4259 1982 4314 παιδευ-

2151 4264 2299 4321 Fieri
2322 4280 2433 4320 non
2466 4272 2651 4336 potest
2684 4264 3003 4337 ut-majora,
3046 4273 3175 4322 ante
3199 4281 3265 4321 ea
3296 4281 3419 4342 qua:
3444 4266 3663 4322 minora

402 4360 587 4431 θῆναι.
1958 4362 1977 4383 ’

1958 4362 1977 4383 ’
2083 4364 2232 4422 sunt,
2260 4356 2533 4413 docearis.

474 4447 772 4518 Κλήμεντ.
796 4478 867 4488 —
900 4446 1134 4500 Ἐπεται
1159 4446 1226 4517 τῇ
1254 4443 1455 4514 γνώσει
1486 4443 1556 4497 τὰ
1607 4443 1767 4515 ἔργα,
1801 4440 1876 4506 ὡς
1904 4439 1982 4511 τῷ

2153 4447 2456 4504 Clementis.
2483 4479 2555 4493 —-
2584 4449 2764 4520 Opera
2805 4448 3094 4505 scientiam
3145 4455 3474 4518 sequuntur,
3516 4448 3664 4503 haud

406 4538 623 4610 σώματι
658 4540 692 4609 ἡ
723 4538 873 4595 σκιά.
1686 4608 1697 4612 _

2020 4610 2031 4612 _
2085 4556 2246 4597 secus
2278 4556 2344 4597 ac
2380 4542 2600 4612 corpori
2628 4557 2815 4598 comes
2841 4549 2927 4597 est
2956 4540 3171 4595 umbra.
3554 4540 3557 4543 “

478 4608 891 4701 Πλουτάρχου.
921 4661 993 4671 —
1025 4630 1251 4702 Ὀνείρῳ
1294 4629 1471 4682 ἔοικεν
1504 4627 1532 4681 ὀ
1569 4608 1979 4681 τῶιῖἀπαιδεύ-
2017 4610 2054 4664 υ

2153 4632 2447 4688 Plutarchi.
2474 4664 2546 4673 —
2571 4634 2633 4689 ln
2658 4633 2873 4688 somnio
2917 4631 3116 4687 similis
3151 4637 3239 4685 est
3286 4628 3509 4695 rudium
3554 4630 3665 4684 vita

410 4739 516 4777 των
545 4722 680 4793 βίος,
709 4721 874 4785 κενὰς
900 4720 1046 4792 ἔχων
1081 4721 1415 4791 φαντασίας,

2092 4734 2153 4775 ac
2186 4720 2563 4789 indoctorum,
2610 4723 2821 4777 inanes
2849 4719 3034 4791 specie
3072 4718 3330 4774 ludentes
3382 4716 3668 4788 cogitatio-

567 4793 574 4800 ’
659 4812 663 4817 ’
2087 4827 2188 4867 ncs
2210 4812 2445 4869 habens.

488 4899 624 4955 Οὔτε
655 4901 714 4955 ὲν
755 4898 936 4970 ίχθύσι
981 4898 1187 4970 φωνὴν,
1230 4896 1353 4951 οὗτε
1384 4899 1440 4950 ἐν
1481 4894 1823 4956 ἀπαιδεύτοις
1858 4893 1987 4964 ἀρε-

2157 4903 2347 4974 Neque
2388 4904 2443 4957 in
2479 4904 2727 4974 piscibus
2754 4920 2881 4969 vox,
2908 4919 3087 4975 neque
3124 4903 3180 4956 in
3210 4898 3449 4976 indoctis
3478 4914 3544 4955 ac
3579 4898 3668 4953 in-

415 4993 516 5063 τὴν
542 4993 624 5047 δεῖ
663 4992 869 5064 ζητεῖν.

2090 4993 2454 5063 disciplinatis
2476 4994 2656 5050 virtus
2684 4995 2979 5065 quaerenda
3010 5002 3115 5049 est.

489 5108 625 5162 Οὔτε
667 5108 811 5181 ὕδωρ
859 5106 1101 5179 θολερὸν,
1144 5103 1267 5159 οὔτε
1316 5102 1639 5157 ἀπαίδευτον
1677 5100 1857 5171 ψυχὴν
1894 5117 1989 5153 τα-

2163 5106 2277 5161 Nec
2303 5121 2504 5175 aquam
2532 5106 2831 5170 turbidam,
2868 5121 2972 5161 nec
3014 5104 3299 5160 indoctum
3329 5104 3573 5159 animum
3608 5120 3673 5161 ac

407 5200 640 5273 ράσσειν
671 5200 772 5254 δεῖ.

2095 5192 2589 5264 indisciplinatum,
2630 5206 2980 5266 commovere
3011 5210 3110 5265 par
3144 5201 3250 5249 est.

484 5311 821 5382 Δυσάρεστοι
871 5309 1026 5373 ὅντες
1079 5308 1128 5361 οἱ
1164 5304 1501 5369 ἀπαίδευτοι,
1536 5302 1788 5372 καθάπερ
1828 5301 1887 5365 ἐξ
1918 5301 1996 5357 οἰ-

2163 5305 2397 5373 Ιιιᾶοοιί,
2426 5322 2553 5363 cum
2580 5306 2788 5362 morosi
2839 5306 2971 5373 sint,
3007 5306 3164 5375 quasi
3209 5320 3278 5360 ex
3334 5304 3569 5371 aedibus,
3607 5323 3677 5363 ex

402 5401 580 5468 κιῶν,
607 5402 717 5459 τῶν
745 5401 1120 5475 προαιρέσεσιν
1162 5396 1285 5452 καθ’
1313 5395 1524 5467 ἡμέραν
1567 5392 1971 5465 μετοικίζονται

1496 5413 1524 5448 ν
1567 5392 1992 5465 μετοικίζονται·
2092 5400 2211 5455 suis
2230 5399 2482 5469 quotidie
2508 5399 2784 5455 institutis
2812 5398 3070 5469 migrant.

490 5515 558 5569 Οἱ
589 5515 686 5585 μὲν
712 5514 878 5582 ξένοι,
912 5515 972 5569 ἐν
1012 5515 1135 5578 ταῖς
1179 5510 1341 5588 ὁδοῖς,
1381 5509 1433 5561 οῖ·
1478 5508 1537 5563 δὲ
1574 5508 1909 5576 ἀπαίδευτοι,
1940 5510 1998 5562 ὲν

2166 5511 2452 5583 Peregrini
2475 5510 2723 5583 quidem,
2755 5511 2815 5568 in
2844 5511 2985 5578 viis;
3012 5509 3222 5566 indocti
3244 5526 3400 5576 vero,
3426 5511 3482 5566 in
3509 5507 3680 5583 nego-

397 5606 537 5670 τοῖς
561 5606 852 5679 πράγμασι
872 5605 1291 5662 διαπλανῶνται.
1326 5675 1345 5681 ῃ

849 5642 852 5658 .
872 5605 1291 5662 διαπλανῶνται.
1326 5675 1345 5681 ῃ
2099 5602 2192 5658 tiis
2218 5610 2425 5659 errant.

438 5704 447 5711 ’
499 5721 845 5790 Πλάτωνος.
874 5749 944 5802 -ς
988 5722 1145 5799 Πᾶσα
1196 5718 1476 5791 ἐπιστήμη
1520 5717 1867 5793 χωριζομένη
1929 5719 2004 5774 δι-

2173 5692 2382 5777 Οιιηιίέ
2406 5718 2659 5783 scicntia.
2712 5715 2954 5789 iustitiae
3010 5714 3371 5789 reliquisque_
3400 5710 3700 5769 virtutibus
