3994 6172
306 251 410 320 823

513 473 554 517 ι.

513 475 554 517 ι.

304 475 642 616 “ferentis.
672 516 740 591 -έ-
765 550 855 608 Uti
882 565 1065 621 apem,
1101 551 1445 621 quibuslibet
1486 549 1716 605 ﬂoribus
1756 548 1892 603 insi-

307 646 551 711 (lentem,
592 660 658 699 ex
687 643 921 714 singulis
942 644 1089 713 quod
1122 644 1195 698 sit
1225 645 1381 709 utile,
1414 643 1672 698 videmus
1697 642 1891 696 decer-

304 746 476 808 pere;
534 738 617 791 sic
663 743 719 790 et
783 735 1092 804 diSciplina:
1154 735 1386 805 cupidos
1440 735 1623 811 decet,
1683 733 1889 787 nullius

307 839 585 900 etpertes,
621 843 687 883 ea
716 842 839 897 quas
876 826 1212 890 conducant,
1247 826 1491 896 undique
1522 826 1727 897 legere.

378 1000 711 1074 Diligentius
730 1002 1028 1056 verborum
1052 1008 1218 1070 atque
1253 998 1523 1054 doctrina:
1580 1013 1744 1067 quam
1793 1010 1891 1066 pe-

309 1096 601 1152 cuniarum
631 1092 884 1163 deposita
908 1098 1145 1146 servato.

377 1186 598 1241 Aristot.
624 1216 695 1224 —
725 1184 1039 1246 Beatitudo,
1096 1198 1207 1238 non
1251 1183 1307 1236 in
1351 1183 1651 1237 multarum
1702 1193 1886 1235 rerum

310 1289 476 1332 censu
504 1275 759 1347 ponenda
785 1284 891 1339 est,
924 1275 1018 1329 sed
1060 1275 1115 1329 in
1162 1276 1346 1329 animo
1399 1275 1540 1329 bene
1563 1273 1883 1328 constituto.

309 1362 499 1438 Neque
531 1369 679 1424 enim
704 1369 997 1438 quisquam
1029 1383 1231 1439 corpus
1270 1367 1493 1422 beatum
1524 1366 1696 1429 dicat,
1737 1363 1887 1433 quod

313 1460 616 1530 Splendidis
642 1460 890 1515 vestibus
922 1458 1216 1523 colluceat,
1256 1459 1352 1513 sed
1397 1457 1547 1528 quod
1581 1471 1773 1512 sanum
1816 1455 1888 1509 sit

313 1568 379 1612 nc
406 1555 718 1617 robustum,
767 1552 986 1607 etiamsi
1036 1567 1226 1607 eorum
1282 1565 1405 1620 qua:
1448 1550 1596 1603 dicta
1645 1555 1795 1610 sunt,
1834 1544 1887 1599 ei

312 1648 452 1702 nihil
480 1651 758 1716 suppetat.
792 1640 1001 1698 Eodem
1056 1643 1221 1698 modo
1262 1642 1333 1697 et
1365 1642 1588 1698 animus
1613 1640 1659 1694 si
1716 1636 1888 1692 fuerit

313 1736 589 1800 eruditus,
650 1736 745 1805 qui
805 1734 1078 1805 ejusmodi
1134 1734 1616 1802 l‘uerit,'ejusque
1668 1728 1889 1799 generis

312 1824 503 1893 homo,
536 1828 735 1882 beatus
761 1825 1030 1880 dicendus
1056 1834 1172 1891 est;
1215 1841 1324 1879 non
1360 1824 1407 1878 si
1445 1824 1609 1879 rebus
1645 1820 1889 1876 externis

314 1916 659 1989 splendidius
685 1925 942 1979 ornatus,
970 1915 1087 1984 ipse
1128 1915 1293 1969 homo
1321 1914 1480 1968 nihili
1528 1914 1715 1969 fuerit.
1751 1912 1889 1967 Nam

312 2024 417 2068 nec
435 2027 661 2081 equum,
693 2011 737 2065 si
763 2016 1089 2064 ornamenta
1120 2023 1287 2062 aurea
1318 2008 1522 2061 habeat
1558 2014 1615 2061 et
1645 2004 1889 2075 pretiosa

313 2101 495 2171 magni
521 2099 882 2163 aestimamus,
905 2112 1030 2151 cum
1052 2097 1280 2167 ignavus
1308 2094 1412 2150 sit:
1447 2094 1542 2148 sed
1565 2094 1660 2162 qui
1683 2091 1890 2161 Optime

313 2203 548 2260 corpore
568 2188 903 2243 constitutus
929 2195 1015 2240 est
1038 2201 1101 2241 ac
1124 2199 1445 2255 generosus,
1476 2183 1624 2238 hunc
1653 2183 1890 2237 maxime

311 2277 539 2337 laudare
604 2281 867 2335 solemus.
933 2276 1409 2345 Quemadmodum
1460 2276 1609 2330 enim
1669 2276 1713 2330 si
1764 2277 1891 2344 quis

312 2371 484 2427 herus
509 2370 699 2425 vernis
728 2369 851 2424 suis
888 2366 1136 2422 deterior
1168 2368 1260 2433 sit,
1295 2367 1640 2423 deridiculus
1687 2365 1893 2420 habea-

311 2469 406 2518 tur
431 2481 444 2518 :
482 2464 562 2518 sic
587 2459 749 2533 585
773 2476 870 2516 eos
893 2461 1125 2516 miseros
1149 2460 1485 2532 iudicamus,
1516 2458 1719 2529 quibus
1754 2473 1890 2513 con-

314 2556 478 2627 tingit
526 2564 588 2609 ut
620 2569 758 2624 quas
789 2554 1076 2623 possident
1122 2568 1279 2625 opes,
1314 2540 1669 2622 ipso‘eorum
1706 2549 1889 2621 genio,

312 2648 510 2721 majori
539 2646 595 2700 in
633 2646 815 2716 pretio
843 2645 1114 2699 habenda:
1153 2646 1287 2699 sint.

380 2818 653 2881 Demosth.
687 2853 757 2863 —
783 2818 1185 2877 Demosthenes
1237 2817 1431 2872 aiebat
1452 2816 1716 2872 doctrinas
1741 2814 1892 2870 radi-

314 2925 433 2975 cem
453 2930 694 2974 amaram
728 2929 849 2970 esse
868 2953 883 2978 ,
910 2911 1123 2966 fructus
1145 2917 1331 2965 autem
1362 2908 1574 2964 dulces.

1497 254 1558 316 s.
1602 253 1885 315 MAXIMI
1927 250 2435 316 CONFESSOHIS
2544 281 2565 293 α

302 372 533 429 minime
562 370 877 442 conjuncta,
924 368 1191 432 versutia,
1225 366 1375 423 haud
1416 383 1549 422 vero
1592 368 1884 438 sapientia,

2010 369 2284 438 ιαιοσύνης
2334 378 2428 424 καὶ
2475 372 2569 441 τῆς
2615 371 2779 443 ἄλλης
2814 371 3036 443 ἀρετῆς,
3086 372 3416 444 πανουργία,
3451 374 3571 428 ἀλλ’

3461 254 3569 323 824

1988 461 2048 515 ού
2093 464 2254 530 σοφία
2289 462 2560 531 φαίνεται.

2073 553 2369 621 Ἰσοκράτ.
2398 585 2468 595 -
2493 553 2704 625 Ὠσπερ
2761 554 2859 625 τὴν
2915 554 3170 625 μέλιτταν
3202 555 3442 625 ὁρῶμεν,
3482 554 3565 622 ἐφ’

1989 645 2205 699 ἅπαντα
2243 644 2341 713 μὲν
2374 642 2443 696 τὰ
2479 644 2839 715 βλαστήματα
2864 643 3282 709 καθιζάνουσαν,
3319 646 3414 713 ἀφ’
3435 646 3565 699 ἐκά-

1990 753 2117 789 στου
2145 736 2201 789 δὲ
2222 736 2289 788 τὰ
2316 738 2562 807 χρήσιμα
2580 736 2965 806 λαμϐάνουσαν
2983 753 2998 769 ·
3032 732 3176 789 οὕτω
3206 736 3285 789 δεῖ
3315 737 3411 789 καὶ
3440 738 3564 801 τοὺς

1990 829 2236 892 παιδείας
2276 829 2658 900 ὀρεγομένους,
2708 827 2933 899 μηδενὸς
2986 829 3085 898 μὲν
3128 828 3371 902 ἀπείρως
3396 828 3559 899 ἔχειν,

1990 921 2328 991 πανταχόθεν
2353 921 2409 973 δὲ
2438 921 2504 974 τὰ
2546 919 2795 991 χρήσιμα
2836 919 3134 986 συλλέγειν.

2002 1030 2007 1036 ·
2061 1006 2299 1068 Μᾶλλον
2321 1014 2478 1082 τήρει
2501 1013 2600 1075 τὰς
2632 1011 2742 1064 τῶν
2773 1009 2971 1080 λόγων,
3004 1010 3038 1081 ἦ
3072 1012 3172 1075 τὰς
3207 1010 3315 1064 τῶν
3346 1012 3557 1083 χρημάο

1987 1123 2096 1160 των
2126 1106 2621 1178 παρακαταθήκας.

2078 1199 2373 1265 Ἀριστοτ.
2401 1227 2471 1238 ——
2503 1198 2817 1270 Νομίζομεν
2865 1197 2922 1253 δὲ
2967 1197 3066 1269 τὴν
3091 1197 3439 1266 εὐδαιμονίαν
3466 1194 3564 1250 οὐκ

1989 1290 2046 1342 ἐν
2091 1289 2168 1360 τῷ
2202 1288 2372 1343 πολλὰ
2406 1290 2705 1355 κεκτῆσθαι
2747 1290 3015 1358 γίνεσθαι’
3064 1289 3262 1359 μᾶλλον
3289 1288 3367 1352 δὲ,
3401 1290 3456 1340 ὲν
3487 1286 3564 1357 τῷ

1988 1383 2053 1452 τῇ
2098 1381 2244 1451 ψυχῇ
2297 1379 2356 1435 εὖ
2406 1380 2732 1436 διακεῖσθαι.
2766 1381 2878 1435 Καὶ
2924 1380 3031 1453 γὰρ
3092 1381 3153 1434 τὸ
3205 1380 3365 1451 σῶμα
3414 1379 3475 1433 οὐ
3504 1379 3564 1431 τὸ

1988 1472 2217 1542 λαμπρᾷ
2261 1471 2449 1542 ἐσθῆτι
2502 1472 2939 1543 κεκοσμημένον,
3000 1469 3133 1541 φαίη
3184 1488 3269 1534 τις
3319 1470 3385 1524 ἂν
3424 1460 3562 1522 εἶναι

1994 1564 2288 1635 μακάριον,
2333 1563 2468 1618 ἀλλὰ
2507 1562 2568 1617 τὸ
2608 1562 2705 1633 τὴν
2741 1562 2928 1631 ὑγείαν
2971 1562 3091 1632 ἔχον
3134 1562 3228 1616 καὶ
3259 1559 3565 1621 σπουδαίως

1991 1654 2357 1725 διακείμενον,
2418 1655 2522 1708 κᾶν
2582 1655 2747 1726 μηδὲν
2790 1655 2899 1707 τῶν
2940 1651 3367 1723 παρακειμένων
3415 1646 3563 1720 αύτῷ

1993 1749 2164 1817 παρῇ.
2200 1748 2304 1800 Τὸν
2359 1747 2522 1802 αὐτὸν
2570 1747 2635 1816 δὴ
2667 1747 2869 1817 τρόπον
2910 1745 3006 1798 καὶ
3041 1744 3240 1813 ψυχὴν,
3275 1743 3369 1794 ὲὰν
3461 1756 3560 1793 πε-

1992 1838 2353 1910 παιδευμένη,
2389 1840 2489 1908 τὴν
2530 1839 2789 1906 τοιαύτην
2822 1836 2917 1890 καὶ
2960 1835 3050 1889 τὸν
3074 1834 3358 1905 ἄνθρωπον
3388 1829 3563 1884 εὐδαί-

1994 1945 2131 1999 μονα
2161 1930 2633 2000 προσαγορευτέον
2662 1928 2840 1981 ἐστίν’
2875 1927 2976 1980 οὐκ
3003 1927 3068 1980 ἄν
3084 1942 3164 1987 τις
3188 1918 3395 1995 ὲκτδςῇ
3424 1922 3563 1990 λαμ-

1992 2018 2146 2090 πρῶς
2180 2019 2617 2089 κεκοσμημένος,
2674 2016 2836 2080 αὐτὸς
2870 2016 2927 2068 δὲ
2973 2015 3199 2085 μηδενὸς
3229 2013 3395 2077 ἄξιος.
3428 2010 3565 2090 Οὖτε

1994 2088 2104 2179 γὰρ
2136 2110 2303 2162 ἵππον
2327 2088 2422 2162 ἐὰν
2441 2088 2652 2178 eam
2677 2102 2856 2180 χρυσᾶ
2876 2107 2971 2160 καὶ
2996 2104 3165 2174 σκεύη
3198 2104 3311 2175 ἔχει
3341 2088 3567 2155 πολυτέ-

1992 2199 2080 2267 λῆ,
2111 2199 2312 2268 φαῦλος
2359 2198 2456 2263 ὢν,
2487 2199 2578 2253 τὸν
2606 2198 2851 2252 τοιοῦτον
2897 2197 3049 2261 ᾇξιόν
3096 2211 3241 2256 τινος
3270 2193 3566 2263 νομίζομεν

1991 2284 2151 2341 εἶναι·
2180 2286 2297 2341 ἀλλ’
2334 2285 2394 2350 ὃς
2434 2286 2499 2341 ἂν
2531 2285 2874 2356 διακείμενος
3008 2283 3333 2347 σπουδαίως,
3373 2281 3566 2334 τοῦτον

1995 2377 2196 2448 μᾶλλον
2229 2375 2581 2446 ἐπαινοῦμεν.
2615 2377 2829 2448 ’Ὠσπερ
2862 2375 2972 2446 γὰρ
2998 2376 3052 2427 εί
3083 2391 3169 2436 τις
3204 2374 3313 2426 τῶν
3337 2369 3566 2426 οἰκετῶν

1992 2466 2157 2522 αὐτοῦ
2219 2467 2418 2539 χείρων
2478 2468 2589 2535 εἴη,
2643 2466 3047 2535 καταγέλαστος
3098 2464 3176 2519 ἂν
3210 2465 3439 2531 γένοιτο·
3474 2462 3566 2516 τὸν

1993 2560 2155 2612 αὑτὸν
2185 2554 2407 2631 τρόπον,
2440 2554 2521 2624 οἷς
2552 2559 2801 2623 πλείονος
2844 2559 3002 2624 ἀξίαν
3041 2558 3139 2629 τὴν
3185 2559 3375 2627 κτῆσιν
3425 2550 3566 2609 εἶναι

1996 2654 2345 2724 συμϐέϐηκεν
2374 2654 2470 2725 τῆς
2501 2653 2635 2716 ἰδίας
2657 2652 2894 2723 φύσεως,
2932 2652 3149 2716 ἀθλίους
3174 2650 3399 2714 τούτους
3429 2644 3568 2702 εἶναι

1992 2743 2075 2797 δεῖ
2104 2743 2377 2815 νομίζειν.
2666 2807 2669 2809 ἓ

2062 2840 2322 2907 Δημοσθ.
2358 2868 2429 2878 -
2454 2828 2644 2901 Οὗτος,
2702 2837 2801 2907 τὴν
2841 2835 2939 2907 μὲν
2998 2835 3153 2907 ῥίζαν
3186 2831 3285 2903 τῆς
3317 2829 3568 2894 παιδείας

1994 2928 2095 2999 ἔφη
2130 2927 2266 2982 εἶναι
2297 2929 2498 3000 πικράν
2529 2944 2543 2959 ·
2572 2929 2700 2991 τοὺς
2732 2927 2789 2981 δὲ
2810 2927 3078 2998 καρποὺς,
3098 2926 3341 2994 γλυκεῖς.

385 3010 671 3066 Democrit.
709 3038 781 3049 ——
810 3004 1139 3075 Disciplina,
1184 3001 1254 3058 iis
1303 3002 1529 3072 quidem
1579 3000 1676 3070 qui
1722 2999 1890 3054 rebus

2066 2999 2485 3088 Δημοκρίτξ-
2542 3020 2606 3072 Ἥ
2646 3018 2886 3085 παιδεία,
2949 3016 3235 3088 εὐτυχοῦσι
3307 3014 3409 3086 μέν
3449 3015 3565 3068 ἐστι

316 3102 578 3159 secundis
613 3108 862 3163 utantur,
908 3104 1295 3152 ornamentum
1324 3103 1453 3159 est;
1504 3093 1572 3148 iis
1619 3107 1751 3148 vero
1796 3091 1890 3161 qui

2010 3112 2216 3183 ιόσμος,
2243 3112 2509 3182 ἀτυχοῦσι
2546 3111 2623 3178 δὲ,
2650 3110 3011 3181 καταφύγιον.

264 3185 271 3192 ’
313 3192 581 3253 adversis,
610 3188 908 3259 refugium.

383 3281 655 3338 Civitates
692 3278 951 3350 appensis
990 3275 1273 3343 donariis;
1327 3274 1539 3330 animos
1581 3272 1892 3345 disciplinis

312 3373 593 3431 ornandos
624 3386 769 3426 esse.

383 3464 648 3521 Socrates.
680 3463 1013 3539 -Βίνίιειη
1029 3460 1324 3533 quemdam
1352 3460 1640 3516 indoctum
1670 3458 1890 3529 conspi-

313 3567 503 3614 catus:
537 3558 700 3621 Ecce,
736 3557 938 3626 inquit,
978 3570 1208 3611 aureum
1247 3554 1609 3624 mancipium.

381 3651 530 3705 ldem
565 3649 959 3719 interrogatus,
995 3647 1141 3702 inter
1170 3647 1433 3702 animalia
1458 3643 1735 3715 quodnam
1771 3640 1896 3713 pul-

312 3739 649 3797 elierrimum
676 3747 844 3804 esset,
893 3738 1219 3809 respondit:
1268 3737 1443 3792 Homo
1473 3737 1570 3807 qui
1600 3736 1673 3792 sit
1722 3736 1891 3791 disci-

311 3831 483 3903 plinis
512 3842 763 3887 ornatus.

383 3924 770 3993 Exprobrante
807 3919 1044 3992 quodam
1081 3916 1229 3989 quod
1260 3919 1499 3974 barbare
1528 3919 1889 3987 loqueretur:

311 4013 426 4085 Ego
475 4012 722 4084 quidem,
759 4011 962 4080 inquit,
991 4024 1247 4066 sermone
1297 4010 1570 4065 barbarus
1600 4024 1745 4077 sum,
1794 4025 1893 4065 vos

314 4114 498 4159 autem
540 4101 811 4155 moribus.

383 4194 533 4247 Idem
572 4190 963 4261 interrogatus,
991 4204 1242 4260 qumnam
1287 4191 1495 4262 optima
1526 4199 1674 4247 esset
1724 4190 1893 4247 disci-

312 4284 493 4354 plina:
517 4279 812 4352 Dediscere
834 4278 995 4343 mala,
1020 4281 1326 4350 respondit.
1596 4266 1599 4267 ν

385 4372 694 4426 Demonact.
718 4398 787 4409 —-
807 4366 1042 4435 lndocti,
1070 4380 1327 4441 tanquam
1347 4372 1539 4442 pisces
1560 4373 1729 4444 capti,
1758 4372 1890 4428 dum

2066 4377 2404 4446 Δημώνακτ.
2438 4404 2508 4417 --
2535 4373 2598 4428 Οἱ
2625 4371 2961 4434 ἀπαίδευτοι,
2994 4365 3247 4437 καθάπερ
3274 4364 3325 4418 oi
3357 4362 3579 4418 ἁλιευόέ

320 4465 639 4527 trahuntur,
682 4462 865 4519 silent.
916 4510 921 4515 .

382 4557 605 4627 Diogen.
628 4586 698 4596 —
722 4556 964 4627 Rogatus
995 4556 1143 4625 quod
1172 4571 1312 4611 onus
1338 4564 1481 4610 terra
1504 4557 1890 4628 gravissimum

312 4648 616 4711 sustineret
642 4667 656 4701 :
690 4648 1002 4712 lndoctum,
1041 4648 1242 4718 inquit,
1270 4649 1572 4703 hominem.

385 4739 700 4809 Eristippus
732 4738 1070 4811 Cyrenaicus
1116 4723 1481 4808 philosophus
1509 4740 1890 4795 adolescentes

314 4829 523 4885 hortari
578 4830 813 4895 solebat,
854 4841 917 4885 ut
969 4831 1099 4884 talia
1127 4829 1233 4884 sibi
1292 4831 1494 4886 viatica
1551 4840 1889 4901 quaererent,

314 4933 438 4988 quae
464 4933 587 4973 cum
629 4917 764 4988 ipsis
785 4918 840 4973 in
874 4917 1161 4989 naufragio
1184 4928 1409 4974 enatare
1432 4932 1678 4989 possent.

383 5008 569 5064 Solon.
599 5041 671 5050 —
696 5009 833 5064 Cum
867 5010 919 5063 ei
948 5008 1280 5079 quandoque
1317 5011 1524 5080 probro
1554 5018 1891 5076 verteretur,

314 5100 460 5170 quod
492 5100 758 5155 intentata
786 5099 885 5153 lite
904 5105 1182 5154 oratorem
1220 5099 1475 5176 mercede
1532 5100 1891 5154 redemisset:

316 5194 479 5256 Sane,
518 5191 717 5260 inquit,
750 5206 876 5245 nam
915 5198 973 5245 et
1004 5205 1217 5246 caenam
1246 5190 1624 5247 instructurus
1653 5205 1893 5261 coquum

316 5285 589 5342 conduco.

389 5376 691 5431 Cleanthes.
720 5406 789 5416 ——
812 5375 1010 5431 Aiebat
1034 5375 1332 5431 Cleanthes
1378 5390 1494 5439 eos,
1531 5374 1624 5444 qui
1648 5372 1897 5443 discipli-

319 5466 407 5522 nis
430 5468 903 5535 carercntforma,
937 5468 1203 5523 duntaxat
1234 5483 1269 5524 a
1304 5467 1500 5523 bestiis
1536 5466 1786 5521 dill‘erre.

2067 3297 2180 3361 Τὰς
2207 3295 2306 3367 μὲν
2335 3293 2519 3359 πόλεις
2555 3294 2870 3367 ἀναθήμασι
2889 3309 2902 3322 ·
2939 3292 3037 3355 τὰς
3066 3289 3124 3344 δὲ.
3156 3288 3352 3360 ψυχὰς,
3371 3282 3565 3357 ’μαθήο

1996 3405 2131 3460 μασι
2167 3388 2245 3440 δεῖ
2266 3389 2512 3456 κοσμεῖν.
3408 3416 3421 3421 ,

2063 3476 2324 3544 Σωκράτ.
2371 3475 2513 3528 Ἰδὼν
2543 3473 2797 3528 πλούσιον
2822 3472 3190 3536 ἀπαίδευτον,
3241 3467 3367 3539 ἔφη,
3432 3464 3563 3518 Ἰδοὺ

1995 3572 2087 3626 καὶ
2116 3571 2176 3623 τὸ
2202 3568 2436 3641 χρυσοῦν
2457 3568 2810 3639 ἀνδράποδον.
2972 3551 2977 3557 .

2076 3661 2135 3715 '0
2159 3661 2321 3723 αὐτὸς
2345 3658 2640 3729 ἐρωτηθεὶς
2659 3699 2673 3721 ,
2700 3656 2753 3710 τί
2795 3655 2908 3710 τῶν
2931 3654 3084 3717 ζώων
3111 3649 3397 3707 κάλλιστόν
3427 3649 3564 3724 ἔστι,

1994 3754 2120 3825 ἔφη,
2160 3752 2483 3824 Ἀνθρωπος
2512 3747 2731 3819 παιδείᾳ
2759 3746 3150 3818 κοσμούμενος.

2076 3926 2496 3999 Ὀνειδιζόμενος
2556 3923 2661 3977 ύπό
2712 3939 2852 3983 τινος
2906 3922 2989 3976 ὅτι
3038 3915 3397 3990 βαρϐαρίζει,
3439 3914 3564 3984 ἔφη,

2006 4019 2147 4089 Ἐγὼ
2179 4020 2277 4090 μὲν
2297 4018 2374 4089 τῷ
2390 4016 2554 4088 λόγῳ,
2583 4015 2737 4086 ὑμεῖς
2759 4012 2814 4066 δὲ
2837 4010 2913 4082 τῷ
2937 4010 3145 4082 τρόπῳ.

2074 4197 2133 4251 '0
2180 4196 2340 4260 αὐτὸς
2381 4192 2713 4266 ἐρωτηθεὶς,
2768 4190 2821 4245 τι
2866 4188 3086 4260 ἄριστόν
3131 4188 3247 4240 ἐστι
3306 4182 3564 4255 μάθημα,

1994 4288 2121 4359 ἔφη,
2154 4288 2227 4341 Τὸ
2256 4285 2560 4357 ἀπομαθεῖν
2586 4283 2653 4336 τὰ
2685 4282 2852 4335 κακά.

1991 4489 2142 4545 μενοι
2176 4469 2376 4539 ἰχθύες,
2408 4466 2692 4535 ἑλκόμενοι
2722 4463 2936 4531 σιγῶσι.

2061 4561 2362 4633 Διογένης.
2403 4587 2472 4599 --
2524 4555 2886 4628 Ἐρωτηθεὶς,
2921 4552 2976 4607 τί
3013 4554 3085 4622 γῆ
3130 4549 3428 4622 βαρύτερον
3475 4544 3570 4615 βα·-

1989 4651 2195 4718 στάζει,
2231 4651 2360 4720 ἔφη,
2394 4649 2715 4719 ’Ἄνθρωπον
2739 4645 3083 4699 ἀπαίδευτον.

2070 4744 2417 4815 Ἐρίστιππος
2463 4740 2510 4772 ’⁵
2541 4741 2569 4792 ὁ
2610 4735 2952 4810 Κυρηναῖκδς
2991 4735 3299 4805 φιλόσοφος,
3330 4744 3570 4802 παρεκε-

1991 4839 2180 4894 λεύετο
2196 4837 2307 4898 τοῖς
2323 4834 2465 4895 νέοις
2479 4829 2703 4885 τοιαῦτα
2727 4828 2911 4898 ἐφόδια
2929 4826 3182 4893 κτᾶσθαι,
3204 4825 3367 4879 ἅτινα
3387 4822 3572 4884 αὐτοῖς

1993 4929 2089 4983 καὶ
2112 4926 2456 4994 ναυαγήσασι
2488 4920 3009 4990 συνεκκολυμϐήσει.

2066 5018 2208 5074 Σόλ.
2230 5048 2299 5060 --
2340 5012 2758 5083 Ὀνειδιζόμενός
2806 5028 2956 5071 ποτε,
2991 5011 3071 5062 ὅτι
3099 5008 3253 5074 δίκην
3284 5005 3422 5075 ἔχων
3455 5004 3574 5073 ὲμι-

1998 5109 2244 5163 σθὼσατο
2296 5107 2525 5177 ῥήτορα,
2561 5104 2670 5156 Καὶ
2707 5100 2839 5170 γὰρ,
2883 5100 3009 5167 ἔφη,
3036 5099 3163 5150 ὅταν
3198 5096 3410 5148 δεῖπνον
3443 5092 3571 5163 ἔχω,

2005 5202 2262 5272 μάγειρον
2288 5196 2478 5267 μισθοῦ
2487 5198 2617 5264 μαιὲ

2072 5370 2322 5427 Κλεάνθ.
2358 5400 2424 5411 -—
2473 5366 2788 5435 Κλεάνθης,
2834 5366 2959 5429 τοὺς
3007 5360 3387 5427 ἀπαιδεύτους,
3437 5356 3572 5431 μόνῃ

2000 5467 2065 5536 τῇ
2095 5464 2275 5535 μορφῇ
2306 5461 2415 5516 τῶν
2445 5460 2649 5533 θηρίων
2674 5457 2973 5530 διαφέρειν.

1590 5583 1827 5640 VAlll/E
1862 5581 2157 5643 LECTION
2168 5580 2266 5636 ES.

323 5647 370 5685 “
420 5656 730 5727 ‘Apt'otzmz.
753 5655 920 5711 Gesn.
