3990 6176
261 298 363 364 825

1573 303 1742 364 LOCI
1780 304 2219 365 COMMUNES.

3410 296 3519 362 826
3593 298 3596 301 ’

334 415 607 468 Γλύκων.
648 445 716 454 --
745 411 967 476 Γλύκων
987 414 1015 467 6
1048 414 1347 487 σοφδς,⁹τὴν
1378 415 1623 469 παιδείαν
1642 416 1825 484 ἔλεγεν

2027 417 2245 486 Glycon.
2274 446 2343 454 —
2371 414 2578 485 Glycon
2630 413 2873 483 sapiens,
2919 413 3229 468 doctrinam
3308 426 3527 466 sacrum

267 511 310 562 Is
319 508 408 579 p’N
440 506 635 559 ἄσυλον
664 503 822 561 εἶναι.

345 598 694 666 Ἐμπεδοκλ.
736 628 808 641 --
860 599 1227 669 Ἐμπεδοκλῆς
1256 602 1283 653 6
1318 600 1547 669 φυσικὸς
1591 600 1724 669 πρὸς
1757 600 1847 654 τὸν

261 689 510 756 λέγοντα,
533 690 615 742 ὃτι
640 689 845 743 Οὐδένα
871 691 1035 759 σοφὸν
1056 690 1290 761 δύναμαι
1312 691 1492 761 εὑρεῖν
1510 692 1650 744 κατὰ
1667 692 1845 757 λόγον,

264 774 409 843 εἶπε,
444 780 546 832 Τὸν
576 778 684 850 γάρ
720 778 989 850 ζητοῦντα
1020 780 1202 850 σοφὸν,
1228 781 1389 834 αὑτὸν
1425 781 1685 851 πρότερον
1710 777 1846 834 εἶναι

196 904 211 907 -
264 871 345 923 δεῖ
370 869 548 939 σοφόν.

351 1050 570 1118 Ἱέρων.
598 1083 668 1096 -ο-
704 1051 885 1124 Ἱέρων
916 1054 944 1107 6
973 1053 1192 1118 Σικελὸς
1212 1053 1495 1124 τύραννος,
1516 1050 1848 1123 Ξενοφάνους

266 1143 362 1195 τοῦ
390 1143 733 1212 Κολοφωνίου
769 1143 1015 1215 ποιητοῦ.
1045 1145 1307 1213 ψέγοντος
1367 1146 1649 1217 Ὅμηρον,
1702 1145 1849 1216 ἠρώ-

267 1250 435 1304 τησεν
468 1234 651 1298 αὐτὸν,
674 1235 882 1299 Πόσους
920 1236 1138 1300 οἰκέτας
1162 1236 1334 1307 ἔχεις;
1371 1237 1465 1291 τοῦ
1497 1238 1554 1290 δὲ
1580 1237 1847 1300 εἰπόντος,

270 1324 408 1389 Δύο,
465 1326 559 1379 καὶ
608 1326 833 1389 τούτους
894 1328 1054 1397 μόγις
1099 1328 1356 1399 τρέφειν’
1423 1329 1536 1381 Οὐκ
1585 1327 1845 1399 αἰσχύνῃ,

270 1418 457 1487 φησὶν,
488 1418 737 1488 Ὅμηρον
788 1418 993 1488 ψέγων,
1036 1419 1095 1483 ὃς
1141 1418 1493 1490 μετηλλαχὼς
1538 1416 1845 1486 πλείοναςῆ

176 1574 185 1583 ⁸
272 1507 505 1576 μυρίους
531 1508 756 1579 τρέφεις

337 1599 641 1653 Καπιόνου
674 1600 962 1670 φιλοσόρ.
1000 1630 1071 1640 —
1096 1600 1388 1670 Φιλόσοφος
1410 1601 1455 1631 ’⁷
1480 1600 1618 1671 ἔχων
1642 1601 1736 1654 δύο
1755 1618 1851 1671 μα-

266 1688 457 1758 θητὰς,
481 1688 576 1743 ἕνα
604 1690 705 1758 μὲν
728 1691 899 1761 ἀφυῆ,
928 1692 1213 1759 φιλόπονον
1236 1691 1294 1744 δέ
1321 1708 1335 1723 ·
1359 1691 1547 1762 ἕτερον
1567 1690 1623 1744 δὲ
1650 1691 1845 1759 εὐφυῆ,

1956 507 2164 576 asylum
2188 522 2308 560 esse
2342 504 2581 559 dicebat.

2025 596 2329 667 Empedocl.
2355 627 2425 635 —
2447 594 2826 664 Empedocles,
2856 591 3123 646 naturalis
3140 590 3529 662 philosophus,

1954 695 2227 757 querente
2276 686 2514 757 quodam
2578 683 2723 753 quod
2767 682 3043 737 neminem
3096 678 3311 734 ratione
3364 687 3532 747 atque

1954 779 2141 833 animo
2187 778 2492 847 sapientem
2549 775 2887 836 offenderet,
2946 770 3275 840 respondit:
3323 770 3531 838 Nempe

1954 876 2174 939 oportet
2226 883 2374 931 eum,
2408 867 2504 936 qui
2538 866 2843 936 sapientem
2882 864 2955 917 sit
2989 863 3348 933 quaesiturus,
3378 862 3533 931 prius

1956 961 2265 1031 sapientem
2291 974 2435 1013 esse.

2026 1052 2248 1106 Hieron.
2274 1079 2346 1090 -—
2371 1049 2578 1103 IIieron
2604 1046 2822 1101 Siculus
2847 1055 3134 1117 tyrannus,
3172 1057 3297 1098 cum
3346 1040 3535 1096 Xeno-

1956 1144 2165 1214 phanes
2197 1139 2574 1210 Colophonius
2618 1145 2780 1207 poeta
2810 1136 3112 1191 Homerum
3153 1133 3531 1202 vituperaret,

1955 1242 2091 1304 quot
2137 1232 2371 1287 famulos
2428 1230 2678 1294 haberet,
2736 1227 3119 1298 interrogavit.
3172 1224 3381 1292 Illoque
3446 1237 3535 1274 re—

1956 1326 2285 1395 spondente,
2310 1339 2369 1378 se
2395 1322 2537 1383 duos,
2558 1322 2786 1385 habere,
2809 1320 3011 1388 vixque
3029 1317 3139 1372 illis
3160 1315 3357 1370 alendo
3381 1329 3532 1368 esse:

1956 1416 2078 1472 Non
2109 1427 2162 1472 te
2203 1416 2396 1486 pudet,
2434 1404 2615 1484 inquit
2660 1421 2949 1483 tyrannus,
2981 1410 3283 1464 Homerum
3313 1405 3535 1472 vitupe-

1958 1525 2105 1571 rare,
2135 1509 2229 1579 qui
2262 1509 2446 1578 plures
2484 1506 2678 1561 decem
2711 1505 2958 1560 millibus
2990 1502 3102 1556 fato
3128 1500 3354 1555 functus
3395 1495 3538 1550 alit?

2025 1597 2235 1668 Capion
2294 1595 2662 1666 phi1080phus
2722 1595 2883 1649 binos
2934 1591 3155 1646 habens
3205 1586 3535 1667 discipulos,

1957 1689 2192 1743 alterum
2246 1687 2479 1758 quidem»
2524 1686 2685 1741 tardo
2731 1685 2982 1755 ingenio,
3030 1682 3129 1738 sed
3156 1681 3350 1735 labore
3391 1686 3534 1734 stre-

264 1779 432 1848 ἀργὸν
452 1779 530 1841 δὲ,
554 1775 726 1844 εἶπεν,
747 1781 1070 1852 Ἀμφότεροι
1096 1780 1421 1843 ἀπόλλυσθε,
1445 1781 1526 1841 ὅτι
1552 1781 1616 1833 σὺ
1641 1780 1737 1850 μὲν
1758 1778 1845 1833 θέ-

1974 1794 2168 1845 tuum;
2231 1780 2468 1833 alterum
2535 1792 2671 1833 vero
2734 1777 2911 1846 proba
2976 1773 3164 1828 indole
3225 1781 3535 1838 naturaque

262 1864 393 1930 λων,
425 1866 486 1919 οὐ
521 1862 755 1942 δυνήσῃ⁸
786 1871 848 1924 σὺ
877 1871 933 1924 δὲ
951 1870 1267 1940 δυνάμενος,
1291 1871 1352 1925 οὐ
1379 1869 1571 1931 Θέλεις.

1955 1870 2221 1935 habilem,
2258 1862 2353 1925 sed
2385 1869 2625 1924 otiosum
2663 1885 2727 1925 ac
2753 1884 2999 1940 segnem,
3045 1865 3205 1921 dixit.
3237 1863 3402 1934 586
3427 1859 3538 1917 Vo-

261 1961 353 2017 bis
412 1957 683 2018 ambobus
728 1973 914 2019 actum
968 1974 1073 2031 est,
1136 1965 1349 2020 idcirco
1396 1963 1548 2034 quia,
1607 1970 1665 2015 tu
1720 1976 1848 2016 cum
1888 1962 2049 2028 velis,
2087 1978 2196 2017 non
2253 1964 2499 2033 poteris;
2544 1971 2601 2016 tu
2670 1969 2858 2016 autem
2927 1959 3024 2031 qui
3066 1958 3275 2021 valeas,
3309 1952 3536 2008 minimc

257 2068 372 2108 γιε.
1256 2098 1269 2110 .

348 2149 407 2202 Ὀ
438 2148 596 2212 αὐτὸς
623 2149 800 2219 ἔλεγε,
835 2150 1103 2220 μεγάλους
1137 2149 1215 2202 δεῖ
1257 2147 1557 2219 λαμϐάνειν
1618 2145 1847 2214 μισθοὺς

265 2239 524 2312 μαθητῶν
560 2242 683 2304 τοὺς
716 2241 1068 2304 διδασκάλους
1097 2255 1111 2270 ·
1138 2239 1290 2309 παρὰ
1331 2240 1431 2310 μὲν
1465 2238 1572 2292 τῶν
1604 2236 1842 2305 εὐφυῶν,
1888 2300 1892 2304 _

261 2332 344 2387 ὅτι
397 2330 568 2384 πολλὰ
624 2331 994 2402 μανθάνουσι·
1035 2332 1189 2403 παρὰ
1233 2331 1291 2402 δὲ
1337 2331 1446 2385 τῶν
1505 2328 1715 2399 ἁφυῶν,
1762 2327 1845 2378 ὅτι

263 2422 433 2478 πολὺν
461 2424 630 2479 κόπον
659 2424 1011 2496 παρέχουσιν.

344 2599 406 2653 Ὀ
435 2599 599 2664 αὐτὸς
628 2599 957 2673 ἐρωτηθεὶς,
1003 2601 1056 2654 τί
1097 2601 1246 2671 αὐτῷ
1277 2601 1502 2669 γέγονεν
1530 2602 1593 2653 ἐκ
1628 2599 1844 2669 φιλοσο-

266 2691 415 2760 φίας,
448 2690 573 2763 ἔφη,
612 2693 685 2746 Τὸ
731 2693 1110 2756 ἀνεπιτάκτως
1158 2695 1349 2756 ποιεῖν,
1385 2692 1421 2745 ἆ
1449 2708 1591 2754 τινες
1637 2690 1725 2743 διὰ
1756 2688 1846 2742 τὸν

267 2783 335 2837 ἑκ
361 2783 470 2837 τῶν
498 2784 675 2854 νόμων
700 2784 865 2854 φόϐον
901 2784 1164 2839 ποιοῦσιν.

889 2963 1227 3019 Φιλιστίων.

404 3054 778 3121 Μαθημάτων
820 3055 1089 3124 φρόντιζε
1124 3056 1387 3124 μᾶλλον,
1434 3057 1473 3123 ἢ
1507 3052 1842 3123 χρημάτων.

410 3126 485 3179 Τὰ
516 3125 942 3197 τὰρμαθήματ’
961 3127 1203 3195 εὐπορεῖ
1229 3130 1301 3180 τὰ
1330 3127 1622 3197 χρήματα.

418 3192 532 3265 Ἐκ
555 3192 664 3265 τοῦ
704 3196 918 3250 παθεῖν
950 3192 1207 3265 γίνωσκε
1240 3192 1458 3250 καΓτὸ
1481 3192 1840 3263 συμπαθεῖν.

404 3264 515 3319 Καὶ
536 3264 635 3318 σοι
665 3265 775 3335 τὰρ
804 3264 996 3335 ἄλλος
1024 3266 1485 3335 συμπαθμήσεται
1516 3265 1742 3321 παθών.

413 3336 489 3405 Τὰ
505 3334 814 3405 σπουδαῖα
836 3333 1061 3405 μελέτα
1086 3333 1183 3390 καὶ
1215 3337 1324 3389 τὸν
1344 3339 1552 3405 νόμον.

413 3402 557 3458 Ἐάν
585 3421 638 3458 τι
661 3402 1055 3474 παρηκμακὼς
1079 3402 1507 3476 μανθάνῃςξμὴ
1526 3409 1845 3476 αίσχύνου,

336 3517 555 3573 Βέλτιον
577 3519 684 3589 γὰρ
714 3518 956 3591 stipator,
984 3520 1268 3574 καλεῖσθαι
1297 3521 1329 3593 ἢ
1356 3521 1565 3592 ἀμαθῆ.

338 3697 600 3765 Θεόκριτ.
635 3724 706 3736 --
739 3695 1029 3766 Θεόκριτος
1082 3697 1111 3748 6
1170 3697 1299 3760 Χῖος
1356 3698 1565 3767 ἀφυοῦς
1617 3698 1844 3769 ποιητοῦ

259 3788 528 3859 ἀκρόασιν
554 3786 895 3857 ποιούμενος,
949 3788 1304 3857 ἐρωτώμενος
1334 3788 1426 3842 ὑπ’
1469 3787 1673 3859 αὐτοῦς,
1719 3789 1848 3844 ποῖά

261 3879 381 3932 ἐστι
410 3878 590 3942 καλῶς
619 3878 902 3949 εἰρημένα,
936 3877 1062 3948 ἔφη,
1099 3879 1167 3931 *Δ
1196 3879 1522 3949 παρέλιπες.

339 3970 451 4025 Τοῦ
479 3969 686 4024 αὑτοῦ.
719 4000 787 4012 --
825 3969 883 4023 ὐ
916 3969 1015 4039 μὲν
1037 3970 1302 4040 γεωργὸς,
1325 3970 1423 4041 τὴν
1450 3972 1552 4043 γῆν
1571 3988 1583 3999 ·
1614 3974 1642 4027 6
1674 3972 1729 4026 δὲ
1759 3990 1847 4042 φι.

261 4060 489 4128 λόσοφος
515 4060 613 4129 τὴν
644 4058 821 4130 ψυχὴν
855 4058 947 4128 ὲξη
959 4061 1135 4129 μεροί.

346 4153 449 4204 Ἐκ
478 4150 586 4204 τοῦ
604 4151 927 4219 Δημοκράτ.
946 4151 1236 4219 Ἰσοκράτ.
1271 4153 1367 4206 καὶ
1384 4153 1759 4220 Ἐπικτήτου.
1780 4182 1847 4193 -

260 4239 375 4309 Τῆς
408 4240 657 4304 παιδείας
689 4240 877 4312 ὥσπερ
905 4241 1109 4311 χρυσοῦ
1141 4242 1201 4295 τὸ
1228 4242 1391 4297 καλὸν
1417 4247 1473 4297 ὲν
1503 4245 1671 4298 παντὶ
1693 4245 1845 4315 τόπῳ

257 4334 466 4388 τίμιον.

412 4421 614 4491 Σοφίαν
662 4426 691 4477 6
725 4424 947 4489 ἀσκῶν,
1008 4424 1319 4495 ἐπιστήμην
1376 4424 1477 4494 τὴν
1532 4424 1661 4495 περὶ
1709 4424 1843 4478 Θεοῦ

262 4531 442 4569 ασκει.

2017 2138 2167 2203 Idem
2224 2137 2465 2201 dicebat,
2527 2137 2820 2208 magistros
2878 2153 2908 2191 a
2969 2135 3265 2205 discipulis
3324 2135 3530 2205 ingenti

1946 2230 2228 2302 stipendio
2273 2229 2560 2284 donandos
2600 2245 2723 2284 esse
2749 2247 2762 2283 :
2794 2229 2880 2297 ab
2908 2229 2977 2283 iis
3006 2229 3103 2298 qui
3132 2227 3283 2283 felici
3314 2228 3536 2298 ingenio

1946 2324 2060 2379 sint
2090 2338 2157 2377 ac
2188 2320 2439 2392 ingenui,
2483 2320 2632 2391 quod
2668 2322 2844 2376 multa
2890 2321 3142 2386 discant;
3184 2320 3254 2374 ab
3286 2319 3353 2374 iis
3401 2334 3536 2374 vero

1947 2400 2042 2485 qui
2083 2414 2239 2468 tardo
2260 2428 2324 2467 ac
2352 2411 2498 2477 rudi,
2529 2411 2678 2483 quod
2729 2411 3003 2467 molestiae
3048 2410 3349 2481 plurimum
3380 2410 3537 2465 exhi-

1948 2507 2136 2562 beant.

2015 2596 2164 2654 Idem
2216 2599 2625 2670 interrogatus,
2675 2596 2809 2671 quid
2854 2613 2921 2652 ex
2974 2596 3326 2667 philosophia
3373 2612 3525 2651 com-

1947 2692 2096 2747 modi
2119 2699 2265 2755 esset
2293 2700 2647 2756 consecutus,
2686 2689 3009 2761 respondit:
3053 2688 3124 2744 Ut
3157 2704 3300 2743 ame
3332 2689 3449 2758 ipse
3473 2704 3537 2742 ac

1948 2783 2194 2853 iniussus
2252 2781 2473 2847 faciam,
2532 2798 2656 2853 quae
2715 2781 2809 2836 alii
2866 2780 3093 2852 quidam
3150 2782 3335 2852 legum
3384 2796 3534 2835 metu

1948 2882 2234 2946 praestant.

2595 2965 2895 3022 Philistio».

1953 3059 2214 3131 Μοίρι-ειη
2246 3060 2540 3131 disciplinis
2585 3075 2771 3112 curam
2825 3060 3035 3131 adhibe,
3070 3075 3227 3127 quam
3264 3057 3534 3127 pewniis:

1951 3129 2091 3201 Nam
2123 3129 2417 3201 disciplina:
2449 3130 2701 3201 pecunias
2736 3129 3102 3201 suppeditant.

1958 3199 2191 3255 Dolendo
2223 3199 2384 3255 etiam
2422 3199 2699 3254 condolere
2728 3200 2934 3263 discito,

1869 3265 1912 3322 C
1944 3247 2964 3340 non";ait;nata'aazcaa;'5.2:
3012 3272 3125 3340 ipse
3152 3247 3290 3324 οθαε
3339 3269 3528 3325 doluit.

1952 3338 2080 3410 Quae
2111 3350 2234 3394 sunt
2254 3343 2397 3395 seria
2432 3340 2699 3410 legemque
2722 3341 3021 3394 meditator.

1950 3408 2008 3463 Si
2037 3412 2164 3480 quid
2194 3412 2341 3482 eﬁ‘eta
2367 3408 2497 3481 jani
2531 3418 2689 3464 astate
2711 3410 2978 3473 didiceris,
3005 3427 3107 3464 non
3133 3419 3182 3464 te
3211 3410 3425 3481 pudeat.

2021 3522 2251 3577 Praestat
2284 3522 2435 3576 enim
2467 3521 2680 3585 audire,
2720 3522 2817 3591 qui
2868 3536 2993 3577 sero
3049 3522 3335 3588 didiceris,
3368 3538 3533 3591 quam

1948 3613 2043 3681 qui
2074 3612 2333 3668 indoctus
2359 3613 2453 3667 sis.
2630 3602 2632 3605 ’
3428 3674 3441 3685 l

2022 3700 2278 3755 Theocrit.
2306 3730 2378 3741 —-
2410 3699 2740 3753 Theocritus
2761 3699 2934 3755 Chius
2969 3699 3161 3754 audito
3203 3700 3341 3781 lrudi
3371 3709 3532 3771 poeta

1948 3801 2004 3847 et
2038 3790 2302 3861 illepido,
2351 3796 2713 3860 percontante
2760 3789 2905 3844 illo:
2956 3788 3217 3856 Quaenam
3271 3792 3410 3847 scite
3467 3810 3533 3848 ac

1946 3884 2228 3953 eleganter
2262 3881 2411 3936 dicta
2462 3887 2686 3936 essent:
2726 3880 2825 3944 Ea,
2877 3879 3078 3949 inquit,
3116 3896 3239 3949 quae
3272 3882 3528 3937 omisisti.

2018 3974 2293 4044 Ejusdem.
2321 3970 2669 4044 -—Agricola
2719 3978 2943 4035 terram,
2992 3970 3357 4042 philosophus
3404 3974 3526 4028 ani-

1946 4082 2097 4120 mum
2125 4066 2348 4121 excolit.
2846 4053 2848 4057 ’

2015 4158 2103 4212 Ea:
2143 4158 2472 4212 Democratis
2499 4157 2593 4228 (al.
2627 4154 2987 4227 Παυσίκαι).
3042 4153 3269 4210 Isarral.
3316 4164 3365 4211 et
3399 4154 3531 4228 Ε’ρί-

1946 4253 2067 4304 cteti
2097 4251 2387 4304 sententiis.
2414 4279 2485 4288 —
2508 4249 2786 4315 Scientiaz,
2828 4250 2973 4303 sicut
3000 4248 3142 4314 auri,
3167 4264 3363 4321 magna
3404 4251 3532 4305 ubi-

1944 4356 2051 4411 que
2075 4341 2408 4395 existimatio
2437 4350 2541 4396 est.

2017 4432 2089 4495 Is,
2119 4432 2212 4502 qui
2252 4431 2581 4500 sapientiam
2628 4431 2782 4496 colit,
2827 4447 2946 4486 eam
2978 4448 3102 4503 qua:
3155 4432 3224 4487 de
3276 4434 3391 4489 Deo
3425 4443 3530 4495 est.

1946 4521 2233 4576 scientiam
2264 4521 2415 4575 colit.

340 4604 452 4658 Τοῦ
472 4605 758 4659 αὑτοῦ.-
780 4606 942 4659 Οὐδὲν
976 4609 1033 4659 ἐν
1083 4604 1243 4671 ζώοις
1290 4606 1603 4661 σκάλλιστόν
1654 4609 1801 4660 ἐστιν
1825 4645 1840 4673 ,

2019 4611 2295 4680 Ejusdem.
2326 4640 2397 4650 —-
2428 4610 2649 4665 Nullum
2680 4620 2765 4665 est
2795 4611 2935 4665 adeo
2974 4610 3269 4680 pulchrum
3303 4609 3537 4673 animal,‘

262 4696 340 4760 ὡς
385 4697 673 4768 ἄνθρωπος
712 4697 930 4768 παιδείᾳ
956 4698 1392 4768 κεκοσμημένος.

345 4789 717 4855 Ἀριστοτ.-
734 4789 867 4852 Ταῖς
896 4789 996 4859 μὲν
1024 4790 1211 4842 πόλεσι
1234 4790 1304 4842 τὰ
1317 4790 1497 4860 τείχη,
1520 4791 1637 4853 ταῖς
1661 4789 1718 4842 δὲ
1744 4789 1849 4856 ψυ-

262 4881 391 4950 χαῖς
435 4881 465 4932 6
512 4881 578 4933 ὲκ
640 4879 895 4943 παιδείας
941 4881 1098 4948 νοῦς,
1146 4880 1352 4953 κόσμον
1402 4879 1497 4935 καί
1546 4881 1849 4950 ἀσφάλειαν

263 4970 592 5040 παρέχεται.

334 5061 650 5130 Δημοκρίτ.
688 5063 828 5107 ’⁸-
859 5063 1163 5118 Νεανίσκου
1212 5065 1270 5118 ὲν
1304 5063 1517 5135 θεάτρῳ
1556 5064 1848 5136 ὲναϐρυνο-
1914 5122 1921 5127 ,

262 5153 458 5223 μένου,
503 5154 598 5209 καὶ
637 5154 891 5222 λέγοντος
928 5154 1092 5223 σοφὸν
1130 5149 1293 5219 εἶναι,
1338 5155 1554 5220 πολλοῖς
1580 5157 1847 5226 ὁμιλήσας

260 5245 490 5314 σοφοῖς,
532 5242 654 5298 εἷπέ
710 5264 814 5312 τις,
861 5248 1033 5315 Κάγὼ
1057 5246 1307 5315 ᾑπολλοῖς
1353 5249 1631 5314 πλουσίοις
1654 5288 1669 5313 ,
1713 5248 1848 5302 ἀλλὰ

256 5308 527 5399 πλούσιος
545 5336 644 5389 οὐκ
674 5308 809 5408 εἰμί.
962 5308 974 5315 1
1055 5308 1079 5339 “

1948 4711 2009 4755 ut
2042 4702 2209 4757 homo
2236 4702 2440 4757 litteris
2470 4718 2535 4757 ac
2567 4701 2879 4758 eruditione
2919 4712 3171 4758 ornatus.

2014 4794 2236 4847 Aristot.
2268 4792 2609 4861 ——‘Urbibus
2638 4795 2864 4863 quidem
2914 4796 3140 4860 moenia,
3180 4795 3404 4850 animis
3435 4810 3531 4848 au-

1943 4892 2077 4947 tem,
2107 4898 2265 4937 mens
2298 4898 2364 4936 cx
2422 4871 2732 4953 disciplinis
2779 4886 2996 4940 exculta
3035 4885 3207 4941 decus
3239 4895 3295 4940 et
3354 4885 3532 4938 muni-

1945 4984 2189 5028 mentum
2220 4982 2464 5042 praestat.

2018 5061 2296 5115 Democrit.
2330 5091 2400 5099 —
2427 5060 2563 5115 Cum
2591 5061 2812 5131 juvenis
2843 5062 2898 5115 in
2935 5062 3153 5117 theatro
3178 5064 3529 5134 gloriaretur,

1944 5162 2002 5206 et
2048 5152 2353 5221 sapientem
2403 5166 2462 5206 se
2508 5152 2855 5220 praedicaret,
2915 5160 2976 5207 ut
3028 5154 3122 5223 qui
3167 5170 3292 5209 cum
3345 5155 3533 5209 multis

1946 5242 2289 5313 sapientibus
2354 5252 2605 5297 versatus
2664 5251 2832 5308 esset,
2904 5245 3197 5313 respondit
3252 5245 3529 5315 quidam:

1946 5334 2059 5405 Ego
2087 5334 2253 5388 etiam
2276 5348 2400 5388 cum
2434 5332 2621 5387 multis
2662 5331 2933 5387 divitibus
2973 5342 3253 5395 versatus.
3282 5344 3391 5390 non
3445 5343 3530 5390 tao

1949 5441 2072 5480 men
2109 5425 2262 5480 dives
2297 5441 2437 5480 sum.

1534 5541 1769 5606 VABIIE
1804 5540 2214 5597 LECTIONES.

322 5632 714 5713 "InﬂMelissa
756 5637 877 5693 aliis
908 5637 1190 5696 Theocriti
1230 5638 1558 5713 subjectum.
1636 5641 1680 5673 ³⁸
1713 5640 1827 5695 Bal;
1852 5639 1949 5696 τοῦ
1978 5638 2163 5709 αὑτοῦ,
2200 5634 2252 5694 id
2281 5646 2366 5696 est
2400 5636 2844 5707 Dcmocratis,~ut
2880 5644 2937 5694 et
2965 5626 3274 5707 sequentia.
3328 5639 3387 5696 ἐν
3417 5636 3523 5689 Τοῦ

253 5703 430 5761 αὐτοῦ
466 5703 632 5761 Gesn.
