3990 6176
456 278 559 344 82⁷7

456 476 603 531 inter
628 492 724 530 eos
752 477 844 544 qui
878 477 1139 532 ineruditi
1167 489 1296 534 sunt
1325 495 1610 541 sermones
1648 489 1922 554 conferre,
1953 491 2030 545 uti

454 581 633 633 neque
662 564 906 618 sobrium
943 558 1101 620 inter.
1122 568 1320 624 ebrios.

524 653 800 740 Ejusdem.
823 685 893 693 ——
916 655 1066 710 Idem
1101 658 1358 714 dicebat:
1407 661 1543 717 Eum
1577 667 1669 735 qui
1720 668 2032 740 disciplinis

456 732 786 809 instituitur,
825 744 1003 799 tribus
1038 746 1125 801 his
1149 762 1334 818 egere,
1388 751 1598 809 scilicet
1647 758 1829 826 genio,
1864 775 2030 815 exer-

455 834 719 889 citatione
749 849 812 890 ac
846 844 1114 906 tempore.

525 925 849 997 OEnopides.
889 960 960 969 —
1001 929 1336 1001 OEnopides,
1392 937 1511 991 viso
1564 938 1767 1009 juvene
1825 945 2032 1001 multos

454 1015 628 1072 libros
668 1019 924 1086 habente,
973 1036 1277 1095 eorumque
1334 1026 1441 1080 sibi
1497 1029 2009 1101 copiam‘parante:

453 1104 571 1159 Non
597 1123 755 1173 arae,
793 1108 992 1179 inquit,
1026 1112 1127 1165 sed
1155 1114 1392 1181 pectori.

522 1195 669 1250 Idem
723 1198 962 1263 dicebat,
1021 1200 1193 1256 libros
1245 1218 1438 1258 eorum
1489 1207 1585 1275 qui
1631 1207 1789 1263 docti
1841 1221 2031 1268 essent

453 1288 873 1343 commentarios
902 1303 1057 1356 esse;
1092 1307 1285 1348 eorum
1315 1310 1453 1350 vero
1475 1295 1569 1366 q'ui
1599 1298 1825 1368 indocti,
1853 1304 2030 1358 moui,-

451 1379 659 1425 menta.

522 1458 669 1514 Idem
704 1462 922 1519 dicebat
947 1475 1185 1524 mentem
1230 1472 1448 1542 genium
1474 1490 1616 1543 esse,
1642 1477 1804 1551 587
1834 1485 2027 1541 erudi-

451 1548 524 1603 tis
561 1553 782 1620 quidem
828 1556 1102 1614 bonorum
1152 1572 1468 1632 auctorem;
1522 1568 1817 1627 ineruditis
1868 1590 2024 1641 vero,

451 1640 739 1698 malorum.

1600 288 1658 346 S.
1704 290 1954 350 MAXIM
1965 292 1989 350 Ι
2028 292 2534 356 (ΙΟΝἜΕΞΞΟΒΙΞ

527 387 675 442 idem
710 387 787 440 ait
821 386 965 442 haud
983 382 1370 456 aequum'esse,
1399 406 1522 447 eum
1556 396 1651 465 qui
1675 397 1747 451 sit
1775 399 2027 453 eruditus
2059 406 2100 461 Α

3603 301 3706 364 828

2210 403 2268 455 '0
2296 405 2456 468 αὐτὸς
2500 405 2624 476 ἔφη,
2666 407 2728 460 οὐ
2769 407 2930 460 καλὸν
2974 406 3408 476 πεπαιδευμένον
3441 407 3501 461 ἐν
3536 408 3705 463 ἀπαιρ

2130 491 2335 557 δεύτοις
2350 495 2710 566 διαλέγεσθαι,
2738 498 2926 571 ῶσπερ
2950 497 3071 552 οὐδὲ
3104 499 3340 569 νήφοντα
3391 497 3703 569 μεθύουσιν.

2203 672 2313 727 Τοῦ
2341 673 2527 727 αὐτοῦ
2549 674 2619 727 ³⁸,
2651 651 2720 714 4
2756 675 2817 727 '0
2840 673 3000 737 αὐτὸς
3030 673 3235 741 ἔλεγεν,
3283 674 3366 728 δτι
3399 674 3428 727 ὁ
3451 674 3705 728 παιδευό⁶

2133 779 2293 832 μενος
2350 763 2519 834 τριῶν
2578 764 2783 818 τούτων
2835 763 3024 838 milia:
3050 803 3068 833 ,
3116 764 3374 835 φύσεως,
3442 766 3713 837 μελέτηςυ.

2130 853 2469 999 χρῗῗνέπίδ.
2529 976 2597 987 -
2645 945 2934 1016 Οἰνοπίδης
2988 945 3129 1019 δρῶν
3186 930 3461 1017 μειράκιον
3526 946 3704 1001 πολλά

2132 1033 2312 1102 βιϐλία
2366 1033 2668 1106 κτώμενον,
2726 1036 2851 1108 ἔφη,
2904 1036 3010 1107 Mi].
3054 1039 3119 1108 τῇ
3171 1037 3387 1108 κιϐωτῷ
3443 1038 3579 1092 ἀλλὰ
3620 1038 3702 1108 τῷ

2130 1124 2466 1281 στῇὲεζῦτδς
2494 1216 2668 1286 ἔλεγε,
2702 1217 2771 1271 τὰ
2794 1216 2994 1288 βιϐλία,
3020 1218 3128 1271 τῶν
3170 1217 3268 1286 μὲν
3302 1216 3702 1289 μεμαθηκότων

2130 1307 2498 1379 ὑπομνήματα
2534 1302 2696 1375 εἶναι,
2721 1309 2829 1362 τῶν
2853 1307 2910 1362 δὲ
2943 1307 3171 1380 ἀμαθῶν
3192 1308 3477 1379 μνήματα.

2213 1482 2272 1535 ⁸0
2318 1483 2480 1547 αὐτὸς
2533 1477 2652 1538 εἶπε
2678 1524 2695 1548 ,
2766 1481 2858 1536 τὸν
2922 1481 3046 1543 νοῦν
3105 1478 3394 1550 παραίτιον
3449 1478 3709 1549 δαίμονα,

2126 1575 2238 1637 τοῖς
2269 1575 2366 1644 μὲν
2393 1575 2845 1645 πεπαιδευμένοις
2864 1612 2881 1639 ,
2918 1573 3137 1642 ἀγαθῶν
3157 1590 3170 1604 ·
3205 1574 3317 1634 τοῖς
3346 1572 3404 1629 δὲ
3434 1571 3705 1624 ’ἀπαιδεύ-

2126 1679 2259 1730 τοις,
2286 1664 2471 1718 κακῶν
2492 1662 2652 1721 εἶναι.

517 1728 727 1787 Socrat.
768 1766 841 1777 —-
882 1738 1139 1797 Socrates
1199 1745 1566 1817 philosophus
1625 1750 2018 1824 interrogatus,

2202 1726 2458 1822 Σῶκρὰτ.
2494 1786 2566 1796 —
2593 1755 2886 1825 Σωκράτης
2915 1756 2945 1808 δ’
2971 1754 3257 1823 φιλόσοφος
3296 1750 3616 1823 ἐρωτηθεὶς,
3637 1750 3717 1803 Τι’

447 1820 710 1887 quidnam
745 1826 801 1879 in
840 1827 950 1883 vita
969 1831 1429 1901 jucundissimum
1478 1848 1645 1907 esset,
1682 1820 1972 1912 respondit
2004 1820 2028 1903 ﬁ:

448 1908 703 1966 Eruditio
729 1922 785 1969 et
814 1917 1013 1986 virtus,
1066 1936 1362 1994 rerumque
1393 1927 1705 1998 ignotarum
1748 1908 2024 1993 lustratio.

520 1997 713 2070 Stilpo.
743 2032 812 2043 -—-
843 2004 1018 2076 Stilpo
1070 2007 1374 2079 Megaricus
1420 1997 1809 2087 philosophus,
1867 2031 2026 2092 capta

445 2089 621 2156 patria
647 2106 711 2146 ac
757 2092 972 2164 direpta
1014 2112 1044 2151 a
1087 2098 1384 2156 Demetrio‘
1416 2112 1667 2174 tyranno,
1715 2089 2020 2167 ductus—ad

446 2194 653 2249 regem,
691 2189 747 2235 et
773 2183 843 2237 ab
878 2200 946 2239 eo
975 2186 1368 2261 interrogatus,
1404 2210 1536 2249 num
1575 2199 1770 2269 etipse
1805 2202 2021 2272 aliquid

350 2268 369 2275 “
442 2270 756 2326 amisisset?
803 2273 1027 2342 Eorum,
1082 2277 1283 2349 inquit,
1319 2297 1443 2352 qua:
1489 2300 1608 2340 mea
1658 2268 1807 2353 sunt,
1842 2268 2015 2359 nihil;

441 2361 648 2415 etenim
699 2362 1008 2420 doctrinam
1058 2368 1238 2426 habeo
1270 2379 1326 2426 et
1356 2374 1763 2443 eruditionem;
1806 2380 2017 2449 reliqua

439 2463 594 2516 vero,
627 2451 759 2520 quid
782 2460 868 2508 est
893 2468 992 2509 cur
1020 2457 1205 2526 potius
1247 2475 1392 2527 mea,
1425 2477 1591 2532 quam
1637 2465 2014 2524 obsidentium

384 2597 392 2603 _
439 2537 634 2594 ducam
652 2542 678 2595 ἲ
1512 2621 1524 2631 Ι

508 2637 807 2694 ιᾱοιηόιιιιι
847 2657 877 2695 a
922 2642 1205 2701 Demetrio
1248 2647 1462 2719 direpta
1493 2649 1629 2705 urbe
1664 2651 1745 2706 sic
1786 2669 2010 2725 rogare-

438 2732 567 2783 tur:
598 2728 739 2783 Num
783 2732 918 2800 quid
968 2742 1184 2790 tuarum
1227 2752 1412 2794 rerum
1459 2740 1558 2795 tibi
1610 2743 1854 2800 ablatum
1903 2755 2006 2816 est,

440 2817 656 2888 Stilpo?
684 2819 857 2889 Nihil,
890 2822 1089 2894 inquit.

507 2910 626 2966 Non
657 2922 905 2968 armenta
934 2915 1070 2969 mihi
1105 2918 1397 2988 quisquam
1428 2936 1550 2976 mea
1575 2923 1781 2996 abegit,
1810 2941 2009 2998 equos-

435 3016 537 3067 ve;
570 3012 626 3058 et
645 3004 853 3075 alioqui
884 3007 1101 3063 nullum
1152 3010 1266 3065 vidi
1304 3012 1565 3082 militum,
1600 3017 1696 3088 qui
1738 3019 2004 3076 virtutem

435 3090 685 3148 humeris
708 3096 983 3151 sublatam
1014 3098 1277 3155 auferret.

505 3180 696 3237 Lasus.
725 3212 798 3233 -η
821 3184 995 3241 Lasus
1023 3187 1364 3247 Hermeneus
1406 3192 1800 3267 interrogatus,
1843 3200 2010 3269 quid-

346 3274 351 3281 ‘
434 3287 561 3326 nam
588 3275 1058 3343 sapientissimum
1093 3290 1271 3337 esset:
1306 3280 1681 3355 Experientia,
1714 3289 1913 3361 inquit.

505 3363 677 3427 ldem,
708 3364 925 3423 dicente
953 3369 1003 3422 ei
1037 3370 1163 3424 rudi
1195 3372 1331 3427 artis
1354 3373 1564 3443 pictore
1586 3395 1600 3432 :
1622 3376 1800 3448 Opere
1835 3387 2011 3437 tecto-

436 3449 524 3504 rio
557 3450 710 3507 illine
740 3452 965 3531 domum
999 3464 1172 3520 tuam,
1211 3467 1272 3515 ut
1306 3476 1426 3516 eam
1476 3463 1733 3534 pingam:
1785 3466 2010 3525 Minime

434 3543 531 3609 ait,
568 3543 665 3599 sed
694 3552 752 3599 tu
778 3562 898 3601 eam
927 3549 1082 3619 prius
1111 3551 1297 3622 pinge,
1335 3561 1396 3608 ut
1439 3564 1631 3625 postea
1661 3557 1894 3615 illinam.

504 3721 787 3795 Protagor.
817 3757 888 3767 —
915 3727 1264 3798 Protagoras,
1297 3746 1398 3787 nec
1421 3742 1594 3789 artem
1631 3736 1751 3792 sine
1796 3739 2013 3792 exerci-

438 3813 668 3882 tatione,
704 3832 809 3873 nec
844 3820 1302 3876 exercitationem
1345 3824 1465 3879 sine
1494 3834 1611 3881 arte
1647 3828 1857 3898 aliquid
1891 3844 2019 3886 esse

437 3903 678 3961 dicebat.

507 3998 748 4069 Epicuri.
785 4030 855 4040 —
887 4000 1008 4056 Non
1042 4004 1229 4072 specie
1259 4012 1419 4061 tenus
1452 4022 1517 4063 ac
1543 4009 1798 4067 simulate
1826 4027 2017 4083 capes-

438 4089 611 4144 senda
642 4089 1029 4162 ,pbi1030phia,
1075 4095 1172 4149 sed
1215 4112 1368 4153 vere.
1417 4098 1539 4154 Non
1591 4101 1741 4156 enim
1791 4119 2017 4161 necesse

432 4176 713 4233 habemus
764 4189 825 4233 ut
856 4181 1043 4237 valere
1085 4183 1394 4253 videamur,
1444 4189 1539 4244 sed
1591 4198 1652 4245 ut
1692 4192 1873 4263 reipsa
1912 4211 2012 4250 va-

441 4266 670 4323 lcamus.

2129 1846 2342 1915 ἤδιστον
2374 1847 2432 1899 ὲν
2464 1847 2541 1917 τῷ
2566 1847 2683 1917 βίῳ;
2713 1845 2837 1915 ἔφη,
2867 1845 3089 1900 Παιδεία
3116 1844 3212 1898 κα)⁸
3241 1842 3413 1914 ἀρετὴ
3442 1842 3537 1897 καὶ
3564 1843 3705 1894 ἱστοο

2129 1936 2219 2007 ρία
2240 1936 2346 1992 τῶν
2370 1937 2767 2008 ἀγνοουμένων.

2195 2027 2488 2082 Στίλπων.
2525 2058 2595 2068 -
2634 2028 2881 2083 Στίλπων
2940 2030 2967 2082 ὁ
3020 2025 3340 2097 Μεγαρικὸς
3390 2023 3699 2093 φιλόσοφος.

2124 2115 2357 2186 ἁλούσης
2411 2119 2574 2172 αὐτοῦ
2618 2122 2718 2191 τῆς
2770 2120 3027 2191 πατρίδος
3077 2118 3181 2172 ὑπὸ
3231 2114 3547 2188 Δημητρίου
3609 2115 3699 2168 τοῦ

2120 2208 2383 2279 τυράννου
2398 2209 2493 2261 καὶ
2515 2208 2931 2279 διαρπαγείσης,
2956 2206 3209 2277 ἀναχθεὶς
3231 2206 3325 2259 ἐπὶ
3339 2205 3430 2258 τὸν
3456 2204 3698 2275 βασιλέα,

2119 2301 2213 2355 καὶ
2242 2300 2616 2371 ἐρωτώμενος,
2659 2301 2713 2353 εῐ
2733 2319 2784 2354 τι
2813 2300 2879 2371 δὴ
2901 2300 3065 2363 αὐτὸς
3094 2298 3345 2366 ἀπώλεσε
3368 2335 3383 2362 ,
3407 2297 3530 2350 Τῶν
3555 2296 3701 2367 ὲμῶν

2119 2391 2217 2461 μὲν
2244 2391 2416 2457 οὐδὲν,
2449 2390 2550 2460 ἔφη
2574 2405 2589 2420 ”
2611 2392 2702 2445 τὸν
2729 2391 2837 2462 γὰρ
2856 2390 3012 2459 λόγον
3034 2390 3127 2443 καὶ
3154 2389 3254 2458 τὴν
3281 2387 3529 2441 παιδείαν
3557 2386 3663 2456 ἔχω
3682 2401 3709 2417 ⁸·

2112 2479 2182 2533 τὰ
2214 2479 2271 2532 δὲ
2311 2478 2495 2544 λοιπὰ,
2549 2478 2689 2533 διατί
2723 2478 2922 2549 μᾶλλον
2966 2477 3097 2549 ὲμά,
3132 2476 3165 2548 ἢ
3196 2476 3318 2548 οὐχὶ
3340 2475 3449 2529 τῶν
3479 2474 3701 2548 πολιορ-

2113 2568 2353 2624 κοῦντων
2372 2587 2387 2637 ;
2867 2577 2871 2581 ’

2196 2662 2256 2717 '0
2287 2662 2453 2725 αὐτὸς
2506 2661 2804 2734 ἐρωτηθεὶς
2853 2661 2954 2731 τῆς
2994 2661 3203 2725 πόλεως
3255 2660 3423 2716 αὕτοῦ
3468 2660 3706 2731 διαρπα-

2112 2751 2349 2823 ζομένης
2373 2753 2479 2807 ὑπὸ
2507 2753 2842 2824 Δημητρίου,
2883 2754 2976 2827 Μὴ
3001 2753 3097 2808 καὶ
3123 2754 3234 2808 τῶν
3270 2752 3401 2818 σῶν,
3430 2752 3697 2817 Στίλπων,

2108 2840 2163 2893 τὶ
2191 2840 2539 2911 ἀφαιρεῖται;
2572 2837 2744 2908 εἶπεν,
2776 2842 2963 2896 Οὐδέν.

2181 2934 2255 2987 Οὐ
2315 2933 2424 3005 γὰρ
2484 2932 2691 2987 πώποτ’
2747 2932 2887 3003 ὲμάς
2935 2932 3062 3003 βοῦς
3120 2933 3351 3006 ἤλασαν,
3426 2934 3547 2989 οὐδὲ
3597 2933 3711 3004 μὲν

2110 3028 2309 3081 ἵππους
2335 3033 2349 3047 ·
2398 3016 2574 3080 ἄλλως
2617 3034 2678 3070 τε
2722 3017 2803 3082 δὲ,
2860 3018 3051 3072 οὐδένα
3099 3019 3449 3091 στρατιωτῶν
3496 3020 3698 3090 ἀρετὴν

2111 3107 2198 3158 ἐπ’
2226 3104 2394 3172 ῶμων
2427 3103 2732 3175 ἐκφέροντα
2766 3100 2927 3161 εἶδον.

2180 3194 2402 3260 Λάσος.
2426 3224 2494 3235 --
2524 3195 2701 3257 Λάσος
2736 3195 2765 3247 ὁ
2808 3193 3115 3265 Ἕρμηνεὺς
3158 3195 3221 3265 (ι)
3254 3192 3551 3266 ἐρωτηθεὶς
3592 3191 3698 3283 ὐπδ

2110 3303 2277 3350 τινος,
2315 3287 2368 3338 τί
2395 3285 2483 3355 εἴη
2506 3284 2840 3354 σοφώτατον,
2866 3288 3060 3356 Πεῐρα,
3083 3285 3209 3356 ἔφη.

2191 3376 2251 3431 '0
2280 3377 2463 3442 αὐτὸς,
2489 3376 2696 3446 ἀφυοῦς
2716 3375 3007 3448 ζωγράφου
3035 3377 3284 3445 λέγοντος
3310 3376 3481 3447 αὐτῷ,
3503 3374 3695 3430 Κονία-

2114 3468 2205 3522 οόν
2259 3484 2354 3521 σου
2402 3467 2502 3537 τὴν
2551 3466 2747 3532 οίκίαν,
2799 3467 2888 3521 ἵνα
2936 3466 3106 3538 αὐτὴν
3149 3464 3522 3538 ζωγραφήσω,
3566 3466 3693 3534 ἔφη,

2113 3557 2409 3629 Οῦμενουν,
2446 3557 2578 3611 ἀλλὰ
2606 3557 2870 3628 πρότερον
2917 3557 3087 3628 αὐτὴν
3153 3557 3551 3628 ζωγράφησον,
3606 3557 3696 3609 ἵνα

2116 3650 2254 3722 μετὰ
2290 3649 2464 3704 ταῦτα
2492 3647 2605 3717 ἐγὼ
2642 3648 2814 3720 αὐτὴν
2841 3650 3098 3704 κονιάσω.

2176 3730 2436 3812 Πρωταγ.
2460 3740 2912 3813 -ιῐρωταγόρας
2944 3740 3120 3809 ἔλεγε,
3160 3740 3330 3813 μηδὲν
3367 3733 3528 3803 εῖναι,
3556 3738 3697 3809 μήτε

2112 3832 2310 3906 τέχνην
2329 3833 2456 3888 ἄνευ
2492 3831 2744 3903 μελέτης,
2773 3832 2911 3901 μήτε
2945 3830 3174 3902 μελέτην
3217 3831 3346 3886 ἄνευ
3374 3830 3586 3901 τέχνης.
3722 3852 3735 3863 ·

2200 4008 2498 4076 Ἔπικούρ.
2519 4006 2674 4061 -Οὒ
2693 4006 3106 4077 προσποιεῖσθαι
3121 4006 3204 4060 δεῖ
3225 4006 3552 4075 φιλοσοφεῖν,
3578 4003 3699 4058 ἀλλ’

2117 4103 2284 4165 ὅντως
2307 4101 2637 4171 φιλοσοφεῖνζ
2704 4100 2779 4153 Οὐ
2816 4098 2926 4168 γὰρ
2955 4096 3334 4186 προσδεόμεθα
3381 4095 3476 4150 τοῦ
3519 4094 3693 4149 δοκεῖν

2121 4193 2324 4246 ὑνιαίνε
2336 4210 2405 4257 ιν,
2432 4190 2568 4244 ἀλλὰ
2591 4189 2693 4243 τοῦ
2723 4188 2841 4242 κατ’
2863 4188 3122 4258 ἀλήθειαν
3157 4187 3442 4257 ὑγιαίνειν.

510 4357 822 4414 Demonact.
849 4390 920 4402 —
951 4363 1099 4419 Idem
1136 4365 1525 4441 interrogatus,
1571 4350 1697 4442 quis
1728 4375 1847 4445 ejus
1874 4352 2014 4445 prae-

2190 4377 2530 4447 Δημώνακτ.
2572 4405 2643 4416 -
2683 4376 2742 4428 '0
2796 4376 2957 4438 αὺτδς
3016 4374 3347 4446 ἐρωτηθεὶς,
3399 4375 3483 4438 τίς
3529 4373 3689 4429 αὑτοῦ

441 4458 634 4519 ceptor
670 4453 980 4511 exstiterit:
1020 4456 1465 4530 Atheniensium,
1505 4465 1703 4534 inquit,
1742 4467 2015 4531 tribunal;

442 4554 638 4609 nempe
670 4542 908 4600 obscure
956 4547 1292 4619 signiﬁcans,
1329 4569 1513 4607 rerum
1562 4557 2018 4627 negotiorumque

442 4633 879 4701 experientiam,
946 4641 1097 4694 omni
1170 4643 1471 4713 sophistica
1535 4646 1827 4718 disciplina
1894 4665 2016 4705 esse

443 4726 898 4801 praestantiorem.

385 4907 408 4945 ξ
520 4907 562 4939 ³ο
586 4906 672 4962 Al.
704 4910 979 4982 Δημάδης.

2124 4468 2441 4530 διδάσκαλος
2496 4466 2734 4535 γεγονὼς
2792 4466 2899 4535 εἴη,
2922 4464 2996 4518 Τὸ
3050 4464 3158 4518 τῶν
3209 4465 3526 4557 Ἀθηναίων,
3563 4465 3689 4535 ἔφη,

2126 4561 2297 4631 βῆμα,
2339 4560 2617 4629 ἐμφαίνων
2650 4560 2732 4613 ὃτι
2772 4559 2807 4627 ἡ
2842 4557 2931 4610 διὰ
2960 4556 3070 4610 τῶν
3118 4556 3457 4627 πραγμάτων
3497 4558 3690 4626 ἐμπει-

2125 4654 2237 4722 ρία,
2271 4653 2534 4725 κρείττων
2572 4651 2751 4721 πάσης
2806 4650 3125 4720 σοφιστικῆς
3154 4649 3501 4713 διδασκαλίας
3527 4649 3687 4704 ἑστίη

1720 4849 1956 4906 VARle
1998 4849 2406 4908 LECTIONES.

1965 5010 2196 5067 NOTAE.

523 5092 610 5163 (ι)
649 5093 849 5165 Λάσος
875 5099 909 5149 ό
951 5096 1295 5165 Ἐρμηνεύς.
1329 5097 1419 5154 Sic
1446 5102 1611 5157 etiam
1636 5102 1831 5160 habuit
1851 5103 2015 5158 Gesn.

447 5164 831 5235 expressitque
884 5166 940 5220 in
971 5164 1224 5223 versione
1274 5168 1616 5235 Hermeneus,
1655 5175 1758 5228 etsi
1814 5189 1876 5227 ea
1912 5190 2018 5228 vox

450 5231 612 5307 i_|li_in
648 5231 853 5307 Griecis
880 5237 1104 5291 excidit.
1127 5235 1481 5294 Emendatius
1508 5231 1665 5297 Snid.
1692 5244 1869 5307 Λᾶσος
1899 5245 1986 5296 Χα
2004 5272 2016 5283 -

450 5301 675 5380 §p_£vou_,_
701 5303 1044 5380 ⁹ιξρμιονείδς.
1077 5307 1405 5380 πόλεωςᾉτῆς
1435 5310 1677 5380 Ἀχαΐας,
1706 5301 1873 5367 Lasus
1888 5312 2028 5367 Cha-

451 5321 658 5373 ορινου,
719 5321 758 5357 ιι
803 5321 1044 5370 μιονευς.
1077 5321 1284 5371 πολεως
1307 5321 1405 5377 της
1439 5321 1677 5380 Ἀχαΐας,
1706 5321 1873 5367 Lasus
1888 5321 2027 5367 Gha-

451 5372 591 5427 ί)ήηί
626 5371 686 5427 F.
737 5321 1131 5447 [ferinioncnsis
1181 5393 1244 5431 ea:
1281 5377 1565 5434 Hermione
1614 5382 1739 5435 urbe
1786 5383 2027 5447 Arhaiw;

453 5457 620 5511 quem
671 5443 1115 5522 antiquissimum
1146 5457 1439 5522 _rn_e_mora_t
1479 5451 1625 5522 circa
1676 5453 1791 5506 Vlll
1821 5443 2023 5522 olymp.

455 5520 701 5588 tempore
728 5513 875 5588 Darii
910 5513 1191 5588 Hystaspis
1222 5516 1426 5588 Ρ,ηυί
1470 5521 1681 5588 primus
1720 5523 1795 5576 De
1821 5513 2025 5575 musica

449 5579 656 5670 librum
685 5579 991 5670 scripserit,
1042 5579 1560 5670 dithyramb:iti_n'in
1612 5601 1891 5670 certamen
1929 5590 2024 5670 (le-

458 5646 692 5717 duxerit,
740 5646 807 5704 et
834 5649 1148 5710 orationum
1170 5646 1457 5723 'judiciale
1498 5646 1692 5728 genus“
1715 5646 1977 5717 docuerit
2006 5677 2017 5712 :

2124 5121 2270 5189 unus
2304 5121 2351 5189 e_
2367 5117 2583 5189 septem-
2601 5107 2946 5189 sapientibus
2960 5109 3267 5189 nonnullis
3276 5109 3534 5189 inbitas,
3563 5109 3700 5189 loco

2124 5175 2444 5261 Piritandri.’
2474 5177 2599 5261 §ive
2643 5175 2774 5261 ergo
2804 5179 3050 5261 Ἐρμὴνη
3104 5180 3221 5261 sive
3254 5180 3491 5261 Ἐρμόνη
3546 5179 3693 5261 dicta

2122 5255 2209 5329 est
2230 5246 2350 5329 ejurs
2386 5247 2602 5329 civitas,
2628 5246 3064 5329 patronyuﬁcum
3084 5257 3188 5329 est,
3212 5246 3368 5329 quod
3378 5246 3569 5329 ἐῖδει
3602 5248 3698 5300 illa

2126 5314 2269 5367 vela
2310 5315 2477 5369 Suida
2497 5318 2581 5370 vel
2612 5314 2645 5371 a
2675 5314 2907 5371 Maximo
2944 5327 3172 5372 vocatus
3217 5314 3319 5373 est.
3378 5318 3530 5372 Facit
3567 5333 3694 5371 eum

2126 5381 2295 5467 Suida
2326 5395 2382 5438 et
2404 5385 2734 5467 Stephanus,
2764 5387 2869 5467 qui
2900 5387 3062 5467 'ipsei
3103 5388 3369 5467 Ἐρμόνην
3411 5395 3590 5467 vocat,
3622 5397 3695 5467 ει

2125 5452 2392 5538 rationem
2425 5452 2832 5538 appellationis}A
2870 5452 2986 5510 sive
3014 5452 3259 5538 etymum
3290 5452 3471 5538 all‘ert,
3518 5464 3577 5510 ut
3605 5456 3692 5538 di:

2121 5531 2277 5597 eatur
2303 5520 2553 5597 'Eppjdv,
2586 5525 2742 5597 quasi
2769 5525 3021 5596 Ὄρμιον,
3072 5520 3123 5581 id
3148 5534 3261 5597 est,
3313 5537 3513 5597 portus,
3541 5526 3692 5596 quod

2113 5590 2334 5660 Jupiter
2358 5590 2423 5647 et
2439 5593 2581 5648 Juno
2604 5590 2668 5648 ex
2696 5590 2853 5649 Creta
2880 5590 2946 5650 eo
2997 5590 3333 5667 appulerint'.
