3990 6176
427 244 527 311 831

1536 288 1537 295 η
1596 249 1655 309 S.
1694 243 1985 307 MAXIMI
2023 239 2534 303 CONFESSOBIS

3580 237 3685 306 832

424 364 834 422 calamitatibus
853 363 1131 433 densaque
1174 366 1445 429 malorum
1475 364 1714 435 procella
1744 362 2002 418 convolu-

2156 377 2210 412 ον
2240 358 2533 431 συμφορῶν
2557 358 2946 430 κυκλούμενος,
2974 355 3244 428 φαντάζου
3267 356 3332 411 τά
3355 356 3565 428 χρηστά
3592 359 3686 411 καὶ

428 465 518 511 tus
544 455 714 510 fueris
753 470 817 509 ac
844 454 1127 523 obseptus,
1162 454 1381 510 mitiora
1426 453 1606 525 cogita
1657 468 1722 508 ac
1751 453 2002 507 meliora.

495 545 754 600 Philonis.
795 574 863 583 —
893 543 1091 600 Laetari
1123 544 1282 600 malis
1311 544 1527 611 alienis,
1562 544 1665 599 etsi
1710 542 2006 613 aliquando

423 649 663 706 aequum,
691 643 748 689 at
774 650 884 689 non
908 635 1232 691 humanum.
1552 638 1557 645 ’
1832 648 1837 653 '

491 725 595 793 Qui
629 725 888 781 secundis
918 726 1089 783 rebus
1113 725 1336 781 modum
1361 741 1427 781 ac
1446 724 1794 796 disciplinam
1820 731 2005 779 teneat

422 818 491 883 is,
527 816 723 871 iisdem
760 816 997 884 atllictis,
1033 832 1384 888 mmrcnsque
1419 833 1484 873 ac
1511 817 1704 872 dolens
1727 815 2001 872 consolari

420 920 532 960 non
562 913 804 974 respuat.

490 996 786 1051 Maximum
813 982 959 1050 enim
991 996 1323 1052 calamitosis
1347 997 1689 1067 praesidium,
1724 994 2005 1050 vicissim-'-

421 1087 568 1143 diuis
589 1103 733 1157 spes,
761 1087 1019 1157 quodque
1058 1088 1255 1144 melior
1286 1104 1471 1145 rerum
1505 1096 1681 1144 status
1708 1086 1780 1142 ob
1813 1085 2003 1141 oculos

303 1241 323 1257 ί
421 1186 695 1234 versetur.

493 1270 721 1341 Inducta
744 1270 903 1341 plaga
925 1269 1048 1325 viro
1088 1271 1345 1342 prudenti
1398 1269 1691 1340 disciplina
1715 1267 1879 1338 589
1900 1268 1997 1333 sit;

420 1378 525 1419 nec
566 1378 693 1418 raro
748 1348 1031 1419 calamitas
1083 1377 1439 1432 aerumnaque
1488 1375 1671 1416 rerum
1737 1373 2001 1428 prospero

420 1463 566 1510 statu
607 1463 849 1525 praestat.

491 1545 725 1601 Maxima
767 1547 1051 1602 calamitas
1084 1548 1225 1612 viro,
1252 1546 1346 1617 qui
1372 1546 1540 1601 rebus
1588 1547 1843 1603 adversis
1874 1555 1998 1603 uta-

425 1645 536 1700 tur,
557 1637 714 1707 ,quod
750 1653 854 1694 nec
890 1646 1148 1708 suppetat
1179 1639 1275 1709 qui
1329 1638 1603 1695 consolari
1650 1654 1715 1693 ac
1768 1639 1998 1694 reticere

423 1728 617 1798 possit.

492 1820 745 1890 Magnum
804 1820 1020 1875 alllictis
1042 1820 1215 1888 rebus
1225 1820 1554 1886 remedium,
1590 1835 1754 1888 quam
1786 1835 1853 1874 ex
1877 1819 1999 1873 ani.

420 1927 512 1965 mo
537 1911 949 1966 miserationem
978 1911 1223 1977 inferas;
1260 1911 1517 1980 quodque
1549 1926 1679 1966 vere
1705 1909 2001 1965 condoleas

423 2015 674 2072 magnam
701 2009 912 2071 partem
948 2001 1276 2057 calamitatis
1311 2002 1478 2055 levat.
1760 1988 1773 1991 “

489 2091 734 2162 Evagrii.
754 2122 826 2133 —
857 2090 1077 2147 Homini
1094 2107 1204 2147 non
1236 2092 1365 2157 levi,
1391 2089 1751 2161 qumvislevis
1772 2089 1998 2144 calami-

422 2187 505 2236 tas
533 2188 639 2235 est.

489 2267 788 2326 Plutarchi.
816 2301 889 2311 —
917 2270 1032 2326 Nec
1053 2265 1260 2341 aegrum
1292 2269 1477 2324 aureis
1528 2268 1763 2339 pedibus
1815 2268 1995 2323 lectus

417 2362 590 2435 iuvet,
620 2378 725 2419 nec
746 2362 1008 2419 stolidum
1030 2362 1263 2433 insignis
1290 2362 1650 2431 prosperitas.

493 2540 676 2612 Egris
705 2541 972 2607 medicos,
1005 2541 1074 2597 iis
1102 2548 1285 2596 autem
1318 2538 1413 2609 qui
1438 2537 1605 2594 rebus
1631 2537 1847 2595 afﬂictis
1870 2538 2002 2604 sint,

423 2633 635 2689 amicos
658 2633 854 2687 adesse
885 2632 1066 2687 decet.

492 2722 553 2779 In
605 2721 991 2788 ebrietatibus,
1030 2722 1372 2778 bacchantur
1418 2720 1684 2792 plurimi;
1725 2720 2004 2788 rebusque

417 2811 668 2870 adversis
686 2825 750 2866 ac
775 2811 934 2865 malis
961 2811 1209 2882 appetiti,
1233 2819 1416 2867 mente
1445 2818 1793 2865 emoventur.

490 2904 715 2961 Inﬁrmo
733 2919 876 2959 onus
905 2904 1213 2974 imponere,
1232 2904 1411 2973 eique
1445 2902 1541 2973 qui
1574 2901 1760 2955 animo
1784 2898 2009 2954 indisci—

421 2998 632 3070 plinato
657 2997 751 3061 sit,
782 3004 962 3051 utres
1009 3010 1274 3066 prospere
1329 2995 1547 3059 cedant,
1599 2991 1802 3057 facere,
1856 2989 2002 3044 idem

2156 2989 2559 3089 υχῇεύτυχίαν,
2587 2989 2781 3076 ταυτον
2804 3024 2973 3079 ἔστιν.

420 3103 655 3161 prorsus
685 3085 922 3142 exsistit.

493 3177 806 3249 Splendida
862 3176 1133 3242 fortunae,
1190 3176 1339 3231 haud
1394 3191 1556 3231 secus
1596 3190 1661 3230 ac
1712 3181 2004 3229 ventorum

424 3271 696 3335 turbines,
729 3285 924 3341 magna
958 3267 1244 3340 naufragia
1278 3267 1508 3323 faciunt.

492 3363 566 3421 Ut
596 3363 849 3433 qliicmlo
878 3376 1074 3418 sereno
1106 3361 1383 3431 navigant,
1431 3360 1487 3414 in
1511 3369 1771 3434 promptu
1801 3358 2006 3413 habent

422 3453 629 3524 quibus
657 3460 1039 3522 tempestatem
1066 3452 1298 3506 levent:
1340 3450 1421 3505 sic
1467 3460 1525 3504 et
1569 3450 1740 3506 sobrii
1787 3449 2005 3518 catique

425 3546 679 3602 homines
716 3546 883 3600 rebus
920 3544 1201 3616 prosperis
1239 3551 1637 3615 praepararant,
1670 3559 1791 3613 quae
1811 3543 2006 3598 adver-

423 3630 504 3695 sis
533 3637 849 3708 adiumenta
880 3636 1164 3691 exsistant.
1398 3630 1401 3631 ⁷

492 3729 832 3801 ιλΕετοιαῐιῑίε
854 3729 1037 3785 victus
1063 3728 1225 3795 ratio,
1263 3734 1322 3783 et
1366 3727 1680 3798 insipientis
1717 3724 2005 3798 prosperi-

426 3826 531 3887 tas,
566 3835 656 3876 res
681 3834 900 3874 morosa
920 3856 926 3862 ο
945 3827 1051 3874 est.

494 3911 650 3968 Haud
676 3911 871 3966 abnuit
892 3910 1115 3965 fortuna
1148 3926 1180 3964 a
1222 3909 1351 3963 mali
1375 3906 1740 3964 certaminum
1799 3904 2009 3974 posito-

424 4005 506 4059 ris
534 4002 739 4064 indole,
764 4000 913 4054 haud
954 4014 1082 4053 raro
1124 3998 1391 4053 victorem
1445 3993 1787 4057 coronantis,
1849 3994 2008 4065 cujus

365 4159 373 4167 _
424 4094 566 4150 nihil
587 4091 802 4148 strenui
831 4090 1019 4160 operis
1051 4098 1161 4145 est.

496 4186 737 4244 Fortuna
757 4185 1023 4257 sagittarii
1054 4185 1247 4250 instar,
1293 4184 1623 4269 qua’ndoque
1664 4182 1887 4254 quidem
1951 4182 2007 4237 in

424 4294 528 4334 nos
550 4277 822 4349 iaculans,
847 4285 908 4330 ut
925 4276 981 4330 in
1010 4291 1237 4346 scopum
1262 4267 1588 4346 quemdam:
1611 4283 1812 4329 metam
1842 4273 2009 4328 attin-

2108 448 2416 517 κρείττονα.

2180 543 2399 595 Φίλων.
2434 573 2507 583 -
2533 542 2762 615 Χαίρειν
2815 541 2910 595 ἐπὶ
2932 542 3051 606 ταῖς
3084 539 3585 611 ἐτέρωνάτυχίαις,
3628 540 3685 613 sl

2107 632 2202 687 καὶ
2228 631 2437 687 δίκαιόν
2472 650 2627 699 ποτε,
2658 633 2776 687 ἀλλ’
2804 634 2905 687 οὐκ
2929 632 3290 702 ἀνθρώπινον.
3326 616 3329 619 ἰ

2177 724 2252 777 Οὐ
2302 723 2378 796 μὴ
2433 725 2494 778 τὸ
2542 723 2729 793 ἀλγεῖν
2778 722 3253 795 ἀπαραμύθητον,
3280 723 3329 776 εἰ
3360 723 3496 795 μήτε
3526 721 3586 776 τδ
3624 717 3683 775 εὖ

2107 815 2369 886 πράττειν
2406 814 2885 887 ἁπαιδαγώγητον.

2173 1003 2424 1075 Μεγίστη
2456 984 2566 1075 γὰρ
2596 1000 2891 1076 ἐπικουρία
2916 1006 3029 1071 τοῖς
3050 1004 3328 1078 ἀτυχοῦσι,
3379 1004 3683 1076 μεταϐολῆς

2105 1096 2288 1164 ἐλπὶς,
2323 1096 2419 1151 καὶ
2446 1096 2508 1150 τδ
2543 1100 2798 1167 κρεῖττον
2832 1099 2891 1151 ὲν
2920 1098 3221 1169 ὀφθαλμοῖς
3242 1097 3513 1169 κείμενον.

2174 1293 2365 1366 Πληγὴ
2415 1298 2529 1360 τοῖς
2570 1293 2631 1351 εὗ
2686 1300 2944 1369 φρονοῦσι
2978 1301 3253 1373 παίδευμα
3309 1302 3543 1373 γίνεται,
3591 1305 3684 1358 καὶ

2103 1385 2370 1456 κρείττων
2398 1389 2701 1461 εὐημερίας
2731 1391 2993 1457 πολλάκις
3026 1394 3390 1450 κακοπάθεια.

2172 1567 2425 1638 Μεγίστη
2457 1570 2713 1642 συμφορὰ
2753 1542 3028 1645 ἀνθρώπῳ
3058 1568 3483 1647 δυσπραγοῦντι,
3531 1577 3679 1649 καὶὴ

2031 1693 2077 1751 Β
2105 1657 2313 1728 ἐρημία
2350 1656 2446 1711 τοῦ
2478 1658 2946 1731 ἀνακτησομένου.

2171 1832 2334 1901 Μέγα
2385 1832 2465 1903 τῷ
2513 1834 2799 1904 ἀτυχοῦντι
2855 1834 3147 1906 φάρμακον
3190 1835 3340 1901 ἔλεος
3371 1836 3481 1891 ἀπὸ
3506 1837 3681 1908 ψυχῆς

2103 1923 2491 1994 εἰσφερόμενος
2516 1940 2530 1956 ·
2579 1924 2672 1978 καὶ
2711 1926 2773 1978 τὸ
2814 1925 3101 1995 συναλγεῖν
3138 1927 3402 1999 γνησίως,
3455 1926 3587 1982 πολύ
3621 1944 3681 1999 ,τι

2105 2014 2354 2082 κουφίζει
2380 2014 2480 2084 τῆς
2515 2017 2822 2085 συμφορᾶς.

2168 2105 2744 2173 Εὑαγρίου.-Πᾶσα
2784 2108 3038 2181 συμφορά
3106 2109 3285 2182 κούφη
3343 2110 3492 2166 ἐστὶν
3534 2114 3681 2185 ἀνδρὶ

2107 2195 2182 2268 μὴ
2216 2196 2424 2268 κούφῳ.
3314 2210 3318 2219 '

2171 2290 2513 2360 Πλουτάρχ.
2532 2322 2602 2332 -
2621 2291 2758 2346 Οῦτε
2793 2293 2883 2348 τὸν
2917 2292 3356 2368 ἀρῤωστοῦνταή
3379 2297 3680 2367 χρυσόπους

2104 2381 2308 2452 ὠφελεῖ
2356 2382 2535 2453 κλίνη,
2595 2382 2720 2437 οὗτε
2773 2384 2863 2437 τὸν
2893 2386 3124 2455 ἀνόητον
3177 2390 3211 2460 ἡ
3260 2388 3533 2460 ἐπίσημος
3589 2388 3682 2442 εύ-

2103 2474 2290 2544 τυχία.
2483 2527 2494 2536 ,

2178 2568 2305 2630 Τοῖς
2339 2567 2438 2637 μὲν
2465 2564 2717 2622 νοσοῦσιν
2754 2567 3002 2639 ἰατρούς·
3032 2572 3146 2636 τοῖς
3180 2572 3241 2627 δὲ
3284 2572 3562 2644 ἀτυχοῦσι,
3595 2571 3683 2641 φί-

2104 2654 2229 2718 λους
2259 2655 2340 2708 δεῖ
2373 2658 2652 2733 παρεῖναι.

2189 2744 2276 2797 Ἐν
2307 2743 2408 2814 μὲν
2432 2748 2555 2810 ταῖς
2585 2747 2781 2817 μέθαις
2807 2748 3162 2820 παροινοῦσιν
3185 2764 3200 2782 ο
3234 2748 3378 2811 ἑνδὲ
3404 2751 3526 2814 ταῖς
3553 2749 3683 2811 ἀτυ-

2106 2835 2254 2905 χίαις
2284 2837 2648 2907 παρανοοῦσιν
2682 2841 2732 2893 οε
2769 2841 3031 2894 πλεῖστοι.

2191 2927 2589 2997 Ἀρῤωστοῦντι
2647 2931 2867 3002 φορτίον
2922 2931 3217 3007 ἐπιθεῖναι,
3281 2932 3315 3003 ἢ
3375 2930 3682 3000 ἀπαιδεύτῳ

2175 3200 2241 3253 Δί
2272 3199 2558 3269 ἐπιφανεῖς
2586 3201 2770 3279 τύχαι,
2807 3204 3056 3278 καθάπερ
3090 3206 3139 3259 οἱ
3176 3206 3397 3279 σφοδροὶ
3424 3205 3531 3260 τῶν
3561 3205 3683 3260 ἀνέ-

2109 3308 2248 3362 μων,
2276 3292 2487 3362 μεγάλα
2518 3294 2733 3347 ποιοῦσι
2766 3296 3023 3365 ναυάγια.

2179 3383 2391 3455 Ὥσπερ
2432 3384 2480 3437 οί
2521 3386 2578 3437 ὲν
2620 3385 2772 3456 εὐδίᾳ
2822 3387 3077 3451 πλέοντες
3108 3430 3122 3452 ,
3169 3387 3262 3441 καὶ
3289 3389 3357 3443 τὰ
3409 3388 3544 3459 πρὸς
3588 3390 3679 3442 τὸν

2105 3474 2351 3545 χειμῶνα
2385 3474 2599 3545 ἔχουσιν
2633 3476 2862 3547 ἓτοιμα’
2904 3478 3076 3541 οὕτως
3108 3479 3158 3532 οἱ
3186 3480 3245 3534 ὲν
3278 3480 3501 3550 εὐτυχίᾳ
3538 3497 3677 3550 φρο·
3720 3530 3725 3535 .

2106 3563 2325 3655 νοῦντες
2370 3561 2452 3630 εὖ,
2490 3567 2584 3620 καὶ
2630 3566 2702 3620 τὰ
2753 3568 2891 3638 πρὸς
2939 3567 3041 3638 τὴν
3072 3569 3302 3641 ἀτυχίαν
3346 3570 3678 3655 ἡτοιμιάκασι

2108 3653 2276 3726 βοηθή
2287 3673 2450 3725 ματα.

2173 3743 2477 3807 Νοσοῦντος
2537 3743 2736 3811 δίαιτα,
2783 3743 2879 3799 καὶ
2914 3745 3148 3817 ἀφρονος
3190 3746 3437 3817 εὐτυχία,
3459 3746 3519 3800 τὸ
3549 3746 3681 3802 δυσ-

2106 3832 2359 3903 ἀρεστον.

2181 3925 2449 3995 Ἔοικενή
2482 3924 2619 3998 τύχη
2649 3925 2839 3997 φαύλῳ
2873 3926 3184 3999 ἀγωνοθέτῃ
3205 3944 3219 3959 ·
3244 3955 3250 3961 -
3271 3928 3529 3993 πολλάκις
3568 3926 3679 3999 γὰρ

2105 4014 2196 4067 τὸν
2230 4015 2397 4086 μηδὲν
2427 4018 2744 4087 πράσσοντα
2778 4021 3056 4087 στεφανοῖ.

2187 4193 2257 4248 Ἦ
2282 4194 2418 4267 τύχη
2453 4194 2710 4265 καθάπερ
2738 4193 2982 4265 τοξότης,
3020 4168 3147 4247 ποτὲ
3195 4195 3292 4264 μὲν
3331 4192 3678 4263 ἐπιτυγχάνει

2112 4287 2380 4358 βάλλουσα
2405 4286 2492 4354 ἐφ’
2523 4288 2691 4357 ἡμᾶς,
2722 4284 2910 4356 ὥσπερ
2936 4287 3029 4338 ὲπί
3052 4300 3173 4339 τινα
3205 4285 3404 4340 σκοπόν
3423 4301 3437 4315 ⁶
3470 4284 3598 4339 ποτὲ
3621 4284 3679 4337 δὲ

424 4372 529 4443 git;
559 4369 888 4442 quandoque
912 4384 1045 4424 vero
1073 4368 1129 4422 in
1152 4384 1217 4424 ea
1244 4384 1365 4439 qua:
1387 4367 1547 4423 nobis
1574 4366 1830 4439 adjacent
1880 4380 2002 4435 pro‘

2156 4379 2205 4432 Iri.
2239 4378 2310 4431 τὰ
2337 4350 2601 4446 σύνεγγυς
2626 4350 3009 4448 παρακείμενα
3032 4377 3184 4448 ἡμῖν.

424 4460 660 4533 piusque
695 4459 1078 4514 circumstant.

493 4574 651 4643 Quod
676 4573 844 4628 rebus
874 4570 1127 4627 tristibus
1183 4568 1379 4634 uteris,
1435 4576 1577 4638 tege,
1630 4581 1703 4621 ne
1744 4563 2004 4636 gaudium

423 4668 665 4724 inimicis
687 4663 905 4720 feceris.
1528 4660 1553 4669 ’

493 4781 763 4836 Isocratis.
792 4808 863 4818 —
887 4775 1263 4832 Calamitatem
1299 4772 1510 4827 nemini
1537 4771 1962 4842 exprobraveris
1986 4788 2000 4825 :

421 4872 733 4931 communis
755 4870 903 4927 enim
935 4868 1178 4932 fortuna,
1218 4873 1275 4920 et
1302 4866 1573 4920 incertum
1600 4863 1735 4934 quid
1757 4862 2004 4918 futurum

421 4969 516 5023 Sil.

490 5079 638 5135 Nihil
674 5092 859 5132 rerum
878 5077 1242 5130 humanarum
1268 5071 1485 5127 firmum
1505 5080 1719 5142 putato.
1742 5070 1833 5126 Sic
1853 5070 2001 5125 enim

419 5188 526 5230 nec
552 5173 606 5226 in
637 5170 924 5241 prosperis
947 5166 1148 5238 gaudio
1173 5164 1527 5228 diffunderis,
1574 5179 1678 5218 nec
1703 5163 1759 5216 in
1808 5162 2004 5217 adver-

418 5266 496 5322 sis
517 5279 677 5335 aequo
704 5262 906 5333 justius
945 5260 1119 5315 tristis
1144 5259 1276 5313 eris.

487 5377 666 5434 Etiam
702 5377 875 5431 solers
899 5370 1238 5445 gubernator
1285 5370 1617 5442 quandoque
1655 5367 2000 5437 naufragium

419 5467 579 5532 facit;
612 5465 895 5534 utiturque
927 5462 1093 5517 rebus
1140 5461 1387 5516 adversis
1436 5459 1531 5528 qui
1585 5457 1754 5512 fultus
1801 5457 2001 5511 virtute

418 5560 511 5615 sit.
620 5550 627 5557 ’

403 5670 407 5674 ·
484 5648 788 5705 Democriti.
811 5648 1177 5703 ~Gcneruni
1214 5644 1420 5697 bonum
1451 5650 1762 5711 assecutus,
1808 5643 2002 5692 nactus

2187 4567 2442 4638 ’Λτυχίαν
2493 4567 2728 4639 κρύπτε,
2774 4568 2862 4623 ἵνα
2914 4568 2989 4641 μὴ
3035 4570 3162 4633 τοὺς
3209 4569 3435 4642 ἐχθρούς
3463 4585 3555 4623 σου
3584 4568 3677 4623 εύ-

2106 4661 2337 4733 φράνης.

2190 4773 2714 4842 Ἰσοκρμ-Μηδενὶ
2733 4774 3019 4845 συμφορὰν
3049 4775 3346 4848 ὀνειδίσῃς·
3379 4773 3532 4847 κοινὴ
3568 4773 3678 4847 γὰρ

2104 4868 2137 4936 ὴ
2170 4864 2329 4936 τύχη,
2366 4863 2461 4917 καὶ
2487 4864 2547 4916 τὸ
2576 4862 2770 4931 μέλλον
2798 4864 3049 4936 ἀόρατον.

2174 5069 2381 5138 Νόμιζε
2443 5069 2610 5139 μηδὲν
2654 5062 2795 5121 εἶναι
2850 5066 2962 5120 τῶν
3024 5062 3378 5138 ἀνθρωπίνων
3440 5066 3674 5136 βέϐαιον.

2105 5161 2262 5216 θῦτω
2294 5160 2403 5231 γὰρ
2430 5159 2554 5214 οὔτε
2584 5159 2825 5231 εὐτυχῶν
2857 5156 2957 5232 ἔσῃ
2982 5157 3305 5228 περιχαρὴς,
3330 5157 3453 5239 οὔτε
3484 5157 3682 5211 δυστυ-

2104 5254 2214 5325 χῶν
2244 5253 2563 5324 περίλυπος.

2172 5365 2284 5419 Καὶ
2318 5365 2656 5435 κυϐερνήτης
2692 5362 2895 5431 ἀγαθὸς
2922 5362 3089 5416 ἐνίοτε
3120 5363 3381 5430 ναυαγεῖο
3420 5360 3516 5415 καὶ
3543 5360 3682 5432 ἀνὴρ

2105 5456 2391 5519 σπουδαῖος
2424 5456 2635 5526 ἀτυχεῖ.

2181 5627 2856 5703 mutantia—de5pr
2929 5630 2956 5681 ὁ
3019 5627 3117 5700 μὲν
3169 5626 3459 5697 ἐπιτυχὼν,
3526 5620 3686 5696 εὗρεν
