3990 6176
224 364 242 375 θ
307 286 409 349 833

1598 289 1771 350 LOCI
1815 283 2254 348 COMMUNES.
2365 328 2374 339 .

3481 286 3587 349 834

307 404 422 459 υἱόν
450 417 464 433 ’
531 404 560 457 ὁ
625 404 685 457 δὲ
749 404 1061 476 ἀποτυχὼν,
1128 404 1378 459 ἀπώλεσε
1438 403 1533 456 καὶ
1600 402 1896 472 θυγατέρα.

2039 406 2097 450 τει
2124 396 2299 450 filium
2329 410 2344 460 ;
2373 392 2428 447 in
2456 391 2661 447 malum
2686 404 2820 447 vero
2870 390 2964 460 qui
2998 390 3211 457 incidit,
3234 393 3398 448 etiam
3422 395 3590 452 filiam

380 576 930 645 Σωκράτ.-Καλὺν
977 578 1081 645 μὲν
1122 578 1217 632 ἐπὶ
1252 578 1358 648 τῆς
1403 577 1587 642 ὲστίας
1612 575 1896 647 φαίνεσθαι

310 665 372 718 τὸ
398 666 509 737 πῦρ
541 666 794 737 λαμπρόν
814 684 827 698 ο
866 668 959 719 ἐπὶ
989 667 1046 720 δὲ
1072 671 1174 739 τῆς
1203 668 1453 739 ἀτυχίας,
1486 668 1578 721 τὸν
1605 667 1753 722 νοῦν.

383 756 719 825 Σωκράτης.
738 759 873 810 -Οί
901 759 999 829 μὲν
1017 760 1276 829 ἀκρατεῖς
1309 761 1366 811 ὲν
1391 761 1514 823 ταῖς
1542 757 1896 830 ἀρρωστίαις,

312 848 361 898 ot
426 845 482 897 δὲ
535 846 771 916 ἄφρονες
820 849 879 901 ὲν
935 850 1057 912 ταῖς
1113 849 1390 919 εὐτυχίαις
1459 848 1569 902 sict
1636 846 1899 918 δυσθερά-

316 953 532 991 πευτοι.
662 938 669 941 ⁷
1370 928 1374 932 Δ

391 1029 452 1080 ’0
484 1028 646 1092 αὐτὸς
668 1030 987 1102 ἐρωτηθεὶς,
1015 1031 1081 1084 Τί
1100 1031 1261 1084 λυπεῖ
1281 1032 1409 1094 τοὺς
1448 1029 1691 1099 ἀγαθούς
1714 1048 1730 1097 ;
1760 1029 1893 1100 ἔφη,

313 1119 550 1188 Εύτυχία
577 1119 827 1191 πονηρῶν
854 1137 868 1151 ο
913 1121 1060 1189 φιλεῖ
1090 1122 1200 1194 γὰρ
1247 1122 1521 1195 εύημερία
1564 1121 1898 1192 παράλογος,

312 1207 529 1278 ’ὕϐρεως
545 1208 686 1280 ἔργα
711 1212 1127 1281 προκαλεῖσθαι.

389 1386 546 1455 ’0νὴ
590 1385 728 1456 τύχη
772 1388 1198 1459 προπηλακίζει,
1240 1400 1335 1445 και
1375 1392 1528 1461 παρὰ
1557 1391 1668 1446 τῶν
1708 1389 1901 1462 πράων

312 1472 485 1537 οὕτως
516 1475 790 1545 μάστιγας
811 1478 1080 1547 εὑρίσκει.

382 1562 730 1632 Δημώνακτ.
755 1595 826 1607 -
851 1567 989 1622 Οὔτε
1011 1570 1062 1622 οἰ
1086 1569 1312 1639 ἄμουσοι
1335 1570 1445 1634 τοίς
1470 1569 1745 1641 ὀργάνοις,
1776 1570 1900 1623 οὔτε

313 1655 362 1707 οἱ
426 1655 742 1708 ἀπαίδευτοι
789 1659 912 1721 ταῖς
969 1657 1162 1728 τύχαις
1230 1659 1483 1715 δύνανται
1553 1662 1898 1734 συναρμόσα-

318 1745 466 1799 σθαι.

384 1839 731 1910 Δείκνυσινή
774 1841 872 1910 μὲν
921 1844 1122 1912 τροπὴ,
1173 1843 1267 1899 τδν
1321 1845 1465 1901 κατά
1514 1845 1777 1917 ἀλήθειαν
1804 1845 1900 1902 ἀν·

314 1931 494 2000 δρείον
515 1948 528 1961 ·
560 1933 593 2002 ή
620 1931 678 1984 δὲ
703 1932 920 2002 ἀτυχία,
960 1933 1053 1988 τὸν
1088 1935 1376 2008 φρόνιμον.

404 2110 506 2164 Ἕκ
546 2108 665 2164 τῶν
698 2105 1429 2185 Φαυωρίνουζ-Εὐτυχὼν
1462 2114 1538 2186 μὴ
1567 2114 1657 2168 ἔσο
1690 2115 1901 2186 ὑπερή-

319 2216 522 2270 φανοςο
559 2202 861 2272 ἀπορήσας,
893 2202 969 2274 μὴ
1009 2204 1265 2259 ταπεινοῦ
1286 2222 1299 2236 ’
1345 2206 1444 2269 τάς
1474 2205 1774 2276 μεταϐολὰς
1800 2207 1902 2277 τῆς

316 2291 488 2362 τύχης
520 2292 783 2360 γενναίως
816 2293 1085 2348 ἐπίστασο
1107 2296 1315 2368 φέρειν.

404 2464 744 2533 Ἀλέξανδρ.
767 2496 839 2506 —
867 2466 1215 2538 Ἀλέξανδρος
1255 2471 1283 2524 ὁ
1337 2469 1591 2539 βασιλεὺς
1633 2469 1757 2525 ίδὼν
1783 2472 1901 2524 Διο-

317 2561 482 2628 γένην
505 2557 850 2629 κοιμώμενον
874 2560 932 2613 ὲν
965 2560 1129 2631 πίθῳ,
1163 2562 1291 2633 ἔφη,
1324 2558 1395 2616 ’Ὦ
1422 2563 1547 2617 πίθε
1584 2564 1751 2634 μεστὲ
1771 2579 1903 2634 φρε-

320 2648 460 2701 νῶν·
511 2649 540 2700 ὁ
588 2648 646 2731 δὲ
702 2648 994 2719 φιλόσοφος
1049 2651 1309 2721 ἀναστὰς,
1377 2654 1504 2725 ἔφη’
1560 2650 1630 2708 *Ω
1680 2654 1902 2726 βασιλεῦ

324 2741 570 2812 μέγιστε.

326 2847 491 2923 θέλω
513 2849 709 2923 ,τύχης
736 2851 1109 2923 σταλαγμὸν,
1144 2852 1183 2921 ἢ
1207 2853 1446 2922 φρενῶν
1469 2857 1668 2923 πίθον,

458 2918 540 2996 μὶ]
567 2913 882 2996 παρούσης
934 2913 1034 2991 (ὦ),
1064 2913 1486 2996 δυστυχοῦσιν
1511 2931 1570 2980 ai
1592 2913 1826 2996 ξρρἐνες.

322 2988 575 3065 ζιρύςβν
604 3005 693 3053 τις
722 2988 1038 3065 ρντέφήἁς
1062 2990 1190 3065 τῶν
1215 2988 1619 3064 φὶξλοφρόνων,

334 3057 535 3124 Ῥανὶς
557 3057 795 3126 φρενῶν
819 3076 923 3129 μοι
947 3057 1278 3132 μᾶλλονξῆ
1296 3057 1492 3131 βυθὸς
1514 3057 1722 3135 τύχης,

323 3186 437 3260 Ἦς
450 3192 537 3262 μὴ
558 3194 889 3263 ’παρούσης
920 3194 1340 3266 δυστυχοῦσιν
1365 3202 1425 3254 αἱ
1450 3201 1687 3270 φρένες.

406 3308 930 3377 Ἐπικούρου.-Ἡ
962 3311 1191 3383 ταπεινὴ
1215 3311 1384 3385 ψυχὴ,
1414 3316 1531 3378 τοῖς
1569 3316 1672 3386 μὲν
1701 3317 1903 3388 εὐημε-

328 3399 566 3471 ρήμασιν
596 3400 913 3472 ἐχαυνώθη⁸
959 3405 1082 3467 ταῖς
1123 3404 1180 3459 δὲ
1221 3410 1552 3478 συμφοραῖς,
1597 3408 1901 3481 καθῃρέθη.

395 3580 658 3647 Δημοσθ.
680 3578 727 3612 ³³
745 3608 817 3619 -
835 3578 938 3634 Τὸν
976 3580 1051 3651 μὴ
1069 3579 1391 3653 βουλόμενον
1419 3588 1684 3655 γενναίως
1719 3588 1908 3661 φέρειν

323 3666 574 3737 ἀτυχίαν,
615 3668 740 3738 μηδ’
781 3667 1035 3738 εύτυχίαν
1065 3669 1169 3741 ἔφη
1200 3671 1482 3728 δύνασθαι.

395 3758 679 3826 Κυψέλου
736 3763 1044 3829 Κορινθ.-
1067 3762 1321 3834 Εὐτυχῶν
1354 3766 1574 3849 μέτριος
1597 3767 1740 3834 Δἴσθι·
1778 3770 1907 3824 ἀτυ-

326 3850 438 3923 χῶν
462 3850 540 3915 δὲ,
578 3868 614 3920 φ
622 3850 864 3922 ρόνιμος.

412 3942 515 3996 Ἐκ
535 3941 643 4029 τοῦ
681 3941 1041 4014 Ἐπικτήτου
1067 3947 1167 4001 καί
1213 3948 1505 4019 Ἰσοκράτ.
1522 3981 1592 3994 -—
1612 3953 1675 4006 Οί
1702 3970 1900 4007 πεπαι-

322 4033 577 4102 δευμένοι
607 4033 859 4107 καθάπερ
902 4038 951 4091 οἱ
993 4038 1058 4091 ὲκ
1113 4038 1476 4114 παλαίστρας,
1525 4043 1627 4097 κᾶν
1678 4045 1907 4110 πέσωσι,

324 4124 540 4195 ταχέως
569 4128 663 4178 καὶ
691 4125 977 4191 ἐπιδεξίως
1017 4131 1081 4181 ἐκ
1121 4130 1220 4198 τῆς
1249 4132 1478 4201 ἀτυχίας
1507 4133 1905 4197 ἐξανίστανται.

400 4216 505 4269 Τὸν
538 4215 797 4287 λογισμὸν
824 4217 1015 4290 ὥσπερ
1048 4220 1231 4291 ίατρὸν
1269 4223 1493 4292 ἀγαθὸν,
1533 4223 1908 4283 ἐπικαλεῖσθαι

310 4307 409 4360 δεῖ
441 4309 500 4359 ὲν
527 4308 725 4380 ἀτυχίᾳ
751 4309 964 4381 βοηθόν.

1925 1738 1974 1798 Β

2002 487 2206 542 amisit.

2070 575 2462 631 δουναι-1η
2503 572 2630 629 foco
2678 574 2901 645 ignem;
2956 573 3204 629 adversis
3253 574 3420 629 rebus
3473 575 3593 630 ani-

2002 684 2153 724 mum
2179 665 2468 737 splendide
2499 665 2710 731 lucere,
2747 666 2802 720 id
2828 680 2962 720 vero
2986 665 3315 734 praeclarum
3342 674 3446 721 est.

2070 760 2235 830 590
2263 756 2531 813 Socrates.
2562 787 2633 797 —
2657 756 2809 811 Gula:
2835 756 3267 821 incontinentes,
3310 772 3452 826 aegra
3490 773 3589 812 va-

2000 850 2291 914 letudine;
2327 858 2706 919 prosperoqu’e
2743 862 2931 902 rerum
2955 861 3216 902 successu
3250 849 3402 902 stulti
3427 864 3590 904 cura-

2000 951 2057 995 tu
2084 939 2353 994 difﬁciles:

2071 1030 2223 1085 Idem
2250 1030 2625 1100 interrogatus
2654 1046 2669 1083 :
2701 1028 2975 1094 Quidnam
3007 1029 3158 1083 viros
3217 1028 3395 1085 bonos
3454 1043 3590 1084 mce-
3620 1084 3627 1093 ,

2001 1135 2128 1175 rore
2153 1120 2375 1185 alliciat,
2395 1118 2720 1189 respOndit:
2746 1118 3009 1175 Malorum
3041 1118 3313 1178 felicitas:
3344 1118 3588 1187 proclive
3619 1122 3631 1177 ε

1997 1211 2171 1276 enim,
2205 1226 2369 1280 quam
2398 1211 2549 1265 nulla
2577 1210 2720 1263 ratio
2734 1209 2919 1264 frenet
2936 1207 3295 1278 prosperitas,
3332 1200 3588 1279 injuriam

2000 1303 2187 1358 verbis
2218 1302 2495 1373 factisque
2529 1310 2813 1370 provocat.

2071 1393 2243 1459 Quem
2280 1393 2534 1462 suggillat
2553 1392 2794 1458 fortuna,
2827 1391 2893 1458 is,
2918 1398 2977 1446 et
3023 1389 3092 1445 ab
3147 1387 3232 1445 eis
3284 1389 3380 1460 qui
3428 1389 3590 1445 mites

2005 1493 2135 1538 sunt
2167 1499 2229 1537 ac
2248 1482 2411 1552 probi
2428 1483 2664 1553 verbera
2697 1482 2952 1536 offendit.

2078 1573 2392 1627 Demonact.
2424 1573 2578 1627 —Ut
2606 1572 2831 1626 musicae
2858 1570 3027 1624 rudes
3065 1568 3305 1639 organis,
3336 1568 3417 1624 sic
3442 1567 3589 1624 indi-

2001 1664 2279 1736 sciplinati
2310 1662 2458 1718 haud
2480 1663 2664 1718 valent
2695 1661 2933 1717 fortunis
2961 1659 3160 1731 aptari.

2069 1842 2211 1896 Eum
2241 1841 2337 1911 qui
2366 1856 2496 1896 vere
2527 1840 2687 1894 fortis
2712 1840 2786 1894 sit
2830 1839 3074 1894 ostendit
3130 1847 3357 1909 accepta
3404 1837 3591 1896 clades

2005 1932 2175 2001 inque
2204 1931 2389 2001 fugam
2414 1945 2575 1985 versa
2604 1930 2784 1997 acies;
2811 1930 3056 1999 quivero
3073 1929 3339 1999 prudens,
3363 1929 3591 1985 adversa

2005 2021 2253 2076 fortuna.

2070 2112 2156 2166 Ex
2178 2111 2418 2166 Phavor.
2454 2109 2658 2166 Comm.
2693 2142 2766 2152 —
2790 2110 2927 2166 Cum
2962 2110 3132 2165 rebus
3148 2111 3433 2181 prosperis
3467 2118 3591 2167 ute-

2001 2204 2079 2258 ris
2098 2203 2230 2269 ,noli
2248 2202 2507 2272 superbia
2537 2201 2723 2258 ell‘erri
2751 2220 2766 2270 ;
2797 2188 2922 2257 cum
2949 2203 3004 2256 in
3022 2203 3270 2272 angustia
3298 2218 3593 2272 rerumque

2002 2295 2161 2363 inops
2190 2291 2491 2356 exstiteris,
2523 2306 2594 2347 ne
2619 2291 2805 2346 animo
2821 2289 3098 2361 dejiciaris
3126 2280 3145 2343 εί
3162 2289 3396 2346 fortuna:
3418 2300 3594 2347 muta-

2001 2386 2184 2439 tiones
2220 2383 2442 2438 fortiter
2469 2368 2613 2437 τρῖ-το
2639 2382 2881 2437 noveris.
3360 2429 3366 2436 .

2075 2474 2407 2529 Alexander.
2439 2505 2510 2516 —
2538 2475 2853 2530 Alexander
2876 2490 2993 2543 rex,
3026 2476 3325 2548 Diogenem
3349 2476 3404 2530 in
3439 2475 3589 2531 dolio

2004 2568 2378 2622 dormientem
2414 2582 2650 2622 cernens
2684 2585 2698 2622 :
2727 2566 2771 2622 Ο
2798 2567 3032 2642 dolium,
3055 2569 3256 2638 inquit,
3310 2568 3591 2638 sapientiae

2001 2660 2247 2730 plenum.
2276 2658 2657 2728 Philosophus
2691 2668 2876 2713 autem
2902 2674 3029 2713 cum
3086 2660 3478 2715 assurrexisset
3502 2675 3516 2714 :
3544 2656 3591 2715 0

2002 2765 2194 2822 regum
2221 2749 2478 2814 maxime,
2518 2749 2721 2819 inquit.

2001 2862 2146 2917 Malo
2169 2862 2395 2932 fortuna:
2414 2860 2641 2927 stillam,
2672 2877 2834 2932 quam
2860 2862 3135 2932 sapientia:
3157 2848 3381 2928 dolium,

2003 2931 2175 3002 Cujus
2209 2933 2451 2986 absentia
2505 2931 2694 2984 misere
2733 2948 2851 2985 cum
2878 2931 3145 3001 sapientia
3177 2935 3377 3002 agitur.

2005 3001 2102 3072 Cui
2132 3002 2352 3071 quidam
2388 3017 2453 3054 ea:
2498 3002 2776 3070 sapientiae
2803 3003 3051 3055 studiosis
3084 3001 3373 3072 respondit,

1930 3065 1973 3123 (Ξ
2004 3065 2187 3128 Pluris
2219 3071 2345 3126 mihi
2364 3080 2440 3125 est
2485 3065 2762 3140 sapientia:
2808 3080 2981 3142 gutta,
3022 3065 3185 3141 quani
3233 3065 3460 3142 fortuna:
3495 3085 3588 3141 pe-

3341 3141 3465 3193 laau

3312 3141 3392 3194 Ila
3432 3157 3492 3194 us

2004 3210 2170 3281 Cujus
2237 3209 2472 3264 absentia
2502 3209 2692 3263 misere
2722 3225 2840 3262 cum
2863 3210 3042 3263 animo
3080 3210 3276 3280 agitur.
3313 3200 3330 3212 ’
3399 3158 3428 3210 g
3499 3180 3515 3206 ’

2076 3323 2319 3394 Epicuri.
2345 3353 2417 3362 —-
2443 3321 2681 3376 Humilis
2709 3320 3012 3391 pusillusve
3034 3322 3271 3387 animus,
3309 3318 3593 3393 prosperi-

2007 3414 2214 3469 tatibus
2250 3413 2474 3467 inﬂatur
2513 3428 2578 3467 ac
2627 3421 2803 3466 tumet
2856 3430 2888 3481 :_
2917 3413 3168 3468 adversis
3186 3422 3380 3481 autem
3425 3413 3595 3470 rebus

2008 3505 2208 3560 fastum
2235 3504 2389 3573 ponit
2410 3518 2473 3558 ac
2502 3504 2783 3574 dejicitur.

2077 3596 2345 3650 Demosth.
2376 3592 2579 3671 ——‘Qui
2633 3596 2911 3651 sinistram
2967 3595 3243 3650 fortunam
3299 3595 3443 3651 ferre
3495 3610 3597 3652 ne-

2007 3698 2195 3761 queat,
2230 3705 2360 3745 eum
2381 3704 2451 3744 ne
2480 3688 2727 3744 dextram
2748 3704 2970 3759 quoque
2996 3688 3142 3743 ferre
3186 3704 3347 3759 posse
3387 3689 3591 3745 aiebat.

2075 3779 2286 3852 Cypsel.
2321 3780 2444 3837 Cor.
2473 3812 2543 3821 —
2567 3781 2626 3835 In
2650 3782 2773 3854 laeta
2809 3781 3036 3835 fortuna
3078 3780 3399 3836 moderatus
3421 3789 3542 3837 esto
3577 3799 3592 3836 :

2009 3873 2064 3927 in
2097 3872 2265 3935 tristi,
2302 3872 2567 3941 prudens.

2082 3967 2167 4021 Ex
2188 3944 2363 4036 Epist.
2401 3973 2454 4020 et
2483 3964 2707 4018 Isocrat.
2759 3994 2828 4003 -—
2872 3963 2979 4030 Qui
3026 3962 3137 4017 sint
3166 3962 3399 4027 eruditi,
3446 3962 3593 4017 haud

2011 4074 2172 4114 secus
2193 4073 2259 4111 ac
2285 4057 2323 4112 ii
2354 4055 2450 4126 qui
2476 4057 2530 4110 in
2557 4055 2811 4125 palaestra
2857 4063 3076 4110 certant
3106 4071 3119 4107 :
3156 4054 3371 4109 tametsi
3405 4068 3594 4108 casum

2010 4149 2269 4212 fecerint,
2289 4147 2403 4203 cito
2424 4162 2489 4201 ac
2509 4146 2784 4216 sagaciter
2825 4146 2895 4201 ab
2928 4145 3235 4201 infortunio
3283 4153 3597 4214 emergunt.

2082 4226 2336 4293 Rationis
2364 4252 2548 4306 opem,
2595 4252 2696 4291 ceu
2719 4237 2850 4292 boni
2900 4237 3124 4303 medici,
3162 4236 3409 4292 adversis
3430 4236 3596 4292 rebus

2011 4333 2269 4387 invocare
2290 4329 2569 4385 convenit.

396 4400 669 4470 Εὑτυχίας
720 4401 910 4474 ὥσπερ
964 4402 1140 4475 μέθης
1188 4405 1379 4478 ἄφρων
1427 4410 1519 4463 ἐπὶ
1556 4409 1740 4466 πλεῖον
1767 4414 1898 4467 ἀπο-

2085 4422 2324 4476 Demens
2359 4418 2623 4475 secundis
2644 4418 2814 4473 rebus
2857 4418 3014 4488 quasi
3062 4418 3347 4474 ebrietatis
3396 4420 3594 4489 poculo

324 4491 555 4556 λαύσας,
580 4492 939 4565 ἁνοητότερος
965 4495 1197 4564 γίνεται.
1244 4528 1245 4531 η

397 4583 519 4637 Τῶν
541 4585 915 4667 εὐτυχούντων
944 4589 1352 4662 ἀνταγωνιστὴς
1375 4592 1403 4645 ὁ
1429 4591 1640 4661 φθόνος.

412 4765 471 4819 Ὀ
504 4771 855 4837 μεμνημένος
881 4769 936 4822 τί
963 4771 1111 4825 ἐστιν
1142 4771 1453 4842 ἄνθρωπος,
1484 4774 1571 4827 ἐπ’
1600 4774 1775 4829 οὐδενὶ
1801 4777 1911 4830 τῶν

330 4873 395 4908 συ
404 4857 656 4926 μδάντων
681 4861 841 4929 δυσχε
851 4864 1021 4930 ρανεϊ.

402 4950 494 5014 Εἰς
519 4952 618 5020 μὲν
655 4953 717 5004 τὸ
747 4953 1066 5024 εὐπλοῆσαι,
1090 4954 1426 5027 κυϐερνήτου
1461 4957 1553 5010 καὶ
1578 4958 1908 5029 πνεύματος*

386 5137 453 5222 ’³³
499 5138 665 5194 Gesn.
710 5139 955 5209 Δημητρ.
995 5140 1129 5194 Φαλ.

1904 4558 1907 4559 ν
2017 4511 2249 4567 uberius
2273 4509 2482 4573 fruens,
2505 4510 2622 4579 ipse
2644 4509 2828 4579 seipso
2876 4509 3189 4565 dementior
3216 4510 3484 4566 redditur.

2086 4604 2317 4667 Eorum,
2353 4602 2454 4672 qui
2480 4601 2762 4672 prosperis
2777 4601 2946 4657 rebus
2966 4611 3222 4667 utuntur,
3244 4601 3592 4657 adversarius

2010 4705 2096 4752 est
2126 4695 2286 4749 livor.
3260 4686 3265 4691 λ

2083 4788 2185 4855 Qui
2216 4787 2535 4843 meminerit
2559 4787 2821 4858 quidnam
2845 4788 2918 4844 sit
2949 4788 3137 4855 homo,
3188 4786 3458 4859 quidquid
3496 4800 3592 4841 aco
3658 4804 3665 4807 -

2016 4881 2183 4946 eidat,
2211 4881 2351 4934 nihil
2369 4882 2602 4936 moleste
2629 4881 2838 4935 tulerit.

2091 4972 2239 5042 591
2281 4972 2362 5026 Ad
2378 4972 2613 5027 faustam
2636 4973 3045 5044 navigationem
3066 4975 3432 5047 gubernatore
3454 4987 3595 5044 opus

1628 5072 1863 5168 VARlZE
1909 5074 2317 5138 LECTIONES.

1856 5237 2089 5297 NOT/E.

406 5323 486 5398 (σε)
513 5317 626 5388 Ἦς
644 5322 729 5391 μὴ
757 5324 1100 5398 παρούσης.
1140 5324 1218 5378 lta
1246 5326 1435 5398 etiam,
1464 5327 1678 5398 hocque
1712 5330 1909 5386 ordine

319 5394 471 5449 Ball.
510 5403 567 5447 et
592 5409 732 5462 quos
756 5394 946 5447 laudat
972 5394 1138 5447 Gesn.
1164 5394 1326 5465 codd.
1362 5397 1481 5465 Ipse
1510 5394 1730 5453 versum
1760 5400 1907 5455 hunc

318 5465 591 5537 quintum
610 5459 996 5537 repraesentat,
1026 5479 1091 5517 ac
1128 5465 1210 5537 τὸ,
1241 5459 1329 5534 ἧς,
1355 5459 1499 5535 quod
1533 5470 1716 5537 priore
1736 5486 1905 5524 sensu

317 5531 516 5605 palam
563 5532 731 5605 τύχη]
771 5531 996 5598 referat,
1030 5531 1309 5604 sapientia:
1369 5531 1568 5600 reddit,
1607 5538 1903 5595 referendo

2010 5334 2154 5410 salse
2185 5332 2423 5410 dictum,
2473 5337 2753 5410 quod_ita,
2812 5338 2947 5408 ipsis
2994 5339 3242 5410 ejusdem
3295 5338 3480 5394 verbis
3511 5340 3597 5396 vir

2007 5404 2607 5478 pru_dens_sobriusque
2635 5404 2865 5478 Diogeni
2909 5404 3131 5478 regerit,
3183 5424 3294 5463 non
3340 5410 3474 5463 satis
3527 5422 3597 5463 ex

2005 5473 2322 5549 philosophi
2369 5473 2603 5549 persona
2645 5473 2852 5537 locuto,
2888 5473 3018 5533 dum
3063 5479 3342 5532 fortunam
3372 5478 3595 5549 sapien-

2005 5543 2583 5616 tia3_san:eque'menti
2631 5549 2895 5616 praztulit.
2926 5549 3119 5616 Itaque
3148 5557 3399 5616 repetere
3424 5543 3593 5601 malui

316 5602 401 5685 ad
455 5602 1124 5687 deviathgo‘utrumque
1154 5605 1499 5687 malimnnec
1545 5608 1676 5687 nisi_
1705 5610 1903 5687 scribae
2002 5611 2105 5665 etsi
2144 5612 2200 5665 in
2230 5602 2482 5687 versione
2516 5602 2772 5672 eumdem
2808 5602 3053 5687 leporem
3075 5628 3131 5673 et
3166 5602 3438 5687 argutiam
3480 5631 3597 5672 ser-

312 5672 573 5736 inscitia,
626 5672 954 5726 alterutrum
996 5681 1330 5742 expunctum
1366 5675 1568 5737 fuisse:
1634 5679 1714 5734 sic
1747 5680 1898 5735 enim
2000 5696 2130 5735 vare
2157 5697 2265 5737 non
2293 5682 2468 5738 licuit.
