3990 6176
385 165 495 230 835

1555 173 1614 231 s.
1656 174 1942 253 unum
1972 173 2484 236 CONFESSORIS

3534 185 3643 251 836

387 284 476 332 est
505 284 563 331 et
590 286 789 347 vento;
819 278 888 335 ad
921 280 1048 336 vitae
1101 296 1234 337 vero
1288 283 1609 341 felicitatem
1639 288 1851 344 ratione
1878 305 1968 343 ar-

2085 291 2152 351 εἰς
2213 289 2275 358 δὲ,
2293 291 2353 343 τὸ
2381 291 2793 362 εὐδαιμονῆσαι,
2826 292 3089 364 λογισμοῦ
3120 293 3204 347 δεῖ
3262 296 3357 350 καὶ
3418 299 3638 372 τέχνης.

388 376 575 437 teque.

459 458 831 528 Prosperitate
879 500 894 524 ,
958 460 1090 516 dum
1154 463 1337 531 adest,
1401 474 1662 537 tanquam
1711 472 1965 527 autumni

388 544 666 601 fructibus
688 547 798 602 frui
836 548 1017 605 decet.

460 635 508 689 Α
532 636 746 692 ratione
774 638 995 696 alienus
1022 651 1127 708 est,
1182 645 1276 714 qui
1302 661 1388 711 ea,
1432 663 1556 717 qua:
1601 653 1838 708 naturali
1869 668 1967 709 ne-

388 725 645 781 cessitate
671 728 1020 799 contingunt,
1051 732 1401 803 indignanter
1428 736 1556 792 fert.

459 816 607 871 Bias.
630 818 1121 877 —lnfortunatum
1156 840 1285 879 eum
1331 826 1570 896 dicebat,
1593 831 1689 901 qui
1725 833 1966 890 infortu-

388 908 546 961 nium
576 923 688 963 non
715 909 910 966 ferret.

458 999 610 1055 Idem
657 1001 1050 1072 interrogatus,
1094 1006 1357 1075 quidnam
1403 1008 1622 1067 diﬂicile
1672 1013 1969 1073 foretzlle-

391 1104 536 1155 rum,
596 1091 797 1161 inquit,
884 1092 940 1147 in
994 1095 1241 1153 deterius
1314 1100 1683 1156 mutationem
1735 1113 1967 1162 strenue

390 1175 557 1235 ferre.

465 1268 891 1326 Zeno.—Zeno
934 1270 1144 1328 Citieus
1174 1273 1320 1330 facto
1372 1276 1681 1349 naufragio,
1744 1282 1970 1353 suisque

394 1357 657 1413 omnibus
681 1361 920 1426 amissis,
976 1363 1116 1418 nihil
1149 1365 1311 1419 molle
1359 1374 1455 1419 aut
1491 1382 1602 1422 non
1638 1386 1970 1440 generosum

393 1446 615 1503 locutus
652 1460 764 1517 est;
798 1452 894 1506 sed
922 1471 935 1506 :
962 1453 1112 1525 Euge
1137 1457 1397 1527 ,.inquit,
1422 1459 1667 1527 fertuna,
1716 1465 1867 1533 quod
1898 1466 1967 1521 ad

394 1538 622 1607 pallium
650 1540 755 1596 hoc
785 1557 887 1597 nos
907 1543 1206 1621 redegeris.

464 1629 685 1684 Hieron.
702 1661 767 1672 —~
786 1633 935 1688 Idem
965 1616 1361 1707 interrogatus,
1388 1641 1643 1710 quisnam
1668 1643 1802 1699 felix
1819 1654 1966 1701 esset
1995 1616 2041 1674 Β

393 1736 460 1776 ac
503 1721 718 1788 beatus,
775 1726 1108 1794 respondit:
1157 1728 1209 1783 Is
1252 1730 1346 1799 qui
1388 1747 1523 1787 sano
1578 1749 1831 1805 corpore,
1869 1740 1967 1809 qui

394 1812 582 1867 animo
616 1813 790 1879 dives,
824 1823 879 1869 et
908 1816 1003 1885 qui
1040 1815 1262 1888 ingenio
1292 1818 1512 1877 docilis.

469 1902 676 1958 Thales.
697 1934 768 1943 —
794 1903 995 1961 Thales
1023 1920 1147 1960 cum
1210 1908 1669 1982 interrogaretur,
1705 1918 1968 1985 quemad-

396 1994 620 2049 modum
654 1994 780 2063 quis
812 1996 1178 2052 calamitatem
1211 1999 1419 2068 Optime
1454 2002 1603 2059 ferre
1628 2017 1848 2075 posset:
1880 2008 1964 2077 Si,

394 2082 598 2153 inquit,
629 2084 817 2138 hostes
839 2084 1043 2138 viderit
1069 2086 1124 2141 in
1151 2088 1346 2158 majori
1376 2093 1584 2147 versari
1611 2095 1857 2153 miseria.

467 2172 679 2228 Romul.
702 2204 771 2213 —-
792 2173 873 2229 Ne
894 2175 1055 2231 facile
1090 2177 1373 2234 hominem
1428 2181 1653 2239 beatum
1697 2188 1967 2256 praedica-

396 2266 565 2332 veris,
592 2265 753 2335 cujus
778 2280 905 2335 spes
951 2265 1009 2320 in
1038 2268 1230 2323 amicis
1260 2271 1561 2341 jactantur,
1607 2284 1703 2331 aut
1752 2279 1966 2349 liberis,

396 2356 595 2412 ullisve
663 2357 787 2411 aliis
831 2356 998 2412 rebus
1048 2374 1284 2428 quarum
1333 2363 1482 2419 salus
1539 2366 1705 2423 unius
1731 2368 1844 2425 diei
1869 2373 1966 2427 sit.

398 2446 539 2502 Sunt
559 2448 707 2502 enim
735 2448 928 2503 isthmc
951 2448 1165 2505 incerta
1203 2469 1217 2504 :
1251 2452 1307 2506 in
1362 2470 1422 2510 se
1473 2466 1657 2513 autem
1702 2461 1868 2518 inniti
1905 2480 1970 2521 ac

396 2524 721 2604 sustentari,
756 2540 940 2615 divina
974 2542 1153 2596 solum
1176 2542 1408 2600 ﬁrmitas
1445 2556 1549 2602 est.

467 2631 620 2685 Idem
652 2632 873 2686 aiebat:
907 2631 1039 2697 Qum
1076 2646 1283 2690 nocent
1326 2637 1662 2708 hominibus,
1698 2658 1763 2699 ea
1790 2656 1847 2701 et
1878 2663 1971 2704 eo-

399 2737 523 2775 rum
551 2723 720 2775 vitam
745 2723 969 2777 docent.
1003 2725 1158 2781 Multi
1186 2726 1335 2781 enim
1381 2745 1506 2784 cum
1542 2735 1757 2799 ratione
1784 2739 1968 2797 futura

398 2810 706 2880 prawidere
738 2827 851 2867 non
880 2823 1127 2883 possent,
1146 2831 1213 2871 ex
1241 2819 1513 2875 malorum
1542 2839 1708 2881 sensu
1739 2845 1827 2886 res
1846 2847 1972 2902 per-

397 2912 689 2971 ceperunt.

458 2993 656 3049 Gaude
678 2996 726 3050 si
750 2995 884 3065 quid
909 2997 1009 3051 tibi
1044 2998 1177 3055 boni
1197 3002 1497 3072 acciderit;
1522 3008 1805 3069 moderate
1822 3013 1967 3084 dole,

401 3085 448 3140 si
473 3087 609 3155 quid
635 3087 762 3142 mali
797 3089 1067 3173 evenerit.

1005 3202 1311 3261 Philistion.

400 3287 760 3373 ςιιίαηιὶιιιιςσ⁸
785 3280 980 3373 ποεῖς-ω
1007 3294 1413 3373 calamitatibus
1440 3301 1740 3373 solvuntur,

398 3358 630 3430 liliaque
664 3360 786 3415 aliis
808 3362 955 3417 mala
988 3363 1183 3419 solatio
1215 3379 1359 3421 sunt.

1061 3456 1309 3529 Euripid.

397 3541 461 3614 131
495 3542 651 3597 malis
672 3544 1103 3614 benefaciendum
1131 3551 1314 3605 amicis
1345 3563 1442 3607 est.

399 3610 532 3693 Qun}
564 3610 960 3693 eniurfortima
985 3618 1189 3693 tribuit,
1223 3623 1350 3693 quid
1388 3640 1519 3693 opus
1550 3629 1722 3683 amico
1752 3641 1827 3685 est
1854 3636 1879 3689 ?

398 3679 543 3738 Satis
576 3692 654 3736 est
689 3679 826 3738 Deus
851 3685 963 3756 ipse
979 3679 1184 3756 juvare'
1212 3679 1411 3747 dolens.

466 3794 705 3867 Iosephi.
726 3797 1291 3863 ——Quemadmodum
1319 3804 1632 3875 ineptorum
1659 3820 1745 3866 est
1771 3829 1971 3869 secun-

399 3883 487 3939 dis
521 3886 687 3940 rebus
712 3887 946 3942 nimium
982 3890 1169 3945 efferri
1198 3909 1211 3944 :
1243 3894 1324 3948 sic
1349 3897 1599 3951 mollium
1624 3911 1709 3955 est
1750 3913 1806 3958 et
1834 3907 1971 3963 etl‘e-

399 3974 737 4029 minatorum
784 3976 842 4030 in
894 3976 1147 4033 adversis
1197 3980 1362 4051 dejici
1419 4000 1486 4039 ac
1536 3991 1765 4061 terreri;
1794 3994 1971 4054 facilis

397 4066 546 4121 enim
572 4067 631 4121 in
655 4068 906 4138 utrisque
936 4070 1174 4125 mutatio
1194 4073 1418 4129 accidit.

875 4259 1037 4331 592
1069 4261 1303 4320 διεπιιο
1341 4266 1485 4322 XIX.

626 4348 707 4403 De
735 4353 819 4406 ira
851 4361 900 4405 et
927 4354 1127 4423 furore,
1160 4374 1252 4411 seu
1289 4362 1745 4422 excandescentia.

468 4437 657 4495 Matth.
689 4458 742 4507 ν,
772 4442 863 4497 22.
885 4472 954 4483 --
974 4445 1165 4503 Omnis
1225 4450 1321 4525 qui
1356 4450 1614 4508 irascitur
1661 4456 1820 4514 fratri
1868 4475 1970 4517 suo

395 4530 517 4587 sine
549 4547 734 4601 causa,
762 4548 893 4592 reus
922 4537 1031 4591 erit
1044 4538 1275 4609 judicio.
1899 4560 1907 4566 '

468 4649 513 4682 "
544 4651 603 4706 In
638 4651 805 4708 Gesn.
834 4653 1053 4712 Stoban
1077 4657 1164 4713 99.

2147 473 2248 541 ιής
2276 472 2529 542 εὐτυχίας
2554 472 2746 545 ὥσπερ
2774 473 2996 547 ὀπώρας
3027 476 3310 548 παρούσης
3342 478 3640 538 ἀπολαύειν

2065 561 2168 616 δεῖ.
2260 566 2263 569 ’

2149 654 2460 724 Ἀλόγιστός
2508 657 2676 722 ἐστιν,
2723 660 2751 710 ὀ
2805 658 2864 710 ὲν
2914 630 3029 721 τοῖς
3076 657 3438 735 ,συμϐαίνουσι
3494 662 3641 718 κατά

2067 742 2305 814 φυσικὴν
2340 745 2586 817 ἀνάγκην
2623 745 2944 815 ἀχθόμενος.
3319 799 3331 827 _.

2135 836 2606 906 Βίας-,ρ-’Δτυχῆ
2662 837 2764 908 ἔφη
2817 836 2956 892 εῖναι
3004 839 3095 893 τὸν
3140 841 3361 913 ἀτυχίαν
3408 844 3483 915 μὴ
3541 844 3642 913 φέ-

2103 943 2253 979 οντα.

2103 943 2253 979 οντα.

2071 943 2102 995 ρ
2148 1015 2205 1068 Ὀ
2249 1016 2413 1083 αὐτὸς
2446 1017 2764 1089 ἐρωτηθεὶς,
2823 1020 2888 1073 Τί
2924 1019 3218 1091 δυσχερέςς
3270 1020 3382 1091 Τὴν
3412 1020 3523 1109 ⁴ἐπὶ
3574 1021 3642 1075 τδ

2066 1109 2269 1213 χεῖριὲρ,
2305 1108 2433 1179 ἔφη,
2462 1110 2767 1183 μεταϐολὴν
2809 1112 3045 1180 εὐγενῶς
3077 1114 3416 1181 ὑπενεγκεῖν.

2136 1286 2665 1360 larum—2i]va
2708 1291 2737 1343 ὁ
2777 1290 2998 1352 Κιτιεὺς
3041 1290 3354 1361 περιπεσὼν
3396 1294 3643 1365 ναυαγίῳ

2068 1378 2162 1431 καὶ
2182 1378 2251 1432 τὰ
2277 1377 2405 1432 ὄντα
2427 1380 2718 1444 ἀπολέσας,
2742 1380 2893 1433 οὐδὲν
2912 1381 3130 1449 ἀγεννὲς
3148 1380 3469 1450 ἐφθέγξατο·
3498 1385 3639 1449 ἀλλ’,

2066 1463 2232 1538 Εὖγε,
2271 1465 2444 1537 εἶπεν,
2475 1465 2520 1525 ὦ
2548 1471 2709 1543 τύχη,
2752 1472 2834 1526 ὅτι
2875 1471 3219 1536 συνέστειλας
3265 1475 3416 1544 ἡμᾶς
3463 1478 3543 1539 είς
3578 1477 3642 1530 τὸ

2066 1576 2097 1611 τ
2105 1559 2357 1630 ριϐώνιον
2389 1561 2568 1616 τοῦτο.

2152 1650 2533 1720 Ἰέρωνος.,-
2552 1654 2613 1708 '0
2640 1653 2803 1717 αὐτὸς
2829 1654 3147 1725 ἐρωτηθεὶς,
3172 1656 3268 1719 Τίς
3296 1657 3324 1709 ὁ
3345 1656 3639 1726 εύδαίμων;

2069 1743 2196 1814 ἔφη,
2239 1745 2297 1798 Ὀ
2327 1744 2388 1798 τὸ
2416 1746 2515 1815 μὲν
2539 1746 2699 1816 σῶμα
2720 1747 2884 1818 ὑγιὴς
2906 1786 2921 1812 ,
2953 1747 3052 1818 τὴν
3085 1748 3141 1801 δὲ
3168 1747 3344 1819 ψυχὴν
3372 1746 3605 1820 εὔπορος
3623 1788 3640 1814 ,

2066 1835 2167 1904 τὴν
2197 1832 2255 1887 δὲ
2286 1834 2448 1903 φύσιν
2479 1835 2851 1899 εὐπαίδευτος.

2141 1924 2444 1993 Θαλῆς.-
2475 1925 2534 1978 '0
2557 1925 2736 1997 Θαλῆς
2766 1925 3083 1998 ἐρωτηθεὶς,
3128 1926 3254 1991 Πῶς
3299 1926 3364 1981 ἄν
3391 1945 3476 1991 τις
3509 1916 3651 1983 ἀτυέ

2068 2015 2192 2085 χίαν
2243 2015 2441 2086 ἄριστα
2484 2014 2677 2085 φέροι;
2722 2014 2850 2085 ἔφη,
2889 2013 2953 2068 Ei
2995 2015 3120 2078 τοὺς
3157 2015 3389 2086 ἐχθροὺς
3421 2014 3639 2087 χείρονα

2068 2104 2410 2176 πράττοντας
2448 2103 2658 2175 βλέποι.

2152 2196 2496 2265 Ῥωμύλ.--
2527 2197 2752 2267 Ῥᾳδίως
2819 2196 2894 2267 μὴ
2977 2196 3291 2268 μακαρίσῃς
3355 2196 3640 2267 ἄνθρωπον

2070 2288 2367 2344 σαλεύοντα
2430 2289 2523 2342 ἐπὶ
2568 2288 2741 2358 φίλοις
2785 2288 2817 2358 ἢ
2859 2288 3090 2352 τέκνοις,
3148 2288 3181 2358 ἡ
3219 2303 3331 2341 τισι
3392 2289 3500 2341 τῶν
3543 2291 3641 2357 ἐφ-

2068 2383 2270 2452 ήμερον
2298 2381 2569 2451 σωτηρίαν
2589 2382 2838 2451 ἑχόντων.
2853 2410 2923 2421 --
2945 2380 3249 2450 Ἐπισφαλῆ
3264 2381 3371 2450 γὰρ
3392 2379 3635 2433 τοιαῦτα·

2068 2473 2132 2527 τὸ
2171 2472 2227 2526 δὲ
2267 2472 2353 2541 ἐφ’
2398 2471 2592 2526 ἑαυτοῦ
2623 2470 2867 2543 ὀχεῖσθαι
2908 2471 3007 2543 (g),
3043 2469 3136 2524 τοῦ
3174 2470 3313 2524 Θεοῦ
3359 2472 3520 2541 μόνου
3546 2469 3634 2540 βέ-

2070 2564 2242 2619 ϐαιον.
3232 2570 3237 2577 ’

2117 2654 2211 2709 ’Ὀ
2266 2657 2431 2721 αὐτὸς
2479 2656 2607 2727 ἔφη,
2657 2654 2728 2709 τά
2779 2654 3080 2726 παθήματα
3144 2655 3258 2718 τοῖς
3310 2653 3635 2724 ἀνθρώποις,

2075 2735 2375 2818 μαθήματα
2404 2744 2544 2801 εἶναι
2573 2748 2703 2817 περὶ
2724 2746 2816 2799 τὸν
2856 2746 2990 2816 βίον.
3024 2745 3216 2799 Πολλοὶ⁵
3253 2745 3360 2817 γὰρ
3383 2747 3445 2799 ού
3479 2747 3633 2801 δυνά-

2076 2857 2228 2911 μενοι
2290 2840 2352 2893 τδ
2401 2839 2592 2910 μέλλον
2648 2841 2887 2911 προορᾷν
2940 2839 3018 2911 τῷ
3083 2838 3227 2910 λόγῳ
3271 2838 3350 2910 τῷ
3411 2840 3637 2911 πάσχειν

1995 2946 2040 3005 ε
2071 2928 2301 3000 ᾔσθοντο
2328 2930 2396 2982 τὰ
2427 2930 2747 2999 πράγματα.

2145 3021 2315 3091 Χαῖρε
2369 3020 2463 3073 ἐπὶ
2519 3022 2630 3082 τοῖς
2690 3018 3048 3088 συμϐαίνουσι
3102 3017 3210 3071 τῶν
3267 3015 3506 3085 ἀγαθῶν,
3547 3014 3639 3068 καὶ
3706 3094 3715 3099 ι

2073 3111 2245 3183 λυπρῦ
2280 3110 2513 3182 μετρίως
2543 3109 2638 3162 ἐπὶ
2662 3111 2772 3172 τοῖς
2808 3108 3167 3179 συμϐαίνουσι
3190 3107 3299 3161 τῶν
3326 3105 3529 3162 κακῶν.

2698 3220 3037 3275 Φιλιστίων.

1979 3284 1986 3293 ’
2073 3316 2344 3370 Δύουσιν
2363 3312 2533 3381 ἡμῶν
2560 3307 2862 3381 ἱτυμφοραὶ
2887 3311 2995 3376 τὰς
3025 3312 3361 3379 συμφορὰς,

2075 3378 2487 3454 Παρηγοροῧσι
2525 3383 2599 3436 τὰ
2636 3378 2789 3435 κακὰ
2820 3382 2911 3453 (z),
2948 3381 3024 3434 δι’
3063 3378 3279 3450 ἑτέρων
3314 3378 3531 3437 κακῶν.

2717 3473 2989 3542 Ειῗφιπιδ.

2086 3566 2190 3620 Ἕν
2212 3566 2335 3632 τοῖς
2357 3566 2565 3631 κακοῖς
2595 3564 2693 3618 δεῖ
2710 3564 2853 3629 τοὺς
2880 3565 3100 3631 φίλους
3117 3566 3465 3634 εὐεργετεῖν.

2075 3636 2260 3689 Ὅταν
2308 3642 2419 3704 γὰρ
2469 3637 2506 3703 ἠ
2566 3636 2717 3702 τύχη
2771 3634 2940 3704 διδῷ,
2985 3635 3041 3686 τί
3089 3634 3206 3703 χρὴ
3244 3635 3457 3704 φίλοιη

2088 3706 2285 3773 Ἀρκεῖ
2309 3703 2419 3774 γὰρ
2456 3709 2488 3759 ὀ
2524 3704 2668 3770 Θεὸς
2697 3704 2880 3770 αὐτὸς
2913 3703 3171 3772 ὠφελεῖν
3219 3703 3429 3757 θέλων.

2155 3817 2523 3883 Ἰωσήππου.
2542 3816 2786 3869 -Ὢσπε
2795 3833 2827 3885 ρ
2851 3815 3233 3886 ἀπειροκάλων
3257 3814 3318 3867 τὸ
3341 3812 3459 3867 λίαν
3486 3812 3643 3903 ἑπαίέ.

2074 3911 2263 3982 ρεσθαι
2300 3911 2421 3972 ταῖς
2458 3908 2813 3979 εὐπραγίαις’
2854 3905 3027 3968 οὕτως
3085 3905 3363 3977 ἀνάνδρων
3390 3905 3451 3958 τὸ
3476 3919 3640 3957 κατα-

2072 4004 2340 4075 πτήσσειν
2376 4002 2436 4056 ὲν
2461 4004 2574 4064 τοῖς
2615 4000 2923 4071 πταίσμασι
2943 4015 2956 4029 ο
2989 3999 3140 4066 ὀξεῖα
3172 3999 3281 4071 γὰρ
3312 3997 3639 4069 ἀμφοτέροις

2070 4101 2103 4170 ἠ
2137 4093 2431 4167 μεταϐολή.

2000 4233 2072 4340 ἶ
2612 4259 2853 4336 ’ΛΟΓΟΣ
2898 4281 2977 4335 ie-
3017 4281 3083 4333 τι.

2495 4372 2632 4440 Περὶ
2664 4370 2845 4441 ὀργῆς
2876 4373 2973 4425 καί
2999 4370 3221 4441 ζθυμοῦ.

2146 4466 2332 4519 Ματθ.
2363 4468 2427 4516 ε’.
2450 4489 2519 4503 -—
2544 4462 2659 4524 na;
2682 4461 2712 4513 ὁ
2745 4460 3101 4531 ὀργιζόμενος
3128 4462 3206 4532 τῷ
3239 4459 3449 4530 ἀδελφῷ
3476 4455 3636 4512 αὐτοῦ

2077 4551 2225 4622 εἰκῆ,
2255 4551 2436 4620 ἔνοχος
2463 4549 2616 4603 ἔσται
2649 4552 2716 4621 τῇ
2740 4549 2942 4623 κρίσει.

1892 4757 2123 4834 Nora-3.

391 4877 396 4881 ‘
465 4859 539 4932 (ῃ)
572 4862 643 4946 Td
671 4861 739 4946 δὲ
759 4862 862 4946 ἐφλ
889 4863 1111 4918 ἑαυτοῦ
1137 4866 1428 4946 ὀχεῖσθαι.
1446 4868 1727 4946 Audacius
1745 4880 1968 4946 temere;

2085 4875 2233 4944 quasi
2286 4875 2582 4932 simulacro
2632 4877 2805 4931 Deum
2848 4878 3029 4946 ipsum
3089 4876 3433 4946 praeferrent.
3478 4875 3639 4944 itque

392 4947 501 5030 que
533 4939 803 5030 mutattgm
824 4932 1976 5030 Gesneroﬁqua’silemendanti,‘éz:."aa-co§
2073 4932 2243 5030 opera
2276 4953 2333 4999 et
2365 4946 2681 5030 studiosuo
2731 4932 3052 5030 suaderent,
3089 4932 3238 5028 quod
3270 4956 3380 5030 _es_t
3423 4932 3514 4999 illa
3547 4932 3640 4999 iia-

396 5002 556 5074 μδνον
589 5001 880 5074 τοξθεού,
916 5001 1174 5074 δοιοῖοεὸ
1223 5006 1417 5074 fretum
1463 5024 1592 5070 esse,
1642 5009 1830 5064 stabile
1877 5023 1971 5067 est.

391 5070 450 5125 Id
482 5085 615 5124 vero
641 5070 1396 5148 Christianusphilosophus,
1438 5087 1494 5131 et
1541 5094 1706 5148 quem
1751 5097 1863 5136 non
1897 5082 1974 5136 la-

394 5148 509 5216 teat
553 5141 879 5216 mysterium
945 5142 1155 5216 Christi
1207 5141 1428 5216 gratim;
1485 5141 1595 5201 non
1652 5149 1967 5216 Romulus,

432 5210 656 5285 uisquis
669 5212 889 5285 tandem
924 5222 1029 5285 est,
1057 5210 1231 5285 homo
1244 5210 1486 5285 gentilis,
1508 5220 1587 5271 vel
1620 5219 1807 5274 Roma:
1830 5210 1965 5274 con;

390 5350 525 5405 nihil
551 5353 836 5405 immutata
861 5352 1192 5423 significant,
1224 5353 1320 5408 Dei
1351 5350 1698 5410 solummodo
1733 5350 1965 5413 ﬁrmi-ta-

391 5430 499 5475 tem
521 5438 641 5476 esse
677 5423 781 5476 sibi
821 5422 1129 5484 uni’inniti,
1162 5439 1191 5476 a
1226 5440 1283 5479 se
1312 5427 1634 5490 sustentari,
1697 5427 1752 5481 in
1808 5429 1960 5483 nullo

386 5491 496 5571 aiio
524 5507 620 5571 spe
641 5491 874 5571 jactari:
908 5508 1071 5571 quam
1101 5493 1203 5571 ipsi
1268 5495 1439 5560 (cultu
1474 5496 1959 5571 scilicet_pliil_oso-

2072 5021 2229 5088 tura;
2258 5030 2457 5088 nempe
2468 5085 2479 5088 _
2507 5016 2828 5088 αὐτάρκεις,
2871 5016 2969 5070 sibi
3022 5016 3150 5088 ipsis
3192 5018 3520 5088 sufﬁcientes,
3554 5029 3641 5070 ne-

2070 5083 2569 5155 busqueomnibus
2618 5083 2953 5155 superiores.
2988 5083 3054 5141 ea
3092 5083 3282 5141 animi"
3309 5088 3639 5152 constantia,

2064 5153 2331 5225 cuinulla
2362 5155 2445 5209 vis
2472 5155 2662 5209 inferri
2691 5153 2883 5225 possit.
2918 5156 3051 5221 Quae
3103 5165 3286 5211 tamen
3322 5160 3374 5212 in
3416 5159 3498 5215 eis
3543 5173 3638 5212 su-

2066 5222 2226 5295 perbi
2251 5225 2446 5295 potius
2472 5222 2708 5295 spiritus
2731 5234 2914 5291 erant,
2966 5242 3130 5295 quam
3180 5243 3324 5282 verae
3380 5228 3635 5281 virtutis:

434 5239 643 5280 umqum
670 5239 889 5266 tullucus
924 5239 1029 5274 cat,
1058 5239 1223 5266 ιιυιιιυ
1244 5239 1486 5285 gelttltts,
1509 5239 1587 5271 vel
1620 5239 1807 5274 ιιυιιιὶΒ
1830 5239 1965 5274 (2οη-
2066 5239 2226 5290 perm
2298 5239 2317 5275 (

433 5282 658 5359 iter,vel
687 5283 828 5335 alter
853 5283 1046 5359 eodem
1068 5284 1323 5359 nomine;
1349 5288 1443 5359 sed
1475 5287 1622 5355 quod
1645 5286 1832 5359 Graeca
1852 5289 1967 5359 ipsa
2072 5292 2226 5344 solus
2240 5239 2317 5346 Et)

2328 5294 2588 5348 ristianus
2603 5294 2790 5349 divino
2817 5294 3012 5365 agente
3033 5296 3241 5365 Spiritu
3264 5298 3366 5351 hoc
3387 5298 3638 5359 enititur.

2069 5361 2380 5436 partimque
2404 5373 2647 5432 praestat,
2682 5373 2799 5419 tum
2822 5361 3287 5436 consummandus
3311 5382 3434 5422 cum
3464 5367 3641 5436 ipsum

2068 5430 2228 5504 φύσει
2257 5430 2848 5504 7§é61tovassequetur4

2103 5500 2757 5578 .(z)lla_p1irop0t70’i_td
2809 5506 2983 5578 κακά.
3035 5505 3173 5578 Male
3206 5505 3372 5578 Gesn.
3430 5506 3647 5562 intelle-

336 5600 341 5603 μ
380 5560 819 5632 ρδὶτεγηωιοίεοί
866 5560 1283 5627 existimabant,
1319 5566 1622 5633 prwscrtixn
1671 5560 1866 5634 Sioici,
1897 5578 1956 5624 ut
2063 5560 2164 5633 sit,
2189 5560 2348 5638 quasi
2373 5560 2551 5628 alie-na
2575 5575 2716 5629 mala
2746 5577 2954 5631 nostris
2977 5560 3174 5633 solatio
3205 5560 3335 5645 sint,
3369 5560 3481 5633 non
3519 5560 3639 5648 ipsa
