3990 6176
246 232 347 297 837

1501 204 1506 210 ’
1546 225 1717 287 LOCI
1755 227 2189 293 COMMUNES.

3386 246 3502 312 838

330 345 460 409 Ἐφ.
495 340 565 393 δ’.
599 366 668 397 —_-
696 335 758 389 Ὀ
797 335 951 407 ἣλιος
992 333 1067 405 μὴ
1111 330 1375 386 ἐπιδυέτω
1401 330 1492 384 ἐπὶ
1518 332 1597 403 τῷ
1629 350 1824 405 παρορ·

2010 334 2202 408 Ephes.
2241 352 2317 403 ιν,
2341 337 2431 401 26,
2458 339 2546 393 51.
2572 366 2642 377 -
2662 338 2754 394 Sol
2785 354 2891 394 non
2916 342 3134 398 occidat
3178 358 3344 415 super
3391 350 3495 404 ira-

252 431 433 504 γισμῷ
461 427 646 500 ὑμῶν’
678 425 816 495 μηδὲ
847 424 1021 478 δίδοτε
1047 422 1214 476 τόπον
1250 422 1329 492 τῷ
1360 421 1614 493 διαϐόλῳ.

317 523 477 577 Πᾶσα
522 519 723 588 πικρία
762 515 859 570 καὶ
912 513 1051 585 ὀργὴ
1099 512 1321 585 ἀρθήτω
1363 513 1457 581 ἀφ’
1504 512 1682 581 ὑμῶν,
1733 512 1829 565 σὺν

252 616 402 685 πάσῃ
439 611 629 681 κακίᾳ.

320 709 567 772 Παροιμ.
605 697 802 759 κζ’.-
834 695 983 767 Βαρὺ
1043 693 1190 758 λίθος
1215 734 1228 758 ,
1285 694 1380 747 καὶ
1425 693 1829 748 δυσϐάστακτον

249 795 434 867 ἄμμος
453 812 468 826 ο
508 791 647 863 ὀργὴ
676 789 733 842 δὲ
760 789 997 858 ἄφρονος
1026 786 1301 856 βαρυτέρα
1332 786 1681 855 ἀμφοτέρων.

320 889 565 952 Παροιμ.
603 879 1074 947 ις¹.-Κρεῖσσον
1116 875 1257 946 ἀνὴρ
1294 875 1648 945 μακρόθυμος
1676 877 1827 947 ισχυ-

256 973 350 1045 ροῦ
378 990 392 1004 ⁸
426 975 459 1025 ὁ
480 972 536 1025 δὲ
572 967 793 1040 κρατῶν
822 966 1013 1037 ὀργῆς,
1060 965 1136 1028 ὡς
1177 964 1612 1034 καταλαμϐάνων
1651 967 1825 1021 πόλιν.

321 1062 506 1132 Θυμός
537 1059 822 1132 βασιλέως,
866 1055 1096 1125 ἄγγελος
1133 1054 1393 1109 Θανάτου·
1427 1054 1563 1125 ἀνὴρ
1590 1054 1646 1109 δὲ
1669 1056 1832 1127 σοφὸς

252 1155 491 1222 ὲξιλᾶσει
520 1151 705 1206 αὐτόν.

320 1244 505 1314 Σιρὰχ
555 1240 631 1297 λ’.
658 1271 731 1282 -
770 1238 938 1313 Ὀργὴ
984 1238 1081 1293 καὶ
1132 1236 1303 1309 θυμὸς
1347 1237 1660 1293 ὲλαττοῦσιν
1697 1238 1831 1310 ήμέ-

296 1356 378 1402 ας.
1114 1351 1123 1358 ’
1344 1392 1357 1398 _

256 1358 539 1482 μῗίιιοίλ.
571 1454 642 1467 -—
664 1421 1035 1495 Ἀμυνόμενος
1062 1421 1121 1476 δὲ
1167 1422 1259 1474 καὶ
1295 1392 1375 1484 είς
1410 1420 1528 1473 ἴσον
1574 1420 1831 1474 ἀντικαθμ

250 1519 547 1589 ιπάμενος
591 1514 671 1585 τῷ
729 1514 994 1584 λοιδόρῳ,
1042 1512 1094 1565 τί
1139 1512 1233 1566 καὶ
1290 1510 1642 1581 ἁπολογήσῃ;
1709 1511 1831 1563 Ὅτι

1931 427 2194 481 cundiam
2223 435 2500 483 vestram:
2543 439 2600 484 et
2633 430 2804 485 nolite
2831 430 3016 486 locum
3052 433 3184 489 dare
3219 435 3461 493 diabolo.

2000 516 2194 573 Omnis
2224 521 2537 576 amaritudo
2574 530 2629 576 et
2676 523 2754 577 ira
2802 523 3027 578 tollatur
3078 541 3108 579 a
3163 526 3342 594 vobis,
3376 530 3503 585 eum

1929 608 2079 661 omni
2108 609 2336 663 malitia.

1999 694 2160 749 Prov.
2192 713 2362 761 xxvu,
2392 698 2445 752 '5.
2466 730 2528 739 —
2550 698 2749 755 Gravis
2777 709 2861 755 est
2904 702 3064 771 lapis,
3107 714 3165 759 et
3212 720 3353 776 aegre
3377 724 3504 779 por-

1933 784 2120 839 tabilis
2152 801 2317 841 arena
2345 805 2357 841 :
2391 788 2487 842 sed
2516 790 2597 843 ira
2637 791 2794 844 stulti
2821 793 3042 861 gravior
3068 805 3329 867 utroque.

1972 874 2438 944 Prov.xvt,52;l4.
2462 880 2720 934 —Melior
2750 883 2836 936 eSt
2875 882 2959 937 vir
2996 886 3157 951 lenis,
3195 886 3323 943 forti
3356 906 3369 942 :
3407 890 3502 961 qui

1931 974 2118 1020 autem
2142 967 2239 1021 irae
2261 965 2602 1033 dominatur,
2638 969 2785 1024 sicut
2814 971 2908 1041 qui
2939 974 3136 1028 urbem
3162 977 3331 1045 capit.

2000 1057 2087 1112 Ira
2122 1059 2286 1128 re'gis,
2320 1058 2547 1113 nuntius
2574 1061 2804 1117 mortis:
2832 1064 2921 1117 vir
2938 1073 3122 1120 autem
3146 1068 3365 1137 sapiens
3386 1069 3501 1140 pla-

1931 1147 2083 1202 cabit
2111 1163 2253 1202 eam.
2352 1160 2358 1165 '

2002 1239 2171 1325 Eccli.
2205 1233 2333 1307 xxi,
2359 1239 2450 1297 26.
2479 1272 2546 1284 —
2570 1241 2656 1297 Ira
2681 1251 2738 1298 et
2759 1241 2914 1298 furor
2938 1245 3195 1301 minuunt
3216 1246 3356 1303 dies.

1986 1414 2450 1471 ‘BmiiiL—Dum
2476 1431 2645 1486 porro
2676 1417 2987 1484 ulcisceris,
3024 1434 3234 1490 parque
3263 1418 3384 1488 pari
3415 1435 3505 1475 re-

1932 1505 2048 1560 fers
2078 1505 2459 1570 convitiatori,
2507 1507 2642 1577 quid
2698 1508 3075 1562 excusationis
3122 1508 3505 1563 babebis?An

251 1608 541 1680 παρώξυνε
588 1604 902 1676 κατάρξας;
944 1604 1056 1657 Καὶ
1105 1605 1267 1666 ποίας
1289 1602 1447 1655 τοῦτο
1499 1599 1824 1671 συγγνώμης

1943 1593 2083 1664 quod
2112 1593 2265 1663 prior
2294 1594 2386 1649 ille
2413 1595 2764 1649 irritaverit?
2792 1595 2900 1652 Sed
2921 1596 3067 1650 istud
3097 1611 3206 1665 qua
3237 1597 3398 1652 venia
3420 1597 3507 1652 div

250 1678 444 1767 ἄξιον;
485 1698 620 1752 Οὐδὲ
649 1697 758 1769 γὰρ
789 1698 817 1749 ὁ
842 1696 1039 1767 πόρνος
1068 1693 1163 1746 ἐπὶ
1204 1694 1304 1762 τὴν
1344 1692 1567 1762 ἑταίραν
1605 1708 1824 1761 μετατι-

1943 1700 2099 1754 gnum
2135 1694 2219 1739 est
2240 1685 2263 1737 ?
2285 1685 2474 1755 Neque
2493 1686 2643 1741 enim
2674 1695 2978 1754 scortator,
3005 1687 3135 1742 dum
3164 1688 3222 1742 in
3247 1689 3505 1743 meretri-

250 1792 364 1854 θεὶς
395 1791 494 1858 τὴν
537 1789 739 1855 αἰτίαν,
783 1788 858 1851 ὡς
893 1786 1031 1857 πρὸς
1076 1783 1175 1855 τὴν
1215 1785 1488 1855 ἁμαρτίαν
1527 1783 1829 1856 διερεθίσα-

250 1900 375 1948 σαν,
399 1877 564 1953 ἦττον
586 1882 686 1952 τῆς
712 1880 1093 1950 κατακρίσεως
1120 1877 1385 1944 ἀξιοῦται.
1482 1880 1485 1883 ’

322 1974 389 2026 Τί
429 1975 599 2044 ὀργῆς
644 1970 1082 2043 ἁφρονᾷστερον;
1124 1970 1249 2023 Ἐάν
1282 1968 1485 2039 ’μείνῃς
1534 1967 1825 2039 ἁόργητος,

248 2067 495 2138 ᾔσχυνας
526 2065 597 2118 τὰ
630 2063 950 2134 ὑϐρίσαντα,
983 2060 1130 2132 ἔργῳ
1178 2061 1276 2134 τὴν
1318 2060 1672 2132 σωφροσύνην
1704 2063 1828 2116 ὲπι-

246 2157 587 2227 δειξάμενος.

316 2249 510 2318 Θυμὸς
540 2246 740 2317 ἐγείρει
771 2244 975 2317 μάχην,
1009 2244 1154 2316 μάχη
1178 2243 1234 2297 δὲ
1252 2244 1416 2313 γεννᾷ
1447 2242 1748 2314 λοιδορίας⁹
1770 2244 1827 2297 al

248 2340 309 2393 δὲ
341 2339 625 2409 λοιδορίαι,
662 2337 876 2407 πληγάς,
898 2352 912 2367 ο
963 2336 1169 2404 πληγαὶ
1197 2334 1253 2388 δὲ
1282 2332 1578 2406 τραύματα
1600 2349 1612 2362 ο
1654 2334 1719 2386 ὲκ
1768 2333 1849 2387 δὲ’

250 2430 607 2501 τραυμάτων,
650 2428 914 2491 πολλάκις
946 2426 1198 2489 Θάνατος.
1636 2434 1662 2463 ⁸
1724 2441 1735 2451 ’

324 2521 717 2588 Θεο.ίότου.--
741 2516 877 2572 Οὔτε
906 2516 1161 2585 στέφανοι
1182 2516 1357 2588 χωρὶς
1384 2514 1823 2586 ἀνταγωνιστῶν

252 2611 376 2665 οὔτε
410 2611 611 2682 πτῶμα
638 2610 810 2681 χωρὶς
838 2607 1153 2664 ἀντιπάλου.

324 2785 538 2855 Τυφλδν
568 2786 596 2837 ό
630 2783 801 2854 θυμὸς
840 2782 936 2834 καὶ
983 2758 1271 2845 ἐπίλυπον,
1301 2778 1398 2832 καλ⁵
1424 2780 1671 2851 μάλιστα
1698 2771 1823 2835 ὅταν

251 2877 313 2932 τὸ
342 2877 566 2936 δικαίως
594 2875 924 2943 ἀγανακτεῖν
962 2875 1140 2944 παρῇ.

1931 1790 2050 1830 cem
2086 1776 2303 1830 confert
2329 1777 2569 1846 culpam,
2599 1777 2747 1847 quod
2783 1778 2876 1832 illa
2919 1778 2987 1833 ad
3025 1786 3317 1848 peccatum
3362 1779 3503 1834 inci-

1932 1868 2156 1933 taverit,
2181 1867 2524 1922 damnationi
2551 1884 2665 1924 suae
2693 1869 2994 1939 quidquam
3029 1870 3296 1925 detrahit.

1997 1957 2140 2024 Quid
2167 1959 2249 2014 ira
2277 1958 2627 2014 dementius?
2653 1960 2795 2014 Iram
2822 1959 2870 2014 si
2896 1960 3258 2025 continueris,
3287 1959 3505 2032 injuriae

1928 2055 2215 2101 auctorem
2250 2048 2462 2117 pudere
2501 2047 2761 2116 effecisti,
2790 2047 2884 2119 qui
2904 2049 3108 2105 mentis
3152 2048 3351 2105 sobriae
3384 2049 3505 2120 ipso

1928 2152 2095 2207 opere
2126 2138 2409 2209 specimen
2439 2139 2557 2209 ipse
2587 2140 2852 2196 edideris.

1997 2229 2083 2282 Ira
2110 2229 2317 2284 excitat
2348 2230 2546 2296 rixam,
2596 2231 2715 2286 rixa
2749 2231 2898 2302 parit
2948 2231 3229 2297 convitia;
3263 2230 3506 2286 convitia

1926 2321 2092 2387 ictus,
2108 2322 2250 2377 ictus
2267 2322 2517 2390 vulnera,
2549 2338 2653 2379 nec
2687 2338 2815 2378 raro
2868 2324 3098 2380 vulnera
3138 2338 3292 2379 mors
3309 2335 3505 2379 conse-

1890 2479 1899 2485 _
1929 2414 2140 2482 quitur.

1998 2503 2261 2574 Theologi.
2289 2533 2356 2544 —
2380 2503 2495 2559 Nec
2516 2519 2726 2560 corona
2774 2504 2940 2559 datur
2984 2505 3105 2561 sine
3145 2506 3502 2574 adversariis,

1928 2611 2033 2654 nec
2071 2596 2192 2653 sine
2252 2596 2613 2654 colluetatore
2657 2596 2949 2669 quisquam
2998 2598 3270 2656 sternitur
3326 2599 3503 2656 cadit-

1929 2707 2059 2762 que.

1990 2783 2081 2840 .lra
2111 2798 2201 2838 res
2235 2798 2378 2838 caeca
2409 2791 2495 2838 est
2520 2790 2576 2838 et
2602 2783 2985 2839 molestiarum
3016 2785 3202 2854 plena,
3234 2784 3291 2843 et
3332 2788 3506 2843 maxi-

1923 2890 2013 2929 me
2046 2891 2172 2930 cum
2194 2889 2360 2930 causa
2399 2874 2723 2945 indignandi
2749 2876 2897 2946 justa
2936 2876 3149 2932 subest.

326 2971 625 3035 Χρυσοστ.
659 2997 729 3007 --
758 2967 927 3018 Ὅταν
958 2966 1017 3018 σέ
1056 2982 1140 3028 τις
1174 2963 1393 3035 ὑϐρίσῃ,
1436 2964 1687 3031 ἐννόησον
1714 2962 1812 3035 τήν

1997 2965 2269 3037 Chrysost.
2291 2964 2434 3019 -—Si
2466 2965 2592 3033 quis
2624 2965 2682 3019 in
2714 2972 2767 3019 te
2812 2966 3251 3021 contumeliosus
3278 2968 3507 3022 exstite-

252 3059 473 3111 κόλασιν
522 3058 589 3127 ἢν
648 3055 977 3118 κολάζεταιο
1043 3055 1139 3108 καὶ
1198 3054 1258 3107 οὐ
1322 3054 1483 3124 μόνον
1531 3054 1629 3125 οὐχ
1676 3054 1820 3119 ἕξεις

1943 3057 1997 3113 ·ἱι
2022 3073 2089 3113 ac
2116 3058 2380 3129 injuriam
2407 3057 2625 3123 fecerit,
2658 3056 2839 3128 cogita
2890 3059 3010 3128 ejus
3031 3058 3341 3135 cruciatum
3369 3076 3384 3125 ;
3417 3074 3501 3124 ac,

251 3149 445 3218 ὀργὴν,
489 3148 627 3202 ἀλλὰ
671 3148 769 3202 καὶ
802 3146 1015 3216 δάκρυα
1065 3146 1317 3217 ἀφήσεις.
1378 3146 1513 3199 Οὐδὲ
1551 3145 1660 3224 γὰρ
1686 3148 1825 3216 πρὸς

252 3238 592 3307 πυρέττοντά
627 3254 713 3300 τις
768 3236 1163 3308 παροξύνεται,
1190 3233 1315 3287 οὔτε
1364 3234 1502 3304 πρὸς
1535 3236 1625 3288 τὸν
1658 3236 1823 3304 φλεγ-

255 3330 514 3399 μαίνοντα
569 3328 686 3382 ἀλλ*
720 3327 863 3381 ὲλεεῖ
891 3328 1113 3389 πάντως
1139 3326 1236 3379 καὶ
1266 3325 1509 3396 δακρύει.
1548 3326 1611 3379 Εἰ
1643 3326 1698 3379 δὲ
1728 3328 1823 3381 καὶ

250 3417 563 3490 ἀμύνασθαι
593 3418 796 3487 βούλει,
828 3418 1070 3487 σίγησον,
1105 3416 1198 3471 καὶ
1230 3417 1453 3486 καιρίαν
1481 3416 1690 3481 ἔδωκας
1725 3420 1822 3472 αύ-

249 3510 329 3581 τῷ
362 3509 460 3579 τὴν
490 3510 727 3580 πληγήν.
761 3510 859 3561 Ἂν
911 3508 967 3560 δὲ
1015 3507 1233 3579 δηχθεὶς
1286 3507 1536 3579 ὑϐρίσῃς,
1575 3508 1820 3578 ἀναγκά-

252 3600 367 3665 ζεις
398 3600 573 3671 ἀληθῆ
617 3598 933 3669 νομίζεσθαι
963 3599 1032 3653 τὰ
1085 3599 1373 3668 λεγόμενα.
1433 3601 1592 3655 Διατί
1639 3600 1748 3671 γὰρ
1793 3604 1822 3655 ό

251 3689 508 3753 πλούσιος
541 3689 757 3741 ἀκούων
787 3690 869 3741 ὅτι
900 3687 1068 3756 πένης
1098 3686 1239 3750 ἐστὶ,
1272 3684 1444 3756 γελᾷ;
1481 3685 1562 3738 ὅτι
1598 3686 1673 3757 μὴ
1700 3688 1824 3742 σύν-

250 3778 395 3833 οιδεν
437 3777 615 3848 ἑαυτῷ
641 3778 853 3830 πενίαν.
882 3777 945 3828 Et
974 3775 1152 3828 τοίνυν
1190 3776 1457 3846 μέλλομεν
1487 3775 1654 3848 γελᾷν
1728 3780 1824 3833 ἐπὶ

249 3873 374 3933 ταῖς
399 3869 609 3940 ὖόρεσι,
646 3870 910 3939 μεγίστην
932 3866 1210 3932 ἀπόδειξιν
1236 3867 1610 3938 παρεξόμεθα,
1653 3869 1714 3923 τὸ
1745 3871 1821 3942 μὴ

253 3960 553 4013 συνειδέναι
591 3962 703 4022 τοῖς
726 3958 1062 4028 λεγομένοις.

1919 3148 2126 3203 nedum
2160 3164 2271 3203 non
2300 3148 2579 3211 irasceris,
2604 3148 2699 3204 sed
2733 3158 2789 3204 et
2815 3148 3091 3220 lacrymas
3115 3149 3349 3203 fuderis.
3392 3149 3506 3204 Nec

1920 3239 2073 3295 enim
2098 3238 2375 3308 quispiam
2403 3237 2616 3292 febrem
2645 3237 2887 3307 patienti
2911 3238 3191 3304 irascitur,
3211 3246 3307 3291 aut
3333 3238 3382 3292 ei
3407 3237 3505 3307 qui

1920 3339 2143 3387 tumore
2163 3331 2390 3399 languet
2413 3345 2478 3384 ac
2512 3329 2908 3394 inﬂammatur,
2941 3330 3035 3384 sed
3079 3345 3310 3399 prorsus
3334 3330 3507 3385 mise-

1927 3430 2086 3476 retur
2122 3420 2368 3489 ﬂetuque
2396 3421 2778 3490 prosequitur.
2809 3419 2905 3474 Sin
2950 3407 3138 3474 autem
3165 3420 3332 3474 etiam
3367 3421 3505 3475 ulci-

1927 3512 2007 3567 sci
2034 3511 2139 3575 vis,
2173 3510 2295 3575 sile,
2327 3524 2659 3580 gravemque
2694 3509 2745 3563 ei
2776 3508 2979 3563 dedisti
3005 3509 3242 3579 plagam.
3265 3508 3420 3573 Quod
3455 3508 3501 3562 si

1927 3603 2161 3659 convitii
2211 3616 2379 3656 sensu
2431 3606 2789 3668 exasperatus
2847 3599 3106 3669 injuriam
3167 3597 3500 3667 regeris,tu

1926 3693 2044 3761 ipse
2067 3708 2133 3746 ea
2161 3707 2283 3760 quae
2324 3691 2379 3744 in
2410 3699 2463 3744 te
2492 3688 2779 3751 dicuntur,
2807 3701 2937 3742 vera
2961 3685 3269 3741 existimari
3326 3687 3497 3757 cogis.

1924 3781 2061 3835 Nam
2094 3795 2216 3844 cur,
2244 3794 2401 3850 rogo,
2429 3779 2476 3833 si
2528 3779 2657 3848 quis
2687 3779 2869 3833 virum
2901 3776 3129 3831 divitem
3156 3791 3221 3832 ac
3268 3776 3501 3845 opulen-

1925 3881 2065 3938 tum,
2098 3886 2395 3942 pauperem
2439 3857 2662 3934 dixerit,
2700 3870 2747 3924 is
2793 3869 2932 3932 risu,
2982 3865 3132 3936 quod
3164 3866 3239 3942 ita
3287 3867 3500 3921 dictum

1922 3972 2030 4027 est,
2061 3941 2296 4032 ereipitl
2326 3960 2485 4028 Quod
2515 3960 2779 4015 nimirum
2834 3959 2941 4014 sibi
2990 3957 3107 4026 ipse
3160 3941 3500 4026 paupertatis

252 4052 479 4105 minime
537 4051 796 4106 conscius
840 4058 945 4117 est.
986 4048 1079 4103 Sic
1132 4047 1325 4118 igitur,
1372 4050 1419 4104 si
1451 4064 1554 4119 pro
1607 4049 1852 4122 injuriis,
1891 4066 2014 4121 quae
2079 4053 2415 4123 irrogantur,
2453 4052 2627 4106 risum
2679 4050 2839 4120 593
2880 4047 3318 4117 reposuerimus,
3360 4049 3501 4105 nihil

250 4159 352 4199 nos
383 4154 578 4198 eorum
617 4158 742 4213 qua:
787 4142 1132 4212 objiciuntur
1184 4141 1439 4196 conscios
1492 4157 1637 4208 esse,
1671 4151 1829 4197 certo
1865 4144 2163 4198 admodum
2196 4152 2524 4213 argumento
2556 4140 2934 4211 probabimus.

319 4236 487 4289 Οὐδὲν
535 4234 678 4289 οὕτω
707 4234 1058 4304 καθαρότητα
1090 4233 1182 4287 νοῦ
1212 4235 1308 4289 καὶ
1349 4234 1410 4289 τὸ
1442 4235 1637 4300 διειδὲς
1672 4237 1821 4291 θολοῖ

1996 4238 2147 4292 Nihil
2185 4251 2343 4307 aeque
2372 4236 2579 4292 mentis
2607 4236 2907 4305 puritatem
2934 4233 3292 4303 lucidumque
3327 4237 3498 4291 animi

250 4330 309 4382 τὸ
334 4328 442 4382 τῶν
469 4326 705 4398 φρενῶν,
734 4326 810 4389 ὡς
839 4325 1011 4396 θυμὸς
1040 4325 1295 4391 ἄτακτος,
1326 4327 1423 4380 καὶ
1455 4327 1594 4398 μετὰ
1619 4328 1817 4400 πολλῆς

200 4462 217 4467 ι
250 4420 350 4490 τῆς
392 4419 574 4490 ῥύμης
613 4418 936 4488 φερόμενος.

321 4509 707 4581 Εύτονωτέρας
737 4509 831 4561 ἐπὶ
854 4511 954 4579 τῆς
1001 4509 1173 4579 ὀργῆς
1201 4508 1479 4579 χρῄζομεν
1518 4509 1619 4579 τῆς
1650 4526 1820 4563 σπου-

246 4602 370 4672 δῆς.
401 4601 743 4673 Τυραννικδν
778 4601 888 4672 γὰρ
912 4601 973 4653 τὸ
1002 4601 1191 4663 πάθος,
1225 4601 1322 4654 καὶ
1354 4600 1613 4664 πολλάκις
1643 4618 1822 4672 παραυ

246 4693 409 4764 σύρει
433 4694 563 4756 τοὺς
593 4693 671 4763 μὴ
695 4693 990 4763 νήφοντας,
1022 4693 1116 4746 καὶ
1138 4693 1272 4765 πρὸς
1300 4692 1359 4746 τὸ
1382 4692 1657 4763 βάραθρον
1687 4693 1822 4747 αὐτὸ

241 4786 475 4853 κατάγει
512 4785 612 4856 τῆς
638 4784 919 4848 ἀπωλείας
935 4816 950 4835 ι
1136 4770 1141 4771 ί
1615 4780 1619 4784 ’

331 4876 578 4945 ὐργίλος
638 4872 692 4929 εί
730 4892 745 4941 ;
782 4875 874 4928 ἔσο
918 4874 1060 4928 κατὰ
1246 4875 1354 4928 τῶν
1405 4876 1819 4947 ἁμαρτημάτων

235 4966 362 5020 τῶν
391 4966 589 5019 σαυτοῦ
624 4965 868 5028 τοιοῦτος
896 4982 910 4996 ·
948 4965 1253 5036 ὲπίπληττε
1280 4968 1345 5038 τῇ
1393 4965 1537 5036 ψυχῇ
1573 4982 1587 4995 ·
1625 4966 1819 5035 μάστι-

229 5059 309 5123 Ca
364 5058 431 5126 τῇ
482 5055 783 5129 συνειδήσει
820 5071 914 5108 σου
952 5055 1053 5125 (α).
1099 5054 1337 5125 Σφοδρὸς
1381 5057 1473 5108 ἔσο
1502 5056 1697 5126 κριτής
1726 5057 1817 5109 καὶ

1917 4329 2144 4384 oculum
2179 4327 2389 4393 turbat,
2421 4342 2486 4382 ac
2515 4326 2598 4380 ira
2650 4324 2962 4380 inordinata
2997 4330 3054 4378 et
3118 4339 3241 4393 quae
3300 4342 3498 4398 magno

1916 4418 2131 4488 impetu
2161 4424 2440 4487 erumpat.

1984 4508 2317 4565 Coutentior
2346 4505 2828 4577 nobis~diligentia
2858 4506 2913 4559 in
2937 4505 3018 4560 ira
3044 4505 3357 4560 adhibenda
3390 4518 3491 4563 est.

1918 4602 2175 4658 Violenta
2203 4601 2351 4657 enim
2370 4600 2553 4671 passio
2580 4608 2693 4666 est;
2730 4614 2833 4654 nec
2871 4613 2996 4652 raro
3019 4606 3367 4653 transversos
3383 4600 3496 4670 agit

1920 4693 2016 4761 qui
2042 4693 2227 4747 minus
2251 4691 2424 4746 sobrii
2460 4691 2591 4756 sint,
2623 4699 2680 4745 et
2711 4689 2780 4744 ad
2813 4689 2992 4759 ipsum
3024 4688 3356 4757 perditionis
3391 4690 3493 4745 ba-

1920 4783 2172 4837 rathrum
2210 4782 2480 4837 detrudit.

1991 4873 2298 4927 Iracundus
2319 4873 2423 4926 es?
2449 4872 2597 4928 Talis
2640 4862 2761 4929 esto
2800 4875 3064 4931 adversus
3113 4885 3338 4947 peccata
3364 4880 3490 4926 tua:

1917 4964 2164 5018 animum
2200 4963 2463 5031 increpa:
2500 4962 2647 5018 caede
2697 4967 3046 5022 conscientiae
3082 4968 3316 5039 ﬂagello.
3359 4964 3491 5018 Esto
3555 4971 3558 4974 ’

1916 5055 2224 5110 vehemens
2260 5053 2609 5123 acerbusquc
2642 5054 2815 5126 judcx
2862 5066 3026 5126 atque
3062 5066 3291 5113 exactor
3318 5057 3373 5111 in
3397 5056 3493 5111 de-

1756 5140 1986 5197 ΝΟΤΕ.
2612 5172 2615 5177 -

1756 5144 1986 5198 ΝΟΤίΕ.
2612 5172 2615 5177 ·

219 5222 435 5294 nostra
487 5214 594 5268 alia
654 5214 801 5294 aliis,
848 5200 1026 5294 quasi
1080 5213 1357 5294 malorum
1396 5213 1631 5294 quadam
1680 5214 1824 5268 serie
1917 5212 2046 5294 _sola
2073 5210 2295 5294 articuli
2338 5211 2739 5294 compositione
2786 5213 3487 5294 curn_suo_substar_itivo.

218 5284 409 5342 nobis
434 5294 688 5339 conserta
726 5284 857 5347 vita,
884 5282 948 5338 in
999 5297 1236 5347 quorum
1269 5282 1391 5336 aliis
1438 5282 1675 5336 aliorum
1704 5298 1820 5337 me-

216 5354 477 5412 minisse
503 5355 661 5422 juvat
683 5371 713 5406 :I
733 5369 843 5422 quo
870 5353 999 5408 facit
1020 5352 1160 5406 illud
1188 5361 1405 5419 poetae:

308 5422 360 5477 0
388 5421 531 5492 passi
567 5421 855 5492 graviora!
881 5422 1025 5477 dabit
1056 5422 1195 5492 Deus
1223 5422 1532 5492 hisrquoque
1567 5421 1749 5489 ﬁnem.

310 5490 397 5563 (al
425 5490 583 5558 Quod
618 5493 860 5549 habebat
908 5493 1073 5548 Gesn.
1115 5490 1349 5563 μάστιζε
1380 5491 1450 5557 τῇ
1516 5492 1823 5563 συνειδήσει

220 5560 366 5625 σου,
427 5563 868 5632 emendabatque
922 5563 984 5615 τὸ
1042 5560 1642 5632 συνειδόςᾲσουηιαθνίε
1684 5561 1823 5632 cwde

212 5633 654 5700 conscientiam,
712 5630 929 5687 meliori
990 5641 1126 5703 puto
1180 5630 1493 5701 conjectura
1566 5631 1819 5695 restituo,

1917 5281 2231 5354 lnauditum
2271 5294 2404 5334 sane
2434 5281 2566 5334 caedi
2621 5284 2998 5354 νείσυνειδός,
3022 5285 3107 5338 vel
3164 5284 3486 5354 συνείδησιν,

1918 5351 2065 5420 quod
2097 5359 2395 5422 utrumque
2422 5358 2508 5422 est
2550 5353 2888 5422 conscientia,
2922 5370 3032 5407 non
3078 5355 3312 5416 caedere,
3364 5351 3492 5422 qua:

1919 5419 2472 5489 semperineorrupta
2489 5419 2661 5488 judex
2700 5422 2791 5484 sit,
2834 5422 2979 5477 etde
3007 5424 3152 5478 malo
3181 5419 3491 5477 remurmu-

1920 5488 2331 5560 ret,’oﬂiciique
2365 5488 2691 5560 admoneat:
2724 5507 2836 5560 quo
2860 5492 2998 5545 nihil
3051 5492 3400 5546 eommunius
3433 5493 3489 5548 in

1920 5558 2169 5633 doctrina
2187 5558 2710 5633 _mo_rur_n,uisi.ipsa
2739 5558 3029 5633 peregrina
3059 5571 3141 5617 est
3185 5577 3297 5620 non
3344 5561 3490 5618 utili-

1921 5631 2057 5685 tanti
2099 5629 2153 5684 in
2187 5627 2445 5684 Ecclesia:
2469 5628 2681 5683 castris.
