3990 6176
452 209 563 272 839

1647 198 1709 255 S.
1749 189 2037 253 MAXIMI
2071 185 2580 248 CONFESSORIS

3628 179 3737 246 840

469 315 622 372 lictis
656 315 788 369 tuis.
843 313 959 368 lloc
1013 314 1108 365 ira:
1160 312 1639 366 emolumentum:
1676 320 1796 361 eam
1843 305 1898 358 in
1930 319 2046 357 rem

2182 298 2352 368 τικρδς
2404 295 2666 366 δικαστὴς
2715 297 2825 357 τοῖς
2869 294 3094 360 ,οίκείοις
3138 293 3528 364 ἁμαρτήμασι.
3558 294 3735 346 Τοῦτο

469 406 635 462 nobis
666 405 813 459 Deus
838 418 957 457 eam
992 401 1213 456 indidit.

540 585 783 654 Evagrii.
809 614 875 624 —
902 582 1005 648 Qui
1033 596 1093 637 se
1119 597 1149 635 a
1183 581 1325 636 cibis
1342 589 1588 651 potuque
1614 576 1924 638 abstinens,
1952 589 2049 628 ex-

472 687 554 731 tra
624 676 897 728 rationem
953 674 1036 726 ira
1084 672 1370 737 incitatur,
1424 672 1621 725 similis
1651 680 1736 724 est
1774 668 1900 722 navi
1936 666 2050 720 alto

468 781 694 836 aequore
729 764 1034 819 daemonem
1066 764 1491 833 gubernatorem
1519 760 1766 815 habenti.

544 856 754 927 Cyrilli.
777 887 845 897 —
875 855 1007 921 Qua:
1030 855 1207 909 bestia
1245 863 1354 908 tam
1383 869 1524 907 saeva
1571 862 1628 908 et
1679 847 1940 904 immanis
1964 854 2052 901 est

467 956 531 1001 ut
557 947 644 1002 vir
670 946 994 1010 iracundus,
1022 960 1085 999 ac
1111 944 1206 1015 qui
1234 944 1431 998 cfl‘reni
1478 943 1574 997 ira:
1628 941 1783 996 velut
1816 929 2074 1010 tyranno’

470 1040 667 1111 paret?

542 1133 625 1186 Ea:
654 1129 1283 1196 Priamum—Quatuor
1328 1144 1392 1182 ex
1414 1127 1585 1181 rebus
1634 1126 1715 1179 ira
1756 1122 2046 1180 nascitur:

468 1242 538 1281 ex
561 1224 727 1279 dandi
760 1230 815 1277 et
842 1221 1151 1290 accipiendi
1194 1220 1524 1282 rationibus,
1551 1234 1619 1272 ex
1661 1232 1727 1270 eo
1749 1215 1895 1285 quod
1924 1215 2051 1284 quis

468 1329 582 1368 sua:
609 1326 817 1367 morem
844 1320 999 1381 gerat
1026 1311 1325 1373 voluntati,
1349 1326 1418 1365 ex
1450 1308 1635 1363 studio
1660 1306 1866 1368 litium,
1898 1320 1964 1378 egi
1984 1319 2050 1358 ea

467 1404 731 1473 opinione
763 1419 873 1473 qua
908 1403 1033 1473 quis
1065 1412 1326 1472 tanquam
1350 1401 1595 1471 prudens
1630 1400 1721 1464 sit,
1753 1397 1871 1471 sibi
1888 1396 2048 1450 blan-

467 1496 642 1550 ditur.

538 1588 784 1657 Dionysii
808 1586 1094 1640 Ilalicarn.
1145 1584 1353 1639 —lloc
1375 1582 1521 1652 apud
1567 1597 1670 1636 nos
1720 1580 1960 1637 termino
1989 1578 2051 1632 fi-

466 1678 671 1734 nienda
695 1681 798 1743 ira,
819 1678 997 1732 donec
1027 1685 1248 1732 cessent
1278 1684 1524 1745 peccata.
1548 1676 1641 1730 Ait
1666 1676 1817 1730 enim
1858 1692 1870 1727 :

464 1767 698 1833 scimini,
733 1776 782 1819 et
829 1765 993 1819 nolite
1027 1782 1244 1837 peccare
1276 1765 1442 1831 (Psal.
1489 1781 1563 1828 ιν,
1600 1765 1672 1829 5;
1716 1765 1918 1834 Ephcs.
1972 1780 2046 1828 tv,

464 1855 580 1925 se).

538 1946 829 2017 Apollonii.
891 1977 963 1988 —
1016 1947 1116 2001 Ira:
1176 1945 1361 2015 passio
1421 1945 1529 2000 nisi
1579 1944 2049 2001 sermocinatione

471 2047 729 2107 erumpat
752 2053 1001 2107 voceque
1036 2036 1310 2106 prodatur
1339 2051 1403 2091 ac
1433 2035 1735 2091 deliniatur
1757 2076 1772 2102 ,
1822 2037 2051 2091 morbus

468 2128 741 2183 naturalis
764 2126 1018 2182 efﬁcitur.

538 2219 910 2274 Piularch.—
964 2217 1083 2279 Ine,
1119 2213 1268 2270 haud
1311 2230 1474 2271 secus
1527 2230 1590 2271 ac
1637 2232 1825 2281 canes,
1880 2233 2052 2273 caecas

467 2311 696 2381 pariunt
718 2308 1157 2363 criminationes.
2025 2308 2031 2313 '

540 2403 681 2472 Equi
707 2403 854 2467 duri,
891 2401 1099 2467 frenis;
1134 2407 1190 2453 at
1236 2399 1331 2455 ira:
1373 2408 1547 2454 acutae
1577 2407 1747 2469 atque
1776 2409 2051 2469 praepetes

469 2496 690 2551 ratione
720 2503 990 2565 reguntur
1019 2502 1187 2562 atque
1214 2490 1498 2547 sedantur.

540 2589 610 2644 Ut
637 2602 777 2656 aqua
810 2588 952 2640 bene
977 2593 1279 2654 temperata
1304 2583 1797 2648 inflammationes;
1826 2583 1903 2637 sic
1924 2597 2052 2638 ora-

469 2679 548 2732 tio
579 2677 723 2731 lenis
750 2678 890 2730 iram
914 2675 1100 2730 diluit.

538 2765 609 2821 Ut
633 2765 783 2819 enim
817 2764 1009 2819 uncias
1053 2763 1251 2828 nubes,
1282 2763 1361 2818 sic
1396 2760 1775 2833 improborum
1830 2760 1944 2815 vita
1998 2761 2055 2814 in

465 2873 526 2913 se
553 2856 799 2912 convicia
830 2854 1080 2910 attrahit.

541 2948 813 3005 Aristotel.
837 2978 899 2988 —
920 2948 987 3004 Ut
1008 2947 1195 3001 fumus
1226 2946 1405 3000 oculis
1439 2944 1708 2999 immeans
1738 2944 2053 3013 laedensque

2154 391 2251 459 τῆς
2281 387 2452 457 ὀργῆς
2487 387 2547 438 τὸ
2604 386 2793 457 κέρδος
2844 387 2959 438 ἐστί
2990 402 3004 417 ο
3037 385 3126 438 διά
3173 384 3335 438 τοῦτο
3385 386 3518 455 ἡμῖν
3563 385 3736 455 αὐτὴν

2154 479 2409 548 ἐνέθηκεν
2439 464 2478 530 ὀ’
2500 477 2653 541 Θεός.

2229 569 2545 638 Εὐατρίου.
2582 601 2655 612 --
2681 566 3055 639 Βρωμάτωνῆ
3087 565 3350 634 πομάτων
3366 565 3733 634 ἀπεχόμενος,

2152 660 2323 731 θυμὸν
2377 660 2435 713 δὲ
2484 660 2696 727 ἀλόγως
2738 657 2925 721 κινῶν,
2962 650 3116 719 οὗτος
3145 656 3289 709 ἔοικε
3318 654 3732 725 ποντοπορούσῃ

2151 753 2263 824 νηῒ,
2300 753 2398 804 καὶ
2429 751 2632 822 ἐχούσῃ
2659 749 2891 818 δαίμονα
2923 747 3289 818 κυϐερνήτην.

2223 846 2549 915 Κυρίλλου.
2576 874 2649 885 -
2680 846 2841 897 Ποῖον
2889 840 3034 895 οὕτω
3089 839 3276 911 θηρίον
3301 839 3451 909 ὠμὸν
3488 840 3587 893 καὶ
3631 839 3733 891 ἀνα

2151 939 2387 1009 ἥμερον,
2422 936 2499 1000 ὡς
2544 934 2807 1006 δύσοργος
2869 932 3029 1005 ἀνὴρ,
3059 932 3155 985 καὶ
3182 932 3402 1001 ἀκράτῳ
3434 929 3596 1001 θυμῴ
3632 946 3734 981 τυ-

2156 1028 2349 1100 ραννού
2359 1044 2520 1098 μενος
2544 1044 2560 1092 ;

2236 1121 2336 1175 Ἐκ
2365 1118 2484 1172 τῶν
2509 1116 2810 1187 Πατέρων.
2826 1116 2984 1169 -Διά
3008 1115 3289 1186 τεσσάρων
3323 1115 3677 1185 πραγμάτων
3694 1112 3730 1181 ἠ

2151 1212 2289 1285 ὀργὴ
2304 1212 2601 1281 ἐγγίνεται,
2622 1209 2717 1263 τοῦ
2736 1208 2918 1263 δοῦναι
2934 1210 3030 1262 xal
3051 1206 3257 1271 λαϐεῖν,
3276 1205 3481 1259 καὶτοῦ
3506 1205 3731 1273 ποιῆσαι

2148 1280 2212 1357 τδ
2232 1280 2376 1356 Ῠῖδιον
2403 1302 2640 1383 θέλημα,
2672 1299 2886 1355 καὶτοῦ
2916 1300 3137 1372 ἀγαπᾷν
3166 1298 3343 1363 δίκας,
3376 1297 3477 1350 καλ⁵
3515 1297 3612 1349 τοῦ
3639 1280 3755 1348 vo;

2155 1396 2332 1467 μίζειν
2364 1396 2625 1466 φρόνιμον
2652 1391 2790 1447 εἶναι
2813 1391 3025 1445 ἑαυτόν.

2221 1570 2543 1625 Διονυσίου
2572 1568 2861 1636 Ἀλικαρν.
2902 1566 3089 1637 (b).—
3115 1566 3190 1619 Τὸ
3234 1564 3552 1637 ὀργίζεσθαι
3604 1564 3735 1637 παρ’

1929 1673 2051 1727 ινα-
2082 1679 2123 1732 ῃ
2154 1664 2286 1733 ἡμῖν
2320 1662 2449 1732 ἄχρι
2484 1659 2580 1713 τοῦ
2607 1657 2804 1712 παύειν
2832 1658 2903 1712 τὰ
2955 1658 3331 1728 ἁμαρτήματα
3377 1656 3738 1725 περιορισθή-

2154 1770 2327 1806 σεται.
2353 1770 2371 1803 ι
2414 1748 2735 1822 Ὀργίζεσθε
2760 1750 2889 1821 γὰρ,
2919 1749 3074 1820 φησὶ,
3100 1749 3192 1802 καὶ
3224 1738 3685 1819 μὴ’ἁμαρτάνετε.
3710 1766 3731 1799 ο

2235 1927 2669 1983 Ἀπολλωνίου.
2698 1957 2769 1966 -
2828 1927 2903 1979 Τὸ
2931 1926 3032 1996 τῆς
3066 1927 3233 1997 ὀργῆς
3278 1925 3452 1988 πάθος
3486 1925 3561 1994 μὴ
3605 1923 3738 1975 καθ-

2152 2017 2509 2089 ομιλούμενον
2551 2017 2619 2086 (c)
2657 2016 2793 2088 μηδὲ
2833 2016 3291 2088 θεραπευόμενον,
3328 2014 3534 2085 φυσικὴ
3582 2014 3737 2077 νόσος

2152 2111 2382 2179 γίνεται.

2223 2202 2565 2270 Πιιουτάρχ.
2600 2231 2671 2241 -
2706 2203 2767 2255 Ol
2802 2201 2985 2272 θυμοὶ,
3020 2200 3275 2272 καθάπερ
3323 2202 3374 2255 οί
3422 2202 3604 2269 κύνες,
3639 2219 3739 2255 τυ-

2155 2293 2263 2362 φλά
2295 2295 2575 2346 τίκτουσιν
2602 2293 2770 2361 ὲγκλή
2782 2310 2948 2363 ματα.

2228 2364 2292 2436 Ui
2339 2383 2439 2453 μὲν
2496 2386 2721 2454 τραχεῖς
2754 2384 2911 2436 ἵπποι
2962 2386 3076 2449 τοῖς
3104 2384 3346 2453 χαλινοῖς
3380 2402 3394 2416 ⁸
3427 2387 3474 2437 oi
3506 2385 3561 2438 δὲ
3591 2386 3737 2453 ὀξεῖς

2156 2474 2341 2545 θυμοὶ,
2377 2474 2707 2543 μετάγονται
2736 2477 2849 2537 τοῖς
2874 2475 3176 2544 λογισμοῖς.

2228 2567 2302 2619 Τὸ
2330 2566 2429 2636 μὲν
2453 2565 2720 2636 εὔκρατον
2743 2564 2888 2634 ὕδωρ
2914 2565 3011 2628 τάς
3039 2566 3350 2635 φλεγμονάς
3375 2583 3387 2595 ⁸
3419 2568 3448 2619 6
3476 2566 3532 2619 δὲ
3565 2566 3742 2619 ἐπιει-

2157 2658 2261 2728 κὴς
2293 2658 2473 2728 λόγος,
2506 2658 2603 2720 τὰς
2633 2657 2811 2725 ὁρμὰς
2833 2656 3060 2709 διαλύει.
3411 2644 3425 2669 ¹

2242 2745 2329 2809 Ὠς
2365 2746 2474 2815 γὰρ
2502 2745 2530 2795 6
2560 2745 2783 2807 καικίας
2819 2744 2887 2797 τὰ
2952 2745 3112 2815 νέφη,
3150 2745 3245 2799 καὶ
3290 2748 3319 2800 6
3369 2745 3573 2816 φαῦλος
3622 2745 3769 2819 βίος.

2157 2838 2243 2906 ἐφ’
2272 2837 2463 2891 ἑαυτὸν
2486 2836 2635 2889 ἕλκει
2660 2836 2947 2907 λοιδορίας.
3186 2823 3200 2838 ’
3256 2900 3259 2903 ν

2252 2929 2534 2997 Ἂριστοτ.
2579 2958 2648 2966 —
2701 2927 2922 2998 ⁵’Ὠσπερ
2975 2928 3183 2993 καπνὸς
3262 2929 3571 2983 ἑπιδάκνων
3636 2930 3744 2994 τὰς

467 3041 756 3111 pupillam,
787 3039 935 3110 quod
959 3046 1046 3093 est
1076 3047 1204 3093 ante
1229 3039 1400 3108 pedes
1423 3038 1745 3108 prospicere
1764 3053 1873 3091 non
1898 3036 2050 3091 sinit:

2182 3021 2332 3090 ίψεις,
2369 3000 2479 3071 οὐκ(
2502 3020 2565 3087 ἐᾷ
2594 3019 2924 3089 προὸλέπειν
2955 3019 3014 3073 τὸ
3052 3021 3302 3090 κείμενον
3328 3023 3388 3074 ἐν
3420 3026 3532 3084 τοῖς
3552 3021 3743 3089 ποσὶν,

468 3130 549 3184 sic
577 3139 631 3184 et
666 3130 747 3183 ira
779 3130 1068 3199 ingruens,
1122 3131 1297 3185 menti
1363 3128 1620 3184 tenebras
1654 3127 1915 3187 offundit,
1954 3141 2057 3181 nec

468 3222 602 3290 quid
637 3221 764 3275 inde
820 3221 1049 3275 absurdi
1104 3220 1417 3290 proveniat,
1482 3219 1733 3274 animum
1779 3217 2057 3287 dispicere

468 3313 767 3382 permittit.

541 3404 623 3456 An
661 3419 771 3457 non
816 3403 974 3458 vides
1019 3405 1216 3460 abesse
1271 3405 1542 3458 rationem
1571 3402 1641 3457 ab
1674 3401 1741 3454 iis
1773 3398 2057 3461 erunibus,

466 3507 592 3560 qua:
632 3492 686 3547 in
724 3492 805 3547 ira
839 3504 1108 3564 aguntur;
1145 3511 1268 3564 qua:
1299 3494 1559 3549 videlicet
1603 3492 1851 3547 furorem
1882 3488 2056 3558 fugiat

468 3581 623 3635 velut
654 3582 921 3636 acerbum
951 3583 1283 3653 tyrannum?

542 3676 629 3729 Ira
665 3676 1018 3745 perturbatio
1045 3685 1132 3731 est
1163 3676 1364 3730 affectu
1399 3673 1569 3729 animi
1597 3672 1791 3727 bestiis
1834 3670 2054 3736 similis,

473 3763 736 3817 continue
766 3778 1050 3833 proruens,
1088 3763 1227 3816 dura
1256 3777 1345 3815 res
1382 3758 1545 3830 594Ι
1564 3774 1629 3813 ac
1663 3758 1924 3820 violenta,
1957 3772 2063 3810 ca:-

468 3853 625 3908 dium
649 3869 836 3918 causa,
891 3853 1221 3908 calamitatis
1278 3848 1650 3921 oppugnando
1708 3849 1878 3912 socia,
1908 3847 2063 3901 dam-

474 3961 673 4000 norum
706 3961 910 4015 parens
955 3960 1020 3999 ac
1056 3944 1317 4006 infamiae,
1356 3941 1720 4011 pecuniarum
1779 3939 2057 4010 perditio;

469 4034 542 4090 ad
567 4035 683 4124 haec
715 4036 882 4091 etiam
914 4032 1293 4104 corruptionis
1323 4031 1577 4101 labisque
1602 4031 1778 4102 origo.

2153 3112 2324 3174 οὕτως
2353 3114 2379 3164 6
2415 3110 2584 3181 θυμὸς
2609 3112 2997 3182 ἐπερχόμενος,
3026 3112 3104 3181 τῷ
3137 3113 3384 3184 λογισμῷ
3413 3118 3701 3168 ἐπισκοτεῖ
3722 3155 3741 3180 ,

2156 3204 2252 3256 καὶ
2304 3202 2365 3255 τὸ
2426 3202 2844 3273 συμὸησόμενον
2876 3204 2934 3268 ἐξ
2972 3204 3137 3257 αὑτοῦ
3173 3207 3375 3260 ἄτοπον
3406 3207 3506 3259 οὐκ
3541 3206 3744 3277 ἀφίησι

2156 3296 2224 3363 τῇ
2256 3293 2465 3363 διανοίᾳ
2489 3294 2842 3363 προϐλέπειν.

2232 3385 2344 3454 Οὐχ
2371 3386 2501 3456 ὁρᾷς
2530 3386 2613 3437 ὅτι
2646 3385 2754 3438 τῶν
2782 3388 2838 3439 ὲν
2876 3387 3014 3461 ὀργῇ
3047 3390 3535 3461 διαπραττομένων
3559 3393 3745 3447 ἀπάν-

2160 3495 2269 3531 των
2299 3480 2327 3531 6
2356 3478 2613 3549 λογισμὸς
2645 3479 2937 3552 ἀποδημεῖ,
2966 3482 3186 3552 φεύγων
3215 3485 3307 3538 τὸν
3336 3485 3510 3555 θυμὸν
3540 3486 3618 3550 ὡς
3646 3505 3750 3540 πι-

2163 3570 2295 3641 κρὸν
2326 3570 2590 3641 τύραννον
2616 3589 2630 3637 ;

2247 3661 2306 3713 '0
2336 3661 2509 3732 θυμός
2540 3665 2653 3716 ἐστι
2687 3663 2880 3728 πάθος,
2916 3664 3183 3736 θηριῶδες
3213 3667 3313 3736 μὲν
3354 3670 3423 3739 τῇ
3477 3667 3751 3731 διαθέσει,

2168 3751 2393 3823 συνεχὲς
2418 3757 2482 3825 τῇ
2512 3754 2711 3823 θλίψει,
2743 3748 2979 3825 σκληρὸν
3019 3758 3077 3810 δὲ
3124 3760 3218 3812 καὶ
3261 3759 3435 3829 βίαιον
3463 3762 3530 3830 τῇ
3577 3759 3754 3815 δυνά-

2166 3864 2276 3916 μει,
2302 3847 2465 3916 φόνου
2492 3846 2686 3910 αἴτιον,
2714 3851 3001 3919 συμφορᾶς
3036 3850 3349 3921 σύμμαχον,
3376 3851 3583 3923 βλάὸης
3617 3869 3756 3905 συν-

2162 3938 2327 4008 εργὸν
2374 3938 2469 3991 καὶ
2506 3939 2755 4010 ἀτιμίας,
2797 3943 2891 3994 καὶ
2922 3943 3223 4013 χρημάτων
3271 3943 3516 3998 ἀπώλεια
3539 3960 3552 3972 ·
3575 3943 3659 3997 ἔτι
3689 3944 3757 3998 δὲ

2164 4032 2261 4084 καὶ
2292 4030 2501 4103 φθορᾶς
2534 4032 2797 4103 ἀρχηγόν.

2010 4205 2242 4262 NOTAE.

558 4347 967 4421 (b)_4lorvo'l_ov
1007 4348 1301 4418 Ἂλικιιρν.
1344 4349 1500 4416 Quod
1537 4350 1610 4402 ita
1651 4347 1921 4421 scriptum
1946 4354 2057 4421 est,

2182 4362 2303 4421 uere.
2357 4347 2641 4417 potuerit:
2675 4347 2875 4421 sicque
2909 4355 3113 4416 passim
3166 4347 3221 4401 in
3274 4348 3761 4421 catenis__cxstant

474 4415 665 4477 tuendi
693 4418 1007 4487 suspicione
1037 4436 1146 4474 non
1196 4415 1380 4477 caret.
1404 4421 1535 4486 Qtne
1581 4419 1728 4472 enim
1769 4415 2060 4487 sententia

476 4491 559 4547 illi
600 4485 884 4553 tribuit—ur,
919 4488 1221 4545 Christiani
1255 4485 1497 4545 hominis
1519 4500 1603 4542 est
1639 4496 1695 4542 et
1727 4487 1780 4540 in
1814 4485 2062 4554 Scriptu-

478 4561 558 4615 ris
584 4558 810 4621 versati,
843 4574 1077 4627 quarum
1124 4560 1443 4614 testimonio
1493 4559 1639 4611 illam
1671 4556 1912 4627 probat,
1935 4570 2059 4627 eum

479 4628 778 4700 Dionysius
808 4623 1262 4684 Halicarnasseus
1289 4636 1455 4697 (unus
1479 4634 1534 4700 et
1564 4623 1729 4700 alter)
1763 4626 1817 4700 in
1855 4623 2060 4679 Christi

475 4695 679 4754 castris
730 4714 842 4751 non
892 4700 1215 4754 meruerint.
1250 4695 1438 4754 Voluit
1485 4698 1628 4751 forte
1681 4695 1947 4749 Maximus
2007 4702 2063 4747 et

474 4769 703 4838 scripsit
734 4769 1016 4838 Διονυσίου
1073 4769 1488 4837 Ἀλεξανδρέως,
1526 4766 1778 4838 Αυὶοηυείἱ
1828 4763 2066 4838 Alexan-

478 4834 645 4906 drini,
675 4836 769 4907 qui
806 4837 921 4906 ipse
968 4838 1192 4908 scriptis
1220 4834 1343 4892 suis
1370 4846 1483 4908 rem
1512 4835 1882 4908 Christianam
1914 4834 2067 4908 locu—

478 4903 796 4981 pletaverit.
827 4903 965 4981 Nec,
992 4903 1186 4981 ari_ita_
1214 4907 1524 4981 scripserit,
1568 4905 1919 4981 fugientibus
1968 4903 2069 4981 mi-

479 4973 650 5033 iiiatis
684 4978 886 5031 litteris
912 4977 1123 5032 codicis
1155 4973 1395 5031 Ballesd.
1418 4973 1857 5046 deprehendere
1885 4973 2064 5046 licuit.

479 5048 778 5119 Subjungit
835 5048 1210 5119 Apollonium,
1270 5047 1385 5119 qui
1414 5043 1532 5119 ipse
1580 5045 1878 5119 _(si‘tau_ten
1920 5043 2068 5119 ipse)

478 5113 783 5172 Commodo
808 5128 865 5171 et
884 5113 1100 5172 Severo
1156 5113 1326 5185 impp.
1374 5113 1715 5170 iii—Ecclesia
1772 5113 1981 5185 floruit,
2011 5121 2067 5165 et

481 5133 783 5172 commouo
808 5133 865 5171 et
896 5133 1100 5172 δεινοῖο
1156 5133 1228 5170 im
1274 5134 1326 5185 p.
1374 5133 1429 5169 ιιι
1469 5133 1715 5170 nccwsm
1772 5133 1981 5174 uoruu,
2011 5133 2059 5165 ei

481 5190 748 5245 adversus
777 5187 1097 5244 Montanum
1147 5195 1203 5240 et
1232 5133 1560 5249 Briscillam,
1590 5191 1816 5238 auctore
1867 5183 2059 5236 lliero-

479 5275 666 5331 nymo,
689 5258 934 5331 scripsit.
951 5256 1295 5331 Velpotius,
1313 5253 2059 5331 cum‘citassetexHPatribus,

480 5322 620 5385 duos
654 5330 755 5383 hos
801 5322 1122 5397 'subjunxi't,
1154 5328 1248 5397 qui
1284 5328 1338 5381 in
1367 5326 1498 5389 illis,
1528 5325 1821 5397 sententiis
1873 5322 2064 5397 hujus-

480 5402 626 5455 modi
651 5400 783 5454 clari
812 5392 1041 5463 fuerint,
1073 5392 1187 5452 sive
1206 5413 1364 5453 error
1383 5396 1584 5465 aliquis
1623 5395 1679 5465 in
1746 5392 2064 5465 nominibus

479 5471 749 5541 obrepsit,
779 5468 895 5523 sive
916 5462 1060 5541 _no_n_.
1083 5470 1191 5522 Aut
1209 5462 1623 5541 denique—pro
1657 5464 1877 5519 Juliano
1931 5462 2062 5515 Dio-

478 5535 674 5614 nysius
704 5537 974 5614 obrepsit.
1000 5538 1177 5614 Notus
1202 5535 1454 5614 Julianus
1498 5535 1976 5614 Halicarnasseus,
1996 5546 2064 5585 ex

471 5601 608 5683 quo,
628 5610 758 5665 licet
782 5601 1068 5674 haeretica,
1105 5608 1247 5663 hanc
1270 5607 1538 5662 Maximus
1593 5603 1929 5664 sententiain
1961 5601 2032 5655 ha
2052 5633 2066 5644 ›

2168 4418 2415 4472 virorum
2438 4433 2547 4471 non
2574 4417 3072 4472 ecclesiasticorum
3127 4418 3434 4472 sententiae.
3478 4418 3548 4475 Ut
3597 4423 3763 4477 enim

2168 4502 2233 4540 ex
2265 4486 2471 4542 Graaeis
2497 4486 2798 4541 corradunt
2826 4485 3096 4541 Maximus
3126 4496 3182 4541 et
3215 4488 3509 4551 Antonius,
3535 4490 3617 4543 sic
3646 4507 3765 4548 nec

2168 4571 2233 4609 ex
2262 4557 2535 4627 hmreticis
2568 4555 2866 4627 corradere
2892 4556 3190 4627 quidquam
3220 4565 3401 4611 vetat;
3428 4574 3763 4627 quanquam

2170 4641 2280 4749 nufn
2337 4626 2498 4708 video
2546 4626 2686 4680 alios
2719 4625 2898 4695 palam
2949 4626 3239 4682 haereticos
3285 4628 3342 4681 in
3401 4625 3526 4683 istis
3564 4625 3635 4682 ab
3666 4633 3767 4687 eis

2170 4711 2228 4749 re
2254 4713 2382 4749 errr.

2170 4711 2382 4750 relerrt.

2244 4764 2312 4846 (ε)
2344 4768 2457 4846 Μὴ·
2478 4767 3014 4835 καθομιλούμενον.
3039 4766 3141 4846 Ile_
3170 4768 3547 4846 ira_l0quitur,
3579 4785 3766 4836 quam

2170 4837 2298 4906 quis
2330 4837 2494 4891 corde
2552 4847 2784 4905 premat,
2828 4852 2931 4891 nec
2991 4838 3176 4891 verbis
3227 4839 3371 4891 sinat
3426 4854 3762 4907 erumpere.

2172 4907 2289 4977 Hoc
2313 4907 2460 4977 enim
2493 4907 2813 4977 passionem
2834 4914 3019 4976 auget,
3050 4922 3156 4961 nec
3181 4923 3305 4962 raro
3327 4907 3496 4961 etiam
3524 4913 3766 4977 corpori

2173 4976 2350 5047 labem
2379 4976 2569 5040 affert;
2601 4991 2726 5030 cum
2750 4976 2886 5047 alias
2913 4977 3069 5045 quasi
3098 4987 3434 5046 evaporante
3460 4980 3767 5047 sanguinis

2174 5045 2266 5099 illa
2294 5046 2442 5099 circa
2476 5059 2572 5099 cor
2613 5046 2945 5101 accensione
2988 5045 3305 5115 querulosis
3355 5048 3482 5102 irati
3533 5045 3763 5113 verbis,

2174 5116 2392 5187 animus
2414 5116 2465 5169 ei
2490 5116 2724 5187 lavetur,
2760 5132 2825 5170 ac
2848 5130 3049 5185 corpus
3076 5117 3254 5187 ipsum
3287 5117 3478 5171 mitius
3522 5117 3765 5174 habeat.

2166 5185 2287 5239 Non
2326 5185 2467 5245 bene
2513 5184 2677 5258 Gesn.
2717 5188 2780 5258 si
2810 5184 3051 5258 sermone
3096 5184 3241 5258 'non_
3266 5187 3558 5258 deﬁniatur
3595 5196 3771 5258 atque

2160 5263 2395 5326 curetur.
2418 5256 2574 5326 quasi
2611 5255 2680 5310 de
2714 5256 2823 5310 alio
2844 5257 3122 5325 loquatur,
3152 5256 3246 5326 qui
3276 5272 3530 5311 sermone
3549 5255 3770 5315 iratum

2162 5325 2412 5380 deliniat.
2450 5324 2509 5378 ld
2549 5326 2697 5380 enim
2731 5324 3294 5392 accidentarium'est,
3344 5342 3448 5381 nec
3472 5328 3574 5391 ira,
3640 5343 3771 5384 non

2162 5394 2254 5476 sic_
2273 5395 2584 5476 delinitaLa
2612 5411 2672 5476 _se
2693 5396 3268 5476 morbumlabemque
3308 5398 3528 5476 corpori
3555 5396 3770 5465 afl‘ert;

2162 5465 2257 5519 sed
2290 5479 2454 5535 quam
2487 5465 2759 5530 dicebam,
2781 5481 2902 5535 quae
2932 5467 3013 5523 sic
3034 5465 3224 5522 animo
3255 5466 3631 5533 incrudescat,
3663 5484 3772 5526 vo-

2164 5550 2396 5606 cemque
2426 5534 2600 5607 ipsam
2628 5534 2864 5593 auferat.
