3990 6176
343 341 446 406 845

412 456 553 524 Λέγε
589 453 748 523 σιγῆς
785 468 835 505 τι
867 449 1200 521 κρεῖσσον,ῆ
1237 445 1396 516 σιγὴν
1423 443 1534 514 ἔχε.

415 635 721 701 Χρυσοστ.
751 657 821 669 —-
844 630 908 681 Οἱ
968 627 1156 680 πολλοὶ
1202 623 1313 678 τῶν
1348 619 1677 694 ἀνθρώπων,
1702 615 1924 670 ἐπειδὰν

345 717 545 778 εῐπωσί
572 739 626 775 τι
654 719 764 774 τῶν
794 719 1144 790 ἀπορρήτων,
1175 712 1551 785 παρακαλοῦσι
1574 710 1666 763 τὸν
1701 707 1928 763 ἀκούον-

347 833 418 871 τα
445 814 541 869 καὶ
571 812 799 885 ὁρκοῦσι
829 811 1018 882 μηδενὶ
1040 808 1228 862 λοιπὸν
1259 808 1434 860 εἰπεῖν
1456 803 1629 874 ἑτέρῳ
1655 818 1668 833 ·
1703 799 1928 854 αὐτόθεν

350 906 658 977 δηλοῦντες,
698 905 781 957 ὅτι
806 905 1038 974 πρᾶγμα
1071 900 1219 966 ἄξιον
1250 895 1589 967 κατηγορίας
1642 891 1926 961 ἐποίησαν.

354 998 418 1051 Εἰ
474 997 582 1070 γὰρ
632 997 842 1049 ἐκεῖνον
895 993 1096 1066 μηδενὶ.
1127 992 1300 1043 εἰπεῖν
1345 987 1516 1058 ἑτέρῳ
1569 984 1930 1056 παρακαλεῖς,

356 1088 538 1158 πολλῷ
571 1087 774 1157 μᾶλλον
817 1084 880 1138 σὲ
933 1082 1198 1154 πρότερον
1220 1079 1394 1150 τούτῳ
1416 1077 1590 1132 ταῦτα
1627 1077 1805 1128 εἰπεῖν
1831 1074 1933 1127 οὐκ

356 1179 593 1251 ὲκρῆνο.

442 1270 544 1322 Ἐκ
584 1267 705 1321 τῶν
752 1267 1084 1334 Γερόντων.
1113 1292 1185 1306 -
1229 1263 1448 1332 Ἀγάπα
1491 1261 1552 1314 τὸ
1591 1261 1750 1331 σιγᾷν
1795 1257 1938 1328 ὑπὲρ

359 1361 423 1414 τὺ
439 1361 622 1412 λαλεῖν
653 1377 668 1390 ο
696 1362 730 1430 ἡ
762 1360 944 1430 σιωπὴ
989 1361 1101 1430 γὰρ
1143 1354 1498 1430 θησαυρίζειο
1550 1355 1612 1407 τὸ
1659 1353 1718 1406 δὲ
1755 1350 1940 1406 λαλεῖν

362 1451 763 1522 διασκορπίζει.

437 1543 549 1613 Πρὸ
577 1541 770 1596 πασῶν
795 1541 904 1594 τῶν
930 1540 1163 1595 ἐντολῶν
1191 1538 1290 1610 τὴν
1314 1536 1550 1609 ἡσυχίαν
1577 1534 1655 1606 (lt)
1693 1531 1945 1600 ἐξελέξα-

365 1653 426 1688 το
469 1636 498 1686 ὁ
546 1633 678 1694 Θεός
713 1650 728 1664 ·
767 1632 1080 1702 γέγραπται
1127 1631 1258 1700 γὰρ,
1298 1628 1430 1683 Ἐπὶ
1450 1628 1588 1682 τίνα
1618 1622 1942 1694 amarum,

365 1725 503 1780 ἀλλ’
533 1726 571 1793 ἢ
605 1724 704 1777 ἐπὶ
732 1723 838 1778 τὸν
863 1722 1152 1777 ταπεινὸν
1174 1719 1272 1776 καὶ
1303 1719 1606 1789 ἡσύχιον-ς

447 1905 510 1959 ‘0
554 1905 724 1959 θέλων
777 1905 1041 1975 σωθῆναι,
1086 1901 1333 1968 διωξάτω
1396 1901 1497 1972 τὴν
1548 1895 1946 1969 ἀκτημοσύνην

370 1997 468 2050 καὶ
495 1997 594 2066 τὴν
623 1996 859 2066 σιωπήν.

454 2087 776 2140 Ἀπολλων.
808 2114 878 2124 -
906 2084 1116 2154 Πολλὴν
1151 2083 1472 2154 ἐπιμέλειαν
1516 2077 1788 2134 ποιεῖσθαι
1817 2074 1946 2146 χρὴ,

373 2179 501 2248 περὶ
541 2176 634 2229 τοῦ
678 2175 755 2247 μὴ
783 2175 962 2244 λέγειν
993 2174 1030 2229 ἃ
1061 2176 1136 2246 μὴ
1167 2174 1266 2228 δεῖ.
1297 2169 1584 2232 Παντελῶς
1624 2167 1732 2239 γὰρ
1783 2168 1951 2236 ἁπαι-

369 2267 562 2319 δεύτου
617 2267 762 2330 τινός
822 2267 940 2319 ὲστι
998 2265 1060 2318 τὸ
1111 2265 1186 2336 μὴ
1233 2263 1501 2318 δύνασθαι
1567 2261 1802 2331 σιωπᾷν,
1832 2257 1950 2313 ἀλλ’

375 2359 622 2422 ἐκλαλεῖν
646 2359 716 2411 τὰ
747 2357 822 2429 μὴ
853 2356 1032 2420 καλῶς
1062 2355 1276 2427 ἔχοντα.

448 2531 618 2602 Σοφδς
646 2529 788 2600 ἀνὴρ
832 2529 930 2583 καὶ
960 2528 1128 2596 σιγῶν
1162 2525 1252 2580 τὸν
1287 2525 1421 2578 Θεὸν
1464 2523 1620 2608 τιμᾷ,
1657 2521 1812 2584 είδὼς
1858 2518 1954 2573 καὶ

375 2624 522 2678 ὃιατί
549 2622 703 2691 σιγᾷ.
1595 2609 1600 2616 ’

449 2711 790 2781 Πλουτάρχ.
815 2711 1090 2782 -Ἃπερ
1128 2710 1194 2764 ἂν
1236 2707 1552 2762 σιωπᾶσθαι
1606 2704 1808 2776 βούλει,
1848 2717 1954 2772 μη-

382 2807 495 2860 δενὶ
541 2807 702 2876 εῐπῃς
730 2819 745 2834 ⁸
773 2803 807 2873 ἦ
850 2801 969 2865 πῶς
1005 2801 1158 2872 παρά
1200 2817 1344 2864 τινος
1371 2801 1626 2862 ἀπαιτεῖς
1655 2797 1716 2850 τὸ
1753 2794 1947 2848 πιστὸν

315 2929 317 2931 ι
387 2896 486 2966 τῆς
521 2894 754 2964 σιωπῆς,
783 2893 812 2946 ὃ
840 2893 915 2964 μὴ
948 2893 1222 2962 παρέσχες
1263 2891 1480 2962 σεαυτῷ
1509 2906 1526 2957 ;

453 2989 527 3041 Τὸ
588 2988 798 3057 σιωπᾷν
845 2986 908 3038 οὐ
971 2987 1132 3054 μόνον
1189 2984 1378 3054 ἄδιψον
1412 3024 1427 3048 ,
1491 2984 1567 3048 ὥς
1629 3002 1797 3055 φησιν
1843 2983 1956 3039 Ἰπ-

385 3078 689 3149 ποκράτης,
723 3076 862 3130 ἀλλὰ
893 3075 984 3130 καὶ
1013 3075 1220 3129 ἄλυπον
1254 3074 1348 3126 καὶ
1381 3073 1672 3128 ἀνώδυνον.

457 3255 688 3323 Ζήνων.
720 3282 789 3292 -
820 3252 952 3305 Ὅτε
985 3249 1126 3315 ξένοι
1153 3249 1299 3314 τινὲς
1337 3251 1396 3302 ὲν
1431 3250 1722 3321 συμποσίῳ
1751 3251 1959 3322 παρὸνο

388 3364 478 3412 τες
525 3343 1011 3415 φιλοφρονούμενοι
1058 3344 1317 3413 Ζήνωνα,
1383 3342 1711 3413 προπιόντες
1768 3343 1961 3414 αὐτῷ,

388 3441 583 3511 ῆροντο
606 3435 836 3509 ἡσυχίαν
863 3434 1090 3503 ἄγοντα,
1115 3433 1251 3504 Περὶ
1277 3432 1371 3486 σοῦ
1390 3433 1447 3486 δὲ
1479 3434 1533 3486 τί
1562 3433 1670 3505 χρὴ
1692 3434 1892 3503 λέγειν,
1921 3429 1967 3490 ὦ

389 3533 596 3601 Ζήνων,
619 3527 695 3598 τῷ
729 3525 940 3598 βασιλεῖ
969 3542 982 3590 ;
1015 3526 1266 3588 κάκεῖνος
1313 3525 1439 3596 ἔφη,
1475 3525 1639 3577 Ἀ).λο
1691 3525 1858 3595 μηδὲν
1888 3565 1903 3589 ,
1931 3527 1965 3597 ἢ

391 3625 470 3676 ὅτι
502 3617 816 3692 πρεσϐύτης
853 3617 1000 3670 ἐστὶν
1040 3618 1098 3669 ἐν
1134 3616 1388 3686 Ἀθήναις
1431 3616 1584 3688 παρὰ
1627 3617 1790 3670 πότον
1838 3635 1965 3672 σιω-

395 3713 503 3782 πᾷν
533 3710 854 3780 δυνάμενος.

477 3800 922 3870 Ἀνάχαρσις.--
934 3791 1102 3860 Οὗτος
1141 3796 1413 3858 ἑστιαθεὶς
1441 3795 1589 3868 παρὰ
1619 3796 1843 3865 Σόλωνι,
1871 3801 1970 3854 καὶ

397 3892 736 3964 κοιμώμενος
769 3888 950 3960 ὤφθη,
998 3890 1097 3959 τὴν
1146 3889 1241 3958 μὲν
1290 3889 1587 3958 ἀριστερὰν
1647 3891 1808 3959 χεῖρα
1863 3893 1977 3955 τοῖς

401 3985 635 4059 μορίοις,
693 3982 794 4054 τὴν
850 3980 906 4035 δὲ
951 3979 1134 4047 δεξιὰν
1166 3979 1245 4050 τῷ
1290 3979 1515 4049 στόματι
1569 3975 1975 4054 προσκειμένην

397 4077 558 4147 ἔχων.
600 4069 1064 4144 Ἐγκρατεστέρου
1095 4070 1203 4140 γὰρ
1233 4068 1372 4140 ᾤετο
1401 4068 1621 4139 χαλινοῦ
1651 4071 1860 4127 δεῖσθαι
1877 4073 1977 4144 τὴν

399 4169 670 4241 γλῶτταν.

1649 331 1818 393 LOCI
1856 325 2290 388 COMMUNES.

1948 447 1992 498 Α
2091 434 2273 489 Dicito
2303 431 2587 502 quidpiam
2648 430 2870 486 silentio
2915 429 3136 495 melius,
3174 436 3269 484 aut
3314 428 3599 486 silentium

2028 539 2175 582 tene.

1975 1789 2024 1849 Β

3495 319 3598 382 816

2099 616 2370 687 Chrysost.
2413 646 2478 655 —-
2518 614 2774 684 Plerique
2815 614 3135 679 hominum,
3189 629 3315 668 cum
3343 629 3608 670 arcanum

2031 708 2241 778 aliquid
2282 707 2720 777 enuntiaverint,
2757 707 2902 762 serio
2950 705 3262 760 auditorem
3300 714 3530 760 monent
3555 715 3614 761 et

2033 801 2410 867 obtestantur,
2441 800 2783 869 adiguutque
2825 798 3166 868 juramento,
3223 797 3434 852 nemini
3466 798 3612 852 ultra

2034 889 2359 944 dicturum:
2395 889 2612 957 hocque
2648 888 2790 956 ipso,
2830 903 2948 940 rem
2981 903 3039 942 se
3079 886 3297 956 dignam
3335 888 3614 958 vituperio

2035 980 2275 1045 fecisse,
2310 979 2460 1034 haud
2495 980 2734 1033 obscure
2789 978 3106 1032 recludunt.
3153 977 3286 1032 Nam
3349 979 3397 1033 si
3462 979 3616 1034 illum

2037 1071 2285 1125 hortaris
2314 1084 2379 1124 ac
2414 1085 2578 1139 rogas
2603 1077 2664 1122 ut
2691 1069 2829 1124 nulli
2853 1069 3012 1123 alteri
3045 1069 3229 1133 dicat,
3263 1071 3466 1140 potiori
3493 1073 3618 1143 jure

2037 1177 2143 1217 nec
2169 1171 2220 1216 te
2250 1161 2332 1216 illi
2360 1161 2516 1231 prius
2539 1160 2724 1214 dicere
2752 1161 3065 1229 oportebat.

2113 1251 2503 1308 Seniorum.—
2540 1252 2677 1306 Ama
2709 1251 2990 1305 silentium
3024 1251 3405 1322 magis'quam
3433 1253 3617 1324 loqui;

2043 1346 2244 1402 horum
2277 1346 2428 1401 enim
2454 1346 2696 1399 alterum
2720 1345 3044 1400 thesaurum
3096 1346 3435 1413 accumulat,
3481 1349 3621 1404 alte-

2045 1453 2170 1492 rum
2203 1437 2493 1508 dispergit.

2117 1531 2235 1586 Prae
2257 1530 2517 1586 omnibus
2548 1527 2838 1599 prmceptis
2866 1528 3014 1582 Deus
3038 1529 3215 1598 quieti
3256 1530 3427 1584 animi
3451 1531 3625 1586 silen-
3695 1539 3701 1545 '

2047 1621 2192 1676 tium
2222 1620 2409 1691 elegit.
2441 1619 2720 1689 Scriptum
2747 1619 2897 1673 enim
2927 1627 3046 1672 est:
3073 1617 3242 1689 Super
3276 1637 3430 1691 quem
3460 1623 3626 1690 respi-

2050 1715 2212 1776 ciam,
2254 1713 2357 1766 nisi
2407 1727 2568 1782 super
2617 1709 2868 1764 humilem
2891 1720 2939 1765 et
2972 1713 3210 1781 quietum
3264 1728 3358 1766 seu
3409 1714 3629 1788 tacitum

2056 1805 2194 1877 (Isa.
2224 1820 2370 1868 ωινι,
2387 1803 2478 1872 2)?

2125 1895 2236 1962 Qui
2269 1895 2455 1950 salvus
2476 1907 2597 1948 esse
2627 1890 2928 1958 desiderat,
2960 1892 3302 1964 paupertatis
3326 1907 3392 1948 ac
3423 1891 3632 1947 silentii

2055 1987 2236 2042 cultor
2264 1985 2515 2040 exsistat.

2125 2077 2419 2147 Apollonii.
2442 2078 2719 2149 —Magna
2748 2077 2943 2134 sedulo
2984 2075 3302 2131 adhibenda
3346 2073 3636 2146 diligentia

2057 2177 2165 2234 est,
2192 2175 2255 2222 ut
2286 2183 2352 2222 ea
2383 2167 2613 2224 minime
2645 2168 2914 2239 loquaris,
2957 2182 3080 2237 quae
3116 2182 3227 2221 non
3273 2166 3426 2235 loqui
3453 2165 3632 2220 decet.

2059 2260 2300 2316 Omnino
2329 2260 2478 2315 enim
2529 2260 2729 2315 insulsi
2775 2268 2862 2315 est
2902 2268 2956 2314 el
2989 2257 3412 2328 indisciplinati,
3467 2256 3639 2310 silen-

2059 2353 2199 2408 tium
2227 2353 2334 2408 sibi
2366 2353 2615 2410 indicere
2646 2371 2756 2409 non
2785 2369 2967 2424 posse,
3011 2352 3107 2409 sed
3137 2369 3260 2424 qua:
3293 2369 3404 2407 non
3435 2366 3640 2407 conve-

2060 2439 2178 2493 niat
2215 2439 2436 2510 garrulo
2460 2455 2558 2496 ore
2581 2441 2823 2497 ell‘utire.

2129 2530 2229 2586 Vir
2254 2531 2497 2600 sapiens,
2531 2533 2695 2587 etiam
2727 2533 2860 2587 dum
2883 2532 3029 2597 silet,
3063 2532 3237 2588 Deum
3261 2533 3522 2598 honorat,
3543 2532 3638 2602 qui

2060 2628 2119 2676 et
2147 2621 2289 2676 sciat
2315 2621 2678 2693 quamobrem
2700 2623 2882 2678 sileat.

2133 2711 2412 2769 Plutarch.
2461 2702 2705 2781 -—'Qua2
2737 2715 2878 2770 velis
2901 2715 3125 2779 silentio
3161 2715 3378 2781 haberi,
3432 2715 3642 2770 nemini

2061 2803 2308 2870 dixeris;
2332 2812 2430 2858 aut
2459 2806 2740 2874 quomodo
2773 2805 2843 2860 al)
2866 2805 2976 2860 alio
3009 2805 3218 2860 silentii
3251 2805 3414 2860 [idem
3447 2806 3640 2876 exigis,

2065 2911 2231 2966 quam
2263 2905 2322 2951 tu
2354 2897 2474 2966 ipse
2505 2897 2606 2952 tibi
2640 2913 2754 2952 non
2793 2897 3139 2952 servaveris?

2136 2987 2311 3042 Silere
2334 3003 2446 3042 non
2483 2989 2649 3043 modo
2703 2989 2852 3044 sitim
2889 2988 3170 3059 prohibet,
3203 2997 3263 3043 ut
3311 2989 3388 3044 ait
3438 2987 3646 3058 Hippo-

2068 3088 2270 3145 crates,
2295 3095 2490 3135 verum
2515 3081 2685 3137 etiam
2707 3080 2848 3136 nihil
2878 3081 3177 3136 molestum
3208 3096 3518 3150 expersque
3547 3080 3647 3134 do-

1989 3141 2038 3204 c
2065 3170 2203 3226 loris
2225 3141 2336 3226 est.

2132 3261 2537 3318 lenm—Cum
2570 3264 2819 3335 hospites
2849 3265 3074 3335 quidam
3103 3266 3158 3320 in
3191 3264 3448 3320 convivio
3471 3265 3648 3319 Zeno-

2063 3367 2194 3406 nem
2223 3351 2458 3407 hilarius
2482 3355 2846 3424 accipientes,
2883 3370 3124 3425 eumque
3155 3355 3371 3425 poculis
3404 3355 3646 3408 invitan-

2063 3451 2167 3508 tes,
2204 3443 2432 3498 tacitum
2480 3443 2938 3514 interrogassent,
2984 3447 3118 3516 quid
3160 3446 3228 3499 de
3268 3461 3327 3501 se
3359 3445 3473 3515 regi
3505 3461 3651 3498 nun-

2065 3530 2192 3584 tiari
2215 3529 2423 3585 vellet:
2458 3531 2607 3586 Nihil
2629 3532 2802 3597 aliud,
2834 3532 3212 3603 inquit,quam
3251 3534 3458 3600 versari
3485 3533 3652 3587 Athe-

2075 3619 2164 3673 nis
2191 3634 2404 3687 senem,
2433 3621 2532 3691 qui
2569 3621 2627 3676 in
2674 3623 3085 3694 compotatione
3131 3624 3309 3694 possit
3365 3624 3651 3678 silentium

2076 3722 2286 3768 tenere.

2147 3812 2489 3867 Anacharsis.
2508 3844 2579 3854 —
2604 3814 2704 3868 Hic
2725 3830 2756 3868 a
2787 3813 2989 3870 Solone
3020 3815 3185 3884 epulo
3218 3825 3500 3886 acceptus,
3528 3822 3654 3870 cum

2075 3913 2134 3954 se
2165 3899 2415 3955 cubitum
2442 3903 2769 3972 recepisset,
2803 3903 2885 3958 sic
2913 3905 3257 3974 compositus
3279 3907 3658 3976 deprehensus

2073 3995 2180 4054 est,
2215 3998 2277 4044 ut
2312 3990 2542 4046 sinistra
2570 4008 2770 4048 manus
2791 3994 3072 4058 verendis,
3105 3993 3330 4049 dextera
3362 3995 3445 4049 ori
3485 3996 3661 4066 impo-

2075 4081 2178 4136 sita
2206 4090 2378 4138 esset.
2403 4083 2614 4154 Nempe
2645 4084 2861 4141 fortiori
2908 4085 3066 4141 freno
3110 4085 3352 4157 linguam
3413 4087 3660 4158 indigere

2074 4173 2328 4242 putabat.

1919 4323 2151 4382 NOTAE.

473 4447 550 4520 (Ir)
590 4446 708 4520 Ίζὴτ
729 4444 1015 4520 ἡσυῃέαν.
1046 4447 1297 4520 Hesysh;
1314 4448 1481 4505 etiam
1521 4446 1760 4519 ἐρημίαν
1795 4456 1961 4520 epr

2077 4441 2200 4520 liori
2226 4441 2556 4520 quandoque
2599 4443 2935 4520 (abulatione
2963 4445 3297 4520 rumpendo,
3324 4445 3397 4507 iis,
3419 4461 3655 4520 praeser-

401 4510 837 4589 nit‘;'redditq_ue
858 4510 1054 4589 Cicero
1082 4510 1225 4587 apud
1257 4510 1680 4589 Xenophantein
1724 4510 1970 4589 solitudi-

404 4606 544 4649 nem.
573 4601 676 4658 nec
701 4585 904 4658 _r_n_irum
929 4583 1256 4658 Christianae
1284 4583 1652 4658 philosophiae
1697 4583 1976 4658 professo~

405 4674 514 4723 res,
538 4655 636 4726 qui
657 4654 779 4726 sibi
810 4656 1056 4726 aisaaculi
1096 4658 1264 4712 rebus
1284 4652 1642 4712 'vacatio'nem
1682 4652 1738 4710 et
1799 4652 1976 4707 otium

439 4725 740 4785 ecul’iarius
769 4725 1111 4789 indixerunt,
1148 4735 1206 4781 ut
1230 4727 1323 4780 uni
1352 4726 1464 4781 Deo
1498 4726 1719 4794 sibique
1753 4731 1975 4794 vacent,

443 4814 509 4853 oc
561 4795 668 4851 sibi
719 4809 920 4848 nomen
963 4811 1277 4865 usurpasse,
1335 4797 1404 4851 ad
1459 4793 1780 4865 solitudinis
1825 4793 1976 4865 illam

402 4869 648 4939 quietem
680 4865 936 4939 religioso
966 4863 1216 4939 cultuiget
1261 4867 1484 4939 silentio
1530 4863 1975 4939 significandam,

405 4935 472 4993 ex
497 4953 603 5007 qua
632 4945 688 5007 et
719 4935 1058 5007 Ἠίσυχαστα)
1089 4935 1242 5000 dicti,
1274 4937 1380 5006 qui.
1403 4936 1482 4990 sic
1523 4935 1758 4991 solitarii
1785 4943 1975 5007 agunt,

405 5003 582 5074 eoque
610 5005 834 5061 silentio
863 5003 922 5060 se
946 5005 1049 5073 ipsi
1077 5020 1242 5074 supra
1272 5003 1332 5062 se
1387 5007 1598 5068 levant,
1624 5015 1682 5061 et
1730 5003 1978 5074 proxime

406 5024 472 5063 80
516 5024 582 5062 ue
610 5024 834 5061 Silenllo
863 5024 922 5060 se
946 5024 1049 5073 ψει
1077 5024 1242 5074 supra
1272 5024 1332 5062 SC
1389 5024 1598 5068 levant,
1624 5024 1682 5061 ει
1730 5024 1978 5074 ιποιηηϐ

406 5024 729 5133 cagestibus
773 5075 1059 5130 mentibus
1102 5075 1289 5130 divina
1346 5076 1814 5144 contemplatione
1851 5074 1979 5142 jun-

482 5155 640 5201 ntur:
669 5162 701 5200 a
721 5161 832 5216 quo
851 5160 953 5216 nec
968 5145 1147 5214 ipsum
1186 5146 1436 5200 monachi
1463 5161 1665 5200 nomen
1693 5145 1975 5216 abhorret.

449 5217 500 5271 ic
523 5217 670 5270 enim
693 5213 819 5279 soli,
855 5215 941 5284 vel
989 5213 1115 5269 eum
1171 5215 1482 5277 cmnobitm,
1525 5223 1583 5269 et
1621 5213 1976 5284 Ἠσυχασταΐ,

407 5287 504 5356 qui
539 5286 818 5356 silentium
851 5283 1014 5356 unice
1045 5285 1249 5356 colant,
1282 5300 1347 5356 ac
1379 5286 1568 5356 mundi
1592 5283 1772 5356 icuris
1819 5283 1977 5356 vacui

405 5353 693 5411 exsistant.
719 5355 897 5410 Etiam
942 5354 1314 5424 Pythagorici,
1355 5355 1502 5424 quod
1559 5354 1664 5409 sibi
1695 5353 1976 5424 silentium

451 5428 589 5481 rimo
637 5425 901 5496 tirocinio
948 5423 1313 5496 indicebant,
1374 5423 1616 5496 ἡσυχίαν
1676 5423 1974 5496 vocabant.

439 5505 592 5550 .aert.
650 5494 957 5565 πενταετὴς
987 5491 1629 5565 ἡσυχίαλῐῖυθαγορείωνκ
1660 5492 1818 5565 Apud
1868 5491 1980 5545 Lu-

409 5568 552 5621 cian.
585 5565 650 5620 de
674 5563 1116 5635 eodcmrsilentio
1141 5581 1157 5635 ς
1193 5563 1655 5635 Ἡσυχίημακρᾼὴ,
1697 5564 1980 5635 sagacem:

411 5637 520 5696 νία,
551 5636 642 5688 καὶ
673 5639 834 5688 πέντε
869 5634 1006 5686 ὅλων
1065 5634 1228 5686 ἐτέων
1275 5631 1485 5687 λαλέειν
1523 5631 1712 5704 μηδέν.
1765 5631 1856 5704 Sic
1900 5631 1978 5685 illi

410 5706 604 5776 primae
659 5704 977 5776 disciplinae_
995 5704 1380 5776 superstitioso
1430 5704 1495 5758 ad
1528 5701 1704 5776 annos
1734 5701 1979 5776 quinque

411 5772 670 5834 silentio:
703 5772 880 5830 nostri
915 5772 981 5827 ad
1005 5787 1223 5827 omnem
1262 5775 1431 5828 vitam
1455 5783 1510 5828 et
1549 5773 1830 5845 religioso,
1867 5773 1979 5827 uti-

2076 4511 2363 4585 tim,i:qui
2416 4511 2622 4585 Christi
2676 4525 2746 4585 et
2801 4511 3179 4585 apostolorum
3248 4516 3373 4570 vita:
3419 4511 3666 4584 propius

2081 4582 2625 4656 aemuli,’institutum
2653 4582 2891 4649 habent,
2922 4587 3127 4640 nedum
3154 4595 3216 4639 ut
3265 4582 3488 4656 silentio
3525 4582 3662 4639 con-

2081 4653 2440 4724 templentur,
2500 4653 2594 4708 sed
2657 4655 2927 4710 utetiam
2983 4653 3372 4724 contemplata
3411 4670 3666 4709 sermone

2082 4723 2341 4803 tradant,
2367 4724 2760 4803 praecipueque
2795 4726 3074 4803 episcopis
3119 4723 3351 4803 munere
3383 4726 3667 4794 adjutores

2079 4794 2371 4866 essistant,
2402 4809 2522 4866 eam
2551 4794 2607 4848 in
2639 4811 2754 4850 rem
2780 4794 3288 4866 cunctis'aptiores,
3313 4809 3480 4866 quoa
3509 4810 3668 4848 mun-

2081 4860 2137 4914 di
2160 4862 2276 4936 sal_o
2310 4865 2655 4936 remotior-es,
2677 4867 2908 4936 ejusque
2939 4860 3141 4929 securi,
3167 4881 3235 4920 eo
3263 4860 3664 4936 periclitantes.

2081 4932 2362 4987 saecularis
2399 4933 2613 4989 militia:
2637 4932 2788 4990 viros
2816 4932 2885 4991 'et
2923 4937 3187 4991 mulieres
3245 4932 3428 4989 omnis
3467 4942 3664 4995 status.
3689 4948 3696 4959 -'

2080 5016 2357 5073 propense
2385 5005 2615 5073 juvant:
2650 5021 2774 5059 cum
2809 5005 3036 5061 mallent
3095 5015 3278 5059 tacere
3311 5004 3548 5073 unisque
3579 5003 3702 5058 di»-

2082 5071 2226 5126 Vinis
2250 5071 2494 5143 impendi
2522 5074 2782 5130 laudibus
2840 5090 2903 5130 ac
2936 5071 3524 5144 contemplationibus,
3557 5073 3664 5144 nisi

2083 5156 2243 5221 secus
2273 5144 2553 5221 suaderet,
2578 5153 2634 5199 et
2665 5153 3075 5221 vero_cogeret._
3115 5143 3395 5221 charitas;
3430 5143 3670 5221 concilia

2083 5213 2214 5284 item
2267 5214 2568 5284 generalia,
2618 5213 2932 5284 summique
2964 5213 3244 5269 antistites
3290 5213 3667 5284 necessarium

2083 5280 2196 5360 sibi.
2219 5280 2528 5338 subsidium
2545 5280 2872 5360 duxissent}
2889 5293 2956 5360 et_
2969 5300 3103 5340 vero
3127 5284 3222 5360 qui
3252 5298 3394 5338 onus
3421 5283 3552 5360 satis
3580 5283 3670 5360 in:

2084 5350 2355 5421 telligant,
2410 5369 2747 5421 suorumque
2796 5353 2980 5419 saluti,
3036 5350 3160 5409 nou'
3206 5354 3448 5407 humano
3499 5353 3666 5407 fastui

2084 5421 2362 5485 studeant,
2395 5423 2587 5477 sedulo
2611 5421 2949 5489 adhibeant;
2980 5440 3084 5479 nec
3109 5423 3241 5478 hinc
3295 5423 3667 5478 hierarchiam

2085 5491 2365 5564 solvi,sed
2386 5491 2593 5564 fulciri,
2630 5504 2709 5564 ut
2758 5493 2920 5564 ﬁnem
2966 5503 3314 5564 assequatur,
3352 5493 3529 5564 probe
3581 5493 3669 5546 iu-

2088 5560 2368 5630 telligant;
2440 5563 2590 5616 velut
2631 5563 2807 5617 ‘etiam
2865 5563 3071 5619 divinis
3109 5560 3570 5618 ’revelati'onihus
3615 5565 3672 5616 in

2087 5630 2376 5755 fragﬁisco
2415 5640 2470 5688 et
2512 5633 2819 5702 Dominico,
2850 5636 3018 5690 semel
3051 5644 3105 5690 et
3138 5635 3342 5689 iterum
3381 5634 3530 5689 Deus
3581 5646 3674 5686 os-

2115 5715 2181 5755 en
2227 5715 2240 5753 ι
2275 5741 2287 5754 .

2115 5715 2287 5757 εηαιι.
