3990 6176
418 234 523 299 849

1717 222 1890 283 LOCI
1928 219 2368 283 COMMUNES.

3460 224 3467 233 '
3572 217 3687 282 850

503 341 892 407 ὐνειδίζοντος
938 335 1087 406 αὐτῷ
1124 352 1295 402 τινος,
1325 336 1409 390 ὅτι
1454 334 1517 389 τὸ
1560 333 1733 404 στόμα
1758 329 1995 394 δυσῶδες

2167 331 2547 401 Exprobrantc
2564 330 2802 401 quodam
2824 330 2971 402 quod
3004 345 3100 387 ore
3123 330 3294 388 fetido
3315 340 3482 399 esset,
3514 335 3679 397 Sane.

418 437 563 510 εἶχει
601 435 780 491 Πολλὰ
811 431 943 505 γὰρ,
977 426 1155 497 εἶπεν,
1188 427 1341 499 αὐτῷ
1382 427 1493 481 τῶν
1530 426 1863 497 ἀπορρήτων
1901 421 1996 489 ὲγ-

419 547 551 584 κατε
560 528 728 599 σάπῃ.

971 700 1191 754 ΛΟΓΟΣ
1229 700 1340 753 KA’
1377 700 1444 753 ‘°.

602 792 744 863 Περὶ
773 792 1375 863 πολυπραγμοσύνης
1404 789 1504 844 καὶ
1528 787 1814 857 ἡσυχίας.

491 997 675 1048 Λουκ.
724 996 778 1043 ι’.
807 1019 878 1031 --
922 988 1145 1059 Μ’άρθα,
1181 986 1407 1057 Μάρθα,
1443 985 1712 1058 μεριμνᾷς
1738 983 1834 1037 καὶ
1869 998 2001 1053 τυρ-

421 1083 563 1154 ὂάζῃ
592 1082 723 1149 περὶ
757 1078 951 1133 πολλά.
996 1077 1145 1141 Ἐνὸς
1192 1076 1250 1130 δέ
1300 1077 1419 1129 ἐστι
1475 1075 1665 1147 χρεία·
1706 1073 1898 1145 Μαρία
1939 1072 1999 1126 δὲ

418 1174 518 1243 τὴν
546 1172 760 1241 ἀγαθὴν
798 1169 992 1241 μερίδα
1019 1168 1321 1234 ἐξελέξατο,
1353 1168 1476 1238 ἦτις
1503 1168 1604 1220 οὐκ
1633 1163 2001 1237 ἀφαιρεθήσε-

417 1284 509 1319 ται
547 1264 643 1318 ἀπ’
667 1264 859 1334 αὐτῆς.

488 1360 551 1412 A'
575 1358 714 1410 Θεσ.
738 1351 1198 1424 ὄϊς-Παρακαλῶ
1223 1347 1319 1406 οῦν
1345 1352 1512 1421 ὑμᾶς,
1547 1349 1789 1420 ἀδελφοὶ,
1813 1338 2000 1422 περισέ

419 1448 600 1502 σεύειν
666 1446 868 1515 μᾶλλον
919 1447 1015 1499 καὶ
1063 1443 1469 1514 φιλοτιμεῖσθαι
1520 1443 1846 1514 ἡσυχάζειν,
1902 1442 1998 1496 καὶ

419 1541 776 1613 πράσσειντά
805 1540 933 1603 ἴδια,
960 1537 1055 1592 καὶ
1084 1535 1413 1605 ἐργάξεσθαι
1442 1538 1562 1599 ταῖς
1594 1535 1785 1607 χερσὶν
1818 1534 1995 1606 ὑμῶν.

2101 420 2199 487 ait,
2226 421 2399 476 multa
2430 421 2489 476 in
2518 437 2587 477 eo
2617 428 2829 478 secreta
2858 431 3275 493 computruere.

2680 689 2914 747 SERMO
2949 691 3090 747 XXI.

2101 777 2181 833 De
2229 780 2535 834 curiositate
2584 782 3020 852 negotiorumque
3073 784 3471 851 sollicitudine,
3523 796 3571 840 et
3619 790 3680 841 de

2452 852 2623 919 quiete
2655 859 2816 921 atque
2850 852 2915 905 ab
2944 854 3016 907 eis
3040 856 3335 909 vacatione.

2171 983 2297 1038 Luc.
2332 1000 2386 1049 κ,
2424 984 2513 1040 ﬂ.
2551 1015 2623 1025 —
2650 984 2884 1051 Martha,
2916 986 3129 1043 Martha
3188 988 3435 1046 sollicita
3481 1006 3564 1058 es,
3626 1002 3684 1047 ct

2102 1077 2349 1133 turbaris
2373 1092 2503 1148 erga
2553 1077 2813 1148 plurima.
2842 1079 3018 1135 Porro
3072 1096 3249 1139 unum
3295 1091 3383 1138 est
3421 1099 3681 1139 necessa-

2100 1168 2269 1223 rium.
2304 1169 2471 1225 Maria
2500 1170 2764 1241 optimam
2788 1180 2999 1241 partem
3020 1172 3209 1240 elegit.
3236 1189 3361 1243 quae
3387 1190 3498 1229 non
3523 1176 3679 1233 aufe-

2100 1273 2257 1319 retur
2283 1264 2354 1320 ab
2389 1278 2478 1320 ea.

2172 1355 2203 1409 1
2231 1355 2406 1410 Thess.
2438 1371 2513 1422 iv,
2556 1357 2647 1410 il.
2680 1385 2750 1396 —
2775 1355 2930 1427 Rogo
2961 1354 3147 1425 itaque
3192 1369 3315 1421 vos,
3362 1355 3577 1421 fratres,
3622 1367 3686 1412 ut

2104 1446 2402 1503 abundetis
2440 1447 2616 1518 magis
2644 1487 2659 1513 ,
2687 1454 2746 1503 et
2788 1461 3016 1517 operam
3041 1446 3186 1502 detis
3216 1455 3279 1502 ut
3326 1447 3500 1517 quieti
3538 1448 3679 1513 sitis,

2101 1547 2157 1595 et
2187 1540 2497 1611 operamini
2529 1538 2790 1596 manibus
2829 1539 3052 1596 vestris.

502 1634 650 1697 Ἰὼϐ,
682 1639 776 1689 ια’.
830 1620 919 1673 -’
941 1630 1292 1701 Ἦσυχάσεις,
1328 1629 1423 1683 καὶ
1452 1629 1553 1682 οὐκ
1590 1605 1745 1683 ἔσται
1776 1628 1806 1681 ὁ
1835 1605 1996 1681 πολε-

2169 1605 2268 1686 Job
2319 1646 2396 1697 ιιι,
2427 1632 2514 1687 15.
2546 1631 2923 1698 —Quiesces,
2973 1639 3171 1687 etnon
3213 1632 3323 1688 erit
3373 1632 3470 1702 qui
3507 1647 3691 1703 oppu-

421 1740 540 1793 μων
570 1737 654 1775 σε.

501 1813 649 1879 Ἰὼϐ,
693 1812 807 1867 .10'.
870 1842 941 1852 —
993 1810 1326 1880 Καταγελῶν
1380 1808 1706 1880 πολυοχλίαν
1765 1808 1996 1875 πόλεως,

421 1903 631 1973 μέμψιν
655 1900 953 1972 φορολόγου
982 1901 1084 1953 οὐκ
1119 1899 1335 1953 ἀκούει.

487 1998 672 2066 Σιρὰχ
728 2004 821 2051 ια’.
852 2025 920 2035 -
974 1996 1197 2071 Τέκνον,
1236 1996 1312 2064 μὴ
1360 1994 1491 2065 περὶ
1528 1993 1700 2047 πολλὰ
1753 1992 1997 2048 ἔστωσαν

420 2091 477 2143 αἱ
532 2086 763 2161 πράξεις
826 2105 955 2143 σουο
998 2087 1095 2142 ἐὰν
1146 2086 1257 2158 γὰρ
1313 2085 1616 2159 πληθύνῃς,
1665 2088 1768 2141 οῦκ
1819 2085 1997 2151 ἀθῶος

418 2182 538 2255 ἔσῃ.

489 2274 834 2329 Βασιλείου.
870 2303 940 2318 --
971 2274 1183 2342 Ὥσπερ
1214 2271 1325 2342 γὰρ
1353 2271 1423 2324 τά
1471 2270 1638 2343 θηρία
1688 2270 1999 2341 εὐκαταγιῖκ

419 2368 578 2421 νιστά
636 2370 743 2421 είσι
789 2364 1251 2438 καταψηχθέντα”
1317 2355 1492 2429 οὕτως
1566 2364 1855 2436 ἐπιθυμίαι
1901 2365 1997 2420 καὶ

417 2462 581 2531 ὀργαὶ
620 2460 714 2514 καὶ
761 2458 914 2528 φόϐοι
963 2458 1060 2511 καὶ
1084 2456 1273 2518 λύπαι,
1324 2458 1393 2510 τὰ
1453 2457 1633 2511 ἰοϐόλα
1673 2458 1773 2529 τῆς
1817 2458 1999 2529 ψυχῆς

421 2552 589 2618 κακὰ,
633 2551 1071 2607 κατευνασθέντα
1110 2552 1198 2605 διὰ
1238 2552 1337 2623 τῆς
1368 2551 1622 2623 ἡσυχίας,
1653 2550 1748 2604 καὶ
1803 2550 1879 2622 μὴ
1910 2549 1998 2616 ἐξ·

420 2643 820 2715 ἀγριαινόμενα
875 2641 951 2713 τῷ
991 2644 1209 2713 συνεχεῖ
1261 2642 1566 2715 ἐρεθισμῷ,
1621 2643 1998 2712 εὐκαταγωνι-

424 2734 649 2804 στότερα
684 2736 750 2807 τῇ
787 2734 1016 2806 δυνάμει
1040 2735 1136 2789 τοῦ
1167 2736 1329 2805 λόγου
1361 2736 1590 2805 γίνεται.

503 2822 734 2895 Ἡσυχία
802 2822 897 2878 οῦν
944 2824 1089 2898 ἀρχὴ
1136 2825 1460 2897 καθάρσεως
1507 2827 1575 2898 τῇ
1630 2824 1800 2897 ψυχῇ,
1857 2826 1994 2897 μήτε

422 2913 675 2986 γλώσσης
700 2914 972 2985 λαλούσης
997 2915 1069 2969 τὰ
1100 2916 1212 2970 τῶν
1238 2916 1565 2989 ἀνθρώπων,
1609 2919 1749 2989 μήτε
1798 2916 1999 2987 ὀφθαλ-
2024 2942 2068 3002 C

422 3008 539 3081 μῶν
587 3008 846 3079 εὐχροίας
895 3008 1166 3079 σωμάτων
1197 3009 1292 3063 καὶ
1334 3008 1678 3081 συμμετρίας
1736 3026 1996 3080 περισκο-

422 3100 689 3166 πούντων,
727 3100 866 3171 μήτε
894 3100 1063 3171 ἀκοῆς
1096 3100 1188 3154 τὸν
1222 3101 1378 3154 τόνον
1423 3100 1523 3172 τῆς
1565 3100 1743 3172 ψυχῆς
1770 3100 1997 3155 ἐκλυού-

423 3210 524 3265 σης
556 3194 616 3246 ἐν
644 3192 908 3264 ἀκροάσει
948 3193 1128 3265 μελῶν
1153 3193 1291 3265 πρὸς
1330 3194 1525 3264 ἡδονὴν
1568 3193 1955 3265 πεποιημένων
1976 3211 1993 3227 ⁶

423 3286 560 3356 μήτε
612 3287 854 3359 ῥήμασιν
880 3286 1232 3357 εὐτραπέλων
1278 3287 1372 3340 καὶ
1414 3284 1748 3354 γελοιαστῶν
1788 3284 1997 3356 ἀνθρώ-

422 3395 561 3442 πων,
586 3378 614 3431 ὃ
646 3378 881 3448 μάλιστα
920 3377 1069 3430 λύειν
1098 3377 1199 3446 τῆς
1224 3376 1406 3448 ψυχῆς
1430 3376 1522 3430 τὸν
1545 3376 1699 3430 τόνον
1728 3375 1992 3445 πέφυκεν.

489 3551 635 3616 Νοῦς
687 3552 787 3621 μὲν
837 3551 947 3623 γὰρ
997 3552 1071 3626 μὴ
1132 3552 1559 3624 σκεδαννύμενος
1608 3552 1700 3606 ιτει
1745 3553 1814 3606 τὰ
1866 3552 1990 3619 ἔξω,

425 3644 559 3714 μηδὲ⁹
585 3644 691 3697 ὑπὸ
719 3642 829 3698 τῶν
854 3643 1227 3716 αἰσθητηρίων
1271 3644 1363 3697 ἐπὶ
1408 3644 1501 3699 τὸν
1538 3644 1743 3716 κόσμον
1784 3643 1995 3714 διαχεό-

425 3752 603 3801 μενος,
630 3736 880 3789 ἐπάνεισι
911 3735 1011 3807 μὲν
1037 3736 1174 3806 πρὸς
1204 3736 1395 3789 ἑαυτόν
1414 3751 1427 3765 ·
1456 3734 1524 3789 δι’
1554 3734 1748 3789 ἑαυτοῦ
1774 3734 1832 3788 δὲ
1859 3733 1995 3806 πρὸς

421 3825 519 3895 τὴν
552 3826 681 3895 περὶ
710 3822 846 3878 Θεοῦ
875 3824 1086 3879 ἔννοιαν
1115 3823 1397 3879 ἀναϐαίνει
1417 3842 1430 3856 ·
1461 3824 1702 3896 κάκείνῳ
1730 3825 1808 3896 τῷ
1856 3823 1993 3879 κάλ-

420 3915 503 3967 λει
538 3913 1021 3985 περιλαμπόμενός
1047 3930 1108 3966 τε
1156 3915 1250 3968 καὶ
1286 3913 1717 3985 ὲλλαμπόμενος,
1763 3913 1861 3966 καὶ
1898 3914 1996 3968 αὐ·-

421 4008 520 4077 τῆς
550 4005 649 4074 τῆς
678 4005 895 4075 φύσεως
926 4004 1098 4075 λήθην
1127 4004 1414 4075 λαμϐάνειν
1449 4006 1589 4075 μήτε
1622 4005 1759 4076 πρὸς
1788 4004 1994 4076 τροφῆς

422 4096 699 4166 φροντίδα,
759 4098 897 4167 μήτε
944 4096 1079 4166 πρὸς
1129 4095 1496 4166 περιδολαίων
1550 4096 1843 4169 μέριμναν,
1893 4094 1993 4166 τὴν

418 4187 598 4259 ψυχὴν
621 4186 1019 4259 καθελκόμενος
1043 4203 1056 4217 ·
1095 4186 1231 4241 ἀλλὰ
1276 4186 1471 4258 σχολὴν
1502 4186 1611 4241 ἀπὺ
1651 4186 1762 4240 τῶν
1789 4185 1993 4256 γηίνων

2099 1731 2229 1793 gnet
2252 1732 2330 1779 te.

2167 1814 2267 1869 Job
2315 1829 2501 1881 nux,
2540 1817 2592 1870 7.
2623 1846 2694 1856 —
2736 1815 2982 1871 lrridens
3022 1816 3237 1872 turbam
3273 1817 3517 1874 civitatis
3540 1858 3555 1882 ,
3595 1834 3682 1873 rc-

2098 1906 2530 1976 prehensionem
2562 1907 2835 1962 cxactoris
2863 1902 2977 1963 non
3004 1908 3182 1965 audit.

2172 1997 2336 2053 Eccli.
2372 2015 2448 2062 τι,
2485 1984 2572 2053 f0.
2596 1998 2813 2065 -—Fili,
2858 2014 2930 2055 ne
2966 2000 3115 2055 circa
3145 2001 3324 2057 multa
3368 2001 3481 2059 sint
3521 2011 3682 2058 actus

2101 2089 2182 2145 tui
2213 2107 2226 2143 :
2263 2090 2309 2145 si
2343 2090 2491 2146 enim
2518 2091 3000 2161 multiplicaveris,
3025 2092 3220 2148 insons
3250 2108 3364 2148 non
3393 2094 3525 2149 eris.

2173 2265 2383 2322 Basilii.
2410 2294 2480 2307 -ι-
2506 2266 2576 2322 Ut
2612 2267 2763 2323 enim
2803 2267 2997 2323 bestia:
3017 2267 3064 2322 si
3094 2267 3441 2325 defricentur
3485 2286 3547 2326 ac
3582 2270 3685 2327 de-

2099 2359 2473 2424 mulceantur,
2523 2359 2686 2415 facile
2731 2368 3150 2430 expugnantur;
3190 2360 3273 2417 sic
3308 2360 3681 2430 cupiditates,

2101 2451 2220 2516 irae,
2245 2452 2476 2511 timores
2504 2492 2519 2517 ,
2573 2451 2812 2518 dolores,
2838 2459 3113 2511 venenata
3157 2453 3326 2509 animi
3376 2455 3540 2519 mala,
3576 2471 3677 2510 va-

2099 2543 2317 2599 catione
2346 2559 2412 2600 ac
2452 2544 2674 2599 silentio
2705 2552 2873 2616 atque
2903 2544 3022 2600 otio
3060 2546 3372 2616 consopita,
3433 2561 3539 2607 nec
3560 2547 3680 2617 iugi

2099 2634 2466 2706 proritation‘e
2515 2635 2778 2703 efferata,
2832 2635 2888 2692 vi
2942 2635 3178 2693 rationis
3234 2637 3458 2699 facilius
3536 2638 3678 2694 edo-

2099 2724 2244 2783 mari
2272 2733 2525 2795 possunt.

2170 2816 2340 2885 Quies
2369 2818 2538 2889 igitur
2566 2825 2626 2874 et
2648 2820 2865 2877 vacatio
2894 2834 2993 2879 seu
3025 2820 3222 2889 otium,
3265 2820 3681 2879 emundationis

2100 2909 2300 2966 animas
2317 2909 2660 2981 principium
2697 2919 2805 2977 est,
2854 2927 2983 2968 cum
3010 2927 3192 2983 neque
3219 2911 3406 2983 lingua
3439 2925 3529 2967 res
3574 2911 3680 2965 bu-

2100 3013 2291 3054 manas
2312 2997 2581 3069 loquitur,
2628 3015 2734 3055 nec
2759 3000 2909 3056 oculi
2959 3002 3210 3057 colorum
3250 3000 3408 3056 fucos
3439 3006 3681 3069 apteque

2100 3084 2367 3156 disposita
2420 3101 2486 3142 ac
2530 3088 2803 3144 concinna
2852 3090 3186 3162 corporibus
3225 3089 3474 3149 membra
3503 3089 3681 3160 dispi-

2099 3176 2274 3241 ciunt,
2302 3192 2409 3234 nec
2434 3194 2598 3235 aures
2619 3181 2790 3237 animi
2819 3188 3071 3238 tenorem
3088 3181 3333 3245 solvunt,
3381 3180 3707 3237 audiendis‘

2098 3268 2332 3327 canticis
2358 3270 2429 3326 ad
2456 3272 2796 3342 voluptatem
2822 3273 3145 3339 modulatis,
3181 3280 3279 3329 aut
3319 3273 3487 3329 dictis
3519 3287 3678 3333 scur-

2099 3359 2295 3418 rilibus
2338 3376 2403 3417 ac
2452 3362 2703 3419 ridiculis
2732 3405 2745 3429 ,
2799 3380 2924 3435 quae
2980 3366 3154 3420 animi
3213 3364 3546 3435 gravitatem
3589 3366 3676 3422 vel

2096 3452 2334 3507 maxime
2358 3453 2566 3510 elidere
2593 3470 2658 3511 ac
2673 3455 3007 3511 labefactare
3029 3457 3228 3511 solent.
3615 3444 3618 3446 ’

2171 3543 2318 3601 Mens
2335 3546 2484 3601 enim
2507 3560 2635 3601 cum
2660 3546 2728 3603 ad
2760 3562 2849 3603 res
2905 3555 3165 3604 externas
3201 3564 3313 3605 non
3355 3549 3675 3619 dissipetur,

2098 3649 2204 3689 nec
2231 3649 2262 3689 a
2298 3636 2555 3693 sensibus
2578 3637 2647 3692 ad
2683 3652 2749 3692 ea
2780 3654 2903 3709 quae
2942 3640 3132 3694 saeculi
3162 3649 3295 3695 sunt
3341 3651 3678 3712 terrenaque

2096 3726 2456 3794 diffunditur,
2487 3730 2556 3784 ad
2588 3730 2829 3802 seipsam
2863 3730 3186 3798 revertitur,
3222 3748 3288 3787 ac
3334 3748 3434 3803 per
3465 3748 3526 3788 se
3559 3735 3683 3805 ipsa

2096 3822 2166 3877 ad
2208 3821 2306 3876 Dei
2331 3820 2585 3877 ascendit
2611 3820 3077 3893 intelligentiam;
3111 3838 3223 3893 quo
3270 3821 3533 3879 videlicet
3557 3825 3675 3879 col-

2096 3915 2330 3969 lustrata
2360 3911 2659 3983 splendore
2694 3928 2759 3969 ac
2812 3912 3185 3980 circumfusa,
3240 3914 3421 3986 ipsius
3452 3931 3677 3987 quoque

2095 4014 2308 4060 naturae
2330 4003 2719 4069 obliviscitur;
2747 4002 2913 4075 599
2929 4020 3041 4059 non
3063 4005 3313 4060 alimenti
3346 4021 3535 4072 causa,
3563 4022 3677 4062 non

2095 4095 2412 4152 vestimenti
2448 4096 2695 4150 animum
2720 4095 3047 4159 sollicitans,
3079 4095 3177 4151 sed
3230 4098 3469 4153 terrenis
3524 4098 3707 4153 cut-is.

2094 4185 2332 4241 liberata
2363 4225 2379 4252 ,
2427 4184 2672 4241 studium
2707 4200 2873 4241 omne
2898 4194 3067 4256 atque
3094 4186 3322 4257 operam
3348 4188 3416 4242 ad
3471 4190 3677 4256 sempi-

421 4277 719 4349 φροντίδων
753 4277 925 4347 ἄγων,
951 4277 1050 4348 τὴν
1072 4279 1253 4331 πᾶσαν
1285 4277 1483 4330 ἑαυτοῦ
1515 4276 1749 4348 σπουδὴν
1769 4277 1862 4331 ἐπὶ
1889 4277 1987 4348 τὴν

2118 4292 2262 4332 .erna
2291 4276 2439 4330 bona
2472 4275 2843 4345 comparanda
2891 4275 3145 4343 confert;
3186 4277 3470 4347 quomodo
3528 4278 3680 4333 scili-

421 4367 618 4437 κτῆσιν
637 4367 744 4420 τῶν
765 4366 998 4420 αίωνίων
1017 4367 1240 4436 ἀγαθῶν
1269 4367 1615 4438 μετατίθησι,
1641 4367 1760 4431 πῶς
1802 4384 1999 4437 κατορ-

421 4456 568 4527 θωθῇ
607 4457 755 4527 αὐτῷ
790 4459 823 4528 ἠ
862 4459 1183 4528 σωφροσύνη
1213 4459 1308 4510 καὶ
1352 4459 1385 4528 ἡ
1429 4457 1653 4529 ἀνδρεία
1678 4474 1692 4489 ⁸
1722 4456 1840 4521 πῶς
1871 4457 1928 4510 δὲ
1963 4459 1997 4527 ἡ

420 4550 736 4619 δικαιοσύνη
771 4550 867 4603 κοιλ⁸
896 4551 928 4620 ἡ
971 4551 1256 4623 φρόνησις,
1292 4549 1385 4603 καὶ
1410 4550 1466 4602 αἱ
1492 4548 1680 4603 λοιπαὶ
1715 4549 1927 4620 ἀρεταί.

504 4642 593 4694 Ἐν
623 4644 735 4704 τοῖς
766 4642 985 4695 ἕλκουσι
1028 4642 1128 4711 τὴν
1155 4640 1336 4712 ψυχὴν
1380 4641 1475 4695 καὶ
1509 4640 1766 4711 ἀσχολίας
1814 4641 1995 4711 βιωτι-

422 4731 524 4794 xi;
554 4730 898 4802 ἐμποιοῦσιν,
926 4732 1313 4805 περιγενέσθαι
1333 4732 1431 4804 τῆς
1453 4732 1716 4786 ἐπιπόνου
1739 4732 1992 4805 μελέτης,

423 4822 723 4891 ἀμήχανον.

496 4912 812 4982 θεολόγον,
836 4944 907 4953 --
934 4916 1053 4987 Χρή
1086 4931 1136 4967 τι
1168 4915 1262 4968 καὶ
1288 4915 1603 4986 ἡσυχάζειν,
1630 4914 1769 4969 ὥστε
1794 4914 1996 4971 ἀθολώ-

425 5019 533 5065 τως
563 5005 915 5075 προσομιλεῖν
943 5008 1023 5076 τῷ
1052 5008 1172 5075 θεῷ
1197 5024 1213 5038 ·
1250 5008 1348 5061 καὶ
1402 5008 1598 5078 μικρὸν
1640 5026 1695 5060 τι
1743 5007 1995 5076 συνάγειν

423 5095 512 5148 τὸν
540 5095 663 5150 νοῦν
698 5097 806 5149 ἀπὸ
834 5097 937 5150 τῶν
980 5097 1328 5154 πλανώντων.

490 5372 779 5445 Τηροῦμεν
819 5374 916 5438 τὰς
949 5375 1195 5445 ἀλλήλων
1225 5377 1524 5453 ἁμαρτίας,
1556 5378 1653 5448 οὐχ
1680 5377 1763 5431 ἵνα
1799 5377 2001 5450 θρηνή-

426 5480 629 5534 σωμεν,
656 5463 772 5517 ἀλλ’
824 5464 890 5518 ἵν’
937 5466 1285 5535 ὀνειδίσωμεν
1308 5482 1319 5497 ·
1362 5467 1483 5521 οὐδὲ
1521 5468 1606 5521 ἵνα
1643 5467 1996 5540 θεραπεύσω·

494 5620 539 5649 δ’
574 5620 665 5675 Est
698 5620 751 5675 in
780 5621 944 5676 Gesn.
981 5621 1134 5676 Stnb.
1179 5624 1267 5678 i9.

2104 4379 2196 4426 cet
2218 4367 2642 4439 temperantiam
2695 4377 2755 4424 et
2797 4368 3222 4433 fortitudinem,
3266 4370 3552 4439 quomodo
3580 4371 3675 4440 ju-

2101 4460 2310 4516 stitiam
2345 4466 2404 4515 et
2455 4457 2807 4530 prudentiam
2835 4499 2851 4523 ,
2883 4468 2951 4519 a‘c
2989 4459 3231 4515 virtutes
3254 4458 3503 4527 reliquas
3533 4475 3676 4528 pra;-

2102 4561 2210 4609 stet
2243 4560 2301 4607 et
2334 4551 2581 4622 impleat.

2174 4645 2320 4701 Fieri
2357 4661 2471 4701 non
2508 4653 2693 4715 potest
2720 4652 2782 4698 ut
2829 4643 2974 4698 inter
3003 4659 3068 4697 ca
3122 4658 3245 4713 qum
3287 4641 3535 4696 animum
3560 4641 3678 4696 dis-

2105 4739 2358 4802 trahunt,
2409 4754 2472 4793 ac
2502 4737 2688 4793 seaculi
2735 4751 2901 4792 curas
2956 4736 3235 4807 injiciunt,
3286 4744 3518 4790 strenuo
3553 4734 3684 4805 quis

2104 4842 2308 4887 conatu
2333 4831 2642 4888 cmlestium
2677 4828 3037 4884 meditatione
3060 4829 3333 4897 potiatur.

2176 4924 2439 4994 Theologi.
2473 4954 2543 4963 -—
2582 4921 2851 4977 Nonnihil
2880 4922 3045 4977 etiam
3093 4920 3340 4976 dandum
3394 4920 3566 4990 quieti
3612 4934 3682 5001 ac

2108 5018 2358 5080 silentio,
2396 5025 2457 5071 ut
2487 5016 2771 5072 inturbata
2811 5023 2997 5070 mente
3024 5030 3148 5070 cum
3175 5016 3288 5070 Deo
3312 5029 3680 5071 consuescere

2106 5107 2722 5177 liceat,familiariaquc
2770 5122 2897 5163 cum
2959 5122 3028 5162 eo
3072 5107 3311 5162 miscere
3364 5107 3677 5175 colloquia;

2100 5213 2166 5252 ac
2200 5197 2474 5258 tantisper
2500 5213 2531 5252 a
2568 5198 2738 5253 rebus
2781 5197 3077 5252 fallacibus
3104 5207 3159 5252 et
3191 5213 3315 5268 qua:
3343 5196 3397 5250 in
3428 5211 3679 5252 errorem

2099 5289 2347 5351 mittunt,
2373 5289 2772 5345 subducendas
2801 5289 3039 5344 animus.

2168 5378 2270 5431 Alii
2308 5379 2541 5433 aliorum
2594 5387 2779 5435 errata
2825 5379 3209 5445 observamus,
3245 5396 3357 5435 non
3396 5389 3458 5434 ut
3489 5378 3680 5447 lugen-

2101 5487 2242 5534 mtts,
2291 5470 2388 5525 scd
2434 5480 2493 5525 ut
2552 5471 3001 5539 exprobremus,
3054 5488 3234 5542 neque
3287 5483 3347 5528 ut
3399 5483 3687 5531 curemus,
