3990 6176
271 251 373 317 851

1419 236 1480 297 S.
1523 233 1710 294 ΜΑΧΙ
1721 231 1808 291 ΜΙ
1853 229 1994 289 CON
2004 225 2364 288 FESSORIS

3419 200 3525 266 852

272 361 367 418 sed
403 368 464 414 ut
495 373 635 414 noxa
667 354 919 426 graviore
947 360 1284 419 premamus,
1333 341 1682 412 proximique
1727 338 1851 392 vul-
1880 387 1884 395 ι

2003 355 2076 403 εν,
2102 334 2218 388 ἀλλ’
2253 333 2340 386 ἶνα
2371 324 2832 400 προσπλήξωμεν,
2860 317 2956 374 καὶ
2981 312 3279 382 ἀπολογίαν
3308 309 3528 382 ἔχωμεν

273 405 367 418 υνπ
404 405 464 414 ν·-
495 405 635 414 --νπ-
667 405 845 426 υ--ν--ί
947 405 963 419 ι
1276 405 1280 406 γ
1333 405 1349 412 -
1592 405 1609 410 -

273 469 408 507 nera
437 459 755 506 nostrorum
822 442 1090 498 malorum
1154 434 1570 493 excusationem
1642 430 1850 486 habea-

2003 430 2061 482 ὒν
2087 426 2374 500 ἡμετέρων
2403 419 2590 476 κακῶν
2617 416 2688 471 τά
2713 415 2824 468 τῶν
2851 411 3077 481 πλησίον
3100 405 3416 478 τραύματα.

271 559 416 600 mus.

344 631 627 689 Subducta
662 625 904 698 negotiis
933 623 1096 694 quies
1139 634 1204 676 ac
1249 619 1469 674 vacatio
1515 617 1585 672 iis
1623 613 1854 685 quaesita

273 727 527 783 claritate
574 732 984 788 mulierumque
1027 713 1238 780 infulis,
1306 711 1658 782 praastantior
1711 705 1857 763 exsi-

273 821 393 876 stit.

345 913 506 968 Prov.
537 925 663 972 xvu,
701 907 752 960 l.
809 903 1076 974 Chrysost.
1108 930 1179 940 -—
1228 897 1420 954 Melior
1467 901 1554 950 est
1596 890 1857 948 obuccella

275 1005 439 1076 panis
472 1003 530 1056 in
563 1003 675 1056 sale
701 1013 827 1053 cum
858 995 1048 1065 quiete
1081 1001 1139 1047 et
1182 989 1502 1052 securitate,
1529 999 1695 1055 quam
1739 983 1858 1036 lau-

280 1106 461 1152 tarum
500 1093 794 1163 epularum
833 1093 1134 1156 apparatus
1179 1097 1245 1136 ac
1291 1094 1485 1135 mensa
1541 1091 1668 1132 eum
1707 1072 1860 1129 curis

279 1189 526 1243 animum
554 1179 1002 1238 distrahentibus
1025 1184 1082 1230 et
1117 1169 1622 1229 sollicitudinibus.

351 1280 476 1335 Non
499 1277 650 1332 enim
686 1271 808 1328 ﬁeri
843 1278 1047 1340 potest,
1077 1264 1260 1336 utqui
1295 1264 1532 1318 alienam
1574 1258 1744 1313 vitam
1796 1272 1861 1311 ac

281 1385 468 1426 mores
500 1364 779 1423 curiosius
826 1362 1081 1423 rimatur,
1132 1357 1180 1411 is
1219 1368 1461 1424 unquam
1505 1365 1637 1405 suos
1680 1355 1858 1402 curet.

282 1463 421 1518 Cum
449 1460 599 1516 enim
625 1453 897 1526 quidquid
929 1451 1008 1504 illi
1040 1462 1223 1518 operae
1246 1453 1331 1500 est
1358 1445 1415 1498 in
1437 1458 1557 1498 eam
1579 1456 1696 1495 rem
1727 1455 1861 1494 con-

284 1555 428 1608 ferat
459 1565 524 1605 ac
557 1550 834 1609 insumat,
886 1555 1116 1596 necesse
1152 1545 1236 1593 est
1288 1543 1348 1589 ut
1387 1549 1510 1603 quae
1555 1531 1706 1586 illius
1733 1538 1864 1585 sunt

289 1654 499 1700 temere
529 1639 892 1710 neglectaque
917 1635 1161 1704 jaceant.

360 1733 618 1790 Philonis.
651 1760 722 1770 --
749 1727 849 1783 Vir
889 1724 1113 1793 sapiens
1152 1719 1473 1776 solitudinis
1511 1717 1625 1773 otia
1667 1716 1868 1769 vitam-

290 1821 398 1900 que
427 1843 456 1881 a
486 1821 726 1894 negotiis
755 1832 986 1873 vacuam
1011 1830 1076 1870 ac
1095 1811 1463 1868 cessationem
1488 1807 1864 1879 persequitur,

291 1933 403 1988 quo
445 1915 710 1970 nimirum
767 1907 973 1963 divinis
1035 1899 1605 1972 contemplationibus
1646 1895 1871 1952 silentio

229 2045 234 2049 -
291 2025 462 2081 agens
493 2009 840 2061 consuescat.

362 2099 460 2155 Vir
508 2096 730 2166 sapiens
772 2090 1002 2162 perfuga
1031 2096 1136 2152 est,
1179 2085 1646 2154 transmigratque
1686 2097 1716 2135 a
1757 2080 1872 2134 vita

295 2188 624 2261 perturbata
671 2193 837 2254 atque
880 2180 1111 2243 confusa
1149 2177 1218 2232 ad
1261 2177 1480 2232 beatam
1527 2188 1649 2228 eam
1675 2171 1870 2234 vitam,

295 2298 418 2354 qua:
443 2279 704 2351 pacificos
731 2275 912 2329 decet.

369 2372 608 2443 Evagrii.
645 2370 873 2424 Praestat
922 2365 978 2418 in
1032 2371 1218 2417 storea
1253 2359 1531 2431 iacentem
1571 2371 1739 2427 agere
1772 2356 1877 2410 bo-

297 2481 482 2539 noque
504 2464 690 2518 animo
717 2475 862 2525 esse,
893 2471 1060 2528 quam
1091 2455 1148 2509 in
1169 2454 1316 2509 lecto
1361 2466 1530 2506 aureo
1565 2449 1717 2506 curis
1746 2463 1878 2519 per-

300 2557 536 2615 turbari.

369 2651 621 2718 Quatuor
667 2661 735 2701 ex
783 2643 954 2699 rebus
1009 2640 1231 2696 animus
1287 2637 1536 2694 incultus
1588 2634 1879 2698 redditur,

301 2742 448 2814 quod
473 2755 584 2794 non
611 2739 730 2808 ipse
759 2749 952 2791 secum
984 2733 1173 2803 quiete
1199 2741 1367 2801 atque
1402 2730 1519 2784 otio
1541 2736 1684 2798 agat,
1731 2725 1883 2794 quod

303 2829 538 2887 distrahi
568 2841 757 2882 rerum
803 2823 954 2878 curis
1008 2836 1074 2876 ac
1117 2819 1360 2891 negotiis
1408 2817 1610 2872 lubens
1656 2815 1882 2878 habeat,

2037 610 2103 661 Ἣ
2130 603 2442 676 ἀπράγμων
2477 595 2698 670 ἡσυχία,
2728 593 2828 662 τῆς
2876 591 2934 643 ὲν
2965 587 3252 659 πράγμασι
3296 599 3530 654 περιφα-

1956 702 2104 765 νείας
2138 692 2464 767 τιμιωτέρα.

2026 882 2403 948 Χρυσοστ.-
2434 870 2702 941 Κρεῖσσον
2742 863 2852 934 γάρ
2878 859 3068 931 ψωμδς
3107 858 3163 909 έν
3209 849 3362 909 ἅλατι
3406 849 3526 921 μεθ’

1957 944 2190 1046 ἡσυγίίας
2247 967 2343 1021 καὶ
2401 958 2758 1034 ἀμεριμνίας,
2800 956 2835 1025 ἢ
2883 951 3188 1022 παράθεσις
3218 944 3530 1013 ἐδεσμάτων

1960 1039 2265 1117 πολυτελῶν
2295 1059 2352 1110 ὲν
2385 1047 2790 1124 περισπασμοῖς
2819 1043 2913 1097 καὶ
2951 1039 3263 1112 μερίμναις.

2037 1245 2111 1298 Οὐ
2156 1239 2266 1310 γάρ
2312 1235 2460 1289 ἔστιν
2513 1229 2797 1299 ἄνθρωπον
2841 1221 2970 1282 τοὺς
3023 1213 3338 1285 ἀλλοτρίους
3366 1211 3539 1264 πολυ-

1965 1303 2391 1410 πραγμονοῦντα
2417 1325 2588 1396 βίους,
2612 1318 2715 1389 τῆς
2747 1315 2955 1376 οἰκείας
2980 1303 3380 1398 ἐπιμεληθῆναί
3407 1320 3538 1360 ποτε

2166 1423 2278 1493 Τῆς
2311 1393 2428 1488 γάρ
2455 1412 2690 1481 σπουδῆς
2720 1405 2869 1476 αὑτῷ
2915 1403 3099 1471 πάσης
3148 1395 3228 1461 είς
3282 1395 3382 1466 τὴν
3429 1393 3541 1446 τῶν

1965 1484 2171 1590 έτέ
2193 1484 2730 1579 πολυπραγμοσύνην
2753 1493 3206 1563 ἀναλισκομένης,
3230 1488 3448 1554 ἀνάγκη
3470 1484 3541 1538 τά

1970 1586 2136 1669 αὐτοῦ
2166 1604 2355 1667 ἁπλῶς
2380 1598 2595 1654 κεῖσθαι
2628 1595 2726 1649 καὶ
2745 1589 2925 1661 ὴμελη
2936 1586 3129 1656 μένως.

1899 1685 1942 1740 Β
1974 1666 1988 1669 ἡ
2042 1702 2431 1762 ΦΙλωνος.--
2469 1691 2529 1744 '0
2578 1684 2742 1752 σοφὸς
2788 1678 3023 1750 ὴρεμίαν
3054 1675 3150 1728 καὶ
3181 1666 3544 1743 ἀπραγμοσὺ⁴⁵

1972 1815 2071 1868 νην
2117 1793 2324 1856 διώκει,
2362 1788 2453 1841 ἵνα
2493 1783 2606 1844 τοῖς
2653 1777 2820 1839 θείοις
2867 1771 3217 1843 θεωρήμασιν
3249 1767 3306 1820 έν
3339 1762 3546 1836 ἡσυχίᾳ

1972 1886 2206 1958 ἐπιτύχῃ
2234 1883 2301 1936 ⁸³.

2049 2061 2220 2132 Σοφδς
2253 2057 2504 2130 μέτοικος
2529 2049 2628 2104 καὶ
2669 2042 3012 2117 μετανάστης
3057 2035 3207 2090 ἐστὶν
3229 2034 3294 2086 ὲκ
3318 2030 3414 2084 τοῦ
3448 2045 3547 2081 πε-

1977 2121 2267 2230 φυρμένου.
2297 2149 2433 2221 βίου,
2466 2143 2602 2216 πρὸς
2626 2139 2725 2210 τὴν
2753 2133 3050 2208 είρηναίοις
3101 2128 3417 2200 πρέπουσαν
3455 2121 3550 2175 καὶ

1981 2245 2258 2324 μακαρίαν
2291 2241 2458 2311 ζωήν.

2049 2305 2368 2407 Εὐαγρίου.
2391 2305 2468 2370 ’-
2507 2328 2613 2397 Ζᾷν
2637 2323 2859 2394 ἄμεινον
2889 2316 2981 2371 ἐπὶ
3025 2310 3275 2372 στιϐάδος
3298 2305 3556 2361 κατακεί-

1985 2447 2144 2504 μενον
2185 2397 2289 2480 καὶ
2318 2421 2564 2492 θαρρεῖν,
2609 2414 2644 2484 ἢ
2695 2405 3064 2482 ταράσσεσθαι
3109 2402 3318 2475 χρυσῆν
3364 2397 3557 2467 ἔχοντα

1981 2523 2191 2591 κλίνην.

2053 2580 2154 2668 Διά
2177 2608 2465 2679 τεσσάρων
2496 2597 2840 2673 πραγμάτων
2872 2595 2908 2664 ἡ
2931 2588 3079 2660 ψυχὴ
3100 2587 3313 2679 ἔρημος
3328 2580 3556 2650 γίνεται,

1984 2707 2080 2762 τοῦ
2129 2704 2205 2775 μὴ
2250 2673 2546 2773 ήσυγάσαι,
2596 2691 2691 2745 καλ⁹
2729 2687 2819 2742 διὰ
2867 2682 2962 2736 τοῦ
2996 2677 3218 2748 ἀγαπᾷν
3265 2673 3358 2726 τὸν
3400 2685 3560 2740 περι-

1989 2764 2390 2868 σπασμδνίκαλ.
2427 2786 2522 2841 τοῦ
2549 2779 2833 2838 ὲπιποθεῖν
2864 2775 2961 2846 τὴν
2993 2772 3151 2841 ῦλην,
3181 2767 3276 2821 καὶ
3300 2764 3395 2818 τοῦ
3442 2776 3562 2815 κνι-

305 2923 454 2995 quod
485 2930 706 2976 terrena
727 2913 1104 2984 concupiscat,
1130 2927 1195 2967 ac
1242 2909 1390 2981 quod
1437 2921 1754 2979 praeparcus
1783 2919 1884 2960 ex-
1990 2888 2277 2947 πεύεσθαιο

305 3015 488 3070 sistat.

379 3105 507 3160 Nili.
538 3102 754 3157 ——Vita
796 3099 981 3171 quieta
1005 3107 1170 3168 atque
1206 3096 1421 3166 privata
1474 3100 1745 3160 extraque
1784 3104 1886 3144 ne-

279 3195 479 3266 ‘gotia,
507 3193 828 3248 divitiarum
863 3189 1207 3245 abundantia
1231 3185 1502 3241 illustrior
1533 3181 1772 3238 exsistit.

385 3281 495 3337 Res
524 3279 664 3335 dura
685 3288 772 3334 est
796 3277 864 3333 iis
898 3276 996 3346 qui
1032 3276 1144 3346 jam
1164 3287 1363 3328 recens
1383 3269 1587 3325 sazculo
1631 3265 1892 3321 nuntium

316 3372 631 3436 remittunt,
656 3367 976 3424 solitudinis
1008 3365 1170 3435 quies
1191 3377 1255 3416 ac
1274 3360 1440 3432 600
1466 3357 1713 3422 vacatio;
1740 3353 1892 3424 quod

317 3474 452 3519 tunc
488 3460 756 3517 memoria
785 3457 1136 3514 occasionem
1186 3462 1349 3508 nacta
1396 3450 1620 3505 insitam
1673 3459 1894 3502 omnem

319 3553 730 3611 immunditiam
753 3557 1122 3615 commoveat,
1164 3561 1290 3603 cum
1325 3545 1382 3600 id
1407 3552 1536 3599 ante
1571 3543 1622 3598 ei
1654 3541 1896 3595 liberum

318 3660 431 3700 non
480 3651 650 3708 esset,
694 3640 767 3696 ob
817 3640 989 3695 multa
1048 3638 1140 3693 illa
1197 3635 1404 3707 quibus
1453 3630 1894 3693 distrahebatur,

318 3734 558 3806 negotia.

389 3825 936 3898 Cyrilli.—Turbato
965 3821 1149 3876 animo
1177 3827 1344 3888 atque
1371 3815 1556 3880 anxio,
1585 3828 1765 3882 neque
1799 3812 1901 3865 ho-

319 3917 462 3973 nesti
497 3925 665 3988 atque
691 3915 962 3970 virtutum
990 3913 1100 3966 ulla
1130 3907 1416 3980 cogitatio,
1443 3919 1623 3976 neque
1652 3904 1749 3958 Dei
1776 3917 1901 3972 gra-

322 4009 396 4064 tia
425 4007 661 4062 accedit.

392 4097 694 4154 Athanasii.
729 4126 798 4135 —
847 4094 1042 4149 Melius
1076 4099 1162 4148 est
1195 4099 1256 4146 ut
1321 4089 1612 4144 dubietate
1654 4085 1901 4141 animum

2060 3065 2301 3122 Νείλου.
2328 3057 2531 3118 -Βίος
2563 3051 2808 3122 ἡσύχιος,
2840 3026 3141 3116 χρημάτων
3172 3031 3382 3087 πολλῶν
3413 3044 3568 3099 περι⁴

1994 3151 2224 3230 φαιὶέστε
2234 3169 2346 3225 ρος.

2081 3210 2370 3307 Ἐπίπονϋος
2401 3241 2516 3302 τοῖς
2544 3231 2745 3290 νεωστὶ
2783 3220 3252 3292 ἀποτασσομένοις
3281 3218 3316 3287 ἡ
3345 3210 3566 3285 ἡσυχία.

1995 3339 2129 3394 Τότε
2157 3337 2267 3406 γὰρ
2291 3303 2482 3404 καιρὸν
2503 3323 2751 3380 λαϐοῦσα
2791 3321 2826 3390 ἠ
2858 3317 3069 3388 μνήμη,
3114 3312 3293 3364 πᾶσαν
3322 3303 3574 3406 ἀνακινεί

1997 3431 2094 3503 τὴν
2122 3393 2452 3498 ἐγκειμένην
2479 3413 2849 3486 ἀκαθαρσίαν,
2879 3409 2942 3462 οὐ
2992 3401 3328 3475 σχολάζουσα
3375 3393 3572 3502 πρότε-

2001 3485 2094 3594 ρϐν
2117 3485 2486 3574 τοῦτοΙποιεϊν
2532 3510 2621 3564 διά
2665 3506 2728 3560 τὸ
2780 3499 2985 3572 πλῆθος
3024 3495 3136 3551 τῶν
3179 3485 3573 3564 περισπώντων

2001 3611 2370 3688 πραγμάτων.

2015 3766 2017 3768 η
2071 3791 2400 3862 Κυρίλλου.
2467 3811 2534 3823 —-
2591 3779 2680 3832 Ἑν
2737 3767 3123 3845 θορυϐουμένῳ
3189 3760 3287 3815 καὶ
3320 3752 3576 3862 ’ἀγωτνὶαν

2071 3841 2325 3862 --'r"""
2806 3841 2817 3845 -

2003 3888 2180 3960 ἔχοντι
2210 3881 2306 3952 νῷ,
2359 3875 2486 3931 οὗτε
2541 3869 2722 3926 ἔννοιά
2769 3882 2852 3928 τις
2900 3861 3010 3916 τῶν
3038 3854 3243 3918 καλῶν,
3287 3848 3411 3902 οὔτε
3441 3841 3577 3899 Θεοῦ

2003 3981 2162 4053 χάρις
2188 3974 2485 4045 ἐγγίνεται.

2089 4031 2366 4128 :AOai'oO'.
2401 4093 2473 4107 -—
2509 4058 2726 4114 Βέλτιον
2757 4047 3098 4122 ἀποροῦντας
3134 4037 3346 4108 σιωπᾷν
3373 4031 3466 4087 καὶ
3487 4046 3578 4082 πι-

323 4190 601 4258 pulsante,
638 4185 899 4241 sileamus
933 4191 1100 4253 atque
1148 4180 1478 4245 credamus,
1532 4193 1696 4248 quam
1733 4185 1795 4230 ut
1836 4189 1884 4230 ei

2009 4162 2244 4226 στεύειν,
2284 4158 2318 4229 ἢ
2347 4153 2598 4210 ἀπιστεῖν
2631 4145 2718 4200 διὰ
2752 4144 2813 4197 τὸ
2839 4140 3086 4212 ἀπορεῖν.

326 4281 442 4340 illa,
479 4294 509 4333 a
536 4275 866 4332 credulitate
899 4283 958 4330 et
989 4274 1097 4329 ﬁde
1129 4273 1468 4328 resiliamus.

396 4369 606 4427 Socrat.
635 4398 705 4408 —
731 4367 988 4423 Socrates
1032 4367 1429 4435 interrogatus,
1480 4363 1709 4432 quinam
1753 4371 1906 4415 tran—
1938 4347 1986 4406 ο
2084 4337 2359 4408 Σωκράτη

329 4462 504 4534 quillo
527 4461 712 4518 animo
729 4476 793 4516 ac
816 4459 1206 4530 imperturbati
1235 4458 1493 4512 viverent
1517 4473 1530 4508 :
1551 4455 1679 4521 Qui,
1705 4453 1907 4523 inquit,

332 4555 541 4610 nullius
568 4554 676 4609 sibi
710 4553 940 4608 sceleris
974 4553 1214 4622 malique
1245 4548 1457 4606 conscii
1489 4556 1642 4602 sunt.

403 4646 686 4701 Moschion.
717 4675 788 4685 —-
809 4644 914 4711 Qui
945 4644 1239 4700 turbarum
1266 4655 1432 4696 causa
1471 4637 1722 4704 secessit,
1745 4651 1912 4707 quam

333 4739 466 4795 fecit
486 4740 758 4810 jacturam
788 4737 945 4792 lucro
980 4737 1158 4792 ducit.

403 4829 732 4898 Aristipp.-—
763 4827 1081 4896 Aristippus
1111 4823 1350 4894 quodam
1377 4822 1454 4876 illi
1483 4821 1706 4876 dicente
1734 4838 1746 4874 :
1779 4821 1915 4875 Pro—

335 4931 460 4993 pter
491 4929 544 4976 te
577 4935 707 4990 ager
754 4919 920 4989 perit,
974 4917 1265 4987 respondit
1298 4934 1311 4968 :
1344 4915 1488 4984 Ergo
1524 4920 1748 4983 prmstat
1791 4928 1919 4982 pro-

335 5025 461 5093 pter
491 5027 579 5068 me
607 5011 868 5081 periisse,
901 5024 1067 5080 quam
1099 5016 1160 5062 ut
1203 5021 1304 5077 ego
1338 5006 1486 5061 illius
1540 5019 1712 5059 causa
1739 5004 1917 5074 perie-

336 5108 464 5162 rim.

408 5196 678 5252 Demosth.
711 5193 944 5249 -—Cum
998 5190 1224 5262 quidam
1290 5188 1340 5244 ei
1395 5188 1611 5242 diceret
1657 5202 1669 5238 :
1713 5185 1919 5257 Agrum

337 5289 572 5362 negligis
606 5302 712 5343 nec
735 5300 899 5341 curas
923 5299 1038 5339 rem
1065 5281 1416 5346 familiarem,
1436 5279 1537 5334 tibi
1559 5293 1693 5334 vero
1721 5293 1916 5332 vacas:

339 5379 474 5452 Ejus
505 5378 806 5441 nimirum,
843 5374 1061 5444 inquit,
1109 5387 1300 5427 curam
1357 5385 1494 5441 ago,
1550 5368 1711 5440 cujus
1757 5382 1922 5422 causa

341 5473 510 5528 etiam
546 5487 739 5542 agrum
779 5467 1117 5536 comparavi.

2365 4354 2418 4400 ς.
2437 4360 2502 4372 --
2521 4321 2868 4397 Ἐρωτηθεὶς,
2901 4316 3056 4375 Τίνες
3082 4307 3371 4378 ἀταράχως
3396 4297 3578 4365 (dum;

2011 4438 2074 4490 Ol
2109 4432 2273 4506 μηδὲν
2306 4426 2539 4485 ἑαυτοῖς,
2576 4415 2750 4479 εἶπεν,
2781 4413 2981 4467 ἄτοπον
3017 4402 3339 4460 συνειδότες.

2088 4615 2462 4684 Μοσχίωνος.
2525 4637 2595 4649 -·
2661 4595 3024 4663 Ἀπαλλαγεὶς
3071 4589 3237 4642 ἕνεκα
3265 4580 3580 4673 ϐχλήσεως,

2015 4711 2202 4780 κέρδος
2227 4682 2450 4773 ήηγεῖται
2475 4701 2504 4753 ὁ
2542 4695 2825 4766 ἄνθρωπος
2853 4689 2950 4757 τὴν
2980 4682 3203 4753 ζημίαν.

2099 4763 2435 4868 Ἀρῡιοίείππ.
2467 4820 2536 4831 ——
2563 4763 2828 4854 Λέγοντος
2859 4777 3008 4847 αὑτῷ
3038 4790 3202 4836 τινος,
3231 4769 3328 4823 Διά
3364 4766 3422 4819 σὲ
3483 4763 3590 4816 ἀπ-

2014 4854 2262 4946 όλιῴᾷνά
2309 4882 2519 4954 ἀγρός’
2554 4875 2788 4937 Οὐκοῦν,
2843 4872 2969 4940 ἔφη,
3021 4866 3236 4920 κάλλιον
3265 4861 3330 4914 δι’
3370 4856 3469 4928 ἐμὲ
3501 4854 3592 4906 τὸν

2019 4982 2214 5054 ἀγρὸν,
2246 4978 2280 5048 ἦ
2305 4975 2396 5031 διὰ
2427 4973 2520 5027 τὸν
2550 4968 2717 5042 ἀγρὸν
2741 4964 2864 5036 ἐμέ.

2094 5159 2351 5230 Δημοσθ.
2381 5105 2743 5218 -ιΛέγοντος
2773 5141 2921 5212 αὐτῷ
2951 5153 3113 5203 τινος,
3149 5135 3231 5187 ὅτι
3264 5129 3370 5183 Τοῦ
3429 5123 3598 5196 ἀγροῦ

2027 5217 2271 5327 ἀμελεῖς,
2305 5243 2485 5315 ἑαυτῷ
2521 5243 2579 5296 δὲ
2620 5233 2904 5309 σχολάζεις
2927 5247 2941 5262 ·
2993 5229 3197 5283 Τούτου
3227 5223 3271 5255 ⁸¹
3302 5221 3434 5292 γὰρ,
3472 5217 3598 5287 ἔφη,

2028 5316 2418 5417 ἐπιμελοῦμαι,
2450 5336 2516 5390 δι’
2553 5334 2611 5388 ὃν
2647 5330 2743 5384 καὶ
2769 5327 2860 5380 τὸν
2889 5321 3056 5394 ἀγρὸν
3085 5316 3426 5388 ἐκτησάμην.

1624 5552 1857 5610 ΥΛΒΙιίΕ
1895 5546 2290 5606 ΙᾸΞΩΤΙΟΝΕΒ.

421 5655 470 5690 ⁵⁸
506 5650 673 5707 Gesn.
708 5651 810 5706 τῶν
835 5647 1000 5706 Θείων
1027 5651 1082 5707 ἐν
1116 5648 1370 5721 εὐκαιρίᾳ
1398 5645 1660 5724 ἐπιτύχῃ,
1737 5647 1779 5678 ’θ’
1820 5643 1984 5698 Gesn.
2013 5643 2153 5697 male
2182 5637 2388 5693 τούτων
2433 5643 2487 5692 et
2520 5634 2587 5688 δι’
2615 5625 2708 5687 ὧν.
