3990 6176
396 239 502 302 853

1679 244 1850 304 LOCl
1889 245 2326 308 COMMUNES.

3526 239 3634 306 854

468 349 736 415 Sep/rae.
783 378 854 389 —
883 349 1062 421 Θαλῆν
1095 353 1175 416 εἰς
1212 351 1304 407 τὸν
1341 348 1570 422 οὑρανδν
1605 348 1840 417 ὁρῶντα,
1871 349 1966 402 καὶ

2137 352 2332 408 Serim'.
2365 385 2433 393 -—
2463 354 2748 410 Thaletem
2787 354 2964 409 oculis
3009 353 3063 407 in
3095 351 3296 408 coelum
3339 347 3640 411 intentum,

397 441 712 510 ἐμπεσόντα
757 441 839 504 είς
888 439 1164 512 βάραθρον
1213 445 1247 514 ἡ
1299 442 1607 514 θεράπαινα
1657 439 1962 510 θεωροῦσα,

392 530 618 592 δικαίως
655 529 703 562 ⁸³
760 531 954 585 παθεῖν
1004 529 1132 602 ἔφη,
1182 533 1270 595 Ὠς
1322 531 1429 602 γάρ
1480 530 1551 585 τὰ
1610 529 1760 600 παρά
1806 528 1966 583 ποσὶν

395 622 627 692 ἀγνοῶν,
657 623 726 676 τὰ
747 623 805 676 ὲν
831 621 1047 694 οὐρανῷ
1081 621 1327 677 ἐσκόπει.

479 799 765 865 Ἄριστοτ.
796 825 866 837 —-
895 796 1280 868 Ἀριστοτέλης
1302 797 1427 859 τοὺς
1452 793 1522 848 τά
1555 793 1758 864 ἐναργῆ
1785 792 1965 862 πράγ-

400 903 550 956 ματα·
594 887 971 958 πειρωμένους
1020 886 1336 950 δεικνύναι,
1395 888 1581 956 ὅμοιον
1621 885 1726 954 ἔφη
1791 884 1968 936 ποιεῖν

397 981 512 1044 τοῖς
539 978 718 1051 λύχνῳ
749 979 840 1032 τὸν
875 979 1030 1049 ἥλιον
1057 977 1535 1049 φιλοτιμουμένοις
1561 973 1857 1029 δεικνύναι.

469 1155 826 1224 Εὐκλείδης.
875 1185 946 1195 -
977 1154 1276 1226 Εὐκλείδης
1327 1155 1356 1206 ό
1405 1153 1712 1222 φιλόσοφος,
1754 1151 1967 1220 ἐρωτη-

402 1249 514 1307 θεὶς
547 1247 654 1300 ὑπό
685 1264 852 1313 τινος,
891 1247 1099 1302 Ὀποῖοί
1127 1249 1275 1309 τινές
1315 1247 1450 1299 εἰσιν
1478 1245 1528 1299 οί
1560 1243 1694 1309 θεοὶ,
1742 1243 1837 1296 καὶ
1860 1234 1968 1295 τίνί

403 1338 653 1409 χαίρουσι
683 1355 698 1404 ;
724 1338 804 1392 Τά
839 1338 937 1410 μὲν
960 1338 1097 1393 ἀλλα
1129 1338 1229 1391 ούκ
1253 1333 1390 1401 οἶδα,
1419 1331 1599 1390 εἶπεν·
1630 1335 1758 1398 τοὺς
1785 1333 1970 1404 μέντοι

403 1429 858 1500 φιλοπράγμονας
881 1429 962 1482 ὅτι
994 1428 1265 1500 μισοῦσιν.
1297 1427 1559 1496 ἀσφαλῶς
1589 1423 1728 1480 οῖδα.

470 1522 802 1589 Δημόνακτ.
836 1551 908 1560 -
942 1520 1234 1588 ’Υγιαίνων
1258 1523 1408 1574 νοσεῖ
1432 1520 1541 1582 πᾶς
1587 1517 1906 1588 περίεργος,
1941 1515 1970 1567 ό

401 1610 468 1664 τά
501 1610 764 1682 ἀλλότρια
799 1610 1298 1682 πολυπραγμονῶν.

2071 458 2196 497 cum
2237 445 2292 498 in
2327 446 2540 500 foveam
2566 447 2884 516 prolapsum
2919 445 3117 499 ancilla
3147 442 3364 496 videret
3389 458 3401 494 :
3423 439 3638 502 Merito,

2069 533 2166 600 ait,
2217 535 2274 588 id
2299 537 2418 590 viro
2442 538 2660 602 evenit;
2708 537 2868 607 quasi
2919 536 3070 591 enim
3107 533 3364 588 nesciens
3406 547 3496 585 res
3537 543 3641 600 pro

2069 624 2306 693 pedibus
2339 627 2566 698 positas,
2601 644 2723 699 quae
2772 629 2826 682 iu
2851 629 2992 684 coelo
3035 635 3164 682 sunt
3193 633 3342 678 totus
3382 620 3648 678 conside-.

2070 717 2246 772 rabat.

2141 809 2408 864 Aristotel.
2444 841 2512 850 —
2550 811 2874 865 Aristoteles
2901 851 2914 874 ,
2975 824 3072 864 eos
3099 810 3190 878 qui
3222 823 3310 862 res
3337 808 3654 864 evidentes,

2071 897 2455 955 demonstrare
2489 911 2764 956 conentur
2791 941 2807 965 ,
2848 900 3105 954 similiter
3163 898 3347 953 facere
3397 899 3638 960 dicebat.

2069 1001 2134 1042 ac
2157 986 2202 1042 si
2240 987 2368 1058 quis
2390 989 2631 1045 lucernae
2659 989 2967 1060 fulgoribus
2989 988 3481 1045 solemostendere
3506 1004 3652 1044 con-.

2071 1078 2279 1133 tendat.

2141 1169 2410 1226 Euclides.
2449 1202 2519 1210 —
2546 1170 2808 1225 Euclides
2850 1169 3250 1240 philosophus,
3295 1168 3532 1238 quodam
3577 1183 3670 1222 ex'

2069 1275 2136 1315 eo
2166 1271 2449 1330 quaerente
2486 1280 2499 1316 :
2533 1261 2736 1328 Quales
2761 1262 2873 1316 sint
2905 1261 2982 1316 dii
3013 1271 3068 1316 et
3093 1274 3200 1329 qua
3232 1274 3291 1313 re
3326 1257 3641 1328 gaudeant:

2069 1349 2279 1405 Caetera
2310 1351 2556 1420 quidem,
2583 1351 2786 1421 inquit,
2819 1350 3049 1420 ignoro;
3101 1347 3284 1403 odisse
3312 1354 3496 1400 tamen
3547 1360 3646 1399 cu-

2071 1439 2270 1504 riosos,
2324 1450 2476 1494 certo
2504 1440 2639 1494 scio.
2799 1447 2806 1454 '

2139 1526 2449 1585 Demonact.
2476 1560 2549 1570 —
2569 1530 2770 1585 Valens
2792 1545 2937 1600 aeger
2976 1529 3194 1583 laborat
3232 1524 3416 1581 omnis
3459 1521 3646 1578 curio-

2071 1632 2185 1682 sus,
2216 1634 2307 1674 res
2337 1619 2575 1674 aliorum
2604 1620 2766 1676 anxie
2796 1619 3151 1690 perquirens.

461 1697 679 1756 ’Ἂλλων
719 1700 1084 1768 ἐξεταζόντων
1121 1702 1172 1755 εί
1217 1702 1246 1754 ὁ
1293 1699 1499 1769 κόσμος
1550 1695 1818 1768 ἔμψυχος,
1869 1693 1964 1748 καὶ

2135 1708 2571 1779 Exquirentibus
2601 1711 2747 1775 aliis,
2792 1726 2863 1765 an
2892 1708 3133 1764 mundus
3155 1707 3434 1761 animatus
3461 1710 3608 1757 esset
3628 1741 3644 1765 ,

400 1787 555 1855 αὖθις
588 1793 638 1846 εί
716 1791 1062 1865 σφαιροειδὴς
1081 1832 1097 1856 ,
1145 1792 1355 1863 Ὑμεῖς,
1385 1787 1560 1856 εἶπεν,
1598 1789 1728 1859 περὶ
1755 1786 1854 1858 μὲν
1873 1785 1966 1840 τοῦ

283 1875 286 1877 λ
401 1885 607 1955 κόσμου
639 1883 1150 1955 πολυπραγμονεῖτε
1172 1901 1186 1916 ’
1243 1883 1372 1955 περὶ
1396 1882 1454 1937 δὲ
1489 1885 1590 1954 τῆς
1632 1879 1812 1936 αὑτῶν
1837 1879 1968 1934 ἀκο-

403 1977 568 2046 σμίας
605 1977 668 2031 ού
699 1977 1040 2048 φροντίζετε.

938 2249 1157 2304 ΛΟΓΟΣ
1196 2247 1302 2302 ΚΒ’
1341 2247 1410 2300 ⁸⁵.

903 2339 1046 2406 Περὶ
1095 2321 1476 2403 πλεονεξίας.

468 2431 653 2484 Amm.
691 2429 792 2495 ιβ’.
842 2459 913 2470 -
965 2431 1160 2502 ὐρᾶτε
1212 2429 1306 2482 καὶ
1353 2425 1694 2498 φυλάσσεσθε
1745 2425 1853 2479 ἀπὸ
1875 2424 1970 2494 τῆς

399 2519 746 2586 πλεονεξίαςο
780 2521 863 2575 ὅτι
896 2522 997 2575 ούκ
1028 2523 1086 2575 ὲν
1129 2520 1207 2592 τῷ
1254 2519 1602 2591 περισσεύειν
1639 2517 1747 2572 τινλ⁸
1787 2518 1821 2586 ἡ
1856 2515 1970 2587 ζωὴ

399 2613 549 2682 αὐτῷ
573 2614 724 2666 ἐστιν
755 2615 819 2668 ὲκ
843 2614 951 2668 τῶν
975 2614 1332 2684 ὑπαρχόντων
1360 2611 1530 2683 αύτῷ.

475 2709 534 2757 A'
565 2708 703 2771 Kop.
735 2709 810 2768 ς’.
829 2704 1052 2758 -Διατί
1083 2704 1204 2775 οὐχὶ
1249 2703 1448 2774 μᾶλλον
1484 2700 1754 2756 ἀδικεῖσθε
1779 2718 1794 2767 ;
1821 2701 1970 2754 Διατί

403 2793 523 2864 οὐχὶ
545 2793 746 2863 μᾶλλον
775 2794 1168 2864 ἀποστερεῖσθε
1195 2811 1209 2859 ;
1253 2794 1394 2848 Ἀλλ’
1418 2795 1579 2864 ὑμεῖς
1610 2793 1846 2846 ἀδικεῖτε
1876 2793 1972 2846 καὶ

403 2885 776 2955 ἀποστερεῖτε,
831 2886 928 2939 καὶ
967 2884 1142 2939 ταῦτα
1171 2882 1454 2951 ἀδελφούςο
1489 2883 1523 2953 ἢ
1547 2883 1646 2936 ούκ
1674 2882 1851 2936 οἴδατε
1889 2881 1972 2936 δτι

403 2974 581 3028 ἄδικοι
619 2975 900 3047 βασιλείαν
927 2976 1062 3030 Θεοῦ
1087 2976 1149 3028 ού
1181 2975 1683 3046 κληρονομήσουσιν
1710 2990 1726 3040 ;
1754 3046 1758 3050 _

474 3156 692 3222 Σολομ.
726 3153 802 3209 a'.
829 3153 1032 3208 -Ούκ
1077 3153 1525 3224 ἐμπλησθήσεται
1555 3153 1833 3226 ὀφθαλμὸς
1881 3152 1976 3206 τοῦ

404 3244 677 3315 δρᾷνμκαὶ
698 3245 760 3298 οὐ
787 3244 1209 3314 πληρωθήσεται
1238 3239 1331 3306 ούς
1356 3244 1464 3297 ἀπὸ
1495 3243 1835 3316 ἀκροάσεως.

479 3336 662 3404 Σιρὰχ
689 3335 759 3391 δ’.
795 3365 866 3413 τ-
916 3335 1009 3407 Μὴ
1043 3335 1184 3389 ἔστω
1237 3337 1270 3404 ἡ
1310 3335 1428 3407 χείρ
1493 3352 1586 3388 σου
1637 3334 1978 3406 ἐκτεταμένη

408 3427 490 3490 είς
518 3426 580 3479 τδ
605 3426 816 3494 λαϐεῖν,
845 3427 940 3481 καὶ
985 3429 1043 3480 ἐν
1086 3425 1166 3497 τῷ
1211 3427 1523 3481 ἀποδιδόναι
1551 3427 1976 3498 συνεσταλμένη.

480 3516 661 3585 Σιρὰχ
682 3517 972 3588 μα’-Χρὴ
983 3533 1127 3586 ματα
1159 3517 1385 3582 ἀδίκων,
1401 3515 1478 3579 ὡς
1504 3515 1754 3586 ποταμὸς
1780 3516 1980 3585 ξηραν-

410 3606 688 3680 θήσονται,
718 3609 814 3663 καὶ
841 3609 918 3673 ὡς
952 3608 1150 3680 βροντὴ
1189 3609 1396 3680 μεγάλη
1425 3610 1484 3662 ὲν
1525 3608 1668 3679 ὑετῷ
1692 3608 1978 3679 ὲξηχήσει.

491 3786 673 3855 Σιρὰχ
695 3785 758 3841 ε’.
788 3815 854 3825 -
883 3786 976 3856 Μὴ
1004 3786 1260 3858 ἑπίχαιρε
1305 3786 1367 3854 (i)
1402 3785 1496 3839 ἐπὶ
1541 3785 1822 3855 χρήμασιν
1863 3784 1982 3838 ἀδί-

413 3889 549 3937 κοις⁶
583 3874 736 3927 οὐδὲν
768 3875 878 3945 γὰρ
906 3873 1285 3944 ὠφελήσουσιν
1331 3877 1389 3928 ἐν
1413 3873 1619 3945 ,ἡμέρᾳ
1659 3873 1978 3943 ἐπαγωγῆς.

489 3967 669 4037 Σιρὰχ
718 3967 809 4021 ιδ’.
860 3995 930 4007 —-
975 3966 1307 4020 ηλεονέκτου
1343 3965 1625 4036 ὀφθαλμὸς
1683 3965 1786 4018 οὑκ
1827 3965 1986 4036 ἐμπι-

415 4057 618 4111 πλᾶται
647 4059 705 4110 ἐν
748 4056 946 4128 μερίδι.

486 4149 670 4216 Σιρὰχ
705 4153 817 4203 κη’.
851 4178 920 4188 —
949 4147 1008 4202 '0
1031 4147 1334 4216 οἰκοδομῶν
1375 4146 1476 4216 τὴν
1506 4146 1682 4200 οἰκίαν
1728 4146 1894 4201 αὑτοῦ
1929 4149 1984 4200 ὲν

417 4239 694 4310 χρήμασιν
722 4238 1041 4309 ἀλλοτρίοις,
1069 4237 1144 4303 ὡς
1191 4239 1220 4291 ό
1253 4236 1501 4292 συνάγων
1524 4221 1651 4300 τοὺς
1683 4237 1865 4302 λίθους
1880 4239 1987 4294 ἀύ-

417 4329 514 4383 τοῦ
542 4330 622 4393 εἰς
647 4329 740 4384 τὸν
769 4329 1101 4402 χειμάρρουν
1139 4329 1227 4400 (j).

2071 1811 2137 1853 ac
2200 1814 2434 1866 rursus,
2492 1817 2563 1854 an
2621 1801 2906 1870 sphaericte
2949 1798 3188 1871 ﬁgurae?
3238 1797 3387 1860 Vos,
3440 1791 3660 1863 inquit,.

2071 1886 2234 1942 anxie
2263 1889 2430 1944 nimis
2454 1906 2520 1946 ac
2545 1893 2765 1947 curiose
2819 1891 2889 1946 de
2938 1887 3146 1946 mundo
3175 1885 3490 1958 exquiritis,
3542 1898 3647 1938 nec

2071 1977 2178 2046 ipsi
2208 1977 2277 2033 de
2307 1980 2469 2035 vobis
2495 2022 2510 2047 ,
2559 1983 2706 2053 quod
2735 1982 2884 2038 omni
2923 1981 3131 2037 mundo
3156 1977 3391 2035 careatis
3415 1991 3480 2032 ac
3523 1988 3645 2030 sor-

2073 2065 2273 2135 deatis,
2306 2071 2534 2127 curatis.

2649 2252 2882 2308 SERMO
2911 2251 3079 2308 XXII.

2099 2341 2176 2396 De
2227 2342 2457 2397 avaritia
2513 2360 2575 2414 ac
2619 2343 2737 2413 plus
2784 2343 3008 2398 habendi
3057 2342 3260 2412 injusta
3310 2340 3621 2410 cupiditate.

2142 2431 2270 2489 Luc.
2301 2449 2395 2512 xu,
2421 2433 2507 2488 15.
2538 2465 2607 2473 -
2631 2433 2826 2490 Videte
2852 2442 2909 2488 et
2930 2442 3121 2488 cavete
3151 2432 3220 2487 ab
3246 2430 3498 2497 avaritia;
3517 2428 3669 2500 quia.

2071 2536 2185 2575 non
2209 2520 2265 2574 in
2300 2522 2643 2577 abundantia
2662 2524 2988 2594 cujusquam
3019 2521 3134 2577 vita
3155 2521 3277 2592 eius
3301 2529 3406 2586 est,
3436 2535 3502 2575 ex
3536 2519 3647 2582 his,

2073 2627 2195 2680 qua:
2218 2612 2483 2680 possidet.

2139 2703 2300 2772 σοι
2325 2703 2355 2757 I
2377 2703 2500 2759 Cor.
2534 2720 2610 2770 vr,
2648 2706 2701 2759 7.
2730 2702 3002 2770 —Quare
3022 2719 3136 2759 non
3164 2702 3341 2774 magis
3387 2701 3655 2772 iniuriam

2073 2793 2383 2863 patimini?
2433 2795 2617 2860 Quare
2657 2809 2768 2850 non
2821 2795 2996 2867 magis
3039 2795 3303 2850 damnum
3360 2793 3692 2863 accipitisf;

2074 2881 2183 2938 Sed
2209 2897 2310 2939 vos
2335 2884 2594 2955 iniuriam
2636 2883 2821 2940 facitis
2857 2894 2915 2942 et
2942 2885 3146 2940 damno
3188 2883 3424 2948 adicitis,
3479 2883 3651 2952 idque
3695 2913 3698 2916 ~

2075 2973 2298 3030 fratres.
2323 2974 2405 3029 An
2429 2974 2659 3031 nescitis
2695 2974 2826 3045 quia
2873 2975 3065 3049 iniusti
3114 2989 3348 3047 regnum
3395 2973 3494 3030 Dei
3539 2987 3651 3028 non

2077 3065 2484 3136 possidebunt?

2149 3158 2328 3214 Eccle.
2361 3177 2401 3225 ι,
2437 3158 2491 3214 8.
2519 3160 2714 3216 -Νοη
2742 3159 3038 3216 satiabitur
3066 3158 3264 3215 oculus
3289 3157 3438 3225 visu,
3461 3165 3518 3214 et
3540 3172 3705 3216 non-..

2079 3249 2400 3320 implebitur
2429 3251 2583 3306 auris
2615 3251 2832 3307 auditu.

2152 3341 2321 3396 Eccli.
2354 3359 2426 3408 ιν,
2463 3341 2555 3399 36.
2588 3373 2659 3383 —
2686 3342 2767 3397 Ne
2814 3341 2887 3397 sit
2928 3357 3127 3396 manus
3160 3351 3255 3396 tua
3290 3348 3546 3413 porrecta
3583 3339 3668 3398 ad.

2081 3431 2490 3500 accipiendum,
2521 3439 2580 3486 et
2605 3431 2664 3485 in
2696 3430 2882 3486 dando
2911 3440 3217 3486 contracta.

2150 3521 2316 3574 Eccli.
2343 3537 2434 3586 ιι,
2464 3521 2555 3576 15.
2583 3551 2654 3561 —
2689 3521 2905 3576 Divitiae
2947 3520 3264 3589 iniquorum
3293 3519 3450 3590 quasi
3475 3519 3656 3573 amnis

2081 3618 2424 3675 exarescent,
2467 3619 2524 3666 ct
2557 3611 2712 3680 quasi
2749 3625 3007 3680 magnum
3029 3609 3338 3664 tonitruum
3377 3609 3434 3663 in
3470 3608 3713 3679 pluvia.

2082 3700 2484 3770 personabunt.

2147 3789 2312 3845 Eccli.
2337 3807 2389 3854 v,
2425 3789 2508 3844 10.
2538 3790 2704 3844 —Ne
2742 3790 2843 3844 tibi
2885 3789 3180 3861 gratuleris
3211 3789 3279 3844 de
3323 3781 3537 3843 divitiis
3572 3787 3660 3842 in-

2079 3881 2282 3954 iustis;
2310 3881 2449 3936 nihil
2478 3881 2626 3936 enim
2651 3881 2925 3952 iuvabunt
2965 3881 3020 3934 in
3046 3879 3138 3936 die
3164 3880 3412 3935 ultionis.

2155 3973 2326 4028 Eccli.
2355 3987 2464 4041 xiv,
2495 3973 2547 4029 9.
2587 4001 2657 4012 —-
2695 3973 2860 4028 Avari
2908 3971 3104 4028 oculus
3150 3985 3262 4026 non
3319 3968 3550 4024 satiatur
3598 3966 3674 4022 in"
3727 4005 3732 4010 -

2086 4072 2270 4134 parte.

2158 4156 2325 4211 Eccli.
2359 4171 2470 4222 xxi,
2500 4157 2556 4212 9.
2590 4185 2655 4199 ι-
2694 4155 2800 4222 Qui
2845 4154 3081 4209 aediﬁcat
3130 4153 3360 4209 domum
3402 4165 3556 4206 suam
3598 4150 3688 4204 iit-‘-

2089 4248 2288 4303 alienis
2311 4248 2584 4317 pecuniis,
2620 4247 2764 4302 sicut
2786 4246 2882 4316 qui
2931 4251 3230 4316 congregat
3267 4241 3481 4313 lapides
3527 4254 3682 4297 suos.

2019 4347 2063 4401 Ι)
2093 4337 2148 4390 in
2177 4345 2445 4392 torrente.

1689 4444 1920 4501 VARUE
1960 4446 2370 4505 LECTIONES.

492 4543 538 4576 “
587 4541 752 4599 Gesn.
798 4542 999 4612 δίκαια.
1078 4541 1122 4574 ⁸⁸
1153 4542 1210 4597 1η
1234 4540 1398 4597 Gesn.
1422 4539 1574 4596 Stob.
1600 4542 1687 4596 54.

1928 4636 2161 4694 ΝΟΤΑΞ.

497 4723 581 4798 (ί.)
767 4723 1224 4798 ἐπίχᾳιρεηΝοίί
1274 4725 1522 4798 gaudere.
1584 4725 1816 4798 Videtur
1852 4726 1989 4798 Alia’c

429 4790 644 4849 Maximi
675 4794 853 4864 littera
885 4790 1253 4864 sincerissima
1275 4790 1334 4848 et
1363 4795 1620 4864 genuina.
1679 4795 1817 4849 Illud
1846 4794 1984 4850 Sixt.

429 4865 612 4933 ἔπεχε,
639 4863 734 4917 ubi
773 4863 1002 4932 interpr.
1058 4863 1181 4916 Noli
1233 4863 1480 4933 iuuentus
1519 4880 1627 4916 esse
1669 4866 1724 4917 in
1753 4865 1988 4933 divitiis,

428 4931 623 4987 durius
651 4931 1083 5002 est;'magisque
1114 4932 1246 4986 illud
1280 4933 1436 5002 Vulg.
1482 4933 1604 4986 Noli
1634 4931 1824 4986 anxius
1883 4951 1992 4988 esse

427 5005 483 5056 in
507 5003 700 5057 divitiis
734 5002 970 5072 injustis,
994 5001 1144 5071 quod
1174 5001 1346 5072 magis
1380 5001 1536 5072 sonat
1559 5019 1651 5056 eas
1675 5003 1992 5072 displicere,

429 5081 485 5141 et
512 5072 669 5141 quasi
697 5071 853 5126 sacer
884 5072 1123 5140 scriptor
1153 5071 1595 5140 lioc'probibeat,
1626 5071 1779 5126 velut
1805 5073 1990 5126 dicat:

438 5140 681 5196 Securus
714 5151 836 5194 esto
869 5141 937 5195 de
961 5141 1090 5203 illis,
1122 5156 1246 5194 cum
1278 5141 1591 5209 oppositum
1638 5142 1884 5205 suadeat,
1911 5151 1988 5196 at-

432 5226 540 5280 que
595 5210 650 5264 id
699 5210 853 5280 clara
894 5211 1127 5272 ratione,
1171 5209 1330 5280 quod
1358 5211 1522 5280 inulla
1566 5226 1756 5280 carum
1809 5211 1994 5265 futura

432 5278 644 5335 utilitas
695 5279 750 5333 in
805 5279 896 5334 die
947 5279 1264 5346 ἐπαγωγῆς.
1320 5278 1478 5332 idest
1516 5279 1764 5343 ultionis;
1815 5281 1905 5333 ubi
1941 5290 1998 5335 et

434 5348 568 5403 illud
603 5349 916 5411 obscurius,
946 5351 999 5402 in
1024 5349 1106 5403 die
1152 5349 1492 5413 obdurlionis,
1545 5349 1688 5416 quod
1746 5349 1996 5403 Nobilius

435 5419 684 5472 retinuit.
713 5418 829 5472 Non
865 5417 1213 5486 gaudendum
1258 5419 1440 5485 ilaque
1496 5416 1562 5470 de
1592 5417 1698 5471 illis
1746 5419 1994 5486 praeeipi-

437 5497 549 5550 tur,
583 5487 730 5556 quod
790 5487 938 5540 nulla
977 5502 1170 5540 eorum
1218 5487 1400 5539 futura
1435 5487 1660 5556 utilitas.
1713 5487 1793 5539 ὅτι
1844 5488 1994 5556 οὐδὲν

439 5554 840 5625 ὠφελήσουσιν
877 5556 967 5609 ubi
987 5557 1149 5610 etiam
1173 5557 1495 5611 mendosum
1533 5556 1593 5608 τὸ
1612 5554 1914 5625 ὠφελήσεις
1940 5565 1995 5610 et

444 5627 709 5682 solmeus:
738 5626 816 5691 τὸ,
850 5625 1120 5697 ὠφελήσει
1154 5643 1232 5694 σε,
1265 5626 1555 5695 vestigium
1597 5627 1780 5695 potius
1825 5627 1995 5681 nostri

2093 4727 2256 4796 huius
2309 4725 2710 4796 ὠφελήσουσιν.

2167 4788 2250 4866 (j)
2273 4788 2381 4860 Elc'
2410 4788 2516 4866 τὸᾶθ
2539 4793 2914 4866 χειμᾴῤῥουν.
3104 4788 3423 4866 istnd__‘mili_i
3463 4789 3655 4866 genui-

2095 4858 2260 4921 num:
2292 4858 2372 4926 είς
2408 4864 2498 4916 τὸν
2519 4858 2786 4933 χειμῶνά,
2811 4860 3194 4933 quod-habent
3221 4858 3358 4933 S_ixt.
3388 4858 3442 4908 in
3471 4858 3655 4933 hieme,

2097 4952 2206 4990 non
2233 4935 2307 4988 ita
2331 4925 2576 5002 planum.
2599 4925 2939 5002 Certenihil
2967 4936 3115 5002 velat
3145 4927 3201 4980 in
3247 4925 3427 4979 hieme
3447 4925 3656 5002 _colligi

2098 4995 2350 5074 lapides;
2367 5001 2517 5074 unde
2529 5003 2696 5074 utilis
2729 4999 3020 5074 aediﬁcatio
3047 5002 3395 5074 consurgat:
3445 4995 3502 5074 in
3529 5003 3657 5074 tor-

2102 5063 2255 5128 re'nte
2279 5063 2411 5142 vero
2438 5071 2718 5142 colligere,
2763 5070 2867 5142 qui
2911 5063 3320 5142 omnia_rapiat
3365 5063 3653 5142 trahatque

2105 5159 2166 5197 ac
2191 5141 2502 5211 disperdat;
2532 5131 2597 5194 id
2610 5131 2746 5193 vero
2764 5131 3130 5211 s'tultum._uti
3164 5131 3330 5211 etiam
3359 5147 3426 5186 ex
3462 5131 3658 5211 alienis

2101 5200 2394 5286 aedificare,
2442 5200 2564 5278 quae
2603 5207 2905 5286 praesertim
2966 5205 3165 5286 iniuste
3216 5202 3340 5283 quis
3390 5200 3654 5286 possidet;

2103 5281 2279 5350 Facile
2304 5269 2406 5350 fuit
2424 5269 2644 5350 mutare
2669 5276 2999 5350 χειμάρρορν
3020 5269 3078 5328 in
3125 5269 3403 5350 laudium:
3435 5282 3489 5350 at
3511 5269 3655 5350 quod

2101 5352 2154 5404 in
2187 5349 2308 5404 aliis
2333 5349 2552 5420 legitur,
2584 5342 3203 5420 είςάῶμᾲςτῆςταφῆς
3231 5342 3418 5420 αὐτού,
3464 5342 3519 5392 in
3577 5347 3659 5420 tu:

2101 5420 2299 5472 mulum
2341 5413 2626 5488 sepultura:
2667 5413 2799 5488 sum,
2830 5414 2884 5469 id
2937 5413 3157 5488 quidem
3215 5413 3500 5488 remotius,
3552 5413 3667 5484 etsi!

2099 5505 2291 5543 sensus
2342 5477 2585 5556 optimus
2615 5495 2748 5562 c_st:_
2778 5477 3146 5562 fore_s'cilicet
3175 5497 3269 5562 cas
3312 5477 3456 5533 aedes
3503 5477 3659 5546 quasi

2098 5552 2514 5613 monumentum
2549 5565 2602 5611 et
2631 5557 2849 5612 titulum
2881 5554 2998 5625 cius
3040 5552 3342 5622 iniustitiae.
