  <div class='ocr_page' id='page_1' title='image "/cluster/home/n/w/nwhite01/storage/ocr_20150623/91/hvd.32044052742962/433.png"; bbox 0 0 3990 6176; ppageno 0'>
   <div class='ocr_carea' id='block_1_1' title="bbox 319 187 425 250">
    <p class='ocr_par' dir='ltr' id='par_1_1' title="bbox 319 187 425 250">
     <span class='ocr_line' id='line_1_1' title="bbox 319 187 425 250; baseline 0.019 -2"><span class='ocrx_word' id='word_1_1' title='bbox 319 187 425 250; x_wconf 75' lang='lat'><strong>855</strong></span> 
     </span>
    </p>
   </div>
   <div class='ocr_carea' id='block_1_2' title="bbox 1473 187 2421 248">
    <p class='ocr_par' dir='ltr' id='par_1_2' title="bbox 1473 187 2421 248">
     <span class='ocr_line' id='line_1_2' title="bbox 1473 187 2421 248; baseline 0 -1"><span class='ocrx_word' id='word_1_2' title='bbox 1473 188 1536 247; x_wconf 94' lang='lat' dir='ltr'><strong>S.</strong></span> <span class='ocrx_word' id='word_1_3' title='bbox 1579 187 1868 247; x_wconf 82' lang='lat' dir='ltr'><strong>MAXIMI</strong></span> <span class='ocrx_word' id='word_1_4' title='bbox 1910 187 2421 248; x_wconf 87' lang='lat' dir='ltr'><strong>CONFESSORIS</strong></span> 
     </span>
    </p>
   </div>
   <div class='ocr_carea' id='block_1_3' title="bbox 3464 190 3572 256">
    <p class='ocr_par' dir='ltr' id='par_1_3' title="bbox 3464 190 3572 256">
     <span class='ocr_line' id='line_1_3' title="bbox 3464 190 3572 256; baseline 0 0"><span class='ocrx_word' id='word_1_5' title='bbox 3464 190 3572 256; x_wconf 86' lang='lat'><strong>856</strong></span> 
     </span>
    </p>
   </div>
   <div class='ocr_carea' id='block_1_4' title="bbox 388 293 1904 370">
    <p class='ocr_par' dir='ltr' id='par_1_4' title="bbox 388 293 1904 365">
     <span class='ocr_line' id='line_1_4' title="bbox 388 293 1904 365; baseline 0 -17"><span class='ocrx_word' id='word_1_6' title='bbox 388 293 1031 350; x_wconf 83' lang='lat' dir='ltr'><strong>Basilii.—Alienorum</strong></span> <span class='ocrx_word' id='word_1_7' title='bbox 1077 295 1371 364; x_wconf 76' lang='lat' dir='ltr'><strong>expetitor,</strong></span> <span class='ocrx_word' id='word_1_8' title='bbox 1426 295 1591 363; x_wconf 89' lang='lat' dir='ltr'><strong>paulo</strong></span> <span class='ocrx_word' id='word_1_9' title='bbox 1636 305 1763 365; x_wconf 88' lang='lat' dir='ltr'><strong>post</strong></span> <span class='ocrx_word' id='word_1_10' title='bbox 1802 294 1904 348; x_wconf 86' lang='lat' dir='ltr'><strong>lu-’</strong></span> 
     </span>
    </p>
   </div>
   <div class='ocr_carea' id='block_1_5' title="bbox 2025 293 3576 370">
    <p class='ocr_par' dir='ltr' id='par_1_5' title="bbox 2069 295 3576 370">
     <span class='ocr_line' id='line_1_5' title="bbox 2069 295 3576 370; baseline 0.003 -21"><span class='ocrx_word' id='word_1_11' title='bbox 2069 297 2414 351; x_wconf 70' lang='grc' dir='ltr'>Βασιλείαν.</span> <span class='ocrx_word' id='word_1_12' title='bbox 2449 328 2513 340; x_wconf 87' lang='grc'><strong><em>-</em></strong></span> <span class='ocrx_word' id='word_1_13' title='bbox 2558 297 2617 350; x_wconf 92' lang='lat'><strong>&#39;0</strong></span> <span class='ocrx_word' id='word_1_14' title='bbox 2658 295 2772 349; x_wconf 86' lang='grc' dir='ltr'><strong>τῶν</strong></span> <span class='ocrx_word' id='word_1_15' title='bbox 2819 296 3118 368; x_wconf 77' lang='grc' dir='ltr'>ἀλλοτρίων</span> <span class='ocrx_word' id='word_1_16' title='bbox 3164 297 3329 367; x_wconf 74' lang='grc' dir='ltr'>ἐρῶν,</span> <span class='ocrx_word' id='word_1_17' title='bbox 3369 300 3487 370; x_wconf 85' lang='grc' dir='ltr'>μετ’</span> <span class='ocrx_word' id='word_1_18' title='bbox 3512 302 3576 354; x_wconf 77' lang='grc' dir='ltr'>οὗ</span> 
     </span>
    </p>
   </div>
   <div class='ocr_carea' id='block_1_6' title="bbox 322 384 942 455">
    <p class='ocr_par' dir='ltr' id='par_1_6' title="bbox 322 384 942 455">
     <span class='ocr_line' id='line_1_6' title="bbox 322 384 942 455; baseline -0.005 -16"><span class='ocrx_word' id='word_1_19' title='bbox 322 384 474 455; x_wconf 82' lang='lat' dir='ltr'><strong>gebit</strong></span> <span class='ocrx_word' id='word_1_20' title='bbox 507 384 626 439; x_wconf 87' lang='lat' dir='ltr'><strong>suis</strong></span> <span class='ocrx_word' id='word_1_21' title='bbox 651 385 942 453; x_wconf 89' lang='lat' dir='ltr'><strong>spoliatus.</strong></span> 
     </span>
    </p>
   </div>
   <div class='ocr_carea' id='block_1_7' title="bbox 391 474 1901 541">
    <p class='ocr_par' dir='ltr' id='par_1_7' title="bbox 391 474 1901 541">
     <span class='ocr_line' id='line_1_7' title="bbox 391 474 1901 541; baseline 0.001 -12"><span class='ocrx_word' id='word_1_22' title='bbox 391 475 548 530; x_wconf 88' lang='lat' dir='ltr'><strong><em>Prov.</em></strong></span> <span class='ocrx_word' id='word_1_23' title='bbox 581 477 896 539; x_wconf 72' lang='lat' dir='ltr'><strong>xxx,16.-—</strong></span> <span class='ocrx_word' id='word_1_24' title='bbox 918 474 1135 541; x_wconf 88' lang='lat' dir='ltr'><strong>Quanta</strong></span> <span class='ocrx_word' id='word_1_25' title='bbox 1191 475 1340 531; x_wconf 83' lang='lat' dir='ltr'><strong>videt</strong></span> <span class='ocrx_word' id='word_1_26' title='bbox 1369 476 1585 536; x_wconf 87' lang='lat' dir='ltr'><strong>oculus.</strong></span> <span class='ocrx_word' id='word_1_27' title='bbox 1620 484 1771 529; x_wconf 85' lang='lat' dir='ltr'><strong>tanta</strong></span> <span class='ocrx_word' id='word_1_28' title='bbox 1800 474 1901 530; x_wconf 92' lang='lat' dir='ltr'><strong>de-</strong></span> 
     </span>
    </p>
   </div>
   <div class='ocr_carea' id='block_1_8' title="bbox 322 558 1900 629">
    <p class='ocr_par' dir='ltr' id='par_1_8' title="bbox 322 558 1900 629">
     <span class='ocr_line' id='line_1_8' title="bbox 322 558 1900 629; baseline -0.002 -6"><span class='ocrx_word' id='word_1_29' title='bbox 322 567 530 623; x_wconf 79' lang='lat' dir='ltr'><strong>siderat</strong></span> <span class='ocrx_word' id='word_1_30' title='bbox 572 582 795 622; x_wconf 83' lang='lat' dir='ltr'><strong>avarus.</strong></span> <span class='ocrx_word' id='word_1_31' title='bbox 840 566 1094 622; x_wconf 81' lang='lat' dir='ltr'><strong>Infernus</strong></span> <span class='ocrx_word' id='word_1_32' title='bbox 1143 583 1254 622; x_wconf 89' lang='lat' dir='ltr'><strong>non</strong></span> <span class='ocrx_word' id='word_1_33' title='bbox 1298 558 1755 629; x_wconf 79' lang='lat' dir='ltr'><strong>dixit:Suilicit;</strong></span> <span class='ocrx_word' id='word_1_34' title='bbox 1798 581 1900 620; x_wconf 91' lang='lat' dir='ltr'><strong>nec</strong></span> 
     </span>
    </p>
   </div>
   <div class='ocr_carea' id='block_1_9' title="bbox 322 656 1894 739">
    <p class='ocr_par' dir='ltr' id='par_1_9' title="bbox 322 656 1894 739">
     <span class='ocr_line' id='line_1_9' title="bbox 322 656 1894 739; baseline -0.004 -24"><span class='ocrx_word' id='word_1_35' title='bbox 322 675 520 715; x_wconf 87' lang='lat' dir='ltr'><strong>avarus</strong></span> <span class='ocrx_word' id='word_1_36' title='bbox 546 675 610 714; x_wconf 93' lang='lat' dir='ltr'><strong>ac</strong></span> <span class='ocrx_word' id='word_1_37' title='bbox 659 660 884 729; x_wconf 85' lang='lat' dir='ltr'><strong>iniquus</strong></span> <span class='ocrx_word' id='word_1_38' title='bbox 918 668 1106 730; x_wconf 87' lang='lat' dir='ltr'><strong>raptor</strong></span> <span class='ocrx_word' id='word_1_39' title='bbox 1151 674 1393 739; x_wconf 82' lang='lat' dir='ltr'><strong>unquam</strong></span> <span class='ocrx_word' id='word_1_40' title='bbox 1431 658 1574 713; x_wconf 82' lang='lat' dir='ltr'><strong>dixit</strong></span> <span class='ocrx_word' id='word_1_41' title='bbox 1605 676 1618 711; x_wconf 90' lang='lat'><strong>:</strong></span> <span class='ocrx_word' id='word_1_42' title='bbox 1658 656 1894 711; x_wconf 77' lang='lat' dir='ltr'><strong>Suﬂicit.</strong></span> 
     </span>
    </p>
   </div>
   <div class='ocr_carea' id='block_1_10' title="bbox 320 748 1893 817">
    <p class='ocr_par' dir='ltr' id='par_1_10' title="bbox 320 748 1893 817">
     <span class='ocr_line' id='line_1_10' title="bbox 320 748 1893 817; baseline -0.003 -10"><span class='ocrx_word' id='word_1_43' title='bbox 320 753 496 807; x_wconf 83' lang='lat' dir='ltr'><strong>Malus</strong></span> <span class='ocrx_word' id='word_1_44' title='bbox 544 752 638 807; x_wconf 89' lang='lat' dir='ltr'><strong>hic</strong></span> <span class='ocrx_word' id='word_1_45' title='bbox 706 752 760 805; x_wconf 89' lang='lat' dir='ltr'><strong>in</strong></span> <span class='ocrx_word' id='word_1_46' title='bbox 817 752 954 805; x_wconf 85' lang='lat' dir='ltr'><strong>urbe</strong></span> <span class='ocrx_word' id='word_1_47' title='bbox 1014 767 1301 817; x_wconf 80' lang='lat' dir='ltr'><strong>convena,</strong></span> <span class='ocrx_word' id='word_1_48' title='bbox 1352 751 1533 805; x_wconf 88' lang='lat' dir='ltr'><strong>malus</strong></span> <span class='ocrx_word' id='word_1_49' title='bbox 1581 750 1703 804; x_wconf 89' lang='lat' dir='ltr'><strong>ruri</strong></span> <span class='ocrx_word' id='word_1_50' title='bbox 1750 748 1893 803; x_wconf 84' lang='lat' dir='ltr'><strong>vici—</strong></span> 
     </span>
    </p>
   </div>
   <div class='ocr_carea' id='block_1_11' title="bbox 320 842 1896 914">
    <p class='ocr_par' dir='ltr' id='par_1_11' title="bbox 320 842 1896 914">
     <span class='ocr_line' id='line_1_11' title="bbox 320 842 1896 914; baseline -0.002 -16"><span class='ocrx_word' id='word_1_51' title='bbox 320 858 449 898; x_wconf 88' lang='lat' dir='ltr'><strong>nus.</strong></span> <span class='ocrx_word' id='word_1_52' title='bbox 473 842 622 898; x_wconf 88' lang='lat' dir='ltr'><strong>Mare</strong></span> <span class='ocrx_word' id='word_1_53' title='bbox 656 857 788 897; x_wconf 92' lang='lat' dir='ltr'><strong>suos</strong></span> <span class='ocrx_word' id='word_1_54' title='bbox 830 842 967 899; x_wconf 79' lang='lat' dir='ltr'><strong>fines</strong></span> <span class='ocrx_word' id='word_1_55' title='bbox 1007 843 1258 914; x_wconf 77' lang='lat' dir='ltr'><strong>agnoscit</strong></span> <span class='ocrx_word' id='word_1_56' title='bbox 1290 860 1304 907; x_wconf 91' lang='lat'><strong>;</strong></span> <span class='ocrx_word' id='word_1_57' title='bbox 1371 859 1481 897; x_wconf 84' lang='lat' dir='ltr'><strong>nox</strong></span> <span class='ocrx_word' id='word_1_58' title='bbox 1511 858 1734 913; x_wconf 91' lang='lat' dir='ltr'><strong>quoque</strong></span> <span class='ocrx_word' id='word_1_59' title='bbox 1762 842 1896 896; x_wconf 91' lang='lat' dir='ltr'><strong>olim</strong></span> 
     </span>
    </p>
   </div>
   <div class='ocr_carea' id='block_1_12' title="bbox 320 924 1897 1009">
    <p class='ocr_par' dir='ltr' id='par_1_12' title="bbox 320 924 1897 1009">
     <span class='ocr_line' id='line_1_12' title="bbox 320 924 1897 1009; baseline -0.001 -19"><span class='ocrx_word' id='word_1_60' title='bbox 320 924 532 1006; x_wconf 68' lang='lat' dir='ltr'><strong>positos</strong></span> <span class='ocrx_word' id='word_1_61' title='bbox 570 935 839 991; x_wconf 83' lang='lat' dir='ltr'><strong>terminos</strong></span> <span class='ocrx_word' id='word_1_62' title='bbox 885 951 998 990; x_wconf 90' lang='lat' dir='ltr'><strong>non</strong></span> <span class='ocrx_word' id='word_1_63' title='bbox 1053 935 1394 991; x_wconf 79' lang='lat' dir='ltr'><strong>transcendit</strong></span> <span class='ocrx_word' id='word_1_64' title='bbox 1438 934 1554 1009; x_wconf 86' lang='lat' dir='ltr'><strong>(Job</strong></span> <span class='ocrx_word' id='word_1_65' title='bbox 1599 950 1744 1001; x_wconf 79' lang='lat' dir='ltr'><strong>xxvi,</strong></span> <span class='ocrx_word' id='word_1_66' title='bbox 1788 935 1897 1003; x_wconf 83' lang='lat' dir='ltr'><strong>lO;</strong></span> 
     </span>
    </p>
   </div>
   <div class='ocr_carea' id='block_1_13' title="bbox 222 1026 1896 1101">
    <p class='ocr_par' dir='ltr' id='par_1_13' title="bbox 222 1026 1896 1101">
     <span class='ocr_line' id='line_1_13' title="bbox 222 1026 1896 1101; baseline -0.002 -18"><span class='ocrx_word' id='word_1_67' title='bbox 222 1078 227 1083; x_wconf 82' lang='lat'><strong>.</strong></span> <span class='ocrx_word' id='word_1_68' title='bbox 322 1026 453 1085; x_wconf 85' lang='lat' dir='ltr'><strong>Gen.</strong></span> <span class='ocrx_word' id='word_1_69' title='bbox 480 1046 519 1095; x_wconf 81' lang='grc' dir='ltr'><strong>ι,</strong></span> <span class='ocrx_word' id='word_1_70' title='bbox 537 1028 625 1101; x_wconf 87' lang='grc'><strong>9).</strong></span> <span class='ocrx_word' id='word_1_71' title='bbox 647 1028 862 1083; x_wconf 82' lang='lat' dir='ltr'><strong>Avarus</strong></span> <span class='ocrx_word' id='word_1_72' title='bbox 884 1036 1069 1083; x_wconf 86' lang='lat' dir='ltr'><strong>autem</strong></span> <span class='ocrx_word' id='word_1_73' title='bbox 1087 1030 1301 1083; x_wconf 91' lang='lat' dir='ltr'><strong>nullum</strong></span> <span class='ocrx_word' id='word_1_74' title='bbox 1332 1037 1551 1099; x_wconf 91' lang='lat' dir='ltr'><strong>tempus</strong></span> <span class='ocrx_word' id='word_1_75' title='bbox 1577 1036 1896 1084; x_wconf 82' lang='lat' dir='ltr'><strong>reveretur:</strong></span> 
     </span>
    </p>
   </div>
   <div class='ocr_carea' id='block_1_14' title="bbox 323 1119 1898 1191">
    <p class='ocr_par' dir='ltr' id='par_1_14' title="bbox 323 1119 1898 1191">
     <span class='ocr_line' id='line_1_14' title="bbox 323 1119 1898 1191; baseline -0.003 -14"><span class='ocrx_word' id='word_1_76' title='bbox 323 1121 625 1177; x_wconf 84' lang='lat' dir='ltr'><strong>terminum</strong></span> <span class='ocrx_word' id='word_1_77' title='bbox 666 1136 778 1176; x_wconf 91' lang='lat' dir='ltr'><strong>non</strong></span> <span class='ocrx_word' id='word_1_78' title='bbox 817 1121 1104 1191; x_wconf 78' lang='lat' dir='ltr'><strong>agnoscit,</strong></span> <span class='ocrx_word' id='word_1_79' title='bbox 1142 1136 1246 1176; x_wconf 90' lang='lat' dir='ltr'><strong>nec</strong></span> <span class='ocrx_word' id='word_1_80' title='bbox 1292 1120 1665 1176; x_wconf 90' lang='lat' dir='ltr'><strong>successionis</strong></span> <span class='ocrx_word' id='word_1_81' title='bbox 1712 1119 1898 1174; x_wconf 87' lang='lat' dir='ltr'><strong>ordini</strong></span> 
     </span>
    </p>
   </div>
   <div class='ocr_carea' id='block_1_15' title="bbox 321 1210 1896 1281">
    <p class='ocr_par' dir='ltr' id='par_1_15' title="bbox 321 1210 1896 1281">
     <span class='ocr_line' id='line_1_15' title="bbox 321 1210 1896 1281; baseline -0.003 -14"><span class='ocrx_word' id='word_1_82' title='bbox 321 1211 620 1278; x_wconf 88' lang='lat' dir='ltr'><strong>concedit;</strong></span> <span class='ocrx_word' id='word_1_83' title='bbox 681 1211 777 1267; x_wconf 91' lang='lat' dir='ltr'><strong>sed</strong></span> <span class='ocrx_word' id='word_1_84' title='bbox 832 1211 977 1281; x_wconf 82' lang='lat' dir='ltr'><strong>ignis</strong></span> <span class='ocrx_word' id='word_1_85' title='bbox 1021 1211 1343 1267; x_wconf 88' lang='lat' dir='ltr'><strong>violentiam</strong></span> <span class='ocrx_word' id='word_1_86' title='bbox 1385 1213 1662 1276; x_wconf 84' lang='lat' dir='ltr'><strong>imitatur;</strong></span> <span class='ocrx_word' id='word_1_87' title='bbox 1709 1210 1896 1264; x_wconf 91' lang='lat' dir='ltr'><strong>omnia</strong></span> 
     </span>
    </p>
   </div>
   <div class='ocr_carea' id='block_1_16' title="bbox 322 1301 1898 1375">
    <p class='ocr_par' dir='ltr' id='par_1_16' title="bbox 322 1301 1898 1375">
     <span class='ocr_line' id='line_1_16' title="bbox 322 1301 1898 1375; baseline -0.001 -18"><span class='ocrx_word' id='word_1_88' title='bbox 322 1302 576 1372; x_wconf 89' lang='lat' dir='ltr'><strong>corripit,</strong></span> <span class='ocrx_word' id='word_1_89' title='bbox 609 1303 797 1357; x_wconf 91' lang='lat' dir='ltr'><strong>omnia</strong></span> <span class='ocrx_word' id='word_1_90' title='bbox 822 1303 1142 1359; x_wconf 89' lang='lat' dir='ltr'><strong>absumitet</strong></span> <span class='ocrx_word' id='word_1_91' title='bbox 1171 1303 1507 1375; x_wconf 87' lang='lat' dir='ltr'><strong>depascitur.</strong></span> <span class='ocrx_word' id='word_1_92' title='bbox 1541 1301 1683 1369; x_wconf 88' lang='lat' dir='ltr'><strong>Quid</strong></span> <span class='ocrx_word' id='word_1_93' title='bbox 1727 1302 1898 1372; x_wconf 79' lang='lat' dir='ltr'><strong>igitur</strong></span> 
     </span>
    </p>
   </div>
   <div class='ocr_carea' id='block_1_17' title="bbox 320 1392 1899 1462">
    <p class='ocr_par' dir='ltr' id='par_1_17' title="bbox 320 1392 1899 1462">
     <span class='ocr_line' id='line_1_17' title="bbox 320 1392 1899 1462; baseline -0.001 -15"><span class='ocrx_word' id='word_1_94' title='bbox 320 1394 557 1462; x_wconf 87' lang='lat' dir='ltr'><strong>postea?</strong></span> <span class='ocrx_word' id='word_1_95' title='bbox 589 1393 784 1449; x_wconf 89' lang='lat' dir='ltr'><strong>Nonne</strong></span> <span class='ocrx_word' id='word_1_96' title='bbox 818 1404 931 1450; x_wconf 91' lang='lat' dir='ltr'><strong>tres</strong></span> <span class='ocrx_word' id='word_1_97' title='bbox 961 1395 1265 1450; x_wconf 87' lang='lat' dir='ltr'><strong>universim</strong></span> <span class='ocrx_word' id='word_1_98' title='bbox 1311 1404 1366 1450; x_wconf 92' lang='lat' dir='ltr'><strong>te</strong></span> <span class='ocrx_word' id='word_1_99' title='bbox 1397 1394 1575 1451; x_wconf 86' lang='lat' dir='ltr'><strong>cubiti</strong></span> <span class='ocrx_word' id='word_1_100' title='bbox 1624 1401 1850 1448; x_wconf 87' lang='lat' dir='ltr'><strong>manent</strong></span> <span class='ocrx_word' id='word_1_101' title='bbox 1876 1392 1899 1445; x_wconf 88' lang='lat'><strong>?</strong></span> 
     </span>
    </p>
   </div>
   <div class='ocr_carea' id='block_1_18' title="bbox 321 1483 1899 1556">
    <p class='ocr_par' dir='ltr' id='par_1_18' title="bbox 321 1483 1899 1556">
     <span class='ocr_line' id='line_1_18' title="bbox 321 1483 1899 1556; baseline 0.001 -19"><span class='ocrx_word' id='word_1_102' title='bbox 321 1483 515 1539; x_wconf 86' lang='lat' dir='ltr'><strong>Nonne</strong></span> <span class='ocrx_word' id='word_1_103' title='bbox 574 1500 879 1555; x_wconf 91' lang='lat' dir='ltr'><strong>paucorum</strong></span> <span class='ocrx_word' id='word_1_104' title='bbox 938 1487 1185 1556; x_wconf 89' lang='lat' dir='ltr'><strong>lapidum</strong></span> <span class='ocrx_word' id='word_1_105' title='bbox 1222 1487 1397 1542; x_wconf 87' lang='lat' dir='ltr'><strong>moles</strong></span> <span class='ocrx_word' id='word_1_106' title='bbox 1420 1487 1489 1540; x_wconf 93' lang='lat' dir='ltr'><strong>ad</strong></span> <span class='ocrx_word' id='word_1_107' title='bbox 1552 1485 1899 1541; x_wconf 88' lang='lat' dir='ltr'><strong>condendam</strong></span> 
     </span>
    </p>
   </div>
   <div class='ocr_carea' id='block_1_19' title="bbox 322 1574 1903 1648">
    <p class='ocr_par' dir='ltr' id='par_1_19' title="bbox 322 1574 1903 1648">
     <span class='ocr_line' id='line_1_19' title="bbox 322 1574 1903 1648; baseline 0.001 -23"><span class='ocrx_word' id='word_1_108' title='bbox 322 1574 828 1639; x_wconf 79' lang='lat' dir='ltr'><strong>miseramcarnem</strong></span> <span class='ocrx_word' id='word_1_109' title='bbox 862 1574 1095 1631; x_wconf 84' lang='lat' dir='ltr'><strong>suiIiciet</strong></span> <span class='ocrx_word' id='word_1_110' title='bbox 1121 1576 1145 1629; x_wconf 86' lang='lat'><strong>?</strong></span> <span class='ocrx_word' id='word_1_111' title='bbox 1169 1576 1250 1631; x_wconf 84' lang='lat' dir='ltr'><strong>Ad</strong></span> <span class='ocrx_word' id='word_1_112' title='bbox 1280 1575 1415 1646; x_wconf 91' lang='lat' dir='ltr'><strong>quid</strong></span> <span class='ocrx_word' id='word_1_113' title='bbox 1448 1575 1615 1648; x_wconf 78' lang='lat' dir='ltr'><strong>igitur</strong></span> <span class='ocrx_word' id='word_1_114' title='bbox 1641 1574 1903 1631; x_wconf 86' lang='lat' dir='ltr'><strong>laboras?</strong></span> 
     </span>
    </p>
   </div>
   <div class='ocr_carea' id='block_1_20' title="bbox 320 1664 984 1738">
    <p class='ocr_par' dir='ltr' id='par_1_20' title="bbox 320 1664 984 1738">
     <span class='ocr_line' id='line_1_20' title="bbox 320 1664 984 1738; baseline 0.005 -21"><span class='ocrx_word' id='word_1_115' title='bbox 320 1664 594 1730; x_wconf 85' lang='lat' dir='ltr'><strong>Quorsum</strong></span> <span class='ocrx_word' id='word_1_116' title='bbox 621 1666 808 1737; x_wconf 89' lang='lat' dir='ltr'><strong>inique</strong></span> <span class='ocrx_word' id='word_1_117' title='bbox 830 1667 984 1738; x_wconf 82' lang='lat' dir='ltr'><strong>agis?</strong></span> 
     </span>
    </p>
   </div>
   <div class='ocr_carea' id='block_1_21' title="bbox 391 1754 1901 1827">
    <p class='ocr_par' dir='ltr' id='par_1_21' title="bbox 391 1754 1901 1827">
     <span class='ocr_line' id='line_1_21' title="bbox 391 1754 1901 1827; baseline 0.002 -18"><span class='ocrx_word' id='word_1_118' title='bbox 391 1754 627 1810; x_wconf 58' lang='lat' dir='ltr'><strong>Praestat</strong></span> <span class='ocrx_word' id='word_1_119' title='bbox 675 1757 940 1827; x_wconf 88' lang='lat' dir='ltr'><strong>paulatim</strong></span> <span class='ocrx_word' id='word_1_120' title='bbox 990 1757 1267 1813; x_wconf 89' lang='lat' dir='ltr'><strong>industria</strong></span> <span class='ocrx_word' id='word_1_121' title='bbox 1308 1774 1374 1814; x_wconf 90' lang='lat' dir='ltr'><strong>ac</strong></span> <span class='ocrx_word' id='word_1_122' title='bbox 1422 1758 1675 1813; x_wconf 88' lang='lat' dir='ltr'><strong>consiliis</strong></span> <span class='ocrx_word' id='word_1_123' title='bbox 1714 1758 1901 1812; x_wconf 89' lang='lat' dir='ltr'><strong>levare</strong></span> 
     </span>
    </p>
   </div>
   <div class='ocr_carea' id='block_1_22' title="bbox 323 1846 1905 1919">
    <p class='ocr_par' dir='ltr' id='par_1_22' title="bbox 323 1846 1905 1919">
     <span class='ocr_line' id='line_1_22' title="bbox 323 1846 1905 1919; baseline 0.003 -20"><span class='ocrx_word' id='word_1_124' title='bbox 323 1846 591 1917; x_wconf 89' lang='lat' dir='ltr'><strong>inopiam,</strong></span> <span class='ocrx_word' id='word_1_125' title='bbox 631 1863 795 1918; x_wconf 90' lang='lat' dir='ltr'><strong>quam</strong></span> <span class='ocrx_word' id='word_1_126' title='bbox 848 1857 1077 1919; x_wconf 89' lang='lat' dir='ltr'><strong>repente</strong></span> <span class='ocrx_word' id='word_1_127' title='bbox 1108 1850 1305 1905; x_wconf 86' lang='lat' dir='ltr'><strong>alienis</strong></span> <span class='ocrx_word' id='word_1_128' title='bbox 1343 1851 1649 1915; x_wconf 89' lang='lat' dir='ltr'><strong>sublatum,</strong></span> <span class='ocrx_word' id='word_1_129' title='bbox 1691 1849 1758 1904; x_wconf 92' lang='lat' dir='ltr'><strong>ad</strong></span> <span class='ocrx_word' id='word_1_130' title='bbox 1809 1864 1905 1903; x_wconf 81' lang='lat' dir='ltr'><strong>ex-</strong></span> 
     </span>
    </p>
   </div>
   <div class='ocr_carea' id='block_1_23' title="bbox 326 1938 1349 1995">
    <p class='ocr_par' dir='ltr' id='par_1_23' title="bbox 326 1938 1349 1995">
     <span class='ocr_line' id='line_1_23' title="bbox 326 1938 1349 1995; baseline 0.004 -6"><span class='ocrx_word' id='word_1_131' title='bbox 326 1945 565 1991; x_wconf 89' lang='lat' dir='ltr'><strong>tremum</strong></span> <span class='ocrx_word' id='word_1_132' title='bbox 596 1938 748 1992; x_wconf 89' lang='lat' dir='ltr'><strong>omni</strong></span> <span class='ocrx_word' id='word_1_133' title='bbox 773 1938 1088 1995; x_wconf 81' lang='lat' dir='ltr'><strong>substantia</strong></span> <span class='ocrx_word' id='word_1_134' title='bbox 1126 1939 1349 1994; x_wconf 89' lang='lat' dir='ltr'><strong>nudari.</strong></span> 
     </span>
    </p>
   </div>
   <div class='ocr_carea' id='block_1_24' title="bbox 395 2026 1900 2101">
    <p class='ocr_par' dir='ltr' id='par_1_24' title="bbox 395 2026 1900 2101">
     <span class='ocr_line' id='line_1_24' title="bbox 395 2026 1900 2101; baseline 0.002 -19"><span class='ocrx_word' id='word_1_135' title='bbox 395 2026 501 2094; x_wconf 87' lang='lat' dir='ltr'><strong>Qui</strong></span> <span class='ocrx_word' id='word_1_136' title='bbox 519 2044 584 2083; x_wconf 90' lang='lat' dir='ltr'><strong>ea</strong></span> <span class='ocrx_word' id='word_1_137' title='bbox 612 2045 735 2099; x_wconf 69' lang='lat' dir='ltr'><strong>qua:</strong></span> <span class='ocrx_word' id='word_1_138' title='bbox 760 2038 890 2084; x_wconf 87' lang='lat' dir='ltr'><strong>sunt</strong></span> <span class='ocrx_word' id='word_1_139' title='bbox 914 2031 1144 2086; x_wconf 91' lang='lat' dir='ltr'><strong>alterius</strong></span> <span class='ocrx_word' id='word_1_140' title='bbox 1166 2032 1465 2101; x_wconf 86' lang='lat' dir='ltr'><strong>accipiens,</strong></span> <span class='ocrx_word' id='word_1_141' title='bbox 1498 2030 1661 2085; x_wconf 87' lang='lat' dir='ltr'><strong>alteri</strong></span> <span class='ocrx_word' id='word_1_142' title='bbox 1684 2029 1900 2094; x_wconf 88' lang='lat' dir='ltr'><strong>tribuit,</strong></span> 
     </span>
    </p>
   </div>
   <div class='ocr_carea' id='block_1_25' title="bbox 326 2121 1896 2192">
    <p class='ocr_par' dir='ltr' id='par_1_25' title="bbox 326 2121 1896 2192">
     <span class='ocr_line' id='line_1_25' title="bbox 326 2121 1896 2192; baseline -0.003 -16"><span class='ocrx_word' id='word_1_143' title='bbox 326 2121 376 2176; x_wconf 88' lang='lat' dir='ltr'><strong>is</strong></span> <span class='ocrx_word' id='word_1_144' title='bbox 418 2135 530 2175; x_wconf 87' lang='lat' dir='ltr'><strong>non</strong></span> <span class='ocrx_word' id='word_1_145' title='bbox 562 2121 963 2177; x_wconf 66' lang='lat' dir='ltr'><strong>misericordiae</strong></span> <span class='ocrx_word' id='word_1_146' title='bbox 991 2137 1132 2192; x_wconf 91' lang='lat' dir='ltr'><strong>opus</strong></span> <span class='ocrx_word' id='word_1_147' title='bbox 1162 2131 1405 2188; x_wconf 83' lang='lat' dir='ltr'><strong>exercet,</strong></span> <span class='ocrx_word' id='word_1_148' title='bbox 1439 2122 1540 2177; x_wconf 88' lang='lat' dir='ltr'><strong>sed</strong></span> <span class='ocrx_word' id='word_1_149' title='bbox 1585 2128 1896 2175; x_wconf 82' lang='lat' dir='ltr'><strong>extremam</strong></span> 
     </span>
    </p>
   </div>
   <div class='ocr_carea' id='block_1_26' title="bbox 328 2199 1907 2283">
    <p class='ocr_par' dir='ltr' id='par_1_26' title="bbox 328 2199 1907 2283">
     <span class='ocr_line' id='line_1_26' title="bbox 328 2199 1907 2283; baseline -0.001 -18"><span class='ocrx_word' id='word_1_150' title='bbox 328 2211 660 2283; x_wconf 88' lang='lat' dir='ltr'><strong>injustitiam</strong></span> <span class='ocrx_word' id='word_1_151' title='bbox 688 2211 845 2268; x_wconf 82' lang='lat' dir='ltr'><strong>facit.</strong></span> <span class='ocrx_word' id='word_1_152' title='bbox 895 2212 1031 2267; x_wconf 86' lang='lat' dir='ltr'><strong>Nam</strong></span> <span class='ocrx_word' id='word_1_153' title='bbox 1064 2213 1112 2267; x_wconf 93' lang='lat' dir='ltr'><strong>si</strong></span> <span class='ocrx_word' id='word_1_154' title='bbox 1147 2228 1215 2268; x_wconf 84' lang='lat' dir='ltr'><strong>ex</strong></span> <span class='ocrx_word' id='word_1_155' title='bbox 1261 2213 1462 2269; x_wconf 84' lang='lat' dir='ltr'><strong>ablatis</strong></span> <span class='ocrx_word' id='word_1_156' title='bbox 1506 2227 1609 2283; x_wconf 91' lang='lat' dir='ltr'><strong>per</strong></span> <span class='ocrx_word' id='word_1_157' title='bbox 1641 2199 1907 2282; x_wconf 87' lang='lat' dir='ltr'><strong>injuriam</strong></span> 
     </span>
    </p>
   </div>
   <div class='ocr_carea' id='block_1_27' title="bbox 328 2299 1905 2371">
    <p class='ocr_par' dir='ltr' id='par_1_27' title="bbox 328 2299 1905 2371">
     <span class='ocr_line' id='line_1_27' title="bbox 328 2299 1905 2371; baseline -0.001 -16"><span class='ocrx_word' id='word_1_158' title='bbox 328 2299 765 2355; x_wconf 88' lang='lat' dir='ltr'><strong>misericordiam</strong></span> <span class='ocrx_word' id='word_1_159' title='bbox 809 2301 1104 2371; x_wconf 89' lang='lat' dir='ltr'><strong>impendis,</strong></span> <span class='ocrx_word' id='word_1_160' title='bbox 1148 2300 1260 2355; x_wconf 89' lang='lat' dir='ltr'><strong>illis</strong></span> <span class='ocrx_word' id='word_1_161' title='bbox 1297 2301 1557 2371; x_wconf 90' lang='lat' dir='ltr'><strong>impende</strong></span> <span class='ocrx_word' id='word_1_162' title='bbox 1612 2316 1640 2355; x_wconf 90' lang='lat' dir='ltr'><strong>a</strong></span> <span class='ocrx_word' id='word_1_163' title='bbox 1697 2300 1905 2370; x_wconf 88' lang='lat' dir='ltr'><strong>quibus</strong></span> 
     </span>
    </p>
   </div>
   <div class='ocr_carea' id='block_1_28' title="bbox 329 2390 1907 2465">
    <p class='ocr_par' dir='ltr' id='par_1_28' title="bbox 329 2390 1907 2465">
     <span class='ocr_line' id='line_1_28' title="bbox 329 2390 1907 2465; baseline -0.001 -19"><span class='ocrx_word' id='word_1_164' title='bbox 329 2391 630 2447; x_wconf 86' lang='lat' dir='ltr'><strong>abstulisti.</strong></span> <span class='ocrx_word' id='word_1_165' title='bbox 658 2390 877 2447; x_wconf 88' lang='lat' dir='ltr'><strong>Etenim</strong></span> <span class='ocrx_word' id='word_1_166' title='bbox 911 2392 1036 2463; x_wconf 89' lang='lat' dir='ltr'><strong>pius</strong></span> <span class='ocrx_word' id='word_1_167' title='bbox 1083 2400 1169 2448; x_wconf 91' lang='lat' dir='ltr'><strong>est</strong></span> <span class='ocrx_word' id='word_1_168' title='bbox 1194 2408 1257 2447; x_wconf 85' lang='lat' dir='ltr'><strong>ac</strong></span> <span class='ocrx_word' id='word_1_169' title='bbox 1291 2393 1607 2465; x_wconf 77' lang='lat' dir='ltr'><strong>religiosus,</strong></span> <span class='ocrx_word' id='word_1_170' title='bbox 1661 2407 1772 2446; x_wconf 87' lang='lat' dir='ltr'><strong>non</strong></span> <span class='ocrx_word' id='word_1_171' title='bbox 1811 2390 1907 2461; x_wconf 88' lang='lat' dir='ltr'><strong>qui</strong></span> 
     </span>
    </p>
   </div>
   <div class='ocr_carea' id='block_1_29' title="bbox 329 2481 1908 2556">
    <p class='ocr_par' dir='ltr' id='par_1_29' title="bbox 329 2481 1908 2556">
     <span class='ocr_line' id='line_1_29' title="bbox 329 2481 1908 2556; baseline -0.003 -18"><span class='ocrx_word' id='word_1_172' title='bbox 329 2484 387 2539; x_wconf 90' lang='lat' dir='ltr'><strong>in</strong></span> <span class='ocrx_word' id='word_1_173' title='bbox 416 2484 623 2540; x_wconf 91' lang='lat' dir='ltr'><strong>multos</strong></span> <span class='ocrx_word' id='word_1_174' title='bbox 657 2483 896 2540; x_wconf 72' lang='lat' dir='ltr'><strong>etl‘undit</strong></span> <span class='ocrx_word' id='word_1_175' title='bbox 928 2484 1374 2556; x_wconf 78' lang='lat' dir='ltr'><strong>eleemosynam,</strong></span> <span class='ocrx_word' id='word_1_176' title='bbox 1424 2482 1522 2539; x_wconf 90' lang='lat' dir='ltr'><strong>sed</strong></span> <span class='ocrx_word' id='word_1_177' title='bbox 1544 2483 1640 2553; x_wconf 92' lang='lat' dir='ltr'><strong>qui</strong></span> <span class='ocrx_word' id='word_1_178' title='bbox 1689 2481 1908 2537; x_wconf 89' lang='lat' dir='ltr'><strong>nullum</strong></span> 
     </span>
    </p>
   </div>
   <div class='ocr_carea' id='block_1_30' title="bbox 330 2572 736 2643">
    <p class='ocr_par' dir='ltr' id='par_1_30' title="bbox 330 2572 736 2643">
     <span class='ocr_line' id='line_1_30' title="bbox 330 2572 736 2643; baseline 0 -16"><span class='ocrx_word' id='word_1_179' title='bbox 330 2573 535 2643; x_wconf 86' lang='lat' dir='ltr'><strong>injuria</strong></span> <span class='ocrx_word' id='word_1_180' title='bbox 564 2572 736 2627; x_wconf 62' lang='lat' dir='ltr'><strong>laedit.</strong></span> 
     </span>
    </p>
   </div>
   <div class='ocr_carea' id='block_1_31' title="bbox 394 2661 1903 2733">
    <p class='ocr_par' dir='ltr' id='par_1_31' title="bbox 394 2661 1903 2733">
     <span class='ocr_line' id='line_1_31' title="bbox 394 2661 1903 2733; baseline -0.002 -17"><span class='ocrx_word' id='word_1_181' title='bbox 394 2663 657 2733; x_wconf 81' lang='lat' dir='ltr'><strong>Theologi.</strong></span> <span class='ocrx_word' id='word_1_182' title='bbox 682 2693 753 2702; x_wconf 91' lang='lat'>—</span> <span class='ocrx_word' id='word_1_183' title='bbox 783 2662 966 2718; x_wconf 90' lang='lat' dir='ltr'><strong>Scorti</strong></span> <span class='ocrx_word' id='word_1_184' title='bbox 998 2678 1210 2719; x_wconf 88' lang='lat' dir='ltr'><strong>merces</strong></span> <span class='ocrx_word' id='word_1_185' title='bbox 1230 2678 1342 2718; x_wconf 89' lang='lat' dir='ltr'><strong>non</strong></span> <span class='ocrx_word' id='word_1_186' title='bbox 1370 2671 1521 2718; x_wconf 91' lang='lat' dir='ltr'><strong>caste</strong></span> <span class='ocrx_word' id='word_1_187' title='bbox 1547 2661 1903 2732; x_wconf 87' lang='lat' dir='ltr'><strong>dispertitur.</strong></span> 
     </span>
    </p>
   </div>
   <div class='ocr_carea' id='block_1_32' title="bbox 330 2751 1907 2818">
    <p class='ocr_par' dir='ltr' id='par_1_32' title="bbox 330 2751 1907 2818">
     <span class='ocr_line' id='line_1_32' title="bbox 330 2751 1907 2818; baseline -0.001 -10"><span class='ocrx_word' id='word_1_188' title='bbox 330 2753 603 2808; x_wconf 66' lang='lat' dir='ltr'><strong>Extremie</strong></span> <span class='ocrx_word' id='word_1_189' title='bbox 633 2752 784 2807; x_wconf 90' lang='lat' dir='ltr'><strong>enim</strong></span> <span class='ocrx_word' id='word_1_190' title='bbox 817 2753 1058 2809; x_wconf 65' lang='lat' dir='ltr'><strong>miseriae</strong></span> <span class='ocrx_word' id='word_1_191' title='bbox 1083 2759 1189 2818; x_wconf 91' lang='lat' dir='ltr'><strong>est,</strong></span> <span class='ocrx_word' id='word_1_192' title='bbox 1244 2767 1356 2808; x_wconf 88' lang='lat' dir='ltr'><strong>nou</strong></span> <span class='ocrx_word' id='word_1_193' title='bbox 1386 2751 1441 2807; x_wconf 90' lang='lat' dir='ltr'><strong>in</strong></span> <span class='ocrx_word' id='word_1_194' title='bbox 1477 2753 1596 2808; x_wconf 89' lang='lat' dir='ltr'><strong>suis</strong></span> <span class='ocrx_word' id='word_1_195' title='bbox 1637 2751 1907 2806; x_wconf 90' lang='lat' dir='ltr'><strong>munitio-</strong></span> 
     </span>
    </p>
   </div>
   <div class='ocr_carea' id='block_1_33' title="bbox 314 2842 1645 2919">
    <p class='ocr_par' dir='ltr' id='par_1_33' title="bbox 314 2842 1645 2919">
     <span class='ocr_line' id='line_1_33' title="bbox 314 2842 1645 2919; baseline -0.004 -18"><span class='ocrx_word' id='word_1_196' title='bbox 314 2847 508 2919; x_wconf 35' lang='lat' dir='ltr'><strong>‘ribus,</strong></span> <span class='ocrx_word' id='word_1_197' title='bbox 535 2846 631 2903; x_wconf 90' lang='lat' dir='ltr'><strong>sed</strong></span> <span class='ocrx_word' id='word_1_198' title='bbox 652 2846 709 2902; x_wconf 91' lang='lat' dir='ltr'><strong>in</strong></span> <span class='ocrx_word' id='word_1_199' title='bbox 733 2843 934 2901; x_wconf 88' lang='lat' dir='ltr'><strong>alienis</strong></span> <span class='ocrx_word' id='word_1_200' title='bbox 967 2842 1263 2916; x_wconf 79' lang='lat' dir='ltr'><strong>fragilibus</strong></span> <span class='ocrx_word' id='word_1_201' title='bbox 1287 2851 1469 2897; x_wconf 88' lang='lat' dir='ltr'><strong>tutum</strong></span> <span class='ocrx_word' id='word_1_202' title='bbox 1498 2856 1645 2897; x_wconf 89' lang='lat' dir='ltr'><strong>esse.</strong></span> 
     </span>
    </p>
   </div>
   <div class='ocr_carea' id='block_1_34' title="bbox 397 3011 1907 3095">
    <p class='ocr_par' dir='ltr' id='par_1_34' title="bbox 397 3011 1907 3095">
     <span class='ocr_line' id='line_1_34' title="bbox 397 3011 1907 3095; baseline -0.011 -14"><span class='ocrx_word' id='word_1_203' title='bbox 397 3023 561 3095; x_wconf 74' lang='lat'><strong>602</strong></span> <span class='ocrx_word' id='word_1_204' title='bbox 596 3022 861 3094; x_wconf 83' lang='lat' dir='ltr'><strong>Chrysost.</strong></span> <span class='ocrx_word' id='word_1_205' title='bbox 891 3052 963 3061; x_wconf 93' lang='lat'>—</span> <span class='ocrx_word' id='word_1_206' title='bbox 997 3019 1103 3087; x_wconf 89' lang='lat' dir='ltr'><strong>Qui</strong></span> <span class='ocrx_word' id='word_1_207' title='bbox 1134 3034 1244 3074; x_wconf 89' lang='lat' dir='ltr'><strong>non</strong></span> <span class='ocrx_word' id='word_1_208' title='bbox 1278 3016 1492 3086; x_wconf 81' lang='lat' dir='ltr'><strong>indiget</strong></span> <span class='ocrx_word' id='word_1_209' title='bbox 1526 3012 1759 3077; x_wconf 88' lang='lat' dir='ltr'><strong>alienis,</strong></span> <span class='ocrx_word' id='word_1_210' title='bbox 1810 3011 1907 3066; x_wconf 91' lang='lat' dir='ltr'><strong>sed</strong></span> 
     </span>
    </p>
   </div>
   <div class='ocr_carea' id='block_1_35' title="bbox 330 3100 1908 3199">
    <p class='ocr_par' dir='ltr' id='par_1_35' title="bbox 330 3100 1908 3199">
     <span class='ocr_line' id='line_1_35' title="bbox 330 3100 1908 3199; baseline -0.009 -31"><span class='ocrx_word' id='word_1_211' title='bbox 330 3128 430 3168; x_wconf 88' lang='lat' dir='ltr'><strong>sua</strong></span> <span class='ocrx_word' id='word_1_212' title='bbox 463 3112 571 3167; x_wconf 84' lang='lat' dir='ltr'><strong>sibi</strong></span> <span class='ocrx_word' id='word_1_213' title='bbox 603 3111 855 3168; x_wconf 79' lang='lat' dir='ltr'><strong>sulﬁcere</strong></span> <span class='ocrx_word' id='word_1_214' title='bbox 876 3109 1188 3199; x_wconf 46' lang='lat' dir='ltr'><strong>existiinat,</strong></span> <span class='ocrx_word' id='word_1_215' title='bbox 1243 3108 1290 3162; x_wconf 87' lang='lat' dir='ltr'><strong>is</strong></span> <span class='ocrx_word' id='word_1_216' title='bbox 1310 3108 1561 3161; x_wconf 90' lang='lat' dir='ltr'><strong>omnium</strong></span> <span class='ocrx_word' id='word_1_217' title='bbox 1590 3100 1908 3158; x_wconf 86' lang='lat' dir='ltr'><strong>ditissimus</strong></span> 
     </span>
    </p>
   </div>
   <div class='ocr_carea' id='block_1_36' title="bbox 328 3212 435 3260">
    <p class='ocr_par' dir='ltr' id='par_1_36' title="bbox 328 3212 435 3260">
     <span class='ocr_line' id='line_1_36' title="bbox 328 3212 435 3260; baseline 0 -1"><span class='ocrx_word' id='word_1_218' title='bbox 328 3212 435 3260; x_wconf 90' lang='lat' dir='ltr'><strong>est.</strong></span> 
     </span>
    </p>
   </div>
   <div class='ocr_carea' id='block_1_37' title="bbox 398 3286 1908 3366">
    <p class='ocr_par' dir='ltr' id='par_1_37' title="bbox 398 3286 1908 3366">
     <span class='ocr_line' id='line_1_37' title="bbox 398 3286 1908 3366; baseline -0.007 -16"><span class='ocrx_word' id='word_1_219' title='bbox 398 3294 504 3362; x_wconf 92' lang='lat' dir='ltr'><strong>Qui</strong></span> <span class='ocrx_word' id='word_1_220' title='bbox 534 3310 647 3350; x_wconf 72' lang='lat' dir='ltr'><strong>sum</strong></span> <span class='ocrx_word' id='word_1_221' title='bbox 673 3293 962 3366; x_wconf 88' lang='lat' dir='ltr'><strong>cupiditati</strong></span> <span class='ocrx_word' id='word_1_222' title='bbox 1005 3291 1232 3346; x_wconf 92' lang='lat' dir='ltr'><strong>modum</strong></span> <span class='ocrx_word' id='word_1_223' title='bbox 1283 3291 1567 3360; x_wconf 89' lang='lat' dir='ltr'><strong>imponere</strong></span> <span class='ocrx_word' id='word_1_224' title='bbox 1602 3287 1803 3350; x_wconf 88' lang='lat' dir='ltr'><strong>nescit,</strong></span> <span class='ocrx_word' id='word_1_225' title='bbox 1861 3286 1908 3340; x_wconf 90' lang='lat' dir='ltr'><strong>is</strong></span> 
     </span>
    </p>
   </div>
   <div class='ocr_carea' id='block_1_38' title="bbox 328 3377 1911 3450">
    <p class='ocr_par' dir='ltr' id='par_1_38' title="bbox 328 3377 1911 3450">
     <span class='ocr_line' id='line_1_38' title="bbox 328 3377 1911 3450; baseline -0.007 -9"><span class='ocrx_word' id='word_1_226' title='bbox 328 3385 435 3441; x_wconf 83' lang='lat' dir='ltr'><strong>etsi</strong></span> <span class='ocrx_word' id='word_1_227' title='bbox 468 3384 655 3439; x_wconf 92' lang='lat' dir='ltr'><strong>omnia</strong></span> <span class='ocrx_word' id='word_1_228' title='bbox 699 3383 949 3439; x_wconf 90' lang='lat' dir='ltr'><strong>omnium</strong></span> <span class='ocrx_word' id='word_1_229' title='bbox 996 3381 1105 3437; x_wconf 90' lang='lat' dir='ltr'><strong>sibi</strong></span> <span class='ocrx_word' id='word_1_230' title='bbox 1156 3379 1439 3450; x_wconf 84' lang='lat' dir='ltr'><strong>acquirat,</strong></span> <span class='ocrx_word' id='word_1_231' title='bbox 1490 3377 1769 3447; x_wconf 89' lang='lat' dir='ltr'><strong>quomodo</strong></span> <span class='ocrx_word' id='word_1_232' title='bbox 1806 3392 1911 3431; x_wconf 87' lang='lat' dir='ltr'><strong>un-</strong></span> 
     </span>
    </p>
   </div>
   <div class='ocr_carea' id='block_1_39' title="bbox 328 3474 1021 3548">
    <p class='ocr_par' dir='ltr' id='par_1_39' title="bbox 328 3474 1021 3548">
     <span class='ocr_line' id='line_1_39' title="bbox 328 3474 1021 3548; baseline -0.003 -17"><span class='ocrx_word' id='word_1_233' title='bbox 328 3491 493 3548; x_wconf 89' lang='lat' dir='ltr'><strong>quam</strong></span> <span class='ocrx_word' id='word_1_234' title='bbox 520 3476 678 3531; x_wconf 84' lang='lat' dir='ltr'><strong>dives</strong></span> <span class='ocrx_word' id='word_1_235' title='bbox 709 3474 931 3531; x_wconf 80' lang='lat' dir='ltr'><strong>l‘uerit?</strong></span> <span class='ocrx_word' id='word_1_236' title='bbox 1014 3480 1021 3485; x_wconf 76' lang='lat'><strong>‘</strong></span> 
     </span>
    </p>
   </div>
   <div class='ocr_carea' id='block_1_40' title="bbox 399 3558 1908 3634">
    <p class='ocr_par' dir='ltr' id='par_1_40' title="bbox 399 3558 1908 3634">
     <span class='ocr_line' id='line_1_40' title="bbox 399 3558 1908 3634; baseline -0.007 -13"><span class='ocrx_word' id='word_1_237' title='bbox 399 3566 697 3621; x_wconf 80' lang='lat' dir='ltr'><strong>Plutarchi.</strong></span> <span class='ocrx_word' id='word_1_238' title='bbox 726 3597 797 3606; x_wconf 95' lang='lat'><strong><em>—</em></strong></span> <span class='ocrx_word' id='word_1_239' title='bbox 825 3565 931 3633; x_wconf 90' lang='lat' dir='ltr'><strong>Qui</strong></span> <span class='ocrx_word' id='word_1_240' title='bbox 953 3580 1022 3621; x_wconf 75' lang='lat' dir='ltr'><strong>ex</strong></span> <span class='ocrx_word' id='word_1_241' title='bbox 1044 3564 1191 3634; x_wconf 91' lang='lat' dir='ltr'><strong>turpi</strong></span> <span class='ocrx_word' id='word_1_242' title='bbox 1223 3563 1381 3618; x_wconf 87' lang='lat' dir='ltr'><strong>lucro</strong></span> <span class='ocrx_word' id='word_1_243' title='bbox 1406 3561 1461 3615; x_wconf 91' lang='lat' dir='ltr'><strong>in</strong></span> <span class='ocrx_word' id='word_1_244' title='bbox 1483 3558 1750 3632; x_wconf 68' lang='lat' dir='ltr'><strong>praeclara</strong></span> <span class='ocrx_word' id='word_1_245' title='bbox 1780 3573 1908 3611; x_wconf 87' lang='lat' dir='ltr'><strong>mu-</strong></span> 
     </span>
    </p>
   </div>
   <div class='ocr_carea' id='block_1_41' title="bbox 330 3648 1910 3730">
    <p class='ocr_par' dir='ltr' id='par_1_41' title="bbox 330 3648 1910 3730">
     <span class='ocr_line' id='line_1_41' title="bbox 330 3648 1910 3730; baseline -0.008 -15"><span class='ocrx_word' id='word_1_246' title='bbox 330 3675 465 3715; x_wconf 88' lang='lat' dir='ltr'><strong>nera</strong></span> <span class='ocrx_word' id='word_1_247' title='bbox 493 3667 747 3730; x_wconf 89' lang='lat' dir='ltr'><strong>sumptus</strong></span> <span class='ocrx_word' id='word_1_248' title='bbox 779 3659 1013 3723; x_wconf 81' lang='lat' dir='ltr'><strong>faciunt,</strong></span> <span class='ocrx_word' id='word_1_249' title='bbox 1062 3655 1246 3712; x_wconf 91' lang='lat' dir='ltr'><strong>simile</strong></span> <span class='ocrx_word' id='word_1_250' title='bbox 1279 3652 1415 3725; x_wconf 90' lang='lat' dir='ltr'><strong>quid</strong></span> <span class='ocrx_word' id='word_1_251' title='bbox 1442 3652 1677 3716; x_wconf 82' lang='lat' dir='ltr'><strong>faciunt,</strong></span> <span class='ocrx_word' id='word_1_252' title='bbox 1717 3666 1783 3705; x_wconf 89' lang='lat' dir='ltr'><strong>ac</strong></span> <span class='ocrx_word' id='word_1_253' title='bbox 1812 3648 1910 3720; x_wconf 89' lang='lat' dir='ltr'><strong>qui</strong></span> 
     </span>
    </p>
   </div>
   <div class='ocr_carea' id='block_1_42' title="bbox 328 3749 1176 3820">
    <p class='ocr_par' dir='ltr' id='par_1_42' title="bbox 328 3749 1176 3820">
     <span class='ocr_line' id='line_1_42' title="bbox 328 3749 1176 3820; baseline -0.004 -15"><span class='ocrx_word' id='word_1_254' title='bbox 328 3750 505 3805; x_wconf 88' lang='lat' dir='ltr'><strong>Deum</strong></span> <span class='ocrx_word' id='word_1_255' title='bbox 532 3766 605 3806; x_wconf 80' lang='lat' dir='ltr'><strong>ex</strong></span> <span class='ocrx_word' id='word_1_256' title='bbox 634 3749 925 3820; x_wconf 81' lang='lat' dir='ltr'><strong>sacrilegio</strong></span> <span class='ocrx_word' id='word_1_257' title='bbox 960 3749 1176 3804; x_wconf 92' lang='lat' dir='ltr'><strong>colunt.</strong></span> 
     </span>
    </p>
   </div>
   <div class='ocr_carea' id='block_1_43' title="bbox 397 3832 1910 3906">
    <p class='ocr_par' dir='ltr' id='par_1_43' title="bbox 397 3832 1910 3906">
     <span class='ocr_line' id='line_1_43' title="bbox 397 3832 1910 3906; baseline -0.005 -11"><span class='ocrx_word' id='word_1_258' title='bbox 397 3840 681 3896; x_wconf 82' lang='lat' dir='ltr'><strong>Democrit.</strong></span> <span class='ocrx_word' id='word_1_259' title='bbox 709 3872 780 3881; x_wconf 92' lang='lat'>—</span> <span class='ocrx_word' id='word_1_260' title='bbox 803 3841 1019 3896; x_wconf 65' lang='lat' dir='ltr'><strong>Divitiae</strong></span> <span class='ocrx_word' id='word_1_261' title='bbox 1042 3840 1187 3893; x_wconf 91' lang='lat' dir='ltr'><strong>malo</strong></span> <span class='ocrx_word' id='word_1_262' title='bbox 1210 3837 1455 3894; x_wconf 84' lang='lat' dir='ltr'><strong>facinore</strong></span> <span class='ocrx_word' id='word_1_263' title='bbox 1482 3842 1673 3906; x_wconf 60' lang='lat' dir='ltr'><strong>parte,</strong></span> <span class='ocrx_word' id='word_1_264' title='bbox 1711 3832 1910 3905; x_wconf 83' lang='lat' dir='ltr'><strong>majori</strong></span> 
     </span>
    </p>
   </div>
   <div class='ocr_carea' id='block_1_44' title="bbox 328 3932 1009 4003">
    <p class='ocr_par' dir='ltr' id='par_1_44' title="bbox 328 3932 1009 4003">
     <span class='ocr_line' id='line_1_44' title="bbox 328 3932 1009 4003; baseline -0.006 -14"><span class='ocrx_word' id='word_1_265' title='bbox 328 3932 686 4003; x_wconf 77' lang='lat' dir='ltr'><strong>poSsidentur</strong></span> <span class='ocrx_word' id='word_1_266' title='bbox 716 3932 1009 3988; x_wconf 87' lang='lat' dir='ltr'><strong>dedecore.</strong></span> 
     </span>
    </p>
   </div>
   <div class='ocr_carea' id='block_1_45' title="bbox 400 4017 1911 4094">
    <p class='ocr_par' dir='ltr' id='par_1_45' title="bbox 400 4017 1911 4094">
     <span class='ocr_line' id='line_1_45' title="bbox 400 4017 1911 4094; baseline -0.005 -14"><span class='ocrx_word' id='word_1_267' title='bbox 400 4025 556 4080; x_wconf 83' lang='lat' dir='ltr'><strong>Haud</strong></span> <span class='ocrx_word' id='word_1_268' title='bbox 581 4024 807 4094; x_wconf 89' lang='lat' dir='ltr'><strong>quidem</strong></span> <span class='ocrx_word' id='word_1_269' title='bbox 834 4024 1030 4077; x_wconf 88' lang='lat' dir='ltr'><strong>inutile</strong></span> <span class='ocrx_word' id='word_1_270' title='bbox 1067 4021 1290 4076; x_wconf 88' lang='lat' dir='ltr'><strong>divitias</strong></span> <span class='ocrx_word' id='word_1_271' title='bbox 1339 4034 1575 4090; x_wconf 88' lang='lat' dir='ltr'><strong>parare;</strong></span> <span class='ocrx_word' id='word_1_272' title='bbox 1628 4033 1729 4088; x_wconf 87' lang='lat' dir='ltr'><strong>per</strong></span> <span class='ocrx_word' id='word_1_273' title='bbox 1770 4017 1911 4090; x_wconf 81' lang='lat' dir='ltr'><strong>inju-</strong></span> 
     </span>
    </p>
   </div>
   <div class='ocr_carea' id='block_1_46' title="bbox 333 4109 1430 4182">
    <p class='ocr_par' dir='ltr' id='par_1_46' title="bbox 333 4109 1430 4182">
     <span class='ocr_line' id='line_1_46' title="bbox 333 4109 1430 4182; baseline -0.005 -13"><span class='ocrx_word' id='word_1_274' title='bbox 333 4114 543 4170; x_wconf 90' lang='lat' dir='ltr'><strong>stitiam</strong></span> <span class='ocrx_word' id='word_1_275' title='bbox 581 4121 767 4167; x_wconf 92' lang='lat' dir='ltr'><strong>autem</strong></span> <span class='ocrx_word' id='word_1_276' title='bbox 797 4113 959 4182; x_wconf 85' lang='lat' dir='ltr'><strong>longe</strong></span> <span class='ocrx_word' id='word_1_277' title='bbox 984 4109 1287 4181; x_wconf 90' lang='lat' dir='ltr'><strong>pessimum</strong></span> <span class='ocrx_word' id='word_1_278' title='bbox 1324 4117 1430 4164; x_wconf 89' lang='lat' dir='ltr'><strong>est.</strong></span> 
     </span>
    </p>
   </div>
   <div class='ocr_carea' id='block_1_47' title="bbox 401 4199 1907 4270">
    <p class='ocr_par' dir='ltr' id='par_1_47' title="bbox 401 4199 1907 4270">
     <span class='ocr_line' id='line_1_47' title="bbox 401 4199 1907 4270; baseline -0.005 -10"><span class='ocrx_word' id='word_1_279' title='bbox 401 4204 666 4260; x_wconf 78' lang='lat' dir='ltr'><strong>Socrates.</strong></span> <span class='ocrx_word' id='word_1_280' title='bbox 690 4232 759 4242; x_wconf 91' lang='lat'><strong><em>—</em></strong></span> <span class='ocrx_word' id='word_1_281' title='bbox 796 4202 1056 4258; x_wconf 90' lang='lat' dir='ltr'><strong>Socrates</strong></span> <span class='ocrx_word' id='word_1_282' title='bbox 1082 4217 1278 4258; x_wconf 86' lang='lat' dir='ltr'><strong>avaros</strong></span> <span class='ocrx_word' id='word_1_283' title='bbox 1299 4200 1497 4256; x_wconf 90' lang='lat' dir='ltr'><strong>avibus</strong></span> <span class='ocrx_word' id='word_1_284' title='bbox 1521 4199 1907 4270; x_wconf 90' lang='lat' dir='ltr'><strong>comparabat,</strong></span> 
     </span>
    </p>
   </div>
   <div class='ocr_carea' id='block_1_48' title="bbox 1978 382 3285 458">
    <p class='ocr_par' dir='ltr' id='par_1_48' title="bbox 1978 382 3285 458">
     <span class='ocr_line' id='line_1_48' title="bbox 1978 382 3285 458; baseline 0.005 -21"><span class='ocrx_word' id='word_1_285' title='bbox 1978 382 2134 439; x_wconf 82' lang='grc' dir='ltr'>πολὺ</span> <span class='ocrx_word' id='word_1_286' title='bbox 2170 384 2435 456; x_wconf 87' lang='grc' dir='ltr'>θρηνήσει</span> <span class='ocrx_word' id='word_1_287' title='bbox 2460 384 2570 439; x_wconf 85' lang='grc' dir='ltr'>τῶν</span> <span class='ocrx_word' id='word_1_288' title='bbox 2606 386 2753 440; x_wconf 84' lang='grc' dir='ltr'><strong>ἰδίων</strong></span> <span class='ocrx_word' id='word_1_289' title='bbox 2784 387 3285 458; x_wconf 79' lang='grc' dir='ltr'><strong>ἀποστερούμενος.</strong></span> 
     </span>
    </p>
   </div>
   <div class='ocr_carea' id='block_1_49' title="bbox 2071 444 3584 549">
    <p class='ocr_par' dir='ltr' id='par_1_49' title="bbox 2071 444 3584 549">
     <span class='ocr_line' id='line_1_49' title="bbox 2071 444 3584 549; baseline 0.002 -18"><span class='ocrx_word' id='word_1_290' title='bbox 2071 444 2218 531; x_wconf 47' lang='grc' dir='ltr'><strong>Ὅσα.</strong></span> <span class='ocrx_word' id='word_1_291' title='bbox 2241 444 2429 547; x_wconf 52' lang='grc' dir='ltr'>βλέπει</span> <span class='ocrx_word' id='word_1_292' title='bbox 2464 477 2761 548; x_wconf 75' lang='grc' dir='ltr'>ὀφθαλμὸς,</span> <span class='ocrx_word' id='word_1_293' title='bbox 2794 444 3030 531; x_wconf 74' lang='grc' dir='ltr'>τοσαυτα</span> <span class='ocrx_word' id='word_1_294' title='bbox 3055 444 3315 549; x_wconf 78' lang='grc' dir='ltr'>ἐπιθυμεῖ</span> <span class='ocrx_word' id='word_1_295' title='bbox 3333 482 3361 534; x_wconf 85' lang='grc' dir='ltr'><strong>ὁ</strong></span> <span class='ocrx_word' id='word_1_296' title='bbox 3387 444 3584 534; x_wconf 44' lang='grc' dir='ltr'>πλεονί</span> 
     </span>
    </p>
   </div>
   <div class='ocr_carea' id='block_1_50' title="bbox 1998 565 3575 642">
    <p class='ocr_par' dir='ltr' id='par_1_50' title="bbox 1998 565 3575 642">
     <span class='ocr_line' id='line_1_50' title="bbox 1998 565 3575 642; baseline 0.004 -22"><span class='ocrx_word' id='word_1_297' title='bbox 1998 567 2181 638; x_wconf 82' lang='grc' dir='ltr'>ἐκτης.</span> <span class='ocrx_word' id='word_1_298' title='bbox 2250 569 2311 622; x_wconf 86' lang='lat'><strong>&#39;0</strong></span> <span class='ocrx_word' id='word_1_299' title='bbox 2350 568 2483 640; x_wconf 78' lang='grc' dir='ltr'>ᾅδης</span> <span class='ocrx_word' id='word_1_300' title='bbox 2516 569 2615 623; x_wconf 85' lang='grc' dir='ltr'><strong>οὐκ</strong></span> <span class='ocrx_word' id='word_1_301' title='bbox 2654 565 2827 634; x_wconf 73' lang='grc' dir='ltr'>εἶπεν,</span> <span class='ocrx_word' id='word_1_302' title='bbox 2870 571 3077 642; x_wconf 77' lang='grc' dir='ltr'>Ἀρκεῖ·</span> <span class='ocrx_word' id='word_1_303' title='bbox 3140 571 3266 624; x_wconf 80' lang='grc' dir='ltr'><strong>ούδέ</strong></span> <span class='ocrx_word' id='word_1_304' title='bbox 3305 574 3334 626; x_wconf 84' lang='grc' dir='ltr'><strong>ὁ</strong></span> <span class='ocrx_word' id='word_1_305' title='bbox 3382 572 3575 626; x_wconf 82' lang='grc' dir='ltr'>πλεον-</span> 
     </span>
    </p>
   </div>
   <div class='ocr_carea' id='block_1_51' title="bbox 1995 657 3571 731">
    <p class='ocr_par' dir='ltr' id='par_1_51' title="bbox 1995 657 3571 731">
     <span class='ocr_line' id='line_1_51' title="bbox 1995 657 3571 731; baseline 0.005 -22"><span class='ocrx_word' id='word_1_306' title='bbox 1995 657 2163 728; x_wconf 90' lang='grc' dir='ltr'>έκτης</span> <span class='ocrx_word' id='word_1_307' title='bbox 2190 657 2312 712; x_wconf 80' lang='grc' dir='ltr'><strong>εῖπέ</strong></span> <span class='ocrx_word' id='word_1_308' title='bbox 2329 674 2481 724; x_wconf 88' lang='grc' dir='ltr'>ποτε,</span> <span class='ocrx_word' id='word_1_309' title='bbox 2510 660 2713 730; x_wconf 86' lang='grc' dir='ltr'>Ἀρκεῖ.</span> <span class='ocrx_word' id='word_1_310' title='bbox 2751 661 2993 731; x_wconf 79' lang='grc' dir='ltr'>Πονηρὸς</span> <span class='ocrx_word' id='word_1_311' title='bbox 3020 663 3077 714; x_wconf 89' lang='grc' dir='ltr'>ἐν</span> <span class='ocrx_word' id='word_1_312' title='bbox 3113 662 3267 715; x_wconf 84' lang='grc' dir='ltr'>πόλει</span> <span class='ocrx_word' id='word_1_313' title='bbox 3302 662 3571 728; x_wconf 86' lang='grc' dir='ltr'>σύνοικος,</span> 
     </span>
    </p>
   </div>
   <div class='ocr_carea' id='block_1_52' title="bbox 2004 750 3575 836">
    <p class='ocr_par' dir='ltr' id='par_1_52' title="bbox 2004 750 3575 836">
     <span class='ocr_line' id='line_1_52' title="bbox 2004 750 3575 836; baseline 0.003 -32"><span class='ocrx_word' id='word_1_314' title='bbox 2004 750 2241 822; x_wconf 87' lang='grc' dir='ltr'>πονηρὸς</span> <span class='ocrx_word' id='word_1_315' title='bbox 2290 751 2349 805; x_wconf 85' lang='grc' dir='ltr'><strong>ἐν</strong></span> <span class='ocrx_word' id='word_1_316' title='bbox 2388 751 2596 824; x_wconf 81' lang='grc' dir='ltr'><strong>ἀγροῖς.</strong></span> <span class='ocrx_word' id='word_1_317' title='bbox 2644 752 2709 805; x_wconf 83' lang='grc' dir='ltr'><strong><em>Ἠ</em></strong></span> <span class='ocrx_word' id='word_1_318' title='bbox 2742 751 2988 836; x_wconf 62' lang='grc' dir='ltr'>θάλαεσα</span> <span class='ocrx_word' id='word_1_319' title='bbox 3015 752 3156 806; x_wconf 81' lang='grc' dir='ltr'>οἶδεν</span> <span class='ocrx_word' id='word_1_320' title='bbox 3202 754 3271 807; x_wconf 86' lang='grc' dir='ltr'><strong>τά</strong></span> <span class='ocrx_word' id='word_1_321' title='bbox 3322 756 3446 826; x_wconf 81' lang='grc' dir='ltr'>ὅρια</span> <span class='ocrx_word' id='word_1_322' title='bbox 3474 757 3575 808; x_wconf 85' lang='grc' dir='ltr'>αύ-</span> 
     </span>
    </p>
   </div>
   <div class='ocr_carea' id='block_1_53' title="bbox 1996 840 3571 916">
    <p class='ocr_par' dir='ltr' id='par_1_53' title="bbox 1996 840 3571 916">
     <span class='ocr_line' id='line_1_53' title="bbox 1996 840 3571 916; baseline 0.004 -22"><span class='ocrx_word' id='word_1_323' title='bbox 1996 842 2118 908; x_wconf 82' lang='grc' dir='ltr'><strong>τῆς·</strong></span> <span class='ocrx_word' id='word_1_324' title='bbox 2151 841 2185 911; x_wconf 84' lang='grc' dir='ltr'>ἡ</span> <span class='ocrx_word' id='word_1_325' title='bbox 2240 840 2338 906; x_wconf 77' lang='grc' dir='ltr'><strong>νὺξ</strong></span> <span class='ocrx_word' id='word_1_326' title='bbox 2389 842 2486 911; x_wconf 84' lang='grc' dir='ltr'>οὐχ</span> <span class='ocrx_word' id='word_1_327' title='bbox 2531 842 2849 911; x_wconf 73' lang='grc' dir='ltr'>ὑπερϐαίνει</span> <span class='ocrx_word' id='word_1_328' title='bbox 2897 842 3181 916; x_wconf 71' lang='grc' dir='ltr'>ὁροθεσίας</span> <span class='ocrx_word' id='word_1_329' title='bbox 3212 845 3465 914; x_wconf 81' lang='grc' dir='ltr'>ἀρχαίας.</span> <span class='ocrx_word' id='word_1_330' title='bbox 3512 846 3571 900; x_wconf 87' lang='lat'><strong>&#39;0</strong></span> 
     </span>
    </p>
   </div>
   <div class='ocr_carea' id='block_1_54' title="bbox 2000 932 3574 1008">
    <p class='ocr_par' dir='ltr' id='par_1_54' title="bbox 2000 932 3574 1008">
     <span class='ocr_line' id='line_1_54' title="bbox 2000 932 3574 1008; baseline 0.004 -24"><span class='ocrx_word' id='word_1_331' title='bbox 2000 932 2331 1003; x_wconf 78' lang='grc' dir='ltr'>πλεονέκτης</span> <span class='ocrx_word' id='word_1_332' title='bbox 2361 932 2460 986; x_wconf 71' lang='grc' dir='ltr'><strong>οὐκ</strong></span> <span class='ocrx_word' id='word_1_333' title='bbox 2501 932 2731 987; x_wconf 73' lang='grc' dir='ltr'><strong>αἰδεῖται</strong></span> <span class='ocrx_word' id='word_1_334' title='bbox 2778 934 2991 1004; x_wconf 83' lang='grc' dir='ltr'>χρόνον,</span> <span class='ocrx_word' id='word_1_335' title='bbox 3036 934 3098 987; x_wconf 85' lang='grc' dir='ltr'><strong>οὐ</strong></span> <span class='ocrx_word' id='word_1_336' title='bbox 3140 935 3397 1005; x_wconf 81' lang='grc' dir='ltr'><strong>γνωρίζει</strong></span> <span class='ocrx_word' id='word_1_337' title='bbox 3425 938 3574 1008; x_wconf 81' lang='grc' dir='ltr'>ὅρον,</span> 
     </span>
    </p>
   </div>
   <div class='ocr_carea' id='block_1_55' title="bbox 1998 1023 3573 1096">
    <p class='ocr_par' dir='ltr' id='par_1_55' title="bbox 1998 1023 3573 1096">
     <span class='ocr_line' id='line_1_55' title="bbox 1998 1023 3573 1096; baseline 0.003 -19"><span class='ocrx_word' id='word_1_338' title='bbox 1998 1024 2059 1077; x_wconf 83' lang='grc' dir='ltr'><strong>ού</strong></span> <span class='ocrx_word' id='word_1_339' title='bbox 2090 1025 2362 1093; x_wconf 87' lang='grc' dir='ltr'>συγχωρεῖ</span> <span class='ocrx_word' id='word_1_340' title='bbox 2400 1023 2695 1095; x_wconf 81' lang='grc' dir='ltr'>ἀκολουθίᾳ</span> <span class='ocrx_word' id='word_1_341' title='bbox 2734 1024 3006 1094; x_wconf 75' lang='grc' dir='ltr'>διαδοχῆςο</span> <span class='ocrx_word' id='word_1_342' title='bbox 3037 1025 3175 1078; x_wconf 83' lang='grc' dir='ltr'><strong>ἀλλά</strong></span> <span class='ocrx_word' id='word_1_343' title='bbox 3206 1029 3454 1096; x_wconf 81' lang='grc' dir='ltr'><strong>μιμεῖται</strong></span> <span class='ocrx_word' id='word_1_344' title='bbox 3480 1029 3573 1081; x_wconf 85' lang='grc' dir='ltr'><strong>τοῦ</strong></span> 
     </span>
    </p>
   </div>
   <div class='ocr_carea' id='block_1_56' title="bbox 2003 1113 3575 1187">
    <p class='ocr_par' dir='ltr' id='par_1_56' title="bbox 2003 1113 3575 1187">
     <span class='ocr_line' id='line_1_56' title="bbox 2003 1113 3575 1187; baseline 0.001 -18"><span class='ocrx_word' id='word_1_345' title='bbox 2003 1115 2177 1187; x_wconf 80' lang='grc' dir='ltr'>πυρὸς</span> <span class='ocrx_word' id='word_1_346' title='bbox 2224 1114 2323 1186; x_wconf 74' lang='grc' dir='ltr'><strong>τὴν</strong></span> <span class='ocrx_word' id='word_1_347' title='bbox 2377 1113 2520 1185; x_wconf 77' lang='grc' dir='ltr'>βίαψ</span> <span class='ocrx_word' id='word_1_348' title='bbox 2556 1116 2736 1169; x_wconf 85' lang='grc' dir='ltr'>πάντα</span> <span class='ocrx_word' id='word_1_349' title='bbox 2763 1116 3219 1186; x_wconf 79' lang='grc' dir='ltr'>ἐπιλαμϐάνεται,</span> <span class='ocrx_word' id='word_1_350' title='bbox 3255 1119 3435 1171; x_wconf 82' lang='grc' dir='ltr'>πάντα</span> <span class='ocrx_word' id='word_1_351' title='bbox 3459 1119 3575 1170; x_wconf 82' lang='grc' dir='ltr'>ἐπι-</span> 
     </span>
    </p>
   </div>
   <div class='ocr_carea' id='block_1_57' title="bbox 2006 1190 3577 1279">
    <p class='ocr_par' dir='ltr' id='par_1_57' title="bbox 2006 1190 3577 1279">
     <span class='ocr_line' id='line_1_57' title="bbox 2006 1190 3577 1279; baseline 0 -18"><span class='ocrx_word' id='word_1_352' title='bbox 2006 1207 2255 1278; x_wconf 79' lang='grc' dir='ltr'><strong>νέμεται.</strong></span> <span class='ocrx_word' id='word_1_353' title='bbox 2290 1207 2355 1261; x_wconf 91' lang='grc' dir='ltr'><strong>Τί</strong></span> <span class='ocrx_word' id='word_1_354' title='bbox 2386 1190 2539 1262; x_wconf 72' lang='grc' dir='ltr'>εἶναι’</span> <span class='ocrx_word' id='word_1_355' title='bbox 2578 1207 2720 1277; x_wconf 70' lang='grc' dir='ltr'>μετὰ</span> <span class='ocrx_word' id='word_1_356' title='bbox 2770 1208 2971 1274; x_wconf 86' lang='grc' dir='ltr'>ταῦτα;</span> <span class='ocrx_word' id='word_1_357' title='bbox 3007 1209 3143 1278; x_wconf 75' lang='grc' dir='ltr'><strong>Οὐχὶ</strong></span> <span class='ocrx_word' id='word_1_358' title='bbox 3176 1211 3329 1279; x_wconf 81' lang='grc' dir='ltr'>τρεῖς</span> <span class='ocrx_word' id='word_1_359' title='bbox 3383 1225 3442 1261; x_wconf 83' lang='grc' dir='ltr'><strong>σε</strong></span> <span class='ocrx_word' id='word_1_360' title='bbox 3473 1210 3577 1278; x_wconf 89' lang='grc' dir='ltr'><strong>πή-</strong></span> 
     </span>
    </p>
   </div>
   <div class='ocr_carea' id='block_1_58' title="bbox 2006 1300 3574 1371">
    <p class='ocr_par' dir='ltr' id='par_1_58' title="bbox 2006 1300 3574 1371">
     <span class='ocr_line' id='line_1_58' title="bbox 2006 1300 3574 1371; baseline 0.001 -18"><span class='ocrx_word' id='word_1_361' title='bbox 2006 1314 2119 1371; x_wconf 81' lang='grc' dir='ltr'>χεις</span> <span class='ocrx_word' id='word_1_362' title='bbox 2154 1301 2516 1371; x_wconf 82' lang='grc' dir='ltr'><strong>ἀναμένουσιν</strong></span> <span class='ocrx_word' id='word_1_363' title='bbox 2550 1301 2600 1353; x_wconf 81' lang='grc' dir='ltr'><strong>οῖ</strong></span> <span class='ocrx_word' id='word_1_364' title='bbox 2637 1300 2875 1365; x_wconf 76' lang='grc' dir='ltr'>πάντες;</span> <span class='ocrx_word' id='word_1_365' title='bbox 2912 1301 3033 1370; x_wconf 75' lang='grc' dir='ltr'>οὐχὶ</span> <span class='ocrx_word' id='word_1_366' title='bbox 3060 1300 3223 1354; x_wconf 89' lang='grc' dir='ltr'>λίθων</span> <span class='ocrx_word' id='word_1_367' title='bbox 3253 1300 3451 1367; x_wconf 81' lang='grc' dir='ltr'>ὀλίγων</span> <span class='ocrx_word' id='word_1_368' title='bbox 3481 1300 3574 1370; x_wconf 77' lang='grc' dir='ltr'>βά-</span> 
     </span>
    </p>
   </div>
   <div class='ocr_carea' id='block_1_59' title="bbox 2017 1390 3578 1464">
    <p class='ocr_par' dir='ltr' id='par_1_59' title="bbox 2017 1390 3578 1464">
     <span class='ocr_line' id='line_1_59' title="bbox 2017 1390 3578 1464; baseline 0 -21"><span class='ocrx_word' id='word_1_369' title='bbox 2017 1408 2108 1463; x_wconf 89' lang='grc' dir='ltr'><strong>ρος</strong></span> <span class='ocrx_word' id='word_1_370' title='bbox 2142 1392 2371 1464; x_wconf 76' lang='grc' dir='ltr'>ἀρκέσει</span> <span class='ocrx_word' id='word_1_371' title='bbox 2404 1391 2540 1463; x_wconf 80' lang='grc' dir='ltr'>πρὸς</span> <span class='ocrx_word' id='word_1_372' title='bbox 2581 1392 2827 1462; x_wconf 75' lang='grc' dir='ltr'>φυλακὴν</span> <span class='ocrx_word' id='word_1_373' title='bbox 2882 1391 3135 1462; x_wconf 76' lang='grc' dir='ltr'><strong>δυστήνῳ</strong></span> <span class='ocrx_word' id='word_1_374' title='bbox 3177 1392 3388 1462; x_wconf 83' lang='grc' dir='ltr'>σαρκί;</span> <span class='ocrx_word' id='word_1_375' title='bbox 3437 1390 3578 1461; x_wconf 80' lang='grc' dir='ltr'>ὑπὲρ</span> 
     </span>
    </p>
   </div>
   <div class='ocr_carea' id='block_1_60' title="bbox 2007 1481 3331 1553">
    <p class='ocr_par' dir='ltr' id='par_1_60' title="bbox 2007 1481 3331 1553">
     <span class='ocr_line' id='line_1_60' title="bbox 2007 1481 3331 1553; baseline 0.002 -18"><span class='ocrx_word' id='word_1_376' title='bbox 2007 1482 2151 1546; x_wconf 85' lang='grc' dir='ltr'>τίνος</span> <span class='ocrx_word' id='word_1_377' title='bbox 2188 1481 2283 1535; x_wconf 77' lang='grc' dir='ltr'><strong>οὖν</strong></span> <span class='ocrx_word' id='word_1_378' title='bbox 2327 1481 2574 1553; x_wconf 84' lang='grc' dir='ltr'>μοχθεῖς;</span> <span class='ocrx_word' id='word_1_379' title='bbox 2606 1482 2747 1553; x_wconf 82' lang='grc' dir='ltr'>ὑπὲρ</span> <span class='ocrx_word' id='word_1_380' title='bbox 2782 1482 2927 1548; x_wconf 90' lang='grc' dir='ltr'>τίνος</span> <span class='ocrx_word' id='word_1_381' title='bbox 2956 1483 3331 1553; x_wconf 75' lang='grc' dir='ltr'>παρανομεῖςς</span> 
     </span>
    </p>
   </div>
   <div class='ocr_carea' id='block_1_61' title="bbox 2077 1734 3612 1815">
    <p class='ocr_par' dir='ltr' id='par_1_61' title="bbox 2077 1734 3612 1815">
     <span class='ocr_line' id='line_1_61' title="bbox 2077 1734 3612 1815; baseline -0.003 -15"><span class='ocrx_word' id='word_1_382' title='bbox 2077 1747 2295 1801; x_wconf 84' lang='grc' dir='ltr'>Βέλτιον</span> <span class='ocrx_word' id='word_1_383' title='bbox 2322 1746 2443 1808; x_wconf 87' lang='grc' dir='ltr'>ταῖς</span> <span class='ocrx_word' id='word_1_384' title='bbox 2483 1744 2626 1799; x_wconf 79' lang='grc' dir='ltr'>κατὰ</span> <span class='ocrx_word' id='word_1_385' title='bbox 2683 1743 2880 1815; x_wconf 75' lang='grc' dir='ltr'>μικρὸν</span> <span class='ocrx_word' id='word_1_386' title='bbox 2931 1746 3199 1806; x_wconf 76' lang='grc' dir='ltr'>ἐπινοίαις</span> <span class='ocrx_word' id='word_1_387' title='bbox 3255 1742 3357 1813; x_wconf 79' lang='grc' dir='ltr'><strong>τὴν</strong></span> <span class='ocrx_word' id='word_1_388' title='bbox 3387 1734 3612 1813; x_wconf 44' lang='grc' dir='ltr'>χρείαν</span> 
     </span>
    </p>
   </div>
   <div class='ocr_carea' id='block_1_62' title="bbox 2006 1834 3580 1911">
    <p class='ocr_par' dir='ltr' id='par_1_62' title="bbox 2006 1834 3580 1911">
     <span class='ocr_line' id='line_1_62' title="bbox 2006 1834 3580 1911; baseline -0.005 -17"><span class='ocrx_word' id='word_1_389' title='bbox 2006 1838 2525 1911; x_wconf 68' lang='grc' dir='ltr'>παραμυθήσασθαι,</span> <span class='ocrx_word' id='word_1_390' title='bbox 2545 1839 2578 1910; x_wconf 79' lang='grc' dir='ltr'>ἢ</span> <span class='ocrx_word' id='word_1_391' title='bbox 2598 1838 2664 1892; x_wconf 89' lang='grc' dir='ltr'><strong>ἀθ</strong></span> <span class='ocrx_word' id='word_1_392' title='bbox 2675 1838 2811 1909; x_wconf 73' lang='grc' dir='ltr'>ρόως</span> <span class='ocrx_word' id='word_1_393' title='bbox 2828 1836 3135 1906; x_wconf 74' lang='grc' dir='ltr'>ἐπαρθέντα</span> <span class='ocrx_word' id='word_1_394' title='bbox 3150 1836 3261 1899; x_wconf 89' lang='grc' dir='ltr'>τοῖς</span> <span class='ocrx_word' id='word_1_395' title='bbox 3276 1834 3580 1906; x_wconf 76' lang='grc' dir='ltr'>ἀλλοτρίοις</span> 
     </span>
    </p>
   </div>
   <div class='ocr_carea' id='block_1_63' title="bbox 2006 1926 3472 2002">
    <p class='ocr_par' dir='ltr' id='par_1_63' title="bbox 2006 1926 3472 2002">
     <span class='ocr_line' id='line_1_63' title="bbox 2006 1926 3472 2002; baseline -0.003 -17"><span class='ocrx_word' id='word_1_396' title='bbox 2006 1931 2232 2002; x_wconf 79' lang='grc' dir='ltr'>ὓστερον</span> <span class='ocrx_word' id='word_1_397' title='bbox 2259 1931 2477 1984; x_wconf 84' lang='grc' dir='ltr'>πάντων</span> <span class='ocrx_word' id='word_1_398' title='bbox 2498 1929 2632 2001; x_wconf 85' lang='grc' dir='ltr'>ὁμοῦ</span> <span class='ocrx_word' id='word_1_399' title='bbox 2658 1928 2976 2000; x_wconf 85' lang='grc' dir='ltr'>προσόντων</span> <span class='ocrx_word' id='word_1_400' title='bbox 3001 1926 3472 1997; x_wconf 74' lang='grc' dir='ltr'>ἀπογυμνοῦσθαι.</span> 
     </span>
    </p>
   </div>
   <div class='ocr_carea' id='block_1_64' title="bbox 2086 2016 3581 2093">
    <p class='ocr_par' dir='ltr' id='par_1_64' title="bbox 2086 2016 3581 2093">
     <span class='ocr_line' id='line_1_64' title="bbox 2086 2016 3581 2093; baseline -0.004 -18"><span class='ocrx_word' id='word_1_401' title='bbox 2086 2024 2147 2075; x_wconf 79' lang='lat'><strong>&#39;0</strong></span> <span class='ocrx_word' id='word_1_402' title='bbox 2174 2023 2242 2078; x_wconf 81' lang='grc' dir='ltr'>τὰ</span> <span class='ocrx_word' id='word_1_403' title='bbox 2271 2021 2489 2093; x_wconf 78' lang='grc' dir='ltr'>ἑταίρου</span> <span class='ocrx_word' id='word_1_404' title='bbox 2520 2020 2834 2091; x_wconf 74' lang='grc' dir='ltr'>λαμϐάνων,</span> <span class='ocrx_word' id='word_1_405' title='bbox 2871 2020 2968 2073; x_wconf 77' lang='grc' dir='ltr'>καὶ</span> <span class='ocrx_word' id='word_1_406' title='bbox 3014 2020 3226 2089; x_wconf 82' lang='grc' dir='ltr'>ἑτέροις</span> <span class='ocrx_word' id='word_1_407' title='bbox 3257 2018 3454 2079; x_wconf 77' lang='grc' dir='ltr'>διδοὺς,</span> <span class='ocrx_word' id='word_1_408' title='bbox 3477 2016 3581 2069; x_wconf 83' lang='grc' dir='ltr'><strong>οὐκ</strong></span> 
     </span>
    </p>
   </div>
   <div class='ocr_carea' id='block_1_65' title="bbox 2004 2104 3581 2184">
    <p class='ocr_par' dir='ltr' id='par_1_65' title="bbox 2004 2104 3581 2184">
     <span class='ocr_line' id='line_1_65' title="bbox 2004 2104 3581 2184; baseline -0.004 -21"><span class='ocrx_word' id='word_1_409' title='bbox 2004 2114 2256 2184; x_wconf 72' lang='grc' dir='ltr'>ἠλέησεν,</span> <span class='ocrx_word' id='word_1_410' title='bbox 2285 2112 2401 2166; x_wconf 84' lang='grc' dir='ltr'>ἀλλ’</span> <span class='ocrx_word' id='word_1_411' title='bbox 2436 2111 2697 2181; x_wconf 80' lang='grc' dir='ltr'>ἠδίκησεν</span> <span class='ocrx_word' id='word_1_412' title='bbox 2728 2110 2943 2163; x_wconf 84' lang='grc' dir='ltr'>ἀδικίαν</span> <span class='ocrx_word' id='word_1_413' title='bbox 2964 2108 3062 2180; x_wconf 79' lang='grc' dir='ltr'>τὴν</span> <span class='ocrx_word' id='word_1_414' title='bbox 3097 2107 3356 2178; x_wconf 78' lang='grc' dir='ltr'>ἐσχάτην.</span> <span class='ocrx_word' id='word_1_415' title='bbox 3388 2106 3451 2158; x_wconf 79' lang='lat' dir='ltr'><strong>Ei</strong></span> <span class='ocrx_word' id='word_1_416' title='bbox 3481 2104 3581 2175; x_wconf 70' lang='grc' dir='ltr'><strong>μὲν</strong></span> 
     </span>
    </p>
   </div>
   <div class='ocr_carea' id='block_1_66' title="bbox 2005 2194 3581 2274">
    <p class='ocr_par' dir='ltr' id='par_1_66' title="bbox 2005 2194 3581 2274">
     <span class='ocr_line' id='line_1_66' title="bbox 2005 2194 3581 2274; baseline -0.006 -16"><span class='ocrx_word' id='word_1_417' title='bbox 2005 2205 2115 2274; x_wconf 77' lang='grc' dir='ltr'><strong>γὰρ</strong></span> <span class='ocrx_word' id='word_1_418' title='bbox 2148 2204 2317 2267; x_wconf 79' lang='grc' dir='ltr'>ἐλεεῖς</span> <span class='ocrx_word' id='word_1_419' title='bbox 2348 2202 2409 2267; x_wconf 80' lang='grc' dir='ltr'><strong>ἐξ</strong></span> <span class='ocrx_word' id='word_1_420' title='bbox 2445 2194 2520 2254; x_wconf 82' lang='grc' dir='ltr'><strong>ὧν</strong></span> <span class='ocrx_word' id='word_1_421' title='bbox 2562 2200 2791 2265; x_wconf 81' lang='grc' dir='ltr'>ἀδικεῖς,</span> <span class='ocrx_word' id='word_1_422' title='bbox 2827 2200 3049 2273; x_wconf 78' lang='grc' dir='ltr'>ἐλέησον</span> <span class='ocrx_word' id='word_1_423' title='bbox 3078 2197 3173 2261; x_wconf 84' lang='grc' dir='ltr'><strong>οὓς</strong></span> <span class='ocrx_word' id='word_1_424' title='bbox 3213 2198 3438 2259; x_wconf 83' lang='grc' dir='ltr'>ἀδικεῖς.</span> <span class='ocrx_word' id='word_1_425' title='bbox 3474 2195 3581 2249; x_wconf 80' lang='grc' dir='ltr'><strong>Εὑ-</strong></span> 
     </span>
    </p>
   </div>
   <div class='ocr_carea' id='block_1_67' title="bbox 2008 2288 3582 2367">
    <p class='ocr_par' dir='ltr' id='par_1_67' title="bbox 2008 2288 3582 2367">
     <span class='ocr_line' id='line_1_67' title="bbox 2008 2288 3582 2367; baseline -0.004 -19"><span class='ocrx_word' id='word_1_426' title='bbox 2008 2296 2172 2367; x_wconf 79' lang='grc' dir='ltr'>σεὸὴς</span> <span class='ocrx_word' id='word_1_427' title='bbox 2196 2294 2306 2365; x_wconf 87' lang='grc' dir='ltr'>γὰρ</span> <span class='ocrx_word' id='word_1_428' title='bbox 2333 2294 2558 2357; x_wconf 82' lang='grc' dir='ltr'>ἐκεῖνος,</span> <span class='ocrx_word' id='word_1_429' title='bbox 2586 2294 2688 2362; x_wconf 79' lang='grc' dir='ltr'>οὐχ</span> <span class='ocrx_word' id='word_1_430' title='bbox 2721 2294 2749 2345; x_wconf 83' lang='grc' dir='ltr'>ὁ</span> <span class='ocrx_word' id='word_1_431' title='bbox 2776 2292 3005 2354; x_wconf 78' lang='grc' dir='ltr'>πολλοὺς</span> <span class='ocrx_word' id='word_1_432' title='bbox 3036 2290 3227 2356; x_wconf 84' lang='grc' dir='ltr'>ἐλεῶν,</span> <span class='ocrx_word' id='word_1_433' title='bbox 3263 2288 3380 2342; x_wconf 79' lang='grc' dir='ltr'>ἀλλ’</span> <span class='ocrx_word' id='word_1_434' title='bbox 3410 2290 3440 2342; x_wconf 84' lang='grc' dir='ltr'><strong>δ</strong></span> <span class='ocrx_word' id='word_1_435' title='bbox 3475 2304 3582 2359; x_wconf 85' lang='grc' dir='ltr'>μη-</span> 
     </span>
    </p>
   </div>
   <div class='ocr_carea' id='block_1_68' title="bbox 2006 2385 2387 2441">
    <p class='ocr_par' dir='ltr' id='par_1_68' title="bbox 2006 2385 2387 2441">
     <span class='ocr_line' id='line_1_68' title="bbox 2006 2385 2387 2441; baseline -0.008 -1"><span class='ocrx_word' id='word_1_436' title='bbox 2006 2386 2132 2441; x_wconf 82' lang='grc' dir='ltr'>δένα</span> <span class='ocrx_word' id='word_1_437' title='bbox 2162 2385 2387 2440; x_wconf 80' lang='grc' dir='ltr'>ἀδικῶν.</span> 
     </span>
    </p>
   </div>
   <div class='ocr_carea' id='block_1_69' title="bbox 2082 2639 3581 2716">
    <p class='ocr_par' dir='ltr' id='par_1_69' title="bbox 2082 2639 3581 2716">
     <span class='ocr_line' id='line_1_69' title="bbox 2082 2639 3581 2716; baseline -0.005 -15"><span class='ocrx_word' id='word_1_438' title='bbox 2082 2646 2397 2715; x_wconf 72' lang='grc' dir='ltr'>Θεολόγου.</span> <span class='ocrx_word' id='word_1_439' title='bbox 2426 2676 2497 2685; x_wconf 90' lang='grc'><strong>-</strong></span> <span class='ocrx_word' id='word_1_440' title='bbox 2525 2644 2804 2716; x_wconf 86' lang='grc' dir='ltr'>Μίσθωμα</span> <span class='ocrx_word' id='word_1_441' title='bbox 2848 2642 3053 2714; x_wconf 83' lang='grc' dir='ltr'>πόρνης</span> <span class='ocrx_word' id='word_1_442' title='bbox 3094 2641 3271 2711; x_wconf 84' lang='grc' dir='ltr'>ἁγνῶς</span> <span class='ocrx_word' id='word_1_443' title='bbox 3312 2640 3374 2694; x_wconf 86' lang='grc' dir='ltr'><strong>οὐ</strong></span> <span class='ocrx_word' id='word_1_444' title='bbox 3423 2639 3581 2712; x_wconf 75' lang='grc' dir='ltr'>μερί-</span> 
     </span>
    </p>
   </div>
   <div class='ocr_carea' id='block_1_70' title="bbox 2011 2732 3583 2809">
    <p class='ocr_par' dir='ltr' id='par_1_70' title="bbox 2011 2732 3583 2809">
     <span class='ocr_line' id='line_1_70' title="bbox 2011 2732 3583 2809; baseline -0.004 -18"><span class='ocrx_word' id='word_1_445' title='bbox 2011 2738 2182 2804; x_wconf 79' lang='grc' dir='ltr'>ζεται.</span> <span class='ocrx_word' id='word_1_446' title='bbox 2217 2739 2372 2793; x_wconf 83' lang='grc' dir='ltr'>Ἐστι</span> <span class='ocrx_word' id='word_1_447' title='bbox 2399 2737 2507 2809; x_wconf 81' lang='grc' dir='ltr'>γὰρ</span> <span class='ocrx_word' id='word_1_448' title='bbox 2537 2737 2640 2807; x_wconf 83' lang='grc' dir='ltr'>τῆς</span> <span class='ocrx_word' id='word_1_449' title='bbox 2687 2736 2865 2807; x_wconf 80' lang='grc' dir='ltr'>ἄκρας</span> <span class='ocrx_word' id='word_1_450' title='bbox 2907 2734 3359 2804; x_wconf 80' lang='grc' dir='ltr'>κακοδαιμονίας.</span> <span class='ocrx_word' id='word_1_451' title='bbox 3407 2732 3481 2804; x_wconf 83' lang='grc' dir='ltr'><strong>μὴ</strong></span> <span class='ocrx_word' id='word_1_452' title='bbox 3525 2736 3583 2786; x_wconf 83' lang='grc' dir='ltr'><strong>ἐν</strong></span> 
     </span>
    </p>
   </div>
   <div class='ocr_carea' id='block_1_71' title="bbox 2009 2825 3584 2901">
    <p class='ocr_par' dir='ltr' id='par_1_71' title="bbox 2009 2825 3584 2901">
     <span class='ocr_line' id='line_1_71' title="bbox 2009 2825 3584 2901; baseline -0.004 -17"><span class='ocrx_word' id='word_1_453' title='bbox 2009 2833 2125 2895; x_wconf 86' lang='grc' dir='ltr'>τοῖς</span> <span class='ocrx_word' id='word_1_454' title='bbox 2161 2830 2312 2895; x_wconf 80' lang='grc' dir='ltr'>ίδίοις</span> <span class='ocrx_word' id='word_1_455' title='bbox 2348 2831 2589 2901; x_wconf 71' lang='grc' dir='ltr'>ἰσχυροῖς</span> <span class='ocrx_word' id='word_1_456' title='bbox 2631 2827 2692 2882; x_wconf 78' lang='grc' dir='ltr'><strong>τὸ</strong></span> <span class='ocrx_word' id='word_1_457' title='bbox 2728 2828 2972 2897; x_wconf 78' lang='grc' dir='ltr'>ἀσφαλὲς</span> <span class='ocrx_word' id='word_1_458' title='bbox 3018 2826 3182 2898; x_wconf 80' lang='grc' dir='ltr'>ἔχειν,</span> <span class='ocrx_word' id='word_1_459' title='bbox 3227 2825 3342 2880; x_wconf 84' lang='grc' dir='ltr'>ἀλλ’</span> <span class='ocrx_word' id='word_1_460' title='bbox 3374 2827 3430 2879; x_wconf 91' lang='grc' dir='ltr'><strong>ἐν</strong></span> <span class='ocrx_word' id='word_1_461' title='bbox 3470 2826 3584 2889; x_wconf 82' lang='grc' dir='ltr'>τοῖς</span> 
     </span>
    </p>
   </div>
   <div class='ocr_carea' id='block_1_72' title="bbox 2010 2920 2579 2995">
    <p class='ocr_par' dir='ltr' id='par_1_72' title="bbox 2010 2920 2579 2995">
     <span class='ocr_line' id='line_1_72' title="bbox 2010 2920 2579 2995; baseline -0.002 -20"><span class='ocrx_word' id='word_1_462' title='bbox 2010 2921 2309 2995; x_wconf 73' lang='grc' dir='ltr'>ἀλλοτρίων</span> <span class='ocrx_word' id='word_1_463' title='bbox 2339 2920 2579 2993; x_wconf 86' lang='grc' dir='ltr'>σαθροῖς.</span> 
     </span>
    </p>
   </div>
   <div class='ocr_carea' id='block_1_73' title="bbox 2082 3006 3584 3086">
    <p class='ocr_par' dir='ltr' id='par_1_73' title="bbox 2082 3006 3584 3086">
     <span class='ocr_line' id='line_1_73' title="bbox 2082 3006 3584 3086; baseline -0.007 -18"><span class='ocrx_word' id='word_1_464' title='bbox 2082 3016 2385 3083; x_wconf 85' lang='grc' dir='ltr'>Χρυσοστ.</span> <span class='ocrx_word' id='word_1_465' title='bbox 2441 3044 2506 3054; x_wconf 92' lang='grc'><strong><em>-</em></strong></span> <span class='ocrx_word' id='word_1_466' title='bbox 2557 3012 2616 3067; x_wconf 89' lang='lat'><strong>&#39;0</strong></span> <span class='ocrx_word' id='word_1_467' title='bbox 2659 3013 2768 3085; x_wconf 81' lang='grc' dir='ltr'>γὰρ</span> <span class='ocrx_word' id='word_1_468' title='bbox 2804 3013 2879 3086; x_wconf 85' lang='grc' dir='ltr'><strong>μὴ</strong></span> <span class='ocrx_word' id='word_1_469' title='bbox 2947 3011 3203 3082; x_wconf 88' lang='grc' dir='ltr'>δεόμενος</span> <span class='ocrx_word' id='word_1_470' title='bbox 3255 3009 3367 3063; x_wconf 81' lang='grc' dir='ltr'><strong>τῶν</strong></span> <span class='ocrx_word' id='word_1_471' title='bbox 3425 3006 3584 3062; x_wconf 78' lang='grc' dir='ltr'>ἀλλο-</span> 
     </span>
    </p>
   </div>
   <div class='ocr_carea' id='block_1_74' title="bbox 2008 3099 3584 3178">
    <p class='ocr_par' dir='ltr' id='par_1_74' title="bbox 2008 3099 3584 3178">
     <span class='ocr_line' id='line_1_74' title="bbox 2008 3099 3584 3178; baseline -0.006 -16"><span class='ocrx_word' id='word_1_472' title='bbox 2008 3108 2201 3178; x_wconf 87' lang='grc' dir='ltr'>τρίων,</span> <span class='ocrx_word' id='word_1_473' title='bbox 2234 3106 2349 3160; x_wconf 87' lang='grc' dir='ltr'>ἀλλ’</span> <span class='ocrx_word' id='word_1_474' title='bbox 2398 3107 2457 3161; x_wconf 86' lang='grc' dir='ltr'><strong>ἐν</strong></span> <span class='ocrx_word' id='word_1_475' title='bbox 2502 3104 3081 3178; x_wconf 75' lang='grc' dir='ltr'>αὐταρκεία⁶νομίζων</span> <span class='ocrx_word' id='word_1_476' title='bbox 3137 3099 3298 3167; x_wconf 81' lang='grc' dir='ltr'>εἶναι,</span> <span class='ocrx_word' id='word_1_477' title='bbox 3366 3100 3584 3155; x_wconf 77' lang='grc' dir='ltr'>πάντων</span> 
     </span>
    </p>
   </div>
   <div class='ocr_carea' id='block_1_75' title="bbox 2010 3198 2589 3272">
    <p class='ocr_par' dir='ltr' id='par_1_75' title="bbox 2010 3198 2589 3272">
     <span class='ocr_line' id='line_1_75' title="bbox 2010 3198 2589 3272; baseline 0 -18"><span class='ocrx_word' id='word_1_478' title='bbox 2010 3201 2160 3256; x_wconf 81' lang='grc' dir='ltr'>ἐστὶν</span> <span class='ocrx_word' id='word_1_479' title='bbox 2189 3198 2589 3272; x_wconf 78' lang='grc' dir='ltr'>εὐπορώτερος.</span> 
     </span>
    </p>
   </div>
   <div class='ocr_carea' id='block_1_76' title="bbox 2093 3284 3582 3364">
    <p class='ocr_par' dir='ltr' id='par_1_76' title="bbox 2093 3284 3582 3364">
     <span class='ocr_line' id='line_1_76' title="bbox 2093 3284 3582 3364; baseline -0.008 -17"><span class='ocrx_word' id='word_1_480' title='bbox 2093 3293 2154 3347; x_wconf 87' lang='grc' dir='ltr'>Ὀ</span> <span class='ocrx_word' id='word_1_481' title='bbox 2188 3294 2287 3364; x_wconf 80' lang='grc' dir='ltr'><strong>την</strong></span> <span class='ocrx_word' id='word_1_482' title='bbox 2329 3290 2525 3345; x_wconf 82' lang='grc' dir='ltr'>ἐαυτοῦ</span> <span class='ocrx_word' id='word_1_483' title='bbox 2582 3289 2656 3361; x_wconf 80' lang='grc' dir='ltr'><strong>μὴ</strong></span> <span class='ocrx_word' id='word_1_484' title='bbox 2699 3290 2996 3361; x_wconf 87' lang='grc' dir='ltr'>δυνάμενος</span> <span class='ocrx_word' id='word_1_485' title='bbox 3039 3289 3234 3359; x_wconf 78' lang='grc' dir='ltr'>στῆσαι</span> <span class='ocrx_word' id='word_1_486' title='bbox 3267 3284 3582 3357; x_wconf 84' lang='grc' dir='ltr'>ἐπιθυμίαν,</span> 
     </span>
    </p>
   </div>
   <div class='ocr_carea' id='block_1_77' title="bbox 2012 3374 3586 3455">
    <p class='ocr_par' dir='ltr' id='par_1_77' title="bbox 2012 3374 3586 3455">
     <span class='ocr_line' id='line_1_77' title="bbox 2012 3374 3586 3455; baseline -0.006 -17"><span class='ocrx_word' id='word_1_487' title='bbox 2012 3385 2116 3440; x_wconf 75' lang='grc' dir='ltr'>κᾶν</span> <span class='ocrx_word' id='word_1_488' title='bbox 2168 3384 2237 3439; x_wconf 76' lang='grc' dir='ltr'>τὰ</span> <span class='ocrx_word' id='word_1_489' title='bbox 2289 3384 2505 3438; x_wconf 83' lang='grc' dir='ltr'>πάντων</span> <span class='ocrx_word' id='word_1_490' title='bbox 2545 3382 2965 3455; x_wconf 74' lang='grc' dir='ltr'>περιϐέϐληται,</span> <span class='ocrx_word' id='word_1_491' title='bbox 2999 3381 3118 3445; x_wconf 84' lang='grc' dir='ltr'>πῶς</span> <span class='ocrx_word' id='word_1_492' title='bbox 3159 3374 3313 3444; x_wconf 74' lang='grc' dir='ltr'>οὗτος</span> <span class='ocrx_word' id='word_1_493' title='bbox 3346 3378 3499 3431; x_wconf 75' lang='grc' dir='ltr'>ἔσται</span> <span class='ocrx_word' id='word_1_494' title='bbox 3527 3377 3586 3428; x_wconf 91' lang='grc' dir='ltr'><strong>ἐν</strong></span> 
     </span>
    </p>
   </div>
   <div class='ocr_carea' id='block_1_78' title="bbox 2012 3473 2447 3546">
    <p class='ocr_par' dir='ltr' id='par_1_78' title="bbox 2012 3473 2447 3546">
     <span class='ocr_line' id='line_1_78' title="bbox 2012 3473 2447 3546; baseline -0.005 -17"><span class='ocrx_word' id='word_1_495' title='bbox 2012 3474 2244 3546; x_wconf 79' lang='grc' dir='ltr'>εὐπορίᾳ</span> <span class='ocrx_word' id='word_1_496' title='bbox 2276 3473 2407 3528; x_wconf 80' lang='grc' dir='ltr'><strong>ποτέ</strong></span> <span class='ocrx_word' id='word_1_497' title='bbox 2430 3490 2447 3539; x_wconf 90' lang='lat'><strong>;</strong></span> 
     </span>
    </p>
   </div>
   <div class='ocr_carea' id='block_1_79' title="bbox 2088 3559 3587 3635">
    <p class='ocr_par' dir='ltr' id='par_1_79' title="bbox 2088 3559 3587 3635">
     <span class='ocr_line' id='line_1_79' title="bbox 2088 3559 3587 3635; baseline -0.007 -13"><span class='ocrx_word' id='word_1_498' title='bbox 2088 3565 2499 3635; x_wconf 75' lang='grc' dir='ltr'>Πλουτάρχου.</span> <span class='ocrx_word' id='word_1_499' title='bbox 2530 3595 2599 3607; x_wconf 94' lang='grc'><strong>-</strong></span> <span class='ocrx_word' id='word_1_500' title='bbox 2624 3565 2689 3618; x_wconf 76' lang='lat' dir='ltr'><strong>Ol</strong></span> <span class='ocrx_word' id='word_1_501' title='bbox 2724 3564 2831 3618; x_wconf 81' lang='grc' dir='ltr'><strong>ἀπὸ</strong></span> <span class='ocrx_word' id='word_1_502' title='bbox 2867 3563 2977 3618; x_wconf 82' lang='grc' dir='ltr'><strong>τῶν</strong></span> <span class='ocrx_word' id='word_1_503' title='bbox 3010 3562 3249 3635; x_wconf 80' lang='grc' dir='ltr'>αίσχρῶν</span> <span class='ocrx_word' id='word_1_504' title='bbox 3274 3559 3481 3633; x_wconf 80' lang='grc' dir='ltr'>κερδῶν</span> <span class='ocrx_word' id='word_1_505' title='bbox 3506 3560 3587 3622; x_wconf 88' lang='grc' dir='ltr'>εἰς</span> 
     </span>
    </p>
   </div>
   <div class='ocr_carea' id='block_1_80' title="bbox 2011 3652 3586 3727">
    <p class='ocr_par' dir='ltr' id='par_1_80' title="bbox 2011 3652 3586 3727">
     <span class='ocr_line' id='line_1_80' title="bbox 2011 3652 3586 3727; baseline -0.007 -12"><span class='ocrx_word' id='word_1_506' title='bbox 2011 3660 2112 3724; x_wconf 80' lang='grc' dir='ltr'>τὰς</span> <span class='ocrx_word' id='word_1_507' title='bbox 2168 3658 2341 3722; x_wconf 81' lang='grc' dir='ltr'>καλὰς</span> <span class='ocrx_word' id='word_1_508' title='bbox 2418 3656 2799 3719; x_wconf 84' lang='grc' dir='ltr'>ἀναλίσκοντες</span> <span class='ocrx_word' id='word_1_509' title='bbox 2853 3655 3236 3727; x_wconf 85' lang='grc' dir='ltr'>λειτουργίας,</span> <span class='ocrx_word' id='word_1_510' title='bbox 3288 3652 3475 3723; x_wconf 81' lang='grc' dir='ltr'>ὅμοιόν</span> <span class='ocrx_word' id='word_1_511' title='bbox 3531 3668 3586 3704; x_wconf 85' lang='grc' dir='ltr'><strong>τι</strong></span> 
     </span>
    </p>
   </div>
   <div class='ocr_carea' id='block_1_81' title="bbox 2013 3745 3441 3819">
    <p class='ocr_par' dir='ltr' id='par_1_81' title="bbox 2013 3745 3441 3819">
     <span class='ocr_line' id='line_1_81' title="bbox 2013 3745 3441 3819; baseline -0.004 -14"><span class='ocrx_word' id='word_1_512' title='bbox 2013 3749 2251 3816; x_wconf 87' lang='grc' dir='ltr'>ποιοῦσι,</span> <span class='ocrx_word' id='word_1_513' title='bbox 2280 3751 2393 3813; x_wconf 86' lang='grc' dir='ltr'>τοῖς</span> <span class='ocrx_word' id='word_1_514' title='bbox 2434 3747 2693 3819; x_wconf 75' lang='grc' dir='ltr'>ἀπὸ-τῆς</span> <span class='ocrx_word' id='word_1_515' title='bbox 2739 3747 3045 3819; x_wconf 80' lang='grc' dir='ltr'>ἱεροσυλίας</span> <span class='ocrx_word' id='word_1_516' title='bbox 3074 3745 3441 3800; x_wconf 77' lang='grc' dir='ltr'>θεοσεϐοῦσιν.</span> 
     </span>
    </p>
   </div>
   <div class='ocr_carea' id='block_1_82' title="bbox 2082 3822 3586 3911">
    <p class='ocr_par' dir='ltr' id='par_1_82' title="bbox 2082 3822 3586 3911">
     <span class='ocr_line' id='line_1_82' title="bbox 2082 3822 3586 3911; baseline -0.006 -15"><span class='ocrx_word' id='word_1_517' title='bbox 2082 3840 2397 3911; x_wconf 82' lang='grc' dir='ltr'>Δημοκρίτ.</span> <span class='ocrx_word' id='word_1_518' title='bbox 2426 3868 2497 3882; x_wconf 87' lang='lat'><strong>--</strong></span> <span class='ocrx_word' id='word_1_519' title='bbox 2521 3838 2757 3903; x_wconf 85' lang='grc' dir='ltr'>Πλοῦτος</span> <span class='ocrx_word' id='word_1_520' title='bbox 2793 3839 2907 3894; x_wconf 83' lang='grc' dir='ltr'><strong>ἀπὸ</strong></span> <span class='ocrx_word' id='word_1_521' title='bbox 2954 3822 3130 3909; x_wconf 74' lang='grc' dir='ltr'>κακῆς</span> <span class='ocrx_word' id='word_1_522' title='bbox 3171 3837 3434 3908; x_wconf 86' lang='grc' dir='ltr'>ἐργασίας</span> <span class='ocrx_word' id='word_1_523' title='bbox 3464 3837 3586 3888; x_wconf 79' lang='grc' dir='ltr'>ἐπι-</span> 
     </span>
    </p>
   </div>
   <div class='ocr_carea' id='block_1_83' title="bbox 2014 3929 3406 4002">
    <p class='ocr_par' dir='ltr' id='par_1_83' title="bbox 2014 3929 3406 4002">
     <span class='ocr_line' id='line_1_83' title="bbox 2014 3929 3406 4002; baseline -0.002 -16"><span class='ocrx_word' id='word_1_524' title='bbox 2014 3933 2325 4002; x_wconf 85' lang='grc' dir='ltr'>γινόμενος,</span> <span class='ocrx_word' id='word_1_525' title='bbox 2354 3930 2448 3985; x_wconf 69' lang='grc' dir='ltr'>ἐπὶ</span> <span class='ocrx_word' id='word_1_526' title='bbox 2475 3929 2857 4002; x_wconf 81' lang='grc' dir='ltr'>φανερώτερον</span> <span class='ocrx_word' id='word_1_527' title='bbox 2886 3929 3100 3994; x_wconf 72' lang='grc' dir='ltr'>ὄνειδος.</span> <span class='ocrx_word' id='word_1_528' title='bbox 3121 3930 3406 4000; x_wconf 81' lang='grc' dir='ltr'>κέκτηται.</span> 
     </span>
    </p>
   </div>
   <div class='ocr_carea' id='block_1_84' title="bbox 2087 4017 3585 4098">
    <p class='ocr_par' dir='ltr' id='par_1_84' title="bbox 2087 4017 3585 4098">
     <span class='ocr_line' id='line_1_84' title="bbox 2087 4017 3585 4098; baseline -0.006 -19"><span class='ocrx_word' id='word_1_529' title='bbox 2087 4027 2366 4098; x_wconf 84' lang='grc' dir='ltr'>Χρήματα</span> <span class='ocrx_word' id='word_1_530' title='bbox 2397 4023 2645 4097; x_wconf 76' lang='grc' dir='ltr'>πορίζειν</span> <span class='ocrx_word' id='word_1_531' title='bbox 2685 4023 2807 4095; x_wconf 84' lang='grc' dir='ltr'><strong>μὲν,</strong></span> <span class='ocrx_word' id='word_1_532' title='bbox 2854 4022 2955 4075; x_wconf 80' lang='grc' dir='ltr'><strong>οὐκ</strong></span> <span class='ocrx_word' id='word_1_533' title='bbox 2982 4020 3220 4092; x_wconf 85' lang='grc' dir='ltr'>ἀχρεῖον·</span> <span class='ocrx_word' id='word_1_534' title='bbox 3263 4019 3324 4087; x_wconf 82' lang='grc' dir='ltr'>ἐξ</span> <span class='ocrx_word' id='word_1_535' title='bbox 3375 4017 3585 4081; x_wconf 88' lang='grc' dir='ltr'>ἀδικίας</span> 
     </span>
    </p>
   </div>
   <div class='ocr_carea' id='block_1_85' title="bbox 2011 4113 2589 4181">
    <p class='ocr_par' dir='ltr' id='par_1_85' title="bbox 2011 4113 2589 4181">
     <span class='ocr_line' id='line_1_85' title="bbox 2011 4113 2589 4181; baseline -0.009 -9"><span class='ocrx_word' id='word_1_536' title='bbox 2011 4118 2090 4181; x_wconf 81' lang='grc' dir='ltr'><strong>δὲ,</strong></span> <span class='ocrx_word' id='word_1_537' title='bbox 2119 4117 2338 4171; x_wconf 83' lang='grc' dir='ltr'>πάντων</span> <span class='ocrx_word' id='word_1_538' title='bbox 2374 4113 2589 4168; x_wconf 82' lang='grc' dir='ltr'>κάκιον.</span> 
     </span>
    </p>
   </div>
   <div class='ocr_carea' id='block_1_86' title="bbox 2084 4198 3588 4278">
    <p class='ocr_par' dir='ltr' id='par_1_86' title="bbox 2084 4198 3588 4278">
     <span class='ocr_line' id='line_1_86' title="bbox 2084 4198 3588 4278; baseline -0.008 -13"><span class='ocrx_word' id='word_1_539' title='bbox 2084 4198 2422 4278; x_wconf 67' lang='grc' dir='ltr'>Σωκράτηζι.</span> <span class='ocrx_word' id='word_1_540' title='bbox 2448 4238 2520 4248; x_wconf 88' lang='grc'><strong><em>-</em></strong></span> <span class='ocrx_word' id='word_1_541' title='bbox 2550 4206 2688 4269; x_wconf 81' lang='grc' dir='ltr'>Τοὺς</span> <span class='ocrx_word' id='word_1_542' title='bbox 2725 4204 3055 4268; x_wconf 83' lang='grc' dir='ltr'>πλεονέκτας</span> <span class='ocrx_word' id='word_1_543' title='bbox 3092 4202 3280 4267; x_wconf 77' lang='grc' dir='ltr'>εῖκαζε</span> <span class='ocrx_word' id='word_1_544' title='bbox 3327 4203 3449 4264; x_wconf 89' lang='grc' dir='ltr'>ταῖς</span> <span class='ocrx_word' id='word_1_545' title='bbox 3494 4201 3588 4272; x_wconf 80' lang='grc' dir='ltr'>δρ-</span> 
     </span>
    </p>
   </div>
   <div class='ocr_carea' id='block_1_87' title="bbox 331 4290 1904 4371">
    <p class='ocr_par' dir='ltr' id='par_1_87' title="bbox 331 4290 1904 4367">
     <span class='ocr_line' id='line_1_87' title="bbox 331 4290 1904 4367; baseline -0.004 -18"><span class='ocrx_word' id='word_1_546' title='bbox 331 4309 569 4367; x_wconf 84' lang='lat' dir='ltr'><strong>quarum</strong></span> <span class='ocrx_word' id='word_1_547' title='bbox 598 4308 705 4347; x_wconf 89' lang='lat' dir='ltr'><strong>una</strong></span> <span class='ocrx_word' id='word_1_548' title='bbox 742 4293 967 4363; x_wconf 89' lang='lat' dir='ltr'><strong>quidem</strong></span> <span class='ocrx_word' id='word_1_549' title='bbox 998 4291 1230 4363; x_wconf 79' lang='lat' dir='ltr'><strong>deglntit</strong></span> <span class='ocrx_word' id='word_1_550' title='bbox 1271 4290 1543 4361; x_wconf 86' lang='lat' dir='ltr'><strong>quidquid</strong></span> <span class='ocrx_word' id='word_1_551' title='bbox 1573 4290 1904 4357; x_wconf 89' lang='lat' dir='ltr'><strong>occurrerit,</strong></span> 
     </span>
    </p>
   </div>
   <div class='ocr_carea' id='block_1_88' title="bbox 2025 4290 3587 4371">
    <p class='ocr_par' dir='ltr' id='par_1_88' title="bbox 2025 4291 3587 4371">
     <span class='ocr_line' id='line_1_88' title="bbox 2025 4291 3587 4371; baseline -0.009 -13"><span class='ocrx_word' id='word_1_552' title='bbox 2025 4320 2169 4358; x_wconf 74' lang='lat' dir='ltr'><strong>lt&#39;JW&#39;</strong></span> <span class='ocrx_word' id='word_1_553' title='bbox 2195 4296 2270 4357; x_wconf 84' lang='grc' dir='ltr'>ὧν</span> <span class='ocrx_word' id='word_1_554' title='bbox 2302 4302 2336 4371; x_wconf 77' lang='grc' dir='ltr'>ἡ</span> <span class='ocrx_word' id='word_1_555' title='bbox 2372 4300 2471 4371; x_wconf 84' lang='grc' dir='ltr'><strong>μὲν</strong></span> <span class='ocrx_word' id='word_1_556' title='bbox 2513 4298 2831 4362; x_wconf 86' lang='grc' dir='ltr'>καταπίνει,</span> <span class='ocrx_word' id='word_1_557' title='bbox 2883 4298 2913 4351; x_wconf 86' lang='grc' dir='ltr'><strong>ὃ</strong></span> <span class='ocrx_word' id='word_1_558' title='bbox 2946 4315 2998 4350; x_wconf 89' lang='grc' dir='ltr'><strong>τι</strong></span> <span class='ocrx_word' id='word_1_559' title='bbox 3050 4295 3116 4351; x_wconf 86' lang='grc' dir='ltr'><strong>ἂν</strong></span> <span class='ocrx_word' id='word_1_560' title='bbox 3148 4293 3459 4365; x_wconf 77' lang='grc' dir='ltr'>προσ-τύχῃ.</span> <span class='ocrx_word' id='word_1_561' title='bbox 3489 4291 3587 4345; x_wconf 78' lang='grc' dir='ltr'>καὶ</span> 
     </span>
    </p>
   </div>
   <div class='ocr_carea' id='block_1_89' title="bbox 331 4379 1913 4454">
    <p class='ocr_par' dir='ltr' id='par_1_89' title="bbox 331 4379 1913 4454">
     <span class='ocr_line' id='line_1_89' title="bbox 331 4379 1913 4454; baseline -0.004 -15"><span class='ocrx_word' id='word_1_562' title='bbox 331 4400 397 4439; x_wconf 88' lang='lat' dir='ltr'><strong>ac</strong></span> <span class='ocrx_word' id='word_1_563' title='bbox 438 4383 777 4454; x_wconf 88' lang='lat' dir='ltr'><strong>quandoque</strong></span> <span class='ocrx_word' id='word_1_564' title='bbox 820 4382 1157 4443; x_wconf 69' lang='lat' dir='ltr'><strong>suffocatur;</strong></span> <span class='ocrx_word' id='word_1_565' title='bbox 1205 4383 1437 4451; x_wconf 74' lang='lat' dir='ltr'><strong>reliquze</strong></span> <span class='ocrx_word' id='word_1_566' title='bbox 1490 4395 1626 4434; x_wconf 85' lang='lat' dir='ltr'><strong>vero</strong></span> <span class='ocrx_word' id='word_1_567' title='bbox 1676 4379 1913 4435; x_wconf 89' lang='lat' dir='ltr'><strong>comites</strong></span> 
     </span>
    </p>
   </div>
   <div class='ocr_carea' id='block_1_90' title="bbox 332 4472 1911 4544">
    <p class='ocr_par' dir='ltr' id='par_1_90' title="bbox 332 4472 1911 4544">
     <span class='ocr_line' id='line_1_90' title="bbox 332 4472 1911 4544; baseline -0.003 -14"><span class='ocrx_word' id='word_1_568' title='bbox 332 4476 523 4530; x_wconf 90' lang='lat' dir='ltr'><strong>volant</strong></span> <span class='ocrx_word' id='word_1_569' title='bbox 553 4482 611 4530; x_wconf 90' lang='lat' dir='ltr'><strong>et</strong></span> <span class='ocrx_word' id='word_1_570' title='bbox 637 4484 1002 4540; x_wconf 89' lang='lat' dir='ltr'><strong>assectautur,</strong></span> <span class='ocrx_word' id='word_1_571' title='bbox 1043 4484 1103 4528; x_wconf 91' lang='lat' dir='ltr'><strong>ut</strong></span> <span class='ocrx_word' id='word_1_572' title='bbox 1128 4484 1343 4544; x_wconf 86' lang='lat' dir='ltr'><strong>partem</strong></span> <span class='ocrx_word' id='word_1_573' title='bbox 1374 4474 1597 4544; x_wconf 88' lang='lat' dir='ltr'><strong>rapiant</strong></span> <span class='ocrx_word' id='word_1_574' title='bbox 1618 4488 1684 4528; x_wconf 89' lang='lat' dir='ltr'><strong>ac</strong></span> <span class='ocrx_word' id='word_1_575' title='bbox 1705 4472 1911 4543; x_wconf 90' lang='lat' dir='ltr'><strong>partim</strong></span> 
     </span>
    </p>
   </div>
   <div class='ocr_carea' id='block_1_91' title="bbox 333 4567 697 4623">
    <p class='ocr_par' dir='ltr' id='par_1_91' title="bbox 333 4567 697 4623">
     <span class='ocr_line' id='line_1_91' title="bbox 333 4567 697 4623; baseline -0.003 -1"><span class='ocrx_word' id='word_1_576' title='bbox 333 4567 697 4623; x_wconf 76' lang='lat' dir='ltr'><strong>suﬂ‘ocentur.</strong></span> 
     </span>
    </p>
   </div>
   <div class='ocr_carea' id='block_1_92' title="bbox 402 4657 1911 4732">
    <p class='ocr_par' dir='ltr' id='par_1_92' title="bbox 402 4657 1911 4732">
     <span class='ocr_line' id='line_1_92' title="bbox 402 4657 1911 4732; baseline -0.002 -17"><span class='ocrx_word' id='word_1_577' title='bbox 402 4660 624 4732; x_wconf 82' lang='lat' dir='ltr'><strong>Diogen.</strong></span> <span class='ocrx_word' id='word_1_578' title='bbox 651 4661 1008 4730; x_wconf 81' lang='lat' dir='ltr'><strong>—Diogenes</strong></span> <span class='ocrx_word' id='word_1_579' title='bbox 1038 4660 1412 4729; x_wconf 79' lang='lat' dir='ltr'><strong>interrogatus</strong></span> <span class='ocrx_word' id='word_1_580' title='bbox 1437 4671 1688 4726; x_wconf 69' lang='lat' dir='ltr'><strong>quaenam</strong></span> <span class='ocrx_word' id='word_1_581' title='bbox 1715 4657 1911 4712; x_wconf 62' lang='lat' dir='ltr'><strong>bestiae</strong></span> 
     </span>
    </p>
   </div>
   <div class='ocr_carea' id='block_1_93' title="bbox 334 4747 1911 4819">
    <p class='ocr_par' dir='ltr' id='par_1_93' title="bbox 334 4747 1911 4819">
     <span class='ocr_line' id='line_1_93' title="bbox 334 4747 1911 4819; baseline -0.003 -12"><span class='ocrx_word' id='word_1_582' title='bbox 334 4751 607 4807; x_wconf 87' lang='lat' dir='ltr'><strong>trueiores</strong></span> <span class='ocrx_word' id='word_1_583' title='bbox 633 4759 840 4815; x_wconf 86' lang='lat' dir='ltr'><strong>essent,</strong></span> <span class='ocrx_word' id='word_1_584' title='bbox 876 4749 1164 4819; x_wconf 89' lang='lat' dir='ltr'><strong>respondit</strong></span> <span class='ocrx_word' id='word_1_585' title='bbox 1197 4766 1209 4801; x_wconf 90' lang='lat'><strong>:</strong></span> <span class='ocrx_word' id='word_1_586' title='bbox 1253 4749 1314 4802; x_wconf 84' lang='lat' dir='ltr'><strong>in</strong></span> <span class='ocrx_word' id='word_1_587' title='bbox 1367 4747 1650 4802; x_wconf 91' lang='lat' dir='ltr'><strong>montibus</strong></span> <span class='ocrx_word' id='word_1_588' title='bbox 1683 4747 1911 4817; x_wconf 89' lang='lat' dir='ltr'><strong>quidem</strong></span> 
     </span>
    </p>
   </div>
   <div class='ocr_carea' id='block_1_94' title="bbox 333 4837 1916 4909">
    <p class='ocr_par' dir='ltr' id='par_1_94' title="bbox 333 4837 1916 4909">
     <span class='ocr_line' id='line_1_94' title="bbox 333 4837 1916 4909; baseline -0.002 -12"><span class='ocrx_word' id='word_1_589' title='bbox 333 4843 447 4900; x_wconf 86' lang='lat' dir='ltr'><strong>ursi</strong></span> <span class='ocrx_word' id='word_1_590' title='bbox 474 4849 533 4899; x_wconf 90' lang='lat' dir='ltr'><strong>et</strong></span> <span class='ocrx_word' id='word_1_591' title='bbox 561 4844 785 4909; x_wconf 87' lang='lat' dir='ltr'><strong>leones;</strong></span> <span class='ocrx_word' id='word_1_592' title='bbox 832 4843 889 4895; x_wconf 92' lang='lat' dir='ltr'><strong>in</strong></span> <span class='ocrx_word' id='word_1_593' title='bbox 944 4841 1178 4896; x_wconf 90' lang='lat' dir='ltr'><strong>urbibus</strong></span> <span class='ocrx_word' id='word_1_594' title='bbox 1226 4855 1361 4895; x_wconf 87' lang='lat' dir='ltr'><strong>vero</strong></span> <span class='ocrx_word' id='word_1_595' title='bbox 1401 4837 1686 4909; x_wconf 88' lang='lat' dir='ltr'><strong>publicani</strong></span> <span class='ocrx_word' id='word_1_596' title='bbox 1722 4847 1779 4894; x_wconf 84' lang='lat' dir='ltr'><strong>et</strong></span> <span class='ocrx_word' id='word_1_597' title='bbox 1824 4853 1916 4894; x_wconf 87' lang='lat' dir='ltr'><strong>ca-</strong></span> 
     </span>
    </p>
   </div>
   <div class='ocr_carea' id='block_1_95' title="bbox 333 4936 728 4990">
    <p class='ocr_par' dir='ltr' id='par_1_95' title="bbox 333 4936 728 4990">
     <span class='ocr_line' id='line_1_95' title="bbox 333 4936 728 4990; baseline -0.005 0"><span class='ocrx_word' id='word_1_598' title='bbox 333 4936 728 4990; x_wconf 86' lang='lat' dir='ltr'><strong>lumniatores.</strong></span> 
     </span>
    </p>
   </div>
   <div class='ocr_carea' id='block_1_96' title="bbox 402 5020 1914 5095">
    <p class='ocr_par' dir='ltr' id='par_1_96' title="bbox 402 5020 1914 5095">
     <span class='ocr_line' id='line_1_96' title="bbox 402 5020 1914 5095; baseline -0.003 -15"><span class='ocrx_word' id='word_1_599' title='bbox 402 5026 694 5095; x_wconf 80' lang='lat' dir='ltr'><strong>Antiphon.</strong></span> <span class='ocrx_word' id='word_1_600' title='bbox 724 5055 794 5064; x_wconf 95' lang='lat'><em>—</em></span> <span class='ocrx_word' id='word_1_601' title='bbox 827 5023 965 5079; x_wconf 79' lang='lat' dir='ltr'><strong>Mala</strong></span> <span class='ocrx_word' id='word_1_602' title='bbox 993 5023 1169 5087; x_wconf 85' lang='lat' dir='ltr'><strong>lucra,</strong></span> <span class='ocrx_word' id='word_1_603' title='bbox 1206 5022 1404 5079; x_wconf 83' lang='lat' dir='ltr'><strong>breves</strong></span> <span class='ocrx_word' id='word_1_604' title='bbox 1422 5021 1760 5093; x_wconf 85' lang='lat' dir='ltr'><strong>voluptates,</strong></span> <span class='ocrx_word' id='word_1_605' title='bbox 1791 5020 1914 5075; x_wconf 87' lang='lat' dir='ltr'><strong>lon-</strong></span> 
     </span>
    </p>
   </div>
   <div class='ocr_carea' id='block_1_97' title="bbox 332 5112 952 5185">
    <p class='ocr_par' dir='ltr' id='par_1_97' title="bbox 332 5112 952 5185">
     <span class='ocr_line' id='line_1_97' title="bbox 332 5112 952 5185; baseline -0.003 -15"><span class='ocrx_word' id='word_1_606' title='bbox 332 5129 433 5185; x_wconf 73' lang='lat' dir='ltr'><strong>gos</strong></span> <span class='ocrx_word' id='word_1_607' title='bbox 461 5112 683 5169; x_wconf 90' lang='lat' dir='ltr'><strong>dolores</strong></span> <span class='ocrx_word' id='word_1_608' title='bbox 717 5112 952 5168; x_wconf 86' lang='lat' dir='ltr'><strong>habent.</strong></span> 
     </span>
    </p>
   </div>
   <div class='ocr_carea' id='block_1_98' title="bbox 970 5254 1267 5325">
    <p class='ocr_par' dir='ltr' id='par_1_98' title="bbox 970 5254 1267 5325">
     <span class='ocr_line' id='line_1_98' title="bbox 970 5254 1267 5325; baseline -0.01 -15"><span class='ocrx_word' id='word_1_609' title='bbox 970 5254 1267 5325; x_wconf 77' lang='lat' dir='ltr'><strong>Euripidis.</strong></span> 
     </span>
    </p>
   </div>
   <div class='ocr_carea' id='block_1_99' title="bbox 335 5363 1525 5438">
    <p class='ocr_par' dir='ltr' id='par_1_99' title="bbox 335 5363 1525 5438">
     <span class='ocr_line' id='line_1_99' title="bbox 335 5363 1525 5438; baseline -0.006 -16"><span class='ocrx_word' id='word_1_610' title='bbox 335 5364 435 5438; x_wconf 80' lang='lat' dir='ltr'><strong>Qui</strong></span> <span class='ocrx_word' id='word_1_611' title='bbox 470 5365 626 5438; x_wconf 80' lang='lat' dir='ltr'><strong>plura</strong></span> <span class='ocrx_word' id='word_1_612' title='bbox 652 5384 855 5437; x_wconf 75' lang='lat' dir='ltr'><strong>semper</strong></span> <span class='ocrx_word' id='word_1_613' title='bbox 882 5368 1118 5438; x_wconf 84' lang='lat' dir='ltr'><strong>appetit,</strong></span> <span class='ocrx_word' id='word_1_614' title='bbox 1139 5366 1233 5436; x_wconf 85' lang='lat' dir='ltr'><strong>jus</strong></span> <span class='ocrx_word' id='word_1_615' title='bbox 1270 5363 1525 5438; x_wconf 61' lang='lat' dir='ltr'><strong>negtigit,</strong></span> 
     </span>
    </p>
   </div>
   <div class='ocr_carea' id='block_1_100' title="bbox 333 5435 1483 5502">
    <p class='ocr_par' dir='ltr' id='par_1_100' title="bbox 333 5435 1483 5502">
     <span class='ocr_line' id='line_1_100' title="bbox 333 5435 1483 5502; baseline -0.005 -9"><span class='ocrx_word' id='word_1_616' title='bbox 333 5436 441 5493; x_wconf 80' lang='lat' dir='ltr'><strong>Nec</strong></span> <span class='ocrx_word' id='word_1_617' title='bbox 469 5437 605 5493; x_wconf 81' lang='lat' dir='ltr'><strong>idem</strong></span> <span class='ocrx_word' id='word_1_618' title='bbox 632 5435 814 5492; x_wconf 80' lang='lat' dir='ltr'><strong>amicis</strong></span> <span class='ocrx_word' id='word_1_619' title='bbox 842 5453 897 5490; x_wconf 81' lang='lat' dir='ltr'><strong>se</strong></span> <span class='ocrx_word' id='word_1_620' title='bbox 919 5435 1120 5502; x_wconf 71' lang='lat' dir='ltr'><strong>sociat,</strong></span> <span class='ocrx_word' id='word_1_621' title='bbox 1142 5435 1241 5489; x_wconf 28' lang='lat' dir='ltr'><strong>’nec</strong></span> <span class='ocrx_word' id='word_1_622' title='bbox 1272 5435 1483 5488; x_wconf 68' lang='lat' dir='ltr'><strong>viribus.</strong></span> 
     </span>
    </p>
   </div>
   <div class='ocr_carea' id='block_1_101' title="bbox 2012 4382 3584 4457">
    <p class='ocr_par' dir='ltr' id='par_1_101' title="bbox 2012 4382 3584 4457">
     <span class='ocr_line' id='line_1_101' title="bbox 2012 4382 3584 4457; baseline -0.01 -8"><span class='ocrx_word' id='word_1_623' title='bbox 2012 4395 2162 4449; x_wconf 76' lang='grc' dir='ltr'>ἐστιν</span> <span class='ocrx_word' id='word_1_624' title='bbox 2218 4394 2349 4447; x_wconf 83' lang='grc' dir='ltr'>ὅταν</span> <span class='ocrx_word' id='word_1_625' title='bbox 2404 4389 2679 4455; x_wconf 85' lang='grc' dir='ltr'>πνίγεται·</span> <span class='ocrx_word' id='word_1_626' title='bbox 2729 4388 2784 4440; x_wconf 83' lang='grc' dir='ltr'><strong>αί</strong></span> <span class='ocrx_word' id='word_1_627' title='bbox 2829 4388 2873 4440; x_wconf 87' lang='grc' dir='ltr'>δ’</span> <span class='ocrx_word' id='word_1_628' title='bbox 2898 4387 3054 4441; x_wconf 83' lang='grc' dir='ltr'>ἄλλαι</span> <span class='ocrx_word' id='word_1_629' title='bbox 3085 4382 3584 4457; x_wconf 82' lang='grc' dir='ltr'>παρακολουθοῦσιν</span> 
     </span>
    </p>
   </div>
   <div class='ocr_carea' id='block_1_102' title="bbox 2012 4473 3587 4555">
    <p class='ocr_par' dir='ltr' id='par_1_102' title="bbox 2012 4473 3587 4555">
     <span class='ocr_line' id='line_1_102' title="bbox 2012 4473 3587 4555; baseline -0.012 -14"><span class='ocrx_word' id='word_1_630' title='bbox 2012 4484 2235 4555; x_wconf 83' lang='grc' dir='ltr'>ἀφελεῖν</span> <span class='ocrx_word' id='word_1_631' title='bbox 2268 4480 2403 4535; x_wconf 82' lang='grc' dir='ltr'>αὐτὸ</span> <span class='ocrx_word' id='word_1_632' title='bbox 2457 4477 2811 4543; x_wconf 87' lang='grc' dir='ltr'>σπεύδουσαι,</span> <span class='ocrx_word' id='word_1_633' title='bbox 2846 4478 2937 4531; x_wconf 82' lang='grc' dir='ltr'>ἴνα</span> <span class='ocrx_word' id='word_1_634' title='bbox 2988 4476 3140 4548; x_wconf 77' lang='grc' dir='ltr'>παρὰ</span> <span class='ocrx_word' id='word_1_635' title='bbox 3175 4476 3341 4546; x_wconf 83' lang='grc' dir='ltr'>μέρος</span> <span class='ocrx_word' id='word_1_636' title='bbox 3385 4473 3587 4541; x_wconf 84' lang='grc' dir='ltr'>πνιγῶ-</span> 
     </span>
    </p>
   </div>
   <div class='ocr_carea' id='block_1_103' title="bbox 2015 4594 3586 4731">
    <p class='ocr_par' dir='ltr' id='par_1_103' title="bbox 2015 4594 3586 4731">
     <span class='ocr_line' id='line_1_103' title="bbox 2015 4594 3586 4731; baseline -0.009 -15"><span class='ocrx_word' id='word_1_637' title='bbox 2015 4594 2386 4731; x_wconf 49' lang='grc' dir='ltr'><strong>σιχΣωγένης.</strong></span> <span class='ocrx_word' id='word_1_638' title='bbox 2421 4687 2492 4699; x_wconf 91' lang='grc'><strong>-</strong></span> <span class='ocrx_word' id='word_1_639' title='bbox 2533 4655 2882 4728; x_wconf 78' lang='grc' dir='ltr'>Ἐρωτηθεὶς,</span> <span class='ocrx_word' id='word_1_640' title='bbox 2925 4657 3050 4707; x_wconf 80' lang='grc' dir='ltr'>ποῖα</span> <span class='ocrx_word' id='word_1_641' title='bbox 3095 4653 3184 4722; x_wconf 84' lang='grc' dir='ltr'><strong>εῐη</strong></span> <span class='ocrx_word' id='word_1_642' title='bbox 3220 4651 3385 4723; x_wconf 86' lang='grc' dir='ltr'>θηρία</span> <span class='ocrx_word' id='word_1_643' title='bbox 3426 4650 3586 4722; x_wconf 83' lang='grc' dir='ltr'>χαλε-</span> 
     </span>
    </p>
   </div>
   <div class='ocr_carea' id='block_1_104' title="bbox 2014 4743 3587 4825">
    <p class='ocr_par' dir='ltr' id='par_1_104' title="bbox 2014 4743 3587 4825">
     <span class='ocr_line' id='line_1_104' title="bbox 2014 4743 3587 4825; baseline -0.008 -16"><span class='ocrx_word' id='word_1_644' title='bbox 2014 4754 2266 4825; x_wconf 82' lang='grc' dir='ltr'>πώτερα,</span> <span class='ocrx_word' id='word_1_645' title='bbox 2317 4745 2471 4804; x_wconf 69' lang='grc' dir='ltr'>εἶπεν</span> <span class='ocrx_word' id='word_1_646' title='bbox 2497 4789 2512 4814; x_wconf 93' lang='grc'><strong>,</strong></span> <span class='ocrx_word' id='word_1_647' title='bbox 2571 4749 2658 4801; x_wconf 88' lang='grc' dir='ltr'>Ἐν</span> <span class='ocrx_word' id='word_1_648' title='bbox 2701 4746 2802 4818; x_wconf 82' lang='grc' dir='ltr'><strong>μὲν</strong></span> <span class='ocrx_word' id='word_1_649' title='bbox 2849 4748 2962 4810; x_wconf 90' lang='grc' dir='ltr'>τοῖς</span> <span class='ocrx_word' id='word_1_650' title='bbox 2997 4746 3220 4817; x_wconf 77' lang='grc' dir='ltr'>ὄρεσιν,</span> <span class='ocrx_word' id='word_1_651' title='bbox 3280 4744 3438 4814; x_wconf 82' lang='grc' dir='ltr'>ἄρκοι</span> <span class='ocrx_word' id='word_1_652' title='bbox 3490 4743 3587 4798; x_wconf 73' lang='grc' dir='ltr'>καὶ</span> 
     </span>
    </p>
   </div>
   <div class='ocr_carea' id='block_1_105' title="bbox 2014 4836 3547 4909">
    <p class='ocr_par' dir='ltr' id='par_1_105' title="bbox 2014 4836 3547 4909">
     <span class='ocr_line' id='line_1_105' title="bbox 2014 4836 3547 4909; baseline -0.007 -9"><span class='ocrx_word' id='word_1_653' title='bbox 2014 4846 2246 4909; x_wconf 63' lang='grc' dir='ltr'>λέοντες</span> <span class='ocrx_word' id='word_1_654' title='bbox 2276 4845 2335 4897; x_wconf 82' lang='grc' dir='ltr'><strong>ἐν</strong></span> <span class='ocrx_word' id='word_1_655' title='bbox 2364 4841 2422 4895; x_wconf 84' lang='grc' dir='ltr'><strong>δέ</strong></span> <span class='ocrx_word' id='word_1_656' title='bbox 2441 4842 2561 4905; x_wconf 90' lang='grc' dir='ltr'>ταῖς</span> <span class='ocrx_word' id='word_1_657' title='bbox 2587 4839 2796 4904; x_wconf 82' lang='grc' dir='ltr'>πόλεσι,</span> <span class='ocrx_word' id='word_1_658' title='bbox 2815 4837 3046 4892; x_wconf 83' lang='grc' dir='ltr'>τελῶναι</span> <span class='ocrx_word' id='word_1_659' title='bbox 3075 4838 3169 4892; x_wconf 81' lang='grc' dir='ltr'>καὶ</span> <span class='ocrx_word' id='word_1_660' title='bbox 3194 4836 3547 4903; x_wconf 75' lang='grc' dir='ltr'>συκοφάνται.</span> 
     </span>
    </p>
   </div>
   <div class='ocr_carea' id='block_1_106' title="bbox 2097 5012 3587 5088">
    <p class='ocr_par' dir='ltr' id='par_1_106' title="bbox 2097 5012 3587 5088">
     <span class='ocr_line' id='line_1_106' title="bbox 2097 5012 3587 5088; baseline -0.006 -13"><span class='ocrx_word' id='word_1_661' title='bbox 2097 5017 2511 5088; x_wconf 63' lang='grc' dir='ltr'>Ἀντιφάνους.</span> <span class='ocrx_word' id='word_1_662' title='bbox 2538 5048 2606 5056; x_wconf 88' lang='grc'><strong><em>-</em></strong></span> <span class='ocrx_word' id='word_1_663' title='bbox 2632 5016 2713 5069; x_wconf 82' lang='grc' dir='ltr'><strong>Τὰ</strong></span> <span class='ocrx_word' id='word_1_664' title='bbox 2751 5014 2849 5086; x_wconf 81' lang='grc' dir='ltr'><strong>μὲν</strong></span> <span class='ocrx_word' id='word_1_665' title='bbox 2877 5013 3091 5086; x_wconf 80' lang='grc' dir='ltr'>πονηρὰ</span> <span class='ocrx_word' id='word_1_666' title='bbox 3133 5013 3321 5085; x_wconf 82' lang='grc' dir='ltr'>κέρδη,</span> <span class='ocrx_word' id='word_1_667' title='bbox 3359 5013 3455 5077; x_wconf 81' lang='grc' dir='ltr'><strong>τὰς</strong></span> <span class='ocrx_word' id='word_1_668' title='bbox 3487 5012 3587 5085; x_wconf 73' lang='grc' dir='ltr'><strong>μὲν</strong></span> 
     </span>
    </p>
   </div>
   <div class='ocr_carea' id='block_1_107' title="bbox 2017 5105 3316 5183">
    <p class='ocr_par' dir='ltr' id='par_1_107' title="bbox 2017 5105 3316 5183">
     <span class='ocr_line' id='line_1_107' title="bbox 2017 5105 3316 5183; baseline -0.005 -15"><span class='ocrx_word' id='word_1_669' title='bbox 2017 5111 2209 5183; x_wconf 61' lang='grc' dir='ltr'><strong>⁸Ιίιδονάς</strong></span> <span class='ocrx_word' id='word_1_670' title='bbox 2244 5110 2356 5180; x_wconf 75' lang='grc' dir='ltr'>ἔχει</span> <span class='ocrx_word' id='word_1_671' title='bbox 2390 5109 2614 5180; x_wconf 76' lang='grc' dir='ltr'>μικρὰς,</span> <span class='ocrx_word' id='word_1_672' title='bbox 2645 5106 2746 5172; x_wconf 79' lang='grc' dir='ltr'>τὰς</span> <span class='ocrx_word' id='word_1_673' title='bbox 2776 5106 2833 5160; x_wconf 92' lang='grc' dir='ltr'><strong>δέ</strong></span> <span class='ocrx_word' id='word_1_674' title='bbox 2864 5105 3044 5170; x_wconf 84' lang='grc' dir='ltr'>λύπας</span> <span class='ocrx_word' id='word_1_675' title='bbox 3074 5106 3316 5176; x_wconf 86' lang='grc' dir='ltr'>μακράς.</span> 
     </span>
    </p>
   </div>
   <div class='ocr_carea' id='block_1_108' title="bbox 2666 5239 2941 5311">
    <p class='ocr_par' dir='ltr' id='par_1_108' title="bbox 2666 5239 2941 5311">
     <span class='ocr_line' id='line_1_108' title="bbox 2666 5239 2941 5311; baseline -0.004 -15"><span class='ocrx_word' id='word_1_676' title='bbox 2666 5244 2712 5296; x_wconf 83' lang='grc' dir='ltr'><em>Ε</em></span> <span class='ocrx_word' id='word_1_677' title='bbox 2718 5239 2921 5311; x_wconf 68' lang='grc' dir='ltr'>ὺριπίδ</span> <span class='ocrx_word' id='word_1_678' title='bbox 2928 5282 2941 5295; x_wconf 93' lang='grc'><strong>.</strong></span> 
     </span>
    </p>
   </div>
   <div class='ocr_carea' id='block_1_109' title="bbox 2096 5343 3586 5421">
    <p class='ocr_par' dir='ltr' id='par_1_109' title="bbox 2096 5343 3586 5421">
     <span class='ocr_line' id='line_1_109' title="bbox 2096 5343 3586 5421; baseline -0.005 -14"><span class='ocrx_word' id='word_1_679' title='bbox 2096 5354 2305 5417; x_wconf 82' lang='grc' dir='ltr'>’Ὅστις</span> <span class='ocrx_word' id='word_1_680' title='bbox 2331 5353 2441 5421; x_wconf 77' lang='grc' dir='ltr'>γὰρ</span> <span class='ocrx_word' id='word_1_681' title='bbox 2473 5352 2570 5405; x_wconf 77' lang='grc' dir='ltr'>ἐπὶ</span> <span class='ocrx_word' id='word_1_682' title='bbox 2607 5351 2671 5404; x_wconf 81' lang='grc' dir='ltr'>τὸ</span> <span class='ocrx_word' id='word_1_683' title='bbox 2713 5350 2928 5421; x_wconf 61' lang='grc' dir='ltr'>πλεῖον</span> <span class='ocrx_word' id='word_1_684' title='bbox 2951 5350 3117 5421; x_wconf 56' lang='grc' dir='ltr'><strong>ἕχειιῇ⁵</strong></span> <span class='ocrx_word' id='word_1_685' title='bbox 3160 5347 3377 5416; x_wconf 60' lang='grc' dir='ltr'>πέφυκ’</span> <span class='ocrx_word' id='word_1_686' title='bbox 3409 5343 3586 5414; x_wconf 72' lang='grc' dir='ltr'>ἀνὴρ,</span> 
     </span>
    </p>
   </div>
   <div class='ocr_carea' id='block_1_110' title="bbox 2096 5420 3308 5490">
    <p class='ocr_par' dir='ltr' id='par_1_110' title="bbox 2096 5420 3308 5490">
     <span class='ocr_line' id='line_1_110' title="bbox 2096 5420 3308 5490; baseline -0.004 -15"><span class='ocrx_word' id='word_1_687' title='bbox 2096 5423 2288 5475; x_wconf 70' lang='grc' dir='ltr'><strong>(οὐδὲν</strong></span> <span class='ocrx_word' id='word_1_688' title='bbox 2320 5420 2531 5490; x_wconf 63' lang='grc' dir='ltr'>φρονεῖ</span> <span class='ocrx_word' id='word_1_689' title='bbox 2556 5421 2791 5474; x_wconf 76' lang='grc' dir='ltr'>δίκαιον</span> <span class='ocrx_word' id='word_1_690' title='bbox 2834 5420 2976 5473; x_wconf 65' lang='grc' dir='ltr'>οὐδὲ</span> <span class='ocrx_word' id='word_1_691' title='bbox 2996 5420 3308 5490; x_wconf 62' lang='grc' dir='ltr'>βούλεται,</span> 
     </span>
    </p>
   </div>
   <div class='ocr_carea' id='block_1_111' title="bbox 2093 5489 3382 5558">
    <p class='ocr_par' dir='ltr' id='par_1_111' title="bbox 2093 5489 3382 5558">
     <span class='ocr_line' id='line_1_111' title="bbox 2093 5489 3382 5558; baseline -0.002 -13"><span class='ocrx_word' id='word_1_692' title='bbox 2093 5494 2301 5558; x_wconf 65' lang='grc' dir='ltr'>Φίλοις</span> <span class='ocrx_word' id='word_1_693' title='bbox 2325 5489 2374 5545; x_wconf 66' lang='grc' dir='ltr'>τ’</span> <span class='ocrx_word' id='word_1_694' title='bbox 2397 5492 2641 5556; x_wconf 72' lang='grc' dir='ltr'>ἄμικτός</span> <span class='ocrx_word' id='word_1_695' title='bbox 2680 5492 2827 5554; x_wconf 77' lang='grc' dir='ltr'>ἐστι,</span> <span class='ocrx_word' id='word_1_696' title='bbox 2864 5490 2962 5543; x_wconf 77' lang='grc' dir='ltr'><strong>καὶ</strong></span> <span class='ocrx_word' id='word_1_697' title='bbox 2993 5489 3160 5557; x_wconf 76' lang='grc' dir='ltr'>πάσῃ</span> <span class='ocrx_word' id='word_1_698' title='bbox 3190 5489 3382 5543; x_wconf 63' lang='grc' dir='ltr'>πόλει.</span> 
     </span>
    </p>
   </div>
  </div>
