3990 6176
399 247 506 312 €59
1571 245 1632 302 S.
1673 241 1964 302 ΜΑΧΙΜΙ

2120 243 2516 305 ῚΕΕΞΞΟΒΙΞ
3555 247 3662 305 860

475 354 686 428 Cyrilli.
726 386 792 395 ——
833 353 1269 410 Christianorum
1318 353 1496 423 prima
1541 353 1717 409 virtus
1761 353 1982 410 laudem

2164 357 2490 424 Κυρίλλου.
2551 386 2620 395 —-
2682 349 3028 427 Χριστιανῶν
3085 353 3337 424 ἐνάρετος
3413 352 3667 406 εὐσέϐεια

403 446 630 510 habens,
662 444 838 512 pietas
873 453 980 505 est,
1012 451 1072 497 ut
1113 449 1370 513 parentes
1407 443 1616 523 honore
1653 441 1972 507 afﬁciamus,

2120 445 2292 516 ‘ptb'm,
2323 445 2386 498 τὸ
2417 447 2583 516 τιμᾷν
2620 446 2747 508 τοὺς
2792 444 3184 514 γεννήσαντας·
3209 442 3270 496 τὸ
3296 444 3424 507 τοὺς
3468 444 3666 507 πόνους

403 546 568 605 atque
612 536 697 590 his
735 534 830 604 qui
859 543 1193 604 genuerunt,
1229 535 1448 590 labores
1488 534 1879 604 rependamus,
1910 551 1972 594 ac

2120 536 2419 607 μείψασθαι
2443 538 2553 592 τῶν
2586 537 2822 606 φύντων,
2857 536 2950 590 καὶ
2982 535 3135 606 πάσῃ
3165 534 3396 605 δυνάμει
3423 533 3501 587 τὰ
3529 535 3664 608 πρὸς

387 633 606 694 quanta
636 623 867 678 facultas
899 624 1210 679 necessaria
1239 625 1366 679 vitae
1399 623 1645 680 subsidia
1677 640 1742 679 ac
1775 625 1978 695 quibus

2120 628 2386 683 νάπαυσιν
2429 629 2613 693 αὐτοῖς
2667 630 2932 698 ἐνεγκεῖν.
2991 627 3111 680 Κᾶν
3157 627 3272 697 γὰρ
3325 626 3397 678 τὰ
3441 625 3666 678 πλεῖστα

401 715 740 778 reliciantur,
768 715 822 769 in
858 715 978 770 illos
1005 715 1368 771 conferamus.
1397 715 1510 770 Etsi
1541 717 1688 772 enim
1717 717 1980 786 pleraque

2120 718 2288 784 ούτοις
2343 719 2654 790 ἀποδῶμεν,
2707 719 2822 774 ἀλλ’
2874 718 3261 788 ἁντιγεννῆσαι
3312 717 3537 780 τούτους
3569 714 3663 768 οῦ-

403 805 511 863 illis
554 805 985 876 reddiderimus,
1035 807 1140 862 hoc
1185 817 1367 863 tamen
1412 807 1556 878 quod
1606 809 1978 876 sustulerunt,

402 903 686 965 nunquam
715 896 821 969 illis
846 897 1074 951 reddere
1103 898 1427 966 poterimus.
1830 894 1832 896 ’

472 988 596 1042 Filii
637 989 963 1058 parentibus
1004 1004 1212 1043 morem
1249 997 1442 1058 gerant
1476 1003 1702 1044 necesse
1741 999 1844 1045 est.
1874 990 1981 1047 Ubi

407 1087 587 1133 tamen
617 1078 868 1133 veritatis
890 1079 1034 1133 ratio
1063 1094 1126 1133 ac
1155 1079 1407 1134 doctrina
1437 1079 1602 1149 cogit,
1632 1080 1744 1134 Deo
1775 1080 1983 1136 haben-

403 1171 509 1224 dus
542 1171 738 1234 honor,
764 1185 829 1224 ac
861 1186 982 1240 qua:
1015 1171 1165 1225 illius
1195 1181 1344 1236 sunt,
1369 1165 1608 1226 naturali
1635 1173 1754 1241 ipso
1788 1188 1986 1242 paren-

405 1270 522 1316 tum
551 1277 737 1316 amore
769 1262 983 1332 potiore
1010 1263 1132 1316 loco
1155 1262 1404 1318 ducenda
1432 1274 1580 1317 sunt.

474 1355 732 1409 Philonis.
760 1385 832 1394 —
857 1355 1029 1408 Deum
1061 1335 1228 1410 nemo
1259 1369 1370 1424 quo
1403 1370 1500 1424 par
1527 1364 1614 1409 est
1647 1354 1985 1425 dignumque

405 1447 615 1501 honore
637 1447 893 1516 prosequi
933 1454 1134 1516 potest,
1165 1447 1258 1502 sed
1294 1449 1441 1518 justo
1465 1448 1674 1512 solum;
1719 1461 1843 1501 cum
1885 1463 1987 1502 nec

406 1537 524 1590 ﬁeri
562 1537 756 1606 possit,
787 1543 848 1590 ut
882 1546 938 1592 et
976 1527 1297 1607 parentibus
1339 1553 1498 1608 pares
1533 1538 1737 1608 gratias
1779 1537 1984 1604 relera-

410 1642 535 1680 mus
559 1644 571 1679 :
597 1643 722 1681 nam
746 1643 924 1698 neque
947 1629 1190 1684 vicissim
1222 1629 1346 1684 illos
1369 1628 1588 1700 gignere
1616 1629 1781 1698 inque
1803 1629 1986 1685 lucem

408 1719 690 1787 suscipere
717 1734 1031 1790 possumus,

475 1808 640 1880 604
665 1809 937 1864 Aristotel.
965 1842 1036 1851 ——
1063 1811 1255 1883 Operae
1281 1812 1517 1883 pretium
1547 1820 1610 1865 ut
1640 1812 1788 1867 ﬁlius
1816 1813 1989 1882 magis

409 1899 580 1968 patris
603 1915 794 1956 servus
818 1901 915 1972 sit,
934 1918 1096 1972 quam
1121 1903 1360 1957 famulus
1383 1913 1479 1956 aut
1499 1902 1830 1957 vernaculus
1858 1919 1871 1955 :
1897 1901 1987 1957 ille

411 2005 647 2060 namque
677 2002 892 2058 natura,
923 1995 1014 2048 hic
1040 1996 1156 2066 lege
1182 2004 1266 2050 est
1295 2010 1507 2050 servus.

481 2081 704 2138 Isocrat.
734 2115 800 2123 —
831 2084 979 2139 Talis
1004 2095 1124 2140 esto
1153 2101 1279 2156 erga
1313 2076 1586 2156 parentes,
1612 2086 1805 2158 quales
1835 2093 1992 2156 optes

414 2171 472 2225 in
503 2182 555 2228 te
584 2173 720 2242 fore,
749 2191 888 2246 quos
911 2176 1120 2232 liberos
1148 2177 1262 2246 ipse
1287 2178 1600 2235 sustuleris.

484 2351 802 2406 Alexander.
826 2383 896 2393 -
915 2353 1226 2409 Alexander
1246 2369 1340 2408 rex
1374 2354 1763 2424 interrogatus,
1803 2363 1990 2408 utrum

416 2443 588 2512 magis
633 2453 839 2497 amaret
881 2444 1190 2514 Philippum
1244 2452 1484 2515 patrem,
1525 2460 1592 2498 an
1643 2444 1992 2499 Aristotelem

417 2532 766 2602 magistrum,
816 2533 1101 2602 respondit
1153 2550 1168 2588 :
1224 2535 1320 2588 llle
1370 2534 1633 2588 nimirum
1690 2534 1885 2588 tribuit
1932 2543 1993 2588 ut

382 2613 616 2685 "essem,
654 2622 744 2676 hic
787 2623 908 2693 ejus
952 2622 1098 2692 quod
1146 2631 1232 2677 est
1276 2623 1417 2680 bene
1463 2639 1528 2680 ac
1572 2625 1802 2680 honeste
1833 2607 1990 2679 mihi

416 2719 501 2765 εει
528 2719 738 2766 auctor.

487 2799 657 2861 Idem.
684 2809 855 2856 matre
877 2801 1196 2872 Olympiade
1225 2820 1387 2874 grave
1416 2803 1625 2873 aliquid
1654 2804 1989 2874 imperante:

418 2888 463 2942 Ο
507 2897 702 2955 mater,
738 2890 835 2954 ait,
873 2893 1123 2947 acerbam
1171 2908 1366 2948 novem
1416 2892 1475 2947 in
1520 2901 1678 2948 utero
1721 2893 1992 2948 mensium

419 2980 644 3050 hospitii
679 2983 988 3038 mercedem
1020 2985 1217 3054 exigis!
1835 2992 1841 2998 '

489 3071 752 3128 Socrates.
769 3105 839 3113 —
859 3075 996 3130 Cum
1024 3093 1160 3132 uxor
1182 3077 1632 3147 reprehenderet,
1651 3075 1796 3146 quod
1820 3075 1994 3131 ﬁlium

421 3164 672 3218 inutilem
702 3181 766 3220 ac
793 3167 1078 3236 socordem
1109 3182 1220 3222 non
1247 3168 1581 3232 admitteret,
1606 3176 1769 3236 atque
1803 3182 1872 3221 ex
1903 3168 1996 3222 illo

419 3268 547 3306 eum
579 3267 699 3308 esse
724 3253 952 3322 diceret,
987 3256 1262 3326 despuens
1288 3256 1378 3311 ille
1412 3273 1425 3308 :
1456 3257 1523 3310 Et
1550 3256 1673 3321 hoc,
1703 3255 1904 3325 inquit,
1930 3271 1997 3311 ex

421 3361 508 3400 me
535 3356 638 3411 est,
666 3362 770 3402 nec
797 3347 961 3402 ullius
989 3357 1170 3402 tamen
1201 3364 1335 3404 usus
1361 3356 1465 3404 est.

489 3436 709 3492 Melesii.
741 3468 808 3477 --
848 3438 1042 3505 Qualia
1092 3440 1336 3511 symbola
1381 3440 1437 3494 in
1479 3451 1736 3510 parentes
1778 3449 1838 3495 tu
1882 3441 1997 3511 ipse

421 3528 744 3594 contuleris,
774 3530 901 3584 talia
933 3530 988 3585 in
1018 3539 1302 3587 senectute
1335 3540 1388 3587 te
1419 3539 1768 3602 recepturum
1800 3549 1998 3603 exspe-

421 3627 507 3672 cta
532 3634 562 3673 a
586 3618 794 3675 liberis.

1089 3755 1333 3825 Euripid.

423 3842 670 3914 Quisquis
699 3853 875 3898 autem
900 3854 1144 3915 parentes
1168 3848 1221 3899 in
1251 3848 1356 3900 vita
1387 3847 1540 3913 colit,

422 3915 520 3969 Hic
547 3916 797 3968 nimirum
823 3916 995 3969 vivens
1019 3916 1221 3985 pariter
1243 3925 1291 3968 et
1320 3917 1427 3969 vita
1451 3917 1660 3985 functus
1687 3917 1780 4004 ρεί
1801 3924 2000 3978 amicus

423 4054 644 4128 Nullum
677 4053 848 4106 liberis
872 4054 1331 4128 hocprwstantius
1355 4073 1544 4108 munus
1563 4098 1577 4121 ,
1687 3987 1928 4059 [manu

430 4124 608 4195 Quam
639 4133 697 4175 ut
723 4131 938 4175 strenuo
968 4124 1202 4192 bonoque
1229 4127 1333 4178 sati
1364 4136 1612 4195 parente,

425 4192 753 4264 Condiqnum
777 4209 980 4264 quoque
1009 4195 1312 4264 parentibus
1338 4192 1590 4250 honorem
1619 4199 1875 4254 tribuant.

497 4283 678 4338 Solon.
713 4315 784 4323 —
823 4285 1066 4355 Rogatus
1103 4283 1269 4340 Solon
1307 4286 1438 4356 quid
1481 4303 1660 4344 causae
1691 4300 1867 4355 esset,
1903 4306 2002 4346 cur

2083 827 2171 862 πω
2200 808 2244 840 ⁸⁷
2278 809 2641 881 δυνησόμεθα.

2155 999 2338 1052 Εἴκειν
2388 998 2685 1066 ἀναγκαῖον
2736 996 2976 1066 πατράσι
3008 996 3134 1058 τοὺς
3173 995 3386 1056 παῖδας·
3438 991 3552 1044 ἀλλ’
3577 990 3663 1042 ἔνο

2084 1086 2260 1158 θαπερ
2295 1087 2360 1141 ἂν
2411 1089 2440 1140 ό
2480 1087 2581 1156 τῆς
2639 1085 2899 1156 ἀληθείας
2951 1083 3149 1154 ὲλαύνῃ
3195 1082 3374 1150 λόγος,
3412 1079 3663 1149 τιμάσθω

2083 1177 2215 1240 Θεὸς
2241 1177 2336 1230 καὶ
2359 1177 2565 1231 νικάτω
2591 1177 2662 1230 τὰ
2691 1175 2860 1231 αὑτοῦ
2895 1176 2989 1228 καὶ
3024 1173 3408 1244 φιλοστοργίας
3433 1170 3659 1239 δύναμιν

2085 1270 2340 1338 φυσικήν.
2451 1259 2456 1262 ’

2156 1361 2372 1412 Φίλων.
2409 1388 2480 1398 —-
2514 1358 2707 1425 Ἀξίως
2745 1359 2921 1422 οὐδεὶς
2949 1356 3042 1412 τὸν
3068 1357 3200 1410 Θεὸν
3224 1355 3382 1426 τιμᾷ,
3418 1353 3553 1408 ἀλλὰ
3588 1352 3662 1406 δι-

2087 1451 2259 1514 καίως
2290 1451 2470 1521 μόνον,
2493 1450 2656 1504 ὁπότε
2691 1451 2819 1503 οὐδὲ
2855 1453 2971 1513 τοῖς
3002 1447 3254 1518 γονεῦσιν
3295 1447 3416 1509 ἴσας
3443 1444 3661 1498 ἀποδοῦσ

2085 1557 2174 1594 ναι
2203 1542 2431 1609 χάριτας
2467 1539 2762 1611 ἐνδέχεται·
2793 1540 3172 1611 άντιγεννῆσαι
3199 1538 3308 1609 γὰρ
3334 1537 3436 1606 οὐχ
3463 1530 3572 1589 οἷόν
3603 1551 3661 1588 τε

2087 1649 2329 1696 τούτους.
3347 1652 3353 1658 ·

2173 1810 2454 1878 Ἀριστδτ.
2492 1840 2562 1848 -
2595 1808 2718 1881 Χρὴ
2749 1806 2843 1862 τὸν
2887 1807 3003 1861 υίδν
3031 1805 3218 1861 δοῦλον
3253 1798 3393 1858 εῖναι
3427 1799 3520 1885 τοῦ
3553 1814 3660 1851 πα-

2088 1901 2214 1973 τρὸς
2271 1901 2304 1972 ἢ
2363 1901 2454 1956 τὸν
2505 1901 2742 1972 οἰκέτην·
2779 1900 2808 1952 ὁ
2844 1899 2944 1972 μὲν
2969 1898 3079 1970 γάρ
3107 1897 3267 1966 φύσει
3313 1893 3409 1948 τοῦ
3459 1886 3663 1961 πατρὸς

2088 1995 2272 2058 δοῦλός
2298 1996 2468 2048 ἐστιν’
2506 1997 2534 2049 ό
2561 1984 2628 2048 δι’
2645 1995 2818 2064 νόμῳ.

2173 2089 2467 2157 Ἰσοκράτ.
2505 2118 2576 2126 —
2608 2086 2860 2149 Τοιοῦτος
2903 2084 3056 2153 γίνου
3109 2081 3241 2151 περὶ
3281 2080 3410 2142 τοὺς
3462 2073 3660 2145 γονεῖς,

2090 2180 2236 2242 οἴους
2269 2179 2335 2232 ἂν
2380 2177 2534 2243 εὖξαι
2569 2177 2697 2248 περὶ
2738 2175 2965 2231 σεαυτὸν
3005 2173 3262 2244 γενέσθαι
3294 2171 3421 2234 τοὺς
3463 2161 3661 2221 σαυτοῦ

2094 2273 2310 2336 παῖδας.
3485 2307 3488 2310 ~

2173 2367 2511 2435 Ἀλεξάνδρ.
2541 2398 2612 2406 -—
2647 2353 3049 2436 Ἀλέξανδροςό
3074 2360 3327 2432 βασιλεὺς
3348 2351 3664 2428 ἐρωτηθεὶςν

2090 2461 2211 2515 τίνα
2273 2459 2472 2529 μᾶλλον
2503 2458 2685 2522 ποθεῖ,
2723 2457 2816 2511 τὸν
2863 2455 3076 2526 πατέρα
3113 2453 3403 2514 Φίλιππον,
3434 2449 3468 2518 ἢ
3518 2445 3666 2514 ’Δρι-

2093 2551 2346 2621 στοτέλην
2373 2551 2466 2603 τὸν
2497 2550 2847 2617 διδάσκαλον,
2891 2548 3018 2618 ἔφη,
3057 2546 3121 2600 '0
3167 2544 3267 2615 μὲν
3295 2540 3406 2611 γὰρ
3437 2536 3530 2591 τοῦ
3573 2549 3668 2604 γε·

2091 2639 2299 2706 νέσθαι,
2335 2642 2363 2693 ὁ
2393 2640 2450 2694 δὲ
2484 2639 2578 2693 τοῦ
2607 2638 2789 2703 καλῶς
2823 2637 3077 2707 γενέσθαι
3139 2633 3334 2696 αἴτιος.

2177 2823 2237 2877 '0
2269 2821 2431 2886 αὐτὸς
2469 2821 2606 2892 βαρύ
2641 2839 2694 2874 τι
2722 2815 3122 2885 ὲπιταττούσης
3151 2810 3299 2882 αύτῷ
3327 2809 3426 2879 τῆς
3463 2801 3672 2876 μητρὸς
3754 2813 3764 2819 ’

2105 2913 2500 2984 Ὀλυμπιάδος,
2538 2897 2664 2983 ἔφη,
2707 2905 2778 2962 *Ω
2835 2909 3032 2979 μῆτερ,
3076 2902 3275 2975 πικρόν
3323 2916 3388 2969 γε
3439 2894 3673 2950 ἐνοίκιον

2021 3045 2065 3102 C
2095 3011 2194 3081 τῆς
2228 3008 2588 3080 ὲνναμηναίου
2620 3007 2665 3038 ⁸⁸
2698 3022 2766 3073 με
2803 3003 3076 3065 ἀπαιτεῖς.

2169 3079 2959 3168 Σωκράτης.--Μεμφομένης
2985 3091 3134 3162 αύτῷ
3155 3091 3254 3160 τῆς
3283 3083 3542 3156 γυναικὸς
3569 3079 3672 3135 αύ-

2096 3191 2211 3258 τοῦ,
2237 3191 2431 3246 ὅτιτδν
2457 3190 2572 3243 υἱὸν
2603 3186 2770 3241 αὐτοῦ
2805 3184 2866 3239 ού
2900 3185 3186 3256 προσίεται
3219 3180 3495 3252 ἄχρηστον
3513 3176 3667 3234 ὄντα,

2097 3286 2191 3338 καὶ
2241 3277 2622 3354 λεγούσης⁹ὂτι
2673 3279 2735 3344 ἐξ
2787 3277 2952 3335 αὑτοῦ
3008 3277 3128 3345 εἴη,
3179 3270 3520 3331 ἀποπτύσαςσ
3560 3265 3675 3320 Καὶ

2097 3375 2207 3444 γὰρ
2235 3372 2414 3435 τοῦτο,
2455 3368 2628 3435 εἶπεν,
2665 3371 2726 3438 ἐξ
2755 3368 2913 3440 ἐμοῦ,
2951 3367 3065 3422 ἀλλ’
3094 3366 3156 3419 ού
3203 3364 3493 3435 χρήσιμον.

2170 3464 2494 3519 Μελεσίου.
2522 3493 2594 3502 --
2613 3463 2772 3524 Οἰους
2803 3460 2868 3515 ἂν
2902 3459 3130 3530 ἐράνους
3169 3454 3397 3524 ἐνέγκῃς
3435 3451 3549 3512 τοῖς
3576 3463 3676 3515 γο-

2099 3555 2273 3620 νεῦσι,
2302 3552 2578 3615 τοιούτους
2609 3551 2807 3614 αὐτοὺς
2852 3551 2909 3603 ὲν
2953 3547 3032 3620 τῷ
3066 3547 3215 3616 γήρᾳ
3243 3543 3400 3614 παρὰ
3433 3540 3542 3593 τῶν
3581 3535 3677 3589 τι-

2101 3663 2246 3700 κνων
2278 3644 2604 3716 προσδέχου.

2741 3752 3016 3822 Εὐριπίδ.

2174 3851 2385 3913 Ὅστις
2413 3847 2482 3900 δὲ
2511 3846 2652 3911 τοὺς
2680 3847 2961 3908 τεκόντας
2991 3843 3060 3913 ἐν
3091 3841 3210 3913 βίῳ
3243 3839 3427 3913 σςέϐει,

2175 3919 2299 3973 ’Ὧδ’
2328 3908 2462 3972 ἐστὶ
2493 3916 2592 3971 καὶ
2624 3908 2737 3976 ζῶν
2794 3914 2893 3968 καὶ
2919 3912 3118 3970 θανὼν
3148 3909 3296 3965 Θεοῦ
3329 3908 3528 3978 φίλος.

2171 4055 2294 4107 Οὐκ
2321 4052 2454 4106 ἔστι
2484 4051 2657 4105 παισὶ
2682 4050 2899 4103 τούτου
2922 4047 3176 4101 κάλλιον
3213 4041 3410 4113 γέρας,

2177 4125 2258 4178 "H
2290 4121 2512 4189 πατρὸς
2533 4120 2760 4174 ἐσθλοῦ
2810 4112 3454 4189 κάγαθοῦλπεεριξκέναι,

2174 4193 2278 4248 Καὶ
2309 4181 2433 4257 τοῖς
2467 4181 2752 4244 τεκοῦσιν
2776 4181 2956 4252 ἀξίαν
2979 4184 3158 4255 τιμὴν
3178 4181 3411 4251 νέμειν.

2175 4287 2472 4349 Σόλωνος.
2497 4312 2568 4321 —
2595 4281 2772 4333 Σόλων
2820 4277 3144 4349 ἐρωτηθεὶς,
3176 4274 3318 4328 διατί
3371 4269 3513 4326 κατὰ
3568 4267 3680 4321 τῶν

426 4375 604 4429 nullas
662 4373 928 4429 adversus
987 4391 1084 4428 eos
1133 4376 1226 4444 qui
1289 4385 1547 4446 parentes
1601 4379 1993 4446 percussissent

2120 4377 2416 4431 τυπτόντων
2453 4375 2579 4437 τοὺς
2618 4371 2864 4444 πατέρας
2911 4367 3184 4438 ἐπιτίμιον
3219 4365 3318 4434 ούχ
3343 4363 3562 4432 ὥρισεν,
3597 4354 3680 4410 εῖ-

426 4481 616 4536 pcenas
643 4465 952 4531 statuisset,
976 4466 1267 4535 respondit
1293 4481 1307 4521 :
1332 4466 1490 4533 Quod
1518 4469 1705 4524 nullos
1731 4469 1867 4524 tales
1889 4471 2005 4524 exi-

425 4556 713 4610 stimabam
743 4556 882 4612 fore.

500 4645 670 4699 Plato.
702 4678 771 4686 -—
808 4647 985 4710 Plato,
1016 4662 1140 4701 cum
1180 4647 1474 4717 quemdam
1515 4647 2005 4704 animadvertisset

424 4738 755 4793 insolentius
789 4755 913 4793 cum
947 4749 1104 4809 patre
1139 4748 1392 4809 agentem
1421 4754 1588 4808 seque
1621 4739 1677 4793 in
1708 4754 1836 4794 eum
1870 4739 2006 4793 ell‘e-

425 4837 634 4883 rentem
665 4847 676 4882 :
702 4830 820 4884 Non
837 4831 1080 4896 desines,
1111 4830 1315 4899 inquit,
1342 4830 1686 4895 adolescens,
1720 4846 1846 4886 eum
1876 4844 2008 4884 con-

427 4927 692 4979 temnere,
721 4917 792 4973 ob
821 4933 984 4987 quem
1015 4917 1305 4988 magniﬁce
1331 4917 1399 4972 de
1431 4925 1485 4973 te
1515 4918 1722 4972 sentire
1745 4916 1858 4970 vis?

400 5023 412 5081 ι
495 5007 580 5061 Ea:
623 5008 830 5063 zEliani
872 5008 1127 5063 Historia.
1156 5039 1226 5048 -—-
1260 5008 1444 5062 Prima
1487 5024 1652 5077 supra
1724 5010 2003 5080 octogesi-

423 5114 568 5153 mam
602 5098 940 5170 Olympiade,
969 5101 1126 5154 aiunt
1152 5099 1369 5154 [Etnam
1405 5100 1532 5172 igne
1567 5100 1821 5166 ﬂuxisse;
1862 5109 2006 5154 tum-

421 5206 534 5260 que
565 5190 950 5245 Philonomum
981 5200 1037 5246 et
1061 5190 1292 5246 Calliam
1320 5190 1539 5245 Catana:
1567 5193 1735 5256 cives,
1760 5191 2006 5246 sublatos

423 5285 684 5346 parentes
712 5291 809 5345 per
839 5278 1047 5332 medias
1073 5278 1339 5341 ﬂammas,
1369 5277 1492 5332 aliis
1525 5279 1729 5348 spretis
1761 5279 2009 5349 pignori-

424 5367 552 5428 bus,
580 5367 875 5432 extulisse;
917 5370 1073 5439 cujus
1103 5377 1160 5423 et
1187 5368 1348 5424 oﬁicii
1385 5369 1559 5439 gratia
1591 5386 1620 5423 a
1655 5371 1767 5423 Deo
1801 5385 2012 5424 merce-

424 5459 552 5513 dem
596 5476 880 5530 accepere.
917 5461 1026 5514 lllis
1071 5478 1306 5530 namque
1351 5463 1516 5516 celeri
1559 5479 1617 5516 se
1657 5462 1781 5530 fuga
1825 5462 2009 5532 prori-

2107 4453 2229 4538 πεν,
2260 4470 2341 4523 ὅτι
2395 4468 2508 4537 Ούχ
2553 4463 2822 4519 ὑπέλαϐον
2851 4461 3128 4522 τοιούτους
3167 4457 3318 4520 τινὰς
3351 4453 3587 4508 ἔσεσθαι.

2180 4645 2523 4709 Πλάτωνος.
2556 4672 2624 4681 -
2655 4638 2885 4693 Πλάτων
2927 4632 3329 4704 θρασυνόμενον
3385 4623 3508 4681 ἰδὼν
3561 4641 3686 4677 τινα

2109 4737 2245 4808 πρὸς
2304 4735 2398 4788 τὸν
2455 4729 2648 4784 ἑαυτοῦ
2687 4727 2938 4798 πατέρα,
2998 4723 3072 4776 Οὐ
3117 4720 3332 4808 παύσῃ,
3375 4715 3685 4808 μειράκιον,

2111 4806 2233 4878 εἶπε
2262 4867 2277 4890 ,
2335 4821 2528 4875 τούτου
2596 4816 2982 4887 καταφρονεῖν,
3033 4811 3101 4864 δι’
3150 4809 3210 4863 ὃν
3270 4807 3414 4878 μέγα
3469 4806 3687 4875 φρονεῖν

2113 4917 2284 4983 ἀξιοῖς
2299 4933 2313 4980 ;

2195 5008 2249 5058 Ἐ
2254 5025 2289 5059 κ
2318 5004 2427 5072 τῆς
2443 4999 2728 5057 Αὶλιανοῦ
2750 4993 3038 5065 ἱστορίας.
3061 5023 3132 5036 —-
3152 4991 3354 5061 Πρὼτῃ
3387 4989 3480 5042 καὶ
3497 4987 3693 5056 ὀγδοη-

2114 5097 2282 5165 κοστῇ
2316 5089 2640 5162 Ὀλυμπιάδι
2673 5087 2807 5156 φασὶ
2847 5085 2945 5156 τὴν
2983 5083 3180 5150 Αἴτνην
3229 5080 3444 5150 ῥυῆναι,
3481 5077 3568 5128 ὅτε
3596 5075 3694 5165 καὶ

2111 5185 2404 5253 Φιλόνομος
2441 5181 2536 5235 καὶ
2583 5178 2821 5241 Καλλίας
2865 5177 2913 5229 οἱ
2956 5173 3278 5233 Καταναῖοι,
3313 5168 3440 5230 τοὺς
3481 5164 3696 5219 ἑαυτῶν

2115 5275 2358 5343 πατέρας
2387 5273 2674 5344 ἀράμενοι,
2716 5269 2802 5322 διὰ
2853 5267 3022 5339 μέσης
3051 5264 3150 5334 τῆς
3195 5260 3392 5329 φλογὸς
3424 5257 3703 5344 ἐκόμισαν

2112 5367 2220 5417 τῶν
2254 5365 2430 5418 ἄλλων
2467 5363 2762 5433 κτημάτων
2791 5355 3324 5427 καταφρονήσαντες·
3355 5349 3474 5404 ἀνθ’
3495 5343 3568 5404 ὦν
3599 5350 3700 5400 καὶ

2116 5458 2352 5528 ἀμοιϐῆς
2401 5457 2592 5527 ἔτυχον
2645 5455 2743 5524 τῆς
2779 5454 2843 5504 ὲκ
2887 5449 2980 5502 τοῦ
3023 5447 3191 5500 θείου.
3225 5444 3298 5497 Τὸ
3317 5444 3424 5512 γάρ
3460 5460 3537 5496 τοι
3583 5440 3701 5501 πῦρ

1701 5579 1931 5636 VABLE
1992 5574 2389 5632 LECTIONES.

493 5647 537 5685 ⁸⁷
578 5651 692 5708 Ball.
720 5651 776 5704 οὖ
801 5669 942 5706 ποτε.
1031 5648 1073 5678 ³⁸
1114 5651 1233 5709 Bal.
1269 5652 1589 5722 ἐνναμὴνου.

3702 5740 3757 5752 ο,-

3525 5757 3566 5767 .x
3595 5761 3674 5770 .-ι’
