3990 6176
234 284 345 347 865

1536 274 1704 337 L‘OCi
1744 277 2181 342 COMMUNES.

3403 296 3513 359 £66

233 395 428 463 ἄφρων
460 389 529 460 τῇ
567 383 764 441 ἑαυτοῦ
794 383 964 456 κακίᾳ
1002 382 1350 455 ἀναστρέψας
1379 383 1472 437 ἐπὶ
1498 386 1600 459 τὴν
1628 388 1818 442 ἑαυτοῦ

1953 391 2089 447 tiens
2117 408 2215 448 sua
2245 393 2451 449 malitia
2512 405 2799 453 revertens
2864 398 2932 452 ad
2998 411 3283 469 peccatum
3329 417 3531 480 suumn

234 483 536 558 ἁμαρτίαν.

309 574 497 643 Σιρὰχ
516 568 629 626 λδ.
667 601 739 612 -
757 568 1079 639 Ἀνθρωπος
1107 572 1383 647 νηστεύων
1406 572 1497 626 ἐπὶ
1516 570 1625 626 τῶν
1642 573 1755 642 ἅμα
1765 590 1823 637 ρ-

227 669 368 724 τιῶν
428 665 620 729 αὑτοῦ,
673 662 770 717 καὶ
813 661 979 715 πάλιν
1027 665 1397 735 πορευόμενος
1441 666 1536 718 καὶ
1563 665 1632 719 τὰ
1686 664 1825 719 αὐτὰ

229 761 434 824 ποιῶν,
483 759 583 827 τῆς
622 752 941 827 προσευχῆς
991 755 1158 807 αὑτοῦ
1192 756 1274 818 τίς
1308 757 1693 823 εἰσακούεται;
1728 756 1824 811 καὶ

225 852 289 905 τί
318 850 605 921 ὠφέλησεν
632 848 691 900 ὲν
720 845 799 915 τῷ
828 844 1233 916 ταπεινωθῆναι
1258 848 1422 900 αὐτόν
1454 866 1469 914 ;

308 944 525 997 Βασιλ.
580 969 651 981 -
690 939 749 993 '0
804 940 865 992 έν
918 942 1170 1009 προκοπῇ
1222 941 1515 1011 γενόμενος
1598 939 1823 1009 ἀγαθῶν

227 1033 439 1104 ἔργων,
473 1027 593 1086 εἷτα
623 1030 1070 1101 παλινδρομήσας
1097 1032 1232 1100 πρὸς
1254 1033 1353 1102 τὴν
1417 1033 1656 1102 ἀρχαίαν
1696 1050 1825 1085 συν-

232 1125 457 1195 ήθειαν,
483 1124 544 1177 ού
584 1124 746 1193 μόνον
783 1122 875 1174 τὸν
899 1121 996 1173 ἐπὶ
1038 1125 1152 1185 τοῖς
1198 1124 1596 1194 πεπονημένοις
1629 1125 1823 1194 μισθὸν

228 1213 552 1285 ἐζημιώθη,
584 1211 724 1266 άλλὰ
773 1214 869 1265 καὶ
901 1210 1211 1283 βαρυτέρας
1237 1213 1482 1278 ἀξιοῦται
1518 1214 1619 1281 τῆς
1650 1232 1821 1267 κατα-

228 1314 496 1385 κρίσεως.

311 1400 408 1469 UT;
457 1401 685 1466 εὔκολος
734 1401 875 1473 πρὸς
922 1398 1229 1470 μεταϐολὴν
1262 1401 1295 1469 ή
1331 1398 1563 1462 διάνοια,
1609 1399 1821 1464 τούτοις

226 1495 393 1550 οὐδὲν
426 1493 654 1556 ἀπεικὸς
681 1492 776 1544 καὶ
808 1491 899 1545 τὸν
933 1490 1045 1559 βίον
1072 1485 1213 1543 εἶναι
1249 1489 1325 1560 μὴ
1352 1491 1707 1559 τεταγμένον.

307 1586 513 1657 Μηδεὶς
554 1587 613 1637 ὲν
663 1584 832 1654 κακίᾳ
868 1582 1092 1651 διάγων,
1139 1581 1330 1633 ἑαυτὸν
1367 1581 1816 1648 ἁπογιιωσκέτω,

228 1678 395 1743 εἰδὼς
428 1678 510 1731 ὅτι
550 1674 797 1747 γεωργία
840 1674 938 1744 μὲν
1000 1672 1107 1725 τῶν
1153 1672 1339 1741 φυτῶν
1386 1671 1484 1734 τὰς
1524 1672 1819 1742 ποιότητας

2003 568 2168 622 Εεειί.
2205 585 2387 637 xxxrv,
2419 570 2517 636 '50;
2561 572 2712 643 Syxt.
2743 572 2834 626 2!.
2866 605 2935 613 -—
2966 574 3141 629 Homo
3176 576 3269 645 qui
3303 578 3519 649 jejunat

1931 671 2033 726 pro
2067 661 2310 727 peccatis
2344 662 2479 728 suis,
2505 662 2818 733 iterumque
2850 665 3004 720 vadit
3033 674 3088 720 et
3122 667 3317 722 eadem
3351 668 3512 739 facit;

1930 749 2250 805 orationem.
2296 751 2445 806 illius
2497 754 2622 822 quis
2676 754 2969 810 exaudiet?
3021 757 3227 827 quidve
3277 761 3516 830 profecit

1914 829 2276 898 'humiliando
2309 846 2411 899 se?

1998 931 2211 989 Basilii.
2237 966 2310 975 —
2339 935 2444 1003 Qui
2482 947 2771 1008 postquam
2807 939 2861 994 in
2895 939 3057 995 bonis
3087 944 3351 1012 operibus
3383 962 3517 1016 pro-

1928 1023 2091 1090 fecit,
2136 1025 2339 1082 iterum
2388 1029 2456 1083 ad
2503 1029 2785 1100 antiquam
2834 1034 3294 1091 consuetudinem
3339 1039 3510 1103 redit,

1928 1130 2040 1170 non
2073 1118 2252 1172 solum
2288 1121 2642 1190 superiorum
2676 1121 2930 1176 laborum
2965 1125 3275 1179 mercedem
3311 1128 3512 1198 perdit,

1926 1222 2123 1263 verum
2157 1211 2326 1265 etiam
2356 1212 2552 1283 majori
2582 1226 2745 1282 parua
2775 1213 2978 1284 dignus
3009 1213 3265 1271 efﬁcitur.

1997 1398 2242 1465 Quorum
2272 1401 2430 1456 facile
2457 1402 2677 1471 mobilis
2703 1404 2940 1471 animus,
2965 1405 3114 1461 haud
3141 1407 3347 1463 mirum
3372 1411 3514 1466 nihil

1925 1489 2008 1543 eis
2036 1506 2102 1543 ex
2132 1490 2344 1546 honesti
2379 1493 2590 1547 ratione
2614 1495 2782 1548 vitam
2816 1498 3178 1564 compositam
3211 1515 3352 1555 esse.

1996 1580 2169 1635 Nemo
2197 1584 2289 1652 qui
2323 1584 2376 1637 in
2402 1584 2538 1638 vitio
2562 1586 3087 1656 versetur,seipsum
3115 1589 3393 1659 desperet,
3418 1592 3514 1662 qui

1925 1673 2064 1727 sciat
2086 1676 2423 1745 agricultura
2454 1678 2655 1731 mutari
2682 1677 2937 1747 stirpium
2967 1681 3288 1749 qualitates;
3319 1685 3513 1738 animi-

240 1771 598 1843 μεταϐάλλει·
625 1771 658 1838 ἡ
687 1768 743 1820 δὲ
779 1766 900 1820 κατ’
931 1764 1131 1836 ἀρετὴν
1165 1765 1265 1833 τῆς
1313 1762 1494 1834 ψυχῆς
1526 1758 1818 1834 ἐπιμέλεια

1953 1780 2030 1833 me
2066 1766 2292 1820 colenda
2323 1767 2527 1821 virtute
2561 1768 2865 1839 diligentia,
2896 1771 3078 1825 omnis
3112 1769 3330 1842 generis
3363 1774 3513 1831 illius

233 1861 438 1931 δυνατή
476 1861 591 1912 ἐστι
634 1856 995 1912 παντοδαπῶν
1021 1854 1478 1927 ἀρρωστημάτων
1521 1855 1823 1926 ἐπικρατῆ-

236 1972 352 2009 σαι.

311 2042 630 2119 ’Ᾱθνθρωποι
673 2040 792 2101 ταῖς
822 2036 1077 2105 νεφέλαις
1111 2035 1348 2101 ἐοίκασι,
1400 2036 1536 2108 πρὸς
1576 2034 1675 2100 τὰς
1714 2034 1821 2089 τῶν

233 2136 570 2203 πνευμάτων
603 2128 907 2203 μεταϐολάς
966 2127 1156 2181 ἄλλοτε
1198 2128 1321 2180 κατ’
1368 2126 1498 2182 ἄλλο
1531 2125 1695 2199 μέρος
1724 2125 1819 2180 τοῦ

230 2230 400 2299 ἀέρος
427 2224 857 2297 ὲμφερομέναις.

306 2323 381 2376 Οὐ
430 2322 623 2393 χρόνου
672 2316 954 2387 ποσότητι,
996 2313 1239 2370 διαθέσει
1268 2314 1326 2367 δὲ
1374 2314 1615 2385 ψυχῆςή
1654 2313 1820 2384 μετάο

230 2433 349 2469 νοια
380 2414 648 2485 κρίνεται.

306 2505 627 2573 Θεολόγου.
680 2530 753 2541 ——
806 2499 934 2552 Δέον
981 2498 1449 2569 εὐμετακινήτους
1512 2496 1614 2567 μὲν
1676 2490 1819 2550 εῖναι

234 2595 371 2665 πρὸς
426 2592 487 2646 τὸ
538 2588 790 2662 κρεῖττον
844 2588 954 2642 ἀπὸ
995 2585 1092 2639 τοῦ
1123 2585 1388 2657 χείρονος,
1418 2587 1719 2657 ἀκινήτους
1759 2588 1816 2642 δὲ

236 2686 371 2756 πρὸς
394 2683 457 2737 τὸ
479 2685 659 2753 χεῖρον
691 2678 800 2734 ἀπὸ
820 2678 914 2732 τοῦ
946 2676 1243 2748 βελτίονος.

308 2776 423 2845 οὐχ
452 2777 488 2846 ή
519 2771 808 2845 μετάθεσις
835 2769 931 2823 τοῦ
981 2768 1155 2824 κακοῦ
1172 2768 1246 2828 ,τὸ
1270 2768 1498 2839 αἰσχρὸν
1525 2767 1671 2839 ἔχει’
1697 2767 1815 2823 ἀλλ’

237 2872 270 2941 ή
304 2868 497 2923 τούτου
525 2869 757 2939 τήρησις
784 2864 887 2937 τὴν
924 2862 1232 2918 ἀπώλειαν.

306 2962 381 3016 Τὸ
431 2960 507 3031 μὴ
557 2957 902 3030 ἁμαρτάνειν
968 2954 1334 3024 ἀναισθήτως,
1386 2952 1503 3007 ἀλλ’
1556 2954 1815 3025 ἐπιγινώ-

234 3072 384 3111 σκειν
413 3054 507 3107 καὶ
536 3051 768 3122 συνορᾷν
794 3048 854 3102 τὸ
884 3046 1300 3150 πλημμεληθὲνσ,
1326 3048 1427 3150 οὐκ
1449 3046 1566 3100 ἔστι
1588 3047 1809 3150 μικρόν.
1840 3088 1883 3150 C

232 3145 348 3201 ἀλλ’
378 3145 494 3207 ὁδός
519 3143 605 3207 τίς
627 3144 744 3194 ἐστι
778 3140 874 3193 καὶ⁹
904 3138 1046 3209 ἀρχὴ
1094 3137 1230 3210 πρὸς
1264 3136 1553 3208 διόρθωσιν
1579 3136 1811 3205 ἄγουσα,

233 3238 326 3291 κοιλ⁸
359 3237 453 3289 ἐπὶ
482 3234 543 3288 τὸ
567 3235 818 3303 κρεῖττον
848 3228 1175 3300 μεταϐολήν.

304 3328 557 3397 Κούφους
596 3325 693 3378 καὶ
738 3323 1003 3393 ἀνοήτους
1056 3319 1283 3382 τούτους
1332 3318 1813 3390 ὑπολαμϐάνομεν,

229 3422 355 3483 τοὺς
384 3417 581 3490 ῥᾳδίως
620 3415 705 3468 ἐπ’
748 3414 1032 3484 ἀμφότερα
1079 3410 1440 3481 φερομένους,
1478 3410 1574 3464 καὶ
1608 3412 1815 3482 μεταρ-

232 3512 476 3581 ῥέοντας,
517 3508 771 3577 καθάπερ
826 3503 1002 3575 αὔρας
1067 3502 1600 3573 μεταπιπτούσας,ἢ
1640 3520 1808 3573 μετα-

231 3603 395 3665 ϐολὰς
427 3603 523 3655 καὶ
557 3597 884 3670 παλιρροίας
920 3595 1184 3667 Εὐρίπου,
1241 3593 1275 3662 ἢ
1300 3594 1574 3663 θαλάσσης
1606 3595 1815 3648 ἄστατα

229 3694 475 3765 κύματα.
1646 3744 1651 3749 .

298 3789 605 3854 Χρινσοστ.
650 3815 722 3825 —
760 3784 820 3838 Ὀ
853 3785 1195 3856 μετανοήσας
1224 3785 1309 3855 ἐφ’
1339 3781 1420 3851 οἷς
1450 3783 1655 3856 ἔπραξε
1700 3781 1814 3835 δει-

226 3880 362 3939 νοῖς,
388 3874 490 3928 κᾶν
524 3875 599 3945 μὴ
646 3874 759 3927 τῶν
803 3874 1225 3945 ἁμαρτημάτων
1259 3875 1420 3940 ἀξίαν
1460 3872 1815 3943 ἀποδείξηται

225 3970 329 4039 τὴν
367 3968 681 4038 μετάνοιαν,
718 3967 815 4021 καὶ
840 3967 1011 4037 αὐτῆς
1039 3966 1247 4037 ταύτης
1277 3969 1430 4039 ὅμως
1453 3966 1566 4034 ἕξει
1590 3968 1690 4038 τὴν
1721 3966 1816 4020 άν-

224 4064 445 4117 τίδοσιν.

299 4151 620 4221 ΕὑαῃοΙου.
642 4170 712 4192 -ι-
730 4149 901 4204 Φυτδν
928 4148 1371 4222 μεταφερόμενον
1402 4147 1662 4219 συνεχῶς,
1683 4165 1817 4219 καρ-

228 4242 331 4295 πὸν
360 4243 422 4295 οὐ
452 4243 618 4296 ποιεῖ.

301 4334 565 4402 Σωκράτ.
589 4361 659 4371 ——
700 4332 951 4404 Ἀνδριὰς
982 4334 1082 4404 μὲν
1133 4333 1227 4387 ἐπὶ
1250 4332 1485 4403 βάσεως,
1529 4331 1816 4393 σπουδαῖος

1924 1857 2280 1927 aegritudines
2308 1875 2470 1929 posse
2500 1861 2772 1930 superari.

1993 2027 2257 2086 llomines
2305 2033 2551 2089 nubibus
2596 2034 2805 2091 similes
2852 2044 3012 2103 sunt,
3045 2018 3309 2109 quae/pro
3353 2039 3514 2097 vario

1924 2129 2217 2175 ventorum
2242 2120 2374 2177 ﬂatu
2404 2123 2513 2178 huc
2535 2125 2866 2197 quandoque
2893 2135 3057 2197 atque
3080 2127 3211 2183 illuc
3229 2126 3507 2186 feruntur.

1991 2312 2108 2366 Non
2144 2315 2408 2383 temporis
2438 2331 2612 2382 mora,
2636 2316 2734 2371 sed
2759 2316 2928 2371 animi
2957 2316 3158 2373 affectu
3182 2320 3504 2389 poenitentia

1916 2401 2218 2474 iudicatur.

1994 2496 2257 2569 Theologi.
2285 2529 2355 2538 -—
2388 2499 2549 2555 Tales
2586 2514 2688 2554 nos
2722 2514 2843 2555 esse
2884 2501 3163 2567 convenit,
3204 2512 3266 2557 ut
3302 2519 3335 2558 a
3371 2504 3508 2559 vitio

1919 2588 1987 2642 ad
2014 2588 2275 2644 virtutem
2309 2589 2484 2645 facilis
2520 2591 2681 2646 nobis
2714 2593 2946 2646 mutatio
2980 2593 3071 2656 sit,
3103 2608 3134 2647 a
3165 2594 3373 2650 virtute
3407 2612 3509 2650 au-

1921 2686 2029 2734 tem
2066 2680 2134 2735 ad
2170 2681 2368 2735 vitium
2407 2682 2625 2737 animus
2659 2684 2733 2738 sit
2764 2698 2994 2753 prorsus
3029 2684 3346 2741 immobilis.

1987 2770 2211 2826 Nullum
2247 2772 2489 2827 dedecus
2519 2789 2550 2829 a
2581 2773 2716 2829 vitio
2748 2775 2955 2829 mutari
2991 2793 3006 2829 :
3043 2776 3178 2831 illud
3206 2792 3339 2834 vero
3372 2779 3508 2836 reti-

1916 2875 2051 2916 nere
2069 2903 2084 2927 ,
2112 2863 2286 2917 exitio
2315 2865 2552 2919 exsistit.

1985 2954 2106 3010 Non
2135 2955 2290 3011 nullo
2318 2972 2483 3012 sensu
2509 2972 2761 3029 peccare,
2788 2958 2884 3014 sed
2918 2958 3180 3015 delictum
3210 2976 3507 3031 agnoscere

1915 3045 2144 3117 ejusque
2185 3047 2467 3102 conscium
2509 3064 2661 3114 esse,
2694 3048 2842 3104 haud
2883 3064 2972 3105 res
3013 3049 3207 3120 exigua
3248 3059 3363 3117 est;
3407 3052 3504 3108 sed

1914 3135 2004 3190 via
2038 3136 2288 3207 quaedam
2327 3148 2384 3193 et
2422 3138 2641 3194 initiUm
2683 3139 2751 3194 ad
2790 3139 3232 3195 emendationem
3272 3141 3504 3208 ducens,

1916 3243 1981 3283 ac
2011 3230 2373 3284 mutationem
2405 3231 2472 3284 ad
2502 3231 2713 3302 frugem
2743 3233 3046 3287 meliorem.

1987 3321 2165 3378 Leves
2194 3339 2257 3378 ac
2287 3324 2485 3378 stultos
2514 3324 2849 3395 iudicamus,
2877 3326 2970 3395 qui
3005 3326 3166 3383 facile
3201 3327 3254 3381 in
3292 3337 3504 3384 utram-

1916 3431 2023 3486 que
2056 3424 2269 3486 partem
2306 3416 2579 3479 feruntur,
2610 3415 2899 3485 fluuntque
2933 3432 2998 3471 ac
3033 3417 3275 3472 refluunt
3308 3428 3502 3474 vento-

1917 3524 2039 3562 rum
2082 3522 2257 3571 more,
2293 3507 2427 3583 alias
2468 3523 2539 3560 ex
2580 3507 2703 3560 aliis
2746 3522 2910 3561 auras
2947 3510 3301 3573 mutantium,
3338 3519 3501 3579 atque

1916 3600 2110 3670 Euripi
2139 3599 2449 3667 reciprocos
2474 3608 2661 3665 testus,
2690 3614 2754 3653 ac
2783 3599 2951 3654 maris
2981 3600 3271 3655 instabiles
3300 3600 3502 3657 ﬂuctus

1917 3689 2288 3746 inconstantia
2315 3688 2581 3743 referunt.

1988 3780 2255 3853 Chrysost.
2279 3812 2350 3820 —
2381 3780 2558 3847 Quem
2592 3780 2859 3852 pmniteat
2891 3782 3182 3848 malorum,
3210 3799 3333 3854 quae
3364 3784 3502 3855 egit,

1916 3873 2022 3928 etsi
2053 3888 2153 3944 pro
2186 3873 2459 3933 scelewm
2491 3874 2758 3943 gravitate
2791 3874 3012 3946 dignam
3048 3876 3182 3930 satis
3216 3877 3498 3946 paeniten-

1917 3966 2051 4021 tiam
2084 3980 2197 4023 non
2229 3965 2423 4038 egerit,
2452 3965 2617 4036 hujus
2646 3966 2838 4037 ipsius,
2864 3966 3011 4037 quod
3044 3966 3125 4022 sic
3154 3982 3282 4022 eum
3316 3968 3495 4039 paeni-

1919 4057 2045 4121 tuit,
2075 4058 2387 4113 mercedem
2420 4057 2668 4113 habebit.

1990 4147 2234 4220 Evagrii.
2280 4178 2352 4188 -
2398 4148 2530 4216 Quae
2578 4149 2785 4220 jugiter
2830 4147 3008 4203 solum
3055 4157 3262 4216 mutet,
3297 4149 3496 4221 stirps,

1918 4241 2100 4296 omnis
2134 4256 2333 4311 expers
2368 4241 2578 4297 fructus
2609 4242 2734 4296 erit.

1986 4329 2156 4401 608
2188 4328 2397 4385 Socrat.
2419 4360 2491 4370 -—-
2516 4331 2588 4387 Ut
2617 4338 2797 4386 statua
2831 4332 2887 4385 in
2923 4329 3062 4396 basi,
3094 4332 3176 4387 sic
3204 4332 3292 4386 vir
3320 4331 3495 4387 bonus

228 4424 285 4480 δὲ
317 4425 459 4496 ἀνὴρ
496 4426 591 4479 ἐπὶ
641 4424 813 4497 καλῆς
848 4426 1222 4497 προαιρέσεως
1251 4425 1444 4491 ἑστὼς,
1471 4423 1811 4496 ἀμετακίνη-

1953 4438 1979 4478 c
2007 4422 2314 4488 studiosus,
2336 4423 2393 4477 in
2422 4421 2571 4477 bono
2596 4421 2880 4493 proposito
2912 4420 3104 4478 ﬁrmus
3134 4432 3280 4478 stare
3308 4424 3494 4479 debet.

229 4530 321 4578 τος
342 4514 545 4583 ὀφείλει
573 4508 736 4567 εἶναι.

796 4716 1015 4771 ΛΟΓΟΣ
1053 4717 1260 4784 ιιςηι.

442 4810 581 4880 Περὶ
616 4809 909 4880 ἁμαρτίας
942 4809 1041 4862 καὶ
1072 4809 1544 4880 ἐξατορεύσεως.

312 4899 499 4955 Ἰωαν.
528 4907 605 4968 η’.
630 4928 701 4939 -
730 4900 847 4964 Πᾶς
870 4901 899 4953 ό
929 4898 1102 4952 ποιῶν
1148 4899 1446 4971 ἁμαρτίαν,
1474 4896 1660 4962 δοῦλός
1696 4899 1813 4951 ἐστι

223 4990 325 5060 τῆς
349 4990 650 5061 ἁμαρτίας.

295 5081 499 5150 Σιρὰχ.
523 5080 811 5144 κα¹.-Ὢς
825 5079 936 5134 ἀπὸ
964 5077 1257 5151 προσώπου
1288 5078 1487 5147 δφεως,
1511 5078 1679 5147 φεῦγε
1704 5078 1813 5132 ἀπὸ

224 5168 545 5239 ἁμαρτίαςδ
580 5170 676 5223 ἐὰν
706 5169 817 5241 γὰρ
857 5168 1188 5241 προσέλθῃς,
1234 5168 1455 5239 δήξεταί
1506 5185 1588 5223 σε.
1634 5169 1811 5223 ’(δδόνυ

222 5276 318 5323 τες
346 5258 560 5324 λέοντος
581 5263 633 5315 οἱ
659 5261 873 5325 ὀδόντες
898 5262 1091 5333 αὐτῆς,
1128 5262 1224 5315 καὶ
1250 5260 1604 5331 ἀναιροῦντες
1632 5263 1811 5332 ψυχὰς

221 5351 326 5406 ἀνθ
335 5350 556 5423 ρώπων.

294 5443 457 5511 Πρὸς
497 5443 664 5513 Ῥωμ.
701 5443 778 5509 ς’.
810 5474 879 5486 -
908 5447 1001 5518 Μὴ
1043 5445 1139 5500 οὖν
1178 5445 1510 5518 βασιλευέτω
1559 5448 1592 5517 ή
1630 5446 1809 5519 ἁμαρ-

221 5534 317 5589 τία
349 5536 408 5587 ὲν
430 5534 511 5605 τῷ
533 5533 715 5605 Θνητῷ
732 5536 762 5587 ὑ
772 5535 887 5605 μῶν
916 5537 1153 5608 σώματι,
1181 5541 1261 5604 είς
1282 5538 1344 5592 τὺ
1367 5536 1662 5592 ὑπακούειν
1688 5540 1809 5601 ταῖς

298 5721 343 5754 ⁸³
371 5719 432 5777 ιη
459 5718 626 5779 Gesn.
659 5722 944 5783 Stob.297.

2474 4705 2705 4764 SERMO
2743 4707 2933 4762 XXVI.

2314 4798 2393 4855 De
2422 4807 2634 4870 peccato
2666 4807 2714 4852 et
2750 4799 3094 4867 confessione.

1979 4895 2140 4949 Joan.
2169 4908 2283 4954 vni,
2307 4892 2399 4945 54.
2426 4919 2496 4930 -—
2526 4888 2718 4944 Omnis
2750 4888 2846 4958 qui
2876 4887 3007 4942 facit
3040 4892 3352 4956 peccatum,
3379 4902 3486 4944 ser-

1909 5002 2015 5042 vus
2045 4995 2129 5040 est
2163 4982 2396 5054 peccati.

1980 5080 2146 5136 Eccli.
2180 5096 2288 5144 nr,
2311 5080 2368 5133 2.
2399 5109 2469 5118 —
2494 5077 2777 5147 Tanquam
2807 5091 2839 5130 a
2865 5074 3003 5131 facie
3037 5075 3271 5143 colubri,
3306 5075 3431 5147 fuge
3461 5092 3491 5131 a

1910 5180 2169 5244 peccato;
2215 5170 2261 5225 si
2309 5169 2457 5226 enim
2500 5168 2807 5226 accesseris
2852 5166 3127 5222 mordebit
3171 5176 3245 5223 te.
3290 5167 3492 5222 Dentes

1907 5261 2085 5317 leOnis
2124 5258 2319 5314 dente's
2353 5259 2505 5329 ejus,
2530 5265 2586 5313 et
2623 5256 2721 5326 qui
2758 5254 3100 5311 interficiunt
3139 5256 3352 5311 animas
3388 5255 3491 5311 ho-

1908 5356 2139 5409 minum.

1980 5445 2133 5500 Rom.
2158 5460 2232 5510 vi,
2259 5445 2345 5498 12.
2372 5473 2441 5483 —-
2468 5442 2547 5497 Ne
2576 5456 2706 5512 ergo
2736 5450 2928 5512 regnet
2950 5448 3234 5511 peccatum
3262 5442 3316 5495 in
3345 5456 3487 5494 mor-

1914 5539 2005 5594 tali
2049 5546 2235 5593 vestro
2282 5550 2546 5606 corpore,
2594 5543 2657 5589 ut
2705 5532 2980 5591 obediatis
3027 5532 3488 5604 concupiscentiis
