3990 6176
471 211 575 278 867

1609 205 1669 264 S.
1709 200 1998 263 MAXIMI
2037 195 2548 261 CONFESSORIS

3615 193 3738 258 868

471 328 596 397 ejus
637 344 650 379 :
691 339 865 394 neque
905 319 1210 377 exhibeatis
1248 316 1494 374 membra
1532 327 1714 373 vestra
1753 333 1903 372 arma
1941 316 2048 370 ini-

2176 312 2472 383 ,πιθυμίαις
2499 305 2667 362 αὐτοῦ
2687 323 2698 334 ·
2733 307 2870 377 μήτε
2921 303 3286 375 παριστάνετε
3312 303 3380 358 τὰ
3411 305 3547 378 μέλη
3576 308 3738 377 ὑμῶν

473 416 716 485 quitatis.
735 421 978 482 peccato.

543 509 709 563 Eccli.
741 523 908 571 xxvii,
939 505 1023 560 ll.
1047 535 1118 544 -—
1149 503 1261 559 Leo
1293 503 1570 559 venationi
1607 501 1936 567 insidiatur;
1971 499 2053 554 sic

471 608 754 670 peccatum
789 595 1118 650 facientibus
1153 593 1360 662 iniqua.

541 691 706 745 Ercli.
741 705 928 752 xxxrx,
967 688 1054 743 50.
1087 718 1159 728 -
1199 689 1347 742 Bona
1389 686 1555 741 bonis
1593 693 1778 740 creata
1817 693 1947 739 sunt
1983 681 2052 736 ab

469 785 660 848 initio;
696 783 776 838 sic
805 790 861 837 et
893 781 1273 851 peccatoribus
1299 780 1460 834 mala.

537 875 748 930 Basilii.
779 905 848 914 —
873 873 1345 940 Quemadmodum
1380 880 1442 925 ut
1473 869 1765 925 incidenda
1797 870 1872 924 sit
1899 883 2050 932 caro,

467 969 553 1022 vel
585 967 832 1022 cauterio
860 965 1161 1029 exurenda,
1187 980 1298 1017 non
1331 962 1580 1017 medicus
1610 970 1694 1016 est
1717 969 1929 1024 auctor,
1956 959 2053 1015 sed

468 1057 734 1112 morbus:
771 1056 851 1108 sic
883 1062 936 1108 et
968 1053 1253 1106 civitatum
1288 1052 1501 1106 excidia
1535 1050 1904 1119 extremaeque
1937 1049 2052 1104 cla-

468 1147 586 1209 des,
606 1161 726 1214 qua:
749 1160 813 1198 es
838 1151 1184 1212 peccatorum
1207 1142 1565 1196 exuberantia
1591 1150 1770 1196 ortum
1792 1140 2050 1206 habeant,

468 1239 617 1292 omni
647 1235 996 1288 accusatione
1026 1233 1196 1285 Deum
1228 1232 1486 1285 liberant.

540 1330 828 1382 Peccatum
881 1323 1124 1394 quandiu
1175 1322 1397 1391 quidem
1454 1321 1794 1391 parturitur,
1841 1317 2054 1389 aliquid

469 1417 694 1488 pudoris
737 1415 904 1467 habet
947 1431 958 1465 :
1009 1413 1100 1465 ubi
1145 1419 1328 1465 autem
1370 1411 1538 1465 fuerit
1576 1416 2051 1474 consummatum,

467 1507 564 1576 qui
619 1493 740 1576 ejus
797 1511 1051 1556 auctores
1107 1500 1252 1567 sint,
1300 1501 1562 1557 omnibus
1618 1500 2054 1573 impudentiores

471 1597 674 1652 reddit.

539 1690 609 1744 Ut
645 1688 827 1741 fumus
869 1701 1029 1754 apes,
1064 1695 1119 1739 et
1159 1685 1298 1738 fetor
1333 1684 1619 1739 columbas
1654 1683 1835 1754 fugat,
1869 1683 1952 1738 sic
1991 1689 2048 1738 et
2081 1668 2124 1724 Β

468 1779 594 1833 vitae
635 1786 834 1832 nostra:
875 1778 1159 1830 custodem
1203 1775 1453 1845 angelum
1489 1791 1576 1830 res
1605 1776 1767 1848 longe
1802 1777 2054 1832 luctuosa

467 1886 533 1926 ac
565 1869 743 1924 fetens
771 1877 1059 1938 peccatum
1090 1866 1284 1936 abigit.

543 2047 698 2102 Sicut
731 2046 925 2100 umbra
959 2044 1177 2114 corpori
1209 2057 1394 2098 eomes
1425 2053 1530 2108 est,
1561 2043 1643 2099 sic
1683 2041 1893 2110 animis
1922 2055 2055 2112 pec-

468 2148 612 2204 cata,
643 2140 899 2208 claraque
933 2144 1152 2191 actuum
1191 2135 1484 2190 simulacra
1512 2133 1810 2188 exsistunt.

538 2314 749 2370 Natura
795 2327 1031 2383 pronum
1072 2311 1268 2365 vitium
1314 2318 1432 2376 est,
1473 2323 1825 2380 praecepsque
1867 2318 1954 2366 est
2000 2309 2057 2365 in

470 2403 718 2460 deterius
747 2417 968 2456 cursus.

541 2496 652 2549 Res
681 2493 840 2547 facile
871 2491 1278 2546 aemulationem
1313 2490 1526 2546 habens
1556 2505 1732 2561 eaque
1767 2489 2053 2560 proclivis,

473 2586 800 2656 improbitas
842 2592 955 2649 est;
996 2599 1100 2638 nec
1135 2584 1439 2652 quidquam
1481 2584 1560 2638 sic
1603 2582 1956 2652 expeditum,
1993 2597 2058 2637 ac

472 2677 590 2732 fieri
625 2676 851 2729 malum.

543 2768 620 2821 Ne
651 2765 898 2835 graveris
922 2772 1211 2834 peccatum
1241 2771 1394 2818 tuum
1427 2763 1704 2829 conﬁteri,
1730 2773 1792 2818 ut
1819 2779 2060 2835 praesen-

472 2858 544 2912 tis
571 2856 670 2910 aevi
705 2855 936 2924 pudore,
972 2853 1144 2907 futuri
1180 2854 1425 2908 dedecus
1456 2854 1834 2924 probrumque
1866 2869 2060 2909 caveas

475 2947 622 3016 (nam
653 2954 708 2999 et
739 2946 854 3000 haec
889 2945 1036 2999 illius
1068 2961 1195 3014 pars
1228 2944 1487 3015 supplicii
1519 2945 1625 3018 est)
1645 2985 1660 3010 ,
1689 2945 2058 3015 ostendasque

472 3037 654 3088 odisse
691 3044 741 3088 te
775 3049 904 3088 vere
937 3042 1222 3103 peccatum
1261 3051 1273 3087 :
1312 3035 1459 3104 quod
1493 3029 1751 3090 traducas
1782 3051 1845 3090 ac
1878 3037 2056 3106 tripu-

472 3127 564 3180 dio
599 3133 840 3202 ostentes
876 3136 1039 3194 atque
1075 3127 1418 3196 triumpbes,
1454 3127 1620 3198 609
1656 3137 1718 3180 ut
1749 3128 1898 3197 quod
1927 3145 2058 3184 vere

472 3219 696 3287 dignum
728 3218 1059 3271 contumelia
1087 3226 1192 3273 est.

542 3309 837 3363 Circumda
899 3318 1169 3374 stercora,
1227 3310 1524 3382 lacrymas,
1569 3313 1831 3382 gemitus,
1891 3328 2058 3383 quam

472 3401 821 3456 confessione
851 3401 1260 3472 humilioreque
1290 3417 1355 3457 ac
1385 3413 1574 3473 spreta
1598 3404 1893 3475 disciplina
1922 3421 2061 3475 prae-

473 3502 585 3547 stes
618 3491 906 3546 meliorem
949 3491 1188 3562 frugem.

543 3584 703 3638 Nulla
741 3583 827 3638 bis
855 3583 950 3653 qui
985 3594 1352 3637 excesserunt
1405 3583 1462 3638 in
1508 3583 1732 3640 inferno
1783 3583 2060 3640 confessio

471 3682 556 3730 est
601 3690 664 3729 ac
699 3675 1038 3729 emendatio.
1067 3673 1356 3729 Conclusit
1387 3675 1537 3729 enim
1584 3675 1753 3739 Deus,
1789 3675 2059 3745 praisenti

473 3765 699 3836 quidem
745 3782 884 3831 aevo,
932 3766 1104 3821 vitam
1149 3775 1208 3834 et
1258 3767 1570 3833 actionem;
1613 3768 1802 3822 futuro
1849 3776 2057 3834 autem,

471 3874 666 3913 eorum
702 3873 824 3927 quae
859 3867 1011 3928 gesta
1049 3841 1293 3922 fuerint,
1327 3851 1572 3913 rationes
1607 3867 1773 3927 atque
1807 3873 2056 3913 examen.

544 3951 754 4005 Vitium
795 3951 1022 4004 silentio
1053 3965 1306 4019 pressum
1339 3960 1506 4020 atque
1533 3951 1837 4015 occultum,
1882 3950 2060 4005 latens

473 4042 646 4096 animi
698 4041 926 4094 morbus
968 4040 1204 4094 exsistit.

545 4130 1161 4202 Theologi.—Facilius
1207 4133 1333 4202 quis
1377 4132 1564 4188 tenuis
1608 4133 1732 4188 vitii
1775 4133 2060 4204 copiosius

474 4223 600 4278 labe
650 4223 954 4287 imbuatur,
999 4239 1164 4294 quam
1208 4225 1333 4280 altae
1377 4225 1608 4279 virtutis
1636 4225 1902 4295 paulatim
1955 4228 2060 4279 ho-

2151 402 2294 455 ὃπλα
2321 400 2534 461 ἀδικίας
2564 399 2631 466 τῇ
2656 396 2929 467 ἁμαρτίᾳ.

2221 492 2424 562 Σιρὰχ.
2460 488 2790 556 κζ’.--Λέῳν
2813 488 2956 559 θήρᾳ
2979 487 3272 559 ἐνεδρεύει,
3295 487 3469 550 οὕτως
3494 489 3738 559 ἁμαρτία

2149 587 2279 648 τοὺς
2303 581 2707 656 ἐργαζομένους
2739 580 2924 634 ἁδικα.

2223 674 2426 743 Σιρὰχ.
2463 675 2578 727 λθθ.
2607 702 2680 712 -
2719 671 2928 740 Ἀγαθὰ
2961 673 3073 733 τοῖς
3117 669 3348 739 ἀγαθοῖς
3389 671 3612 741 ἐκτίσθη
3641 673 3735 724 ἀπ’

2152 767 2350 838 ἀρχῆς,
2383 765 2526 818 οὕτω
2553 763 2649 817 καὶ
2679 765 2791 828 τοῖς
2826 763 3176 834 ἁμαρτωλοῖς
3205 762 3376 816 κακά.

2225 861 2440 912 Βασιλ.
2463 886 2535 897 -—
2570 856 2783 925 Ὥσπερ
2815 856 2913 926 τῆς
2935 853 3110 924 τομῆς
3137 855 3170 923 ἢ
3197 854 3291 907 τοῦ
3327 856 3617 926 καυτῆρος,
3638 857 3733 924 οὐχ

2155 951 2184 1003 6
2217 948 2402 1019 ἰατρὸς
2431 947 2626 1010 αἴτιος,
2654 945 2768 1000 ἀλλ’
2801 947 2834 1015 ἡ
2865 949 3016 1009 νόσος
3044 964 3056 976 ο
3091 945 3238 998 οὕτω
3285 947 3381 1000 καὶ
3423 948 3472 999 οἱ
3500 948 3607 999 τῶν
3636 948 3729 999 πό-

2152 1040 2289 1093 λεων
2320 1037 2620 1108 ἀφανισμοὶ
2651 1038 2716 1089 ἐκ
2759 1037 2857 1106 τῆς
2901 1037 3173 1106 ἀμετρίας
3204 1036 3316 1088 τῶν
3349 1039 3730 1107 ἁμαρτανομέ-

2153 1148 2259 1184 νων
2295 1129 2394 1200 τὴν
2437 1129 2613 1201 ἀρχὴν
2647 1127 2883 1199 ἔχοντες,
2927 1127 3019 1181 τὸν
3047 1129 3182 1181 Θεὸν
3210 1129 3432 1199 ἀπάσης
3479 1129 3728 1198 μέμψεως

2151 1220 2502 1276 ἀπολύουσιν.

2236 1313 2300 1365 Ἢ
2340 1311 2585 1382 ἁμαρτία
2634 1311 2710 1376 ὡς
2753 1312 2853 1381 μὲν
2903 1311 3174 1378 ὠδίνεται,
3243 1311 3360 1382 ἔχει
3393 1313 3513 1365 τινὰ
3545 1313 3729 1382 αἰσχύ-

2153 1420 2281 1475 νην·
2339 1402 2564 1456 ἐπειδὰν
2623 1403 2680 1455 δὲ
2731 1401 2988 1473 τελεσθῇ,
3046 1403 3170 1456 τότε
3227 1404 3728 1474 ἀναισχυντοτέρους

2147 1489 2300 1548 ’ποιεῖ
2322 1495 2448 1584 τους
2472 1493 2879 1565 ἐργαζομένους
2905 1493 3101 1564 αὑτήν.

2236 1669 2324 1732 Ὠς
2357 1668 2469 1740 γὰρ
2497 1666 2598 1732 τὰς
2643 1666 2903 1738 μελίσσας
2932 1667 3146 1729 καπνὸς
3179 1669 3473 1737 φυγαδεύει
3516 1669 3608 1722 καὶ
3638 1670 3728 1732 τὰς

2155 1759 2495 1832 περιστερὰς
2527 1759 2762 1813 δυσωδία
2783 1774 2796 1788 ·
2831 1757 2976 1810 οὕτω
3009 1759 3212 1812 καὶτὸν
3241 1761 3457 1828 φύλακα
3477 1763 3568 1831 τῆς
3591 1760 3730 1828 ζωῆς

2153 1855 2187 1924 ἡ
2197 1853 2314 1924 μῶν
2339 1852 2634 1924 ἁγγελονή
2654 1849 3000 1920 πολύδακρυς
3047 1851 3142 1904 καὶ
3171 1851 3413 1923 δυσώδης
3445 1853 3727 1922 ἀφίστησιν

2161 1944 2428 2015 ἁμαρτία.
2764 1944 2772 1952 ’

2233 2035 2444 2106 Ὥσπερ
2471 2035 2506 2105 ὴ
2555 2035 2685 2088 σκιά
2723 2036 2803 2108 τῷ
2853 2037 3092 2109 σώματι.
3131 2036 3272 2090 οὕτω
3304 2039 3423 2098 ταῖς
3453 2036 3644 2106 ψυχαῖς
3673 2037 3728 2088 αξ

2165 2123 2438 2195 ἁμαρτίαι
2468 2123 2833 2195 παρέπονται,
2858 2126 3113 2198 ἐναργεῖς
3142 2124 3241 2188 τὰς
3279 2125 3508 2196 πράξεις
3539 2127 3730 2178 εἰκονί-

2157 2215 2352 2281 ζουσαι
2367 2257 2382 2270 .

2230 2304 2399 2358 Φύσει
2431 2297 2783 2376 πρόχειρονῆ
2816 2305 3006 2373 κακία,
3031 2305 3126 2358 καὶ
3155 2305 3325 2367 πολὺς
3347 2305 3438 2360 ἐπὶ
3467 2305 3526 2358 τὸ
3557 2305 3740 2375 χεῖρον

2161 2399 2191 2451 6
2221 2397 2443 2468 δρόμος.
3573 2423 3576 2426 ~

2233 2488 2560 2568 Εύζήλωτον
2588 2488 2774 2560 μέντοι
2809 2491 2906 2544 καλ⁵
2939 2490 3232 2561 πρόχειρον
3273 2491 3502 2560 πρᾶγμα
3532 2491 3565 2559 ἡ
3636 2505 3737 2558 μο-

2160 2581 2390 2652 χθηρία·
2417 2581 2511 2635 καὶ
2534 2581 2682 2636 οὐδὲν
2705 2582 2846 2634 οὕτω
2874 2581 3055 2654 ῥᾴδιον
3079 2582 3156 2646 ὼς
3186 2582 3246 2635 τὸ
3275 2581 3523 2651 γενέσθαι
3549 2582 3736 2634 κακόν.

2229 2759 2325 2831 Μὴ
2378 2759 2700 2833 ἁπαξιὼσῃς
2751 2761 3114 2833 ἐξαγορεῦσαι
3170 2779 3266 2816 σου
3315 2763 3413 2833 τὴν
3441 2763 3740 2834 ἁμαρτίαν,

2163 2853 2250 2906 ἵνα
2276 2855 2342 2922 τῇ
2373 2852 2625 2905 ἐντεῦθεν
2675 2852 2908 2924 αἰσχύνῃ
2957 2854 3056 2924 τὴν
3091 2854 3300 2908 ἐκεῖθεν
3327 2854 3501 2924 φύγῃς
3532 2854 3742 2922 (ἐπειδὴ

2167 2943 2334 3013 μέρος
2380 2943 2476 2996 καὶ
2520 2941 2682 2996 τοῦτο
2731 2942 2834 3012 τῆς
2885 2945 3066 2996 ἐκεῖσε
3117 2943 3415 3014 κολάσεως)
3440 2943 3533 2996 καὶ
3558 2942 3744 3014 δείξῃς

2161 3034 2244 3087 ὅτι
2303 3035 2405 3103 τὴν
2454 3033 2736 3104 ἁμαρτίαν
2790 3035 2961 3098 ὅντως
2993 3034 3328 3106 μεμίσηκας,
3371 3034 3745 3106 παραδειγμαο

2159 3125 2316 3189 τίσας
2354 3124 2524 3196 αὐτὴν
2553 3125 2652 3178 καὶ
2678 3125 3079 3197 θριαμϐεύσας,
3111 3126 3187 3191 ὡς
3216 3126 3370 3191 ἀξίαν
3403 3125 3630 3198 ὕϐρεως.

2232 3300 2536 3370 Περιϐαλοῦ
2593 3301 2836 3372 κόπρια,
2899 3301 3145 3371 δάκρυα,
3203 3302 3579 3372 στεναγμοὺς,
3639 3301 3742 3371 τὴν

2160 3393 2226 3447 δι’
2288 3391 2707 3463 ὲξαγορεύσεως
2764 3393 2859 3446 καὶ
2893 3393 3224 3464 ἀτιμοτέρας
3261 3393 3483 3464 ἀγωγῆς
3503 3394 3740 3464 ἐπανόρ-

2165 3485 2351 3539 θωσιν.

2237 3577 2352 3630 Οὐκ
2378 3574 2493 3628 ἔστι
2545 3576 2656 3638 τοῖς
2717 3573 3045 3629 ἀπελθοῦσιν
3102 3578 3160 3630 ἐν
3206 3577 3309 3649 ᾄδῃ
3355 3575 3743 3646 ἐξομολόγησις

2161 3667 2256 3722 καὶ
2303 3667 2608 3738 διόρθωσις.
2653 3666 2971 3719 Συνέκλεισε
2998 3667 3106 3738 γὰρ
3137 3670 3165 3720 6
3193 3667 3345 3732 Θεὸς,
3377 3667 3601 3722 ἐνταῦθα
3641 3669 3746 3738 μὲν

2164 3761 2276 3832 βίον
2307 3763 2403 3814 καὶ
2458 3760 2656 3832 πρᾶξιν
2682 3777 2694 3788 ·
2742 3762 2862 3815 ἐκεῖ
2913 3761 2994 3826 δὲ,
3031 3763 3131 3831 τὴν
3165 3760 3276 3814 τῶν
3330 3763 3746 3833 πεπραγμένων

2162 3855 2434 3919 ἐξέτασιν.

2230 3948 2414 4002 Κακία
2462 3947 2835 4020 σιωπηθεῖσα,
2891 3949 3051 4012 νόσος
3079 3928 3332 4014 ’ὓπουλός
3385 3951 3528 4002 ἐστιν
3575 3949 3635 4000 ἐν
3668 3949 3743 4019 τῇ

2201 4061 2328 4095 wn.

2201 4061 2231 4094 υ
2314 4080 2328 4095 .
3135 4073 3140 4078 -

2158 4041 2200 4112 ψ
2232 4045 2551 4202 ἒὲολόγὸυ.
2585 4163 2654 4174 -
2679 4134 2888 4188 Θᾶττον
2918 4134 3026 4204 γὰρ
3069 4134 3133 4188 ἄν
3164 4152 3248 4198 τις
3295 4134 3486 4204 ὀλίγης
3537 4133 3746 4195 κακίας

2165 4224 2458 4295 μεταλάϐοι
2483 4224 2775 4290 πλουσίως,
2809 4226 3070 4297 ἦάρετῆς
3104 4225 3324 4295 βαθείας
3358 4224 3497 4279 κατὰ
3521 4224 3743 4295 μικρόν.

476 4325 745 4372 nestatem
799 4316 1056 4370 aseiscat.
1104 4316 1238 4370 Nam
1284 4327 1342 4371 et
1395 4317 1502 4370 mel
1550 4318 1736 4388 exigui
1789 4317 2055 4372 absinthii

2176 4318 2326 4370 Ἐπεὶ
2362 4317 2459 4371 καὶ
2493 4316 2670 4387 μέλιτι
2703 4317 2804 4386 μὲν
2832 4319 3028 4388 μικρὸν
3070 4317 3317 4386 ἀψίνθιον
3368 4319 3596 4387 τάχιστα
3634 4333 3740 4386 με-

475 4410 562 4464 vis
595 4408 860 4463 citissime
910 4407 1123 4470 inficit;
1173 4409 1353 4477 ipsum
1408 4425 1563 4473 vero,
1613 4425 1718 4464 nec
1747 4410 1793 4464 si
1828 4409 2060 4479 duplum

475 4501 701 4572 quidem
737 4499 1037 4566 exstiterit,
1090 4499 1372 4554 absinthio
1393 4499 1745 4556 dulcedinem
1797 4500 2058 4556 infundit.

545 4589 1022 4670 Clrysostu-Tale
1070 4589 1204 4660 quid
1253 4599 1539 4659 peccatum
1585 4599 1688 4644 est.
1753 4591 2072 4662 Antequam.

2158 4409 2410 4462 ταδίδωσι
2432 4408 2526 4460 τοῦ
2557 4407 2781 4477 πικροῦ,
2805 4406 2927 4475 μέλι
2956 4408 3014 4461 δὲ
3036 4408 3156 4462 οὐδὲ
3185 4409 3247 4462 τὸ
3273 4408 3546 4463 διπλάσιον
3576 4407 3748 4477 ἀψιν-

2163 4499 2266 4570 θίῳ
2295 4499 2395 4569 τῆς
2432 4497 2630 4551 ἐαυτοῦ
2658 4499 3020 4568 γλυκύτητος.
3211 4556 3217 4561 _

2179 4641 2190 4651 ,
2233 4593 2538 4659 Χρυσοστ.
2588 4606 2659 4632 -ι-
2689 4589 2945 4644 Τοιοῦτον
2974 4593 3007 4661 ἡ
3037 4590 3280 4662 ἁμαρτία
3311 4607 3326 4622 ·
3366 4589 3495 4660 πρὶν
3549 4590 3584 4661 ἢ
3639 4590 3751 4660 μὲν

475 4681 818 4758 perficiatur,
846 4695 1007 4743 eum,
1040 4681 1133 4750 qui
1170 4695 1228 4734 se
1263 4681 1338 4748 illi
1373 4697 1526 4734 reum
1569 4680 1875 4746 addixerit,
1908 4681 2059 4752 quasi

2176 4681 2598 4752 ἀπαρτισθῆναι,
2633 4682 2854 4752 μεθύειν
2881 4685 3030 4741 ποιεῖ
3059 4683 3150 4735 τὸν
3173 4683 3404 4736 ἁλόντα·
3436 4681 3655 4735 ἐπειδὰν
3687 4682 3754 4737 δδ

477 4771 847 4826 temulentum
897 4770 1101 4825 reddit.
1137 4769 1241 4825 Ubi
1272 4778 1458 4825 autem
1499 4771 1860 4840 adimpletum
1896 4772 2064 4828 fuerit

475 4868 533 4915 et
561 4861 672 4930 jam
711 4869 1023 4930 peractum,
1071 4874 1195 4929 quae
1242 4859 1420 4914 fuerat
1458 4860 1736 4930 voluptas,
1794 4860 1911 4915 haec
1938 4876 2060 4916 sese

476 4952 740 5008 subducit
791 4967 854 5008 ac
903 4952 1306 5023 exstinguitur;
1351 4952 1532 5008 nudus
1581 4961 1926 5032 autem.‘stat
1969 4969 2062 5008 ac-

1987 5069 2221 5127 ‘NOTE.

546 5137 622 5211 (ρ)
654 5137 764 5192 Τοῦ
799 5138 1173 5211 συνειδότος.
1215 5138 1381 5194 Gesn.
1419 5155 1544 5195 cum
1575 5155 1709 5194 voce
1751 5141 2059 5211 κατήγορος

472 5207 686 5278 jungit;
745 5209 902 5278 quasi
955 5210 1071 5279 ipsa
1129 5211 1470 5264 conscientia
1527 5225 1636 5264 non
1686 5207 1933 5274 accuset,
1961 5207 2058 5264 sed

475 5287 786 5342 accusetur,
829 5294 934 5333 nec
976 5281 1096 5349 ejus
1143 5281 1297 5348 quasi
1329 5282 1507 5334 active
1541 5279 1779 5333 tribunal
1819 5279 1911 5343 sit,
1961 5280 2058 5333 sed

475 5349 725 5419 passive:
772 5349 919 5419 quod
974 5351 1121 5404 idem
1148 5366 1204 5402 n.
1232 5350 1322 5414 50,
1365 5351 1419 5403 in
1465 5365 1532 5403 eo
1566 5349 1916 5418 reprehendi.
1945 5349 2060 5419 Ego

480 5416 675 5489 potius
693 5416 998 5486 genitivum
1025 5419 1340 5472 absolutum
1374 5421 1609 5488 accipio.
1631 5416 1693 5473 et
1725 5435 1835 5489 quo
1885 5416 2060 5488 expli-

479 5495 639 5559 cetur
666 5488 780 5559 ipse
813 5498 1100 5559 accusator
1132 5500 1188 5544 et
1215 5497 1411 5554 tortor,
1440 5491 1555 5559 ipsa
1606 5488 1870 5544 nimirum
1929 5504 2061 5543 con-

479 5555 734 5630 scientia,
791 5572 912 5626 qua:
954 5557 1173 5630 horum
1234 5559 1382 5630 vices
1439 5555 1614 5630 gerat,
1672 5561 1752 5615 sic
1812 5560 2056 5614 animum

476 5624 742 5681 caedendo
782 5624 838 5680 et
884 5624 1218 5686 vellicando.
1247 5624 1463 5692 Quare'
1491 5629 1818 5686 nominativi
1865 5630 1940 5684 illi
1961 5645 2060 5684 ,εο-

2169 4773 2434 4845 πληρωθῇ
2481 4775 2578 4826 καὶ
2634 4774 2971 4845 ἀπαρτισθῇ,
3013 4775 3136 4828 τότε
3189 4775 3258 4828 τὰ
3293 4774 3391 4845 μὲν
3422 4775 3520 4843 τῆς
3548 4773 3753 4843 ἡδονῆς

2145 4865 2373 4934 ταύτης
2391 4863 2746 4930 ὑπεξίσταται
2775 4865 2872 4918 καὶ
2897 4863 3214 4918 σϐέννυται·
3243 4865 3450 4934 γυμνὸς
3468 4865 3521 4917 δὲ
3541 4849 3754 4933 ἕστηκε

2167 4956 2353 5009 λοιπὸν
2381 4957 2410 5008 6
2431 4957 2738 5026 κατήγορος
2758 4993 2774 5020 ,
2810 4956 2904 5010 τοῦ
2931 4957 3232 5034 συνειδότος
3268 4956 3344 5028 (ρ)
3367 4956 3560 5028 δημίου
3587 4955 3759 5022 τάξιν

2173 5145 2312 5196 lceco
2348 5139 2537 5210 positi,
2562 5150 2641 5212 _ut
2663 5140 2842 5212 solent
2873 5141 3073 5212 passim
3098 5139 3273 5212 Graeci
3309 5138 3554 5194 moderni
3577 5153 3757 5212 usur-

2167 5226 2318 5282 pare,
2346 5207 2449 5282 pro,
2485 5207 2690 5280 quibus
2712 5207 2968 5280 gignendi
2994 5227 3124 5266 casu
3154 5211 3576 5282 Chrysostomus
3607 5211 3758 5282 scri-

2167 5279 2557 5352 pserit.,Libet
2579 5279 2962 5352 conjecturam
2997 5282 3212 5352 firmare
3260 5279 3325 5335 ex
3359 5295 3466 5352 uno
3489 5287 3544 5332 et
3567 5279 3760 5352 altero

2155 5348 2276 5420 ejus
2300 5351 2443 5414 loco,
2470 5348 2776 5405 concione!
2807 5353 2934 5415 et4,
2961 5351 3016 5404 in
3035 5351 3260 5406 divitem
3283 5359 3339 5404 et
3365 5349 3650 5420 Lazarum.
3682 5348 3762 5404 Et

2157 5419 2462 5492 lquidem:
2497 5422 2863 5492 Δικαστήριον
2876 5423 3045 5492 χωρὶς
3069 5421 3328 5492 ἐλέγχων,
3355 5423 3446 5471 καὶ
3476 5419 3760 5492 ἀπολογία

2157 5485 2327 5562 χωρὶς
2361 5485 3354 5562 κατηγορίας,”καὶ’ἀπόδειξιςάνευ
3405 5485 3714 5562 μαρτύρων
3739 5507 3755 5521 ·

2157 5558 2341 5631 αὐτῶν
2382 5558 2499 5613 τῶν
2531 5558 2594 5614 τδ
2619 5563 2855 5630 πρᾶγμα
2911 5562 3303 5631 ἐργασαμένων
3333 5558 3567 5631 ἑαυτοὺς
3587 5558 3757 5625 ἐλεγ-

2157 5630 2383 5700 χόντων,
2409 5631 2504 5683 καὶ
2537 5631 2598 5684 τὸ
2647 5627 2823 5702 λάθρα
2864 5627 3230 5703 γεγενημένον
3253 5627 3748 5698 ἐκπομπευόντων.
