3990 6176
382 238 393 243 ’
461 250 561 313 871
1641 248 1700 304 s.
1725 246 1792 305 ’Μ
1808 246 2029 305 AXlMI
2063 246 2575 308 CONFESSORIS

3601 253 3731 316 872

452 359 572 414 rius
596 355 783 421 allicit,
810 354 908 410 sed
949 360 1172 423 peccata
1196 349 1344 405 unde
1400 351 1493 405 ille
1520 352 1772 419 exsistit;
1830 354 2029 408 animi-

2168 371 2247 420 εν,
2286 354 2403 407 ἀλλ’
2439 356 2836 427 ἁμαρτήματα,
2858 355 2924 408 δι’
2944 353 2981 409 ά
3002 356 3033 425 ἡ
3058 356 3213 421 νόσος
3237 373 3253 388 ο
3286 358 3385 413 καὶ
3421 360 3574 416 νόσον
3610 366 3742 434 ψυ-

449 465 559 521 que
597 447 1001 519 aegritudinem.
1037 459 1146 498 non
1182 442 1452 512 corporis.

521 540 793 595 Theotimi.
816 567 883 579 —
901 537 1198 592 Peccatum
1248 535 1399 590 velut
1421 536 1598 591 obicis
1633 535 1920 607 cujusdam
1948 551 2037 592 ra-

450 631 658 684 tionem
715 629 922 694 habet,
969 628 1065 683 Dei
1124 628 1180 681 in
1234 644 1338 683 nos
1392 627 1840 682 benevolentiam
1883 628 2034 683 inhi-

449 720 608 773 bens.
1602 714 1609 721 ’

519 810 755 878 Iosephi.
780 840 849 848 —
868 809 1033 863 Ratio
1067 807 1303 864 aﬂ‘eetus
1352 824 1461 864 non
1491 810 1775 880 exstirpat,
1807 809 1904 864 sed
1933 809 2033 865 ad-

450 915 641 956 versus
680 914 779 953 eos
818 899 1083 953 luctatur.

513 992 628 1047 Nec
656 991 837 1060 ignem
870 991 1041 1059 pallio
1081 990 1212 1044 licet
1236 989 1541 1056 involvere,
1573 1005 1677 1045 nec
1709 998 1871 1062 turpe
1900 1004 2034 1060 pec-

445 1093 630 1139 catum
680 1093 924 1151 tempore
970 1082 1254 1152 obtegere.

521 1174 1057 1251 Aristotel.—llaud
1112 1174 1305 1242 procul
1355 1173 1424 1227 ab
1476 1174 1819 1239 innocentia,
1874 1184 1933 1230 et
1973 1183 2063 1229 ut.

446 1266 588 1319 labis
627 1280 803 1334 purus
848 1265 1144 1331 habeatur,
1172 1265 1441 1329 abscedit,
1487 1266 1583 1335 qui
1628 1267 1876 1322 modeste
1902 1280 2035 1337 pec-

446 1367 633 1411 catum
675 1356 964 1413 confessus
1007 1357 1099 1411 sit.

515 1449 806 1520 Pythagor.
824 1448 1084 1503 —Stude
1117 1458 1344 1518 peccata
1373 1456 1466 1504 tua
1492 1464 1604 1504 non
1631 1450 1818 1506 verbis
1845 1451 2037 1506 occul-

445 1548 586 1604 tare,
628 1540 725 1594 sed
756 1555 955 1594 curare
1005 1540 1505 1610 reprehensionum
1554 1541 1785 1596 aculeis.

516 1632 751 1686 Demosl.
779 1631 1338 1697 —Quemadmodum
1387 1633 1639 1703 corporis
1686 1633 1935 1698 morbus,
1985 1635 2031 1690 si

2137 447 2259 516 χῆς,
2300 447 2422 530 οὐχὶ
2442 447 2715 518 σώματος.

2210 539 2516 607 Θεοτίμου.
2539 535 2847 593 -Ἐοικεν
2907 541 2939 604 ἠ
3006 541 3251 612 ἁμαρτία
3324 544 3732 618 παραϐλήματι

2135 626 2398 681 κωλύοντι
2415 630 2511 699 τὴν
2528 627 2740 683 εὔνοιαν
2767 628 2860 683 τοῦ
2886 630 3021 685 Θεοῦ
3055 633 3114 685 ὲν
3145 634 3277 703 ἡμῖν
3297 635 3571 702 γενέσθαι.

2220 807 2582 875 ’1ωσήππου.
2610 837 2683 850 --
2715 808 2830 863 Οὐκ
2856 811 3163 882 ὲκριζωτὴς
3194 813 3304 868 τῶν
3336 816 3550 885 παθῶν,
3599 819 3725 873 ἀλλ’

2136 900 2552 969 ἀνταγωνιστής
2580 901 2728 953 ἐστιν
2754 902 2783 953 ὁ
2802 900 3086 973 λογισμός.

2207 987 2346 1041 Οὔτε
2366 987 2479 1059 πῦρ
2501 988 2701 1060 ίματίῳ
2718 992 3055 1061 περιστεῖλαι
3074 991 3320 1058 δυνατὸν,
3342 992 3468 1048 οὔτε
3486 996 3723 1068 αἰσχρὸν

2135 1081 2446 1151 ἁμάρτημα
2472 1082 2674 1152 χρόνῳ.

2218 1173 2512 1240 Ἀριστοτ.
2560 1203 2633 1215 -
2684 1174 2760 1227 Οὐ
2819 1176 3009 1248 πόρρω
3030 1176 3122 1230 τοῦ
3162 1178 3553 1250 άναμαρτήτου
3585 1181 3720 1235 καθ-

2141 1260 2354 1331 ίστησιν
2411 1263 2633 1328 ἑαυτὸν,
2674 1265 2703 1318 δ
2760 1265 3172 1338 τὺάμαρτηθὲν
3223 1270 3484 1334 ἐπιεικῶς
3524 1272 3716 1343 ὁμολο-

2138 1353 2335 1423 γήσας.
2965 1360 2971 1365 ’

2208 1444 2581 1515 Πυθαγόρου.
2620 1477 2693 1488 -
2726 1447 2807 1501 Τά
2838 1449 3214 1520 ἁμαρτήματά
3268 1467 3362 1504 σου
3402 1452 3597 1524 πειρῶ,
3633 1454 3713 1524 μὴ

2138 1535 2316 1604 λόγοις
2348 1537 2754 1602 ὲπικαλύπτειν,
2783 1538 2917 1592 ἀλλά
2948 1540 3272 1611 θεραπεύειν
3303 1540 3562 1612 ἐλέγχοις.

2208 1632 2466 1699 Δημοσθ.
2494 1660 2567 1672 -
2592 1631 2805 1702 Ὠσπερ
2844 1632 3155 1702 σωματικὸν
3183 1633 3356 1697 πάθος
3388 1636 3449 1687 οὐ
3475 1636 3713 1706 ιιρυπτδ⁸

444 1731 665 1793 tegatur
690 1731 856 1791 atque
883 1722 1161 1787 laudetur,
1187 1723 1335 1777 haud
1361 1738 1491 1778 sane
1516 1725 1769 1780 sanitatis
1788 1725 2029 1781 remedia

2168 1738 2310 1776 ιενον
2356 1723 2479 1775 οὐδὲ
2527 1723 2919 1794 ἐπαινούμενον
2974 1723 3261 1792 ὑγιάζεται
3294 1741 3310 1756 ·
3362 1703 3537 1791 οὕτως
3588 1727 3714 1781 οὐδὲ

443 1814 672 1883 recipit;
720 1812 801 1867 sic
850 1828 956 1867 nec
1003 1814 1145 1869 male
1195 1822 1350 1869 tutus
1381 1814 1602 1870 animus
1638 1815 1801 1870 facile
1853 1816 2034 1873 curari

442 1905 670 1975 poterit.

512 1996 1211 2060 Moschionis.—Praestat,
1262 2011 1388 2051 cum
1432 2013 1556 2052 raro
1596 1997 1822 2054 virtutis
1859 1998 2037 2055 culto-

443 2102 562 2142 rem
596 2088 927 2157 prolitearis,
965 2088 1167 2158 saepius
1223 2088 1536 2143 modestum
1572 2098 1737 2161 atque
1781 2090 2034 2146 sobrium

443 2193 596 2244 esse;
646 2193 810 2249 quam
859 2188 921 2233 ut
973 2196 1100 2235 raro
1155 2192 1444 2250 peccatum
1472 2197 1797 2252 agnoscens,
1830 2183 2036 2255 saapius

442 2269 663 2325 delictis
705 2269 1031 2338 impliceris.

512 2361 677 2416 Zeno.
700 2361 941 2426 —Vive,
977 2362 1165 2427 homo,
1196 2377 1306 2416 non
1351 2362 1534 2418 solum
1565 2370 1627 2417 ut
1675 2363 1807 2419 edas
1835 2373 1891 2419 et
1942 2363 2033 2420 bi-

442 2452 563 2520 bas,
607 2453 706 2508 sed
736 2461 799 2508 ut
838 2452 986 2523 quod
1029 2453 1171 2508 vivis
1212 2454 1458 2510 abutaris
1493 2463 1555 2509 ut
1587 2455 1729 2511 bene
1758 2455 2032 2527 beateque

444 2544 618 2600 vivas.

514 2632 1159 2689 Phauorini.—All‘ectio
1208 2636 1459 2705 quaedam
1504 2634 1751 2691 animum
1795 2637 2029 2704 invasit;

444 2738 512 2778 ac
546 2724 773 2793 quidem
817 2725 952 2794 quid
1000 2725 1094 2779 illa
1135 2725 1233 2790 sit,
1286 2727 1495 2781 nescio.
1536 2726 1708 2782 Aiunt
1750 2728 1846 2798 qui
1884 2728 2034 2783 docti

443 2824 577 2870 sunt
597 2831 662 2869 ac
685 2815 908 2881 initiati,
935 2830 1183 2871 amorem
1211 2833 1352 2873 esse.
1381 2817 1573 2873 invide
1607 2834 1672 2873 ac
1700 2819 2031 2885 inconsulte,

443 2904 680 2969 daemon,
711 2903 988 2959 inﬁrmum
1022 2920 1225 2975 corpus
1248 2904 1476 2960 adortus
1496 2920 1578 2971 es,
1620 2906 1769 2976 quod
1798 2914 1850 2962 te
1879 2906 2027 2963 ferre

2136 1811 2283 1883 ψυχὴ
2309 1810 2498 1876 κακῶς
2533 1812 2924 1885 φρουρουμένη
2957 1813 3344 1884 θεραπεύεται.

2205 1988 2584 2057 Μοσχίωνος.
2636 2017 2709 2029 -—
2759 1988 2979 2044 Βέλτιον
3044 1990 3296 2060 ὀλιγάκις
3349 1992 3715 2063 ὁμολογοῦντα

2135 2078 2458 2151 κατορθοῦν,
2509 2084 2804 2152 σωφρονεῖν
2854 2082 3145 2147 πολλάκις,
3182 2084 3216 2154 ἢ
3256 2084 3504 2154 ὀλιγάκις
3533 2087 3648 2156 ἁμα

2134 2172 2320 2226 τάνειν
2345 2172 2595 2243 λέγοντα,
2624 2174 2967 2247 πλημμελεῖν
2992 2176 3273 2241 πολλάκις.
3588 2214 3593 2217 ~

2206 2356 2445 2426 Ζήνων.
2472 2386 2544 2397 -
2569 2354 2723 2427 Ζῆθι,
2761 2349 2807 2410 ὦ
2854 2354 3133 2427 ἄνθρωπε,
3185 2355 3259 2428 μὴ
3296 2356 3456 2427 μόνον
3488 2357 3577 2410 ἵνα
3603 2357 3719 2427 φά-

2138 2464 2246 2521 τῃς
2276 2447 2371 2502 καὶ
2400 2446 2562 2520 πίῃς,
2596 2446 2711 2501 ἀλλ’
2746 2447 2834 2501 ῖνα
2855 2445 2934 2518 τῷ
2961 2446 3061 2519 ζῇν
3102 2447 3241 2520 πρὸς
3280 2448 3342 2500 τὸ
3380 2442 3439 2502 εὖ
3466 2448 3566 2519 ζῇν
3611 2465 3723 2502 κα-

2134 2541 2406 2611 ταχρήση·
2848 2584 2853 2589 ρ
2986 2607 2993 2613 .

2205 2630 2575 2699 Φᾱυωρίνου.
2608 2659 2678 2671 -
2702 2627 2883 2692 Πάθος
2904 2626 2956 2681 τί
2993 2644 3095 2699 μου
3112 2627 3419 2699 προσέπεσε
3447 2629 3513 2699 τῇ
3537 2627 3723 2699 ψυχῇ,

2134 2724 2231 2778 καὶ
2267 2723 2320 2777 τι
2362 2723 2461 2793 μέν
2511 2723 2660 2775 ἔστιν
2703 2720 2803 2773 οὐκ
2836 2716 2972 2774 οῖδα.
3002 2720 3224 2790 Ἔρωτα
3257 2720 3315 2774 δὲ
3354 2720 3484 2774 αὐτὸ
3515 2720 3724 2789 λέγου-

2135 2831 2220 2868 σιν
2243 2814 2316 2885 (q)
2333 2816 2383 2866 οί
2415 2812 2781 2884 μεμυημένοι.
2809 2811 3059 2866 Βάσκανε
3087 2810 3281 2883 δαῖμον
3310 2812 3405 2866 καὶ
3430 2812 3724 2882 “dxtera,

2133 2901 2357 2957 ἀσθενεῖ
2392 2900 2806 2972 προσελήλυθας
2836 2899 3071 2970 σώματι,
3116 2900 3306 2971 φέρειν
3341 2917 3401 2953 σε
3448 2900 3526 2971 μὴ
3553 2901 3730 2954 δυνα-

442 3010 557 3050 non
588 3002 791 3066 potest.
818 2995 931 3050 Abs
964 3005 1017 3052 te
1056 2996 1316 3062 abscedo,
1347 2996 1593 3063 daemon;
1624 3013 1654 3052 a
1692 3006 1786 3052 tua
1813 3012 1902 3054 me
1926 3013 2028 3069 pu-

2168 2991 2302 3063 ιένῳ.
2344 2991 2666 3062 Ἐξίσταμαί
2705 3007 2821 3056 σου,
2854 2991 3081 3062 δαῖμον*
3116 2990 3436 3064 παραχωρῶ
3479 3008 3577 3045 σου
3611 2993 3727 3065 τῆς

442 3102 550 3158 gna
581 3088 811 3157 recipio,
841 3104 951 3143 non
995 3104 1115 3143 sum
1158 3096 1287 3143 tuus
1316 3088 1495 3145 miles.

515 3178 859 3249 TheOphrast.
877 3210 947 3218 -—
963 3181 1154 3243 Amor,
1184 3178 1488 3233 nescientis
1516 3177 1789 3234 rationem
1811 3178 2028 3249 cupidi-

444 3269 577 3325 tatis
604 3270 887 3341 cujusdam
915 3270 1308 3339 exsuperantia
1334 3278 1447 3336 est;
1475 3269 1714 3325 celerem
1743 3283 2028 3325 accessum

444 3360 677 3428 habens,
708 3370 764 3415 at
792 3376 915 3430 quae
959 3358 1112 3414 tarde
1135 3357 1403 3414 dimittat.

867 3585 1027 3656 θιι
1091 3582 1322 3639 SERMO
1376 3582 1597 3641 xxvu.

723 3673 802 3727 De
828 3675 1062 3728 ciborum
1088 3676 1473 3730 incontinentia
1504 3694 1567 3731 ac
1594 3678 1745 3748 gula.

513 3764 646 3820 Luc.
678 3782 753 3833 v1,
788 3767 1080 3823 εὕρ-ναι
1106 3768 1264 3824 vobis
1300 3770 1397 3840 qui
1441 3771 1673 3825 saturati
1703 3765 1859 3834 eStis,
1900 3769 2031 3839 quia

443 3858 737 3923 esurietis;
786 3875 867 3914 va:
918 3858 1079 3913 vobis
1115 3860 1211 3929 qui
1261 3860 1478 3928 ridetis,
1510 3861 1641 3932 quia
1683 3860 1944 3932 lugebitis
1975 3867 2033 3916 et

443 3945 669 4001 ﬂebitis.

512 4038 633 4093 Jac.
654 4052 710 4102 v,
739 4037 791 4092 5.
814 4068 886 4077 —
904 4038 1125 4108 Epulati
1162 4039 1298 4094 estis
1322 4038 1587 4095 deiieiose
1624 4057 1791 4111 super
1826 4050 2028 4095 terram

441 4137 501 4183 et
527 4129 862 4196 eluxuriati;
889 4129 1186 4207 enutristis
1218 4129 1388 4186 corda
1436 4139 1618 4187 vestra
1666 4133 1812 4188 sicut
1852 4132 1909 4187 in
1940 4132 2031 4187 die

442 4232 761 4274 OCCISIOHIS.

514 4308 674 4364 Prov.
705 4324 851 4377 xxiv,
883 4311 971 4368 l5.
993 4342 1065 4352 —
1080 4312 1161 4369 Ne
1188 4312 1479 4370 seducaris
1500 4315 1559 4371 in
1580 4315 1872 4372 saturitate
1893 4329 2031 4371 ven-

441 4398 546 4453 tris
572 4400 673 4454 tui.

510 4490 670 4547 Prov.
721 4511 846 4561 xxv,
894 4496 981 4552 16.
1010 4497 1205 4553 —Mel
1232 4508 1448 4564 nactus,
1500 4510 1770 4568 quantum
1818 4497 2022 4555 sullicit

437 4582 608 4646 edito,
638 4599 708 4638 ne
738 4585 880 4641 forte
908 4589 1153 4657 repletus
1199 4604 1444 4643 evomas.

509 4672 674 4727 Eccli.
708 4691 793 4740 χι,
826 4676 1118 4734 ’50.—Vir
1163 4680 1466 4750 respiciens
1502 4678 1560 4733 in
1603 4693 1851 4735 mensam
1889 4679 2057 4734 alie--

434 4777 584 4826 nam,
626 4779 738 4817 non
769 4775 856 4820 est
895 4767 1006 4821 vita
1034 4769 1154 4839 ejus
1181 4768 1237 4822 in
1273 4769 1686 4839 computatione
1717 4769 1866 4823 vitae.

503 4852 812 4910 Basilii.—
839 4858 1065 4912 Nullum
1116 4874 1242 4915 cum
1280 4869 1478 4917 ventre
1530 4859 1701 4916 ﬁdum
1746 4874 2025 4916 commer-

503 5034 550 5067 ⁸⁸
580 4994 644 5089 in
673 5033 837 5090 Gesn.
872 5033 1028 5091 Stob.
1061 5032 1151 5090 87.

2136 3084 2318 3156 μάχης
2343 3101 2359 3116 ο
2393 3086 2496 3138 οὐκ
2519 3083 2637 3154 είμί
2659 3100 2754 3137 σου
2786 3082 3146 3154 στρατιώτης.

2206 3172 2533 3243 Θεοφρὰστ.
2559 3203 2628 3215 -
2655 3173 2834 3243 Ἔρως
2864 3172 3011 3225 ἐστὶν
3029 3172 3312 3241 ἀλογίστου
3339 3174 3484 3239 τινὸς
3518 3175 3728 3229 ἐπιθυ-

2137 3266 2268 3337 μίας
2293 3264 2591 3337 ὑπερϐολὴ,
2622 3267 2847 3335 ταχεῖαν
2888 3264 2994 3343 μὲν
3019 3266 3221 3335 ἔχουσα
3275 3265 3375 3336 τὴν
3424 3266 3723 3339 πρόσοδον,

2137 3355 2393 3429 βραδεῖαν
2405 3355 2462 3409 δὲ
2481 3355 2582 3427 τὴν
2603 3355 2890 3409 ἀπόλυσιν.

2722 3582 2941 3637 ΛΟΓΟΣ
2979 3582 3105 3637 KZ"

2364 3673 2507 3743 Περὶ
2530 3673 2824 3742 ἀκρασίας
2848 3673 2950 3727 καὶ
2981 3675 3464 3743 γαστριμαργίας.

2201 3772 2387 3824 Λουκ.
2416 3773 2491 3831 ς’.
2521 3795 2595 3807 -
2620 3765 2756 3819 Οὐαὶ
2797 3767 2848 3819 οἱ
2887 3765 3361 3836 ἐμπεπλησμένοι,
3402 3767 3485 3820 ὅτι
3512 3765 3718 3822 πεινά-

2134 3877 2257 3913 σετε
2286 3875 2301 3889 ·
2348 3858 2473 3911 οὐαὶ
2503 3860 2553 3911 οἱ
2594 3857 2883 3926 γελῶντες,
2935 3858 3020 3911 ὅτι
3060 3851 3363 3921 πενθήσετε
3397 3858 3493 3912 καὶ
3533 3854 3721 3913 κλαύ-
3804 3860 3813 3869 “

2134 3968 2277 4006 σετε.

2209 4044 2343 4112 Ἰφι.
2374 4049 2440 4096 ε’.
2472 4071 2545 4083 -
2585 4040 2963 4111 Ἐτρυφήσατε
3011 4040 3106 4094 ἐπὶ
3126 4041 3232 4110 τῆς
3255 4041 3361 4110 γῆς
3396 4043 3491 4096 καὶ
3535 4044 3721 4098 ἐσπα-

2122 4136 2400 4206 ταλήσατε
2426 4151 2442 4167 ·
2476 4134 2742 4207 ὲτρέψατε
2775 4133 2874 4198 τὰς
2901 4133 3128 4204 καρδίας
3162 4133 3315 4204 ὑμῶν
3342 4134 3419 4199 ὡς
3434 4136 3494 4189 ὲν
3519 4137 3718 4211 ἡμέρᾳ

2116 4240 2450 4387 υιπφῗῖῖἓῗάιμ.
2476 4316 2591 4373 κδ’.
2618 4346 2669 4358 -
2717 4317 2810 4389 Μὴ
2840 4317 3129 4389 ἀπατηθῇς
3181 4319 3247 4377 ὲν,
3287 4318 3558 4389 χορτασίᾳ
3585 4336 3717 4373 κοι-

2054 4392 2099 4451 Ῑ)
2124 4406 2247 4470 λίας
2278 4423 2391 4462 σου.

2192 4503 2444 4568 Παροιμ.
2480 4505 2583 4553 κε’.
2614 4529 2685 4541 -
2709 4499 2849 4553 Μέλι
2885 4497 3089 4572 εὑρὼν,
3102 4498 3165 4553 τὸ
3199 4500 3384 4553 ἱκανὸν
3417 4500 3583 4569 φάγε,
3624 4504 3710 4574 μή

2125 4604 2258 4641 ποτε
2283 4587 2546 4658 πλησθεὶς
2575 4586 2863 4660 ἔξεμέσῃς.

2196 4682 2321 4748 Σιρ.
2346 4685 2426 4748 μ’.
2452 4708 2519 4718 —
2551 4677 2713 4750 Ἀνὴρ
2727 4679 2939 4755 βλέπων
2967 4678 3047 4743 είς
3076 4676 3358 4748 τράπεζαν
3382 4676 3709 4749 ἀλλοτρίαν,

2124 4771 2226 4825 οὐκ
2247 4769 2394 4824 ἔστιν
2420 4770 2449 4823 ὁ
2475 4770 2590 4840 βίος
2625 4770 2790 4824 αὐτοῦ
2810 4771 2868 4823 ὲν
2886 4769 3131 4839 λογισμῷ
3161 4771 3327 4840 ζωῆς.

2197 4861 2545 4916 Βασιλείαν.
2573 4891 2642 4902 ——
2661 4862 2879 4935 Γαστὴρ
2902 4860 3274 4931 συναλλάκτης
3296 4861 3445 4914 ἐστὶν
3468 4860 3714 4914 ἀπιστό-

1954 5154 2191 5214 ΝΟΤἏΕ.

504 5245 581 5317 (η)
613 5247 838 5313 ,Ερωτα
889 5246 959 5300 δέ
1009 5244 1477 5317 αὺτόίλέγουσι.
1531 5243 1680 5317 Istud
1707 5244 1776 5299 de
1822 5260 2013 5317 amore

368 5366 373 5370 .
428 5316 535 5371 bac
564 5315 621 5371 et
656 5318 912 5386 sequenti
947 5316 1241 5379 sententia,
1277 5317 1437 5386 paulo
1469 5316 1740 5371 remotius
1780 5332 1810 5370 a
1844 5315 2009 5386 titulo

427 5386 675 5457 videtur,
694 5385 758 5441 ae
775 5387 960 5457 potius
974 5389 1081 5441 alio
1100 5395 1367 5456 spectare.
1388 5385 1565 5457 Forte
1585 5394 1703 5440 erat
1732 5401 1904 5457 novus
1939 5385 2007 5457 ti-

429 5456 582 5509 tulus
612 5471 675 5526 ac
694 5455 895 5519 sermo,
919 5458 1077 5526 cujus
1095 5458 1305 5525 reliqum
1324 5455 1637 5511 exciderint
1660 5474 1672 5509 :
1703 5456 1808 5511 nisi
1836 5456 2003 5510 Maxi-

2121 5262 2245 5301 cum
2271 5245 2361 5300 ille
2388 5261 2591 5316 pravus
2614 5256 2718 5311 est,
2737 5255 2793 5320 et
2808 5248 2992 5320 qualis
3020 5249 3167 5320 viget
3196 5249 3251 5304 in
3270 5258 3467 5305 natura
3490 5265 3723 5308 corru-‘

2111 5326 2202 5392 p_ta
2234 5332 2335 5392 nec
2358 5325 2568 5392 sanata,
2595 5316 3134 5392 experiebantur-que
3159 5322 3209 5392 οἱ
3237 5320 3351 5392 ἔξω
3368 5321 3701 5392 philosophi

2106 5385 2302 5459 (graeci
2321 5386 2531 5459 scilicet
2554 5394 2611 5459 et
2642 5385 2870 5459 ethnici)
2925 5405 2956 5441 a
2984 5385 3187 5443 Cliristi
3220 5385 3389 5459 gratia
3414 5385 3698 5451 extranei.

2104 5454 2283 5529 Etiam
2310 5471 2436 5510 cum
2467 5456 2532 5529 ad
2559 5454 3133 5529 divinatransfertur,
3178 5454 3337 5529 velut
3384 5460 3699 5529 quamdam

426 5539 549 5598 m_us
580 5525 859 5579 subtiliter
885 5528 1103 5598 adjecit,
1127 5534 1189 5581 ut
1220 5527 1557 5598 signiﬁcaret
1600 5540 1722 5580 esse
1752 5540 1996 5598 amorem
2098 5526 2413 5598 passionem
2456 5526 2509 5598 vi
2555 5526 2798 5598 nominis
2856 5527 3139 5595 importat,
3174 5525 3698 5598 ipsaque—divinius

421 5592 721 5676 allectuum
780 5592 1027 5676 omnium
1078 5592 1386 5664 principem
1413 5611 1478 5649 ac
1510 5596 1768 5676 fontem,_
1812 5596 1993 5676 ipsum
2094 5592 2228 5676 quid
2258 5603 2316 5674 et
2370 5596 2845 5676 majus'cbaritate
2878 5592 3119 5676 videtur,
3162 5592 3221 5654 ut
3271 5592 3567 5672 Dionysius
3601 5603 3692 5660 De

414 5658 588 5723 Planc
605 5660 1055 5732 insuperabilem,
1071 5658 1139 5724 ex
1171 5658 1281 5735 quo
1299 5674 1586 5734 peccatum
1610 5674 1668 5719 et
1694 5658 1988 5739 injustttia,

2089 5664 2322 5737 \divinis
2356 5664 2673 5721 nominibus
2698 5665 2970 5735 exposuit.
