3990 6176
302 278 405 343 873

1599 272 1766 333 LOCI
1806 272 2241 333 COMMUNES.

3446 270 3551 337 8⁷74

301 409 486 456 τατος,
550 391 778 460 ταμεῖον
824 389 1136 460 ἀφύλακτον
1163 402 1178 417 ⁸
1227 385 1440 441 πολλῶν
1479 386 1872 449 ἀποτεθέντων,

2001 385 2160 451 :ium;
2193 399 2337 454 penu
2364 392 2447 438 est
2481 381 2899 436 incustoditum.
2935 380 3139 451 injecta
3171 377 3224 431 in
3249 393 3375 432 eum
3409 378 3562 432 cibo-

299 483 402 554 τὴν
435 483 536 554 μέν
569 481 774 552 βλάϐην
811 481 1289 552 παρακατέχουσα,
1317 479 1388 535 τὰ
1414 479 1470 532 δὲ
1498 477 1873 549 παραδοθέντα

301 575 364 628 ού
401 573 726 644 κατέχουσα.

376 666 550 736 Δίχνη
593 663 828 735 γαστὴρ,
860 665 894 736 ὴ
919 663 1007 716 ἀεὶ
1037 661 1345 715 ἀπαιτοῦσα
1379 659 1475 714 καὶ
1492 658 1758 730 μηδέποτε
1778 661 1876 732 λή-

304 774 498 826 γουσα.
541 755 608 809 Ἦ
649 756 1002 826 λαμϐάνουσα
1029 755 1292 824 σήμερον,
1335 752 1431 805 καὶ
1459 750 1647 822 αὔριον
1674 750 1876 806 λανθα-

303 848 527 918 νομένη.
559 847 727 900 Ὅταν
781 844 1116 915 ἐμπλησθῇ,
1169 844 1300 914 περ)⁸
1351 841 1678 914 ἐγκρατείας
1717 843 1870 911 φιλο-

306 940 496 1005 σοφεί⁶
556 937 684 990 ὅταν
737 935 1090 1006 διαπνευσθῇ,
1153 932 1571 988 ἐπιλανθάνεται
1632 930 1743 987 τῶν
1787 929 1878 984 δο-

303 1029 554 1098 γμάτων.
825 1011 850 1038 ¹

373 1203 644 1276 Φοϐήθητι
681 1205 741 1258 τὸ
785 1204 1096 1274 ὑπόδειγμα
1140 1204 1234 1258 τοῦ
1287 1204 1566 1258 πλουσίου.
1638 1205 1880 1257 Ἐκεῖνον

304 1295 588 1363 παρέδωκε
609 1294 688 1365 τῷ
710 1296 896 1366 πυρὶή
925 1295 1011 1348 διὰ
1035 1295 1150 1365 βίου
1174 1297 1376 1367 τρυφή.
1407 1297 1480 1349 Ob
1501 1295 1610 1366 γὰρ
1634 1294 1876 1360 ἀδικίαν,

302 1384 438 1437 ἀλλά
470 1386 530 1438 τδ
570 1386 908 1456 ἀδροδίαιτον
931 1385 1240 1455 ἐγκληθεὶς,
1265 1386 1695 1458 ἀπετηγανίζετο
1722 1387 1780 1439 ἐν
1805 1369 1877 1455 *τῇ

304 1478 464 1548 φλογὶ
497 1480 596 1548 τῆς
626 1480 880 1549 καμίνου.

389 1571 484 1624 Ἐκ
513 1570 622 1640 γὰρ
668 1571 769 1640 τῆς
814 1568 1050 1641 παχείας
1084 1570 1288 1641 τροφῆς
1319 1568 1414 1622 καὶ
1447 1568 1614 1633 οίνου,
1647 1563 1880 1620 αίθαλὼ-

300 1664 412 1726 δεις
455 1665 600 1724 τινὲς
652 1661 1048 1732 ἀναθυμιάσεις
1095 1661 1578 1731 ἀναπεμπόμεναι,
1615 1656 1879 1727 ’νεφέλης

298 1753 454 1822 δίκην
483 1751 718 1820 πυκνῆς,
744 1751 843 1814 τὰς
869 1751 978 1804 ἀπὸ
1006 1750 1100 1804 τοῦ
1123 1751 1280 1820 ἁγίου
1329 1749 1651 1820 Πνεύματος
1679 1747 1882 1818 ἐλλάμ-

298 1845 421 1913 ψεις
449 1843 543 1896 ἐπὶ
571 1843 666 1896 τὸν
691 1843 816 1897 νοῦν
839 1843 1214 1897 διακόπτουσι.
1238 1842 1331 1896 Διὸ
1357 1842 1452 1896 καὶ
1476 1839 1720 1909 Μωῦσῆς
1745 1838 1884 1910 πρὸς

303 1932 542 2002 θεωρίαν
591 1931 726 1991 Θεοῦ
785 1933 1096 1987 ἀναϐαίνων
1138 1933 1228 1987 διὰ
1269 1933 1364 1987 τοῦ
1395 1931 1510 1995 νοῦ,
1551 1933 1736 1996 ἄσιτος
1787 1932 1884 1985 καὶ

300 2024 502 2086 ἄποτος
557 2021 783 2096 ἡμερῶν
859 2024 1271 2094 τεσσαράκοντα
1340 2024 1675 2089 διετέλεσεν,
1753 2023 1883 2078 ἀθό-

300 2113 470 2169 λωτον
490 2113 760 2183 διαμένειν
776 2113 929 2184 αὐτῷ
953 2114 1013 2166 τὸ
1035 2112 1362 2185 ἡγεμονικὸν
1383 2112 1776 2183 διοικούμενος.

379 2300 556 2352 Θεολ.
589 2326 661 2336 —
693 2295 933 2358 Ἀὓπνός
963 2296 1077 2348 ἐστι
1117 2296 1213 2349 καὶ
1264 2294 1561 2364 ἀκοὲμητος
1609 2293 1744 2363 πρὸς
1784 2291 1884 2364 τὴν

304 2389 399 2444 τοῦ
433 2389 682 2452 πλείονος
712 2387 1012 2458 ἐπιθυμίαν
1037 2389 1070 2458 ἡ
1103 2385 1420 2460 ἀνθρωπίνη
1451 2385 1631 2454 φύσις.

370 2613 483 2684 Δὸς
513 2609 645 2666 slus
675 2611 927 2682 γαστήρ.
955 2614 1073 2684 Ἦν(
1097 2609 1372 2684 βαβρῦσςι
1400 2608 1753 2684 σιρφρονεῖςν

373 2683 547 2736 Δώσω
568 2679 883 2751 προθύμωςέ
902 2698 918 2712 ν
952 2682 1028 2748 ῆν
1047 2681 1114 2732 δὲ
1139 2679 1261 2746 τοῖς
1277 2681 1432 2734 κάτω
1453 2679 1630 2751 δίδως

374 2749 642 2821 Κύπρον)
674 2749 881 2818 λάϐοις
903 2753 1038 2821 μὲν,
1062 2751 1200 2805 ἀλλ’
1225 2752 1379 2818 ὅμως
1393 2750 1479 2818 μὴ
1502 2749 1831 2821 πλουσίαν.

375 2826 444 2877 Et
480 2822 529 2876 δ’
560 2819 676 2878 οὖν
697 2819 1047 2891 κατάσχοις,
1076 2820 1362 2890 δώσωμεν
1391 2821 1488 2874 καὶ
1521 2820 1849 2874 πλουσίαν.

386 2955 651 3029 Ἀκρασία
666 2957 773 3027 γὰρ
803 2957 948 3027 ἐμοὶ,
975 2958 1082 3010 πᾶν
1112 2955 1172 3010 τὸ
1201 2954 1458 3026 περιττὸν
1488 2954 1584 3008 καὶ
1616 2909 1762 3024 ύπὲρ
1785 2952 1882 3024 τὴν

1981 491 2104 529 rum
2137 476 2297 545 copia
2345 475 2525 530 labem
2565 473 2800 539 retinet;
2853 488 2974 543 qua;
3025 469 3101 526 illi
3147 470 3357 525 credita
3406 479 3558 534 sunt,

1979 583 2090 620 non
2121 575 2323 621 servat.

2048 658 2257 712 Venter
2282 655 2540 727 liguritor
2577 663 2682 719 est,
2714 654 2808 724 qui
2839 669 3059 723 semper
3085 651 3320 722 expetit,
3359 661 3414 708 et
3443 655 3573 708 nul-

1977 750 2092 804 lum
2133 764 2376 819 unquam
2410 748 2574 802 finem
2617 747 2766 801 facit.
2803 745 2908 811 Qui
2948 746 3115 800 sumit
3149 744 3334 808 hodie,
3381 760 3484 800 nec
3511 745 3569 802 in
3645 745 3667 770 ”

1978 839 2281 896 crastinum
2313 839 2586 894 meminit.
2618 838 2754 893 Cum
2786 838 3030 906 repletus
3060 835 3226 890 fuerit
3259 849 3323 888 ac
3355 835 3565 890 disten—

1979 940 2089 994 tus,
2121 929 2189 985 de
2212 929 2572 998 temperantia
2598 936 2654 980 et
2692 925 2872 981 victus
2913 925 3180 994 parcitate
3207 924 3567 994 philosopha-

1978 1030 2100 1087 tur;
2139 1021 2232 1076 ubi
2263 1035 2496 1090 vapores
2525 1018 2869 1081 discusserit,
2902 1032 3094 1071 eorum
3128 1031 3258 1092 “quae
3297 1021 3571 1071 statuerat

1979 1112 2188 1167 oblivio
2218 1112 2387 1166 subit.
2453 1099 2456 1108 ’

2050 1197 2420 1274 Formidabile
2455 1195 2643 1251 divitis
2701 1196 3011 1265 exemplum
3079 1196 3231 1266 (an.
3272 1196 3404 1265 XVI).
3448 1195 3567 1266 lgni

1977 1290 2071 1346 ille
2103 1291 2340 1346 traditus
2372 1299 2458 1345 est
2509 1291 2580 1344 ob
2619 1291 2744 1345 vitaz
2790 1289 3035 1344 delicias.
3081 1289 3245 1342 Nullo
3276 1289 3427 1343 enim
3481 1291 3570 1344 in-

1973 1385 2204 1456 justitiaa
2229 1393 2407 1449 reatu,
2446 1384 2540 1439 sed
2565 1385 2692 1439 vitae
2727 1383 2984 1438 lautioris
3014 1384 3421 1452 luxuriosaaque
3453 1384 3571 1454 pia-

1931 1483 1940 1486 ’
1979 1477 2106 1531 culo
2140 1477 2196 1531 in
2225 1476 2427 1531 camini
2469 1476 2686 1531 ﬂamma
2717 1475 3091 1529 cruciabatur.
3197 1517 3207 1524 .

2051 1569 2131 1623 Ex
2159 1569 2442 1624 crassiore
2462 1568 2586 1623 cibo
2607 1567 2834 1637 vinique
2857 1576 3012 1636 potu,
3041 1565 3320 1635 fuliginosi
3348 1566 3569 1635 quidam

1979 1675 2219 1730 vapores
2261 1660 2486 1725 sublati,
2529 1660 2704 1715 instar
2760 1659 3054 1714 condensa:
3092 1657 3278 1722 nubis,
3329 1658 3572 1728 Spiritus

1912 1731 1954 1786 Β
1983 1752 2158 1806 sancti
2185 1752 2585 1807 illustrationes
2608 1752 2662 1805 in
2696 1750 2939 1804 animam
2964 1749 3327 1820 intercipiunt
3349 1765 3414 1803 ac
3436 1765 3572 1818 prae-

1985 1843 2237 1912 pediunt.
2294 1831 2664 1909 Quamobrem
2707 1841 2874 1896 etiam
2914 1843 3146 1913 Moyses,
3197 1857 3324 1896 eum
3369 1840 3435 1895 ad
3474 1840 3572 1896 Dei

1985 1933 2509 2003 contemplationem
2559 1941 2746 1988 mente
2798 1926 3143 1998 ascenderet,
3180 1932 3299 1987 dies
3339 1933 3575 2002 quadra-

1985 2026 2135 2095 ginta
2166 2025 2375 2094 absque
2402 2024 2526 2079 cibo
2573 2033 2818 2094 potuque
2863 2023 3086 2094 jejunus
3125 2023 3257 2093 egit,
3305 2023 3412 2077 hoc
3445 2023 3573 2077 inde

1985 2125 2262 2186 satagens,
2296 2125 2358 2171 ut
2390 2115 2476 2171 vis
2499 2116 2669 2170 animi
2701 2124 2866 2186 atque
2895 2116 3042 2171 acies
3082 2116 3219 2170 nihil
3245 2116 3324 2170 illi
3354 2116 3573 2171 turbata
3656 2175 3662 2181 ,

1986 2215 2284 2261 constaret.

2056 2299 2590 2370 Theologi.—Nullo
2638 2299 2900 2369 torpescit
2945 2314 3160 2363 somno,
3202 2314 3265 2354 ac
3304 2310 3573 2370 perpetuo

1985 2392 2116 2462 vigil
2153 2400 2239 2447 est
2269 2393 2510 2447 humana
2539 2401 2759 2457 natura,
2790 2393 2982 2447 insana
3006 2391 3231 2462 majoris
3260 2391 3573 2462 compendii

1986 2484 2222 2554 plusque
2262 2484 2507 2539 habendi
2538 2484 2705 2540 fame.

1986 2619 2091 2692 Qa,
2113 2621 2285 2686 inquit
2303 2627 2521 2692 uenter.
2551 2619 2608 2674 Si
2640 2637 2760 2692 cum
2795 2620 3057 2692 acceperis
3091 2620 3354 2692 modestus
3387 2621 3572 2692 fueris,

1986 2689 2235 2760 Prompte
2277 2690 2433 2742 dabo.
2467 2689 2561 2744 Sin
2595 2689 2929 2760 inferioribus
2973 2691 3291 2743 transmittis

1987 2758 2232 2831 §tercus;
2265 2760 2489 2831 accipies
2529 2758 2767 2831 quidem,
2801 2759 2889 2813 sed
2936 2776 3040 2812 non
3073 2760 3350 2831 apulente.

1985 2828 2081 2883 Sin
2129 2830 2398 2895 retinebis,
2439 2828 2686 2899 opulente
2734 2829 2998 2884 dabimus.

2055 2963 2136 3018 Ad
2171 2979 2258 3020 me
2300 2965 2448 3035 quod
2483 2965 2700 3031 attinet,
2737 2965 3134 3023 incontinentia
3160 2976 3244 3022 est
3269 2983 3332 3022 ac
3355 2968 3574 3023 luxuria

300 3048 492 3119 χρείαν
541 3047 864 3112 καὶταῦτα,
909 3047 1208 3101 πεινόντων
1238 3045 1414 3101 ἄλλων
1443 3045 1538 3098 καὶ
1585 3043 1875 3115 δεομένων,

2001 3057 2255 3126 ιυὶᾶῳιίά
2301 3057 2644 3127 superﬂuum
2675 3073 2738 3112 ac
2781 3059 2922 3113 ultra
2952 3059 3155 3130 justam
3185 3060 3572 3115 necessitatem

299 3141 408 3195 τῶν
435 3142 503 3194 ἐκ
539 3139 634 3194 τοῦ
666 3139 834 3194 αὐτοῦ
872 3138 1046 3206 πηλοῦ
1075 3138 1170 3193 καὶ
1197 3138 1504 3208 κράματος.

371 3321 539 3376 οὐδὲν
598 3320 742 3376 οὕτω
780 3321 1053 3392 ἐπίμαχόν
1092 3337 1151 3373 τε
1187 3318 1283 3373 καὶ
1336 3318 1664 3387 φιλόνεικον,
1718 3317 1793 3380 ὡς
1842 3318 1876 3387 ἡ

300 3417 536 3485 γαστήρ.

369 3510 638 3575 Χρυσοσ.
692 3537 762 3548 —
804 3503 998 3574 Φαγὼν
1030 3503 1126 3558 καὶ
1165 3503 1307 3557 πιὼν
1361 3502 1457 3557 καὶ
1517 3501 1876 3572 ἐμπλησθεὶς,

299 3600 538 3670 πρόσεχε
597 3598 832 3669 σεαυτῷ.
890 3599 1277 3669 Ἀπόκρημνος
1314 3598 1425 3668 γάρ
1469 3599 1620 3650 ἐστιν
1647 3599 1675 3649 ὁ
1715 3595 1880 3658 τόπος

297 3691 396 3760 τῆς
438 3689 676 3762 τρυφῆς.

384 3781 494 3836 Ἰω.
516 3782 690 3850 Κλίμ.
717 3811 788 3822 -
817 3779 1154 3849 Θλιόομένης
1188 3778 1394 3843 κοιλίας
1432 3779 1500 3850 (ν)
1524 3779 1880 3835 ταπεινοῦται

300 3873 497 3944 καρδία
527 3891 541 3906 ·
574 3873 1023 3944 θεραπευομένης
1049 3873 1128 3938 δὲ,
1178 3874 1385 3943 γαυριᾷ
1421 3871 1700 3941 λογισμός.

371 4050 572 4103 Νυσσ.
608 4079 680 4088 -
712 4048 882 4118 Ὀψον
938 4064 1020 4101 σοι
1055 4045 1298 4115 γενέσθω
1327 4045 1502 4100 ἔνδεια
1527 4061 1540 4075 °
1579 4044 1684 4098 καὶ⁸
1711 4043 1771 4097 τὸ
1804 4041 1880 4116 μὴ

300 4140 616 4194 ἐπιϐάλλειν
676 4139 837 4211 κόρον
892 4137 970 4210 τῷ
1003 4139 1175 4210 κόρῳ,
1239 4138 1376 4210 μηδὲ
1440 4136 1738 4208 ἀμϐλύνειν
1809 4139 1877 4208 τῇ

299 4233 586 4306 κραιπάλῃ
620 4233 715 4304 τὴν
745 4233 945 4304 ὄρεξιν.

383 4324 536 4390 Ῥίζα
571 4325 682 4378 τῶν
727 4326 855 4396 περὶ
889 4325 985 4379 ,τὸν
1016 4324 1130 4394 βίον
1177 4322 1674 4395 πλημμελημάτων
1705 4321 1874 4388 ἐστὶν,

299 4417 332 4488 ἡ
361 4417 491 4486 περὶ
527 4416 618 4468 τὸν
649 4416 848 4486 λαιμὸν
881 4417 1127 4488 ἀσχολία.

366 4509 544 4580 Μέχρι
579 4509 679 4579 τῆς
717 4507 975 4579 ύπερίὓας
1005 4512 1038 4580 ἡ
1077 4509 1184 4564 τῶν
1241 4508 1568 4579 ἡδυσμάτων
1621 4513 1877 4586 αἴσθησις

297 4600 390 4652 τὸν
418 4601 542 4671 ὅρον
570 4600 716 4670 ἔχει·
770 4601 879 4654 ἀπὸ
927 4601 984 4655 δέ
1038 4600 1322 4671 ὑπερώας,
1359 4600 1676 4673 ἀδιάκριτος
1708 4607 1741 4676 ἡ
1771 4605 1880 4658 τῶν

299 4691 725 4762 ἐμϐαλλομένων
749 4693 1006 4763 διαφορὰ,
1034 4693 1315 4762 ὁμοτίμως
1344 4692 1410 4746 τὰ
1439 4694 1617 4748 πάντα
1643 4695 1747 4766 τῆς
1777 4696 1879 4766 φύ-

302 4802 437 4847 σεως
467 4788 603 4856 πρὸς
629 4786 895 4839 δυσωδίαν
925 4785 1268 4856 ἀλλοιούσης.

371 4879 764 4974 Φίλωνος..-
811 4880 1170 4951 Ἐγκρατείας
1207 4880 1306 4951 μὲν
1349 4879 1500 4944 ἴδιον,
1553 4881 1740 4950 ὑγίεια
1784 4884 1878 4939 καὶ

367 5115 443 5184 (r)
480 5114 846 5186 Θλιόομένης
869 5119 1126 5190 κοιλίας.
1161 5117 1442 5190 Sententia
1482 5118 1715 5174 Climaci
1750 5120 1868 5190 ipsa

294 5190 746 5258 aperta,rventris
779 5189 1130 5243 alllictatione
1192 5189 1444 5258 maloque
1484 5190 1705 5255 inediae,
1748 5189 1868 5245 ani-

295 5273 444 5312 mum
466 5257 531 5310 ad
551 5259 922 5313 humilitatem
941 5261 1085 5328 cogi,
1101 5259 1328 5328 ejusque
1346 5257 1866 5324 I'uxuriaetdeliciis,

294 5328 369 5402 ad
411 5329 946 5402 superbiamﬂerigi;
981 5328 1144 5402 idque
1184 5328 1484 5402 Scripturae
1517 5331 1726 5402 phrasi,
1761 5347 1868 5402 qua

293 5397 556 5470 iubemur
582 5397 1120 5470 humiliare'animas
1145 5397 1364 5455 nostras
1391 5400 1445 5453 in
1471 5397 1704 5470 jejunio,
1754 5397 1867 5457 e'tc.

292 5468 500 5522 absone
541 5469 699 5540 plane
725 5468 891 5524 Gesn.
916 5471 1029 5526 sive
1057 5471 1236 5540 (cujus
1267 5470 1358 5524 ille
1388 5468 1700 5525 versionem
1730 5472 1870 5527 inta-

292 5546 436 5592 ctam
470 5539 662 5611 voluit)
691 5539 991 5606 Ribbitius,
1029 5539 1262 5597 Onerato
1324 5550 1516 5611 ventre,
1553 5541 1871 5611 deprimitur

288 5623 419 5681 cor:
447 5609 493 5661 si
515 5621 692 5681 autem
718 5611 854 5663 ratio
879 5611 991 5680 ejus
1040 5611 1317 5676 habeatur,
1366 5610 1598 5664 exsultat
1620 5609 1688 5665 ac
1714 5615 1868 5681 gestit

287 5679 522 5735 animus.
554 5680 696 5749 Ergo
739 5679 1016 5734 θλίϐεσθαι
1045 5691 1102 5737 et
1126 5681 1323 5751 θλίψις,
1368 5697 1589 5736 onerare
1617 5690 1672 5738 et
1699 5679 1872 5737 onus?

455 5773 727 5836 PATBOL.
762 5773 1069 5871 Gn..XCl.

1983 3157 2068 3201 est
2097 3166 2110 3200 :
2137 3149 2301 3219 idque
2326 3165 2451 3204 cum
2479 3149 2570 3204 alii
2601 3151 2850 3205 esuriant
2871 3167 2935 3207 ac
2958 3159 3203 3222 egestate
3232 3163 3572 3222 premantur,

1981 3241 2144 3312 612
2181 3243 2272 3311 qui
2301 3257 2366 3298 ex
2395 3243 2590 3298 eodem
2625 3245 2743 3299 luto
2768 3260 3056 3315 massaque
3110 3247 3357 3304 concreti
3386 3257 3534 3303 sunt.

2053 3332 2201 3387 Nihil
2245 3341 2354 3388 tam
2391 3335 2800 3391 contentiosum
2832 3345 2887 3392 et
2926 3353 3162 3407 pronum
3205 3339 3270 3394 ad
3321 3341 3468 3408 lites,
3511 3357 3576 3398 ac

1982 3422 2200 3478 venter.

2055 3514 2478 3586 Cltrys.—Cum
2510 3517 2817 3572 comederis
2855 3527 3022 3588 atque
3050 3519 3262 3575 biberis
3289 3497 3572 3592 fuerisq.ue

1983 3617 2284 3672 saturatus,
2317 3610 2541 3664 attende
2572 3610 2673 3664 tibi
2693 3618 2750 3665 et
2783 3620 2980 3666 cautus
3003 3622 3122 3667 esto
3151 3631 3163 3667 :
3199 3617 3402 3669 etenim
3433 3633 3572 3687 prae-

1981 3714 2113 3768 ceps
2144 3698 2469 3754 deliciarum
2501 3701 2679 3756 locus.

2053 3789 2296 3851 Climaci.
2320 3792 2558 3846 —lnter
2583 3793 2795 3848 ventris
2835 3795 3116 3865 angustias
3149 3797 3377 3869 ejusque
3410 3816 3568 3870 pres-

1983 3897 2133 3945 sura,
2165 3897 2262 3937 cor
2285 3883 2642 3950 humiliatur;
2677 3886 2826 3942 illius
2849 3903 2979 3943 vero
3006 3890 3291 3946 curatione
3319 3895 3571 3964 superbit

1983 3988 2218 4028 animus.

2051 4064 2608 4136 Nyssen.—-0bsonii
2641 4069 2762 4124 loco
2799 4070 2899 4125 tibi
2931 4071 3000 4126 sit
3049 4072 3272 4143 inopia;
3323 4084 3380 4129 et
3420 4078 3567 4149 quod

1983 4153 2291 4208 satietatem
2321 4157 2574 4212 satietate
2599 4173 2708 4214 non
2737 4161 3005 4227 cumules,
3035 4177 3138 4218 nec
3161 4165 3438 4235 appetitus
3467 4168 3567 4223 he-

1983 4243 2208 4316 betetur
2249 4263 2350 4316 per
2389 4250 2694 4318 crapulam.

2052 4336 2231 4392 Radix
2269 4354 2543 4406 errorum,
2583 4343 2678 4412 qui
2711 4343 2766 4398 in
2794 4343 2904 4398 vita
2945 4357 3259 4417 versantur,
3303 4360 3389 4405 est
3429 4353 3568 4423 gula:

1909 4416 1951 4470 Ῐ)
1982 4427 2248 4484 studium.

2057 4520 2551 4580 Condimentorum
2589 4542 2786 4589 sensus
2806 4527 2874 4582 ad
2906 4531 3146 4599 palatum
3183 4549 3357 4604 usque
3385 4539 3568 4592 termi-

1977 4619 2145 4666 natur
2179 4631 2190 4666 :
2225 4614 2489 4686 deinceps
2509 4633 2640 4671 vero
2665 4633 2859 4672 eorum
2885 4637 3008 4690 qua:
3039 4621 3380 4693 injiciuntur,
3414 4629 3561 4682 nulla

1943 4704 2265 4782 \discretio,
2307 4719 2505 4764 cuncta
2549 4725 2614 4764 ex
2645 4726 2803 4781 aequo
2845 4712 2897 4765 in
2934 4722 3124 4783 putres
3171 4714 3330 4770 faeces
3361 4716 3561 4772 immu-

1975 4801 2144 4850 tante'
2162 4807 2382 4853 natura.

2048 4888 2308 4945 Philonis.
2331 4923 2400 4931 —
2423 4891 2769 4964 Temperata:
2801 4895 2983 4952 victus
3006 4898 3225 4964 rationi,
3251 4915 3435 4955 comes
3470 4917 3561 4956 sa-

1851 5029 2059 5088 NOTIE

1976 5123 2170 5200 Quale,
2235 5129 2408 5200 rogo?
2446 5128 2989 5184 escarumhe?lstud
3044 5146 3207 5200 quam
3264 5133 3472 5189 morale
3501 5142 3558 5189 et

1979 5196 2206 5266 dignum
2255 5196 2524 5261 Climaco,
2580 5201 2946 5254 severissimae
2972 5196 3280 5271 disciplina:
3309 5203 3552 5266 homine,

1976 5282 2108 5322 cura
2129 5271 2349 5344 ventris
2380 5271 2659 5344 exsultare
2701 5278 2758 5324 et
2810 5271 3009 5344 gestire
3062 5272 3342 5344 animum;
3400 5275 3553 5344 quasi

1973 5352 2092 5413 eam
2127 5339 2220 5413 ill_e_
2249 5355 2434 5394 curam
2461 5341 2710 5403 suadeat,
2738 5355 2800 5394 ac
2824 5341 2867 5395 si
2885 5340 3008 5413 tere
3028 5342 3276 5398 medicus
3305 5339 3556 5413 praescri-

1974 5407 2076 5482 bat
2101 5410 2348 5482 cceliaco,
2376 5426 2483 5465 non
2517 5427 2621 5480 qua
2652 5425 2853 5482 corpus
2884 5411 3047 5475 levet,
3071 5413 3165 5467 sed
3179 5429 3286 5482 qua
3305 5407 3554 5470 animum

1974 5478 2278 5554 didi-adat;
2304 5498 2413 5554 non
2455 5478 2627 5554 magis
2675 5478 2856 5554 ab'gea
2891 5492 3132 5554 revocet,
3184 5478 3344 5552 quasi
3401 5485 3554 5539 Pauli

1973 5550 2179 5626 verbis,
2227 5550 2418 5626 Carnis
2443 5550 2626 5606 curam
2657 5567 2720 5604 ne
2766 5552 3010 5622 feceritis,
3052 5563 3112 5608 ut
3150 5550 3333 5609 animo
3365 5570 3558 5626 super»

1975 5620 2120 5676 biam
2149 5621 2423 5680 detrahat.

3089 5776 3168 5839 ‘28
