3990 6176
350 269 455 335 877

1653 252 1824 313 LOCI
1862 250 2298 312 COMMUNES.

3497 252 3605 320 878

419 371 934 444 Σολομ.-Ὠσπερ
960 369 1060 440 σὴς
1085 365 1374 440 ἱματίῳ(ε)
1403 361 1499 417 καλ⁸
1522 361 1738 432 σκώληξ
1763 359 1926 431 ξύλῳ,

2102 360 2260 414 Prov.
2300 374 2424 424 xxv,
2487 355 2578 410 20.
2633 387 2704 395 —
2749 353 2904 409 Sicut
2969 353 3116 409 tinea
3168 351 3496 408 vestimento
3551 365 3609 410 et

350 468 496 523 οὕτω
525 466 673 536 λύπη
705 463 901 534 ἀνδρὸς
931 461 1163 531 βλάπτει
1187 458 1437 530 καρδίαν.

422 559 607 630 Σιρὰχ
627 554 966 623 λη’.-Ἀπὸ
989 552 1166 624 λύπης
1190 549 1434 605 ἐκϐαίνει
1455 547 1704 610 θάνατος’
1731 545 1825 599 καὶ
1846 544 1938 598 λύ-

350 670 430 724 πη
459 650 686 722 καρδίας
717 643 926 718 κάμψει
955 645 1126 716 ἰσχύν.

424 740 767 797 Βασιλείου.
793 771 862 781 -
885 739 1099 809 Ὠσπερ
1130 735 1180 789 oi
1211 731 1492 804 σκώληκες
1517 732 1630 795 τοῖς
1651 727 1938 784 ἁπαλωτέ-

358 852 472 906 ροις
501 836 612 887 τῶν
644 833 817 897 ξύλων
841 831 1180 884 ὲντίκτονται
1208 826 1466 895 μάλιστα,
1495 823 1668 887 οὕτως
1695 823 1750 875 αί
1771 820 1940 875 λύπαι

352 929 468 990 τοῖς
500 923 914 996 μαλακωτέροις
947 921 1103 992 ἤθεσι
1136 919 1245 972 τῶν
1277 916 1582 988 ἀνθρώπων
1611 914 1934 984 ἐμφύονται.

439 1018 498 1072 '0
526 1017 704 1085 λέγων
736 1015 810 1088 μὴ
839 1014 1072 1084 πρέπειν
1103 1009 1180 1080 τῷ
1206 1009 1400 1078 δικαίῳ
1428 1007 1530 1078 τὴν
1559 1005 1760 1075 θλίψιν,
1790 1003 1940 1057 οὐδὲν

354 1109 544 1180 ἓτερον
573 1107 744 1175 λέγει,
775 1106 809 1176 ἢ
847 1103 922 1175 μὴ
946 1100 1210 1174 ἁρμόζειν
1240 1099 1317 1170 τῷ
1339 1098 1546 1170 ἀθλητῇ
1574 1097 1667 1151 τὸν
1693 1097 1940 1164 ἀνταγω-

356 1214 568 1251 νιστην.

427 1199 748 1355 ἓέἔᾷόγου.
796 1313 860 1324 -
897 1282 1058 1353 Φέρει
1090 1277 1451 1351 παραμυθίαν
1486 1275 1794 1347 ὀδυνομένῳ
1823 1293 1941 1328 κοι-

353 1377 524 1432 νωνία
557 1375 664 1429 τῶν
697 1371 1042 1443 στεναγμῶν.

429 1469 592 1522 Ἐστι
623 1467 754 1519 ποτὲ
785 1465 984 1537 ἡδονῆς
1013 1463 1178 1544 λύπη,
1191 1462 1521 1532 τιμιωτέρα,
1549 1459 1644 1513 καὶ
1669 1460 1942 1530 κατήφεια

356 1555 750 1626 πανηγύρεωςθ
804 1554 902 1607 καὶ
934 1552 1171 1622 γέλωτος
1205 1553 1266 1605 ού
1295 1551 1484 1619 καλοῦ,
1514 1550 1750 1620 δάκρυον
1779 1551 1941 1602 ἐπαι-

355 1647 528 1702 νετόν.

2036 451 2430 521 veruiisligno,
2460 448 2540 504 sic
2567 447 2792 503 tristitia
2825 445 2928 500 viri
2954 452 3117 500 nocet
3147 442 3300 499 cordi

2108 542 2269 598 Eccli.
2303 557 2519 605 xxxvi",
2551 539 2640 594 19.
2673 568 2743 578 -—
2773 537 2853 592 Ex
2883 536 3106 592 tristitia
3139 536 3397 606 provenit
3421 552 3608 605 mors;

2035 643 2094 692 et
2123 635 2347 690 tristitia
2365 634 2550 689 cordis
2580 633 2692 688 vim
2721 630 2925 686 ﬂectet.

2107 725 2314 781 Basilii.
2346 754 2414 764 ——-
2454 721 2927 790 Quemadmodum
2971 721 3250 778 teredines
3317 723 3613 778 teneriori-

2037 816 2145 872 bus
2199 815 2363 886 lignis
2418 814 2655 869 maxime
2711 812 3109 879 innascuntur;
3169 814 3250 868 sic
3275 814 3501 868 tristitia
3547 829 3613 870 ac

2037 905 2194 962 dolor
2226 903 2573 959 mollioribus
2605 901 2891 957 hominum
2924 902 3126 956 animis
3150 918 3215 958 ac
3247 902 3504 975 ingeniis.

2107 996 2212 1063 Qui
2241 1004 2403 1066 negat
2432 995 2630 1050 decere
2650 995 2885 1064 justum,
2904 993 3052 1062 quod
3087 993 3359 1064 amigitac
3379 996 3613 1060 cruciat,

2037 1089 2178 1145 nihil
2232 1087 2382 1142 aliud
2448 1085 2616 1151 dicit,
2658 1100 2825 1156 quam
2875 1084 2921 1138 si
2979 1083 3200 1140 athleta:
3236 1085 3613 1140 adversarium

2040 1181 2232 1237 deesse
2266 1179 2607 1236 conveniens
2651 1185 2876 1233 statuat.

2112 1271 2372 1343 Theologi.
2402 1302 2469 1312 —
2498 1269 2828 1325 Communio
2846 1275 2903 1324 et
2939 1268 3179 1324 societas
3209 1268 3416 1330 luctus,
3441 1267 3491 1322 ei
3522 1281 3616 1322 so-

2040 1365 2174 1420 latio
2202 1372 2309 1428 est,
2341 1363 2436 1434 qui
2475 1363 2530 1417 in
2555 1361 2748 1417 dolore
2775 1361 2908 1431 agit.

2113 1456 2359 1511 Tristitia
2380 1455 2710 1525 quandoque
2757 1448 3037 1522 voluptate
3085 1449 3454 1521 praestabilior
3509 1460 3614 1514 est,

2041 1547 2346 1616 festivaque
2375 1544 2724 1617 jucunditate
2757 1543 3022 1599 maestitia
3058 1559 3071 1595 :
3101 1542 3398 1598 inhonesto
3456 1542 3619 1597 deni-

2042 1653 2151 1709 que
2182 1637 2295 1692 risu
2322 1636 2587 1690 mcliorcs
2615 1634 2923 1688 laudabiles
2949 1634 3225 1703 lacrymae.

425 1741 588 1808 Μέγα
603 1737 713 1808 γάρ
734 1737 793 1791 τδ
816 1735 964 1808 παρὰ
989 1733 1396 1802 συναλγούντων
1417 1735 1728 1805 φάρμακον.
1753 1733 1815 1787 Οί
1833 1731 1933 1803 γὰρ

2112 1728 2365 1798 Magnum
2388 1728 2597 1782 scilicet
2630 1726 2699 1781 ab
2716 1727 2797 1780 eis
2833 1724 3161 1788 remedium,
3186 1721 3279 1792 qui
3312 1721 3432 1792 pari
3469 1728 3620 1776 sorte

354 1829 419 1884 τὸ
449 1824 566 1885 ῐσον
609 1828 705 1884 τοῦ
741 1829 945 1892 πάθους
974 1827 1189 1898 ἔχοντες
1209 1866 1224 1892 ,
1273 1826 1434 1880 πλέον
1465 1827 1604 1880 εἰσὶν
1648 1827 1730 1889 είς
1760 1842 1941 1895 παρα-

361 1923 557 1992 μυθίαν
588 1924 700 1986 τοῖς
729 1921 1052 1992 πάσχουσιν.

407 2012 728 2084 Ἰρυσόστ.
746 2014 1035 2084 -Καιρδς
1064 2012 1320 2084 ἀθυμίας,
1355 2012 1454 2082 οὐχ
1481 2012 1609 2067 ὅταν
1640 2012 1940 2082 πάσχωμεν

360 2107 570 2171 κακῶς,
601 2105 861 2160 ἁλλ’ὅταν
885 2105 1102 2176 δρῶμεν
1131 2103 1339 2167 κακῶς.
1521 2125 1533 2140 κ

428 2282 770 2351 Πλουτάρχ.
824 2311 894 2323 --
943 2282 1095 2336 Ὀδὺν
1147 2283 1246 2353 μὲν
1309 2283 1409 2354 τὴν
1455 2280 1740 2352 λειοτάτην
1787 2280 1943 2334 ἐκλέ-

358 2375 573 2444 γεσθαι·
615 2373 728 2444 βίον
757 2373 835 2437 δὲ,
867 2373 960 2427 τὸν
989 2375 1348 2439 ἀλυπότατον.

438 2545 825 2609 Ἐπενδύεσθαι
850 2553 958 2619 δεῖ,
1008 2550 1086 2623 τῷ
1115 2551 1214 2623 μὲν
1244 2550 1472 2622 θώρακι,
1501 2549 1730 2621 χιτῶνα·
1787 2551 1852 2620 τῇ
1887 2548 1945 2602 δὲ

361 2646 533 2718 λύπῃ,
564 2647 712 2701 νοῦν.

434 2738 768 2807 Σωκράτης.
794 2736 1230 2808 -Ἐρωτηθεὶς,
1261 2736 1326 2789 Τί
1349 2734 1509 2788 λύπει
1532 2735 1660 2799 τοὺς
1678 2732 1942 2803 ἀγαθοὺς,

363 2825 533 2895 εἶπεν,
570 2829 802 2900 Εὐτυχία
833 2828 1104 2899 πονηρῶν.

446 2921 502 2982 Ὁ
531 2921 692 2983 αὐτὸς
733 2919 1032 2992 ἐρωτηθεὶς
1052 2959 1068 2985 ,
1119 2918 1245 2983 Πῶς
1275 2919 1340 2974 ἄν
1377 2935 1461 2980 τις
1487 2916 1712 2979 ἀλύπως
1741 2917 1942 2984 διάγει,

360 3009 532 3064 Τοῦτο
560 3011 843 3076 ἀδύνατον,
876 3007 1029 3064 εἶπεν
1055 3025 1070 3042 ο
1125 3010 1186 3063 οὐ
1223 3009 1334 3080 γάρ
1367 3010 1484 3061 ἐστι
1519 3008 1672 3060 πόλιν
1701 3006 1734 3078 ἢ
1765 3007 1944 3060 οἰκίαν

355 3101 610 3155 οἰκοῦντα
643 3102 738 3155 καὶ
769 3100 1092 3173 ἀνθρώπους
1119 3097 1412 3170 ὁμιλοῦντα
1449 3098 1526 3170 μὴ
1553 3095 1859 3152 λυπεῖσθαι.

427 3367 677 3422 Aetnam.
700 3396 771 3408 -—
795 3365 966 3420 Τοῦτο
989 3365 1100 3437 γὰρ
1124 3366 1255 3420 ἴδιον
1280 3365 1391 3420 τῶν
1413 3365 1731 3438 ὀφθαλμῶν,
1757 3367 1815 3421 ἐν
1831 3369 1945 3432 τοῖς

362 3458 620 3530 μεγάλοις
671 3460 860 3521 κακοῖς
914 3457 990 3529 μὴ
1037 3459 1253 3527 ὲκχέειν
1301 3457 1569 3526 δάκρυον·
1623 3459 1682 3511 ὲν
1722 3458 1780 3511 δὲ
1821 3461 1940 3524 ταῖς

366 3552 616 3633 μετρίαις
646 3553 983 3622 συμφοραῖς,
1037 3550 1288 3619 ἀφθόνως
1317 3550 1385 3604 τὰ
1411 3550 1626 3624 δάκρυα
1653 3553 1938 3624 καταρρεῖ.

427 3731 688 3798 Χαρακλ.
726 3759 796 3769 -
831 3727 1102 3791 Πολλάκις
1133 3726 1243 3798 γὰρ
1274 3727 1336 3780 τὸ
1363 3728 1541 3798 χαρᾶς
1571 3728 1938 3798 ύπερδάλλον,

357 3822 437 3884 είς
461 3821 706 3890 ἀλγεινὸν
735 3821 1071 3891 περιίστησιο
1108 3819 1203 3872 καὶ
1231 3818 1334 3889 τῆς
1358 3818 1552 3888 ἡδονῆς
1585 3819 1646 3871 τὸ
1675 3818 1937 3892 ἄμετρον,

355 3912 692 3966 ὲπίσπαστον
723 3911 902 3982 λύπην
931 3911 1210 3979 ἐγέννησε.

421 4101 729 4170 Μοσχίων.
762 4129 830 4141 -
868 4098 1137 4151 Ἔπεσθαι
1192 4098 1304 4159 τοῖς
1348 4099 1602 4166 τερπνοῖς
1640 4096 1802 4150 εἴωθε
1841 4096 1936 4151 καὶ

352 4190 423 4244 τὰ
452 4190 696 4259 λυπηρά.
1035 4186 1040 4192 ’

422 4280 764 4349 Δημὼνακτ.
814 4311 885 4323 --
945 4280 1037 4332 Δεῖ
1088 4277 1280 4350 ὥσπερ
1331 4279 1551 4348 φορτίον
1606 4277 1706 4350 τὴν
1756 4278 1933 4350 λύπην

350 4373 705 4443 ἀναθέμενον,
742 4372 817 4443 μὴ
847 4372 1070 4424 στέοντα
1099 4369 1402 4444 [στένοντα]
1435 4371 1645 4443 φέρειν.

420 4466 665 4532 Χαρικλ.
698 4495 770 4506 —
813 4463 879 4516 Οἱ
906 4462 1184 4534 ἄνθρωποι
1213 4462 1419 4532 τάφους
1447 4462 1546 4532 μὲν
1583 4463 1926 4516 κατασκευά-

351 4555 504 4620 ζουσι
538 4559 631 4609 καὶ
661 4557 890 4624 ἐντάφια
926 4555 1116 4624 ῶσπερ
1149 4555 1436 4626 μέλλοντες
1463 4555 1645 4618 αὐτοῖς
1671 4555 1928 4625 χρῆσθαι·

351 4647 585 4716 ἀφοϐίαν
610 4647 667 4700 δὲ
697 4648 792 4702 καὶ
819 4648 1056 4703 ἀλυπίαν
1083 4648 1182 4720 τὴν
1213 4649 1342 4720 περὶ
1363 4648 1458 4702 τοῦ
1483 4647 1712 4702 θανάτου
1741 4643 1931 4722 χρή-

357 4754 562 4804 σονται,
594 4739 656 4792 οὐ
687 4739 1225 4811 παρασκευάζονται.

427 4924 724 4993 Θεοπόμπ.
777 4954 846 4966 ——
901 4925 968 4976 Εῐ
1012 4940 1095 4987 τις
1145 4901 1374 4976 πλεῖστα
1423 4920 1532 4974 τῶν
1575 4892 1932 4990 ἀγαθῶν-κε-

351 5031 455 5087 κτη
465 5017 623 5087 μένος
659 5019 797 5088 μετὰ
826 5019 922 5072 τοῦ
953 5017 1243 5071 λυπεῖσθαι
1269 5017 1447 5085 διάγει
1477 5015 1568 5069 τὸν
1596 5015 1731 5085 βίον,
1759 5017 1934 5070 ἁπάν-

349 5123 459 5161 των
491 5110 558 5164 ἂν
586 5113 672 5179 εἵη
709 5111 804 5163 καὶ
831 5112 941 5165 τῶν
970 5110 1140 5164 ὄντων
1175 5109 1270 5164 καὶ
1293 5109 1406 5162 τῶν
1437 5108 1710 5178 ἐσομένων
1734 5107 1932 5162 ἀθλιώ-

345 5217 400 5252 es
410 5217 524 5271 ρος.

2041 1821 2250 1876 dolent.
2281 1819 2386 1886 Qui
2411 1820 2560 1875 enim
2585 1818 2872 1888 aequaliter
2917 1817 3192 1880 laborant,
3229 1815 3354 1885 plus
3405 1811 3620 1884 aliquid

2011 1910 2425 1965 ‘laborantibus
2443 1909 2624 1964 solatii
2653 1907 2852 1962 afferre
2872 1914 3124 1978 possunt.

2113 2001 2300 2072 Chrys.
2352 2032 2422 2042 —
2451 2000 2609 2054 Tunc
2657 2000 2920 2054 nimirum
2973 1997 3295 2068 indulgendi
3343 1996 3621 2053 mmstitia:

2045 2102 2262 2162 tempus
2274 2101 2378 2159 est,
2406 2107 2519 2147 non
2553 2106 2681 2146 cum
2699 2091 2854 2146 malis
2877 2089 3168 2156 allieimur,
3196 2088 3292 2145 sed
3317 2103 3444 2143 eum
3475 2089 3621 2144 mala

2043 2192 2346 2255 patramus.

2112 2276 2411 2331 Plutarchi.
2437 2305 2508 2316 --
2548 2274 2648 2328 Via
2685 2273 2912 2344 quidem
2950 2270 3206 2346 eligenda
3261 2269 3619 2341 planissima;

2043 2367 2160 2421 vita
2181 2365 2347 2438 614
2365 2381 2519 2431 vero,
2547 2382 2578 2420 a
2602 2365 2794 2420 dolore
2819 2378 2882 2419 ac
2912 2362 3187 2418 maestitiae
3245 2377 3411 2417 sensu
3441 2376 3622 2417 remo-

2045 2458 2277 2513 tissima.

2116 2547 2354 2602 Thoraci
2394 2547 2656 2610 tunicam,
2694 2545 2866 2600 menti
2913 2544 3197 2601 tristitiam
3253 2542 3624 2614 superindua-

2046 2654 2169 2694 mus
2200 2655 2385 2710 operae
2413 2640 2650 2710 pretium
2693 2648 2799 2694 est.

2109 2731 2325 2786 ,Socrat.
2357 2762 2429 2772 -—
2451 2733 2692 2802 Rogatus
2724 2730 2982 2785 Socrates
3009 2747 3022 2783 :
3055 2727 3196 2796 Quid
3248 2726 3413 2783 bonis
3448 2725 3623 2781 mole—

2046 2831 2194 2878 stum
2229 2823 2337 2878 sit:
2368 2822 2659 2886 Malorum,
2693 2822 2893 2891 inquit,
2927 2819 3286 2890 prosperitas.

2114 2915 2265 2970 Idem
2294 2922 2538 2985 rogatus,
2571 2929 2678 2984 qua
2703 2911 2829 2983 quis
2847 2913 3062 2967 ratione
3087 2925 3118 2965 a
3149 2908 3369 2965 tristitia
3417 2907 3621 2962 immu-

2049 3006 2136 3061 nis
2163 3014 2314 3077 agat:
2342 3006 2470 3071 Res,
2505 3005 2705 3075 inquit,
2727 3015 2814 3060 est
2843 3002 3225 3073 impossibilis.
3257 3001 3446 3071 Neque
3472 3001 3622 3055 enim

1959 3081 2000 3138 C
2036 3095 2152 3151 ﬁeri
2203 3103 2386 3166 potest
2421 3104 2481 3151 ut
2531 3095 2657 3166 quis
2698 3095 2757 3150 in
2807 3095 2968 3161 urbe,
3021 3104 3119 3149 aut
3150 3094 3300 3149 domi
3331 3102 3611 3159 versetur,

2039 3185 2442 3258 hominumque
2473 3187 2879 3243 consuetudine
2940 3195 3149 3254 utatur,
3209 3195 3267 3242 et
3317 3203 3348 3242 a
3395 3186 3623 3242 tristitia

2043 3279 2308 3336 immunis
2334 3282 2568 3336 exsistat
2589 3296 2769 3350 neque
2799 3281 3005 3336 doleat.
3050 3299 3052 3304 ’

2116 3369 2411 3439 Leucippus.
2443 3369 2561 3424 lIoc
2590 3370 2740 3438 enjm
2772 3369 3062 3424 oculorum
3108 3368 3419 3439 proprium,
3450 3377 3512 3423 ut
3564 3369 3620 3426 in

2047 3461 2258 3530 magnis
2291 3461 2450 3516 malis
2479 3462 2752 3532 lacrymas
2781 3476 2894 3516 non
2927 3460 3244 3525 eﬂ'undant;
3277 3459 3331 3516 iu
3387 3459 3621 3516 minori-

2045 3551 2150 3605 bus
2180 3565 2364 3605 autem
2397 3558 2452 3604 et
2491 3567 2614 3622 quae
2636 3567 2746 3606 non
2784 3566 3016 3622 prorsus
3040 3551 3338 3614 excedant,
3399 3551 3622 3620 copiose

2044 3641 2154 3696 illis
2185 3641 2522 3712 indulgeant.

2116 3731 2364 3788 Characl.
2396 3763 2466 3775 —
2501 3731 2655 3786 Haud
2691 3745 2818 3786 raro
2854 3744 3094 3801 namque
3123 3730 3405 3787 excellens
3430 3733 3622 3803 longe-

2043 3841 2154 3896 que
2187 3833 2453 3895 praestans
2473 3823 2758 3895 gaudium,
2781 3824 2839 3878 in
2869 3823 3079 3878 doloris
3099 3838 3324 3878 sensum
3343 3824 3615 3890 vertitur;

2042 3927 2101 3974 et
2131 3933 2254 3990 quae
2271 3917 2497 3973 modum
2518 3917 2730 3974 nesciat
2756 3919 3031 3988 voluptas,
3066 3915 3344 3970 tristitiam
3375 3931 3483 3970 una
3520 3932 3617 3971 co-

2040 4011 2232 4066 mitem
2264 4010 2458 4064 trahit.

2111 4103 2400 4158 Moschion.
2431 4129 2494 4144 --
2525 4100 2664 4158 Cum
2691 4102 2770 4157 .iis
2796 4115 2920 4172 quae
2951 4109 3205 4155 recreant
3233 4101 3441 4170 pariter
3455 4101 3613 4171 sequi

2037 4202 2467 4260 consueverunt,
2500 4209 2621 4264 qum
2645 4195 2875 4250 molesta
2899 4201 3048 4248 sunt.

2108 4285 2421 4342 Demonact.
2471 4314 2543 4324 —
2601 4285 2852 4341 Tristitia
2909 4284 3064 4340 velut
3117 4298 3260 4338 onus
3332 4284 3614 4354 quoddam

1965 4382 2006 4438 D
2035 4379 2355 4450 impositum
2382 4376 2530 4432 haud
2558 4376 2729 4433 invite
2753 4377 2981 4433 ferenda
3009 4385 3174 4447 atque
3199 4377 3434 4448 gemitu.

2106 4471 2414 4527 Charideme.
2449 4471 2803 4527 -Mortales
2865 4471 3121 4541 sepulcra
3183 4477 3498 4532 exstruunt,
3555 4479 3613 4524 et

2032 4572 2157 4627 quae
2184 4559 2251 4613 ad
2312 4560 2478 4617 funus
2525 4569 2582 4614 et
2605 4559 2940 4629 sepulturam
2975 4558 3254 4628 pertinent
3281 4567 3612 4630 praeparant,

2033 4651 2191 4719 quasi
2214 4651 2302 4706 his
2324 4655 2436 4708 sint
2457 4651 2614 4708 usuri
2643 4669 2656 4705 2
2688 4650 2970 4722 quomodo
2994 4659 3180 4706 autem
3230 4649 3426 4704 mortis
3460 4658 3612 4703 metu

2037 4750 2095 4796 et
2116 4743 2309 4799 dolore
2336 4738 2809 4816 vacent,quorum
2837 4759 2969 4799 usus
2988 4743 3209 4798 futurus
3223 4751 3328 4807 est,
3349 4741 3486 4796 nihil
3506 4741 3613 4796 tale

2037 4843 2366 4906 praeparant.

2104 4929 2442 4999 Theopompi.
2480 4958 2547 4970 -
2600 4929 2656 4985 Si
2686 4929 2814 4998 quis
2845 4927 3111 4998 pleraque
3157 4924 3430 4979 bonorum
3478 4923 3610 4979 ade—

2031 5029 2177 5092 ptus,
2202 5038 2394 5076 eorum
2426 5036 2654 5092 compos
2673 5021 2907 5077 eﬂectus
2931 5035 3058 5074 cum
3094 5016 3317 5073 tristitia
3352 5031 3612 5087 aegroque

2029 5113 2216 5167 animo
2263 5112 2436 5166 vitam
2494 5113 2644 5184 agit,
2704 5113 2791 5174 is,
2853 5125 2936 5164 me
2988 5107 3305 5163 mortalium
3366 5107 3612 5161 omnium

2030 5203 2539 5259 miserabilissimus
2569 5203 2665 5275 qui
2701 5203 2786 5258 vel
2823 5200 3098 5257 exsistunt
3127 5206 3223 5254 aut
3247 5197 3420 5253 futuri
3451 5197 3614 5254 sunt?

1817 5293 2051 5352 NOTAE.

421 5386 490 5457 (δ)
519 5389 748 5457 Ὠσπερ
776 5389 898 5458 σὴς
932 5389 1157 5458 ίματίῳ.
1222 5387 1312 5444 Ait
1367 5386 1620 5443 Nobilius
1676 5401 1791 5458 non
1803 5404 1928 5458 fex-

343 5467 498 5515 stare
529 5460 593 5531 in
628 5461 786 5531 Vulg.
815 5457 963 5530 quod
984 5461 1155 5516 multa
1180 5475 1246 5515 ex
1266 5459 1348 5531 eis
1390 5458 1727 5531 desiderent.
1775 5457 1924 5531 Hen-

345 5539 462 5602 ten.
491 5529 652 5602 obelo
674 5528 974 5602 contigeris,
1007 5546 1118 5602 non
1147 5530 1425 5585 invenisse
1470 5529 1525 5583 in
1549 5529 1748 5602 decem
1774 5528 1928 5582 codi-

337 5598 511 5670 cibus
553 5597 848 5654 admonet:
894 5601 1014 5655 Non
1060 5601 1262 5655 desunt
1304 5609 1495 5670 tamen
1535 5597 1630 5670 qui
1661 5597 1922 5670 habeant.

345 5667 581 5724 Hebraea
613 5684 723 5726 non
761 5669 986 5738 habent,
1019 5672 1115 5727 sed
1138 5670 1374 5742 Targum
1409 5667 1595 5737 habet,
1627 5681 1730 5724 nec
1748 5668 1927 5723 aliun-

2034 5390 2124 5455 de,
2157 5398 2218 5446 ut
2246 5391 2486 5455 videtur,
2521 5405 2683 5460 quam
2713 5404 2780 5444 ex
2829 5388 3094 5444 Hebraeis.
3128 5386 3348 5459 Syriaca
3397 5384 3561 5460 etiam
3591 5396 3605 5439 ς

2033 5461 2265 5531 proinde
2312 5477 2422 5517 non
2459 5456 2736 5531 immerito
2775 5456 3195 5531 servatumgest,
3245 5473 3341 5512 seu
3381 5456 3608 5531 restitue

2033 5526 2149 5657 Eum
2201 5533 2256 5587 in
2303 5543 2580 5603 postrema
2629 5530 2954 5586 Latinorum
3006 5527 3312 5583 Bibliorum
3359 5526 3610 5598 recognie

2061 5617 2202 5659 Ione.
