  <div class='ocr_page' id='page_1' title='image "/cluster/home/n/w/nwhite01/storage/ocr_20150623/91/hvd.32044052742962/445.png"; bbox 0 0 3990 6176; ppageno 0'>
   <div class='ocr_carea' id='block_1_1' title="bbox 420 237 530 303">
    <p class='ocr_par' dir='ltr' id='par_1_1' title="bbox 420 237 530 303">
     <span class='ocr_line' id='line_1_1' title="bbox 420 237 530 303; baseline 0.018 -2"><span class='ocrx_word' id='word_1_1' title='bbox 420 237 530 303; x_wconf 77' lang='lat'><strong>879</strong></span> 
     </span>
    </p>
   </div>
   <div class='ocr_carea' id='block_1_2' title="bbox 1591 254 2530 321">
    <p class='ocr_par' dir='ltr' id='par_1_2' title="bbox 1591 254 2530 321">
     <span class='ocr_line' id='line_1_2' title="bbox 1591 254 2530 321; baseline 0.009 -8"><span class='ocrx_word' id='word_1_2' title='bbox 1591 254 1653 314; x_wconf 89' lang='lat' dir='ltr'><strong>S.</strong></span> <span class='ocrx_word' id='word_1_3' title='bbox 1696 254 1983 316; x_wconf 79' lang='grc' dir='ltr'><strong>ΜᾹΧΙΜΙ</strong></span> <span class='ocrx_word' id='word_1_4' title='bbox 2021 258 2530 321; x_wconf 78' lang='lat' dir='ltr'><strong>CONFESSORIS</strong></span> 
     </span>
    </p>
   </div>
   <div class='ocr_carea' id='block_1_3' title="bbox 439 355 2077 431">
    <p class='ocr_par' dir='ltr' id='par_1_3' title="bbox 439 355 2077 431">
     <span class='ocr_line' id='line_1_3' title="bbox 439 355 2077 431; baseline 0.009 -23"><span class='ocrx_word' id='word_1_5' title='bbox 439 394 442 396; x_wconf 59' lang='grc' dir='ltr'><strong><em>η</em></strong></span> <span class='ocrx_word' id='word_1_6' title='bbox 491 355 576 409; x_wconf 80' lang='lat' dir='ltr'><strong>Ea:</strong></span> <span class='ocrx_word' id='word_1_7' title='bbox 609 356 860 428; x_wconf 82' lang='lat' dir='ltr'><strong>Epictet.,</strong></span> <span class='ocrx_word' id='word_1_8' title='bbox 895 358 1120 416; x_wconf 76' lang='lat' dir='ltr'><strong>Isocrat.</strong></span> <span class='ocrx_word' id='word_1_9' title='bbox 1179 370 1228 415; x_wconf 84' lang='lat' dir='ltr'><strong>et</strong></span> <span class='ocrx_word' id='word_1_10' title='bbox 1283 362 1570 420; x_wconf 79' lang='lat' dir='ltr'><strong>Democrit.</strong></span> <span class='ocrx_word' id='word_1_11' title='bbox 1609 369 1905 423; x_wconf 72' lang='lat' dir='ltr'><strong>sententiis.</strong></span> <span class='ocrx_word' id='word_1_12' title='bbox 1932 398 2002 408; x_wconf 92' lang='lat'><strong>-—</strong></span> <span class='ocrx_word' id='word_1_13' title='bbox 2032 375 2077 431; x_wconf 76' lang='grc' dir='ltr'>Α</span> 
     </span>
    </p>
   </div>
   <div class='ocr_carea' id='block_1_4' title="bbox 3581 270 3685 333">
    <p class='ocr_par' dir='ltr' id='par_1_4' title="bbox 3581 270 3685 333">
     <span class='ocr_line' id='line_1_4' title="bbox 3581 270 3685 333; baseline 0.019 -2"><span class='ocrx_word' id='word_1_14' title='bbox 3581 270 3685 333; x_wconf 75' lang='lat'><strong>886</strong></span> 
     </span>
    </p>
   </div>
   <div class='ocr_carea' id='block_1_5' title="bbox 2188 371 3685 454">
    <p class='ocr_par' dir='ltr' id='par_1_5' title="bbox 2188 371 3685 454">
     <span class='ocr_line' id='line_1_5' title="bbox 2188 371 3685 454; baseline 0.009 -29"><span class='ocrx_word' id='word_1_15' title='bbox 2188 371 2288 425; x_wconf 82' lang='grc' dir='ltr'>Ἐκ</span> <span class='ocrx_word' id='word_1_16' title='bbox 2331 372 2451 426; x_wconf 80' lang='grc' dir='ltr'><strong>τῶν</strong></span> <span class='ocrx_word' id='word_1_17' title='bbox 2496 373 2866 440; x_wconf 80' lang='grc' dir='ltr'><strong>Ἐπικτήτου.</strong></span> <span class='ocrx_word' id='word_1_18' title='bbox 2911 374 3202 444; x_wconf 75' lang='grc' dir='ltr'>Ἰσοκράτ,</span> <span class='ocrx_word' id='word_1_19' title='bbox 3238 378 3494 451; x_wconf 82' lang='grc' dir='ltr'>Δημοκρ.</span> <span class='ocrx_word' id='word_1_20' title='bbox 3525 415 3593 426; x_wconf 92' lang='grc'><strong>--</strong></span> <span class='ocrx_word' id='word_1_21' title='bbox 3622 387 3685 454; x_wconf 76' lang='lat' dir='ltr'><strong>El</strong></span> 
     </span>
    </p>
   </div>
   <div class='ocr_carea' id='block_1_6' title="bbox 420 445 1980 544">
    <p class='ocr_par' dir='ltr' id='par_1_6' title="bbox 420 445 1980 530">
     <span class='ocr_line' id='line_1_6' title="bbox 420 445 1980 530; baseline 0.008 -29"><span class='ocrx_word' id='word_1_22' title='bbox 420 445 477 502; x_wconf 88' lang='lat' dir='ltr'><strong>Si</strong></span> <span class='ocrx_word' id='word_1_23' title='bbox 509 449 595 503; x_wconf 85' lang='lat' dir='ltr'><strong>vis</strong></span> <span class='ocrx_word' id='word_1_24' title='bbox 623 449 860 506; x_wconf 69' lang='lat' dir='ltr'><strong>tristitiae</strong></span> <span class='ocrx_word' id='word_1_25' title='bbox 883 463 1167 522; x_wconf 82' lang='lat' dir='ltr'><strong>expertem</strong></span> <span class='ocrx_word' id='word_1_26' title='bbox 1187 455 1356 510; x_wconf 90' lang='lat' dir='ltr'><strong>vitam</strong></span> <span class='ocrx_word' id='word_1_27' title='bbox 1384 472 1568 528; x_wconf 88' lang='lat' dir='ltr'><strong>agere,</strong></span> <span class='ocrx_word' id='word_1_28' title='bbox 1591 475 1713 530; x_wconf 73' lang='lat' dir='ltr'><strong>qua:</strong></span> <span class='ocrx_word' id='word_1_29' title='bbox 1727 469 1980 516; x_wconf 65' lang='lat' dir='ltr'><strong>eventura</strong></span> 
     </span>
    </p>
   </div>
   <div class='ocr_carea' id='block_1_7' title="bbox 2115 445 3688 544">
    <p class='ocr_par' dir='ltr' id='par_1_7' title="bbox 2115 445 3688 544">
     <span class='ocr_line' id='line_1_7' title="bbox 2115 445 3688 544; baseline 0.009 -29"><span class='ocrx_word' id='word_1_30' title='bbox 2115 461 2287 531; x_wconf 74' lang='grc' dir='ltr'>βούλει</span> <span class='ocrx_word' id='word_1_31' title='bbox 2341 464 2548 518; x_wconf 77' lang='grc' dir='ltr'>ἄλυπον</span> <span class='ocrx_word' id='word_1_32' title='bbox 2600 464 2716 535; x_wconf 84' lang='grc' dir='ltr'>βίον</span> <span class='ocrx_word' id='word_1_33' title='bbox 2763 463 2900 534; x_wconf 79' lang='grc' dir='ltr'>ζῇν,</span> <span class='ocrx_word' id='word_1_34' title='bbox 2955 467 3026 521; x_wconf 84' lang='grc' dir='ltr'>τὰ</span> <span class='ocrx_word' id='word_1_35' title='bbox 3067 445 3334 538; x_wconf 68' lang='grc' dir='ltr'>μέλλοντα</span> <span class='ocrx_word' id='word_1_36' title='bbox 3365 445 3688 544; x_wconf 73' lang='grc' dir='ltr'>συμϐαίνειν</span> 
     </span>
    </p>
   </div>
   <div class='ocr_carea' id='block_1_8' title="bbox 415 539 1648 618">
    <p class='ocr_par' dir='ltr' id='par_1_8' title="bbox 415 539 1648 618">
     <span class='ocr_line' id='line_1_8' title="bbox 415 539 1648 618; baseline 0.011 -26"><span class='ocrx_word' id='word_1_37' title='bbox 415 548 549 593; x_wconf 86' lang='lat' dir='ltr'><strong>sunt</strong></span> <span class='ocrx_word' id='word_1_38' title='bbox 582 539 663 594; x_wconf 88' lang='lat' dir='ltr'><strong>sic</strong></span> <span class='ocrx_word' id='word_1_39' title='bbox 696 541 976 608; x_wconf 87' lang='lat' dir='ltr'><strong>existima,</strong></span> <span class='ocrx_word' id='word_1_40' title='bbox 1001 559 1065 599; x_wconf 84' lang='lat' dir='ltr'><strong>ac</strong></span> <span class='ocrx_word' id='word_1_41' title='bbox 1090 545 1136 601; x_wconf 90' lang='lat' dir='ltr'><strong>si</strong></span> <span class='ocrx_word' id='word_1_42' title='bbox 1155 548 1265 618; x_wconf 91' lang='lat' dir='ltr'><strong>jam</strong></span> <span class='ocrx_word' id='word_1_43' title='bbox 1295 549 1648 605; x_wconf 88' lang='lat' dir='ltr'><strong>accidissent.</strong></span> 
     </span>
    </p>
   </div>
   <div class='ocr_carea' id='block_1_9' title="bbox 485 632 1995 716">
    <p class='ocr_par' dir='ltr' id='par_1_9' title="bbox 485 632 1995 716">
     <span class='ocr_line' id='line_1_9' title="bbox 485 632 1995 716; baseline 0.009 -28"><span class='ocrx_word' id='word_1_44' title='bbox 485 632 596 688; x_wconf 85' lang='lat' dir='ltr'><strong>Fac</strong></span> <span class='ocrx_word' id='word_1_45' title='bbox 646 632 815 688; x_wconf 86' lang='lat' dir='ltr'><strong>animi</strong></span> <span class='ocrx_word' id='word_1_46' title='bbox 856 634 1048 692; x_wconf 90' lang='lat' dir='ltr'><strong>dolore</strong></span> <span class='ocrx_word' id='word_1_47' title='bbox 1100 654 1284 706; x_wconf 91' lang='lat' dir='ltr'><strong>vaces,</strong></span> <span class='ocrx_word' id='word_1_48' title='bbox 1339 657 1453 698; x_wconf 88' lang='lat' dir='ltr'><strong>non</strong></span> <span class='ocrx_word' id='word_1_49' title='bbox 1504 651 1566 698; x_wconf 93' lang='lat' dir='ltr'><strong>ut</strong></span> <span class='ocrx_word' id='word_1_50' title='bbox 1609 643 1819 700; x_wconf 91' lang='lat' dir='ltr'><strong>doloris</strong></span> <span class='ocrx_word' id='word_1_51' title='bbox 1873 647 1995 716; x_wconf 90' lang='lat' dir='ltr'><strong>ipso</strong></span> 
     </span>
    </p>
   </div>
   <div class='ocr_carea' id='block_1_10' title="bbox 413 726 1991 800">
    <p class='ocr_par' dir='ltr' id='par_1_10' title="bbox 413 726 1991 800">
     <span class='ocr_line' id='line_1_10' title="bbox 413 726 1991 800; baseline 0.01 -23"><span class='ocrx_word' id='word_1_52' title='bbox 413 737 582 778; x_wconf 84' lang='lat' dir='ltr'><strong>sensu</strong></span> <span class='ocrx_word' id='word_1_53' title='bbox 613 739 826 791; x_wconf 84' lang='lat' dir='ltr'><strong>careas,</strong></span> <span class='ocrx_word' id='word_1_54' title='bbox 863 726 1154 784; x_wconf 92' lang='lat' dir='ltr'><strong>brutorum</strong></span> <span class='ocrx_word' id='word_1_55' title='bbox 1185 746 1376 800; x_wconf 89' lang='lat' dir='ltr'><strong>more;</strong></span> <span class='ocrx_word' id='word_1_56' title='bbox 1403 749 1510 788; x_wconf 90' lang='lat' dir='ltr'><strong>nec</strong></span> <span class='ocrx_word' id='word_1_57' title='bbox 1538 745 1598 792; x_wconf 91' lang='lat' dir='ltr'><strong>ut</strong></span> <span class='ocrx_word' id='word_1_58' title='bbox 1632 737 1864 793; x_wconf 87' lang='lat' dir='ltr'><strong>rationis</strong></span> <span class='ocrx_word' id='word_1_59' title='bbox 1891 754 1991 793; x_wconf 83' lang='lat' dir='ltr'><strong>ex-</strong></span> 
     </span>
    </p>
   </div>
   <div class='ocr_carea' id='block_1_11' title="bbox 411 818 1989 896">
    <p class='ocr_par' dir='ltr' id='par_1_11' title="bbox 411 818 1989 896">
     <span class='ocr_line' id='line_1_11' title="bbox 411 818 1989 896; baseline 0.01 -26"><span class='ocrx_word' id='word_1_60' title='bbox 411 831 563 886; x_wconf 85' lang='lat' dir='ltr'><strong>pers,</strong></span> <span class='ocrx_word' id='word_1_61' title='bbox 587 818 744 872; x_wconf 90' lang='lat' dir='ltr'><strong>velut</strong></span> <span class='ocrx_word' id='word_1_62' title='bbox 766 820 1122 890; x_wconf 84' lang='lat' dir='ltr'><strong>insipientes;</strong></span> <span class='ocrx_word' id='word_1_63' title='bbox 1143 824 1238 879; x_wconf 89' lang='lat' dir='ltr'><strong>sed</strong></span> <span class='ocrx_word' id='word_1_64' title='bbox 1263 833 1522 896; x_wconf 80' lang='lat' dir='ltr'><strong>tanquam</strong></span> <span class='ocrx_word' id='word_1_65' title='bbox 1537 828 1765 884; x_wconf 89' lang='lat' dir='ltr'><strong>virtutis</strong></span> <span class='ocrx_word' id='word_1_66' title='bbox 1786 831 1989 896; x_wconf 86' lang='lat' dir='ltr'><strong>cultor,</strong></span> 
     </span>
    </p>
   </div>
   <div class='ocr_carea' id='block_1_12' title="bbox 2101 557 2996 628">
    <p class='ocr_par' dir='ltr' id='par_1_12' title="bbox 2101 557 2996 628">
     <span class='ocr_line' id='line_1_12' title="bbox 2101 557 2996 628; baseline 0.003 -19"><span class='ocrx_word' id='word_1_67' title='bbox 2101 557 2174 620; x_wconf 84' lang='grc' dir='ltr'>ὼς</span> <span class='ocrx_word' id='word_1_68' title='bbox 2207 557 2308 628; x_wconf 75' lang='grc' dir='ltr'>ἤδη</span> <span class='ocrx_word' id='word_1_69' title='bbox 2338 557 2728 628; x_wconf 72' lang='grc' dir='ltr'>συμϐεϐηκότα</span> <span class='ocrx_word' id='word_1_70' title='bbox 2756 557 2996 627; x_wconf 77' lang='grc' dir='ltr'><strong>λογίζου.</strong></span> 
     </span>
    </p>
   </div>
   <div class='ocr_carea' id='block_1_13' title="bbox 2177 650 3682 725">
    <p class='ocr_par' dir='ltr' id='par_1_13' title="bbox 2177 650 3682 725">
     <span class='ocr_line' id='line_1_13' title="bbox 2177 650 3682 725; baseline 0.006 -23"><span class='ocrx_word' id='word_1_71' title='bbox 2177 650 2418 714; x_wconf 76' lang='grc' dir='ltr'>’Ἄλυπος</span> <span class='ocrx_word' id='word_1_72' title='bbox 2465 651 2574 704; x_wconf 87' lang='grc' dir='ltr'>τσθι</span> <span class='ocrx_word' id='word_1_73' title='bbox 2598 690 2613 714; x_wconf 87' lang='grc'><strong>,</strong></span> <span class='ocrx_word' id='word_1_74' title='bbox 2681 651 2756 722; x_wconf 79' lang='grc' dir='ltr'>μὴ</span> <span class='ocrx_word' id='word_1_75' title='bbox 2790 653 2891 721; x_wconf 83' lang='grc' dir='ltr'>τὴν</span> <span class='ocrx_word' id='word_1_76' title='bbox 2920 651 3192 706; x_wconf 84' lang='grc' dir='ltr'>ἀπάθειαν</span> <span class='ocrx_word' id='word_1_77' title='bbox 3216 697 3232 721; x_wconf 88' lang='grc'><strong>,</strong></span> <span class='ocrx_word' id='word_1_78' title='bbox 3285 653 3362 718; x_wconf 85' lang='grc' dir='ltr'>ὼς</span> <span class='ocrx_word' id='word_1_79' title='bbox 3392 656 3464 710; x_wconf 81' lang='grc' dir='ltr'>τὰ</span> <span class='ocrx_word' id='word_1_80' title='bbox 3491 656 3682 725; x_wconf 82' lang='grc' dir='ltr'>ἀλόγια</span> 
     </span>
    </p>
   </div>
   <div class='ocr_carea' id='block_1_14' title="bbox 2098 741 3683 817">
    <p class='ocr_par' dir='ltr' id='par_1_14' title="bbox 2098 741 3683 817">
     <span class='ocr_line' id='line_1_14' title="bbox 2098 741 3683 817; baseline 0.003 -22"><span class='ocrx_word' id='word_1_81' title='bbox 2098 741 2210 795; x_wconf 82' lang='grc' dir='ltr'><strong>τῶν</strong></span> <span class='ocrx_word' id='word_1_82' title='bbox 2241 743 2399 806; x_wconf 83' lang='grc' dir='ltr'>ζώων</span> <span class='ocrx_word' id='word_1_83' title='bbox 2421 759 2434 774; x_wconf 88' lang='grc'>·</span> <span class='ocrx_word' id='word_1_84' title='bbox 2499 743 2634 814; x_wconf 83' lang='grc' dir='ltr'>μηδὲ</span> <span class='ocrx_word' id='word_1_85' title='bbox 2663 744 2766 814; x_wconf 79' lang='grc' dir='ltr'>τὴν</span> <span class='ocrx_word' id='word_1_86' title='bbox 2791 744 3038 812; x_wconf 78' lang='grc' dir='ltr'><strong>ἀλογίαν,</strong></span> <span class='ocrx_word' id='word_1_87' title='bbox 3074 745 3148 809; x_wconf 85' lang='grc' dir='ltr'>ὡς</span> <span class='ocrx_word' id='word_1_88' title='bbox 3175 748 3224 799; x_wconf 78' lang='grc' dir='ltr'><strong>οἱ</strong></span> <span class='ocrx_word' id='word_1_89' title='bbox 3251 747 3484 817; x_wconf 77' lang='grc' dir='ltr'>ἄφρονες</span> <span class='ocrx_word' id='word_1_90' title='bbox 3502 764 3516 777; x_wconf 73' lang='grc'><strong>⁸</strong></span> <span class='ocrx_word' id='word_1_91' title='bbox 3568 749 3683 803; x_wconf 82' lang='grc' dir='ltr'>ἀλλ’</span> 
     </span>
    </p>
   </div>
   <div class='ocr_carea' id='block_1_15' title="bbox 2096 835 3678 913">
    <p class='ocr_par' dir='ltr' id='par_1_15' title="bbox 2096 835 3678 913">
     <span class='ocr_line' id='line_1_15' title="bbox 2096 835 3678 913; baseline 0.006 -25"><span class='ocrx_word' id='word_1_92' title='bbox 2096 835 2173 899; x_wconf 86' lang='grc' dir='ltr'><strong>ὡς</strong></span> <span class='ocrx_word' id='word_1_93' title='bbox 2199 836 2478 907; x_wconf 80' lang='grc' dir='ltr'>ἐνάρετος,</span> <span class='ocrx_word' id='word_1_94' title='bbox 2509 835 2602 888; x_wconf 74' lang='grc' dir='ltr'>τὸν</span> <span class='ocrx_word' id='word_1_95' title='bbox 2626 835 2784 905; x_wconf 85' lang='grc' dir='ltr'>λόγον</span> <span class='ocrx_word' id='word_1_96' title='bbox 2813 837 2914 908; x_wconf 78' lang='grc' dir='ltr'>τῆς</span> <span class='ocrx_word' id='word_1_97' title='bbox 2936 836 3115 910; x_wconf 85' lang='grc' dir='ltr'>λύπης</span> <span class='ocrx_word' id='word_1_98' title='bbox 3140 837 3281 910; x_wconf 74' lang='grc' dir='ltr'>ἔχων</span> <span class='ocrx_word' id='word_1_99' title='bbox 3308 841 3678 913; x_wconf 84' lang='grc' dir='ltr'>παραμύθιον.</span> 
     </span>
    </p>
   </div>
   <div class='ocr_carea' id='block_1_16' title="bbox 409 908 2104 982">
    <p class='ocr_par' dir='ltr' id='par_1_16' title="bbox 409 908 2104 982">
     <span class='ocr_line' id='line_1_16' title="bbox 409 908 2104 982; baseline 0.005 -20"><span class='ocrx_word' id='word_1_100' title='bbox 409 908 509 978; x_wconf 88' lang='lat' dir='ltr'><strong>qui</strong></span> <span class='ocrx_word' id='word_1_101' title='bbox 535 908 797 966; x_wconf 88' lang='lat' dir='ltr'><strong>videlicet</strong></span> <span class='ocrx_word' id='word_1_102' title='bbox 845 927 948 982; x_wconf 83' lang='lat' dir='ltr'><strong>pro</strong></span> <span class='ocrx_word' id='word_1_103' title='bbox 995 913 1204 970; x_wconf 89' lang='lat' dir='ltr'><strong>doloris</strong></span> <span class='ocrx_word' id='word_1_104' title='bbox 1267 916 1514 972; x_wconf 88' lang='lat' dir='ltr'><strong>remedio</strong></span> <span class='ocrx_word' id='word_1_105' title='bbox 1560 918 1835 975; x_wconf 90' lang='lat' dir='ltr'><strong>rationem</strong></span> <span class='ocrx_word' id='word_1_106' title='bbox 1889 920 1991 974; x_wconf 90' lang='lat' dir='ltr'><strong>ha-</strong></span> <span class='ocrx_word' id='word_1_107' title='bbox 2099 967 2104 970; x_wconf 89' lang='lat'><strong>.</strong></span> 
     </span>
    </p>
   </div>
   <div class='ocr_carea' id='block_1_17' title="bbox 372 1001 564 1058">
    <p class='ocr_par' dir='ltr' id='par_1_17' title="bbox 372 1001 564 1058">
     <span class='ocr_line' id='line_1_17' title="bbox 372 1001 564 1058; baseline 0.005 -2"><span class='ocrx_word' id='word_1_108' title='bbox 372 1009 386 1021; x_wconf 78' lang='lat'><strong><em>’</em></strong></span> <span class='ocrx_word' id='word_1_109' title='bbox 408 1001 564 1058; x_wconf 91' lang='lat' dir='ltr'><strong>beas.</strong></span> 
     </span>
    </p>
   </div>
   <div class='ocr_carea' id='block_1_18' title="bbox 475 1092 1990 1172">
    <p class='ocr_par' dir='ltr' id='par_1_18' title="bbox 475 1092 1990 1172">
     <span class='ocr_line' id='line_1_18' title="bbox 475 1092 1990 1172; baseline 0.008 -26"><span class='ocrx_word' id='word_1_110' title='bbox 475 1092 557 1147; x_wconf 88' lang='lat' dir='ltr'><strong>llli</strong></span> <span class='ocrx_word' id='word_1_111' title='bbox 586 1094 671 1148; x_wconf 90' lang='lat' dir='ltr'><strong>vir</strong></span> <span class='ocrx_word' id='word_1_112' title='bbox 694 1095 905 1164; x_wconf 90' lang='lat' dir='ltr'><strong>probus</strong></span> <span class='ocrx_word' id='word_1_113' title='bbox 926 1096 1183 1167; x_wconf 80' lang='lat' dir='ltr'><strong>gratique</strong></span> <span class='ocrx_word' id='word_1_114' title='bbox 1222 1098 1393 1153; x_wconf 91' lang='lat' dir='ltr'><strong>animi</strong></span> <span class='ocrx_word' id='word_1_115' title='bbox 1417 1109 1522 1168; x_wconf 90' lang='lat' dir='ltr'><strong>est,</strong></span> <span class='ocrx_word' id='word_1_116' title='bbox 1550 1102 1644 1172; x_wconf 89' lang='lat' dir='ltr'><strong>qui</strong></span> <span class='ocrx_word' id='word_1_117' title='bbox 1677 1117 1788 1157; x_wconf 89' lang='lat' dir='ltr'><strong>non</strong></span> <span class='ocrx_word' id='word_1_118' title='bbox 1817 1102 1990 1158; x_wconf 85' lang='lat' dir='ltr'><strong>tristis</strong></span> 
     </span>
    </p>
   </div>
   <div class='ocr_carea' id='block_1_19' title="bbox 3269 1001 3292 1031">
    <p class='ocr_par' dir='ltr' id='par_1_19' title="bbox 3269 1001 3292 1031">
     <span class='ocr_line' id='line_1_19' title="bbox 3269 1001 3292 1031; baseline 0 0"><span class='ocrx_word' id='word_1_119' title='bbox 3269 1001 3292 1031; x_wconf 86' lang='lat'><strong>\</strong></span> 
     </span>
    </p>
   </div>
   <div class='ocr_carea' id='block_1_20' title="bbox 2168 1091 3674 1172">
    <p class='ocr_par' dir='ltr' id='par_1_20' title="bbox 2168 1091 3674 1172">
     <span class='ocr_line' id='line_1_20' title="bbox 2168 1091 3674 1172; baseline 0.005 -24"><span class='ocrx_word' id='word_1_120' title='bbox 2168 1094 2482 1166; x_wconf 76' lang='grc' dir='ltr'>Εὐγνώμων</span> <span class='ocrx_word' id='word_1_121' title='bbox 2516 1096 2544 1149; x_wconf 82' lang='grc' dir='ltr'>ὁ</span> <span class='ocrx_word' id='word_1_122' title='bbox 2575 1095 2651 1166; x_wconf 81' lang='grc' dir='ltr'>μὴ</span> <span class='ocrx_word' id='word_1_123' title='bbox 2681 1095 3021 1168; x_wconf 80' lang='grc' dir='ltr'><strong>λυπούμενος</strong></span> <span class='ocrx_word' id='word_1_124' title='bbox 3054 1097 3113 1151; x_wconf 84' lang='grc' dir='ltr'>ὲν</span> <span class='ocrx_word' id='word_1_125' title='bbox 3138 1091 3219 1162; x_wconf 75' lang='grc' dir='ltr'>οἷς</span> <span class='ocrx_word' id='word_1_126' title='bbox 3245 1096 3347 1153; x_wconf 87' lang='grc' dir='ltr'><strong>ούκ</strong></span> <span class='ocrx_word' id='word_1_127' title='bbox 3372 1099 3506 1172; x_wconf 73' lang='grc' dir='ltr'>ἔχει,</span> <span class='ocrx_word' id='word_1_128' title='bbox 3539 1101 3674 1156; x_wconf 81' lang='grc' dir='ltr'>ἀλλὰ</span> 
     </span>
    </p>
   </div>
   <div class='ocr_carea' id='block_1_21' title="bbox 404 1183 1980 1265">
    <p class='ocr_par' dir='ltr' id='par_1_21' title="bbox 404 1184 1980 1265">
     <span class='ocr_line' id='line_1_21' title="bbox 404 1184 1980 1265; baseline 0.008 -28"><span class='ocrx_word' id='word_1_129' title='bbox 404 1184 537 1256; x_wconf 82' lang='lat' dir='ltr'><strong>agit,</strong></span> <span class='ocrx_word' id='word_1_130' title='bbox 571 1195 666 1239; x_wconf 90' lang='lat' dir='ltr'><strong>aut</strong></span> <span class='ocrx_word' id='word_1_131' title='bbox 694 1185 844 1240; x_wconf 83' lang='lat' dir='ltr'><strong>dolet</strong></span> <span class='ocrx_word' id='word_1_132' title='bbox 872 1186 943 1242; x_wconf 95' lang='lat' dir='ltr'><strong>ob</strong></span> <span class='ocrx_word' id='word_1_133' title='bbox 969 1202 1034 1242; x_wconf 89' lang='lat' dir='ltr'><strong>ea</strong></span> <span class='ocrx_word' id='word_1_134' title='bbox 1059 1204 1181 1258; x_wconf 80' lang='lat' dir='ltr'><strong>quae</strong></span> <span class='ocrx_word' id='word_1_135' title='bbox 1209 1205 1321 1244; x_wconf 91' lang='lat' dir='ltr'><strong>non</strong></span> <span class='ocrx_word' id='word_1_136' title='bbox 1348 1191 1538 1259; x_wconf 82' lang='lat' dir='ltr'><strong>habet,</strong></span> <span class='ocrx_word' id='word_1_137' title='bbox 1567 1195 1661 1249; x_wconf 90' lang='lat' dir='ltr'><strong>sed</strong></span> <span class='ocrx_word' id='word_1_138' title='bbox 1692 1193 1894 1265; x_wconf 79' lang='lat' dir='ltr'><strong>gaudet</strong></span> <span class='ocrx_word' id='word_1_139' title='bbox 1919 1195 1980 1250; x_wconf 87' lang='lat' dir='ltr'><strong>de</strong></span> 
     </span>
    </p>
   </div>
   <div class='ocr_carea' id='block_1_22' title="bbox 2115 1183 2691 1265">
    <p class='ocr_par' dir='ltr' id='par_1_22' title="bbox 2115 1183 2691 1259">
     <span class='ocr_line' id='line_1_22' title="bbox 2115 1183 2691 1259; baseline 0.005 -18"><span class='ocrx_word' id='word_1_140' title='bbox 2115 1188 2301 1259; x_wconf 72' lang='grc' dir='ltr'>[αίρων</span> <span class='ocrx_word' id='word_1_141' title='bbox 2335 1189 2420 1258; x_wconf 73' lang='grc' dir='ltr'><strong>ἐφ’</strong></span> <span class='ocrx_word' id='word_1_142' title='bbox 2443 1183 2523 1252; x_wconf 75' lang='grc' dir='ltr'><strong>οἷς</strong></span> <span class='ocrx_word' id='word_1_143' title='bbox 2557 1188 2691 1258; x_wconf 78' lang='grc' dir='ltr'>ἔχει.</span> 
     </span>
    </p>
   </div>
   <div class='ocr_carea' id='block_1_23' title="bbox 405 1273 836 1343">
    <p class='ocr_par' dir='ltr' id='par_1_23' title="bbox 405 1273 836 1343">
     <span class='ocr_line' id='line_1_23' title="bbox 405 1273 836 1343; baseline 0.009 -17"><span class='ocrx_word' id='word_1_144' title='bbox 405 1273 474 1327; x_wconf 90' lang='lat' dir='ltr'><strong>iis</strong></span> <span class='ocrx_word' id='word_1_145' title='bbox 494 1290 617 1343; x_wconf 71' lang='lat' dir='ltr'><strong>qum</strong></span> <span class='ocrx_word' id='word_1_146' title='bbox 653 1275 836 1330; x_wconf 81' lang='lat' dir='ltr'><strong>habet.</strong></span> 
     </span>
    </p>
   </div>
   <div class='ocr_carea' id='block_1_24' title="bbox 472 1365 1984 1432">
    <p class='ocr_par' dir='ltr' id='par_1_24' title="bbox 472 1365 1984 1432">
     <span class='ocr_line' id='line_1_24' title="bbox 472 1365 1984 1432; baseline 0.007 -13"><span class='ocrx_word' id='word_1_147' title='bbox 472 1365 577 1432; x_wconf 90' lang='lat' dir='ltr'><strong>Qui</strong></span> <span class='ocrx_word' id='word_1_148' title='bbox 627 1367 700 1421; x_wconf 91' lang='lat' dir='ltr'><strong>ob</strong></span> <span class='ocrx_word' id='word_1_149' title='bbox 769 1368 1108 1425; x_wconf 81' lang='lat' dir='ltr'><strong>calamitates</strong></span> <span class='ocrx_word' id='word_1_150' title='bbox 1166 1381 1278 1426; x_wconf 92' lang='lat' dir='ltr'><strong>tum</strong></span> <span class='ocrx_word' id='word_1_151' title='bbox 1340 1372 1567 1429; x_wconf 89' lang='lat' dir='ltr'><strong>minime</strong></span> <span class='ocrx_word' id='word_1_152' title='bbox 1624 1377 1812 1430; x_wconf 90' lang='lat' dir='ltr'><strong>animo</strong></span> <span class='ocrx_word' id='word_1_153' title='bbox 1866 1375 1984 1430; x_wconf 66' lang='lat' dir='ltr'><strong>dis~</strong></span> 
     </span>
    </p>
   </div>
   <div class='ocr_carea' id='block_1_25' title="bbox 2173 1365 3672 1442">
    <p class='ocr_par' dir='ltr' id='par_1_25' title="bbox 2173 1365 3672 1442">
     <span class='ocr_line' id='line_1_25' title="bbox 2173 1365 3672 1442; baseline 0.002 -22"><span class='ocrx_word' id='word_1_154' title='bbox 2173 1367 2333 1420; x_wconf 78' lang='grc' dir='ltr'>’Ὀσοι</span> <span class='ocrx_word' id='word_1_155' title='bbox 2357 1367 2500 1429; x_wconf 85' lang='grc' dir='ltr'>τινὲς</span> <span class='ocrx_word' id='word_1_156' title='bbox 2528 1368 2665 1436; x_wconf 79' lang='grc' dir='ltr'>πρὸς</span> <span class='ocrx_word' id='word_1_157' title='bbox 2684 1365 2782 1430; x_wconf 76' lang='grc' dir='ltr'><strong>τὰς</strong></span> <span class='ocrx_word' id='word_1_158' title='bbox 2809 1365 3118 1436; x_wconf 79' lang='grc' dir='ltr'>συμφορὰς,</span> <span class='ocrx_word' id='word_1_159' title='bbox 3137 1367 3336 1442; x_wconf 81' lang='grc' dir='ltr'>γνώμῃ</span> <span class='ocrx_word' id='word_1_160' title='bbox 3361 1368 3458 1440; x_wconf 84' lang='grc' dir='ltr'>μὲν</span> <span class='ocrx_word' id='word_1_161' title='bbox 3476 1369 3672 1440; x_wconf 74' lang='grc' dir='ltr'>ἥκιστα</span> 
     </span>
    </p>
   </div>
   <div class='ocr_carea' id='block_1_26' title="bbox 401 1448 1980 1530">
    <p class='ocr_par' dir='ltr' id='par_1_26' title="bbox 401 1458 1980 1530">
     <span class='ocr_line' id='line_1_26' title="bbox 401 1458 1980 1530; baseline 0.008 -18"><span class='ocrx_word' id='word_1_162' title='bbox 401 1458 744 1524; x_wconf 70' lang='lat' dir='ltr'><strong>cruciantur,</strong></span> <span class='ocrx_word' id='word_1_163' title='bbox 795 1467 911 1514; x_wconf 90' lang='lat' dir='ltr'><strong>tum</strong></span> <span class='ocrx_word' id='word_1_164' title='bbox 977 1460 1122 1517; x_wconf 79' lang='lat' dir='ltr'><strong>facto</strong></span> <span class='ocrx_word' id='word_1_165' title='bbox 1194 1465 1430 1519; x_wconf 74' lang='lat' dir='ltr'><strong>maxime</strong></span> <span class='ocrx_word' id='word_1_166' title='bbox 1491 1467 1782 1530; x_wconf 88' lang='lat' dir='ltr'><strong>resistunt,</strong></span> <span class='ocrx_word' id='word_1_167' title='bbox 1834 1469 1872 1523; x_wconf 90' lang='lat' dir='ltr'><strong>ii</strong></span> <span class='ocrx_word' id='word_1_168' title='bbox 1930 1477 1980 1522; x_wconf 86' lang='lat' dir='ltr'><strong>et</strong></span> 
     </span>
    </p>
   </div>
   <div class='ocr_carea' id='block_1_27' title="bbox 2115 1448 3670 1530">
    <p class='ocr_par' dir='ltr' id='par_1_27' title="bbox 2115 1448 3670 1529">
     <span class='ocr_line' id='line_1_27' title="bbox 2115 1448 3670 1529; baseline 0.001 -18"><span class='ocrx_word' id='word_1_169' title='bbox 2115 1448 2388 1512; x_wconf 81' lang='grc' dir='ltr'>,υποῦνται</span> <span class='ocrx_word' id='word_1_170' title='bbox 2409 1497 2426 1520; x_wconf 89' lang='grc'><strong>,</strong></span> <span class='ocrx_word' id='word_1_171' title='bbox 2471 1457 2619 1529; x_wconf 79' lang='grc' dir='ltr'>ἔργῳ</span> <span class='ocrx_word' id='word_1_172' title='bbox 2645 1457 2701 1509; x_wconf 81' lang='grc' dir='ltr'>δὲ</span> <span class='ocrx_word' id='word_1_173' title='bbox 2737 1457 2973 1526; x_wconf 85' lang='grc' dir='ltr'>μάλιστα</span> <span class='ocrx_word' id='word_1_174' title='bbox 3003 1459 3357 1529; x_wconf 80' lang='grc' dir='ltr'><strong>ἀντέχουσιν,</strong></span> <span class='ocrx_word' id='word_1_175' title='bbox 3403 1454 3546 1515; x_wconf 78' lang='grc' dir='ltr'>οὗτοι</span> <span class='ocrx_word' id='word_1_176' title='bbox 3578 1460 3670 1513; x_wconf 75' lang='grc' dir='ltr'>καὶ</span> 
     </span>
    </p>
   </div>
   <div class='ocr_carea' id='block_1_28' title="bbox 401 1547 1980 1624">
    <p class='ocr_par' dir='ltr' id='par_1_28' title="bbox 401 1547 1980 1624">
     <span class='ocr_line' id='line_1_28' title="bbox 401 1547 1980 1624; baseline 0.008 -23"><span class='ocrx_word' id='word_1_177' title='bbox 401 1547 687 1603; x_wconf 86' lang='lat' dir='ltr'><strong>civitatum</strong></span> <span class='ocrx_word' id='word_1_178' title='bbox 746 1557 802 1604; x_wconf 91' lang='lat' dir='ltr'><strong>et</strong></span> <span class='ocrx_word' id='word_1_179' title='bbox 843 1549 997 1605; x_wconf 89' lang='lat' dir='ltr'><strong>rudis</strong></span> <span class='ocrx_word' id='word_1_180' title='bbox 1035 1553 1183 1622; x_wconf 85' lang='lat' dir='ltr'><strong>vulgi</strong></span> <span class='ocrx_word' id='word_1_181' title='bbox 1233 1556 1676 1624; x_wconf 69' lang='lat' dir='ltr'><strong>praestantissimi</strong></span> <span class='ocrx_word' id='word_1_182' title='bbox 1741 1557 1980 1614; x_wconf 88' lang='lat' dir='ltr'><strong>habendi</strong></span> 
     </span>
    </p>
   </div>
   <div class='ocr_carea' id='block_1_29' title="bbox 2115 1547 3335 1624">
    <p class='ocr_par' dir='ltr' id='par_1_29' title="bbox 2115 1547 3335 1618">
     <span class='ocr_line' id='line_1_29' title="bbox 2115 1547 3335 1618; baseline 0.002 -17"><span class='ocrx_word' id='word_1_183' title='bbox 2115 1547 2201 1602; x_wconf 67' lang='grc' dir='ltr'><strong>τῶν</strong></span> <span class='ocrx_word' id='word_1_184' title='bbox 2227 1548 2436 1602; x_wconf 86' lang='grc' dir='ltr'>πόλεων</span> <span class='ocrx_word' id='word_1_185' title='bbox 2473 1553 2566 1602; x_wconf 79' lang='grc' dir='ltr'>καὶ</span> <span class='ocrx_word' id='word_1_186' title='bbox 2597 1547 2824 1602; x_wconf 74' lang='grc' dir='ltr'>ἰδιωτῶν</span> <span class='ocrx_word' id='word_1_187' title='bbox 2857 1549 3145 1618; x_wconf 82' lang='grc' dir='ltr'>κράτιστοί</span> <span class='ocrx_word' id='word_1_188' title='bbox 3175 1551 3335 1606; x_wconf 73' lang='grc' dir='ltr'>εἰσιν.</span> 
     </span>
    </p>
   </div>
   <div class='ocr_carea' id='block_1_30' title="bbox 400 1649 550 1695">
    <p class='ocr_par' dir='ltr' id='par_1_30' title="bbox 400 1649 550 1695">
     <span class='ocr_line' id='line_1_30' title="bbox 400 1649 550 1695; baseline -0.013 0"><span class='ocrx_word' id='word_1_189' title='bbox 400 1649 550 1695; x_wconf 85' lang='lat' dir='ltr'><strong>sunt.</strong></span> 
     </span>
    </p>
   </div>
   <div class='ocr_carea' id='block_1_31' title="bbox 491 1731 2062 1813">
    <p class='ocr_par' dir='ltr' id='par_1_31' title="bbox 491 1731 2062 1813">
     <span class='ocr_line' id='line_1_31' title="bbox 491 1731 2062 1813; baseline 0.008 -26"><span class='ocrx_word' id='word_1_190' title='bbox 491 1731 722 1804; x_wconf 83' lang='lat' dir='ltr'><strong>Epictet.</strong></span> <span class='ocrx_word' id='word_1_191' title='bbox 791 1765 863 1776; x_wconf 88' lang='lat'><strong><em>—</em></strong></span> <span class='ocrx_word' id='word_1_192' title='bbox 915 1736 1292 1809; x_wconf 86' lang='lat' dir='ltr'><strong>Interrogatus</strong></span> <span class='ocrx_word' id='word_1_193' title='bbox 1361 1740 1682 1811; x_wconf 82' lang='lat' dir='ltr'><strong>Epictetus,</strong></span> <span class='ocrx_word' id='word_1_194' title='bbox 1748 1743 2062 1813; x_wconf 86' lang='lat' dir='ltr'><strong>quonamB</strong></span> 
     </span>
    </p>
   </div>
   <div class='ocr_carea' id='block_1_32' title="bbox 2173 1740 3668 1814">
    <p class='ocr_par' dir='ltr' id='par_1_32' title="bbox 2173 1740 3668 1814">
     <span class='ocr_line' id='line_1_32' title="bbox 2173 1740 3668 1814; baseline 0.003 -21"><span class='ocrx_word' id='word_1_195' title='bbox 2173 1740 2548 1809; x_wconf 81' lang='grc' dir='ltr'><strong>Ἐπικτήτου.</strong></span> <span class='ocrx_word' id='word_1_196' title='bbox 2611 1771 2681 1783; x_wconf 91' lang='grc'><strong><em>-</em></strong></span> <span class='ocrx_word' id='word_1_197' title='bbox 2741 1742 3078 1814; x_wconf 74' lang='grc' dir='ltr'>Ἐρωτηθεὶς·</span> <span class='ocrx_word' id='word_1_198' title='bbox 3141 1743 3260 1808; x_wconf 90' lang='grc' dir='ltr'><strong>πῶς</strong></span> <span class='ocrx_word' id='word_1_199' title='bbox 3318 1744 3384 1800; x_wconf 79' lang='grc' dir='ltr'>ἄν</span> <span class='ocrx_word' id='word_1_200' title='bbox 3439 1763 3523 1808; x_wconf 86' lang='grc' dir='ltr'><strong>τις</strong></span> <span class='ocrx_word' id='word_1_201' title='bbox 3577 1745 3668 1798; x_wconf 75' lang='grc' dir='ltr'><strong>τὸν</strong></span> 
     </span>
    </p>
   </div>
   <div class='ocr_carea' id='block_1_33' title="bbox 397 1825 1980 1907">
    <p class='ocr_par' dir='ltr' id='par_1_33' title="bbox 397 1825 1980 1905">
     <span class='ocr_line' id='line_1_33' title="bbox 397 1825 1980 1905; baseline 0.006 -24"><span class='ocrx_word' id='word_1_202' title='bbox 397 1825 525 1896; x_wconf 87' lang='lat' dir='ltr'><strong>quis</strong></span> <span class='ocrx_word' id='word_1_203' title='bbox 558 1828 725 1882; x_wconf 89' lang='lat' dir='ltr'><strong>modo</strong></span> <span class='ocrx_word' id='word_1_204' title='bbox 762 1828 907 1884; x_wconf 81' lang='lat' dir='ltr'><strong>hosti</strong></span> <span class='ocrx_word' id='word_1_205' title='bbox 937 1828 1186 1885; x_wconf 89' lang='lat' dir='ltr'><strong>dolorem</strong></span> <span class='ocrx_word' id='word_1_206' title='bbox 1223 1833 1525 1888; x_wconf 88' lang='lat' dir='ltr'><strong>incusserit</strong></span> <span class='ocrx_word' id='word_1_207' title='bbox 1561 1852 1574 1887; x_wconf 90' lang='lat'><strong>:</strong></span> <span class='ocrx_word' id='word_1_208' title='bbox 1625 1835 1681 1889; x_wconf 91' lang='lat' dir='ltr'><strong>Si</strong></span> <span class='ocrx_word' id='word_1_209' title='bbox 1715 1836 1862 1905; x_wconf 89' lang='lat' dir='ltr'><strong>quis,</strong></span> <span class='ocrx_word' id='word_1_210' title='bbox 1895 1837 1980 1891; x_wconf 90' lang='lat' dir='ltr'><strong>in-</strong></span> 
     </span>
    </p>
   </div>
   <div class='ocr_carea' id='block_1_34' title="bbox 2115 1825 3667 1907">
    <p class='ocr_par' dir='ltr' id='par_1_34' title="bbox 2115 1832 3667 1907">
     <span class='ocr_line' id='line_1_34' title="bbox 2115 1832 3667 1907; baseline 0.003 -22"><span class='ocrx_word' id='word_1_211' title='bbox 2115 1832 2278 1903; x_wconf 80' lang='grc' dir='ltr'>χθρὸν</span> <span class='ocrx_word' id='word_1_212' title='bbox 2326 1832 2544 1904; x_wconf 75' lang='grc' dir='ltr'>λυπήσῃ</span> <span class='ocrx_word' id='word_1_213' title='bbox 2569 1874 2584 1900; x_wconf 87' lang='lat'><strong>,</strong></span> <span class='ocrx_word' id='word_1_214' title='bbox 2637 1833 2771 1904; x_wconf 77' lang='grc' dir='ltr'>ἐφη,</span> <span class='ocrx_word' id='word_1_215' title='bbox 2810 1833 3040 1890; x_wconf 83' lang='grc' dir='ltr'>Ἑαυτὸν</span> <span class='ocrx_word' id='word_1_216' title='bbox 3071 1837 3509 1906; x_wconf 78' lang='grc' dir='ltr'><strong>παρασκευάζων</strong></span> <span class='ocrx_word' id='word_1_217' title='bbox 3545 1837 3667 1907; x_wconf 82' lang='grc' dir='ltr'><strong>βέλ-</strong></span> 
     </span>
    </p>
   </div>
   <div class='ocr_carea' id='block_1_35' title="bbox 397 1921 1983 1994">
    <p class='ocr_par' dir='ltr' id='par_1_35' title="bbox 397 1921 1983 1994">
     <span class='ocr_line' id='line_1_35' title="bbox 397 1921 1983 1994; baseline 0.004 -20"><span class='ocrx_word' id='word_1_218' title='bbox 397 1921 538 1986; x_wconf 86' lang='lat' dir='ltr'><strong>quit,</strong></span> <span class='ocrx_word' id='word_1_219' title='bbox 577 1921 653 1974; x_wconf 90' lang='lat' dir='ltr'><strong>ita</strong></span> <span class='ocrx_word' id='word_1_220' title='bbox 683 1936 741 1977; x_wconf 92' lang='lat' dir='ltr'><strong>se</strong></span> <span class='ocrx_word' id='word_1_221' title='bbox 772 1932 1077 1993; x_wconf 87' lang='lat' dir='ltr'><strong>comparet,</strong></span> <span class='ocrx_word' id='word_1_222' title='bbox 1111 1933 1173 1978; x_wconf 88' lang='lat' dir='ltr'><strong>ut</strong></span> <span class='ocrx_word' id='word_1_223' title='bbox 1199 1940 1364 1994; x_wconf 89' lang='lat' dir='ltr'><strong>quam</strong></span> <span class='ocrx_word' id='word_1_224' title='bbox 1385 1925 1594 1994; x_wconf 89' lang='lat' dir='ltr'><strong>optime</strong></span> <span class='ocrx_word' id='word_1_225' title='bbox 1621 1926 1790 1980; x_wconf 89' lang='lat' dir='ltr'><strong>vitam</strong></span> <span class='ocrx_word' id='word_1_226' title='bbox 1823 1927 1983 1981; x_wconf 89' lang='lat' dir='ltr'><strong>insti-</strong></span> 
     </span>
    </p>
   </div>
   <div class='ocr_carea' id='block_1_36' title="bbox 397 2020 540 2070">
    <p class='ocr_par' dir='ltr' id='par_1_36' title="bbox 397 2020 540 2070">
     <span class='ocr_line' id='line_1_36' title="bbox 397 2020 540 2070; baseline 0.014 -4"><span class='ocrx_word' id='word_1_227' title='bbox 397 2020 540 2070; x_wconf 84' lang='lat' dir='ltr'><strong>tuat.</strong></span> 
     </span>
    </p>
   </div>
   <div class='ocr_carea' id='block_1_37' title="bbox 461 2105 1978 2177">
    <p class='ocr_par' dir='ltr' id='par_1_37' title="bbox 461 2105 1978 2177">
     <span class='ocr_line' id='line_1_37' title="bbox 461 2105 1978 2177; baseline 0.003 -17"><span class='ocrx_word' id='word_1_228' title='bbox 461 2105 818 2176; x_wconf 79' lang='lat' dir='ltr'><strong>lnsipientes,</strong></span> <span class='ocrx_word' id='word_1_229' title='bbox 854 2114 1112 2176; x_wconf 87' lang='lat' dir='ltr'><strong>tempus;</strong></span> <span class='ocrx_word' id='word_1_230' title='bbox 1143 2107 1424 2177; x_wconf 86' lang='lat' dir='ltr'><strong>sapientes</strong></span> <span class='ocrx_word' id='word_1_231' title='bbox 1450 2115 1636 2164; x_wconf 89' lang='lat' dir='ltr'><strong>autem</strong></span> <span class='ocrx_word' id='word_1_232' title='bbox 1675 2109 1819 2164; x_wconf 88' lang='lat' dir='ltr'><strong>ratio</strong></span> <span class='ocrx_word' id='word_1_233' title='bbox 1843 2123 1978 2165; x_wconf 86' lang='lat' dir='ltr'><strong>moe-</strong></span> 
     </span>
    </p>
   </div>
   <div class='ocr_carea' id='block_1_38' title="bbox 393 2197 762 2252">
    <p class='ocr_par' dir='ltr' id='par_1_38' title="bbox 393 2197 762 2252">
     <span class='ocr_line' id='line_1_38' title="bbox 393 2197 762 2252; baseline 0.005 -3"><span class='ocrx_word' id='word_1_234' title='bbox 393 2210 519 2252; x_wconf 92' lang='lat' dir='ltr'><strong>rore</strong></span> <span class='ocrx_word' id='word_1_235' title='bbox 540 2197 762 2251; x_wconf 85' lang='lat' dir='ltr'><strong>liberat.</strong></span> 
     </span>
    </p>
   </div>
   <div class='ocr_carea' id='block_1_39' title="bbox 457 2289 1974 2362">
    <p class='ocr_par' dir='ltr' id='par_1_39' title="bbox 457 2289 1974 2362">
     <span class='ocr_line' id='line_1_39' title="bbox 457 2289 1974 2362; baseline 0.001 -17"><span class='ocrx_word' id='word_1_236' title='bbox 457 2289 781 2362; x_wconf 72' lang='lat' dir='ltr'><strong>‘Passidippi.</strong></span> <span class='ocrx_word' id='word_1_237' title='bbox 804 2318 874 2331; x_wconf 91' lang='lat'><strong>——</strong></span> <span class='ocrx_word' id='word_1_238' title='bbox 911 2289 1088 2346; x_wconf 80' lang='lat' dir='ltr'><strong>Nemo</strong></span> <span class='ocrx_word' id='word_1_239' title='bbox 1115 2289 1224 2357; x_wconf 74' lang='lat' dir='ltr'><strong>&#39;cst,</strong></span> <span class='ocrx_word' id='word_1_240' title='bbox 1284 2291 1454 2346; x_wconf 91' lang='lat' dir='ltr'><strong>homo</strong></span> <span class='ocrx_word' id='word_1_241' title='bbox 1502 2305 1627 2346; x_wconf 89' lang='lat' dir='ltr'><strong>cum</strong></span> <span class='ocrx_word' id='word_1_242' title='bbox 1659 2291 1750 2355; x_wconf 87' lang='lat' dir='ltr'><strong>sit,</strong></span> <span class='ocrx_word' id='word_1_243' title='bbox 1780 2291 1875 2361; x_wconf 89' lang='lat' dir='ltr'><strong>qui</strong></span> <span class='ocrx_word' id='word_1_244' title='bbox 1906 2291 1974 2347; x_wconf 87' lang='lat' dir='ltr'><strong>ab</strong></span> 
     </span>
    </p>
   </div>
   <div class='ocr_carea' id='block_1_40' title="bbox 391 2382 1975 2456">
    <p class='ocr_par' dir='ltr' id='par_1_40' title="bbox 391 2382 1975 2456">
     <span class='ocr_line' id='line_1_40' title="bbox 391 2382 1975 2456; baseline -0.001 -16"><span class='ocrx_word' id='word_1_245' title='bbox 391 2382 545 2440; x_wconf 86' lang='lat' dir='ltr'><strong>omni</strong></span> <span class='ocrx_word' id='word_1_246' title='bbox 580 2384 883 2440; x_wconf 89' lang='lat' dir='ltr'><strong>immunem</strong></span> <span class='ocrx_word' id='word_1_247' title='bbox 905 2383 1097 2439; x_wconf 90' lang='lat' dir='ltr'><strong>dolore</strong></span> <span class='ocrx_word' id='word_1_248' title='bbox 1124 2398 1189 2439; x_wconf 91' lang='lat' dir='ltr'><strong>ac</strong></span> <span class='ocrx_word' id='word_1_249' title='bbox 1220 2384 1445 2439; x_wconf 86' lang='lat' dir='ltr'><strong>tristitia</strong></span> <span class='ocrx_word' id='word_1_250' title='bbox 1475 2385 1642 2440; x_wconf 86' lang='lat' dir='ltr'><strong>vitam</strong></span> <span class='ocrx_word' id='word_1_251' title='bbox 1663 2384 1824 2456; x_wconf 79' lang='lat'><strong>615</strong></span> <span class='ocrx_word' id='word_1_252' title='bbox 1846 2399 1975 2455; x_wconf 86' lang='lat' dir='ltr'><strong>ege-</strong></span> 
     </span>
    </p>
   </div>
   <div class='ocr_carea' id='block_1_41' title="bbox 391 2476 1973 2555">
    <p class='ocr_par' dir='ltr' id='par_1_41' title="bbox 391 2476 1973 2555">
     <span class='ocr_line' id='line_1_41' title="bbox 391 2476 1973 2555; baseline 0.001 -24"><span class='ocrx_word' id='word_1_253' title='bbox 391 2476 504 2545; x_wconf 88' lang='lat' dir='ltr'><strong>rit;</strong></span> <span class='ocrx_word' id='word_1_254' title='bbox 539 2492 644 2533; x_wconf 89' lang='lat' dir='ltr'><strong>nec</strong></span> <span class='ocrx_word' id='word_1_255' title='bbox 666 2477 757 2533; x_wconf 91' lang='lat' dir='ltr'><strong>cui</strong></span> <span class='ocrx_word' id='word_1_256' title='bbox 785 2477 843 2531; x_wconf 90' lang='lat' dir='ltr'><strong>in</strong></span> <span class='ocrx_word' id='word_1_257' title='bbox 857 2476 1023 2532; x_wconf 86' lang='lat' dir='ltr'><strong>ﬁnem</strong></span> <span class='ocrx_word' id='word_1_258' title='bbox 1060 2492 1237 2550; x_wconf 86' lang='lat' dir='ltr'><strong>usque</strong></span> <span class='ocrx_word' id='word_1_259' title='bbox 1270 2476 1449 2533; x_wconf 78' lang='lat' dir='ltr'><strong>fauste</strong></span> <span class='ocrx_word' id='word_1_260' title='bbox 1467 2493 1531 2532; x_wconf 93' lang='lat' dir='ltr'><strong>ac</strong></span> <span class='ocrx_word' id='word_1_261' title='bbox 1555 2493 1820 2555; x_wconf 86' lang='lat' dir='ltr'><strong>prospere</strong></span> <span class='ocrx_word' id='word_1_262' title='bbox 1849 2492 1973 2532; x_wconf 89' lang='lat' dir='ltr'><strong>ces-</strong></span> 
     </span>
    </p>
   </div>
   <div class='ocr_carea' id='block_1_42' title="bbox 390 2570 556 2626">
    <p class='ocr_par' dir='ltr' id='par_1_42' title="bbox 390 2570 556 2626">
     <span class='ocr_line' id='line_1_42' title="bbox 390 2570 556 2626; baseline 0 0"><span class='ocrx_word' id='word_1_263' title='bbox 390 2570 556 2626; x_wconf 83' lang='lat' dir='ltr'><strong>serit.</strong></span> 
     </span>
    </p>
   </div>
   <div class='ocr_carea' id='block_1_43' title="bbox 460 2661 1980 2735">
    <p class='ocr_par' dir='ltr' id='par_1_43' title="bbox 460 2661 1980 2735">
     <span class='ocr_line' id='line_1_43' title="bbox 460 2661 1980 2735; baseline 0 -18"><span class='ocrx_word' id='word_1_264' title='bbox 460 2661 709 2733; x_wconf 82' lang='lat' dir='ltr'><strong>Euripid.</strong></span> <span class='ocrx_word' id='word_1_265' title='bbox 735 2693 804 2703; x_wconf 86' lang='lat'><strong>-—</strong></span> <span class='ocrx_word' id='word_1_266' title='bbox 837 2663 1077 2719; x_wconf 78' lang='lat' dir='ltr'><strong>lnnullo</strong></span> <span class='ocrx_word' id='word_1_267' title='bbox 1108 2661 1220 2717; x_wconf 92' lang='lat' dir='ltr'><strong>vita</strong></span> <span class='ocrx_word' id='word_1_268' title='bbox 1257 2662 1496 2719; x_wconf 86' lang='lat' dir='ltr'><strong>inveniri</strong></span> <span class='ocrx_word' id='word_1_269' title='bbox 1540 2670 1726 2735; x_wconf 88' lang='lat' dir='ltr'><strong>potest</strong></span> <span class='ocrx_word' id='word_1_270' title='bbox 1763 2661 1833 2718; x_wconf 90' lang='lat' dir='ltr'><strong>ab</strong></span> <span class='ocrx_word' id='word_1_271' title='bbox 1860 2675 1980 2718; x_wconf 88' lang='lat' dir='ltr'><strong>om-</strong></span> 
     </span>
    </p>
   </div>
   <div class='ocr_carea' id='block_1_44' title="bbox 389 2751 1336 2812">
    <p class='ocr_par' dir='ltr' id='par_1_44' title="bbox 389 2751 1336 2812">
     <span class='ocr_line' id='line_1_44' title="bbox 389 2751 1336 2812; baseline -0.002 0"><span class='ocrx_word' id='word_1_272' title='bbox 389 2751 450 2812; x_wconf 87' lang='lat' dir='ltr'><strong>ni</strong></span> <span class='ocrx_word' id='word_1_273' title='bbox 471 2753 664 2812; x_wconf 87' lang='lat' dir='ltr'><strong>dolore</strong></span> <span class='ocrx_word' id='word_1_274' title='bbox 697 2771 762 2811; x_wconf 90' lang='lat' dir='ltr'><strong>ac</strong></span> <span class='ocrx_word' id='word_1_275' title='bbox 791 2755 1017 2811; x_wconf 86' lang='lat' dir='ltr'><strong>tristitia</strong></span> <span class='ocrx_word' id='word_1_276' title='bbox 1050 2756 1336 2810; x_wconf 88' lang='lat' dir='ltr'><strong>immunis.</strong></span> 
     </span>
    </p>
   </div>
   <div class='ocr_carea' id='block_1_45' title="bbox 942 2908 1408 2967">
    <p class='ocr_par' dir='ltr' id='par_1_45' title="bbox 942 2908 1408 2967">
     <span class='ocr_line' id='line_1_45' title="bbox 942 2908 1408 2967; baseline -0.002 0"><span class='ocrx_word' id='word_1_277' title='bbox 942 2909 1174 2967; x_wconf 81' lang='lat' dir='ltr'><strong>SERMO</strong></span> <span class='ocrx_word' id='word_1_278' title='bbox 1211 2908 1408 2966; x_wconf 81' lang='lat' dir='ltr'><strong>XXIX.</strong></span> 
     </span>
    </p>
   </div>
   <div class='ocr_carea' id='block_1_46' title="bbox 1021 3005 1326 3060">
    <p class='ocr_par' dir='ltr' id='par_1_46' title="bbox 1021 3005 1326 3060">
     <span class='ocr_line' id='line_1_46' title="bbox 1021 3005 1326 3060; baseline 0.003 -1"><span class='ocrx_word' id='word_1_279' title='bbox 1021 3005 1100 3059; x_wconf 85' lang='lat' dir='ltr'><strong>De</strong></span> <span class='ocrx_word' id='word_1_280' title='bbox 1121 3022 1326 3060; x_wconf 80' lang='lat' dir='ltr'><strong>somno.</strong></span> 
     </span>
    </p>
   </div>
   <div class='ocr_carea' id='block_1_47' title="bbox 2085 1922 2564 1993">
    <p class='ocr_par' dir='ltr' id='par_1_47' title="bbox 2085 1922 2564 1993">
     <span class='ocr_line' id='line_1_47' title="bbox 2085 1922 2564 1993; baseline 0.004 -17"><span class='ocrx_word' id='word_1_281' title='bbox 2085 1939 2244 1976; x_wconf 87' lang='grc' dir='ltr'>τιστα</span> <span class='ocrx_word' id='word_1_282' title='bbox 2278 1922 2564 1993; x_wconf 82' lang='grc' dir='ltr'>πράττειν.</span> 
     </span>
    </p>
   </div>
   <div class='ocr_carea' id='block_1_48' title="bbox 2150 2102 3667 2176">
    <p class='ocr_par' dir='ltr' id='par_1_48' title="bbox 2150 2102 3667 2176">
     <span class='ocr_line' id='line_1_48' title="bbox 2150 2102 3667 2176; baseline 0.002 -20"><span class='ocrx_word' id='word_1_283' title='bbox 2150 2102 2292 2166; x_wconf 81' lang='grc' dir='ltr'>Τοὺς</span> <span class='ocrx_word' id='word_1_284' title='bbox 2340 2102 2583 2173; x_wconf 78' lang='grc' dir='ltr'>ἄφρονας</span> <span class='ocrx_word' id='word_1_285' title='bbox 2621 2104 2649 2155; x_wconf 85' lang='grc' dir='ltr'><strong>ὁ</strong></span> <span class='ocrx_word' id='word_1_286' title='bbox 2688 2103 2908 2172; x_wconf 75' lang='grc' dir='ltr'>χρόνοςο</span> <span class='ocrx_word' id='word_1_287' title='bbox 2957 2104 3084 2168; x_wconf 79' lang='grc' dir='ltr'>τοὺς</span> <span class='ocrx_word' id='word_1_288' title='bbox 3111 2103 3167 2157; x_wconf 84' lang='grc' dir='ltr'>δὲ</span> <span class='ocrx_word' id='word_1_289' title='bbox 3202 2105 3500 2176; x_wconf 75' lang='grc' dir='ltr'>φρονίμους</span> <span class='ocrx_word' id='word_1_290' title='bbox 3528 2107 3556 2160; x_wconf 83' lang='grc' dir='ltr'><strong>ὁ</strong></span> <span class='ocrx_word' id='word_1_291' title='bbox 3580 2104 3667 2159; x_wconf 82' lang='grc' dir='ltr'><strong>λό-</strong></span> 
     </span>
    </p>
   </div>
   <div class='ocr_carea' id='block_1_49' title="bbox 2081 2191 2896 2264">
    <p class='ocr_par' dir='ltr' id='par_1_49' title="bbox 2081 2191 2896 2264">
     <span class='ocr_line' id='line_1_49' title="bbox 2081 2191 2896 2264; baseline 0.001 -18"><span class='ocrx_word' id='word_1_292' title='bbox 2081 2209 2177 2262; x_wconf 87' lang='grc' dir='ltr'><strong>γος</strong></span> <span class='ocrx_word' id='word_1_293' title='bbox 2205 2193 2302 2264; x_wconf 80' lang='grc' dir='ltr'>τῆς</span> <span class='ocrx_word' id='word_1_294' title='bbox 2332 2191 2511 2264; x_wconf 86' lang='grc' dir='ltr'>λύπης</span> <span class='ocrx_word' id='word_1_295' title='bbox 2539 2193 2896 2248; x_wconf 85' lang='grc' dir='ltr'>ἀπαλλάττει.</span> 
     </span>
    </p>
   </div>
   <div class='ocr_carea' id='block_1_50' title="bbox 2156 2284 3661 2358">
    <p class='ocr_par' dir='ltr' id='par_1_50' title="bbox 2156 2284 3661 2358">
     <span class='ocr_line' id='line_1_50' title="bbox 2156 2284 3661 2358; baseline 0.002 -20"><span class='ocrx_word' id='word_1_296' title='bbox 2156 2284 2477 2339; x_wconf 82' lang='grc' dir='ltr'>Ποσσιδιπ.</span> <span class='ocrx_word' id='word_1_297' title='bbox 2527 2317 2601 2326; x_wconf 90' lang='grc'><strong>-</strong></span> <span class='ocrx_word' id='word_1_298' title='bbox 2649 2286 2840 2349; x_wconf 70' lang='grc' dir='ltr'>Οὐδεὶς</span> <span class='ocrx_word' id='word_1_299' title='bbox 2879 2286 3084 2350; x_wconf 81' lang='grc' dir='ltr'>ἄλυπος</span> <span class='ocrx_word' id='word_1_300' title='bbox 3117 2287 3208 2341; x_wconf 80' lang='grc' dir='ltr'>τὸν</span> <span class='ocrx_word' id='word_1_301' title='bbox 3236 2287 3351 2356; x_wconf 84' lang='grc' dir='ltr'>βίον</span> <span class='ocrx_word' id='word_1_302' title='bbox 3377 2287 3661 2358; x_wconf 81' lang='grc' dir='ltr'>διήγαγεν.</span> 
     </span>
    </p>
   </div>
   <div class='ocr_carea' id='block_1_51' title="bbox 2082 2370 3661 2450">
    <p class='ocr_par' dir='ltr' id='par_1_51' title="bbox 2082 2370 3661 2450">
     <span class='ocr_line' id='line_1_51' title="bbox 2082 2370 3661 2450; baseline 0.001 -19"><span class='ocrx_word' id='word_1_303' title='bbox 2082 2370 2368 2450; x_wconf 78' lang='grc' dir='ltr'>ἄνθρωπος</span> <span class='ocrx_word' id='word_1_304' title='bbox 2395 2376 2470 2430; x_wconf 84' lang='grc' dir='ltr'><strong>ῶν</strong></span> <span class='ocrx_word' id='word_1_305' title='bbox 2486 2393 2499 2408; x_wconf 79' lang='grc' dir='ltr'><strong>ο</strong></span> <span class='ocrx_word' id='word_1_306' title='bbox 2553 2370 2663 2430; x_wconf 68' lang='grc' dir='ltr'>οὔδ’</span> <span class='ocrx_word' id='word_1_307' title='bbox 2685 2377 2814 2449; x_wconf 85' lang='grc' dir='ltr'>ἄχρι</span> <span class='ocrx_word' id='word_1_308' title='bbox 2839 2378 2932 2431; x_wconf 80' lang='grc' dir='ltr'><strong>τοῦ</strong></span> <span class='ocrx_word' id='word_1_309' title='bbox 2954 2379 3141 2443; x_wconf 84' lang='grc' dir='ltr'>τέλους</span> <span class='ocrx_word' id='word_1_310' title='bbox 3166 2377 3376 2449; x_wconf 77' lang='grc' dir='ltr'><strong>ἔμεινεν</strong></span> <span class='ocrx_word' id='word_1_311' title='bbox 3398 2378 3661 2449; x_wconf 81' lang='grc' dir='ltr'>εὐτυχῶν.</span> 
     </span>
    </p>
   </div>
   <div class='ocr_carea' id='block_1_52' title="bbox 2139 2662 3664 2736">
    <p class='ocr_par' dir='ltr' id='par_1_52' title="bbox 2139 2662 3664 2736">
     <span class='ocr_line' id='line_1_52' title="bbox 2139 2662 3664 2736; baseline 0.005 -20"><span class='ocrx_word' id='word_1_312' title='bbox 2139 2662 2487 2732; x_wconf 79' lang='grc' dir='ltr'>Εὐριπίδ.-</span> <span class='ocrx_word' id='word_1_313' title='bbox 2500 2663 2612 2719; x_wconf 84' lang='grc' dir='ltr'>Οὐκ</span> <span class='ocrx_word' id='word_1_314' title='bbox 2637 2662 2784 2718; x_wconf 76' lang='grc' dir='ltr'>ἐστιν</span> <span class='ocrx_word' id='word_1_315' title='bbox 2812 2663 2993 2736; x_wconf 80' lang='grc' dir='ltr'>εὑρεῖν</span> <span class='ocrx_word' id='word_1_316' title='bbox 3016 2663 3132 2736; x_wconf 85' lang='grc' dir='ltr'>βίον</span> <span class='ocrx_word' id='word_1_317' title='bbox 3158 2662 3362 2720; x_wconf 75' lang='grc' dir='ltr'>ἄλυπον</span> <span class='ocrx_word' id='word_1_318' title='bbox 3391 2665 3448 2720; x_wconf 84' lang='grc' dir='ltr'>ὲν</span> <span class='ocrx_word' id='word_1_319' title='bbox 3465 2664 3664 2723; x_wconf 78' lang='grc' dir='ltr'>οὐδενί.</span> 
     </span>
    </p>
   </div>
   <div class='ocr_carea' id='block_1_53' title="bbox 2646 2909 3094 2970">
    <p class='ocr_par' dir='ltr' id='par_1_53' title="bbox 2646 2909 3094 2970">
     <span class='ocr_line' id='line_1_53' title="bbox 2646 2909 3094 2970; baseline 0.013 -6"><span class='ocrx_word' id='word_1_320' title='bbox 2646 2909 2869 2964; x_wconf 85' lang='grc' dir='ltr'><strong>ΛΟΓΟΣ</strong></span> <span class='ocrx_word' id='word_1_321' title='bbox 2901 2910 3010 2964; x_wconf 85' lang='grc' dir='ltr'><strong>ΚΘ¹</strong></span> <span class='ocrx_word' id='word_1_322' title='bbox 3027 2912 3094 2970; x_wconf 80' lang='grc'><strong>⁸⁸.</strong></span> 
     </span>
    </p>
   </div>
   <div class='ocr_carea' id='block_1_54' title="bbox 2672 3005 3059 3073">
    <p class='ocr_par' dir='ltr' id='par_1_54' title="bbox 2672 3005 3059 3073">
     <span class='ocr_line' id='line_1_54' title="bbox 2672 3005 3059 3073; baseline 0.003 -13"><span class='ocrx_word' id='word_1_323' title='bbox 2672 3005 2814 3073; x_wconf 76' lang='grc' dir='ltr'>Περὶ</span> <span class='ocrx_word' id='word_1_324' title='bbox 2844 3007 3059 3061; x_wconf 80' lang='grc' dir='ltr'>ὕπνου.</span> 
     </span>
    </p>
   </div>
   <div class='ocr_carea' id='block_1_55' title="bbox 458 3093 1980 3176">
    <p class='ocr_par' dir='ltr' id='par_1_55' title="bbox 458 3095 1970 3165">
     <span class='ocr_line' id='line_1_55' title="bbox 458 3095 1970 3165; baseline -0.003 -10"><span class='ocrx_word' id='word_1_325' title='bbox 458 3097 653 3156; x_wconf 82' lang='lat' dir='ltr'><strong>Matth.</strong></span> <span class='ocrx_word' id='word_1_326' title='bbox 685 3114 834 3163; x_wconf 74' lang='lat' dir='ltr'><strong>xxvr,</strong></span> <span class='ocrx_word' id='word_1_327' title='bbox 870 3096 960 3164; x_wconf 72' lang='grc' dir='ltr'><strong>ιο,</strong></span> <span class='ocrx_word' id='word_1_328' title='bbox 986 3097 1086 3165; x_wconf 72' lang='grc'><strong>41;</strong></span> <span class='ocrx_word' id='word_1_329' title='bbox 1120 3097 1289 3152; x_wconf 82' lang='lat' dir='ltr'><strong>Marc.</strong></span> <span class='ocrx_word' id='word_1_330' title='bbox 1313 3113 1425 3158; x_wconf 75' lang='lat' dir='ltr'><strong>11v,</strong></span> <span class='ocrx_word' id='word_1_331' title='bbox 1464 3098 1553 3153; x_wconf 77' lang='lat'><strong>57.</strong></span> <span class='ocrx_word' id='word_1_332' title='bbox 1577 3126 1648 3141; x_wconf 89' lang='lat'><strong>--</strong></span> <span class='ocrx_word' id='word_1_333' title='bbox 1693 3095 1858 3152; x_wconf 78' lang='lat' dir='ltr'><strong>Venit</strong></span> <span class='ocrx_word' id='word_1_334' title='bbox 1879 3095 1970 3151; x_wconf 80' lang='lat' dir='ltr'><strong>Je-</strong></span> 
     </span>
    </p>
   </div>
   <div class='ocr_carea' id='block_1_56' title="bbox 2115 3093 3666 3176">
    <p class='ocr_par' dir='ltr' id='par_1_56' title="bbox 2148 3093 3666 3171">
     <span class='ocr_line' id='line_1_56' title="bbox 2148 3093 3666 3171; baseline 0.001 -19"><span class='ocrx_word' id='word_1_335' title='bbox 2148 3097 2333 3152; x_wconf 80' lang='grc' dir='ltr'>Ματθ.</span> <span class='ocrx_word' id='word_1_336' title='bbox 2365 3101 2479 3159; x_wconf 70' lang='grc' dir='ltr'>σις’.</span> <span class='ocrx_word' id='word_1_337' title='bbox 2517 3097 2668 3164; x_wconf 82' lang='grc' dir='ltr'>Μαρ.</span> <span class='ocrx_word' id='word_1_338' title='bbox 2696 3093 2788 3148; x_wconf 84' lang='grc' dir='ltr'>ιδ’.</span> <span class='ocrx_word' id='word_1_339' title='bbox 2827 3101 3012 3150; x_wconf 84' lang='grc' dir='ltr'>Λουκ.</span> <span class='ocrx_word' id='word_1_340' title='bbox 3038 3095 3149 3150; x_wconf 78' lang='grc' dir='ltr'>κδ’.</span> <span class='ocrx_word' id='word_1_341' title='bbox 3169 3097 3456 3153; x_wconf 87' lang='grc' dir='ltr'>-Ἐλθὼν</span> <span class='ocrx_word' id='word_1_342' title='bbox 3485 3100 3514 3153; x_wconf 82' lang='grc' dir='ltr'><strong>ὁ</strong></span> <span class='ocrx_word' id='word_1_343' title='bbox 3551 3101 3666 3171; x_wconf 85' lang='grc' dir='ltr'><strong>Ἰη-</strong></span> 
     </span>
    </p>
   </div>
   <div class='ocr_carea' id='block_1_57' title="bbox 387 3189 1970 3261">
    <p class='ocr_par' dir='ltr' id='par_1_57' title="bbox 387 3189 1970 3261">
     <span class='ocr_line' id='line_1_57' title="bbox 387 3189 1970 3261; baseline -0.005 -12"><span class='ocrx_word' id='word_1_344' title='bbox 387 3206 507 3260; x_wconf 85' lang='lat' dir='ltr'><strong>sus,</strong></span> <span class='ocrx_word' id='word_1_345' title='bbox 538 3202 597 3248; x_wconf 86' lang='lat' dir='ltr'><strong>et</strong></span> <span class='ocrx_word' id='word_1_346' title='bbox 617 3190 834 3246; x_wconf 87' lang='lat' dir='ltr'><strong>invenit</strong></span> <span class='ocrx_word' id='word_1_347' title='bbox 863 3189 1170 3261; x_wconf 90' lang='lat' dir='ltr'><strong>discipulos</strong></span> <span class='ocrx_word' id='word_1_348' title='bbox 1199 3205 1332 3244; x_wconf 89' lang='lat' dir='ltr'><strong>suos</strong></span> <span class='ocrx_word' id='word_1_349' title='bbox 1379 3189 1756 3254; x_wconf 87' lang='lat' dir='ltr'><strong>dormientes;</strong></span> <span class='ocrx_word' id='word_1_350' title='bbox 1812 3194 1970 3242; x_wconf 89' lang='lat' dir='ltr'><strong>erant</strong></span> 
     </span>
    </p>
   </div>
   <div class='ocr_carea' id='block_1_58' title="bbox 387 3279 1972 3352">
    <p class='ocr_par' dir='ltr' id='par_1_58' title="bbox 387 3279 1972 3352">
     <span class='ocr_line' id='line_1_58' title="bbox 387 3279 1972 3352; baseline -0.004 -11"><span class='ocrx_word' id='word_1_351' title='bbox 387 3283 539 3342; x_wconf 86' lang='lat' dir='ltr'><strong>enim</strong></span> <span class='ocrx_word' id='word_1_352' title='bbox 574 3282 721 3338; x_wconf 89' lang='lat' dir='ltr'><strong>oculi</strong></span> <span class='ocrx_word' id='word_1_353' title='bbox 754 3297 950 3337; x_wconf 91' lang='lat' dir='ltr'><strong>eorum</strong></span> <span class='ocrx_word' id='word_1_354' title='bbox 981 3281 1215 3352; x_wconf 78' lang='lat' dir='ltr'><strong>gravati,</strong></span> <span class='ocrx_word' id='word_1_355' title='bbox 1247 3288 1305 3335; x_wconf 89' lang='lat' dir='ltr'><strong>et</strong></span> <span class='ocrx_word' id='word_1_356' title='bbox 1325 3280 1461 3335; x_wconf 85' lang='lat' dir='ltr'><strong>dicit</strong></span> <span class='ocrx_word' id='word_1_357' title='bbox 1482 3280 1594 3335; x_wconf 92' lang='lat' dir='ltr'><strong>eis:</strong></span> <span class='ocrx_word' id='word_1_358' title='bbox 1618 3279 1712 3335; x_wconf 91' lang='lat' dir='ltr'><strong>Sic</strong></span> <span class='ocrx_word' id='word_1_359' title='bbox 1734 3294 1844 3333; x_wconf 90' lang='lat' dir='ltr'><strong>non</strong></span> <span class='ocrx_word' id='word_1_360' title='bbox 1871 3294 1972 3348; x_wconf 90' lang='lat' dir='ltr'><strong>po-</strong></span> 
     </span>
    </p>
   </div>
   <div class='ocr_carea' id='block_1_59' title="bbox 388 3371 1969 3444">
    <p class='ocr_par' dir='ltr' id='par_1_59' title="bbox 388 3371 1969 3444">
     <span class='ocr_line' id='line_1_59' title="bbox 388 3371 1969 3444; baseline -0.006 -10"><span class='ocrx_word' id='word_1_361' title='bbox 388 3375 578 3435; x_wconf 81' lang='lat' dir='ltr'><strong>tuistis</strong></span> <span class='ocrx_word' id='word_1_362' title='bbox 645 3391 757 3430; x_wconf 93' lang='lat' dir='ltr'><strong>una</strong></span> <span class='ocrx_word' id='word_1_363' title='bbox 807 3374 946 3429; x_wconf 86' lang='lat' dir='ltr'><strong>hora</strong></span> <span class='ocrx_word' id='word_1_364' title='bbox 1004 3373 1236 3444; x_wconf 91' lang='lat' dir='ltr'><strong>vigilare</strong></span> <span class='ocrx_word' id='word_1_365' title='bbox 1297 3372 1563 3428; x_wconf 85' lang='lat' dir='ltr'><strong>mecum?</strong></span> <span class='ocrx_word' id='word_1_366' title='bbox 1619 3372 1719 3428; x_wconf 79' lang='lat' dir='ltr'><strong>Vel</strong></span> <span class='ocrx_word' id='word_1_367' title='bbox 1770 3371 1969 3426; x_wconf 86' lang='lat' dir='ltr'><strong>Judam</strong></span> 
     </span>
    </p>
   </div>
   <div class='ocr_carea' id='block_1_60' title="bbox 389 3464 1969 3539">
    <p class='ocr_par' dir='ltr' id='par_1_60' title="bbox 389 3464 1969 3539">
     <span class='ocr_line' id='line_1_60' title="bbox 389 3464 1969 3539; baseline -0.004 -14"><span class='ocrx_word' id='word_1_368' title='bbox 389 3469 601 3536; x_wconf 87' lang='lat' dir='ltr'><strong>videte,</strong></span> <span class='ocrx_word' id='word_1_369' title='bbox 649 3467 930 3539; x_wconf 87' lang='lat' dir='ltr'><strong>quomodo</strong></span> <span class='ocrx_word' id='word_1_370' title='bbox 985 3482 1098 3522; x_wconf 88' lang='lat' dir='ltr'><strong>non</strong></span> <span class='ocrx_word' id='word_1_371' title='bbox 1149 3466 1380 3521; x_wconf 87' lang='lat' dir='ltr'><strong>dormit.</strong></span> <span class='ocrx_word' id='word_1_372' title='bbox 1441 3464 1676 3536; x_wconf 80' lang='lat' dir='ltr'><strong>Vigilate</strong></span> <span class='ocrx_word' id='word_1_373' title='bbox 1730 3478 1863 3535; x_wconf 89' lang='lat' dir='ltr'><strong>ergo</strong></span> <span class='ocrx_word' id='word_1_374' title='bbox 1912 3472 1969 3519; x_wconf 88' lang='lat' dir='ltr'><strong>et</strong></span> 
     </span>
    </p>
   </div>
   <div class='ocr_carea' id='block_1_61' title="bbox 382 3569 565 3616">
    <p class='ocr_par' dir='ltr' id='par_1_61' title="bbox 382 3569 565 3616">
     <span class='ocr_line' id='line_1_61' title="bbox 382 3569 565 3616; baseline -0.011 0"><span class='ocrx_word' id='word_1_375' title='bbox 382 3569 565 3616; x_wconf 81' lang='lat' dir='ltr'><strong>orate.</strong></span> 
     </span>
    </p>
   </div>
   <div class='ocr_carea' id='block_1_62' title="bbox 455 3647 1968 3722">
    <p class='ocr_par' dir='ltr' id='par_1_62' title="bbox 455 3647 1968 3722">
     <span class='ocr_line' id='line_1_62' title="bbox 455 3647 1968 3722; baseline -0.006 -12"><span class='ocrx_word' id='word_1_376' title='bbox 455 3653 487 3710; x_wconf 90' lang='grc'><em>1</em></span> <span class='ocrx_word' id='word_1_377' title='bbox 513 3651 692 3708; x_wconf 76' lang='lat' dir='ltr'><strong>Thess.</strong></span> <span class='ocrx_word' id='word_1_378' title='bbox 721 3667 776 3716; x_wconf 90' lang='lat' dir='ltr'><strong>v,</strong></span> <span class='ocrx_word' id='word_1_379' title='bbox 815 3651 867 3707; x_wconf 92' lang='lat'><strong>6.</strong></span> <span class='ocrx_word' id='word_1_380' title='bbox 897 3682 968 3693; x_wconf 89' lang='lat'><strong>—</strong></span> <span class='ocrx_word' id='word_1_381' title='bbox 999 3649 1175 3722; x_wconf 83' lang='lat' dir='ltr'><strong>igitur</strong></span> <span class='ocrx_word' id='word_1_382' title='bbox 1228 3665 1338 3704; x_wconf 91' lang='lat' dir='ltr'><strong>non</strong></span> <span class='ocrx_word' id='word_1_383' title='bbox 1386 3647 1724 3704; x_wconf 88' lang='lat' dir='ltr'><strong>dormiamus</strong></span> <span class='ocrx_word' id='word_1_384' title='bbox 1747 3647 1890 3701; x_wconf 89' lang='lat' dir='ltr'><strong>sicut</strong></span> <span class='ocrx_word' id='word_1_385' title='bbox 1913 3652 1968 3701; x_wconf 88' lang='lat' dir='ltr'><strong>et</strong></span> 
     </span>
    </p>
   </div>
   <div class='ocr_carea' id='block_1_63' title="bbox 387 3738 1967 3815">
    <p class='ocr_par' dir='ltr' id='par_1_63' title="bbox 387 3738 1967 3815">
     <span class='ocr_line' id='line_1_63' title="bbox 387 3738 1967 3815; baseline -0.008 -13"><span class='ocrx_word' id='word_1_386' title='bbox 387 3745 596 3808; x_wconf 64' lang='lat' dir='ltr'><strong>caeteri,</strong></span> <span class='ocrx_word' id='word_1_387' title='bbox 621 3743 716 3799; x_wconf 90' lang='lat' dir='ltr'><strong>sed</strong></span> <span class='ocrx_word' id='word_1_388' title='bbox 738 3743 1051 3815; x_wconf 84' lang='lat' dir='ltr'><strong>vigilemus,</strong></span> <span class='ocrx_word' id='word_1_389' title='bbox 1097 3750 1160 3797; x_wconf 84' lang='lat' dir='ltr'><strong>et</strong></span> <span class='ocrx_word' id='word_1_390' title='bbox 1203 3741 1377 3798; x_wconf 86' lang='lat' dir='ltr'><strong>sobrii</strong></span> <span class='ocrx_word' id='word_1_391' title='bbox 1424 3741 1615 3796; x_wconf 89' lang='lat' dir='ltr'><strong>simus.</strong></span> <span class='ocrx_word' id='word_1_392' title='bbox 1667 3738 1774 3805; x_wconf 86' lang='lat' dir='ltr'><strong>Qui</strong></span> <span class='ocrx_word' id='word_1_393' title='bbox 1818 3738 1967 3792; x_wconf 92' lang='lat' dir='ltr'><strong>enim</strong></span> 
     </span>
    </p>
   </div>
   <div class='ocr_carea' id='block_1_64' title="bbox 385 3831 1967 3902">
    <p class='ocr_par' dir='ltr' id='par_1_64' title="bbox 385 3831 1967 3902">
     <span class='ocr_line' id='line_1_64' title="bbox 385 3831 1967 3902; baseline -0.008 -8"><span class='ocrx_word' id='word_1_394' title='bbox 385 3837 689 3902; x_wconf 86' lang='lat' dir='ltr'><strong>dormiunt,</strong></span> <span class='ocrx_word' id='word_1_395' title='bbox 716 3844 881 3890; x_wconf 91' lang='lat' dir='ltr'><strong>nocte</strong></span> <span class='ocrx_word' id='word_1_396' title='bbox 909 3834 1231 3899; x_wconf 87' lang='lat' dir='ltr'><strong>dormiunt;</strong></span> <span class='ocrx_word' id='word_1_397' title='bbox 1267 3841 1324 3887; x_wconf 92' lang='lat' dir='ltr'><strong>et</strong></span> <span class='ocrx_word' id='word_1_398' title='bbox 1347 3833 1443 3902; x_wconf 93' lang='lat' dir='ltr'><strong>qui</strong></span> <span class='ocrx_word' id='word_1_399' title='bbox 1465 3831 1606 3887; x_wconf 90' lang='lat' dir='ltr'><strong>ebrii</strong></span> <span class='ocrx_word' id='word_1_400' title='bbox 1627 3839 1777 3893; x_wconf 86' lang='lat' dir='ltr'><strong>sunt,</strong></span> <span class='ocrx_word' id='word_1_401' title='bbox 1802 3836 1967 3883; x_wconf 89' lang='lat' dir='ltr'><strong>nocte</strong></span> 
     </span>
    </p>
   </div>
   <div class='ocr_carea' id='block_1_65' title="bbox 383 3917 1967 3994">
    <p class='ocr_par' dir='ltr' id='par_1_65' title="bbox 383 3917 1967 3994">
     <span class='ocr_line' id='line_1_65' title="bbox 383 3917 1967 3994; baseline -0.009 -10"><span class='ocrx_word' id='word_1_402' title='bbox 383 3928 525 3984; x_wconf 84' lang='lat' dir='ltr'><strong>ebrii</strong></span> <span class='ocrx_word' id='word_1_403' title='bbox 559 3934 709 3984; x_wconf 86' lang='lat' dir='ltr'><strong>sunt.</strong></span> <span class='ocrx_word' id='word_1_404' title='bbox 736 3926 870 3982; x_wconf 86' lang='lat' dir='ltr'><strong>-Nos</strong></span> <span class='ocrx_word' id='word_1_405' title='bbox 903 3933 1091 3981; x_wconf 88' lang='lat' dir='ltr'><strong>autem</strong></span> <span class='ocrx_word' id='word_1_406' title='bbox 1135 3924 1231 3994; x_wconf 88' lang='lat' dir='ltr'><strong>qui</strong></span> <span class='ocrx_word' id='word_1_407' title='bbox 1263 3923 1375 3977; x_wconf 91' lang='lat' dir='ltr'><strong>diei</strong></span> <span class='ocrx_word' id='word_1_408' title='bbox 1417 3936 1631 3986; x_wconf 85' lang='lat' dir='ltr'><strong>sumus,</strong></span> <span class='ocrx_word' id='word_1_409' title='bbox 1682 3918 1854 3976; x_wconf 91' lang='lat' dir='ltr'><strong>sobrii</strong></span> <span class='ocrx_word' id='word_1_410' title='bbox 1887 3917 1967 3972; x_wconf 89' lang='lat' dir='ltr'><strong>si-</strong></span> 
     </span>
    </p>
   </div>
   <div class='ocr_carea' id='block_1_66' title="bbox 385 4035 530 4077">
    <p class='ocr_par' dir='ltr' id='par_1_66' title="bbox 385 4035 530 4077">
     <span class='ocr_line' id='line_1_66' title="bbox 385 4035 530 4077; baseline -0.014 0"><span class='ocrx_word' id='word_1_411' title='bbox 385 4035 530 4077; x_wconf 90' lang='lat' dir='ltr'><strong>mus.</strong></span> 
     </span>
    </p>
   </div>
   <div class='ocr_carea' id='block_1_67' title="bbox 452 4103 1966 4175">
    <p class='ocr_par' dir='ltr' id='par_1_67' title="bbox 452 4103 1966 4175">
     <span class='ocr_line' id='line_1_67' title="bbox 452 4103 1966 4175; baseline -0.007 -9"><span class='ocrx_word' id='word_1_412' title='bbox 452 4110 617 4166; x_wconf 80' lang='lat' dir='ltr'><strong>Prov.</strong></span> <span class='ocrx_word' id='word_1_413' title='bbox 676 4103 890 4173; x_wconf 75' lang='lat' dir='ltr'><strong>xxm,2.</strong></span> <span class='ocrx_word' id='word_1_414' title='bbox 926 4135 995 4147; x_wconf 89' lang='lat'><strong>--</strong></span> <span class='ocrx_word' id='word_1_415' title='bbox 1058 4104 1318 4161; x_wconf 88' lang='lat' dir='ltr'><strong>Induitur</strong></span> <span class='ocrx_word' id='word_1_416' title='bbox 1377 4103 1627 4175; x_wconf 89' lang='lat' dir='ltr'><strong>disrupta</strong></span> <span class='ocrx_word' id='word_1_417' title='bbox 1668 4113 1724 4159; x_wconf 90' lang='lat' dir='ltr'><strong>et</strong></span> <span class='ocrx_word' id='word_1_418' title='bbox 1783 4103 1966 4162; x_wconf 87' lang='lat' dir='ltr'><strong>lacera</strong></span> 
     </span>
    </p>
   </div>
   <div class='ocr_carea' id='block_1_68' title="bbox 385 4200 988 4257">
    <p class='ocr_par' dir='ltr' id='par_1_68' title="bbox 385 4200 988 4257">
     <span class='ocr_line' id='line_1_68' title="bbox 385 4200 988 4257; baseline -0.005 0"><span class='ocrx_word' id='word_1_419' title='bbox 385 4200 569 4257; x_wconf 88' lang='lat' dir='ltr'><strong>omnis</strong></span> <span class='ocrx_word' id='word_1_420' title='bbox 589 4201 988 4256; x_wconf 89' lang='lat' dir='ltr'><strong>somnolentus.</strong></span> 
     </span>
    </p>
   </div>
   <div class='ocr_carea' id='block_1_69' title="bbox 448 4286 1965 4360">
    <p class='ocr_par' dir='ltr' id='par_1_69' title="bbox 448 4286 1965 4360">
     <span class='ocr_line' id='line_1_69' title="bbox 448 4286 1965 4360; baseline -0.005 -12"><span class='ocrx_word' id='word_1_421' title='bbox 448 4291 618 4348; x_wconf 35' lang='lat' dir='ltr'><strong>r-Eccli.</strong></span> <span class='ocrx_word' id='word_1_422' title='bbox 646 4290 836 4359; x_wconf 58' lang='lat'><strong>“11,9.</strong></span> <span class='ocrx_word' id='word_1_423' title='bbox 925 4319 992 4334; x_wconf 82' lang='lat'><strong>--</strong></span> <span class='ocrx_word' id='word_1_424' title='bbox 1027 4288 1359 4347; x_wconf 91' lang='lat' dir='ltr'><strong>Sollicitudo</strong></span> <span class='ocrx_word' id='word_1_425' title='bbox 1409 4287 1726 4360; x_wconf 88' lang='lat' dir='ltr'><strong>vigiliarum</strong></span> <span class='ocrx_word' id='word_1_426' title='bbox 1789 4286 1965 4346; x_wconf 81' lang='lat' dir='ltr'><strong>inter-</strong></span> 
     </span>
    </p>
   </div>
   <div class='ocr_carea' id='block_1_70' title="bbox 385 4383 1118 4456">
    <p class='ocr_par' dir='ltr' id='par_1_70' title="bbox 385 4383 1118 4456">
     <span class='ocr_line' id='line_1_70' title="bbox 385 4383 1118 4456; baseline -0.001 -17"><span class='ocrx_word' id='word_1_427' title='bbox 385 4384 615 4456; x_wconf 86' lang='lat' dir='ltr'><strong>pellabit</strong></span> <span class='ocrx_word' id='word_1_428' title='bbox 645 4383 1118 4438; x_wconf 89' lang='lat' dir='ltr'><strong>dormitationem.</strong></span> 
     </span>
    </p>
   </div>
   <div class='ocr_carea' id='block_1_71' title="bbox 2074 3182 3668 3265">
    <p class='ocr_par' dir='ltr' id='par_1_71' title="bbox 2074 3182 3668 3265">
     <span class='ocr_line' id='line_1_71' title="bbox 2074 3182 3668 3265; baseline 0.006 -25"><span class='ocrx_word' id='word_1_429' title='bbox 2074 3187 2200 3249; x_wconf 78' lang='grc' dir='ltr'>σούς</span> <span class='ocrx_word' id='word_1_430' title='bbox 2225 3229 2239 3253; x_wconf 92' lang='grc'><strong>,</strong></span> <span class='ocrx_word' id='word_1_431' title='bbox 2276 3182 2402 3258; x_wconf 76' lang='grc' dir='ltr'>εὗρε</span> <span class='ocrx_word' id='word_1_432' title='bbox 2433 3187 2560 3249; x_wconf 74' lang='grc' dir='ltr'>τοὺς</span> <span class='ocrx_word' id='word_1_433' title='bbox 2590 3188 2840 3258; x_wconf 82' lang='grc' dir='ltr'>μαθητὰς</span> <span class='ocrx_word' id='word_1_434' title='bbox 2869 3188 3034 3242; x_wconf 79' lang='grc' dir='ltr'>αὑτοῦ</span> <span class='ocrx_word' id='word_1_435' title='bbox 3062 3190 3421 3256; x_wconf 81' lang='grc' dir='ltr'><strong>καθεύδοντας</strong></span> <span class='ocrx_word' id='word_1_436' title='bbox 3444 3210 3459 3224; x_wconf 87' lang='grc'><strong>·</strong></span> <span class='ocrx_word' id='word_1_437' title='bbox 3516 3191 3668 3265; x_wconf 80' lang='grc' dir='ltr'>ἦσαν</span> 
     </span>
    </p>
   </div>
   <div class='ocr_carea' id='block_1_72' title="bbox 2070 3278 3668 3354">
    <p class='ocr_par' dir='ltr' id='par_1_72' title="bbox 2070 3278 3668 3354">
     <span class='ocr_line' id='line_1_72' title="bbox 2070 3278 3668 3354; baseline 0.006 -23"><span class='ocrx_word' id='word_1_438' title='bbox 2070 3279 2180 3351; x_wconf 82' lang='grc' dir='ltr'><strong>γὰρ</strong></span> <span class='ocrx_word' id='word_1_439' title='bbox 2233 3281 2281 3332; x_wconf 89' lang='grc' dir='ltr'><strong>οἱ</strong></span> <span class='ocrx_word' id='word_1_440' title='bbox 2335 3278 2608 3348; x_wconf 76' lang='grc' dir='ltr'>ὀφθαλμοὶ</span> <span class='ocrx_word' id='word_1_441' title='bbox 2661 3279 2840 3332; x_wconf 79' lang='grc' dir='ltr'>αὐτῶν</span> <span class='ocrx_word' id='word_1_442' title='bbox 2897 3280 3305 3352; x_wconf 79' lang='grc' dir='ltr'>βεϐαρημένοι,</span> <span class='ocrx_word' id='word_1_443' title='bbox 3367 3286 3462 3338; x_wconf 74' lang='grc' dir='ltr'>καὶ</span> <span class='ocrx_word' id='word_1_444' title='bbox 3511 3286 3668 3354; x_wconf 83' lang='grc' dir='ltr'>λέγει</span> 
     </span>
    </p>
   </div>
   <div class='ocr_carea' id='block_1_73' title="bbox 2069 3367 3669 3447">
    <p class='ocr_par' dir='ltr' id='par_1_73' title="bbox 2069 3367 3669 3447">
     <span class='ocr_line' id='line_1_73' title="bbox 2069 3367 3669 3447; baseline 0.004 -23"><span class='ocrx_word' id='word_1_445' title='bbox 2069 3372 2252 3432; x_wconf 81' lang='grc' dir='ltr'>αὐτοῖς</span> <span class='ocrx_word' id='word_1_446' title='bbox 2271 3411 2286 3436; x_wconf 89' lang='grc'><strong>,</strong></span> <span class='ocrx_word' id='word_1_447' title='bbox 2335 3367 2524 3431; x_wconf 80' lang='grc' dir='ltr'>Οὕτως</span> <span class='ocrx_word' id='word_1_448' title='bbox 2555 3371 2659 3423; x_wconf 85' lang='grc' dir='ltr'><strong>οὐκ</strong></span> <span class='ocrx_word' id='word_1_449' title='bbox 2687 3371 2943 3441; x_wconf 76' lang='grc' dir='ltr'><strong>ἰσχύσατε</strong></span> <span class='ocrx_word' id='word_1_450' title='bbox 2976 3373 3105 3443; x_wconf 85' lang='grc' dir='ltr'>μίαν</span> <span class='ocrx_word' id='word_1_451' title='bbox 3135 3373 3282 3444; x_wconf 82' lang='grc' dir='ltr'>ὥραν</span> <span class='ocrx_word' id='word_1_452' title='bbox 3309 3377 3669 3447; x_wconf 81' lang='grc' dir='ltr'>γρηγορῆσαι</span> 
     </span>
    </p>
   </div>
   <div class='ocr_carea' id='block_1_74' title="bbox 2072 3461 3668 3539">
    <p class='ocr_par' dir='ltr' id='par_1_74' title="bbox 2072 3461 3668 3539">
     <span class='ocr_line' id='line_1_74' title="bbox 2072 3461 3668 3539; baseline 0.004 -23"><span class='ocrx_word' id='word_1_453' title='bbox 2072 3465 2189 3532; x_wconf 85' lang='grc' dir='ltr'>μετ’</span> <span class='ocrx_word' id='word_1_454' title='bbox 2235 3461 2390 3530; x_wconf 80' lang='grc' dir='ltr'>ἐμοῦ.</span> <span class='ocrx_word' id='word_1_455' title='bbox 2455 3461 2576 3515; x_wconf 80' lang='grc' dir='ltr'>Κᾶν</span> <span class='ocrx_word' id='word_1_456' title='bbox 2617 3462 2711 3514; x_wconf 85' lang='grc' dir='ltr'>τὸν</span> <span class='ocrx_word' id='word_1_457' title='bbox 2750 3463 2948 3517; x_wconf 88' lang='grc' dir='ltr'>Ἰούδαν</span> <span class='ocrx_word' id='word_1_458' title='bbox 3009 3466 3280 3521; x_wconf 82' lang='grc' dir='ltr'>θεάσασθε</span> <span class='ocrx_word' id='word_1_459' title='bbox 3323 3471 3384 3539; x_wconf 85' lang='grc' dir='ltr'><strong>(ι)</strong></span> <span class='ocrx_word' id='word_1_460' title='bbox 3431 3471 3550 3534; x_wconf 89' lang='grc' dir='ltr'><strong>πῶς</strong></span> <span class='ocrx_word' id='word_1_461' title='bbox 3600 3471 3668 3523; x_wconf 85' lang='grc' dir='ltr'>οὐ</span> 
     </span>
    </p>
   </div>
   <div class='ocr_carea' id='block_1_75' title="bbox 2071 3549 3435 3628">
    <p class='ocr_par' dir='ltr' id='par_1_75' title="bbox 2071 3549 3435 3628">
     <span class='ocr_line' id='line_1_75' title="bbox 2071 3549 3435 3628; baseline 0.004 -21"><span class='ocrx_word' id='word_1_462' title='bbox 2071 3553 2345 3612; x_wconf 81' lang='grc' dir='ltr'>καθεύδει.</span> <span class='ocrx_word' id='word_1_463' title='bbox 2380 3553 2714 3624; x_wconf 82' lang='grc' dir='ltr'>Γρηγορεῖτε</span> <span class='ocrx_word' id='word_1_464' title='bbox 2745 3549 2841 3607; x_wconf 86' lang='grc' dir='ltr'>οὗν</span> <span class='ocrx_word' id='word_1_465' title='bbox 2871 3556 2967 3607; x_wconf 76' lang='grc' dir='ltr'>καὶ</span> <span class='ocrx_word' id='word_1_466' title='bbox 2998 3557 3388 3628; x_wconf 85' lang='grc' dir='ltr'>προσεύχεσθε.</span> <span class='ocrx_word' id='word_1_467' title='bbox 3433 3611 3435 3613; x_wconf 80' lang='grc'><strong>,</strong></span> 
     </span>
    </p>
   </div>
   <div class='ocr_carea' id='block_1_76' title="bbox 2141 3641 3668 3721">
    <p class='ocr_par' dir='ltr' id='par_1_76' title="bbox 2141 3641 3668 3721">
     <span class='ocr_line' id='line_1_76' title="bbox 2141 3641 3668 3721; baseline 0.005 -21"><span class='ocrx_word' id='word_1_468' title='bbox 2141 3645 2195 3700; x_wconf 82' lang='grc' dir='ltr'>α’</span> <span class='ocrx_word' id='word_1_469' title='bbox 2225 3648 2452 3700; x_wconf 80' lang='grc' dir='ltr'>Θεσ.ε¹.</span> <span class='ocrx_word' id='word_1_470' title='bbox 2493 3675 2564 3686; x_wconf 92' lang='lat'><strong><em>—</em></strong></span> <span class='ocrx_word' id='word_1_471' title='bbox 2606 3646 2748 3717; x_wconf 82' lang='grc' dir='ltr'>’Λρα</span> <span class='ocrx_word' id='word_1_472' title='bbox 2791 3641 2882 3699; x_wconf 84' lang='grc' dir='ltr'>οὖν</span> <span class='ocrx_word' id='word_1_473' title='bbox 2940 3647 3016 3719; x_wconf 79' lang='grc' dir='ltr'>μὴ</span> <span class='ocrx_word' id='word_1_474' title='bbox 3061 3649 3412 3721; x_wconf 80' lang='grc' dir='ltr'>καθεύδωμεν</span> <span class='ocrx_word' id='word_1_475' title='bbox 3455 3650 3532 3714; x_wconf 86' lang='grc' dir='ltr'><strong>ὡς</strong></span> <span class='ocrx_word' id='word_1_476' title='bbox 3565 3655 3668 3707; x_wconf 80' lang='grc' dir='ltr'>καὶ</span> 
     </span>
    </p>
   </div>
   <div class='ocr_carea' id='block_1_77' title="bbox 2069 3736 3665 3816">
    <p class='ocr_par' dir='ltr' id='par_1_77' title="bbox 2069 3736 3665 3816">
     <span class='ocr_line' id='line_1_77' title="bbox 2069 3736 3665 3816; baseline 0.005 -26"><span class='ocrx_word' id='word_1_477' title='bbox 2069 3739 2117 3790; x_wconf 83' lang='grc' dir='ltr'>οἱ</span> <span class='ocrx_word' id='word_1_478' title='bbox 2159 3737 2360 3801; x_wconf 83' lang='grc' dir='ltr'>λοιποὶ,</span> <span class='ocrx_word' id='word_1_479' title='bbox 2409 3736 2547 3792; x_wconf 82' lang='grc' dir='ltr'><strong>ἀλλά</strong></span> <span class='ocrx_word' id='word_1_480' title='bbox 2582 3738 2951 3809; x_wconf 86' lang='grc' dir='ltr'>γρηγορῶμεν</span> <span class='ocrx_word' id='word_1_481' title='bbox 2995 3741 3093 3795; x_wconf 74' lang='grc' dir='ltr'>καὶ</span> <span class='ocrx_word' id='word_1_482' title='bbox 3125 3742 3407 3812; x_wconf 75' lang='grc' dir='ltr'>νήφωμεν.</span> <span class='ocrx_word' id='word_1_483' title='bbox 3455 3746 3518 3796; x_wconf 82' lang='lat' dir='ltr'><strong>0i</strong></span> <span class='ocrx_word' id='word_1_484' title='bbox 3547 3746 3665 3816; x_wconf 81' lang='grc' dir='ltr'><strong>γὰρ</strong></span> 
     </span>
    </p>
   </div>
   <div class='ocr_carea' id='block_1_78' title="bbox 2071 3829 3659 3905">
    <p class='ocr_par' dir='ltr' id='par_1_78' title="bbox 2071 3829 3659 3905">
     <span class='ocr_line' id='line_1_78' title="bbox 2071 3829 3659 3905; baseline 0.004 -20"><span class='ocrx_word' id='word_1_485' title='bbox 2071 3829 2454 3893; x_wconf 84' lang='grc' dir='ltr'>καθεύδοντες,</span> <span class='ocrx_word' id='word_1_486' title='bbox 2491 3830 2687 3893; x_wconf 84' lang='grc' dir='ltr'>νυκτὸς</span> <span class='ocrx_word' id='word_1_487' title='bbox 2717 3831 3080 3886; x_wconf 69' lang='grc' dir='ltr'>καθεύδουσι*</span> <span class='ocrx_word' id='word_1_488' title='bbox 3142 3835 3238 3888; x_wconf 77' lang='grc' dir='ltr'>καὶ</span> <span class='ocrx_word' id='word_1_489' title='bbox 3286 3838 3334 3888; x_wconf 77' lang='lat' dir='ltr'><strong>oi</strong></span> <span class='ocrx_word' id='word_1_490' title='bbox 3380 3836 3659 3905; x_wconf 84' lang='grc' dir='ltr'>μεθυσκό-</span> 
     </span>
    </p>
   </div>
   <div class='ocr_carea' id='block_1_79' title="bbox 2073 3921 3659 3999">
    <p class='ocr_par' dir='ltr' id='par_1_79' title="bbox 2073 3921 3659 3999">
     <span class='ocr_line' id='line_1_79' title="bbox 2073 3921 3659 3999; baseline 0.004 -24"><span class='ocrx_word' id='word_1_491' title='bbox 2073 3939 2246 3993; x_wconf 84' lang='grc' dir='ltr'>μενοι,</span> <span class='ocrx_word' id='word_1_492' title='bbox 2297 3921 2494 3985; x_wconf 88' lang='grc' dir='ltr'>νυκτὸς</span> <span class='ocrx_word' id='word_1_493' title='bbox 2539 3921 2869 3992; x_wconf 88' lang='grc' dir='ltr'>μεθύουσιν·</span> <span class='ocrx_word' id='word_1_494' title='bbox 2930 3925 3096 3994; x_wconf 81' lang='grc' dir='ltr'>ἡμεῖς</span> <span class='ocrx_word' id='word_1_495' title='bbox 3132 3926 3192 3980; x_wconf 82' lang='grc' dir='ltr'>δὲ</span> <span class='ocrx_word' id='word_1_496' title='bbox 3239 3927 3453 3999; x_wconf 79' lang='grc' dir='ltr'>ἡμέρας</span> <span class='ocrx_word' id='word_1_497' title='bbox 3477 3928 3659 3993; x_wconf 71' lang='grc' dir='ltr'>ὅντες,</span> 
     </span>
    </p>
   </div>
   <div class='ocr_carea' id='block_1_80' title="bbox 2072 4017 2701 4087">
    <p class='ocr_par' dir='ltr' id='par_1_80' title="bbox 2072 4017 2701 4087">
     <span class='ocr_line' id='line_1_80' title="bbox 2072 4017 2701 4087; baseline 0.002 -19"><span class='ocrx_word' id='word_1_498' title='bbox 2072 4017 2353 4087; x_wconf 80' lang='grc' dir='ltr'>νήφωμεν.</span> <span class='ocrx_word' id='word_1_499' title='bbox 2696 4027 2701 4031; x_wconf 84' lang='grc'><strong>’</strong></span> 
     </span>
    </p>
   </div>
   <div class='ocr_carea' id='block_1_81' title="bbox 2145 4108 3670 4186">
    <p class='ocr_par' dir='ltr' id='par_1_81' title="bbox 2145 4108 3670 4186">
     <span class='ocr_line' id='line_1_81' title="bbox 2145 4108 3670 4186; baseline 0.008 -27"><span class='ocrx_word' id='word_1_500' title='bbox 2145 4110 2390 4176; x_wconf 84' lang='grc' dir='ltr'>Παροιμ.</span> <span class='ocrx_word' id='word_1_501' title='bbox 2419 4114 2528 4176; x_wconf 79' lang='grc' dir='ltr'>κγ’.</span> <span class='ocrx_word' id='word_1_502' title='bbox 2549 4137 2622 4150; x_wconf 90' lang='grc'><strong>-</strong></span> <span class='ocrx_word' id='word_1_503' title='bbox 2652 4108 2928 4163; x_wconf 85' lang='grc' dir='ltr'>Ἐνδύεται</span> <span class='ocrx_word' id='word_1_504' title='bbox 2953 4109 3333 4183; x_wconf 76' lang='grc' dir='ltr'>διεῤῥηγμένα</span> <span class='ocrx_word' id='word_1_505' title='bbox 3355 4115 3448 4168; x_wconf 77' lang='grc' dir='ltr'>καὶ</span> <span class='ocrx_word' id='word_1_506' title='bbox 3475 4117 3670 4186; x_wconf 80' lang='grc' dir='ltr'>ῥακώ-</span> 
     </span>
    </p>
   </div>
   <div class='ocr_carea' id='block_1_82' title="bbox 2068 4200 2591 4271">
    <p class='ocr_par' dir='ltr' id='par_1_82' title="bbox 2068 4200 2591 4271">
     <span class='ocr_line' id='line_1_82' title="bbox 2068 4200 2591 4271; baseline 0.002 -18"><span class='ocrx_word' id='word_1_507' title='bbox 2068 4200 2156 4271; x_wconf 92' lang='grc' dir='ltr'><strong>δη,</strong></span> <span class='ocrx_word' id='word_1_508' title='bbox 2187 4201 2295 4264; x_wconf 82' lang='grc' dir='ltr'><strong>πᾶς</strong></span> <span class='ocrx_word' id='word_1_509' title='bbox 2321 4200 2591 4269; x_wconf 81' lang='grc' dir='ltr'>ὑπνώδης.</span> 
     </span>
    </p>
   </div>
   <div class='ocr_carea' id='block_1_83' title="bbox 2138 4291 3667 4368">
    <p class='ocr_par' dir='ltr' id='par_1_83' title="bbox 2138 4291 3667 4368">
     <span class='ocr_line' id='line_1_83' title="bbox 2138 4291 3667 4368; baseline 0.005 -20"><span class='ocrx_word' id='word_1_510' title='bbox 2138 4293 2320 4362; x_wconf 85' lang='grc' dir='ltr'>Σιρὰχ</span> <span class='ocrx_word' id='word_1_511' title='bbox 2365 4292 2480 4347; x_wconf 72' lang='grc' dir='ltr'>λα’.</span> <span class='ocrx_word' id='word_1_512' title='bbox 2506 4322 2574 4334; x_wconf 90' lang='grc'><strong><em>--</em></strong></span> <span class='ocrx_word' id='word_1_513' title='bbox 2601 4291 2859 4364; x_wconf 81' lang='grc' dir='ltr'>Μέριμνα</span> <span class='ocrx_word' id='word_1_514' title='bbox 2889 4295 3199 4368; x_wconf 82' lang='grc' dir='ltr'>ἀγρυπνίας</span> <span class='ocrx_word' id='word_1_515' title='bbox 3233 4299 3531 4368; x_wconf 85' lang='grc' dir='ltr'>ἀπαιτήσει</span> <span class='ocrx_word' id='word_1_516' title='bbox 3559 4319 3667 4355; x_wconf 83' lang='grc' dir='ltr'>νυ-</span> 
     </span>
    </p>
   </div>
   <div class='ocr_carea' id='block_1_84' title="bbox 2071 4385 2332 4455">
    <p class='ocr_par' dir='ltr' id='par_1_84' title="bbox 2071 4385 2332 4455">
     <span class='ocr_line' id='line_1_84' title="bbox 2071 4385 2332 4455; baseline 0 -16"><span class='ocrx_word' id='word_1_517' title='bbox 2071 4385 2332 4455; x_wconf 83' lang='grc' dir='ltr'>σταγμόν.</span> 
     </span>
    </p>
   </div>
   <div class='ocr_carea' id='block_1_85' title="bbox 453 4469 1980 4550">
    <p class='ocr_par' dir='ltr' id='par_1_85' title="bbox 453 4469 1964 4544">
     <span class='ocr_line' id='line_1_85' title="bbox 453 4469 1964 4544; baseline -0.005 -14"><span class='ocrx_word' id='word_1_518' title='bbox 453 4473 664 4530; x_wconf 78' lang='lat' dir='ltr'><strong>Basilii.</strong></span> <span class='ocrx_word' id='word_1_519' title='bbox 688 4504 758 4516; x_wconf 92' lang='lat'><strong>—-</strong></span> <span class='ocrx_word' id='word_1_520' title='bbox 783 4473 1000 4530; x_wconf 87' lang='lat' dir='ltr'><strong>Gratias</strong></span> <span class='ocrx_word' id='word_1_521' title='bbox 1022 4489 1144 4544; x_wconf 86' lang='lat' dir='ltr'><strong>age,</strong></span> <span class='ocrx_word' id='word_1_522' title='bbox 1177 4488 1210 4528; x_wconf 87' lang='grc' dir='ltr'>ο</span> <span class='ocrx_word' id='word_1_523' title='bbox 1241 4472 1430 4536; x_wconf 89' lang='lat' dir='ltr'><strong>homo,</strong></span> <span class='ocrx_word' id='word_1_524' title='bbox 1457 4470 1536 4525; x_wconf 90' lang='lat' dir='ltr'><strong>illi</strong></span> <span class='ocrx_word' id='word_1_525' title='bbox 1577 4472 1674 4541; x_wconf 91' lang='lat' dir='ltr'><strong>qui</strong></span> <span class='ocrx_word' id='word_1_526' title='bbox 1730 4478 1787 4525; x_wconf 90' lang='lat' dir='ltr'><strong>et</strong></span> <span class='ocrx_word' id='word_1_527' title='bbox 1820 4469 1964 4524; x_wconf 89' lang='lat' dir='ltr'><strong>invi-</strong></span> 
     </span>
    </p>
   </div>
   <div class='ocr_carea' id='block_1_86' title="bbox 2115 4469 3671 4550">
    <p class='ocr_par' dir='ltr' id='par_1_86' title="bbox 2141 4477 3671 4550">
     <span class='ocr_line' id='line_1_86' title="bbox 2141 4477 3671 4550; baseline 0.003 -20"><span class='ocrx_word' id='word_1_528' title='bbox 2141 4477 2564 4530; x_wconf 80' lang='grc' dir='ltr'>Βασιλείου.-</span> <span class='ocrx_word' id='word_1_529' title='bbox 2587 4477 2936 4546; x_wconf 75' lang='grc' dir='ltr'>Εὐχαρίστει,</span> <span class='ocrx_word' id='word_1_530' title='bbox 2967 4477 3242 4547; x_wconf 80' lang='grc' dir='ltr'>ἄνθρωπε,</span> <span class='ocrx_word' id='word_1_531' title='bbox 3279 4481 3356 4550; x_wconf 82' lang='grc' dir='ltr'>τῷ</span> <span class='ocrx_word' id='word_1_532' title='bbox 3383 4482 3671 4550; x_wconf 78' lang='grc' dir='ltr'>ἀκουσίως</span> 
     </span>
    </p>
   </div>
   <div class='ocr_carea' id='block_1_87' title="bbox 384 4563 1980 4640">
    <p class='ocr_par' dir='ltr' id='par_1_87' title="bbox 384 4563 1969 4640">
     <span class='ocr_line' id='line_1_87' title="bbox 384 4563 1969 4640; baseline -0.005 -16"><span class='ocrx_word' id='word_1_533' title='bbox 384 4568 459 4624; x_wconf 80' lang='lat' dir='ltr'><strong>tis</strong></span> <span class='ocrx_word' id='word_1_534' title='bbox 483 4585 584 4640; x_wconf 91' lang='lat' dir='ltr'><strong>per</strong></span> <span class='ocrx_word' id='word_1_535' title='bbox 611 4583 862 4623; x_wconf 88' lang='lat' dir='ltr'><strong>somnum</strong></span> <span class='ocrx_word' id='word_1_536' title='bbox 884 4567 1204 4622; x_wconf 85' lang='lat' dir='ltr'><strong>continuam</strong></span> <span class='ocrx_word' id='word_1_537' title='bbox 1227 4564 1437 4620; x_wconf 84' lang='lat' dir='ltr'><strong>laboris</strong></span> <span class='ocrx_word' id='word_1_538' title='bbox 1455 4563 1830 4634; x_wconf 79' lang='lat' dir='ltr'><strong>fatigationem</strong></span> <span class='ocrx_word' id='word_1_539' title='bbox 1855 4563 1969 4616; x_wconf 88' lang='lat' dir='ltr'><strong>sol-</strong></span> 
     </span>
    </p>
   </div>
   <div class='ocr_carea' id='block_1_88' title="bbox 2115 4563 3668 4640">
    <p class='ocr_par' dir='ltr' id='par_1_88' title="bbox 2115 4567 3668 4640">
     <span class='ocr_line' id='line_1_88' title="bbox 2115 4567 3668 4640; baseline 0.002 -18"><span class='ocrx_word' id='word_1_540' title='bbox 2115 4570 2213 4640; x_wconf 80' lang='grc' dir='ltr'><strong>μᾶς</strong></span> <span class='ocrx_word' id='word_1_541' title='bbox 2241 4567 2331 4622; x_wconf 83' lang='grc' dir='ltr'><strong>διὰ</strong></span> <span class='ocrx_word' id='word_1_542' title='bbox 2355 4567 2449 4620; x_wconf 81' lang='grc' dir='ltr'><strong>τοῦ</strong></span> <span class='ocrx_word' id='word_1_543' title='bbox 2478 4567 2648 4620; x_wconf 76' lang='grc' dir='ltr'>ὕπνου</span> <span class='ocrx_word' id='word_1_544' title='bbox 2676 4569 2774 4638; x_wconf 80' lang='grc' dir='ltr'>τῆς</span> <span class='ocrx_word' id='word_1_545' title='bbox 2799 4568 3077 4637; x_wconf 82' lang='grc' dir='ltr'>συνεχείας</span> <span class='ocrx_word' id='word_1_546' title='bbox 3105 4569 3218 4622; x_wconf 85' lang='grc' dir='ltr'><strong>τῶν</strong></span> <span class='ocrx_word' id='word_1_547' title='bbox 3243 4572 3422 4624; x_wconf 73' lang='grc' dir='ltr'>πόνων</span> <span class='ocrx_word' id='word_1_548' title='bbox 3448 4571 3668 4637; x_wconf 84' lang='grc' dir='ltr'>λύοντι,</span> 
     </span>
    </p>
   </div>
   <div class='ocr_carea' id='block_1_89' title="bbox 384 4653 1980 4737">
    <p class='ocr_par' dir='ltr' id='par_1_89' title="bbox 384 4653 1968 4728">
     <span class='ocr_line' id='line_1_89' title="bbox 384 4653 1968 4728; baseline -0.003 -15"><span class='ocrx_word' id='word_1_549' title='bbox 384 4659 486 4724; x_wconf 83' lang='lat' dir='ltr'><strong>vit,</strong></span> <span class='ocrx_word' id='word_1_550' title='bbox 516 4658 782 4728; x_wconf 88' lang='lat' dir='ltr'><strong>brevique</strong></span> <span class='ocrx_word' id='word_1_551' title='bbox 809 4665 1027 4727; x_wconf 86' lang='lat' dir='ltr'><strong>captata</strong></span> <span class='ocrx_word' id='word_1_552' title='bbox 1072 4656 1265 4726; x_wconf 89' lang='lat' dir='ltr'><strong>requie</strong></span> <span class='ocrx_word' id='word_1_553' title='bbox 1315 4654 1384 4710; x_wconf 87' lang='lat' dir='ltr'><strong>ad</strong></span> <span class='ocrx_word' id='word_1_554' title='bbox 1435 4653 1699 4725; x_wconf 57' lang='lat' dir='ltr'><strong>potentia</strong></span> <span class='ocrx_word' id='word_1_555' title='bbox 1725 4653 1968 4725; x_wconf 83' lang='lat' dir='ltr'><strong>vigorem</strong></span> 
     </span>
    </p>
   </div>
   <div class='ocr_carea' id='block_1_90' title="bbox 2115 4653 3671 4737">
    <p class='ocr_par' dir='ltr' id='par_1_90' title="bbox 2115 4659 3671 4737">
     <span class='ocr_line' id='line_1_90' title="bbox 2115 4659 3671 4737; baseline 0.004 -23"><span class='ocrx_word' id='word_1_556' title='bbox 2115 4663 2162 4714; x_wconf 68' lang='lat'><strong>11</strong></span> <span class='ocrx_word' id='word_1_557' title='bbox 2197 4663 2260 4713; x_wconf 86' lang='grc' dir='ltr'>ὲκ</span> <span class='ocrx_word' id='word_1_558' title='bbox 2295 4661 2496 4730; x_wconf 82' lang='grc' dir='ltr'>μικρᾶς</span> <span class='ocrx_word' id='word_1_559' title='bbox 2525 4659 2918 4722; x_wconf 85' lang='grc' dir='ltr'>ἀναπαύσεως,</span> <span class='ocrx_word' id='word_1_560' title='bbox 2970 4659 3134 4713; x_wconf 78' lang='grc' dir='ltr'>πάλιν</span> <span class='ocrx_word' id='word_1_561' title='bbox 3168 4664 3307 4732; x_wconf 79' lang='grc' dir='ltr'>πρὸς</span> <span class='ocrx_word' id='word_1_562' title='bbox 3338 4663 3435 4734; x_wconf 81' lang='grc' dir='ltr'>τὴν</span> <span class='ocrx_word' id='word_1_563' title='bbox 3466 4667 3671 4737; x_wconf 76' lang='grc' dir='ltr'>ἀκμὴν</span> 
     </span>
    </p>
   </div>
   <div class='ocr_carea' id='block_1_91' title="bbox 386 4750 862 4807">
    <p class='ocr_par' dir='ltr' id='par_1_91' title="bbox 386 4750 862 4807">
     <span class='ocr_line' id='line_1_91' title="bbox 386 4750 862 4807; baseline -0.006 0"><span class='ocrx_word' id='word_1_564' title='bbox 386 4751 592 4807; x_wconf 88' lang='lat' dir='ltr'><strong>iterum</strong></span> <span class='ocrx_word' id='word_1_565' title='bbox 622 4750 862 4805; x_wconf 89' lang='lat' dir='ltr'><strong>reducit.</strong></span> 
     </span>
    </p>
   </div>
   <div class='ocr_carea' id='block_1_92' title="bbox 453 4844 1970 4916">
    <p class='ocr_par' dir='ltr' id='par_1_92' title="bbox 453 4844 1970 4916">
     <span class='ocr_line' id='line_1_92' title="bbox 453 4844 1970 4916; baseline 0.001 -16"><span class='ocrx_word' id='word_1_566' title='bbox 453 4844 742 4916; x_wconf 79' lang='lat' dir='ltr'><strong>Theologi.,</strong></span> <span class='ocrx_word' id='word_1_567' title='bbox 773 4872 845 4884; x_wconf 96' lang='lat'>—</span> <span class='ocrx_word' id='word_1_568' title='bbox 900 4844 998 4900; x_wconf 79' lang='lat' dir='ltr'><strong>Vir</strong></span> <span class='ocrx_word' id='word_1_569' title='bbox 1045 4845 1432 4900; x_wconf 87' lang='lat' dir='ltr'><strong>somnolentus</strong></span> <span class='ocrx_word' id='word_1_570' title='bbox 1482 4846 1829 4903; x_wconf 89' lang='lat' dir='ltr'><strong>somniorum</strong></span> <span class='ocrx_word' id='word_1_571' title='bbox 1883 4845 1970 4901; x_wconf 81' lang='lat' dir='ltr'><strong>in-</strong></span> 
     </span>
    </p>
   </div>
   <div class='ocr_carea' id='block_1_93' title="bbox 383 4937 1818 5006">
    <p class='ocr_par' dir='ltr' id='par_1_93' title="bbox 383 4937 1818 5006">
     <span class='ocr_line' id='line_1_93' title="bbox 383 4937 1818 5006; baseline 0.001 -14"><span class='ocrx_word' id='word_1_572' title='bbox 383 4947 584 4993; x_wconf 83' lang='lat' dir='ltr'><strong>ventor</strong></span> <span class='ocrx_word' id='word_1_573' title='bbox 613 4946 698 4992; x_wconf 92' lang='lat' dir='ltr'><strong>est</strong></span> <span class='ocrx_word' id='word_1_574' title='bbox 723 4955 739 5006; x_wconf 90' lang='lat'><strong>;</strong></span> <span class='ocrx_word' id='word_1_575' title='bbox 764 4953 993 4992; x_wconf 89' lang='lat' dir='ltr'><strong>somnus</strong></span> <span class='ocrx_word' id='word_1_576' title='bbox 1020 4937 1170 4992; x_wconf 89' lang='lat' dir='ltr'><strong>enim</strong></span> <span class='ocrx_word' id='word_1_577' title='bbox 1194 4939 1331 5004; x_wconf 90' lang='lat' dir='ltr'><strong>visa,</strong></span> <span class='ocrx_word' id='word_1_578' title='bbox 1366 4954 1479 4993; x_wconf 92' lang='lat' dir='ltr'><strong>non</strong></span> <span class='ocrx_word' id='word_1_579' title='bbox 1513 4955 1606 4997; x_wconf 86' lang='lat' dir='ltr'><strong>res</strong></span> <span class='ocrx_word' id='word_1_580' title='bbox 1633 4940 1818 4995; x_wconf 89' lang='lat' dir='ltr'><strong>docet.</strong></span> 
     </span>
    </p>
   </div>
   <div class='ocr_carea' id='block_1_94' title="bbox 382 5026 1962 5100">
    <p class='ocr_par' dir='ltr' id='par_1_94' title="bbox 382 5026 1962 5100">
     <span class='ocr_line' id='line_1_94' title="bbox 382 5026 1962 5100; baseline -0.001 -16"><span class='ocrx_word' id='word_1_581' title='bbox 382 5044 390 5050; x_wconf 86' lang='lat'>&#39;</span> <span class='ocrx_word' id='word_1_582' title='bbox 453 5026 720 5100; x_wconf 76' lang='lat' dir='ltr'><strong>Chrysost.</strong></span> <span class='ocrx_word' id='word_1_583' title='bbox 749 5057 822 5069; x_wconf 92' lang='lat'><em>-</em></span> <span class='ocrx_word' id='word_1_584' title='bbox 847 5027 1087 5084; x_wconf 86' lang='lat' dir='ltr'><strong>Somnus</strong></span> <span class='ocrx_word' id='word_1_585' title='bbox 1124 5028 1276 5083; x_wconf 88' lang='lat' dir='ltr'><strong>aliud</strong></span> <span class='ocrx_word' id='word_1_586' title='bbox 1328 5029 1467 5084; x_wconf 91' lang='lat' dir='ltr'><strong>nihil</strong></span> <span class='ocrx_word' id='word_1_587' title='bbox 1495 5039 1580 5086; x_wconf 88' lang='lat' dir='ltr'><strong>est</strong></span> <span class='ocrx_word' id='word_1_588' title='bbox 1611 5047 1785 5100; x_wconf 84' lang='lat' dir='ltr'><strong>quam</strong></span> <span class='ocrx_word' id='word_1_589' title='bbox 1820 5037 1962 5084; x_wconf 89' lang='lat' dir='ltr'><strong>tem-</strong></span> 
     </span>
    </p>
   </div>
   <div class='ocr_carea' id='block_1_95' title="bbox 380 5121 1616 5192">
    <p class='ocr_par' dir='ltr' id='par_1_95' title="bbox 380 5121 1616 5192">
     <span class='ocr_line' id='line_1_95' title="bbox 380 5121 1616 5192; baseline 0.001 -16"><span class='ocrx_word' id='word_1_590' title='bbox 380 5136 626 5192; x_wconf 86' lang='lat' dir='ltr'><strong>poranea</strong></span> <span class='ocrx_word' id='word_1_591' title='bbox 652 5135 822 5186; x_wconf 87' lang='lat' dir='ltr'><strong>mors,</strong></span> <span class='ocrx_word' id='word_1_592' title='bbox 853 5129 909 5176; x_wconf 91' lang='lat' dir='ltr'><strong>et</strong></span> <span class='ocrx_word' id='word_1_593' title='bbox 947 5121 1305 5192; x_wconf 86' lang='lat' dir='ltr'><strong>quotidianus</strong></span> <span class='ocrx_word' id='word_1_594' title='bbox 1334 5122 1616 5178; x_wconf 86' lang='lat' dir='ltr'><strong>interitus.</strong></span> 
     </span>
    </p>
   </div>
   <div class='ocr_carea' id='block_1_96' title="bbox 448 5238 1011 5310">
    <p class='ocr_par' dir='ltr' id='par_1_96' title="bbox 448 5238 1011 5310">
     <span class='ocr_line' id='line_1_96' title="bbox 448 5238 1011 5310; baseline -0.002 -16"><span class='ocrx_word' id='word_1_595' title='bbox 448 5238 496 5273; x_wconf 77' lang='grc'><strong>⁵⁸</strong></span> <span class='ocrx_word' id='word_1_596' title='bbox 517 5239 699 5310; x_wconf 82' lang='lat' dir='ltr'><strong>Apud.</strong></span> <span class='ocrx_word' id='word_1_597' title='bbox 734 5239 888 5295; x_wconf 89' lang='lat' dir='ltr'><strong>Stob.</strong></span> <span class='ocrx_word' id='word_1_598' title='bbox 921 5240 1011 5295; x_wconf 85' lang='lat'><strong>90.</strong></span> 
     </span>
    </p>
   </div>
   <div class='ocr_carea' id='block_1_97' title="bbox 451 5399 1959 5480">
    <p class='ocr_par' dir='ltr' id='par_1_97' title="bbox 451 5399 1959 5480">
     <span class='ocr_line' id='line_1_97' title="bbox 451 5399 1959 5480; baseline -0.007 -17"><span class='ocrx_word' id='word_1_599' title='bbox 451 5409 549 5480; x_wconf 82' lang='grc' dir='ltr'><strong>(ι)</strong></span> <span class='ocrx_word' id='word_1_600' title='bbox 586 5408 712 5480; x_wconf 68' lang='grc' dir='ltr'>Κᾶν</span> <span class='ocrx_word' id='word_1_601' title='bbox 750 5406 857 5460; x_wconf 77' lang='grc' dir='ltr'>τὸν</span> <span class='ocrx_word' id='word_1_602' title='bbox 898 5404 1143 5480; x_wconf 37' lang='lat' dir='ltr'><strong>icimur:</strong></span> <span class='ocrx_word' id='word_1_603' title='bbox 1166 5401 1489 5480; x_wconf 62' lang='grc' dir='ltr'>θεάσασθε.</span> <span class='ocrx_word' id='word_1_604' title='bbox 1521 5401 1648 5480; x_wconf 60' lang='lat' dir='ltr'><strong>llaec</strong></span> <span class='ocrx_word' id='word_1_605' title='bbox 1708 5399 1959 5480; x_wconf 75' lang='lat' dir='ltr'><strong>perinde,</strong></span> 
     </span>
    </p>
   </div>
   <div class='ocr_carea' id='block_1_98' title="bbox 2064 4752 2862 4824">
    <p class='ocr_par' dir='ltr' id='par_1_98' title="bbox 2064 4752 2862 4824">
     <span class='ocr_line' id='line_1_98' title="bbox 2064 4752 2862 4824; baseline -0.001 -18"><span class='ocrx_word' id='word_1_606' title='bbox 2064 4752 2168 4824; x_wconf 85' lang='grc' dir='ltr'>τῆς</span> <span class='ocrx_word' id='word_1_607' title='bbox 2197 4753 2481 4821; x_wconf 84' lang='grc' dir='ltr'>δυνάμεως</span> <span class='ocrx_word' id='word_1_608' title='bbox 2511 4753 2862 4820; x_wconf 77' lang='grc' dir='ltr'>ἐπανάγοντι.</span> 
     </span>
    </p>
   </div>
   <div class='ocr_carea' id='block_1_99' title="bbox 2140 4841 3668 4920">
    <p class='ocr_par' dir='ltr' id='par_1_99' title="bbox 2140 4841 3668 4920">
     <span class='ocr_line' id='line_1_99' title="bbox 2140 4841 3668 4920; baseline 0.004 -24"><span class='ocrx_word' id='word_1_609' title='bbox 2140 4843 2454 4912; x_wconf 70' lang='grc' dir='ltr'>Θεολόγου.</span> <span class='ocrx_word' id='word_1_610' title='bbox 2479 4873 2548 4881; x_wconf 95' lang='grc'><strong><em>-</em></strong></span> <span class='ocrx_word' id='word_1_611' title='bbox 2566 4842 2742 4912; x_wconf 72' lang='grc' dir='ltr'>δΑνὴρ</span> <span class='ocrx_word' id='word_1_612' title='bbox 2770 4841 3044 4914; x_wconf 84' lang='grc' dir='ltr'>ὑπνώδης,</span> <span class='ocrx_word' id='word_1_613' title='bbox 3074 4845 3308 4917; x_wconf 79' lang='grc' dir='ltr'>εὑρετὴς</span> <span class='ocrx_word' id='word_1_614' title='bbox 3333 4847 3668 4920; x_wconf 73' lang='grc' dir='ltr'>ὀνειράτωνο</span> 
     </span>
    </p>
   </div>
   <div class='ocr_carea' id='block_1_100' title="bbox 2071 4933 3479 5008">
    <p class='ocr_par' dir='ltr' id='par_1_100' title="bbox 2071 4933 3479 5008">
     <span class='ocr_line' id='line_1_100' title="bbox 2071 4933 3479 5008; baseline 0.004 -21"><span class='ocrx_word' id='word_1_615' title='bbox 2071 4935 2280 5007; x_wconf 82' lang='grc' dir='ltr'>μύστης</span> <span class='ocrx_word' id='word_1_616' title='bbox 2304 4935 2413 5004; x_wconf 88' lang='grc' dir='ltr'><strong>γάρ</strong></span> <span class='ocrx_word' id='word_1_617' title='bbox 2448 4933 2612 4997; x_wconf 72' lang='grc' dir='ltr'>ὕπνος</span> <span class='ocrx_word' id='word_1_618' title='bbox 2645 4935 2969 5004; x_wconf 82' lang='grc' dir='ltr'>φασμάτων,</span> <span class='ocrx_word' id='word_1_619' title='bbox 3005 4937 3068 4990; x_wconf 88' lang='grc' dir='ltr'>ού</span> <span class='ocrx_word' id='word_1_620' title='bbox 3101 4955 3253 5008; x_wconf 85' lang='grc' dir='ltr'>πραγ</span> <span class='ocrx_word' id='word_1_621' title='bbox 3268 4939 3479 5008; x_wconf 82' lang='grc' dir='ltr'>μάτων.</span> 
     </span>
    </p>
   </div>
   <div class='ocr_carea' id='block_1_101' title="bbox 2141 5023 3676 5100">
    <p class='ocr_par' dir='ltr' id='par_1_101' title="bbox 2141 5023 3676 5100">
     <span class='ocr_line' id='line_1_101' title="bbox 2141 5023 3676 5100; baseline 0.003 -22"><span class='ocrx_word' id='word_1_622' title='bbox 2141 5024 2442 5094; x_wconf 82' lang='grc' dir='ltr'>Χρυσόστ.</span> <span class='ocrx_word' id='word_1_623' title='bbox 2465 5023 2760 5085; x_wconf 84' lang='grc' dir='ltr'>-⁹’Υπνος</span> <span class='ocrx_word' id='word_1_624' title='bbox 2785 5025 2942 5078; x_wconf 81' lang='grc' dir='ltr'>οὐδέν</span> <span class='ocrx_word' id='word_1_625' title='bbox 2972 5029 3144 5095; x_wconf 75' lang='grc' dir='ltr'>ἐστιν,</span> <span class='ocrx_word' id='word_1_626' title='bbox 3173 5028 3205 5098; x_wconf 83' lang='grc' dir='ltr'>ἢ</span> <span class='ocrx_word' id='word_1_627' title='bbox 3233 5028 3462 5090; x_wconf 85' lang='grc' dir='ltr'>θάνατος</span> <span class='ocrx_word' id='word_1_628' title='bbox 3485 5029 3676 5100; x_wconf 74' lang='grc' dir='ltr'>πρόσο</span> 
     </span>
    </p>
   </div>
   <div class='ocr_carea' id='block_1_102' title="bbox 2071 5114 3000 5188">
    <p class='ocr_par' dir='ltr' id='par_1_102' title="bbox 2071 5114 3000 5188">
     <span class='ocr_line' id='line_1_102' title="bbox 2071 5114 3000 5188; baseline -0.001 -17"><span class='ocrx_word' id='word_1_629' title='bbox 2071 5133 2283 5188; x_wconf 76' lang='grc' dir='ltr'>καιρος,</span> <span class='ocrx_word' id='word_1_630' title='bbox 2321 5116 2416 5170; x_wconf 76' lang='grc' dir='ltr'>καὶ</span> <span class='ocrx_word' id='word_1_631' title='bbox 2450 5116 2727 5186; x_wconf 73' lang='grc' dir='ltr'>ἐφήμερος</span> <span class='ocrx_word' id='word_1_632' title='bbox 2753 5114 3000 5186; x_wconf 82' lang='grc' dir='ltr'>τελευτή.</span> 
     </span>
    </p>
   </div>
   <div class='ocr_carea' id='block_1_103' title="bbox 1913 5297 2152 5356">
    <p class='ocr_par' dir='ltr' id='par_1_103' title="bbox 1913 5297 2152 5356">
     <span class='ocr_line' id='line_1_103' title="bbox 1913 5297 2152 5356; baseline 0 -2"><span class='ocrx_word' id='word_1_633' title='bbox 1913 5297 2152 5356; x_wconf 64' lang='lat' dir='ltr'><strong>NOTAE.</strong></span> 
     </span>
    </p>
   </div>
   <div class='ocr_carea' id='block_1_104' title="bbox 2068 5395 3682 5468">
    <p class='ocr_par' dir='ltr' id='par_1_104' title="bbox 2068 5395 3682 5468">
     <span class='ocr_line' id='line_1_104' title="bbox 2068 5395 3682 5468; baseline 0.003 -19"><span class='ocrx_word' id='word_1_634' title='bbox 2068 5404 2161 5468; x_wconf 83' lang='lat' dir='ltr'><strong>pta</strong></span> <span class='ocrx_word' id='word_1_635' title='bbox 2186 5395 2622 5468; x_wconf 17' lang='lat' dir='ltr'><strong>Ainvenit,_quod</strong></span> <span class='ocrx_word' id='word_1_636' title='bbox 2684 5397 2756 5452; x_wconf 86' lang='lat' dir='ltr'><strong>ita</strong></span> <span class='ocrx_word' id='word_1_637' title='bbox 2795 5398 2949 5467; x_wconf 90' lang='lat' dir='ltr'><strong>quasi</strong></span> <span class='ocrx_word' id='word_1_638' title='bbox 2999 5397 3298 5468; x_wconf 73' lang='lat' dir='ltr'><strong>Scriptura:</strong></span> <span class='ocrx_word' id='word_1_639' title='bbox 3338 5395 3506 5451; x_wconf 84' lang='lat' dir='ltr'><strong>verba</strong></span> <span class='ocrx_word' id='word_1_640' title='bbox 3531 5413 3682 5466; x_wconf 76' lang='lat' dir='ltr'><strong>pro-</strong></span> 
     </span>
    </p>
   </div>
   <div class='ocr_carea' id='block_1_105' title="bbox 380 5466 3676 5546">
    <p class='ocr_par' dir='ltr' id='par_1_105' title="bbox 380 5466 3676 5546">
     <span class='ocr_line' id='line_1_105' title="bbox 380 5466 3676 5546; baseline -0.004 -13"><span class='ocrx_word' id='word_1_641' title='bbox 380 5466 502 5546; x_wconf 49' lang='lat' dir='ltr'><strong>qu‘ae</strong></span> <span class='ocrx_word' id='word_1_642' title='bbox 521 5466 919 5546; x_wconf 72' lang='lat' dir='ltr'><strong>desiderantur</strong></span> <span class='ocrx_word' id='word_1_643' title='bbox 940 5479 994 5530; x_wconf 89' lang='lat' dir='ltr'><strong>in</strong></span> <span class='ocrx_word' id='word_1_644' title='bbox 1023 5471 1686 5546; x_wconf 21' lang='lat' dir='ltr'><strong>codicibus‘evapgelicis,</strong></span> <span class='ocrx_word' id='word_1_645' title='bbox 1712 5466 1964 5538; x_wconf 79' lang='lat' dir='ltr'><strong>usurpat</strong></span> <span class='ocrx_word' id='word_1_646' title='bbox 2067 5466 2198 5520; x_wconf 88' lang='lat' dir='ltr'><strong>duci</strong></span> <span class='ocrx_word' id='word_1_647' title='bbox 2239 5483 2251 5518; x_wconf 88' lang='lat'>:</span> <span class='ocrx_word' id='word_1_648' title='bbox 2283 5466 2400 5546; x_wconf 75' lang='lat' dir='ltr'><strong>_nisi</strong></span> <span class='ocrx_word' id='word_1_649' title='bbox 2441 5466 2824 5546; x_wconf 41' lang='lat' dir='ltr'><strong>Tractato-runi</strong></span> <span class='ocrx_word' id='word_1_650' title='bbox 2865 5469 3065 5546; x_wconf 74' lang='lat' dir='ltr'><strong>aliquis</strong></span> <span class='ocrx_word' id='word_1_651' title='bbox 3103 5466 3412 5546; x_wconf 75' lang='lat' dir='ltr'><strong>enarranda</strong></span> <span class='ocrx_word' id='word_1_652' title='bbox 3439 5477 3676 5527; x_wconf 72' lang='lat' dir='ltr'><strong>textum</strong></span> 
     </span>
    </p>
   </div>
   <div class='ocr_carea' id='block_1_106' title="bbox 376 5541 1964 5610">
    <p class='ocr_par' dir='ltr' id='par_1_106' title="bbox 376 5541 1964 5610">
     <span class='ocr_line' id='line_1_106' title="bbox 376 5541 1964 5610; baseline -0.005 -10"><span class='ocrx_word' id='word_1_653' title='bbox 376 5541 622 5603; x_wconf 75' lang='lat' dir='ltr'><strong>Ecclesia</strong></span> <span class='ocrx_word' id='word_1_654' title='bbox 651 5548 861 5610; x_wconf 84' lang='lat' dir='ltr'><strong>Latina,</strong></span> <span class='ocrx_word' id='word_1_655' title='bbox 901 5545 1036 5598; x_wconf 74' lang='lat' dir='ltr'><strong>feria</strong></span> <span class='ocrx_word' id='word_1_656' title='bbox 1064 5547 1118 5607; x_wconf 74' lang='grc'>5,</span> <span class='ocrx_word' id='word_1_657' title='bbox 1152 5545 1204 5597; x_wconf 90' lang='lat' dir='ltr'><strong>in</strong></span> <span class='ocrx_word' id='word_1_658' title='bbox 1227 5543 1396 5598; x_wconf 65' lang='lat' dir='ltr'><strong>Genua</strong></span> <span class='ocrx_word' id='word_1_659' title='bbox 1415 5541 1662 5602; x_wconf 79' lang='lat' dir='ltr'><strong>Domini,</strong></span> <span class='ocrx_word' id='word_1_660' title='bbox 1697 5557 1761 5594; x_wconf 80' lang='lat' dir='ltr'><strong>ex</strong></span> <span class='ocrx_word' id='word_1_661' title='bbox 1783 5554 1964 5594; x_wconf 86' lang='lat' dir='ltr'><strong>secre-</strong></span> 
     </span>
    </p>
   </div>
   <div class='ocr_carea' id='block_1_107' title="bbox 375 5612 1958 5684">
    <p class='ocr_par' dir='ltr' id='par_1_107' title="bbox 375 5612 1958 5684">
     <span class='ocr_line' id='line_1_107' title="bbox 375 5612 1958 5684; baseline -0.005 -16"><span class='ocrx_word' id='word_1_662' title='bbox 375 5617 509 5673; x_wconf 90' lang='lat' dir='ltr'><strong>tiori</strong></span> <span class='ocrx_word' id='word_1_663' title='bbox 541 5616 679 5670; x_wconf 85' lang='lat' dir='ltr'><strong>forte</strong></span> <span class='ocrx_word' id='word_1_664' title='bbox 727 5617 908 5684; x_wconf 86' lang='lat' dir='ltr'><strong>aliqua</strong></span> <span class='ocrx_word' id='word_1_665' title='bbox 953 5615 1540 5684; x_wconf 33' lang='lat' dir='ltr'><strong>Scripturahaccepta,</strong></span> <span class='ocrx_word' id='word_1_666' title='bbox 1583 5612 1874 5684; x_wconf 80' lang='lat' dir='ltr'><strong>additque,</strong></span> <span class='ocrx_word' id='word_1_667' title='bbox 1910 5617 1958 5684; x_wconf 73' lang='lat' dir='ltr'><strong>et</strong></span> 
     </span>
    </p>
   </div>
   <div class='ocr_carea' id='block_1_108' title="bbox 356 5679 2038 5750">
    <p class='ocr_par' dir='ltr' id='par_1_108' title="bbox 356 5679 2038 5750">
     <span class='ocr_line' id='line_1_108' title="bbox 356 5679 2038 5750; baseline -0.002 -8"><span class='ocrx_word' id='word_1_668' title='bbox 356 5686 605 5750; x_wconf 59' lang='lat' dir='ltr'><strong>festinat</strong></span> <span class='ocrx_word' id='word_1_669' title='bbox 630 5702 710 5739; x_wconf 84' lang='lat' dir='ltr'><strong>me</strong></span> <span class='ocrx_word' id='word_1_670' title='bbox 743 5679 957 5740; x_wconf 59' lang='lat' dir='ltr'><strong>tradere</strong></span> <span class='ocrx_word' id='word_1_671' title='bbox 993 5679 1220 5743; x_wconf 67' lang='lat' dir='ltr'><strong>Judwis.</strong></span> <span class='ocrx_word' id='word_1_672' title='bbox 1249 5679 1518 5738; x_wconf 78' lang='lat' dir='ltr'><strong>Maximus</strong></span> <span class='ocrx_word' id='word_1_673' title='bbox 1549 5683 1629 5738; x_wconf 90' lang='lat' dir='ltr'><strong>sic</strong></span> <span class='ocrx_word' id='word_1_674' title='bbox 1655 5682 1785 5742; x_wconf 88' lang='lat' dir='ltr'><strong>olim</strong></span> <span class='ocrx_word' id='word_1_675' title='bbox 1818 5679 1960 5735; x_wconf 89' lang='lat' dir='ltr'><strong>scri-</strong></span> <span class='ocrx_word' id='word_1_676' title='bbox 2034 5734 2038 5738; x_wconf 91' lang='lat'><strong>.</strong></span> 
     </span>
    </p>
   </div>
   <div class='ocr_carea' id='block_1_109' title="bbox 2066 5536 3678 5660">
    <p class='ocr_par' dir='ltr' id='par_1_109' title="bbox 2066 5536 3678 5660">
     <span class='ocr_line' id='line_1_109' title="bbox 2066 5536 3678 5660; baseline 0.003 -71"><span class='ocrx_word' id='word_1_677' title='bbox 2066 5536 2448 5660; x_wconf 53' lang='grc' dir='ltr'>ῗνῖῃᾳοιίοιιιῖι</span> <span class='ocrx_word' id='word_1_678' title='bbox 2478 5537 2758 5606; x_wconf 83' lang='lat' dir='ltr'><strong>adhibuit,</strong></span> <span class='ocrx_word' id='word_1_679' title='bbox 2795 5539 2939 5608; x_wconf 87' lang='lat' dir='ltr'><strong>quod</strong></span> <span class='ocrx_word' id='word_1_680' title='bbox 2962 5536 3163 5609; x_wconf 75' lang='lat' dir='ltr'><strong>postea</strong></span> <span class='ocrx_word' id='word_1_681' title='bbox 3203 5538 3362 5608; x_wconf 85' lang='lat' dir='ltr'><strong>quasi</strong></span> <span class='ocrx_word' id='word_1_682' title='bbox 3394 5553 3461 5593; x_wconf 80' lang='lat' dir='ltr'><strong>ex</strong></span> <span class='ocrx_word' id='word_1_683' title='bbox 3491 5548 3678 5600; x_wconf 73' lang='lat' dir='ltr'><strong>textu</strong></span> 
     </span>
     <span class='ocr_line' id='line_1_110' title="bbox 2089 5617 2914 5660; baseline 0.004 -2"><span class='ocrx_word' id='word_1_684' title='bbox 2089 5622 2138 5660; x_wconf 74' lang='lat' dir='ltr'><strong>ia</strong></span> <span class='ocrx_word' id='word_1_685' title='bbox 2184 5617 2321 5660; x_wconf 79' lang='lat' dir='ltr'><strong>itum</strong></span> <span class='ocrx_word' id='word_1_686' title='bbox 2356 5621 2402 5660; x_wconf 74' lang='grc' dir='ltr'><strong>ει</strong></span> <span class='ocrx_word' id='word_1_687' title='bbox 2433 5646 2448 5660; x_wconf 91' lang='grc'><strong>.</strong></span> <span class='ocrx_word' id='word_1_688' title='bbox 2910 5636 2914 5640; x_wconf 93' lang='grc'><strong>-</strong></span> 
     </span>
    </p>
   </div>
   <div class='ocr_carea' id='block_1_110' title="bbox 2089 5617 2914 5663">
    <p class='ocr_par' dir='ltr' id='par_1_110' title="bbox 2089 5617 2914 5663">
     <span class='ocr_line' id='line_1_111' title="bbox 2089 5617 2914 5663; baseline 0.004 -4"><span class='ocrx_word' id='word_1_689' title='bbox 2089 5617 2321 5660; x_wconf 68' lang='grc' dir='ltr'>ιεωιιιιιιι</span> <span class='ocrx_word' id='word_1_690' title='bbox 2356 5621 2402 5661; x_wconf 83' lang='lat' dir='ltr'><strong>SI</strong></span> <span class='ocrx_word' id='word_1_691' title='bbox 2412 5617 2448 5663; x_wconf 84' lang='grc' dir='ltr'><strong>ι.</strong></span> <span class='ocrx_word' id='word_1_692' title='bbox 2910 5636 2914 5640; x_wconf 91' lang='grc'><strong>·</strong></span> 
     </span>
    </p>
   </div>
  </div>
