3990 6176
366 277 465 344 831

1667 284 1842 351 LOCI
1878 280 2322 346 COMMUNES:

3523 267 3640 351 asa

439 395 622 462 Γρηγ.
647 393 927 461 Νύσσης.
945 393 1248 468 -’Ὧσπερ
1275 387 1368 452 ἐπὶ
1393 398 1498 467 τῆς
1524 397 1800 468 καθύγρου
1825 397 1946 465 γῆς,

2123 395 2280 466 Greg.
2316 392 2471 466 Nyss.
2511 395 2661 453 -Ut
2685 393 2740 449 in
2776 393 3040 450 humente
3074 401 3240 461 terra,
3270 394 3631 451 calidioribus

366 485 588 539 ἐπειδὰν
657 483 1018 557 θερμοτέραις
1078 486 1295 542 ἀκτῖσιν
1341 489 1645 560 ἐπιλάμψαι
1696 491 1724 542 ό
1764 489 1950 558 ἥλιος,

365 576 531 644 ἁτμοί
560 592 704 639 τινες
732 575 1059 646 ὁμιχλώδεις
1103 578 1211 632 ἀπὸ
1245 578 1340 632 τοῦ
1376 579 1570 650 βάθους
1597 579 1914 634 ἀνέλκονται
1937 593 1950 607 ⁸

367 668 555 738 ὅμοιόν
579 684 632 721 τι
661 669 870 736 γίνεται
899 670 995 721 καὶ
1021 671 1081 722 ἐν
1105 673 1172 740 τῇ
1199 670 1323 724 καθ’
1341 673 1491 741 ἡμᾶς
1510 674 1603 742 γῇ,
1624 671 1726 740 τῆς
1745 669 1956 741 τροφῆς

349 759 476 812 ὑπὸ
502 760 602 830 τῆς
625 760 863 830 φυσικῆς
895 759 1231 832 θερμότητος
1262 763 1620 833 ἀναζεούσης·
1651 765 1956 833 ἀνωφερεῖς

368 850 425 905 δὲ
480 849 634 912 ὄντες
680 851 730 903 oi
774 852 941 921 ἀτμοὶ
990 854 1134 906 κατὰ
1183 853 1344 922 φύσιν
1381 855 1477 908 καὶ
1511 844 1804 925 ἀερώδεις,
1861 853 1956 907 καὶ

369 943 509 1014 πρὸς
535 944 596 996 τὸ
621 944 1022 1015 ὑπερκείμενον
1053 945 1437 1012 ἀναπνέοντες,
1473 949 1530 1002 ἐν
1557 950 1664 1012 τοῖς
1695 947 1836 1002 κατὰ
1858 946 1957 1016 τὴν

369 1033 617 1102 κεφαλὴν
644 1034 888 1100 γίνονται
913 1034 1138 1105 χώροις.

441 1123 660 1176 Φίλων.
683 1152 756 1163 -
779 1124 1020 1188 Εἰκότως
1047 1125 1280 1198 μελέτην
1306 1127 1560 1184 θανάτου·
1599 1129 1759 1184 σκιὰν
1779 1129 1835 1183 δὲ
1859 1128 1957 1184 καὶ

372 1213 742 1284 ὑπογραμμὸν
793 1215 895 1284 τῆς
947 1212 1106 1281 αὖθις
1147 1218 1415 1291 ἐσομένης
1444 1221 1828 1284 ἀναϐιώσεως,
1865 1222 1956 1274 τὸν

373 1303 541 1358 ὕπνον
571 1305 620 1356 οί
651 1305 860 1375 τάληθῆ
891 1309 1296 1378 πεφρονηκότες
1322 1311 1668 1382 ἀπεφήναντο
1687 1329 1700 1342 ·
1758 1313 1954 1365 ἐκατέ-

376 1411 487 1465 ρων
523 1396 634 1465 γὰρ
681 1398 936 1468 ἐναργεῖς
977 1399 1132 1469 φέρει
1158 1401 1257 1466 τὰς
1281 1403 1495 1468 εἰκόνας
1518 1445 1534 1473 ,
1595 1406 1691 1459 καὶ
1726 1405 1958 1477 μεθιστᾷ

373 1485 465 1539 τὸν
489 1486 652 1540 αὑτὸν
685 1487 745 1552 ἐξ
771 1489 1094 1561 ὁλοκλήρου.

444 1575 816 1644 Κλήμεντ.-
831 1577 978 1633 ’Ὅσα
1003 1580 1133 1652 περὶ
1156 1581 1325 1636 ὕπνου
1344 1583 1581 1652 λέγουσι,
1603 1585 1671 1639 τὰ
1687 1585 1826 1640 αὐτὰ
1851 1587 1956 1658 χρὴ

374 1665 470 1718 καὶ
527 1669 658 1734 περὶ
701 1668 934 1723 θανάτου
982 1670 1286 1738 ἐξακούειν.
1329 1673 1622 1748 Ἑκάτερος
1659 1679 1770 1749 γὰρ
1810 1680 1962 1749 δηλοῖ

372 1756 473 1827 τὴν
501 1759 844 1814 ἀποστασίαν
869 1762 970 1833 τῆς
990 1762 1188 1836 ψυχῆς·
1222 1769 1251 1820 ό
1277 1767 1374 1837 μὲν
1400 1767 1623 1838 μᾶλλον,
1651 1773 1678 1824 ό
1697 1770 1752 1824 δὲ
1772 1765 1956 1842 ἦττον.

455 1936 593 1989 Πᾶσι
617 1936 697 2004 δέ,
733 1939 820 2003 ..ὡς
859 1938 990 2004 ἔπος
1023 1943 1220 2008 εἰπεῖν,
1256 1945 1624 2018 διαμαχητέον
1658 1951 1787 2020 ύμῖν
1822 1952 1961 2022 πρὸς

379 2025 470 2079 τὸν
499 2025 684 2094 ὕπνον,
722 2030 799 2094 ὡς
827 2031 1047 2086 πλείονα
1075 2035 1267 2107 χρόνον
1296 2038 1392 2093 τοῦ
1421 2039 1521 2111 ζῇν
1553 2040 1642 2095 διὰ
1669 2041 1769 2115 τὴν
1794 2044 1961 2115 ἐγρή-

380 2133 572 2190 γορσιν
603 2121 1066 2192 μεταλαμϐάνειν.

461 2208 520 2262 ⁸0
566 2209 678 2282 γὰρ
723 2212 889 2278 ὕπνος
937 2215 1128 2290 ὥσπερ
1173 2220 1414 2293 τελώνης
1454 2223 1546 2279 τὸν
1577 2226 1784 2296 ἥμισυν
1825 2227 1960 2298 ἡμῖν

375 2299 471 2356 τοῦ
497 2299 618 2372 βίου
650 2304 1040 2377 συνδιαιρεῖται
1065 2311 1279 2382 χρόνον.

448 2391 656 2446 Πολλοῦ
699 2410 762 2462 γε
809 2396 890 2449 δεῖ
942 2399 1060 2468 μεθ’
1087 2402 1302 2474 ἡμέραν
1341 2405 1627 2462 καθεύδειν
1652 2448 1668 2473 ,
1719 2410 1831 2474 τοῖς
1865 2409 1961 2464 καὶ

375 2480 475 2551 τῆς
508 2482 704 2548 νυκτὸς
735 2485 798 2539 τὸ
829 2488 1078 2544 πλεῖστον
1111 2494 1193 2556 είς
1220 2496 1552 2568 ἐγρήγορσιν
1580 2501 1958 2570 ἀποτεμνομέ-

378 2590 511 2638 νοις.

445 2662 758 2733 Δημοκρίτ.
783 2695 851 2708 -
875 2668 1190 2740 Ἀγρυπνος
1215 2672 1306 2726 ἔσο
1334 2676 1474 2730 κατὰ
1501 2676 1594 2732 τὸν
1616 2678 1744 2734 νοῦν
1765 2697 1778 2712 ·
1827 2697 1959 2751 συγ-

380 2752 542 2822 γενὴς
560 2752 669 2824 γὰρ
694 2754 789 2808 τοῦ
813 2755 1069 2828 ἀληθινοῦ
1093 2759 1324 2816 θανάτου
1353 2767 1382 2817 ό
1404 2767 1536 2839 περὶ
1555 2768 1746 2824 τοῦτον
1764 2769 1956 2836 ὕπνος.

365 2924 514 3018 -ῌοι
560 2925 852 3018 ήμερήσιοι
903 2930 1062 2986 ὕπνοι
1113 2934 1366 3007 σώματος
1405 2939 1663 3012 ὄχλησιν,
1718 2931 1960 3018 ἢψυχῆέ

2053 486 2188 542 solis
2214 486 2381 541 radiis
2398 486 2673 541 illustrata
2695 503 2759 542 ac
2782 487 2915 551 fota,
2949 503 3190 558 vapores
3241 487 3468 557 quidam
3527 502 3632 541 ne-

2053 575 2242 630 bulosi
2257 592 2324 631 ex
2353 575 2465 631 imo
2492 578 2838 644 excitantur;
2876 577 3020 632 idem
3046 577 3447 647 propemodum
3501 589 3635 630 con-

2057 666 2219 740 tingit
2257 668 2313 720 in
2335 666 2510 722 nostri
2545 667 2794 737 corporis
2829 667 3147 732 terra,dum
3170 668 3406 722 naturali
3449 667 3634 722 calore

2057 752 2216 814 cibus
2270 758 2637 814 effervescit:
2687 773 2926 827 eumque
2982 774 3217 828 vapores
3277 767 3474 828 suapte
3532 771 3634 810 na-

2057 858 2182 906 tura
2237 865 2461 905 sursum
2528 849 2778 904 ferantur
2829 857 2884 903 et
2935 849 3074 903 aerii
3130 848 3260 909 sint.
3318 849 3634 918 exspirem-

2058 959 2168 1014 que
2216 943 2269 996 in
2303 942 2486 998 locum
2521 941 2883 1012 superiorem,
2924 940 2981 995 in
3033 939 3230 1009 capitis
3261 939 3392 994 sede
3449 936 3636 994 consi-

2057 1036 2208 1091 dent.

2129 1126 2390 1180 Philonis.
2426 1123 2717 1178 ~Merito
2768 1121 2965 1177 mortis
3021 1120 3465 1185 meditationem,
3513 1134 3636 1173 um-

2061 1217 2327 1287 bramque
2360 1225 2415 1271 et
2445 1215 2678 1270 formam
2712 1213 2913 1268 futura:
2936 1226 3130 1266 rursus
3175 1211 3304 1264 vita:
3363 1210 3610 1264 instaura

2060 1310 2252 1375 tionis,
2276 1309 2382 1363 viri
2405 1324 2536 1364 vera
2553 1307 2832 1377 sapientes
2852 1313 3062 1359 asserte
3092 1301 3445 1369 tradiderunt
3478 1319 3492 1355 :
3519 1316 3636 1354 am-

2059 1403 2255 1457 borum
2302 1400 2450 1456 enim
2504 1399 2654 1453 clara
2714 1397 2822 1452 fert
2880 1393 3173 1450 simulacra
3203 1407 3268 1446 ac
3297 1390 3366 1446 de
3424 1391 3638 1461 integro

2060 1493 2318 1550 eumdem
2335 1508 2402 1547 ex
2431 1492 2606 1545 altero
2627 1489 2682 1542 in
2715 1488 2952 1542 alterum
2992 1481 3281 1538 transfert.

2130 1583 2434 1642 Clementis.
2483 1612 2552 1622 —
2583 1579 2778 1636 Omnia
2802 1593 2923 1647 qum
2965 1565 3062 1630 de.
3095 1589 3292 1629 somno
3348 1573 3635 1634 dicuntur,

2059 1677 2254 1733 eadem
2285 1683 2340 1730 et
2365 1674 2433 1729 de
2464 1681 2645 1727 morte
2680 1670 2825 1725 dicta
2854 1665 3179 1736 accipienda
3210 1670 3340 1719 sunt
3366 1680 3381 1728 ;
3416 1671 3631 1717 utrum-

2062 1785 2170 1839 que
2198 1767 2347 1823 enim
2370 1763 2539 1820 animi
2569 1761 2936 1818 defectionem
2971 1757 3254 1814 declarat:
3299 1755 3416 1810 haec
3438 1749 3634 1823 magis,

2059 1862 2152 1918 ille
2176 1860 2380 1914 minus.

2131 1949 2287 2005 Totis
2314 1947 2551 2011 viribus,
2593 1954 2656 2000 ut
2684 1958 2895 2000 summa
2921 1942 3127 2005 dicam,
3161 1955 3287 1995 cum
3307 1937 3474 2009 616
3488 1949 3638 1989 sern-

2059 2057 2134 2097 no
2165 2041 2326 2098 nobis
2348 2037 2784 2111 digladiandum,
2814 2045 2876 2090 ut
2927 2050 3026 2104 per
3057 2032 3326 2104 vigiliam,
3385 2026 3634 2097 longiora

2059 2132 2186 2194 vitae
2215 2131 2391 2201 spatia
2413 2141 2841 2196 consequamur.

2131 2225 2370 2292 Somnus
2398 2220 2553 2276 velut
2589 2217 2813 2289 quidam
2843 2215 3190 2297 publicanus,
3247 2226 3420 2284 prope
3476 2207 3639 2265 dimi-

2059 2316 2214 2372 dium
2245 2314 2369 2370 vitae
2389 2321 2606 2380 tempus
2640 2308 2801 2364 nobis
2827 2305 3031 2362 aufert.

2132 2408 2371 2463 Tantum
2402 2404 2560 2458 abest
2592 2409 2654 2456 ut
2683 2397 2927 2454 interdiu
2958 2393 3349 2451 dormiendum
3423 2389 3518 2455 sit,
3575 2396 3652 2442 ur-

2059 2509 2116 2558 et
2168 2499 2348 2556 noctis
2384 2504 2598 2567 partem
2645 2492 2940 2547 maximam
3001 2487 3202 2559 vigilia:
3262 2485 3333 2540 sit
3383 2481 3636 2537 tribuen-

2061 2591 2213 2647 dum.

2131 2680 2415 2737 Democrit.
2467 2706 2536 2717 —
2581 2674 2764 2730 Mente
2817 2671 2948 2741 vigil
2993 2677 3154 2735 esto;
3214 2666 3310 2738 qui
3361 2663 3511 2720 enim
3558 2659 3648 2715 illi

2031 2762 2289 2828 somnus
2323 2755 2573 2832 obvenit,
2625 2778 2770 2820 verae
2819 2760 3014 2817 mortis
3053 2766 3319 2830 cognatus
3369 2764 3426 2812 et
3464 2751 3642 2808 amnis

2060 2854 2298 2910 exsistit.

2133 2942 2329 2999 Diurni
2363 2939 2540 2996 somni
2584 2952 2788 3007 corpus
2846 2942 3109 3007 gravant,
3172 2939 3268 2986 aut
3315 2929 3502 2985 animo
3547 2935 3643 2980 tae-

377 3013 726 3088 ἀδημοσύνην
748 3059 764 3087 ,
817 3021 850 3090 ἢ
885 3023 1087 3095 ἀργίην
1118 3026 1151 3096 ἢ
1182 3028 1543 3086 ἀπαιδευσίαν
1575 3013 1952 3106 σημαίνουσιν.

2081 3036 2215 3091 lium
2245 3051 2310 3090 ac
2342 3032 2780 3090 mmstitudinem
2806 3027 3065 3090 aﬂ‘erunt,
3101 3033 3198 3079 aut
3229 3020 3392 3078 otiosi
3426 3018 3640 3089 segnis-

447 3197 805 3266 Φιλοστράτ.
821 3202 1038 3256 *Οὐδὲ
1060 3204 1168 3276 γὰρ
1191 3207 1242 3260 οἱ
1269 3209 1544 3280 σώφρονες
1567 3215 1663 3268 καὶ
1686 3219 1962 3274 σπουδαῖοι

377 3289 741 3357 νυστάζουσι,
795 3294 900 3348 κᾶν
943 3299 1135 3368 ποῤῥω
1167 3299 1275 3352 τῶν
1299 3303 1511 3358 νυκτῶν
1541 3308 1960 3373 σπουδάζουσιν.

495 3381 612 3475 Δγὰρ
663 3383 863 3451 ἔξωθεν
913 3389 1116 3454 αὐτοὺς
1165 3393 1196 3444 ό
1238 3392 1404 3458 ὕπνος
1445 3396 1636 3471 ὥσπερ
1669 3401 1958 3475 δεσπότης,

381 3470 612 3541 ὑϐρίσας
657 3475 737 3538 εις
764 3476 855 3530 τὸν
884 3479 1087 3548 αὐχένα
1111 3479 1506 3552 δεδουλωμένον
1535 3470 1642 3539 ὑπὸ
1665 3489 1760 3542 τοῦ
1782 3470 1924 3543 οἴνου
1943 3507 1958 3523 ο

381 3561 495 3614 ἀλλ’
517 3564 796 3636 ἐλεύθεροί
825 3584 881 3620 τε
918 3571 1013 3624 καὶ
1039 3569 1192 3641 ὀρθοὶ
1221 3573 1524 3641 φαίνονται.
1570 3579 1959 3651 Καταδαρθέν·

381 3671 471 3716 τες
514 3655 572 3708 δὲ
627 3656 848 3730 καθαρᾷ
896 3663 962 3731 τῇ
1002 3661 1146 3732 ψυχῇ
1187 3663 1433 3734 δέχονται
1472 3667 1564 3721 τὸν
1599 3668 1799 3735 ὕπνον,
1834 3671 1959 3726 οὕτε

384 3745 488 3798 ὑπὸ
511 3747 620 3800 τῶν
643 3750 962 3821 εύπραγιῶν
987 3754 1503 3827 ἀνακουφιζόμενοι,
1525 3758 1649 3813 οὕτε
1673 3761 1778 3814 ὑπὸ
1799 3779 1970 3817 κακο-

384 3838 626 3908 πραγίας
665 3841 811 3904 τινὸς
851 3843 1278 3914 ἐκτρώσκοντες.
1336 3849 1660 3921 Σύμμετρος
1683 3851 1793 3924 γὰρ
1824 3853 1963 3925 πρὸς

383 3926 549 3994 ἄμφω
601 3928 776 3984 ταῦτα
829 3930 974 4002 ψυχὴ
1026 3936 1308 4004 νήφουσα,
1371 3939 1465 3992 καὶ
1517 3941 1801 4013 οὐδετέρου
1849 3944 1957 3998 τῶν

385 4017 573 4072 παθῶν
601 4020 801 4090 ἥττωνσ
837 4021 962 4076 ὅθεν
993 4025 1088 4078 καὶ
1120 4027 1373 4083 καθεύδει
1407 4031 1603 4102 ἥδιστα
1633 4034 1728 4087 καὶ
1756 4035 1959 4090 ἀλυπόο

383 4125 540 4176 τατα,
579 4112 654 4184 μὴ
687 4114 1017 4187 ἐξισταμένη
1047 4118 1148 4172 τοῦ
1169 4117 1358 4175 ὕπνου.
1809 4106 1819 4114 ’

909 4384 916 4388 ’
972 4401 1191 4456 ΛΟΓΟΣ
1222 4405 1281 4458 Λ¹
1303 4405 1369 4460 ιη

983 4517 1122 4585 Περὶ
1146 4519 1354 4587 μέθης.

451 4626 634 4678 Λουκ.
662 4623 775 4680 xa'.
831 4656 900 4668 —
953 4627 1258 4698 Προσέχετε
1311 4633 1525 4696 ἑαυτοῖς
1547 4673 1578 4700 ,.
1609 4633 1820 4705 μήποτε
1862 4635 1961 4706 βα-

387 4712 657 4783 ρυνθῶσιν
713 4717 768 4770 αἱ
820 4717 1042 4788 καρδίαι
1088 4721 1243 4790 ὑμῶν
1288 4722 1347 4776 ἐν
1380 4723 1661 4797 κραιπάλῃ
1695 4724 1790 4778 καὶ
1823 4726 1962 4798 μέθῃ

384 4804 481 4856 καὶ
515 4806 810 4876 μερίμναις
835 4807 1128 4878 βιοτικαΐς’
1168 4812 1263 4868 καὶ
1294 4814 1577 4884 αἰφνιδίως
1613 4814 1738 4882 ὑμῖν
1764 4817 1962 4889 ἐπιστῇ

388 4895 422 4964 ἡ
453 4895 634 4966 ἡμέρα
663 4897 869 4971 ἐκείνη.
1582 4931 1590 4935 -

474 4987 642 5058 Ῥωμ.
668 4997 760 5059 ιγ’.
785 4991 956 5056 -Ὠς
979 4992 1038 5047 ἐν
1063 4994 1248 5068 ἡμέρᾳ
1277 4996 1637 5070 εὐσχημόνως,
1661 5005 1967 5074 περιπατή-

388 5096 604 5150 σωμεν·
660 5081 736 5154 μὴ
784 5083 1001 5155 κώμαις
1054 5088 1150 5141 καὶ¹
1193 5088 1427 5158 μέθαις,
1489 5092 1563 5164 μὴ
1623 5094 1830 5160 κοίταις
1875 5097 1969 5151 καὶ

385 5169 690 5238 ἀσελγίαις.

458 5264 600 5318 Σολ.
629 5260 782 5324 ζ’.--
813 5266 1041 5337 Ἀγαθὸν
1071 5273 1407 5346 πορευθῆναι
1437 5277 1517 5341 είς
1539 5273 1688 5332 οἷκον
1717 5278 1967 5343 πένθους.

387 5350 416 5418 ἢ
451 5355 536 5416 είς
561 5351 710 5411 οἷκον
737 5358 926 5415 πότου.

463 5447 705 5516 Παροιμ.
735 5457 845 5519 κγ’.
865 5483 934 5492 ——
956 5455 1048 5525 Μὴ
1081 5455 1191 5511 τσθι
1222 5458 1534 5531 οίνοπότης·
1593 5465 1698 5528 πᾶς
1729 5464 1837 5535 γὰρ
1875 5465 1968 5537 μέν

392 5535 554 5599 θυσος
585 5542 906 5610 πτωχεύσει.

469 5653 511 5683 ⁸⁷
542 5655 597 5708 In
630 5655 792 5713 Gesn.
819 5659 1034 5718 Stoba'o
1062 5663 1150 5720 88.

2063 3145 2169 3201 que
2229 3127 2398 3183 animi
2427 3125 2636 3181 indicio
2666 3132 2816 3188 sunt,
2855 3129 2952 3176 aut
2981 3113 3398 3186 indisciplinati.

2130 3216 2467 3272 Philostrati.
2496 3213 2689 3280 -—Qui
2731 3211 3014 3282 sapientes
3040 3216 3097 3262 et
3117 3203 3287 3261 sobrii
3337 3210 3489 3266 sunt,
3521 3209 3642 3254 stu-

2062 3308 2317 3377 diosique
2333 3320 2399 3360 ac
2429 3305 2666 3369 strenui,
2693 3315 2979 3371 nunquam
3032 3296 3360 3359 dormitant,
3422 3290 3656 3348 etiamsi'

2063 3399 2246 3455 studia
2271 3413 2368 3452 sua
2395 3396 2705 3450 in'multam
2737 3400 2956 3447 noctem
2978 3388 3309 3460 producant.
3333 3383 3456 3440 Non
3490 3381 3640 3453 enim
3729 3387 3740 3394 '

2063 3500 2291 3541 somnus
2327 3493 2590 3553 tanquam
2620 3481 2882 3536 dominus
2916 3493 3012 3533 eos
3037 3475 3304 3538 extrudit,
3366 3469 3645 3526 cervicem

2045 3578 2192 3633 'vino
2227 3576 2510 3630 subactam
2530 3571 2881 3629 contumelia:
2903 3569 3115 3623 habens
3129 3579 3362 3634 eamque
3386 3568 3640 3622 tentans;

2063 3667 2159 3724 sed
2184 3667 2350 3722 liberi
2373 3665 2624 3734 rectique
2649 3660 3093 3730 conspiciuntur.
3116 3654 3461 3710 Dormientes
3486 3663 3639 3712 vero,

2061 3777 2200 3833 pura
2231 3767 2419 3815 mente
2443 3770 2698 3814 somnum
2732 3751 3060 3822 suscipiunt,
3089 3756 3151 3802 ut
3179 3760 3360 3815 neque
3388 3738 3646 3798 secundis

2064 3829 2232 3907 rebus
2255 3850 2436 3905 levius
2457 3847 2785 3908 efferantur,
2817 3855 2998 3911 neque
3033 3837 3163 3892 ullis
3213 3831 3464 3890 adversis
3507 3829 3646 3899 deji-

2064 3942 2306 3997 ciantur.
2334 3941 2395 3995 In
2417 3938 2668 4008 utrisque
2700 3935 2850 3990 enim
2878 3945 3033 3987 mens
3057 3927 3246 3984 sobria
3301 3921 3655 3978 moderatio-

2062 4049 2192 4089 nem
2227 4041 2399 4097 tenet,
2435 4039 2745 4099 neutroque
2762 4042 2820 4083 se
2848 4023 3048 4080 aﬂ‘ectu
3079 4018 3226 4074 vinci
3273 4014 3502 4086 patitur.
3533 4011 3640 4067 lta-

2065 4140 2172 4195 que
2193 4133 2250 4180 et
2280 4106 2606 4179 suaviSsime
2641 4119 2835 4176 etsine
2865 4113 3139 4180 molestia,
3168 4125 3362 4169 somno
3395 4123 3508 4165 non
3562 4106 3664 4159 in--

2065 4224 2338 4288 tercepto,
2367 4213 2597 4270 dormit.

2629 4408 2860 4465 SERMO
2904 4405 3072 4462 XXX.

2661 4523 2738 4578 De
2774 4522 3045 4576 ebrietate.
3127 4589 3136 4598 ί

2064 4693 2070 4700 _
2135 4635 2264 4692 Luc.
2287 4650 2399 4700 xxx,
2427 4634 2520 4690 54.
2543 4661 2613 4671 -
2633 4630 2918 4687 Attendite
2951 4627 3133 4691 vobis,
3166 4640 3237 4682 ne
3273 4623 3496 4694 quando
3520 4639 3647 4694 gra-

2064 4735 2265 4783 ventur
2293 4725 2462 4780 corda
2489 4732 2673 4778 vestra
2696 4722 2753 4776 in
2783 4721 3012 4791 crapula
3043 4727 3100 4774 et
3121 4718 3397 4774 ebrietate
3418 4723 3476 4768 et
3495 4716 3672 4768 curis-7

2067 4820 2235 4890 hujus
2263 4815 2388 4871 vitae
2427 4824 2523 4870 :et
2554 4812 2909 4885 superveniat
2969 4811 3026 4866 in
3078 4825 3177 4865 vos
3205 4805 3494 4878 repentina
3527 4806 3648 4861 dies

2068 4910 2183 4965 illa.

2143 5003 2297 5056 Rom.
2329 5017 2442 5063 xm,
2499 4999 2585 5053 15.
2606 5027 2675 5037 —-
2704 4995 2859 5051 Sicut
2893 4994 2949 5048 in
3007 4993 3097 5049 die
3126 4993 3356 5050 honeste
3406 4992 3640 5047 ambule-

2077 5110 2202 5150 mus
2235 5112 2248 5147 :
2288 5107 2397 5146 non
2421 5091 2479 5145 in
2507 5086 3007 5145 comessationibus
3023 5095 3083 5140 et
3103 5085 3490 5149 ebrietatibus,
3539 5099 3647 5137 non
3675 5127 3678 5129 Α

2075 5193 2130 5248 in
2163 5189 2444 5247 cubilibus
2473 5197 2529 5242 et
2558 5181 2942 5254 impudicitiis.

2145 5281 2322 5336 Eccle.
2357 5296 2450 5345 vn,
2484 5277 2537 5331 5.
2569 5275 2866 5328 —Bonum
2895 5280 2980 5326 est
3007 5271 3090 5326 ire
3112 5269 3168 5325 in
3193 5270 3415 5326 domum
3447 5270 3672 5332 luctus,.

2075 5389 2239 5444 quam
2275 5373 2330 5426 in
2363 5370 2585 5425 domum
2615 5364 2874 5421 convivii.

2147 5464 2305 5519 Prov.
2334 5477 2485 5525 XXIII,
2511 5459 2602 5523 20,
2634 5457 2725 5510 2|.
2759 5454 2970 5510 —Noli
3000 5471 3122 5511 esse
3147 5455 3263 5510 vini
3297 5454 3496 5520 bibax;
3531 5469 3648 5509 om,

2076 5558 2162 5614 nis
2189 5556 2337 5612 enim
2366 5555 2492 5610 vino
2515 5549 2738 5607 deditus
2763 5546 3119 5621 mendicabit.
