3990 6176
339 260 446 325 883

408 368 514 436 Qui
542 368 778 424 libenter
801 366 854 420 in
881 364 992 419 vini
1015 363 1393 434 potationibus
1417 369 1688 426 moratur,
1713 361 1771 416 in
1795 376 1918 416 mu-
1949 364 1998 420 Δ

340 462 648 519 nitionibus
681 461 796 514 suis
822 458 1097 526 relinquet
1121 455 1422 510 infamiam.

413 551 579 608 Eccli.
631 565 776 614 xxxt,
811 550 899 602 M.
933 547 1088 602 —In
1144 546 1398 602 convivio
1445 546 1559 602 vini
1603 561 1676 602 ne
1721 557 1921 614 arguas

340 644 678 716 proximum,
713 647 770 695 et
815 654 926 694 non
981 639 1254 708 despicias
1305 653 1432 694 eum
1465 637 1547 692 in-
1577 636 1921 710 iucunditate

343 735 514 789 illius.
763 717 776 730 '

411 824 621 881 Basilii.
650 855 722 865 —
759 825 830 881 Ut
877 823 1024 878 enim
1081 837 1224 892 aqua
1277 821 1602 878 adversatur
1664 819 1796 891 igni,
1841 818 1924 874 sic

343 916 459 972 vini
494 915 892 971 immoderatus
919 923 1084 984 potus
1108 912 1383 967 rationem
1419 911 1745 981 exstinguit.

413 1006 671 1077 Optimus
692 1006 808 1060 vini
840 1014 1005 1075 potus
1021 1004 1219 1059 modus
1242 1012 1348 1068 est,
1385 1002 1639 1073 corporis
1671 1012 1926 1062 necessae

345 1112 463 1152 ιἰυε
487 1112 642 1151 usus.

402 1187 567 1258 617
590 1187 846 1242 Ebrietas
889 1185 1183 1241 Dominum
1213 1201 1326 1240 non
1359 1185 1622 1254 suscipit;
1653 1182 1923 1252 Spiritum

345 1290 596 1334 sanctum
630 1278 876 1348 expellit.
922 1277 1056 1332 Nam
1092 1276 1277 1330 fumus
1306 1275 1532 1344 quidem
1577 1289 1709 1345 apes
1739 1272 1926 1342 fugat;

345 1369 570 1439 crapula
596 1383 732 1424 vero
764 1368 1035 1438 spiritalia
1057 1367 1202 1421 dona
1231 1367 1502 1421 eliminat.

409 1459 671 1530 Theologi.
700 1490 771 1500 -—
802 1461 980 1530 Atque
1019 1460 1077 1513 hi
1109 1459 1333 1529 quidem
1363 1457 1431 1513 ad
1457 1458 1607 1512 hunc
1633 1449 1858 1510 modum
1909 1470 1924 1508 :

346 1568 449 1607 nos
467 1562 648 1606 autem
684 1552 740 1605 in
768 1551 895 1606 altis
917 1558 973 1606 et
999 1551 1336 1605 sublimibus
1359 1550 1538 1612 lectis,
1571 1548 1926 1616 eximiisque,

1508 255 1568 314 S.
1609 251 1897 312 MAXIMI
1930 247 2440 312 CONFESSORIS

2105 358 2209 424 ’Ὃς
2237 360 2386 412 ἔστιν
2418 357 2547 427 ἡδὺς
2571 355 2630 408 ὲν
2656 352 2817 408 οῖνων
2839 347 3165 418 διατριϐαῖς,
3196 344 3254 399 ἓν
3274 344 3388 409 τοῖς
3409 343 3604 398 ἑαυτοῦ

2019 451 2342 524 ὀχυρώμασι
2375 446 2699 516 καταλείψει
2727 442 2977 513 ἀτιμίαν.

2092 545 2273 614 Σιρὰχ
2319 546 2435 598 λα’.
2462 571 2532 583 -
2559 540 2649 592 Ἐν
2682 534 2968 607 συμποσίῳ
2995 533 3139 586 οἴνου
3178 529 3254 601 μὴ
3285 527 3482 600 έλεγχὶ
3512 529 3606 582 τὸν

2023 635 2290 706 πλησίον,
2342 633 2440 687 xui
2492 631 2570 703 μὴ
2604 625 2972 699 ἰξουδενὼσῃς
3001 623 3165 678 αὐτὸν
3211 623 3268 674 ὲν
3295 621 3604 691 εὐφροσύνῃ

2023 723 2212 779 αὐτοῦ.

2094 819 2310 872 Βασιλ.
2329 845 2398 854 -
2433 813 2650 883 ’Ὥσπερ
2678 809 2788 880 γὰρ
2821 807 2966 879 ὕδωρ
3013 803 3272 872 πολέμιόν
3300 804 3416 856 ἐστι
3443 801 3600 870 πυρὶ,

2022 907 2198 971 οὕτως
2217 905 2458 978 ἀμετρία
2475 903 2617 959 οἴνου
2643 899 2901 970 λογισμὸν
2915 896 3309 952 κατασϐέννυσι
3325 893 3595 963 σώφρονα.

2094 1000 2311 1071 Μέτρον
2340 998 2563 1070 ἄριστον
2595 993 2696 1063 τῆς
2727 991 2823 1045 τοῦ
2852 991 2998 1046 οῐνου
3029 988 3278 1059 χρήσεως
3302 1027 3316 1051 ,
3374 986 3410 1054 ἡ
3442 983 3602 1054 χρεία

2023 1089 2120 1144 τοῦ
2149 1088 2426 1159 σώματος.

2096 1180 2276 1250 Μέθη.
2309 1179 2515 1249 Κύριον
2543 1177 2603 1230 ού
2612 1196 2642 1248 χ
2663 1173 3005 1245 ὑποδέχεται.
3036 1167 3264 1238 Πνεῦμα
3295 1165 3450 1233 ἅγιον
3471 1163 3606 1216 ἀπο-

2025 1272 2236 1324 διὼκει.
2282 1270 2505 1333 Kanqu
2539 1269 2636 1340 μὲν
2670 1268 2780 1338 γὰρ
2845 1261 3138 1334 φυγαδεύει
3170 1258 3434 1330 μελίσσας
3455 1271 3468 1285 ⁸
3502 1272 3603 1324 χα-

2032 1364 2273 1437 ρίσματα
2299 1362 2356 1416 δὲ
2385 1359 2738 1430 πνευματικά
2767 1353 3066 1412 ἁποδιώκει
3097 1347 3402 1420 κραιπάλη.

2103 1455 2274 1506 Θεολ.
2311 1482 2383 1491 -
2414 1452 2524 1504 Καὶ
2566 1452 2615 1504 οἱ
2653 1449 2752 1521 μὲν
2790 1447 3059 1514 πένητες,
3107 1439 3315 1504 οὕτως’
3349 1439 3507 1508 ἡμεῖς
3548 1436 3605 1490 δὲ

2031 1543 2440 1613 ἀνακεισόμεθα
2469 1542 2715 1613 λαμπροὶ
2743 1537 3034 1610 λαμπρῶς,
3066 1535 3160 1588 ἐπὶ
3194 1531 3446 1592 πιὸἀδος
3474 1528 3607 1598 ὑψη-

347 1651 404 1697 et
441 1657 562 1711 quae
593 1656 732 1711 pene
764 1649 989 1711 tangere
1022 1641 1175 1696 nefas
1202 1641 1294 1706 sit,
1325 1639 1612 1708 stragulis,
1652 1635 1926 1708 splendidi

2077 1638 2128 1708 ἧς
2156 1654 2216 1690 τε
2247 1636 2341 1690 καὶ
2371 1635 2650 1706 μετεώρου
2676 1677 2690 1700 ,
2738 1633 2836 1687 xui
2868 1629 2976 1683 τῶν
3006 1625 3279 1697 περιττῶν
3307 1623 3405 1676 xui.
3431 1620 3608 1690 ἀψαύ-

348 1705 638 1803 εριέηιιίιίθ
685 1705 1096 1786 recumbemus.
1150 1731 1219 1784 Et
1257 1705 1482 1800 quidem
1529 1728 1608 1782 illi
1667 1705 1928 1799 praeclare

2077 1705 2174 1784 raw
2204 1705 2613 1796 ἐπιϐλημάτων.
2638 1724 2750 1779 Καὶ
2781 1724 2894 1786 τοῖς
2930 1719 3029 1791 μὲν
3053 1717 3220 1778 πολὺς
3237 1716 3283 1748 ⁸⁸
3321 1713 3482 1783 κόρος
3512 1711 3607 1764 xui.

347 1839 532 1880 secum
579 1823 666 1894 agi
713 1823 1018 1893 putabunt,
1051 1823 1097 1877 si
1123 1822 1210 1876 vel
1257 1836 1398 1890 aqua
1434 1819 1798 1889 expleantur;
1831 1833 1935 1874 nos

2077 1819 2229 1882 5ατος
2249 1833 2263 1847 ⁶
2297 1819 2429 1888 ἡμῖν
2459 1816 2516 1869 δὲ
2558 1816 2652 1869 xui
2685 1814 2844 1884 μέχρι
2889 1809 3061 1881 μέθης
3091 1808 3140 1860 οί
3171 1805 3264 1858 τοῦ
3293 1803 3437 1856 οἴνου
3472 1818 3609 1894 κρα-

347 1923 532 1971 autem
561 1915 673 1969 vini
701 1915 898 1984 pocula
926 1929 1098 1984 usque
1123 1914 1189 1968 ad
1217 1913 1544 1968 ebrietatem
1572 1911 1930 1966 hauriemus:

2077 1916 2227 1985 ἡρες·
2262 1912 2464 1984 μᾶλλον
2507 1911 2564 1964 δὲ
2597 1909 2694 1964 καὶ
2736 1909 2877 1978 ὑπὲρ
2911 1903 3084 1974 μέθην
3109 1903 3222 1963 τοῖς
3258 1893 3610 1985 ἀκολαστοτέ-

349 2007 462 2060 imo
508 2005 675 2060 etiam
703 1983 854 2060 ultra
884 1983 1262 2060 temulentiam
1290 2045 1303 2064 .
1337 2002 1485 2074 quod
1518 2002 1712 2057 saltem
1740 2002 1808 2056 ad
1836 2017 1934 2058 eos

2077 1983 2149 2068 οις
2169 2021 2183 2034 ⁸
2215 2004 2311 2057 καὶ
2336 2003 2432 2056 τὸν
2467 2001 2564 2072 μὲν
2596 1995 3043 2067 ἀποπεμψόμεθα
3069 1991 3179 2045 τῶν
3209 1991 3392 2051 οἴνων,
3422 1985 3516 2038 τὸν
3551 1983 3608 2035 δὲ

349 2095 550 2150 attinet
581 2094 676 2165 qui
708 2095 916 2165 majore
965 2093 1395 2162 intemperantia
1442 2092 1726 2158 laborant;
1763 2102 1931 2162 atque

2077 2094 2394 2165 ικρινοῢμεν
2424 2094 2499 2156 ὼς
2530 2090 2828 2160 ἀνθοσμίαν
2851 2103 2866 2118 ⁸
2913 2084 3043 2156 περὶ
3088 2083 3146 2137 δὲ
3176 2080 3270 2135 τοῦ
3312 2076 3610 2148 φιλοσοφή-

349 2200 418 2240 ex
471 2185 725 2256 pluribus
775 2185 921 2240 vinis
971 2184 1080 2240 alia
1107 2184 1456 2255 rejiciemus;
1510 2184 1640 2248 alia,
1686 2192 1749 2238 ut
1803 2199 1933 2238 sua~

2077 2203 2202 2257 ομεν
2221 2203 2236 2219 ο
2279 2187 2453 2256 ζημία
2482 2184 2562 2248 δὲ,
2595 2184 2646 2236 εἰ
2674 2181 2749 2253 μὴ
2776 2178 3075 2251 προσέσται
3108 2173 3185 2245 τῷ
3209 2169 3480 2242 ἐγχωρίῳ,
3514 2167 3611 2220 xui.

350 2274 439 2328 via
471 2284 526 2329 et
559 2282 736 2345 grata,
788 2273 1184 2344 probabimus,
1215 2273 1284 2327 de
1325 2273 1450 2327 aliis
1497 2273 1668 2328 etiam
1691 2273 1938 2342 philoso-

2077 2277 2143 2330 ὧν
2169 2275 2587 2348 ὀνομαζομένων
2615 2273 2781 2341 ξένων
2821 2287 2938 2334 τις,
2971 2267 3162 2339 ὥσπερ
3190 2263 3478 2335 τύραννος.
3520 2259 3615 2348 Δεῖ

351 2343 670 2434 phabimur,
704 2343 872 2435 atque
904 2365 1245 2420 detrimento
1268 2363 1559 2429 ducemus,
1597 2361 1704 2417 nisi
1731 2363 1802 2417 ad
1835 2378 1934 2432 pa-

2077 2365 2143 2437 ἀρ
2163 2343 2321 2436 ιήμάς
2351 2343 2554 2434 ἁδροὺς
2591 2362 2687 2416 xui.
2717 2361 2817 2430 τῆς
2846 2357 3033 2430 χρείας
3079 2351 3499 2425 περιττοτέρως
3529 2343 3610 2400 εἷ-

353 2453 540 2517 trium,
568 2454 736 2508 etiam
784 2454 1062 2509 exoticum
1109 2453 1386 2524 quoddam
1417 2453 1606 2506 vinum
1655 2451 1801 2507 inter
1829 2453 1937 2506 alia

2077 2475 2127 2512 ιι
2149 2474 2161 2488 ·
2196 2457 2387 2529 ὥσπερ
2422 2454 2871 2528 αἰσχυνομένους,
2897 2451 2947 2503 εί
2975 2449 3050 2520 μὴ
3084 2445 3248 2502 κακοὶ
3277 2439 3614 2514 νομιζόμεθα

353 2544 571 2600 celebre
605 2544 759 2600 velut
789 2553 1061 2617 tyrannus
1090 2543 1408 2599 accesserit.
1448 2543 1557 2598 Nos
1585 2543 1790 2613 quippe
1813 2543 1937 2598 lau-

2034 2549 2130 2602 xui.
2156 2548 2332 2602 δοῦλοι
2363 2547 2624 2618 γαστρὸς,
2655 2544 2750 2598 καὶ
2787 2542 2896 2596 τῶν
2919 2540 3025 2594 ὑπὸ
3055 2537 3321 2608 γαστέρα.

353 2647 442 2693 tos
464 2647 522 2694 et
561 2639 859 2706 delicatos,
891 2655 954 2694 ac
984 2654 1151 2710 supra
1190 2654 1355 2708 quam
1390 2653 1522 2693 usus
1560 2636 1763 2708 exigat,
1824 2638 2170 2709 profusiores
2207 2657 2329 2698 esse
2372 2649 2540 2712 atque
2581 2638 2776 2695 haberi
2815 2635 3008 2700 decet;
3045 2630 3278 2703 perinde
3311 2636 3478 2698 atque
3511 2638 3612 2679 ve-

355 2741 575 2782 reamur
606 2743 677 2782 ne
707 2743 818 2782 non
865 2727 994 2782 mali
1027 2728 1412 2783 existimemur
1437 2766 1450 2791 ,
1499 2727 1820 2796 venti-isque
1870 2742 1936 2784 ac
1971 2745 2345 2788 venereorum
2375 2729 2670 2800 mancipia.
2855 2749 2857 2752 ‘
3431 2741 3438 2748 ‘

426 2814 692 2887 Chrysost.
724 2845 794 2855 —-
820 2814 926 2882 Qui
961 2815 1233 2869 ebrietate
1276 2823 1333 2868 et
1372 2814 1590 2868 luxuria
1623 2814 1794 2868 vitam
1829 2813 1936 2868 du-

355 2915 512 2970 cunt,
547 2906 635 2962 his
664 2906 719 2961 in
744 2906 925 2961 noctis
954 2905 1212 2961 tenebras
1240 2903 1360 2959 dies
1381 2904 1651 2959 vertitur:
1675 2919 1787 2958 non
1818 2905 1936 2959 vel-

2113 2821 2415 2889 Χρυσόστ.
2434 2849 2505 2859 —-
2526 2819 2651 2882 Τοῖς
2677 2819 2734 2871 έν
2763 2816 2902 2887 μέθῃ
2945 2812 3040 2868 καὶ
3083 2808 3350 2881 ἀκολασίᾳ
3385 2805 3614 2878 βιοῦσιν,

2042 2913 2078 2985 ἡ
2104 2913 2291 2985 ἡμέρα
2321 2913 2456 2984 πρὸς
2482 2911 2544 2966 τὸ
2572 2911 2676 2981 τῆς
2706 2909 2904 2972 νυκτὸς
2938 2903 3374 2976 μεταστρέφεται
3405 2899 3615 2962 σκότος’

355 3009 419 3054 ut
467 2999 550 3054 sol
582 2998 986 3070 exstinguatur,
1033 2997 1129 3054 sed
1163 2996 1310 3068 quod
1340 3010 1532 3052 eorum
1569 2995 1788 3050 animus
1820 2995 1938 3060 viui

2077 3007 2102 3060 ὑ
2151 3007 2246 3062 τοῦ
2269 3007 2444 3077 ’ἡλίου
2493 3004 2881 3074 σϐεννυμένου,
2915 2999 3052 3054 ἀλλὰ
3097 2998 3200 3069 τῆς
3241 2995 3466 3051 ἐκείνων
3510 2993 3623 3047 δια-

355 3091 578 3160 rrapula
604 3090 1050 3146 obtenebrescat.

422 3181 663 3252 Evagrii.
685 3182 908 3248 Vinum,
939 3197 1174 3254 corpus;
1204 3182 1302 3238 Dei
1344 3197 1528 3240 sermo
1571 3183 1818 3238 animum
1849 3199 1939 3239 ro-

357 3275 537 3330 borat.

423 3365 722 3422 Plutarchi.
753 3396 824 3406 --
872 3366 1061 3422 Mundi
1105 3367 1333 3438 quidem
1365 3368 1476 3439 igni
1513 3377 1570 3424 et
1605 3383 1763 3439 aqua:
1785 3367 1944 3422 labes

357 3473 422 3514 ac
461 3458 723 3513 interitus
750 3467 870 3525 est;
903 3459 1312 3516 luxuriosorum
1333 3475 1468 3516 vero
1498 3475 1633 3531 opes
1657 3459 1942 3516 amoribus

293 3608 295 3610 η
357 3554 627 3602 corruunt
647 3555 704 3602 et
736 3547 1085 3604 temulentia.

418 3657 698 3729 Diogenes.
727 3689 794 3701 —
819 3659 957 3715 Cum
992 3659 1073 3715 illi
1104 3661 1160 3716 in
1193 3659 1432 3729 quodam
1459 3659 1716 3716 convivio
1736 3661 1944 3732 largius

359 3764 572 3804 merum
603 3751 1023 3820 propinaretur,
1062 3751 1115 3804 id
1145 3750 1362 3807 ell‘udit.
1401 3750 1560 3816 Quod
1597 3766 1735 3808 vero
1769 3749 1943 3820 aliqui

361 3855 479 3895 rem
520 3841 908 3912 improbabant
948 3859 962 3896 :
1000 3841 1057 3897 Si
1091 3842 1344 3906 ebibero,
1381 3841 1581 3911 inquit,
1617 3857 1730 3897 non
1763 3842 1942 3897 solum

362 3931 549 3986 vinum
577 3932 806 4003 peribit,
843 3933 939 3988 sed
966 3941 1024 3988 et
1051 3948 1138 3987 me
1165 3949 1274 3987 una
1300 3947 1490 3987 secum
1521 3933 1735 4001 perdet.

435 4043 1029 4115 Menandri.—lnjuria
1072 4044 1374 4113 vinumque
1405 4043 1714 4099 amicorum
1759 4059 1946 4101 mores

362 4151 426 4190 ac
457 4137 699 4192 indolem
731 4136 924 4194 amicis
955 4135 1213 4206 detegere
1238 4135 1440 4191 solent.

363 4255 593 4310 Multum
622 4252 754 4305 meri
788 4266 981 4320 parum
1003 4265 1190 4319 sapere
1219 4250 1375 4320 cogit.

365 4327 484 4379 Non
527 4322 748 4393 quidem,
774 4321 926 4393 capia
955 4321 1204 4393 ροιιιενςίΔ
1221 4321 1336 4389 quis
1355 4320 1626 4393 _observet,

365 4390 615 4462 Desipere
649 4392 794 4460 facit,
821 4390 911 4444 sed
935 4391 1166 4459 palantis
1183 4390 1478 4462 ingenium.

364 4458 736 4521 Molestum'est
758 4458 942 4514 autem
965 4475 1080 4512 cum
1104 4461 1219 4529 quis
1242 4458 1351 4529 pra:
1372 4461 1490 4512 vino
1517 4460 1672 4512 nimis
1687 4458 1939 4528 loquitur,

365 4532 510 4588 Nihil
530 4533 718 4594 sciens,
745 4529 1006 4585 simulans
1025 4545 1144 4583 vero
1166 4530 1313 4583 scire.

436 4645 663 4716 Pythag.
690 4672 762 4684 —
803 4641 906 4698 Hic
934 4641 1116 4696 aiebat
1142 4640 1470 4696 ebrietatem
1511 4637 1748 4692 vesaniae
1786 4651 1946 4691 exer-

367 4739 725 4794 citamentum
747 4748 890 4789 esse.

438 4849 724 4904 Cfeostrat.
776 4878 848 4889 —
893 4847 1238 4902 Cleostratus
1287 4845 1504 4899 cuidam
1537 4845 1643 4900 sibi
1696 4843 1951 4898 dicenti:

1962 3069 2006 3129 ϐ
2039 3099 2188 3163 νοίας
2218 3069 2608 3169 σκοτιζομένης
2631 3069 2709 3166 τῇ⁷
2734 3094 2895 3166 μέθῃ.

2109 3193 2430 3262 Εὐαγρίου.
2470 3220 2542 3232 -
2568 3185 2830 3242 Ῥώννυσι
2875 3183 2973 3256 μὲν
3019 3177 3160 3245 οἶνος
3193 3177 3387 3250 σῶμα·
3422 3175 3526 3246 τὴν
3563 3173 3624 3228 δὲ

2039 3287 2220 3358 ψυχὴν
2249 3286 2409 3354 λόγος
2438 3282 2600 3337 Θεοῦ.
3336 3287 3348 3298 ⁵

2111 3357 2449 3444 Πλουτάρχ.
2489 3401 2559 3415 ——
2605 3371 2894 3442 Φθείρεται
2944 3367 3045 3439 μὲν
3097 3365 3303 3435 κόσμος
3347 3359 3482 3431 πυρὶ
3526 3357 3626 3411 καὶ

2027 3467 2195 3522 ,ὕδατι
2211 3485 2225 3499 ·
2257 3469 2286 3522 ό
2303 3467 2360 3521 δὲ
2385 3465 2492 3520 τῶν
2515 3463 2832 3519 ἀκολάστων
2859 3460 3110 3523 πλοῦτος,
3140 3456 3305 3527 έρωτι
3333 3453 3430 3506 xui.
3456 3447 3624 3522 μέθῃ.

2113 3664 2340 3737 Διογέν.
2359 3693 2432 3707 —-
2463 3663 2554 3716 Ἐν
2585 3658 2875 3731 συμποσίῳ
2909 3655 3038 3719 τινὶ,
3071 3651 3268 3708 πολλοῦ
3295 3648 3446 3720 αὐτῷ
3476 3649 3627 3727 οἴνου

2042 3756 2345 3828 διδομένου,
2393 3752 2584 3808 τοῦτον
2640 3749 2890 3820 ἐξέχεενο
2957 3745 3081 3798 ἐπεὶ
3140 3743 3199 3797 δέ
3253 3757 3402 3804 τινες
3459 3741 3630 3828 αύτὸν

2044 3826 2379 3918 ἐμέμφοντο,
2429 3843 2556 3896 Ἐὰν
2596 3839 2707 3908 γὰρ
2736 3837 2922 3898 αὐτὸν,
2957 3833 3061 3903 ἔφη
3090 3871 3105 3896 ,
3140 3830 3336 3895 ἐκπίω,
3363 3829 3427 3882 οὑ
3463 3826 3630 3899 μόνον

2045 3937 2209 4002 αὐτὸς
2235 3935 2556 3996 ἀπόλλυται,
2591 3929 2730 3984 ἀλλὰ
2756 3927 2902 3996 κάμὲ
2931 3921 3394 3996 προσαπόλλυσιν.

2116 4043 2417 4112 Μεγάνόρ.
2437 4072 2506 4083 -
2529 4039 2728 4110 ’Υόρις
2751 4037 2846 4092 xui.
2871 4032 3016 4098 οῐνος
3049 4029 3465 4088 ἀποκαλύπτειν
3499 4027 3632 4082 sidi-

2049 4139 2205 4193 θασιν
2241 4135 2420 4204 φίλοις
2444 4133 2513 4187 τὰ
2541 4130 2646 4202 ἢθη
2678 4131 2788 4183 τῶν
2818 4129 3014 4198 φίλων.

2057 4252 2122 4304 '0
2159 4247 2354 4308 πολὺς
2380 4245 2658 4311 ἄκρατος,
2683 4239 2838 4311 ,ὀλίγ’
2870 4233 3186 4311 ἀναγκάζει
3217 4231 3487 4311 φρονεῖν.

2042 4302 2126 4374 Oi)
2150 4317 2263 4386 τὰρ
2286 4302 2353 4369 τό
2383 4302 2656 4386 πλῆθος-’,⁷
2671 4310 2749 4386 ᾂν
2769 4302 2976 4386 ria-song?
2999 4302 3116 4386 ἐις2
3152 4302 3259 4386 τοῦ
3297 4303 3488 4355 πότου

1978 4396 2020 4451 1)
2050 4374 2562 4452 Ποιεῖῖτιιροινεῗν,
2591 4374 2698 4452 εοῇ
2732 4378 2978 4452 πιόντος
3008 4374 3122 4452 dif.
3147 4374 3354 4452 φύσις.

2049 4439 2330 4511 iacienda;
2362 4453 2507 4505 ὅταν
2531 4439 2620 4513 τις
2647 4443 2734 4500 ὧν
2768 4450 2914 4511 πίνῃ
2952 4439 3368 4508 πλέον’λαλῇ,

2050 4525 2260 4594 Μηδὲν
2291 4520 2568 4583 κατιδὼν,
2600 4515 2762 4573 ἀλλὰ
2786 4513 3326 4583 προσποιούμενος.

2084 4655 2088 4657 ’
2122 4642 2349 4708 Πυθαγ.
2369 4665 2441 4677 -
2463 4627 2634 4697 Οὗτος
2663 4631 2818 4698 ἔλεγε
2846 4670 2862 4696 ,
2889 4628 3000 4699 Τὴν
3034 4626 3228 4697 μέθην,
3261 4623 3459 4696 μανίας
3490 4615 3635 4674 εἶναι

2056 4733 2312 4803 μελέτην.

2125 4842 2495 4907 Κλεόστρατ.
2545 4864 2611 4874 -
2651 4831 3030 4901 Κλεόστρατος
3075 4827 3213 4896 πρὸς
3261 4825 3353 4878 τὸν
3409 4824 3637 4876 εἰπόντα

369 4943 492 4998 Non
529 4951 582 4995 te
609 4941 802 5011 pudet,
831 4939 927 5009 qui
946 4939 1137 4994 ebrius
1165 4937 1243 4991 sis
1269 4978 1283 5002 ,
1308 4936 1592 5006 respondit
1627 4953 1640 4990 :
1675 4935 1790 4990 Nec
1822 4950 1938 4989 veri

2077 4932 2225 5004 ιύτῷ,
2255 4931 2370 4984 Οὐκ
2399 4926 2631 5000 αἰσχύνῃ
2665 4923 2901 4996 μεθύων,
2930 4921 3061 4990 ἔφη,
3087 4919 3158 4972 Σὺ
3183 4918 3239 4971 δὲ
3266 4919 3367 4970 οὐκ
3397 4914 3636 4986 αἰσχύνῃ

372 5032 608 5106 teipsum
642 5029 836 5101 pudet,
868 5028 1015 5100 quod
1049 5026 1332 5081 hominem
1361 5027 1578 5081 ebrium
1609 5025 1890 5096 corripis?

433 5125 661 5196 Epictet.
689 5153 758 5162 —
785 5120 1036 5185 Cicades,
1063 5134 1278 5174 canorae
1294 5127 1421 5173 sunt
1445 5137 1458 5186 ;
1479 5119 1720 5173 cochlea:
1747 5128 1954 5183 autem,

373 5226 572 5282 mutat;
629 5214 1016 5287 gaudentque,
1049 5213 1133 5266 ita:
1182 5213 1406 5282 quidem
1437 5253 1451 5276 ,
1488 5212 1656 5284 618
1723 5210 1956 5265 humido

2056 5025 2321 5098 μεθύοντα
2348 5019 2653 5082 νουθετῶν;

2137 5113 2514 5179 Ἐπικτήτου.
2539 5142 2609 5153 -
2644 5110 2707 5162 Οἱ
2749 5107 2991 5173 τέττιγες
3042 5099 3327 5172 μουσικοίο
3361 5099 3412 5150 οἱ
3445 5097 3499 5150 δὲ
3535 5114 3639 5150 κου

2061 5208 2208 5280 χλίαι
2234 5247 2248 5273 ,
2297 5206 2505 5274 ἄφωνοι
2526 5219 2539 5232 ⁸
2593 5201 2843 5272 χαίρουσι
2876 5196 2935 5250 δὲ
2959 5235 2971 5257 ,
3004 5195 3052 5247 oi
3087 5194 3184 5263 μὲν
3217 5188 3639 5280 ὑγραινόμενοι·

375 5306 686 5373 allabente;
733 5306 843 5361 illa:
877 5321 1030 5370 vero,
1063 5305 1244 5360 calido
1285 5304 1634 5359 confovente.
1687 5301 1938 5356 Cochlea:

2077 5277 2109 5352 ἐι
2137 5298 2214 5358 δὲ,
2250 5293 2665 5364 ἀλεαινώμενοι.
2688 5291 2919 5342 Ἔπειτα
2948 5282 3325 5354 προκαλεῖται,
3352 5279 3478 5340 τοὺς
3511 5277 3645 5346 μὲν,

374 5415 469 5454 ros
492 5399 728 5463 excitat,
759 5413 870 5468 qua
907 5396 1234 5453 infundente
1270 5395 1580 5468 gurgitibus
1606 5403 1847 5460 exeunt;
1876 5391 1958 5447 ci-

2062 5392 2098 5462 ή
2123 5387 2341 5459 δρόσος·
2379 5386 2476 5438 xui.
2515 5383 2606 5438 ἐπὶ
2653 5379 2824 5450 ταύτῃ
2859 5375 3172 5430 ἐκδύνουσιι
3207 5371 3336 5434 τοὺς
3374 5369 3419 5422 δ’
3451 5364 3518 5421 αὖ
3556 5368 3646 5422 δι-

375 5491 538 5546 ιιιιάεε
578 5488 657 5543 sol
701 5487 998 5542 ardoribus
1022 5498 1308 5558 provocat,
1348 5503 1448 5557 per
1471 5501 1611 5557 quos
1655 5484 1938 5540 stridulun

2077 5457 2269 5547 ε’γε-ίρει
2300 5475 2568 5546 ἀκμάζων
2594 5474 2624 5526 ὁ
2665 5470 2836 5539 ἥλιος,
2872 5465 2970 5518 xui.
2994 5465 3052 5517 ὲν
3085 5460 3235 5532 αὐτῷ
3265 5459 3471 5532 ᾅδουσι.
3507 5457 3646 5510 Τοι-

524 5585 526 5589 ’
1683 5570 1914 5628 VARIIE
1954 5564 2357 5625 LECTIONES.
2450 5604 2453 5606 -

440 5649 488 5685 ⁸⁸
518 5649 580 5704 Β.
622 5648 750 5699 πολύ
775 5667 843 5703 τι.
