3990 6176
370 213 477 276 885

1675 229 1846 291 LOCI
1885 231 2319 297 COMMUNES.

3515 231 3618 311 886
3678 234 3694 248 ’

367 329 574 402 γαροῦν
602 331 651 383 εί
680 330 862 401 βούλει
891 335 1154 404 μουσικὸς
1183 331 1275 391 καὶ
1303 339 1644 412 εὐάρμοστος
1674 347 1937 418 ὑπάρχειν

2069 353 2220 407 nelos
2253 352 2585 410 cantilantes
2626 355 2822 412 edunt.
2873 357 3020 430 Ergo
3050 358 3094 413 si
3145 359 3354 414 musice
3385 374 3620 414 canorus

366 420 510 490 ἀνὴρ
534 462 549 488 ,
583 423 747 497 ἡνίκα
788 424 888 494 μὲν
916 427 972 478 ὲν
1005 430 1118 490 τοῖς
1147 429 1334 495 πότοις
1369 431 1474 486 ὑπὸ
1519 433 1610 487 τοῦ
1641 438 1786 490 οἴνου
1816 441 1940 507 69o-

353 514 525 585 σισϐῇ
555 515 589 585 ὴ
611 515 758 587 ψυχὴ
785 557 800 581 ,
831 518 956 570 τότε
983 519 1153 590 αὐτὴν
1195 522 1272 591 μὴ
1301 522 1365 576 ἔα
1392 525 1691 596 προϊοῦσαν
1717 528 1942 598 μολύνε-

367 604 524 658 σθαιο
572 605 687 661 ἀλλ’
720 608 883 676 ἡνίκα
919 610 977 661 ἐν
1006 613 1123 674 τοῖς
1169 615 1465 685 συνεδρίοις
1499 618 1605 672 ὑπὸ
1644 620 1741 672 τοῦ
1781 620 1939 688 λόγου

365 697 684 770 διαπυρωθῇ
710 737 725 762 ,
750 694 868 753 τότε
898 699 1178 768 Θεσπίςειν
1206 705 1472 784 zeal/455w
1496 709 1565 763 τὰ
1591 709 1695 779 τῆς
1737 709 1943 764 δικαιο-

369 787 536 856 σύνης
568 789 755 842 κέλευε
787 789 964 859 λόγια.

429 881 665 948 ΑίσχΙν.
694 911 764 921 -
798 883 1125 956 Κάτοπτρον
1169 885 1346 952 εἴδους
1389 887 1588 959 χαλκός
1620 891 1752 957 ἐστ’,
1800 887 1944 956 οἶνος

365 970 421 1023 δὲ
449 970 562 1023 νοῦ.
1745 1035 1748 1038 .

449 1062 821 1132 Ἀνάχαρσις.
848 1095 918 1107 --
942 1067 1289 1138 Κιρναμένου
1336 1073 1614 1142 κρατῆρος
1664 1075 1940 1144 ὲφεστίου,

365 1153 457 1208 τδν
493 1154 594 1223 μὲν
625 1155 846 1226 πρῶτον
872 1157 1096 1227 ὑγείαςο
1146 1159 1237 1214 τὸν
1282 1161 1338 1215 δὲ
1386 1162 1659 1234 δεύτερον,
1709 1165 1939 1236 ἡδονῆς·

365 1243 457 1296 τὸν
484 1244 538 1297 δε
570 1245 774 1317 τρίτον,
805 1245 1015 1318 ὕϐρεως
1037 1265 1050 1279 ·
1081 1251 1175 1304 τὸν
1204 1250 1261 1304 δὲ
1288 1251 1616 1318 τελευταῖον,
1653 1255 1870 1325 μανίας.

435 1421 705 1477 Πλάτων.
739 1454 810 1464 -
833 1424 1062 1480 Μεθύων
1089 1427 1452 1498 κυϐερνήτης,
1478 1429 1572 1483 καὶ
1603 1433 1710 1493 πᾶς
1745 1433 1944 1497 παντὸς

366 1514 570 1583 ἄρχων,
617 1513 912 1585 ἀνατρέπει
964 1516 1174 1584 πάντα,
1223 1521 1331 1573 εἴτε
1367 1521 1570 1587 πλοῖον,
1611 1523 1721 1576 εἴτε
1767 1523 1941 1596 ἅρμα,

254 1658 260 1664 _
365 1603 477 1656 εἴτε
510 1605 897 1682 στρατόπεδον,
929 1607 1039 1661 είτε
1072 1609 1100 1662 ὅ
1138 1610 1191 1663 τί
1224 1627 1354 1664 ποτε
1389 1612 1472 1684 εἴη
1503 1604 1563 1666 τὸ
1593 1614 1944 1687 κυϐερνώμε-

363 1712 454 1750 νον
477 1696 570 1748 ὑπ’
602 1696 791 1753 αὐτοῦ.

438 1789 863 1856 Σοφοκλείους.
912 1820 980 1832 -
1019 1793 1294 1866 Σοφοκλῆς
1340 1797 1620 1868 ἐμέμφετο
1665 1801 1938 1873 Αἰσχύλῳ,

366 1879 451 1932 ὃτι
507 1879 721 1949 μεθύων
769 1880 1000 1953 ἔγραφε.
1048 1886 1160 1942 Καὶ
1192 1887 1302 1960 γὰρ
1331 1891 1380 1944 εί
1425 1892 1496 1945 τὰ
1536 1891 1728 1948 δέοντα
1775 1897 1937 1964 ποιεῖ,

368 1970 556 2038 φησὶν,
581 1970 696 2024 ἀλλ’
722 1971 824 2026 οὐκ
851 1973 1010 2038 είδώς
1035 1993 1124 2043 γε.

453 2060 750 2128 Ἐπικτήτ.
782 2091 853 2102 -
889 2064 956 2117 Ἦ
987 2065 1232 2135 ἄμπελος
1276 2073 1428 2143 τρεῖς
1473 2073 1708 2146 βότρυας
1752 2077 1935 2150 φέρει,

365 2148 459 2202 τὸν
495 2151 595 2218 μὲν
628 2153 842 2221 πρῶτον
883 2157 1104 2229 ήδονῆς’
1154 2160 1244 2216 τὸν
1291 2161 1545 2236 δεύτερον
1594 2167 1793 2241 μέθης·
1829 2148 1939 2240 ίτὺν

366 2241 552 2316 τρίτον
585 2241 817 2315 ὕϐρεως.

451 2333 539 2386 Ἐν
573 2335 701 2388 οῐνω
728 2337 803 2408 μὴ
831 2339 1143 2410 πολυλόγει,
1182 2342 1631 2420 ἐπιδεικνύμενος
1661 2350 1936 2407 παιδείαν·

367 2427 567 2500 χολερὰ
596 2429 706 2502 γὰρ
730 2431 1070 2509 ἀποφθέγξῃ.

369 2519 650 2600 {iishaec
673 2523 846 2600 ἐστιν
878 2529 911 2580 ό
944 2527 1123 2596 τριῶν
1149 2531 1342 2586 πίνων
1362 2533 1572 2600 πλέον,

371 2588 498 2645 Κᾶν
513 2590 602 2661 μὴ
622 2595 886 2674 μεθύοντι,
917 2588 1178 2670 ῠίτερέϐη
1208 2603 1276 2656 τὸ
1298 2602 1537 2672 μέτρον.

929 2757 1148 2810 ΛΟΓΟΣ
1185 2756 1292 2813 AA'
1309 2757 1375 2814 ".

615 2840 754 2904 Περὶ
779 2844 1120 2912 παρῤησίας
1146 2848 1244 2900 καὶ
1280 2849 1384 2903 τοῦ
1409 2849 1684 2920 ἐλέγχου.

457 2926 638 2984 ’Ῐωάν.
665 2929 1006 2998 ζ”.-Οὑδεὶς
1036 2911 1106 2990 ὲν
1128 2939 1356 3010 κρυπτῷ
1388 2940 1440 2995 τί
1466 2911 1628 3009 πόίὲῖ,
1661 2944 1756 2997 καὶ
1787 2946 1940 3016 ζητεί
1966 2911 2009 2969 C

369 3020 532 3084 αὐτὸς
565 3023 624 3075 ὲν
648 3025 931 3096 παρρησίᾳ
961 3020 1102 3080 εἶναι
1133 3029 1242 3097 (u).

433 3118 488 3164 α’
526 3112 633 3168 Ἰω.
667 3112 737 3184 γ’.
769 3117 894 3170 Ἐὰν
923 3123 956 3190 η
987 3121 1184 3191 καρδία
1221 3126 1380 3194 ἡμῶν
1413 3128 1489 3198 μὴ
1532 3129 1942 3197 καταγινώσκει

367 3202 546 3272 ἡμῶν,
571 3207 890 3277 παρρησίαν
919 3207 1118 3280 ἔχομεν
1165 3213 1301 3285 πρὸς
1329 3217 1419 3270 τὸν
1449 3217 1583 3273 Θεόν
1603 3235 1618 3253 ⁸
1659 3224 1751 3273 καὶ
1775 3219 1804 3274 ὃ
1841 3223 1942 3292 μὶν

366 3293 654 3364 αἰτοῦμεν,
697 3297 1054 3371 λαμϐάνομεν
1095 3304 1228 3376 παρ’
1255 3306 1447 3372 αὑτοῦ,
1477 3309 1559 3362 ὅτι
1591 3311 1689 3374 τὰς
1718 3312 1943 3379 ἀντολὰς

364 3384 533 3439 αὐτοῦ
565 3389 845 3462 τηρῶμεν,
873 3394 967 3446 καὶ
996 3393 1065 3448 τὰ
1090 3395 1299 3467 ἀρεστὰ
1322 3399 1557 3456 ἐνώπιον
1582 3402 1751 3458 αὐτοῦ
1777 3404 1944 3460 ποιῶ-

365 3493 468 3546 μεν
498 3480 567 3534 ⁸⁸.

437 3565 678 3632 (lupam.
728 3563 813 3624 ιζ’.
849 3597 923 3608 —
959 3567 1238 3635 Ἐξουσίαν
1284 3573 1470 3629 δίδωσι
1514 3573 1732 3645 λόγοις,
1791 3577 1935 3650 ἀρχῆ

363 3651 746 3726 δικαιωσύνης,

434 3743 616 3813 Σιρὰχ
642 3745 715 3813 η’.
743 3777 813 3789 -
834 3750 924 3820 Μὴ
981 3749 1214 3824 ὲκκαίῃς
1254 3754 1532 3826 ἄνθρακας
1574 3759 1935 3830 ἁμαρτωλοὺς

364 3835 624 3906 ἐλέγχων,
671 3837 745 3909 μὴ
777 3840 1102 3915 ἑμπρησθῇς
1131 3845 1190 3899 ὲν
1231 3847 1392 3916 φλογὶ
1425 3848 1598 3920 πυρὸς
1645 3851 1934 3921 ἁμαρτιῶν

363 3943 564 3979 αυτων.

433 4021 778 4079 Βασιλείου.
819 4055 891 4067 —-
927 4026 1147 4082 Ἔοικεν
1171 4029 1200 4082 ὁ
1229 4029 1328 4100 μὲν
1358 4029 1581 4102 ἔλεγχος
1603 4033 1757 4096 τέλος
1787 4033 1933 4103 ἔχειν

377 4107 473 4178 τὴν
500 4111 786 4184 διόρθωσιν
821 4115 916 4170 τοῦ
949 4119 1388 4191 ἁμαρτάνοντος·
1438 4126 1467 4177 ὀ
1507 4125 1562 4178 δὲ
1609 4125 1928 4196 ὀνειδισμὸς,

361 4198 451 4248 ἐπὶ
481 4201 839 4278 ἀσχημοσύνῃ
867 4206 963 4260 τοῦ
993 4210 1319 4276 ἐπταικότος
1347 4215 1587 4282 γίνεται.

444 4287 502 4342 '0
537 4292 919 4366 ὲφησυχάζων,
965 4301 1060 4354 καὶ
1107 4302 1181 4373 μὴ
1223 4302 1465 4375 ἐλέγχων
1509 4305 1610 4377 τὴν
1656 4305 1930 4377 ἁμαρτίαν

358 4377 454 4432 τοῦ
487 4381 718 4454 ἀδελφοῦ
742 4427 757 4453 ,
787 4387 1133 4462 ἄσπλαγχνός
1184 4395 1333 4448 ἐστιν
1353 4437 1368 4461 ,
1401 4397 1592 4470 ὥσπερ
1646 4397 1674 4450 ὁ
1710 4399 1801 4452 τὸν
1853 4399 1931 4453 ίὸν

359 4471 578 4540 ἑναφεὶς
605 4476 684 4546 τῷ
715 4478 964 4550 δηχθέντι
998 4485 1102 4537 ὑπὸ
1133 4485 1227 4539 τοῦ
1262 4486 1496 4541 ίοϐόλου.

432 4567 749 4636 Θεολόγου.
785 4599 855 4610 -—
891 4573 1079 4643 Πολλῷ
1115 4575 1320 4644 βέλτιον
1367 4577 1573 4647 βραχέα
1611 4578 1928 4648 λυπήσαντα

362 4655 599 4723 μέγιστα
644 4659 926 4730 ὠφελῆσαι
947 4705 960 4726 ,
993 4667 1026 4734 ἢ
1051 4666 1112 4719 τὸ
1142 4667 1279 4738 πρὸς
1310 4668 1502 4740 ἡδονὴν
1529 4668 1792 4722 διώκοντα
1832 4670 1930 4739 ζη-

361 4747 563 4816 μιῶσαι
598 4749 676 4821 τῷ
706 4754 1010 4827 κεφαλαίῳ.

429 4924 628 4991 Μεῖζον
656 4929 765 5002 γὰρ
795 4931 999 5002 ἀγαθὸν
1028 4934 1088 4989 τὸ
1117 4936 1440 5008 ἐλεγχθῆναι
1466 4937 1559 5008 (υ),
1590 4936 1680 4991 τοῦ
1711 4935 1927 5005 ἐλέγξαι

2041 443 2146 507 vir,
2179 444 2441 512 omnique
2462 459 2531 498 ex
2558 453 2712 514 parte
2742 454 2902 516 aptus
2925 463 3046 504 esse
3075 450 3234 514 velis,
3257 465 3382 504 cum
3416 449 3468 502 in
3494 465 3635 503 con-

2039 532 2201 586 viviis
2222 533 2441 588 animus
2469 535 2616 600 vino,
2655 543 2911 605 tanquam
2949 554 3072 593 rore
3111 539 3484 602 immaduerit,
3508 551 3620 594 tum

2041 638 2173 677 cave
2213 624 2448 680 ulterius
2499 641 2826 696 progressus
2879 629 3204 698 polluatur:
3243 629 3342 684 sed
3396 645 3520 684 cum
3566 629 3621 683 in

2041 716 2292 770 conciliis
2352 733 2420 771 ac
2461 718 2818 780 concessihus
2863 721 3080 776 ratione
3127 721 3452 783 incaluerit,
3507 729 3625 775 tum

2041 807 2253 862 sancire
2279 809 2441 877 jube,
2484 823 2547 863 ac
2571 811 2802 879 justiti-.1:
2826 811 3027 880 placita
3058 821 3116 867 et
3135 814 3360 867 oracula
3393 827 3614 868 canere.

2113 895 2395 950 (Eae/linis.
2421 927 2492 937 --
2521 897 2818 966 Speculum
2848 897 3079 953 formam
3108 899 3376 964 referens,
3408 915 3482 954 ms
3501 908 3621 964 est;

2041 987 2254 1052 vinum,
2281 996 2521 1041 mentem
2541 988 2845 1057 explicans.

2107 1078 2452 1133 Anacharsis.
2477 1109 2549 1119 —
2569 1080 2697 1149 Ejus
2723 1080 2906 1148 poculi
2935 1081 3081 1150 quod
3120 1080 3430 1135 honeslatis
3461 1096 3623 1134 causa

2042 1169 2190 1224 domi
2229 1177 2590 1238 temperatur,
2623 1170 2862 1239 primum
2893 1170 3168 1236 sanitatis,
3205 1171 3441 1225 alterum
3464 1170 3626 1223 volu-

2042 1259 2230 1330 ptatis,
2255 1261 2476 1314 tertium
2501 1260 2734 1332 injuriae,
2758 1269 3102 1331 postremum
3125 1260 3350 1315 insania:
3365 1261 3625 1314 haustum

2043 1351 2181 1405 bibi.

2115 1439 2376 1493 Platonis.
2399 1469 2469 1480 —-
2501 1440 2708 1495 Ebrius
2743 1441 3107 1511 gubernator,
3141 1456 3205 1496 ac
3240 1440 3494 1510 quisquis
3517 1439 3628 1493 ullo

2043 1531 2208 1586 modo
2233 1540 2452 1601 przeest,
2502 1533 2688 1587 omnia
2725 1534 2947 1598 evertit,
2982 1534 3097 1588 sive
3121 1535 3326 1597 navim,
3357 1533 3473 1588 sive
3504 1548 3627 1586 cur-

2044 1639 2192 1688 rum,
2246 1622 2362 1677 sive
2392 1623 2722 1688 exercitum,
2749 1625 2868 1679 sive
2909 1624 3179 1695 quidquid
3229 1625 3449 1679 tandem
3478 1624 3626 1679 illius

2045 1729 2192 1770 cura:
2225 1714 2522 1784 regendum
2556 1716 2913 1770 commissum
2936 1715 3126 1770 fuerit.

2116 1802 2408 1873 Sophoclis.
2429 1834 2501 1844 -—
2528 1804 2836 1874 Sophocles
2875 1805 3196 1876 (Eschylum
3245 1804 3625 1874 reprehende-
3647 1822 3660 1832 ο

2042 1893 2158 1959 bat,
2183 1895 2331 1964 quod
2353 1895 2545 1949 ebrius
2571 1895 2863 1951 scriberet.
2883 1895 3001 1950 Etsi
3019 1895 3190 1959 enim,
3214 1895 3417 1964 inquit,
3449 1902 3622 1957 recta,
3693 1941 3712 1950 -

2043 1993 2101 2040 at
2127 2000 2236 2039 non
2264 1985 2616 2055 prudentem,
2646 2001 2709 2040 ac
2732 1987 2826 2056 qui
2852 1986 2990 2041 sciat
3015 2001 3144 2041 eum
3179 1985 3384 2041 facere.

2112 2075 2360 2147 Epicteti.
2410 2077 2650 2132 —Vitis
2705 2084 2817 2132 tres
2869 2077 3130 2146 producit
3179 2091 3314 2130 uvas
3345 2093 3360 2129 :
3390 2075 3622 2146 primam
3669 2118 3692 2129 α

2041 2167 2376 2238 voluptatis;
2408 2167 2639 2223 alteram
2655 2167 2979 2234 ebrietatis;
3009 2165 3226 2222 tertiam
3253 2165 3624 2221 contumeliae.

2114 2343 2266 2398 Inter
2289 2343 2487 2414 pocula
2515 2343 2629 2398 noli
2652 2342 2946 2398 verborum
2982 2341 3195 2410 copiam
3219 2339 3473 2403 tundere,
3497 2353 3628 2392 eruo
3677 2331 3695 2351 '

2045 2432 2276 2489 ditionis
2291 2434 2631 2490 ostentandae
2647 2449 2842 2500 causa;
2869 2433 3122 2488 ﬁetenim
3147 2440 3208 2486 ut
3227 2431 3338 2486 bile
3357 2429 3622 2500 loquaris.

2046 2541 2298 2622 Ebriosus
2328 2554 2429 2622 est,
2456 2547 2548 2622 qui
2574 2545 2926 2622 pluratribus
2956 2545 3080 2622 bibit
3098 2543 3328 2622 pocula;
3569 2612 3579 2622 ο

2046 2613 2120 2667 Ae
2141 2613 2258 2669 licet
2274 2631 2378 2670 non
2401 2613 2558 2686 fuerit
2575 2613 2895 2679 inebriatus,
2935 2613 3145 2668 modum
3177 2621 3355 2667 tamen
3386 2613 3626 2666 excessit.

2613 2765 2843 2822 SERMO
2879 2765 3068 2820 XXXI.

2248 2855 2327 2911 De
2367 2856 2605 2911 libertate
2631 2857 2878 2927 loquendi
2905 2866 2952 2911 et
2993 2859 3419 2928 reprehendendi.

2113 2945 2275 3000 Joan.
2310 2961 2408 3008 vn,
2455 2946 2507 3000 4.
2537 2975 2607 2985 -
2636 2946 2812 3001 Nemo
2861 2947 2916 3000 in
2955 2947 3176 3002 occulto
3206 2947 3340 3018 quid
3382 2947 3532 3010 facit,
3569 2956 3626 3002 ct

2045 3037 2242 3107 quaerit
2259 3037 2373 3106 ipse
2401 3037 2585 3091 clarus
2613 3051 2758 3091 esse.

2102 3126 2133 3179 1
2154 3124 2313 3179 Ιοαη.
2335 3123 2520 3186 "1.2!.
2545 3135 2615 3164 —‘—
2633 3123 2687 3178 Si
2722 3140 2819 3179 cor
2853 3134 3107 3181 nostrum
3134 3142 3244 3182 non
3269 3127 3628 3196 reprehendit

2044 3203 2166 3281 nos,
2199 3214 2454 3296 fiduciam
2485 3215 2754 3270 habemus
2790 3217 2859 3271 ad
2889 3218 3063 3272 Deum
3099 3236 3111 3272 :
3142 3228 3198 3273 et
3227 3218 3494 3289 quidquid
3525 3234 3623 3288 pe-

2045 3306 2320 3371 tierimus,
2353 3305 2688 3374 accipiemus
2711 3308 2781 3362 ab
2817 3324 2905 3373 eo,
2930 3309 3192 3378 quoniam
3223 3311 3480 3366 mandata
3503 3312 3625 3381 ejus

2043 3396 2406 3464 custodimus,
2439 3405 2495 3452 et
2535 3412 2601 3453 ea
2641 3414 2762 3468 quae
2786 3408 2915 3456 sunt
2943 3401 3141 3468 placita
3183 3415 3372 3455 coram
3412 3417 3498 3466 eo,
3535 3402 3619 3456 fa-

2043 3501 2240 3540 cnmus.

2112 3569 2271 3630 Prov.
2305 3592 2446 3642 xvn,
2484 3580 2572 3634 14.
2599 3612 2670 3620 -
2710 3581 3049 3635 Potestatem
3095 3578 3189 3634 dat
3248 3583 3620 3649 sermonibus,

2041 3665 2377 3735 principium
2401 3668 2655 3738 justitize.

2109 3758 2272 3812 Eccli.
2303 3775 2415 3824 vm,
2449 3760 2535 3814 15.
2556 3790 2628 3800 -
2650 3760 2728 3815 Ne
2747 3761 3019 3818 accendas
3045 3764 3322 3819 carbones
3341 3764 3624 3834 arguendo

2039 3859 2378 3920 peccatores,
2415 3867 2486 3908 ne
2516 3852 2829 3909 ineendaris
2855 3853 3072 3910 ﬂamma
3093 3856 3236 3927 ignis
3268 3866 3626 3927 peccatorum

2041 3942 2284 4012 ipsorum
2297 3986 2309 3997 .

2109 4030 2318 4087 Basilii.
2357 4063 2428 4073 ——-
2457 4033 2686 4089 Videtur
2711 4035 3071 4105 reprehensio
3101 4037 3208 4091 hoc
3255 4047 3532 4107 spectare,
3563 4049 3623 4092 ut

2039 4121 2086 4175 is
2111 4123 2203 4191 qui
2237 4123 2492 4192 deliquit,
2521 4126 2879 4192 emendetur;
2904 4127 3218 4182 convicium
3249 4143 3404 4194 vero,
3435 4138 3496 4183 ut
3519 4131 3615 4201 qui

2039 4210 2288 4275 offendit,
2316 4213 2524 4281 probro
2551 4214 2840 4275 aﬂiciatur.

2110 4301 2275 4370 619
2305 4300 2408 4367 Qui
2438 4311 2602 4367 tacet,
2640 4320 2746 4358 nec
2780 4314 3069 4374 peccatum
3104 4307 3308 4364 fratris.
3333 4310 3624 4380 coarguit,

2042 4392 2436 4448 immisericors
2471 4403 2576 4458 est,
2619 4395 2764 4450 haud
2799 4412 2962 4453 secus
2987 4399 3061 4455 ac!
3078 4400 3174 4472 qui
3211 4400 3268 4454 in
3311 4416 3555 4456 morsum
3589 4417 3620 4456 a

2039 4493 2300 4553 serpente
2334 4499 2607 4539 venenum
2634 4486 2903 4542 immittit.

2111 4573 2376 4646 Theologi.
2414 4607 2484 4617 —-
2518 4576 2701 4648 Longe
2749 4587 3008 4648 praestat,
3068 4580 3268 4635 minori
3316 4582 3506 4636 dolore
3553 4598 3619 4638 ac

2039 4667 2290 4721 molestia
2323 4666 2614 4721 maximam
2646 4669 2942 4725 utilitatem
2973 4670 3201 4738 afferre,
3234 4689 3398 4743 quam
3429 4689 3616 4743 persc-

2037 4757 2260 4828 quendo
2319 4759 2468 4828 quod
2514 4761 2795 4831 voluptate
2843 4763 3095 4829 deliniat,
3136 4766 3309 4836 ipsius
3367 4766 3617 4837 capitalis

2029 4849 2257 4920 jactura:
2287 4859 2568 4906 auctorem
2603 4868 2744 4908 esse.

2109 4941 2303 4995 Melius
2353 4943 2613 4998 existimo
2660 4946 2838 5016 argui,
2897 4962 3060 5016 quam
3091 4961 3360 5019 arguere;
3407 4959 3622 5022 quanto-

1619 5051 1855 5106 VARMS
1898 5051 2306 5110 LECTIONES.

425 5129 472 5165 ”
501 5130 560 5186 In
585 5131 748 5190 Gesn.
786 5134 934 5193 Stob.
971 5137 1058 5193 67.
1132 5139 1176 5171 ‘°
1214 5139 1378 5196 Gesn.
1410 5141 1643 5213 τηροῦμ.
1685 5141 1901 5215 ποιοῦμ.

826 5285 834 5293 .
1907 5233 2140 5292 NOTAE.
2203 5282 2216 5291 .
3130 5242 3135 5246 ’

428 5312 512 5438 (ιὲ
543 5317 916 5386 Ζητεῖαύτὸς
949 5322 1020 5376 ἐν
1054 5327 1359 5392 παρῤησίῃ
1395 5323 1567 5382 εἶναι.
1595 5329 1749 5396 Quod
1783 5331 1929 5400 lcge-
2033 5335 2240 5388 clarum
2265 5352 2406 5400 esse,
2441 5338 2580 5391 fama
2620 5339 2918 5405 celebrem,
2957 5345 3043 5396 et‘
3099 5330 3152 5399 u‘i
3187 5350 3433 5404 omnium
3467 5320 3609 5419 prece

428 5391 445 5434 ι
519 5401 637 5468 esu:
697 5390 845 5454 αὐτὸ,
875 5391 1172 5468 __habetque
1206 5397 1438 5452 Ballesd.
1488 5401 1658 5466 αὐτῷ,
1692 5401 1928 5468 probare
2034 5405 2195 5458 conio
2220 5406 2552 5466 celebretur.
2576 5424 2683 5462 non
2727 5411 2880 5468 prior
2906 5361 3225 5468 \‘idittl‘leza-
3268 5419 3363 5468 sed
3392 5421 3609 5468 anliuni

358 5390 637 5478 :a‘l-‘Eesln.’
697 5390 845 5454 αὐτὸ,
875 5390 1182 5478 “habetque
1206 5390 1438 5478 Ballesd.
1488 5390 1658 5478 αὐτῷ,
1692 5390 1928 5478 probare
2034 5405 2195 5478 conio
2220 5390 2683 5478 celebretur.inon
2714 5390 3044 5478 'prior‘i'idit

360 5466 466 5538 non
490 5456 662 5538 potui,
692 5473 794 5538 nec
837 5461 979 5538 ullos
1022 5456 1354 5538 interpretes
1410 5456 1708 5537 agnovisse
1733 5471 1928 5538 depre-

3109 5432 3226 5479 eza,
3248 5419 3364 5490 sed
3392 5421 3611 5490 antiqui

2034 5475 2299 5562 prieivere
2346 5477 2678 5548 interpretes
2707 5475 2740 5543 ,“
2783 5488 2839 5533 et
2891 5481 2943 5534 in
3004 5483 3111 5540 illis
3165 5475 3258 5556 qui
3330 5475 3610 5562 Polyglot.

361 5518 526 5609 bendi
554 5542 566 5587 ;
599 5518 884 5609 emendavi
915 5547 1063 5602 ergo,
1096 5518 1259 5602 quod
1274 5518 1427 5592 sacer
1443 5518 1634 5609 iextus
1672 5518 1926 5609 vulgatus
2033 5518 2266 5600 Siiiéln‘i'.

362 5588 547 5660 habet,
573 5597 751 5664 αὐτὸς,
778 5588 1022 5672 petitque
1047 5588 1154 5659 tota
1196 5588 1496 5673 sier—iesfth,
1537 5612 1591 5663 ἐν
1617 5588 1922 5682 παρρῗσίξίν

2111 5616 2180 5686 (ιι)
2241 5617 2454 5680 Μεῖζον
2492 5619 2554 5672 τὸ
2582 5619 2968 5691 ἐλεγχθῆναι.
2997 5623 3087 5680 Sic
3118 5627 3254 5684 bene
3311 5631 3476 5687 Gesn.
3511 5636 3612 5689 ειιιὶ
