  <div class='ocr_page' id='page_1' title='image "/cluster/home/n/w/nwhite01/storage/ocr_20150623/91/hvd.32044052742962/449.png"; bbox 0 0 3990 6176; ppageno 0'>
   <div class='ocr_carea' id='block_1_1' title="bbox 313 163 470 274">
    <p class='ocr_par' dir='ltr' id='par_1_1' title="bbox 313 163 470 274">
     <span class='ocr_line' id='line_1_1' title="bbox 313 163 470 274; baseline -0.019 1"><span class='ocrx_word' id='word_1_1' title='bbox 313 163 470 274; x_wconf 35' lang='grc'><strong>⁸887</strong></span> 
     </span>
    </p>
   </div>
   <div class='ocr_carea' id='block_1_2' title="bbox 1497 190 2427 258">
    <p class='ocr_par' dir='ltr' id='par_1_2' title="bbox 1497 190 2427 258">
     <span class='ocr_line' id='line_1_2' title="bbox 1497 190 2427 258; baseline -0.005 0"><span class='ocrx_word' id='word_1_2' title='bbox 1497 199 1556 258; x_wconf 90' lang='lat' dir='ltr'><strong>S.</strong></span> <span class='ocrx_word' id='word_1_3' title='bbox 1595 194 1786 256; x_wconf 78' lang='lat' dir='ltr'><strong>MAXI</strong></span> <span class='ocrx_word' id='word_1_4' title='bbox 1795 193 1882 254; x_wconf 85' lang='lat' dir='ltr'><strong>MI</strong></span> <span class='ocrx_word' id='word_1_5' title='bbox 1918 190 2427 254; x_wconf 82' lang='lat' dir='ltr'><strong>CONFESSORIS</strong></span> 
     </span>
    </p>
   </div>
   <div class='ocr_carea' id='block_1_3' title="bbox 3517 191 3628 253">
    <p class='ocr_par' dir='ltr' id='par_1_3' title="bbox 3517 191 3628 253">
     <span class='ocr_line' id='line_1_3' title="bbox 3517 191 3628 253; baseline 0 0"><span class='ocrx_word' id='word_1_6' title='bbox 3517 191 3628 253; x_wconf 84' lang='lat'><strong>888</strong></span> 
     </span>
    </p>
   </div>
   <div class='ocr_carea' id='block_1_4' title="bbox 366 269 1955 392">
    <p class='ocr_par' dir='ltr' id='par_1_4' title="bbox 366 307 1953 392">
     <span class='ocr_line' id='line_1_4' title="bbox 366 307 1953 392; baseline -0.011 -16"><span class='ocrx_word' id='word_1_7' title='bbox 366 321 556 392; x_wconf 91' lang='lat' dir='ltr'><strong>potius</strong></span> <span class='ocrx_word' id='word_1_8' title='bbox 599 325 685 374; x_wconf 82' lang='lat' dir='ltr'><strong>est</strong></span> <span class='ocrx_word' id='word_1_9' title='bbox 723 325 776 372; x_wconf 90' lang='lat' dir='ltr'><strong>te</strong></span> <span class='ocrx_word' id='word_1_10' title='bbox 815 330 845 370; x_wconf 91' lang='lat' dir='ltr'><strong>a</strong></span> <span class='ocrx_word' id='word_1_11' title='bbox 887 313 1032 368; x_wconf 89' lang='lat' dir='ltr'><strong>malo</strong></span> <span class='ocrx_word' id='word_1_12' title='bbox 1057 310 1282 367; x_wconf 90' lang='lat' dir='ltr'><strong>liberari</strong></span> <span class='ocrx_word' id='word_1_13' title='bbox 1309 350 1324 377; x_wconf 92' lang='lat'><strong>,</strong></span> <span class='ocrx_word' id='word_1_14' title='bbox 1361 323 1526 381; x_wconf 91' lang='lat' dir='ltr'><strong>quam</strong></span> <span class='ocrx_word' id='word_1_15' title='bbox 1562 315 1625 363; x_wconf 94' lang='lat' dir='ltr'><strong>ut</strong></span> <span class='ocrx_word' id='word_1_16' title='bbox 1661 307 1829 362; x_wconf 90' lang='lat' dir='ltr'><strong>alium</strong></span> <span class='ocrx_word' id='word_1_17' title='bbox 1882 307 1953 360; x_wconf 91' lang='lat' dir='ltr'><strong>li-</strong></span> 
     </span>
    </p>
   </div>
   <div class='ocr_carea' id='block_1_5' title="bbox 2087 269 3631 392">
    <p class='ocr_par' dir='ltr' id='par_1_5' title="bbox 2089 269 3631 376">
     <span class='ocr_line' id='line_1_5' title="bbox 2089 269 3631 376; baseline -0.001 -19"><span class='ocrx_word' id='word_1_18' title='bbox 2089 304 2297 376; x_wconf 74' lang='grc' dir='ltr'>ομίζωο</span> <span class='ocrx_word' id='word_1_19' title='bbox 2349 307 2459 376; x_wconf 85' lang='grc' dir='ltr'><strong>ὅσῳ</strong></span> <span class='ocrx_word' id='word_1_20' title='bbox 2497 303 2681 376; x_wconf 81' lang='grc' dir='ltr'>μεῖζόν</span> <span class='ocrx_word' id='word_1_21' title='bbox 2712 300 2858 356; x_wconf 77' lang='grc' dir='ltr'>ἐστιν</span> <span class='ocrx_word' id='word_1_22' title='bbox 2883 342 2898 367; x_wconf 92' lang='grc'><strong>,</strong></span> <span class='ocrx_word' id='word_1_23' title='bbox 2944 300 3004 355; x_wconf 81' lang='grc' dir='ltr'>τὸ</span> <span class='ocrx_word' id='word_1_24' title='bbox 3051 299 3214 354; x_wconf 78' lang='grc' dir='ltr'>αὑτὸν</span> <span class='ocrx_word' id='word_1_25' title='bbox 3249 269 3631 372; x_wconf 67' lang='grc' dir='ltr'>ἀπαλλαγηναι</span> 
     </span>
    </p>
   </div>
   <div class='ocr_carea' id='block_1_6' title="bbox 367 413 1948 572">
    <p class='ocr_par' dir='ltr' id='par_1_6' title="bbox 367 413 1948 572">
     <span class='ocr_line' id='line_1_6' title="bbox 367 413 1948 572; baseline -0.01 -14"><span class='ocrx_word' id='word_1_26' title='bbox 367 413 701 572; x_wconf 41' lang='lat' dir='ltr'><strong>became.</strong></span> <span class='ocrx_word' id='word_1_27' title='bbox 735 528 803 538; x_wconf 89' lang='lat'><strong><em>—</em></strong></span> <span class='ocrx_word' id='word_1_28' title='bbox 833 452 1042 562; x_wconf 78' lang='lat' dir='ltr'><strong>Quovis</strong></span> <span class='ocrx_word' id='word_1_29' title='bbox 1072 492 1237 548; x_wconf 91' lang='lat' dir='ltr'><strong>modo</strong></span> <span class='ocrx_word' id='word_1_30' title='bbox 1269 491 1445 546; x_wconf 81' lang='lat' dir='ltr'><strong>libere</strong></span> <span class='ocrx_word' id='word_1_31' title='bbox 1488 489 1664 560; x_wconf 89' lang='lat' dir='ltr'><strong>loqui,</strong></span> <span class='ocrx_word' id='word_1_32' title='bbox 1703 488 1948 559; x_wconf 88' lang='lat' dir='ltr'><strong>vulgaris</strong></span> 
     </span>
    </p>
   </div>
   <div class='ocr_carea' id='block_1_7' title="bbox 363 579 1951 655">
    <p class='ocr_par' dir='ltr' id='par_1_7' title="bbox 363 579 1951 655">
     <span class='ocr_line' id='line_1_7' title="bbox 363 579 1951 655; baseline -0.009 -8"><span class='ocrx_word' id='word_1_33' title='bbox 363 593 530 648; x_wconf 91' lang='lat' dir='ltr'><strong>etiam</strong></span> <span class='ocrx_word' id='word_1_34' title='bbox 573 588 820 643; x_wconf 84' lang='lat' dir='ltr'><strong>hominis</strong></span> <span class='ocrx_word' id='word_1_35' title='bbox 847 598 1232 655; x_wconf 65' lang='lat' dir='ltr'><strong>saepenumero</strong></span> <span class='ocrx_word' id='word_1_36' title='bbox 1265 581 1370 648; x_wconf 89' lang='lat' dir='ltr'><strong>sit;</strong></span> <span class='ocrx_word' id='word_1_37' title='bbox 1408 581 1489 636; x_wconf 90' lang='lat' dir='ltr'><strong>sic</strong></span> <span class='ocrx_word' id='word_1_38' title='bbox 1539 596 1672 636; x_wconf 81' lang='lat' dir='ltr'><strong>vero</strong></span> <span class='ocrx_word' id='word_1_39' title='bbox 1699 579 1852 648; x_wconf 87' lang='lat' dir='ltr'><strong>loqui</strong></span> <span class='ocrx_word' id='word_1_40' title='bbox 1889 586 1951 632; x_wconf 89' lang='lat' dir='ltr'><strong>ut</strong></span> 
     </span>
    </p>
   </div>
   <div class='ocr_carea' id='block_1_8' title="bbox 364 673 1950 749">
    <p class='ocr_par' dir='ltr' id='par_1_8' title="bbox 364 673 1950 749">
     <span class='ocr_line' id='line_1_8' title="bbox 364 673 1950 749; baseline -0.008 -12"><span class='ocrx_word' id='word_1_41' title='bbox 364 681 529 737; x_wconf 84' lang='lat' dir='ltr'><strong>oflicii</strong></span> <span class='ocrx_word' id='word_1_42' title='bbox 563 680 703 734; x_wconf 90' lang='lat' dir='ltr'><strong>ratio</strong></span> <span class='ocrx_word' id='word_1_43' title='bbox 735 678 936 749; x_wconf 90' lang='lat' dir='ltr'><strong>poscit,</strong></span> <span class='ocrx_word' id='word_1_44' title='bbox 968 685 1026 730; x_wconf 91' lang='lat' dir='ltr'><strong>et</strong></span> <span class='ocrx_word' id='word_1_45' title='bbox 1057 673 1408 730; x_wconf 89' lang='lat' dir='ltr'><strong>convenienti</strong></span> <span class='ocrx_word' id='word_1_46' title='bbox 1444 682 1713 742; x_wconf 81' lang='lat' dir='ltr'><strong>tempore,</strong></span> <span class='ocrx_word' id='word_1_47' title='bbox 1742 681 1950 726; x_wconf 90' lang='lat' dir='ltr'><strong>etcum</strong></span> 
     </span>
    </p>
   </div>
   <div class='ocr_carea' id='block_1_9' title="bbox 364 767 1947 840">
    <p class='ocr_par' dir='ltr' id='par_1_9' title="bbox 364 767 1947 840">
     <span class='ocr_line' id='line_1_9' title="bbox 364 767 1947 840; baseline -0.007 -14"><span class='ocrx_word' id='word_1_48' title='bbox 364 772 746 827; x_wconf 74' lang='lat' dir='ltr'><strong>moderatione</strong></span> <span class='ocrx_word' id='word_1_49' title='bbox 797 784 1040 840; x_wconf 87' lang='lat' dir='ltr'><strong>congrua</strong></span> <span class='ocrx_word' id='word_1_50' title='bbox 1076 777 1134 824; x_wconf 89' lang='lat' dir='ltr'><strong>et</strong></span> <span class='ocrx_word' id='word_1_51' title='bbox 1181 767 1477 838; x_wconf 81' lang='lat' dir='ltr'><strong>prudentia</strong></span> <span class='ocrx_word' id='word_1_52' title='bbox 1513 779 1628 818; x_wconf 89' lang='lat' dir='ltr'><strong>rem</strong></span> <span class='ocrx_word' id='word_1_53' title='bbox 1656 771 1947 832; x_wconf 79' lang='lat' dir='ltr'><strong>praestare,</strong></span> 
     </span>
    </p>
   </div>
   <div class='ocr_carea' id='block_1_10' title="bbox 363 855 1952 930">
    <p class='ocr_par' dir='ltr' id='par_1_10' title="bbox 363 855 1952 930">
     <span class='ocr_line' id='line_1_10' title="bbox 363 855 1952 930; baseline -0.006 -13"><span class='ocrx_word' id='word_1_54' title='bbox 363 863 419 917; x_wconf 90' lang='lat' dir='ltr'><strong>id</strong></span> <span class='ocrx_word' id='word_1_55' title='bbox 449 877 580 916; x_wconf 85' lang='lat' dir='ltr'><strong>vero</strong></span> <span class='ocrx_word' id='word_1_56' title='bbox 605 875 864 930; x_wconf 85' lang='lat' dir='ltr'><strong>magnum</strong></span> <span class='ocrx_word' id='word_1_57' title='bbox 883 859 1044 914; x_wconf 84' lang='lat' dir='ltr'><strong>valde</strong></span> <span class='ocrx_word' id='word_1_58' title='bbox 1079 859 1326 914; x_wconf 89' lang='lat' dir='ltr'><strong>animum</strong></span> <span class='ocrx_word' id='word_1_59' title='bbox 1356 865 1411 912; x_wconf 91' lang='lat' dir='ltr'><strong>et</strong></span> <span class='ocrx_word' id='word_1_60' title='bbox 1444 855 1832 911; x_wconf 90' lang='lat' dir='ltr'><strong>admirandum</strong></span> <span class='ocrx_word' id='word_1_61' title='bbox 1863 871 1952 909; x_wconf 91' lang='lat' dir='ltr'><strong>re-</strong></span> 
     </span>
    </p>
   </div>
   <div class='ocr_carea' id='block_1_11' title="bbox 364 953 562 1023">
    <p class='ocr_par' dir='ltr' id='par_1_11' title="bbox 364 953 562 1023">
     <span class='ocr_line' id='line_1_11' title="bbox 364 953 562 1023; baseline -0.01 -15"><span class='ocrx_word' id='word_1_62' title='bbox 364 953 562 1023; x_wconf 81' lang='lat' dir='ltr'><strong>quirit.</strong></span> 
     </span>
    </p>
   </div>
   <div class='ocr_carea' id='block_1_12' title="bbox 432 1039 1946 1124">
    <p class='ocr_par' dir='ltr' id='par_1_12' title="bbox 432 1039 1946 1124">
     <span class='ocr_line' id='line_1_12' title="bbox 432 1039 1946 1124; baseline -0.005 -23"><span class='ocrx_word' id='word_1_63' title='bbox 432 1048 552 1102; x_wconf 83' lang='lat' dir='ltr'><strong>Vita</strong></span> <span class='ocrx_word' id='word_1_64' title='bbox 581 1046 801 1118; x_wconf 79' lang='lat' dir='ltr'><strong>legibus</strong></span> <span class='ocrx_word' id='word_1_65' title='bbox 840 1045 1112 1124; x_wconf 73' lang='lat' dir='ltr'><strong>instituta,</strong></span> <span class='ocrx_word' id='word_1_66' title='bbox 1139 1040 1406 1112; x_wconf 87' lang='lat' dir='ltr'><strong>loquendi</strong></span> <span class='ocrx_word' id='word_1_67' title='bbox 1439 1040 1757 1095; x_wconf 87' lang='lat' dir='ltr'><strong>libertatem</strong></span> <span class='ocrx_word' id='word_1_68' title='bbox 1796 1039 1946 1094; x_wconf 91' lang='lat' dir='ltr'><strong>facit.</strong></span> 
     </span>
    </p>
   </div>
   <div class='ocr_carea' id='block_1_13' title="bbox 432 1132 1949 1200">
    <p class='ocr_par' dir='ltr' id='par_1_13' title="bbox 432 1132 1949 1200">
     <span class='ocr_line' id='line_1_13' title="bbox 432 1132 1949 1200; baseline -0.007 -5"><span class='ocrx_word' id='word_1_69' title='bbox 432 1141 665 1195; x_wconf 81' lang='lat' dir='ltr'><strong>Maxima</strong></span> <span class='ocrx_word' id='word_1_70' title='bbox 697 1139 930 1194; x_wconf 89' lang='lat' dir='ltr'><strong>libertas</strong></span> <span class='ocrx_word' id='word_1_71' title='bbox 971 1153 1034 1191; x_wconf 93' lang='lat' dir='ltr'><strong>ac</strong></span> <span class='ocrx_word' id='word_1_72' title='bbox 1063 1136 1287 1200; x_wconf 87' lang='lat' dir='ltr'><strong>fiducia,</strong></span> <span class='ocrx_word' id='word_1_73' title='bbox 1321 1133 1644 1189; x_wconf 77' lang='lat' dir='ltr'><strong>existimare</strong></span> <span class='ocrx_word' id='word_1_74' title='bbox 1684 1148 1805 1187; x_wconf 90' lang='lat' dir='ltr'><strong>eam</strong></span> <span class='ocrx_word' id='word_1_75' title='bbox 1848 1132 1949 1186; x_wconf 89' lang='lat' dir='ltr'><strong>tibi</strong></span> 
     </span>
    </p>
   </div>
   <div class='ocr_carea' id='block_1_14' title="bbox 365 1222 1950 1296">
    <p class='ocr_par' dir='ltr' id='par_1_14' title="bbox 365 1222 1950 1296">
     <span class='ocr_line' id='line_1_14' title="bbox 365 1222 1950 1296; baseline -0.005 -10"><span class='ocrx_word' id='word_1_76' title='bbox 365 1232 595 1294; x_wconf 85' lang='lat' dir='ltr'><strong>deesse;</strong></span> <span class='ocrx_word' id='word_1_77' title='bbox 627 1237 689 1283; x_wconf 91' lang='lat' dir='ltr'><strong>ut</strong></span> <span class='ocrx_word' id='word_1_78' title='bbox 735 1237 790 1284; x_wconf 93' lang='lat' dir='ltr'><strong>et</strong></span> <span class='ocrx_word' id='word_1_79' title='bbox 835 1237 1028 1291; x_wconf 79' lang='lat' dir='ltr'><strong>contra</strong></span> <span class='ocrx_word' id='word_1_80' title='bbox 1062 1225 1243 1296; x_wconf 89' lang='lat' dir='ltr'><strong>pudor</strong></span> <span class='ocrx_word' id='word_1_81' title='bbox 1297 1224 1591 1288; x_wconf 78' lang='lat' dir='ltr'><strong>maximus,</strong></span> <span class='ocrx_word' id='word_1_82' title='bbox 1643 1222 1950 1293; x_wconf 82' lang='lat' dir='ltr'><strong>justifieare</strong></span> 
     </span>
    </p>
   </div>
   <div class='ocr_carea' id='block_1_15' title="bbox 365 1315 1950 1392">
    <p class='ocr_par' dir='ltr' id='par_1_15' title="bbox 365 1315 1950 1392">
     <span class='ocr_line' id='line_1_15' title="bbox 365 1315 1950 1392; baseline -0.004 -15"><span class='ocrx_word' id='word_1_83' title='bbox 365 1323 607 1392; x_wconf 88' lang='lat' dir='ltr'><strong>seipsum</strong></span> <span class='ocrx_word' id='word_1_84' title='bbox 639 1320 786 1390; x_wconf 89' lang='lat' dir='ltr'><strong>apud</strong></span> <span class='ocrx_word' id='word_1_85' title='bbox 830 1319 1125 1373; x_wconf 88' lang='lat' dir='ltr'><strong>Dominum</strong></span> <span class='ocrx_word' id='word_1_86' title='bbox 1154 1335 1166 1370; x_wconf 94' lang='lat'>:</span> <span class='ocrx_word' id='word_1_87' title='bbox 1203 1331 1268 1372; x_wconf 87' lang='lat' dir='ltr'><strong>ac</strong></span> <span class='ocrx_word' id='word_1_88' title='bbox 1293 1317 1375 1371; x_wconf 91' lang='lat' dir='ltr'><strong>rei</strong></span> <span class='ocrx_word' id='word_1_89' title='bbox 1409 1324 1600 1381; x_wconf 87' lang='lat' dir='ltr'><strong>testes,</strong></span> <span class='ocrx_word' id='word_1_90' title='bbox 1641 1315 1950 1370; x_wconf 83' lang='lat' dir='ltr'><strong>Pharisacus</strong></span> 
     </span>
    </p>
   </div>
   <div class='ocr_carea' id='block_1_16' title="bbox 366 1407 1308 1480">
    <p class='ocr_par' dir='ltr' id='par_1_16' title="bbox 366 1407 1308 1480">
     <span class='ocr_line' id='line_1_16' title="bbox 366 1407 1308 1480; baseline -0.006 -15"><span class='ocrx_word' id='word_1_91' title='bbox 366 1419 422 1464; x_wconf 83' lang='lat' dir='ltr'><strong>et</strong></span> <span class='ocrx_word' id='word_1_92' title='bbox 465 1410 798 1480; x_wconf 85' lang='lat' dir='ltr'><strong>publicanus</strong></span> <span class='ocrx_word' id='word_1_93' title='bbox 832 1407 1138 1475; x_wconf 89' lang='lat' dir='ltr'><strong>locupletes</strong></span> <span class='ocrx_word' id='word_1_94' title='bbox 1159 1414 1308 1460; x_wconf 87' lang='lat' dir='ltr'><strong>sunt.</strong></span> 
     </span>
    </p>
   </div>
   <div class='ocr_carea' id='block_1_17' title="bbox 425 1490 1947 1564">
    <p class='ocr_par' dir='ltr' id='par_1_17' title="bbox 425 1490 1947 1564">
     <span class='ocr_line' id='line_1_17' title="bbox 425 1490 1947 1564; baseline -0.004 -13"><span class='ocrx_word' id='word_1_95' title='bbox 425 1498 726 1551; x_wconf 81' lang='lat' dir='ltr'><strong>Phociom&#39;s.</strong></span> <span class='ocrx_word' id='word_1_96' title='bbox 751 1526 822 1535; x_wconf 89' lang='lat'><strong>——-</strong></span> <span class='ocrx_word' id='word_1_97' title='bbox 851 1495 991 1551; x_wconf 89' lang='lat' dir='ltr'><strong>Cum</strong></span> <span class='ocrx_word' id='word_1_98' title='bbox 1019 1493 1317 1564; x_wconf 85' lang='lat' dir='ltr'><strong>aliquando</strong></span> <span class='ocrx_word' id='word_1_99' title='bbox 1361 1493 1609 1548; x_wconf 83' lang='lat' dir='ltr'><strong>Phocion</strong></span> <span class='ocrx_word' id='word_1_100' title='bbox 1644 1490 1947 1547; x_wconf 83' lang='lat' dir='ltr'><strong>Athenien-</strong></span> 
     </span>
    </p>
   </div>
   <div class='ocr_carea' id='block_1_18' title="bbox 365 1584 1947 1659">
    <p class='ocr_par' dir='ltr' id='par_1_18' title="bbox 365 1584 1947 1659">
     <span class='ocr_line' id='line_1_18' title="bbox 365 1584 1947 1659; baseline -0.005 -14"><span class='ocrx_word' id='word_1_101' title='bbox 365 1591 461 1656; x_wconf 85' lang='lat' dir='ltr'><strong>sis,</strong></span> <span class='ocrx_word' id='word_1_102' title='bbox 488 1605 599 1645; x_wconf 93' lang='lat' dir='ltr'><strong>non</strong></span> <span class='ocrx_word' id='word_1_103' title='bbox 632 1589 700 1644; x_wconf 92' lang='lat' dir='ltr'><strong>ad</strong></span> <span class='ocrx_word' id='word_1_104' title='bbox 726 1588 979 1659; x_wconf 82' lang='lat' dir='ltr'><strong>gratiam,</strong></span> <span class='ocrx_word' id='word_1_105' title='bbox 1007 1587 1101 1642; x_wconf 89' lang='lat' dir='ltr'><strong>sed</strong></span> <span class='ocrx_word' id='word_1_106' title='bbox 1132 1586 1200 1641; x_wconf 92' lang='lat' dir='ltr'><strong>ad</strong></span> <span class='ocrx_word' id='word_1_107' title='bbox 1224 1586 1522 1640; x_wconf 86' lang='lat' dir='ltr'><strong>utilitatem</strong></span> <span class='ocrx_word' id='word_1_108' title='bbox 1551 1584 1783 1640; x_wconf 84' lang='lat' dir='ltr'><strong>Athenis</strong></span> <span class='ocrx_word' id='word_1_109' title='bbox 1812 1599 1947 1639; x_wconf 91' lang='lat' dir='ltr'><strong>con-</strong></span> 
     </span>
    </p>
   </div>
   <div class='ocr_carea' id='block_1_19' title="bbox 368 1673 1949 1749">
    <p class='ocr_par' dir='ltr' id='par_1_19' title="bbox 368 1673 1949 1749">
     <span class='ocr_line' id='line_1_19' title="bbox 368 1673 1949 1749; baseline -0.004 -12"><span class='ocrx_word' id='word_1_110' title='bbox 368 1683 689 1737; x_wconf 90' lang='lat' dir='ltr'><strong>cionaretur</strong></span> <span class='ocrx_word' id='word_1_111' title='bbox 709 1721 723 1744; x_wconf 92' lang='lat'><strong>,</strong></span> <span class='ocrx_word' id='word_1_112' title='bbox 765 1680 930 1749; x_wconf 88' lang='lat' dir='ltr'><strong>eique</strong></span> <span class='ocrx_word' id='word_1_113' title='bbox 966 1677 1237 1734; x_wconf 88' lang='lat' dir='ltr'><strong>Damades</strong></span> <span class='ocrx_word' id='word_1_114' title='bbox 1265 1684 1453 1732; x_wconf 89' lang='lat' dir='ltr'><strong>orator</strong></span> <span class='ocrx_word' id='word_1_115' title='bbox 1477 1676 1709 1731; x_wconf 79' lang='lat' dir='ltr'><strong>dixisset</strong></span> <span class='ocrx_word' id='word_1_116' title='bbox 1747 1694 1760 1728; x_wconf 90' lang='lat'><strong>:</strong></span> <span class='ocrx_word' id='word_1_117' title='bbox 1789 1673 1949 1730; x_wconf 89' lang='lat' dir='ltr'><strong>Occi-</strong></span> 
     </span>
    </p>
   </div>
   <div class='ocr_carea' id='block_1_20' title="bbox 365 1769 1949 1845">
    <p class='ocr_par' dir='ltr' id='par_1_20' title="bbox 365 1769 1949 1845">
     <span class='ocr_line' id='line_1_20' title="bbox 365 1769 1949 1845; baseline -0.004 -15"><span class='ocrx_word' id='word_1_118' title='bbox 365 1776 460 1830; x_wconf 89' lang='lat' dir='ltr'><strong>det</strong></span> <span class='ocrx_word' id='word_1_119' title='bbox 492 1785 544 1831; x_wconf 88' lang='lat' dir='ltr'><strong>te</strong></span> <span class='ocrx_word' id='word_1_120' title='bbox 592 1774 852 1845; x_wconf 89' lang='lat' dir='ltr'><strong>populus,</strong></span> <span class='ocrx_word' id='word_1_121' title='bbox 903 1773 1150 1828; x_wconf 87' lang='lat' dir='ltr'><strong>Phocion</strong></span> <span class='ocrx_word' id='word_1_122' title='bbox 1173 1812 1187 1834; x_wconf 90' lang='lat'><strong>,</strong></span> <span class='ocrx_word' id='word_1_123' title='bbox 1223 1771 1269 1825; x_wconf 89' lang='lat' dir='ltr'><strong>si</strong></span> <span class='ocrx_word' id='word_1_124' title='bbox 1303 1771 1632 1826; x_wconf 85' lang='lat' dir='ltr'><strong>insanierit:</strong></span> <span class='ocrx_word' id='word_1_125' title='bbox 1667 1769 1744 1825; x_wconf 88' lang='lat' dir='ltr'><strong>Te</strong></span> <span class='ocrx_word' id='word_1_126' title='bbox 1792 1785 1949 1837; x_wconf 83' lang='lat' dir='ltr'><strong>vero,</strong></span> 
     </span>
    </p>
   </div>
   <div class='ocr_carea' id='block_1_21' title="bbox 366 1860 1491 1934">
    <p class='ocr_par' dir='ltr' id='par_1_21' title="bbox 366 1860 1491 1934">
     <span class='ocr_line' id='line_1_21' title="bbox 366 1860 1491 1934; baseline -0.004 -16"><span class='ocrx_word' id='word_1_127' title='bbox 366 1864 547 1934; x_wconf 90' lang='lat' dir='ltr'><strong>inquit</strong></span> <span class='ocrx_word' id='word_1_128' title='bbox 575 1863 686 1928; x_wconf 91' lang='lat' dir='ltr'><strong>ille,</strong></span> <span class='ocrx_word' id='word_1_129' title='bbox 717 1864 764 1917; x_wconf 90' lang='lat' dir='ltr'><strong>si</strong></span> <span class='ocrx_word' id='word_1_130' title='bbox 795 1877 942 1916; x_wconf 81' lang='lat' dir='ltr'><strong>same</strong></span> <span class='ocrx_word' id='word_1_131' title='bbox 964 1860 1164 1915; x_wconf 90' lang='lat' dir='ltr'><strong>mentis</strong></span> <span class='ocrx_word' id='word_1_132' title='bbox 1193 1861 1491 1914; x_wconf 82' lang='lat' dir='ltr'><strong>exstiterit.</strong></span> 
     </span>
    </p>
   </div>
   <div class='ocr_carea' id='block_1_22' title="bbox 441 1950 1953 2017">
    <p class='ocr_par' dir='ltr' id='par_1_22' title="bbox 441 1950 1953 2017">
     <span class='ocr_line' id='line_1_22' title="bbox 441 1950 1953 2017; baseline -0.001 -9"><span class='ocrx_word' id='word_1_133' title='bbox 441 1955 738 2008; x_wconf 82' lang='lat' dir='ltr'><strong>Plutarchi.</strong></span> <span class='ocrx_word' id='word_1_134' title='bbox 759 1952 961 2007; x_wconf 85' lang='lat' dir='ltr'><strong>-—Nec</strong></span> <span class='ocrx_word' id='word_1_135' title='bbox 984 1967 1014 2006; x_wconf 90' lang='lat' dir='ltr'><strong>e</strong></span> <span class='ocrx_word' id='word_1_136' title='bbox 1048 1950 1254 2006; x_wconf 87' lang='lat' dir='ltr'><strong>mundo</strong></span> <span class='ocrx_word' id='word_1_137' title='bbox 1291 1951 1370 2006; x_wconf 92' lang='lat' dir='ltr'><strong>sol</strong></span> <span class='ocrx_word' id='word_1_138' title='bbox 1399 1950 1704 2017; x_wconf 89' lang='lat' dir='ltr'><strong>tollendus,</strong></span> <span class='ocrx_word' id='word_1_139' title='bbox 1738 1967 1842 2006; x_wconf 91' lang='lat' dir='ltr'><strong>nec</strong></span> <span class='ocrx_word' id='word_1_140' title='bbox 1868 1952 1953 2006; x_wconf 91' lang='lat' dir='ltr'><strong>lo-</strong></span> 
     </span>
    </p>
   </div>
   <div class='ocr_carea' id='block_1_23' title="bbox 370 2043 1951 2117">
    <p class='ocr_par' dir='ltr' id='par_1_23' title="bbox 370 2043 1951 2117">
     <span class='ocr_line' id='line_1_23' title="bbox 370 2043 1951 2117; baseline -0.001 -17"><span class='ocrx_word' id='word_1_141' title='bbox 370 2046 577 2117; x_wconf 88' lang='lat' dir='ltr'><strong>quendi</strong></span> <span class='ocrx_word' id='word_1_142' title='bbox 608 2046 837 2100; x_wconf 90' lang='lat' dir='ltr'><strong>libertas</strong></span> <span class='ocrx_word' id='word_1_143' title='bbox 857 2060 922 2099; x_wconf 80' lang='lat' dir='ltr'><strong>ex</strong></span> <span class='ocrx_word' id='word_1_144' title='bbox 943 2043 1235 2098; x_wconf 89' lang='lat' dir='ltr'><strong>hominum</strong></span> <span class='ocrx_word' id='word_1_145' title='bbox 1264 2043 1602 2098; x_wconf 86' lang='lat' dir='ltr'><strong>eliminanda</strong></span> <span class='ocrx_word' id='word_1_146' title='bbox 1631 2060 1951 2115; x_wconf 83' lang='lat' dir='ltr'><strong>congressu.</strong></span> 
     </span>
    </p>
   </div>
   <div class='ocr_carea' id='block_1_24' title="bbox 442 2133 1955 2203">
    <p class='ocr_par' dir='ltr' id='par_1_24' title="bbox 442 2133 1955 2203">
     <span class='ocr_line' id='line_1_24' title="bbox 442 2133 1955 2203; baseline -0.001 -12"><span class='ocrx_word' id='word_1_147' title='bbox 442 2137 737 2192; x_wconf 82' lang='lat' dir='ltr'><strong>Xenochar.</strong></span> <span class='ocrx_word' id='word_1_148' title='bbox 763 2164 833 2177; x_wconf 92' lang='lat'><strong>—</strong></span> <span class='ocrx_word' id='word_1_149' title='bbox 865 2134 1213 2190; x_wconf 81' lang='lat' dir='ltr'><strong>Xenocharis</strong></span> <span class='ocrx_word' id='word_1_150' title='bbox 1245 2133 1616 2203; x_wconf 87' lang='lat' dir='ltr'><strong>philosophus</strong></span> <span class='ocrx_word' id='word_1_151' title='bbox 1645 2135 1712 2189; x_wconf 90' lang='lat' dir='ltr'><strong>de</strong></span> <span class='ocrx_word' id='word_1_152' title='bbox 1758 2135 1955 2190; x_wconf 86' lang='lat' dir='ltr'><strong>obsce-</strong></span> 
     </span>
    </p>
   </div>
   <div class='ocr_carea' id='block_1_25' title="bbox 283 2224 1958 2299">
    <p class='ocr_par' dir='ltr' id='par_1_25' title="bbox 283 2224 1958 2299">
     <span class='ocr_line' id='line_1_25' title="bbox 283 2224 1958 2299; baseline -0.003 -15"><span class='ocrx_word' id='word_1_153' title='bbox 283 2255 289 2266; x_wconf 86' lang='grc'><strong>·</strong></span> <span class='ocrx_word' id='word_1_154' title='bbox 369 2229 459 2284; x_wconf 91' lang='lat' dir='ltr'><strong>nis</strong></span> <span class='ocrx_word' id='word_1_155' title='bbox 479 2227 811 2299; x_wconf 90' lang='lat' dir='ltr'><strong>quibusdam</strong></span> <span class='ocrx_word' id='word_1_156' title='bbox 837 2225 1132 2295; x_wconf 85' lang='lat' dir='ltr'><strong>aliquando</strong></span> <span class='ocrx_word' id='word_1_157' title='bbox 1154 2231 1397 2294; x_wconf 81' lang='lat' dir='ltr'><strong>rogatus,</strong></span> <span class='ocrx_word' id='word_1_158' title='bbox 1423 2238 1548 2278; x_wconf 92' lang='lat' dir='ltr'><strong>cum</strong></span> <span class='ocrx_word' id='word_1_159' title='bbox 1570 2224 1708 2278; x_wconf 92' lang='lat' dir='ltr'><strong>nihil</strong></span> <span class='ocrx_word' id='word_1_160' title='bbox 1728 2240 1958 2295; x_wconf 89' lang='lat' dir='ltr'><strong>respon-</strong></span> 
     </span>
    </p>
   </div>
   <div class='ocr_carea' id='block_1_26' title="bbox 295 2314 1960 2389">
    <p class='ocr_par' dir='ltr' id='par_1_26' title="bbox 295 2314 1960 2389">
     <span class='ocr_line' id='line_1_26' title="bbox 295 2314 1960 2389; baseline -0.004 -11"><span class='ocrx_word' id='word_1_161' title='bbox 295 2320 310 2336; x_wconf 82' lang='lat'><strong>&#39;</strong></span> <span class='ocrx_word' id='word_1_162' title='bbox 372 2322 555 2386; x_wconf 85' lang='lat' dir='ltr'><strong>deret,</strong></span> <span class='ocrx_word' id='word_1_163' title='bbox 578 2330 637 2376; x_wconf 84' lang='lat' dir='ltr'><strong>et</strong></span> <span class='ocrx_word' id='word_1_164' title='bbox 670 2320 717 2374; x_wconf 90' lang='lat' dir='ltr'><strong>is</strong></span> <span class='ocrx_word' id='word_1_165' title='bbox 735 2318 832 2389; x_wconf 90' lang='lat' dir='ltr'><strong>qui</strong></span> <span class='ocrx_word' id='word_1_166' title='bbox 857 2318 1301 2388; x_wconf 77' lang='lat' dir='ltr'><strong>interrogaverat</strong></span> <span class='ocrx_word' id='word_1_167' title='bbox 1329 2314 1534 2370; x_wconf 91' lang='lat' dir='ltr'><strong>silentii</strong></span> <span class='ocrx_word' id='word_1_168' title='bbox 1567 2331 1786 2371; x_wconf 87' lang='lat' dir='ltr'><strong>causam</strong></span> <span class='ocrx_word' id='word_1_169' title='bbox 1811 2333 1960 2385; x_wconf 68' lang='lat' dir='ltr'><strong>qum-</strong></span> 
     </span>
    </p>
   </div>
   <div class='ocr_carea' id='block_1_27' title="bbox 371 2407 1957 2478">
    <p class='ocr_par' dir='ltr' id='par_1_27' title="bbox 371 2407 1957 2478">
     <span class='ocr_line' id='line_1_27' title="bbox 371 2407 1957 2478; baseline -0.005 -8"><span class='ocrx_word' id='word_1_170' title='bbox 371 2422 524 2470; x_wconf 83' lang='lat' dir='ltr'><strong>reret</strong></span> <span class='ocrx_word' id='word_1_171' title='bbox 558 2412 676 2468; x_wconf 89' lang='lat' dir='ltr'><strong>:De</strong></span> <span class='ocrx_word' id='word_1_172' title='bbox 708 2410 932 2476; x_wconf 89' lang='lat' dir='ltr'><strong>talibus,</strong></span> <span class='ocrx_word' id='word_1_173' title='bbox 964 2408 1164 2478; x_wconf 86' lang='lat' dir='ltr'><strong>inquit,</strong></span> <span class='ocrx_word' id='word_1_174' title='bbox 1207 2417 1259 2463; x_wconf 87' lang='lat' dir='ltr'><strong>te</strong></span> <span class='ocrx_word' id='word_1_175' title='bbox 1298 2421 1494 2477; x_wconf 86' lang='lat' dir='ltr'><strong>rogare</strong></span> <span class='ocrx_word' id='word_1_176' title='bbox 1522 2407 1702 2472; x_wconf 87' lang='lat' dir='ltr'><strong>decet,</strong></span> <span class='ocrx_word' id='word_1_177' title='bbox 1735 2423 1822 2462; x_wconf 89' lang='lat' dir='ltr'><strong>me</strong></span> <span class='ocrx_word' id='word_1_178' title='bbox 1856 2423 1957 2462; x_wconf 92' lang='lat' dir='ltr'><strong>au-</strong></span> 
     </span>
    </p>
   </div>
   <div class='ocr_carea' id='block_1_28' title="bbox 372 2513 719 2560">
    <p class='ocr_par' dir='ltr' id='par_1_28' title="bbox 372 2513 719 2560">
     <span class='ocr_line' id='line_1_28' title="bbox 372 2513 719 2560; baseline -0.006 0"><span class='ocrx_word' id='word_1_179' title='bbox 372 2515 484 2560; x_wconf 90' lang='lat' dir='ltr'><strong>tem</strong></span> <span class='ocrx_word' id='word_1_180' title='bbox 513 2513 719 2559; x_wconf 88' lang='lat' dir='ltr'><strong>tacere.</strong></span> 
     </span>
    </p>
   </div>
   <div class='ocr_carea' id='block_1_29' title="bbox 446 2585 1960 2662">
    <p class='ocr_par' dir='ltr' id='par_1_29' title="bbox 446 2585 1960 2662">
     <span class='ocr_line' id='line_1_29' title="bbox 446 2585 1960 2662; baseline -0.003 -11"><span class='ocrx_word' id='word_1_181' title='bbox 446 2597 793 2651; x_wconf 72' lang='lat' dir='ltr'><strong>Isocratis.—</strong></span> <span class='ocrx_word' id='word_1_182' title='bbox 814 2595 893 2650; x_wconf 90' lang='lat' dir='ltr'><strong>Da</strong></span> <span class='ocrx_word' id='word_1_183' title='bbox 938 2593 1252 2655; x_wconf 84' lang='lat' dir='ltr'><strong>libertatem</strong></span> <span class='ocrx_word' id='word_1_184' title='bbox 1274 2585 1540 2662; x_wconf 86' lang='lat' dir='ltr'><strong>loquendi</strong></span> <span class='ocrx_word' id='word_1_185' title='bbox 1565 2591 1702 2647; x_wconf 85' lang='lat' dir='ltr'><strong>viris</strong></span> <span class='ocrx_word' id='word_1_186' title='bbox 1722 2592 1960 2662; x_wconf 88' lang='lat' dir='ltr'><strong>pruden-</strong></span> 
     </span>
    </p>
   </div>
   <div class='ocr_carea' id='block_1_30' title="bbox 377 2683 1962 2756">
    <p class='ocr_par' dir='ltr' id='par_1_30' title="bbox 377 2683 1962 2756">
     <span class='ocr_line' id='line_1_30' title="bbox 377 2683 1962 2756; baseline -0.004 -14"><span class='ocrx_word' id='word_1_187' title='bbox 377 2685 548 2754; x_wconf 84' lang='lat' dir='ltr'><strong>tibus,</strong></span> <span class='ocrx_word' id='word_1_188' title='bbox 580 2697 641 2742; x_wconf 92' lang='lat' dir='ltr'><strong>ut</strong></span> <span class='ocrx_word' id='word_1_189' title='bbox 661 2686 729 2741; x_wconf 90' lang='lat' dir='ltr'><strong>de</strong></span> <span class='ocrx_word' id='word_1_190' title='bbox 759 2686 962 2756; x_wconf 90' lang='lat' dir='ltr'><strong>quibus</strong></span> <span class='ocrx_word' id='word_1_191' title='bbox 993 2685 1256 2755; x_wconf 80' lang='lat' dir='ltr'><strong>ambigis,</strong></span> <span class='ocrx_word' id='word_1_192' title='bbox 1282 2684 1487 2738; x_wconf 90' lang='lat' dir='ltr'><strong>habeas</strong></span> <span class='ocrx_word' id='word_1_193' title='bbox 1511 2683 1607 2752; x_wconf 89' lang='lat' dir='ltr'><strong>qui</strong></span> <span class='ocrx_word' id='word_1_194' title='bbox 1646 2693 1830 2739; x_wconf 89' lang='lat' dir='ltr'><strong>tecum</strong></span> <span class='ocrx_word' id='word_1_195' title='bbox 1862 2698 1962 2737; x_wconf 81' lang='lat' dir='ltr'><strong>ex-</strong></span> 
     </span>
    </p>
   </div>
   <div class='ocr_carea' id='block_1_31' title="bbox 376 2771 995 2850">
    <p class='ocr_par' dir='ltr' id='par_1_31' title="bbox 376 2771 995 2850">
     <span class='ocr_line' id='line_1_31' title="bbox 376 2771 995 2850; baseline -0.008 -16"><span class='ocrx_word' id='word_1_196' title='bbox 376 2771 604 2850; x_wconf 67' lang='lat' dir='ltr'><strong>quirant</strong></span> <span class='ocrx_word' id='word_1_197' title='bbox 631 2793 696 2833; x_wconf 88' lang='lat' dir='ltr'><strong>ac</strong></span> <span class='ocrx_word' id='word_1_198' title='bbox 720 2777 995 2849; x_wconf 88' lang='lat' dir='ltr'><strong>judicent.</strong></span> 
     </span>
    </p>
   </div>
   <div class='ocr_carea' id='block_1_32' title="bbox 445 2865 1962 2936">
    <p class='ocr_par' dir='ltr' id='par_1_32' title="bbox 445 2865 1962 2936">
     <span class='ocr_line' id='line_1_32' title="bbox 445 2865 1962 2936; baseline -0.005 -11"><span class='ocrx_word' id='word_1_199' title='bbox 445 2872 731 2925; x_wconf 79' lang='lat' dir='ltr'><strong>Democrtt.</strong></span> <span class='ocrx_word' id='word_1_200' title='bbox 769 2900 838 2910; x_wconf 89' lang='lat'><strong>-—-</strong></span> <span class='ocrx_word' id='word_1_201' title='bbox 880 2867 1018 2923; x_wconf 89' lang='lat' dir='ltr'><strong>Cum</strong></span> <span class='ocrx_word' id='word_1_202' title='bbox 1065 2867 1414 2922; x_wconf 88' lang='lat' dir='ltr'><strong>Democritus</strong></span> <span class='ocrx_word' id='word_1_203' title='bbox 1455 2881 1560 2936; x_wconf 92' lang='lat' dir='ltr'><strong>pro</strong></span> <span class='ocrx_word' id='word_1_204' title='bbox 1610 2865 1962 2920; x_wconf 82' lang='lat' dir='ltr'><strong>Atheniensi-</strong></span> 
     </span>
    </p>
   </div>
   <div class='ocr_carea' id='block_1_33' title="bbox 2057 395 2916 461">
    <p class='ocr_par' dir='ltr' id='par_1_33' title="bbox 2057 395 2916 461">
     <span class='ocr_line' id='line_1_33' title="bbox 2057 395 2916 461; baseline -0.005 -11"><span class='ocrx_word' id='word_1_205' title='bbox 2057 395 2250 457; x_wconf 86' lang='grc' dir='ltr'>κακοῦ.</span> <span class='ocrx_word' id='word_1_206' title='bbox 2276 396 2370 450; x_wconf 87' lang='grc' dir='ltr'><strong>τοῦ</strong></span> <span class='ocrx_word' id='word_1_207' title='bbox 2398 397 2558 450; x_wconf 79' lang='grc' dir='ltr'>ἄλλον</span> <span class='ocrx_word' id='word_1_208' title='bbox 2584 395 2916 461; x_wconf 77' lang='grc' dir='ltr'>ἀπαλλάξαι.</span> 
     </span>
    </p>
   </div>
   <div class='ocr_carea' id='block_1_34' title="bbox 2125 479 3634 556">
    <p class='ocr_par' dir='ltr' id='par_1_34' title="bbox 2125 479 3634 556">
     <span class='ocr_line' id='line_1_34' title="bbox 2125 479 3634 556; baseline -0.003 -16"><span class='ocrx_word' id='word_1_209' title='bbox 2125 488 2429 554; x_wconf 79' lang='grc' dir='ltr'>Χρυσόστ.</span> <span class='ocrx_word' id='word_1_210' title='bbox 2457 516 2526 528; x_wconf 91' lang='lat'><strong>—</strong></span> <span class='ocrx_word' id='word_1_211' title='bbox 2549 487 2624 541; x_wconf 82' lang='grc' dir='ltr'>Τδ</span> <span class='ocrx_word' id='word_1_212' title='bbox 2655 486 2752 556; x_wconf 84' lang='grc' dir='ltr'><strong>μὲν</strong></span> <span class='ocrx_word' id='word_1_213' title='bbox 2777 483 2964 546; x_wconf 77' lang='grc' dir='ltr'>ἁπλῶς</span> <span class='ocrx_word' id='word_1_214' title='bbox 2993 479 3495 554; x_wconf 69' lang='grc' dir='ltr'><strong>παρρησιάζεσθαι,</strong></span> <span class='ocrx_word' id='word_1_215' title='bbox 3534 483 3634 536; x_wconf 73' lang='grc' dir='ltr'><strong>καὶ</strong></span> 
     </span>
    </p>
   </div>
   <div class='ocr_carea' id='block_1_35' title="bbox 2054 574 3630 650">
    <p class='ocr_par' dir='ltr' id='par_1_35' title="bbox 2054 574 3630 650">
     <span class='ocr_line' id='line_1_35' title="bbox 2054 574 3630 650; baseline -0.003 -17"><span class='ocrx_word' id='word_1_216' title='bbox 2054 580 2165 633; x_wconf 83' lang='grc' dir='ltr'><strong>τῶν</strong></span> <span class='ocrx_word' id='word_1_217' title='bbox 2205 582 2474 650; x_wconf 81' lang='grc' dir='ltr'><strong>τυχόντων</strong></span> <span class='ocrx_word' id='word_1_218' title='bbox 2493 580 2536 611; x_wconf 81' lang='grc'><strong>⁶¹</strong></span> <span class='ocrx_word' id='word_1_219' title='bbox 2585 579 2879 642; x_wconf 79' lang='grc' dir='ltr'>πολλάκιςο</span> <span class='ocrx_word' id='word_1_220' title='bbox 2921 577 2984 630; x_wconf 84' lang='grc' dir='ltr'><strong>τὸ</strong></span> <span class='ocrx_word' id='word_1_221' title='bbox 3031 575 3087 628; x_wconf 85' lang='grc' dir='ltr'>δὲ</span> <span class='ocrx_word' id='word_1_222' title='bbox 3132 577 3211 638; x_wconf 85' lang='grc' dir='ltr'>εἰς</span> <span class='ocrx_word' id='word_1_223' title='bbox 3259 574 3321 628; x_wconf 78' lang='grc' dir='ltr'><strong>τὸ</strong></span> <span class='ocrx_word' id='word_1_224' title='bbox 3367 574 3485 627; x_wconf 90' lang='grc' dir='ltr'>δέον</span> <span class='ocrx_word' id='word_1_225' title='bbox 3534 575 3630 629; x_wconf 79' lang='grc' dir='ltr'><strong>καὶ</strong></span> 
     </span>
    </p>
   </div>
   <div class='ocr_carea' id='block_1_36' title="bbox 2055 665 3630 741">
    <p class='ocr_par' dir='ltr' id='par_1_36' title="bbox 2055 665 3630 741">
     <span class='ocr_line' id='line_1_36' title="bbox 2055 665 3630 741; baseline -0.003 -17"><span class='ocrx_word' id='word_1_226' title='bbox 2055 669 2236 741; x_wconf 80' lang='grc' dir='ltr'>καιρῷ</span> <span class='ocrx_word' id='word_1_227' title='bbox 2271 670 2348 740; x_wconf 83' lang='grc' dir='ltr'>τῷ</span> <span class='ocrx_word' id='word_1_228' title='bbox 2390 671 2722 741; x_wconf 76' lang='grc' dir='ltr'>προσήκοντι</span> <span class='ocrx_word' id='word_1_229' title='bbox 2747 713 2762 736; x_wconf 89' lang='grc'><strong>,</strong></span> <span class='ocrx_word' id='word_1_230' title='bbox 2795 668 2892 722; x_wconf 70' lang='grc' dir='ltr'>καὶ</span> <span class='ocrx_word' id='word_1_231' title='bbox 2945 667 3085 737; x_wconf 84' lang='grc' dir='ltr'>μετὰ</span> <span class='ocrx_word' id='word_1_232' title='bbox 3119 667 3218 734; x_wconf 86' lang='grc' dir='ltr'>τῆς</span> <span class='ocrx_word' id='word_1_233' title='bbox 3253 665 3630 737; x_wconf 82' lang='grc' dir='ltr'><strong>ἁρμοττούσης</strong></span> 
     </span>
    </p>
   </div>
   <div class='ocr_carea' id='block_1_37' title="bbox 2056 745 3625 832">
    <p class='ocr_par' dir='ltr' id='par_1_37' title="bbox 2056 745 3625 832">
     <span class='ocr_line' id='line_1_37' title="bbox 2056 745 3625 832; baseline -0.003 -17"><span class='ocrx_word' id='word_1_234' title='bbox 2056 761 2403 832; x_wconf 80' lang='grc' dir='ltr'><strong>συμμετρίας</strong></span> <span class='ocrx_word' id='word_1_235' title='bbox 2431 763 2526 814; x_wconf 72' lang='grc' dir='ltr'>καὶ</span> <span class='ocrx_word' id='word_1_236' title='bbox 2550 745 2816 824; x_wconf 81' lang='grc' dir='ltr'>συνέσεως</span> <span class='ocrx_word' id='word_1_237' title='bbox 2854 759 2932 830; x_wconf 83' lang='grc' dir='ltr'>τῷ</span> <span class='ocrx_word' id='word_1_238' title='bbox 2978 759 3264 830; x_wconf 83' lang='grc' dir='ltr'><strong>πράγματι</strong></span> <span class='ocrx_word' id='word_1_239' title='bbox 3293 757 3625 831; x_wconf 78' lang='grc' dir='ltr'>χρήσασθαι,</span> 
     </span>
    </p>
   </div>
   <div class='ocr_carea' id='block_1_38' title="bbox 2058 848 3342 923">
    <p class='ocr_par' dir='ltr' id='par_1_38' title="bbox 2058 848 3342 923">
     <span class='ocr_line' id='line_1_38' title="bbox 2058 848 3342 923; baseline -0.003 -17"><span class='ocrx_word' id='word_1_240' title='bbox 2058 851 2300 923; x_wconf 79' lang='grc' dir='ltr'><strong>μεγάλης</strong></span> <span class='ocrx_word' id='word_1_241' title='bbox 2321 848 2443 906; x_wconf 86' lang='grc' dir='ltr'>λίαν</span> <span class='ocrx_word' id='word_1_242' title='bbox 2470 853 2563 906; x_wconf 75' lang='grc' dir='ltr'><strong>καὶ</strong></span> <span class='ocrx_word' id='word_1_243' title='bbox 2593 851 2916 922; x_wconf 82' lang='grc' dir='ltr'>θαυμαστῆς</span> <span class='ocrx_word' id='word_1_244' title='bbox 2950 850 3121 908; x_wconf 78' lang='grc' dir='ltr'>δεῖται</span> <span class='ocrx_word' id='word_1_245' title='bbox 3147 849 3342 918; x_wconf 72' lang='grc' dir='ltr'>ψυχῆς.</span> 
     </span>
    </p>
   </div>
   <div class='ocr_carea' id='block_1_39' title="bbox 2129 1024 3300 1102">
    <p class='ocr_par' dir='ltr' id='par_1_39' title="bbox 2129 1024 3300 1102">
     <span class='ocr_line' id='line_1_39' title="bbox 2129 1024 3300 1102; baseline -0.004 -18"><span class='ocrx_word' id='word_1_246' title='bbox 2129 1032 2392 1102; x_wconf 82' lang='grc' dir='ltr'>Ἔννομος</span> <span class='ocrx_word' id='word_1_247' title='bbox 2425 1029 2538 1101; x_wconf 75' lang='grc' dir='ltr'><strong>ζωὴ</strong></span> <span class='ocrx_word' id='word_1_248' title='bbox 2559 1069 2574 1094; x_wconf 91' lang='grc'><strong>,</strong></span> <span class='ocrx_word' id='word_1_249' title='bbox 2605 1027 2924 1101; x_wconf 76' lang='grc' dir='ltr'><strong>παρρησίας</strong></span> <span class='ocrx_word' id='word_1_250' title='bbox 2946 1024 3300 1098; x_wconf 83' lang='grc' dir='ltr'>δημιουργός.</span> 
     </span>
    </p>
   </div>
   <div class='ocr_carea' id='block_1_40' title="bbox 2123 1115 3631 1192">
    <p class='ocr_par' dir='ltr' id='par_1_40' title="bbox 2123 1115 3631 1192">
     <span class='ocr_line' id='line_1_40' title="bbox 2123 1115 3631 1192; baseline -0.007 -16"><span class='ocrx_word' id='word_1_251' title='bbox 2123 1122 2374 1192; x_wconf 78' lang='grc' dir='ltr'><strong>Μεγίστη</strong></span> <span class='ocrx_word' id='word_1_252' title='bbox 2404 1121 2689 1192; x_wconf 75' lang='grc' dir='ltr'>παρρησία</span> <span class='ocrx_word' id='word_1_253' title='bbox 2715 1160 2729 1185; x_wconf 93' lang='grc'><strong>,</strong></span> <span class='ocrx_word' id='word_1_254' title='bbox 2756 1119 2819 1173; x_wconf 79' lang='grc' dir='ltr'><strong>τὸ</strong></span> <span class='ocrx_word' id='word_1_255' title='bbox 2850 1119 2926 1190; x_wconf 81' lang='grc' dir='ltr'><strong>μὴ</strong></span> <span class='ocrx_word' id='word_1_256' title='bbox 2955 1117 3200 1188; x_wconf 79' lang='grc' dir='ltr'>νομίζειν</span> <span class='ocrx_word' id='word_1_257' title='bbox 3231 1116 3376 1186; x_wconf 84' lang='grc' dir='ltr'>ἔχειν</span> <span class='ocrx_word' id='word_1_258' title='bbox 3409 1115 3631 1188; x_wconf 78' lang='grc' dir='ltr'>παρῤη-</span> 
     </span>
    </p>
   </div>
   <div class='ocr_carea' id='block_1_41' title="bbox 2056 1207 3632 1285">
    <p class='ocr_par' dir='ltr' id='par_1_41' title="bbox 2056 1207 3632 1285">
     <span class='ocr_line' id='line_1_41' title="bbox 2056 1207 3632 1285; baseline -0.003 -18"><span class='ocrx_word' id='word_1_259' title='bbox 2056 1217 2204 1268; x_wconf 85' lang='grc' dir='ltr'>σίαν·</span> <span class='ocrx_word' id='word_1_260' title='bbox 2238 1213 2427 1285; x_wconf 83' lang='grc' dir='ltr'>ὥσπερ</span> <span class='ocrx_word' id='word_1_261' title='bbox 2453 1209 2546 1269; x_wconf 78' lang='grc' dir='ltr'><strong>οὖν</strong></span> <span class='ocrx_word' id='word_1_262' title='bbox 2585 1212 2814 1284; x_wconf 71' lang='grc' dir='ltr'>αἰσχύνη</span> <span class='ocrx_word' id='word_1_263' title='bbox 2850 1211 3109 1282; x_wconf 78' lang='grc' dir='ltr'>μεγίστη,</span> <span class='ocrx_word' id='word_1_264' title='bbox 3145 1209 3208 1262; x_wconf 73' lang='grc' dir='ltr'>τὸ</span> <span class='ocrx_word' id='word_1_265' title='bbox 3234 1207 3476 1261; x_wconf 80' lang='grc' dir='ltr'>δικαιοῦν</span> <span class='ocrx_word' id='word_1_266' title='bbox 3506 1210 3632 1262; x_wconf 83' lang='grc' dir='ltr'>ἐαυ-</span> 
     </span>
    </p>
   </div>
   <div class='ocr_carea' id='block_1_42' title="bbox 2053 1300 3630 1377">
    <p class='ocr_par' dir='ltr' id='par_1_42' title="bbox 2053 1300 3630 1377">
     <span class='ocr_line' id='line_1_42' title="bbox 2053 1300 3630 1377; baseline -0.003 -18"><span class='ocrx_word' id='word_1_267' title='bbox 2053 1307 2142 1359; x_wconf 78' lang='grc' dir='ltr'><strong>τὸν</strong></span> <span class='ocrx_word' id='word_1_268' title='bbox 2169 1305 2398 1359; x_wconf 79' lang='grc' dir='ltr'>ἐνώπιον</span> <span class='ocrx_word' id='word_1_269' title='bbox 2431 1305 2639 1377; x_wconf 81' lang='grc' dir='ltr'>Κυρίου</span> <span class='ocrx_word' id='word_1_270' title='bbox 2663 1322 2677 1336; x_wconf 78' lang='grc' dir='ltr'><strong>ο</strong></span> <span class='ocrx_word' id='word_1_271' title='bbox 2731 1305 2827 1358; x_wconf 74' lang='grc' dir='ltr'><strong>καὶ</strong></span> <span class='ocrx_word' id='word_1_272' title='bbox 2859 1304 3072 1374; x_wconf 83' lang='grc' dir='ltr'>μάρτυς</span> <span class='ocrx_word' id='word_1_273' title='bbox 3099 1301 3206 1354; x_wconf 83' lang='grc' dir='ltr'>τῶν</span> <span class='ocrx_word' id='word_1_274' title='bbox 3234 1300 3565 1370; x_wconf 85' lang='grc' dir='ltr'>λεγομένων,</span> <span class='ocrx_word' id='word_1_275' title='bbox 3603 1301 3630 1354; x_wconf 94' lang='lat'><strong>6</strong></span> 
     </span>
    </p>
   </div>
   <div class='ocr_carea' id='block_1_43' title="bbox 2052 1393 2854 1470">
    <p class='ocr_par' dir='ltr' id='par_1_43' title="bbox 2052 1393 2854 1470">
     <span class='ocr_line' id='line_1_43' title="bbox 2052 1393 2854 1470; baseline -0.005 -19"><span class='ocrx_word' id='word_1_276' title='bbox 2052 1400 2347 1470; x_wconf 72' lang='grc' dir='ltr'>Φαρισαῖος</span> <span class='ocrx_word' id='word_1_277' title='bbox 2386 1397 2479 1450; x_wconf 76' lang='grc' dir='ltr'>καὶ</span> <span class='ocrx_word' id='word_1_278' title='bbox 2513 1397 2540 1449; x_wconf 98' lang='lat'><strong>6</strong></span> <span class='ocrx_word' id='word_1_279' title='bbox 2579 1393 2854 1464; x_wconf 83' lang='grc' dir='ltr'>Τελὼνης.</span> 
     </span>
    </p>
   </div>
   <div class='ocr_carea' id='block_1_44' title="bbox 2124 1481 3632 1551">
    <p class='ocr_par' dir='ltr' id='par_1_44' title="bbox 2124 1481 3632 1551">
     <span class='ocr_line' id='line_1_44' title="bbox 2124 1481 3632 1551; baseline -0.005 -9"><span class='ocrx_word' id='word_1_280' title='bbox 2124 1489 2385 1542; x_wconf 80' lang='grc' dir='ltr'><strong>Φωκίων.</strong></span> <span class='ocrx_word' id='word_1_281' title='bbox 2411 1517 2481 1528; x_wconf 91' lang='grc'><strong><em>-</em></strong></span> <span class='ocrx_word' id='word_1_282' title='bbox 2507 1487 2795 1550; x_wconf 82' lang='grc' dir='ltr'>Φωκίωνος</span> <span class='ocrx_word' id='word_1_283' title='bbox 2845 1485 2980 1538; x_wconf 79' lang='grc' dir='ltr'>ποτὲ</span> <span class='ocrx_word' id='word_1_284' title='bbox 3006 1483 3100 1538; x_wconf 89' lang='grc' dir='ltr'><strong>τοῦ</strong></span> <span class='ocrx_word' id='word_1_285' title='bbox 3141 1481 3430 1551; x_wconf 78' lang='grc' dir='ltr'>Ἀθηναίου</span> <span class='ocrx_word' id='word_1_286' title='bbox 3459 1482 3632 1551; x_wconf 85' lang='grc' dir='ltr'>δημη-</span> 
     </span>
    </p>
   </div>
   <div class='ocr_carea' id='block_1_45' title="bbox 2054 1573 3631 1650">
    <p class='ocr_par' dir='ltr' id='par_1_45' title="bbox 2054 1573 3631 1650">
     <span class='ocr_line' id='line_1_45' title="bbox 2054 1573 3631 1650; baseline -0.003 -19"><span class='ocrx_word' id='word_1_287' title='bbox 2054 1578 2363 1650; x_wconf 81' lang='grc' dir='ltr'>γοροῦντος,</span> <span class='ocrx_word' id='word_1_288' title='bbox 2391 1578 2453 1630; x_wconf 82' lang='grc' dir='ltr'><strong>οὐ</strong></span> <span class='ocrx_word' id='word_1_289' title='bbox 2481 1577 2550 1630; x_wconf 85' lang='grc' dir='ltr'>τὰ</span> <span class='ocrx_word' id='word_1_290' title='bbox 2576 1577 2712 1647; x_wconf 83' lang='grc' dir='ltr'>πρὸς</span> <span class='ocrx_word' id='word_1_291' title='bbox 2734 1577 2916 1646; x_wconf 85' lang='grc' dir='ltr'>χάριν,</span> <span class='ocrx_word' id='word_1_292' title='bbox 2941 1575 3079 1628; x_wconf 83' lang='grc' dir='ltr'>ἀλλὰ</span> <span class='ocrx_word' id='word_1_293' title='bbox 3103 1575 3173 1627; x_wconf 80' lang='grc' dir='ltr'>τὰ</span> <span class='ocrx_word' id='word_1_294' title='bbox 3204 1573 3339 1643; x_wconf 80' lang='grc' dir='ltr'>πρὸς</span> <span class='ocrx_word' id='word_1_295' title='bbox 3365 1573 3631 1640; x_wconf 69' lang='grc' dir='ltr'>ὠφέλειαν</span> 
     </span>
    </p>
   </div>
   <div class='ocr_carea' id='block_1_46' title="bbox 2053 1665 3632 1739">
    <p class='ocr_par' dir='ltr' id='par_1_46' title="bbox 2053 1665 3632 1739">
     <span class='ocr_line' id='line_1_46' title="bbox 2053 1665 3632 1739; baseline -0.004 -16"><span class='ocrx_word' id='word_1_296' title='bbox 2053 1673 2167 1732; x_wconf 87' lang='grc' dir='ltr'>τοῖς</span> <span class='ocrx_word' id='word_1_297' title='bbox 2205 1670 2547 1739; x_wconf 83' lang='grc' dir='ltr'>Ἀθηναίοις·</span> <span class='ocrx_word' id='word_1_298' title='bbox 2579 1668 2832 1736; x_wconf 89' lang='grc' dir='ltr'>Δαμάδου</span> <span class='ocrx_word' id='word_1_299' title='bbox 2865 1667 2923 1720; x_wconf 82' lang='grc' dir='ltr'>δὲ</span> <span class='ocrx_word' id='word_1_300' title='bbox 2955 1666 3050 1720; x_wconf 79' lang='grc' dir='ltr'><strong>τοῦ</strong></span> <span class='ocrx_word' id='word_1_301' title='bbox 3087 1667 3320 1738; x_wconf 82' lang='grc' dir='ltr'>ῥήτορος</span> <span class='ocrx_word' id='word_1_302' title='bbox 3350 1665 3632 1735; x_wconf 79' lang='grc' dir='ltr'>είρηκότος</span> 
     </span>
    </p>
   </div>
   <div class='ocr_carea' id='block_1_47' title="bbox 2054 1756 3634 1832">
    <p class='ocr_par' dir='ltr' id='par_1_47' title="bbox 2054 1756 3634 1832">
     <span class='ocr_line' id='line_1_47' title="bbox 2054 1756 3634 1832; baseline -0.005 -16"><span class='ocrx_word' id='word_1_303' title='bbox 2054 1761 2223 1832; x_wconf 77' lang='grc' dir='ltr'>αὐτῷ,</span> <span class='ocrx_word' id='word_1_304' title='bbox 2259 1760 2644 1815; x_wconf 86' lang='grc' dir='ltr'>Ἀποκτενοῦσί</span> <span class='ocrx_word' id='word_1_305' title='bbox 2676 1777 2757 1823; x_wconf 91' lang='grc' dir='ltr'><strong>σε,</strong></span> <span class='ocrx_word' id='word_1_306' title='bbox 2789 1756 2834 1812; x_wconf 79' lang='grc' dir='ltr'>ὧ</span> <span class='ocrx_word' id='word_1_307' title='bbox 2857 1757 3105 1822; x_wconf 84' lang='grc' dir='ltr'>Φωκίων,</span> <span class='ocrx_word' id='word_1_308' title='bbox 3141 1758 3170 1809; x_wconf 90' lang='lat'><strong>6</strong></span> <span class='ocrx_word' id='word_1_309' title='bbox 3204 1757 3399 1828; x_wconf 78' lang='grc' dir='ltr'>δῆμος,</span> <span class='ocrx_word' id='word_1_310' title='bbox 3427 1756 3494 1826; x_wconf 80' lang='grc' dir='ltr'>ἣν</span> <span class='ocrx_word' id='word_1_311' title='bbox 3527 1772 3634 1826; x_wconf 90' lang='grc' dir='ltr'>μα-</span> 
     </span>
    </p>
   </div>
   <div class='ocr_carea' id='block_1_48' title="bbox 2054 1847 3157 1919">
    <p class='ocr_par' dir='ltr' id='par_1_48' title="bbox 2054 1847 3157 1919">
     <span class='ocr_line' id='line_1_48' title="bbox 2054 1847 3157 1919; baseline -0.005 -14"><span class='ocrx_word' id='word_1_312' title='bbox 2054 1855 2187 1908; x_wconf 84' lang='grc' dir='ltr'>νῶσι</span> <span class='ocrx_word' id='word_1_313' title='bbox 2210 1869 2223 1882; x_wconf 89' lang='grc'><strong>·</strong></span> <span class='ocrx_word' id='word_1_314' title='bbox 2258 1854 2327 1906; x_wconf 84' lang='grc' dir='ltr'><strong>Σὲ</strong></span> <span class='ocrx_word' id='word_1_315' title='bbox 2357 1853 2435 1912; x_wconf 86' lang='grc' dir='ltr'>δέ.</span> <span class='ocrx_word' id='word_1_316' title='bbox 2469 1847 2648 1916; x_wconf 76' lang='grc' dir='ltr'>εἶπεν,</span> <span class='ocrx_word' id='word_1_317' title='bbox 2682 1850 2748 1905; x_wconf 78' lang='grc' dir='ltr'>ἂν</span> <span class='ocrx_word' id='word_1_318' title='bbox 2782 1848 3157 1919; x_wconf 83' lang='grc' dir='ltr'>σωφρονῶσιν.</span> 
     </span>
    </p>
   </div>
   <div class='ocr_carea' id='block_1_49' title="bbox 2125 1933 3633 2011">
    <p class='ocr_par' dir='ltr' id='par_1_49' title="bbox 2125 1933 3633 2011">
     <span class='ocr_line' id='line_1_49' title="bbox 2125 1933 3633 2011; baseline -0.009 -11"><span class='ocrx_word' id='word_1_319' title='bbox 2125 1949 2346 2000; x_wconf 74' lang='grc' dir='ltr'>Πλουτ.</span> <span class='ocrx_word' id='word_1_320' title='bbox 2375 1943 2598 1997; x_wconf 75' lang='grc' dir='ltr'>-Οὖτε</span> <span class='ocrx_word' id='word_1_321' title='bbox 2632 1945 2695 1996; x_wconf 84' lang='grc' dir='ltr'><strong>ἐκ</strong></span> <span class='ocrx_word' id='word_1_322' title='bbox 2721 1941 2817 1994; x_wconf 85' lang='grc' dir='ltr'><strong>τοῦ</strong></span> <span class='ocrx_word' id='word_1_323' title='bbox 2849 1941 3056 2011; x_wconf 89' lang='grc' dir='ltr'>κόσμου</span> <span class='ocrx_word' id='word_1_324' title='bbox 3087 1939 3178 1992; x_wconf 81' lang='grc' dir='ltr'><strong>τὸν</strong></span> <span class='ocrx_word' id='word_1_325' title='bbox 3207 1938 3385 2008; x_wconf 71' lang='grc' dir='ltr'>ἥλιον,</span> <span class='ocrx_word' id='word_1_326' title='bbox 3411 1933 3538 1989; x_wconf 73' lang='grc' dir='ltr'>οὔτε</span> <span class='ocrx_word' id='word_1_327' title='bbox 3568 1935 3633 1989; x_wconf 81' lang='grc' dir='ltr'><strong>ἐκ</strong></span> 
     </span>
    </p>
   </div>
   <div class='ocr_carea' id='block_1_50' title="bbox 2055 2035 2938 2110">
    <p class='ocr_par' dir='ltr' id='par_1_50' title="bbox 2055 2035 2938 2110">
     <span class='ocr_line' id='line_1_50' title="bbox 2055 2035 2938 2110; baseline -0.009 -15"><span class='ocrx_word' id='word_1_328' title='bbox 2055 2041 2152 2110; x_wconf 81' lang='grc' dir='ltr'>τῆς</span> <span class='ocrx_word' id='word_1_329' title='bbox 2178 2039 2395 2110; x_wconf 83' lang='grc' dir='ltr'>ὁμιλίας</span> <span class='ocrx_word' id='word_1_330' title='bbox 2426 2039 2522 2110; x_wconf 82' lang='grc' dir='ltr'><strong>τὴν</strong></span> <span class='ocrx_word' id='word_1_331' title='bbox 2547 2035 2885 2108; x_wconf 77' lang='grc' dir='ltr'>παρρησίαν.</span> <span class='ocrx_word' id='word_1_332' title='bbox 2934 2039 2938 2042; x_wconf 66' lang='grc'><strong><em>⁷</em></strong></span> 
     </span>
    </p>
   </div>
   <div class='ocr_carea' id='block_1_51' title="bbox 2127 2119 3634 2200">
    <p class='ocr_par' dir='ltr' id='par_1_51' title="bbox 2127 2119 3634 2200">
     <span class='ocr_line' id='line_1_51' title="bbox 2127 2119 3634 2200; baseline -0.009 -15"><span class='ocrx_word' id='word_1_333' title='bbox 2127 2132 2414 2200; x_wconf 79' lang='grc' dir='ltr'>Ξενόχαρ.</span> <span class='ocrx_word' id='word_1_334' title='bbox 2438 2161 2509 2172; x_wconf 93' lang='grc'><strong>-</strong></span> <span class='ocrx_word' id='word_1_335' title='bbox 2534 2129 2830 2197; x_wconf 83' lang='grc' dir='ltr'>Ξενόχαρις</span> <span class='ocrx_word' id='word_1_336' title='bbox 2879 2127 2908 2178; x_wconf 89' lang='lat'><strong>6</strong></span> <span class='ocrx_word' id='word_1_337' title='bbox 2959 2123 3252 2193; x_wconf 78' lang='grc' dir='ltr'>φιλόσοφος</span> <span class='ocrx_word' id='word_1_338' title='bbox 3283 2162 3297 2187; x_wconf 78' lang='lat'><strong>,</strong></span> <span class='ocrx_word' id='word_1_339' title='bbox 3338 2119 3634 2192; x_wconf 75' lang='grc' dir='ltr'>ἐρωτηθεὶς</span> 
     </span>
    </p>
   </div>
   <div class='ocr_carea' id='block_1_52' title="bbox 2058 2205 3635 2290">
    <p class='ocr_par' dir='ltr' id='par_1_52' title="bbox 2058 2205 3635 2290">
     <span class='ocr_line' id='line_1_52' title="bbox 2058 2205 3635 2290; baseline -0.009 -13"><span class='ocrx_word' id='word_1_340' title='bbox 2058 2205 2164 2278; x_wconf 81' lang='grc' dir='ltr'><strong>ὑπό</strong></span> <span class='ocrx_word' id='word_1_341' title='bbox 2209 2240 2354 2284; x_wconf 89' lang='grc' dir='ltr'>τινος</span> <span class='ocrx_word' id='word_1_342' title='bbox 2394 2220 2522 2290; x_wconf 85' lang='grc' dir='ltr'>περί</span> <span class='ocrx_word' id='word_1_343' title='bbox 2551 2237 2713 2273; x_wconf 88' lang='grc' dir='ltr'>τινων</span> <span class='ocrx_word' id='word_1_344' title='bbox 2741 2217 3004 2289; x_wconf 81' lang='grc' dir='ltr'>αἰσχρῶν,</span> <span class='ocrx_word' id='word_1_345' title='bbox 3036 2215 3131 2268; x_wconf 76' lang='grc' dir='ltr'>καὶ</span> <span class='ocrx_word' id='word_1_346' title='bbox 3159 2215 3233 2284; x_wconf 83' lang='grc' dir='ltr'>μὴ</span> <span class='ocrx_word' id='word_1_347' title='bbox 3267 2211 3635 2282; x_wconf 83' lang='grc' dir='ltr'>ἀποκρινόμε-</span> 
     </span>
    </p>
   </div>
   <div class='ocr_carea' id='block_1_53' title="bbox 2058 2299 3635 2379">
    <p class='ocr_par' dir='ltr' id='par_1_53' title="bbox 2058 2299 3635 2379">
     <span class='ocr_line' id='line_1_53' title="bbox 2058 2299 3635 2379; baseline -0.01 -11"><span class='ocrx_word' id='word_1_348' title='bbox 2058 2333 2178 2379; x_wconf 78' lang='grc' dir='ltr'>νος·</span> <span class='ocrx_word' id='word_1_349' title='bbox 2227 2312 2436 2367; x_wconf 88' lang='grc' dir='ltr'>ἐκείνου</span> <span class='ocrx_word' id='word_1_350' title='bbox 2471 2311 2528 2364; x_wconf 84' lang='grc' dir='ltr'>δὲ</span> <span class='ocrx_word' id='word_1_351' title='bbox 2558 2310 2828 2373; x_wconf 84' lang='grc' dir='ltr'>εἰπόντος,</span> <span class='ocrx_word' id='word_1_352' title='bbox 2873 2307 2940 2359; x_wconf 87' lang='grc' dir='ltr'>Τί</span> <span class='ocrx_word' id='word_1_353' title='bbox 2974 2306 3221 2374; x_wconf 77' lang='grc' dir='ltr'>σιωπᾷςς</span> <span class='ocrx_word' id='word_1_354' title='bbox 3274 2303 3410 2373; x_wconf 72' lang='grc' dir='ltr'>Περὶ</span> <span class='ocrx_word' id='word_1_355' title='bbox 3454 2299 3635 2353; x_wconf 80' lang='grc' dir='ltr'>τοιού-</span> 
     </span>
    </p>
   </div>
   <div class='ocr_carea' id='block_1_54' title="bbox 2057 2390 3636 2477">
    <p class='ocr_par' dir='ltr' id='par_1_54' title="bbox 2057 2390 3636 2477">
     <span class='ocr_line' id='line_1_54' title="bbox 2057 2390 3636 2477; baseline -0.012 -14"><span class='ocrx_word' id='word_1_356' title='bbox 2057 2427 2185 2473; x_wconf 87' lang='grc' dir='ltr'>των,</span> <span class='ocrx_word' id='word_1_357' title='bbox 2219 2407 2346 2477; x_wconf 78' lang='grc' dir='ltr'>ἐφη,</span> <span class='ocrx_word' id='word_1_358' title='bbox 2379 2405 2463 2457; x_wconf 69' lang='grc' dir='ltr'><strong>σοὶ</strong></span> <span class='ocrx_word' id='word_1_359' title='bbox 2495 2404 2593 2475; x_wconf 77' lang='grc' dir='ltr'><strong>μὲν</strong></span> <span class='ocrx_word' id='word_1_360' title='bbox 2617 2402 2849 2473; x_wconf 83' lang='grc' dir='ltr'>ἐρωτᾷν,</span> <span class='ocrx_word' id='word_1_361' title='bbox 2883 2399 3008 2470; x_wconf 72' lang='grc' dir='ltr'>ἐμοὶ</span> <span class='ocrx_word' id='word_1_362' title='bbox 3034 2397 3090 2450; x_wconf 86' lang='grc' dir='ltr'>δὲ</span> <span class='ocrx_word' id='word_1_363' title='bbox 3124 2395 3200 2468; x_wconf 82' lang='grc' dir='ltr'>μὴ</span> <span class='ocrx_word' id='word_1_364' title='bbox 3229 2390 3636 2464; x_wconf 86' lang='grc' dir='ltr'>ἀποκρίνασθαι</span> 
     </span>
    </p>
   </div>
   <div class='ocr_carea' id='block_1_55' title="bbox 2060 2501 2282 2572">
    <p class='ocr_par' dir='ltr' id='par_1_55' title="bbox 2060 2501 2282 2572">
     <span class='ocr_line' id='line_1_55' title="bbox 2060 2501 2282 2572; baseline 0 -18"><span class='ocrx_word' id='word_1_365' title='bbox 2060 2501 2282 2572; x_wconf 72' lang='grc' dir='ltr'>πρέπει.</span> 
     </span>
    </p>
   </div>
   <div class='ocr_carea' id='block_1_56' title="bbox 2150 2573 3635 2661">
    <p class='ocr_par' dir='ltr' id='par_1_56' title="bbox 2150 2573 3635 2661">
     <span class='ocr_line' id='line_1_56' title="bbox 2150 2573 3635 2661; baseline -0.014 -13"><span class='ocrx_word' id='word_1_366' title='bbox 2150 2586 2437 2661; x_wconf 82' lang='grc' dir='ltr'>Ἰσοκρὰτ.</span> <span class='ocrx_word' id='word_1_367' title='bbox 2466 2617 2539 2630; x_wconf 88' lang='lat'><strong>-—-</strong></span> <span class='ocrx_word' id='word_1_368' title='bbox 2570 2587 2724 2641; x_wconf 83' lang='grc' dir='ltr'>Δίδου</span> <span class='ocrx_word' id='word_1_369' title='bbox 2757 2581 3075 2656; x_wconf 80' lang='grc' dir='ltr'>παρῤησίαν</span> <span class='ocrx_word' id='word_1_370' title='bbox 3101 2583 3214 2642; x_wconf 83' lang='grc' dir='ltr'>τοῖς</span> <span class='ocrx_word' id='word_1_371' title='bbox 3237 2574 3297 2632; x_wconf 84' lang='grc' dir='ltr'><strong>εῦ</strong></span> <span class='ocrx_word' id='word_1_372' title='bbox 3321 2573 3635 2661; x_wconf 77' lang='grc' dir='ltr'>φρονοῦσιν,</span> 
     </span>
    </p>
   </div>
   <div class='ocr_carea' id='block_1_57' title="bbox 2061 2657 3640 2778">
    <p class='ocr_par' dir='ltr' id='par_1_57' title="bbox 2061 2657 3640 2778">
     <span class='ocr_line' id='line_1_57' title="bbox 2061 2657 3640 2778; baseline -0.013 -37"><span class='ocrx_word' id='word_1_373' title='bbox 2061 2689 2148 2741; x_wconf 84' lang='grc' dir='ltr'>ἵνα</span> <span class='ocrx_word' id='word_1_374' title='bbox 2196 2657 2326 2755; x_wconf 52' lang='grc' dir='ltr'>περι</span> <span class='ocrx_word' id='word_1_375' title='bbox 2376 2677 2450 2778; x_wconf 55' lang='grc' dir='ltr'><strong>(ἓν</strong></span> <span class='ocrx_word' id='word_1_376' title='bbox 2505 2677 2840 2751; x_wconf 82' lang='grc' dir='ltr'>ἀμφιγνοίης</span> <span class='ocrx_word' id='word_1_377' title='bbox 2874 2716 2890 2743; x_wconf 94' lang='grc'><strong>,</strong></span> <span class='ocrx_word' id='word_1_378' title='bbox 2941 2675 3070 2745; x_wconf 76' lang='grc' dir='ltr'>ἔχῃς</span> <span class='ocrx_word' id='word_1_379' title='bbox 3126 2673 3256 2735; x_wconf 81' lang='grc' dir='ltr'>τοὺς</span> <span class='ocrx_word' id='word_1_380' title='bbox 3311 2657 3640 2738; x_wconf 82' lang='grc' dir='ltr'>συνδοκιμά-</span> 
     </span>
    </p>
   </div>
   <div class='ocr_carea' id='block_1_58' title="bbox 2063 2792 2274 2839">
    <p class='ocr_par' dir='ltr' id='par_1_58' title="bbox 2063 2792 2274 2839">
     <span class='ocr_line' id='line_1_58' title="bbox 2063 2792 2274 2839; baseline -0.009 -8"><span class='ocrx_word' id='word_1_381' title='bbox 2063 2792 2274 2839; x_wconf 86' lang='grc' dir='ltr'>σοντας.</span> 
     </span>
    </p>
   </div>
   <div class='ocr_carea' id='block_1_59' title="bbox 2097 2845 3640 2936">
    <p class='ocr_par' dir='ltr' id='par_1_59' title="bbox 2097 2845 3640 2936">
     <span class='ocr_line' id='line_1_59' title="bbox 2097 2845 3640 2936; baseline -0.015 -14"><span class='ocrx_word' id='word_1_382' title='bbox 2097 2924 2106 2936; x_wconf 72' lang='grc'><strong>,</strong></span> <span class='ocrx_word' id='word_1_383' title='bbox 2135 2858 2868 2936; x_wconf 84' lang='grc' dir='ltr'>Δημοκρίτ.-Δημοκρίτου</span> <span class='ocrx_word' id='word_1_384' title='bbox 2903 2851 3301 2925; x_wconf 77' lang='grc' dir='ltr'>πρεσϐεύοντός</span> <span class='ocrx_word' id='word_1_385' title='bbox 3335 2866 3467 2904; x_wconf 89' lang='grc' dir='ltr'>ποτε</span> <span class='ocrx_word' id='word_1_386' title='bbox 3492 2845 3640 2917; x_wconf 77' lang='grc' dir='ltr'>ὑπὲρ</span> 
     </span>
    </p>
   </div>
   <div class='ocr_carea' id='block_1_60' title="bbox 377 2942 1955 3035">
    <p class='ocr_par' dir='ltr' id='par_1_60' title="bbox 377 2957 1955 3032">
     <span class='ocr_line' id='line_1_60' title="bbox 377 2957 1955 3032; baseline -0.005 -14"><span class='ocrx_word' id='word_1_387' title='bbox 377 2965 482 3019; x_wconf 86' lang='lat' dir='ltr'><strong>bus</strong></span> <span class='ocrx_word' id='word_1_388' title='bbox 539 2961 686 3032; x_wconf 90' lang='lat' dir='ltr'><strong>apud</strong></span> <span class='ocrx_word' id='word_1_389' title='bbox 761 2960 1080 3030; x_wconf 86' lang='lat' dir='ltr'><strong>Philippum</strong></span> <span class='ocrx_word' id='word_1_390' title='bbox 1132 2959 1408 3029; x_wconf 83' lang='lat' dir='ltr'><strong>legatione</strong></span> <span class='ocrx_word' id='word_1_391' title='bbox 1464 2957 1833 3028; x_wconf 79' lang='lat' dir='ltr'><strong>fungeretur,</strong></span> <span class='ocrx_word' id='word_1_392' title='bbox 1895 2971 1955 3010; x_wconf 91' lang='lat' dir='ltr'><strong>ac</strong></span> 
     </span>
    </p>
   </div>
   <div class='ocr_carea' id='block_1_61' title="bbox 2087 2942 3641 3035">
    <p class='ocr_par' dir='ltr' id='par_1_61' title="bbox 2087 2942 3641 3034">
     <span class='ocr_line' id='line_1_61' title="bbox 2087 2942 3641 3034; baseline -0.016 -15"><span class='ocrx_word' id='word_1_393' title='bbox 2087 2963 2377 3034; x_wconf 86' lang='grc' dir='ltr'>Ἀθηναίων</span> <span class='ocrx_word' id='word_1_394' title='bbox 2412 2959 2548 3026; x_wconf 78' lang='grc' dir='ltr'>πρὸς</span> <span class='ocrx_word' id='word_1_395' title='bbox 2578 2955 2844 3008; x_wconf 81' lang='grc' dir='ltr'>Φίλιππον</span> <span class='ocrx_word' id='word_1_396' title='bbox 2865 2993 2880 3016; x_wconf 89' lang='grc'><strong>,</strong></span> <span class='ocrx_word' id='word_1_397' title='bbox 2932 2951 3028 3004; x_wconf 73' lang='grc' dir='ltr'><strong>καὶ</strong></span> <span class='ocrx_word' id='word_1_398' title='bbox 3063 2947 3347 3020; x_wconf 74' lang='grc' dir='ltr'>παρρησίᾳ</span> <span class='ocrx_word' id='word_1_399' title='bbox 3388 2942 3641 3012; x_wconf 83' lang='grc' dir='ltr'>διαλεγο-</span> 
     </span>
    </p>
   </div>
   <div class='ocr_carea' id='block_1_62' title="bbox 376 3047 1958 3122">
    <p class='ocr_par' dir='ltr' id='par_1_62' title="bbox 376 3047 1958 3122">
     <span class='ocr_line' id='line_1_62' title="bbox 376 3047 1958 3122; baseline -0.005 -14"><span class='ocrx_word' id='word_1_400' title='bbox 376 3053 615 3109; x_wconf 91' lang='lat' dir='ltr'><strong>liberius</strong></span> <span class='ocrx_word' id='word_1_401' title='bbox 658 3052 1002 3121; x_wconf 89' lang='lat' dir='ltr'><strong>loqueretur,</strong></span> <span class='ocrx_word' id='word_1_402' title='bbox 1056 3049 1124 3104; x_wconf 87' lang='lat' dir='ltr'><strong>ad</strong></span> <span class='ocrx_word' id='word_1_403' title='bbox 1165 3065 1292 3104; x_wconf 91' lang='lat' dir='ltr'><strong>eum</strong></span> <span class='ocrx_word' id='word_1_404' title='bbox 1333 3048 1618 3122; x_wconf 87' lang='lat' dir='ltr'><strong>Philippus</strong></span> <span class='ocrx_word' id='word_1_405' title='bbox 1654 3065 1666 3101; x_wconf 91' lang='lat'><strong>:</strong></span> <span class='ocrx_word' id='word_1_406' title='bbox 1696 3047 1958 3116; x_wconf 91' lang='lat' dir='ltr'><strong>Nunquid</strong></span> 
     </span>
    </p>
   </div>
   <div class='ocr_carea' id='block_1_63' title="bbox 378 3139 1958 3212">
    <p class='ocr_par' dir='ltr' id='par_1_63' title="bbox 378 3139 1958 3212">
     <span class='ocr_line' id='line_1_63' title="bbox 378 3139 1958 3212; baseline -0.003 -14"><span class='ocrx_word' id='word_1_407' title='bbox 378 3145 541 3198; x_wconf 88' lang='lat' dir='ltr'><strong>times</strong></span> <span class='ocrx_word' id='word_1_408' title='bbox 594 3157 664 3196; x_wconf 91' lang='lat' dir='ltr'><strong>ne</strong></span> <span class='ocrx_word' id='word_1_409' title='bbox 719 3141 819 3195; x_wconf 91' lang='lat' dir='ltr'><strong>tibi</strong></span> <span class='ocrx_word' id='word_1_410' title='bbox 871 3147 1038 3210; x_wconf 88' lang='lat' dir='ltr'><strong>caput</strong></span> <span class='ocrx_word' id='word_1_411' title='bbox 1084 3141 1307 3212; x_wconf 86' lang='lat' dir='ltr'><strong>jubeam</strong></span> <span class='ocrx_word' id='word_1_412' title='bbox 1345 3139 1764 3208; x_wconf 88' lang='lat' dir='ltr'><strong>amputari?Ad</strong></span> <span class='ocrx_word' id='word_1_413' title='bbox 1794 3155 1958 3208; x_wconf 88' lang='lat' dir='ltr'><strong>quem</strong></span> 
     </span>
    </p>
   </div>
   <div class='ocr_carea' id='block_1_64' title="bbox 381 3230 1958 3302">
    <p class='ocr_par' dir='ltr' id='par_1_64' title="bbox 381 3230 1958 3302">
     <span class='ocr_line' id='line_1_64' title="bbox 381 3230 1958 3302; baseline -0.002 -15"><span class='ocrx_word' id='word_1_414' title='bbox 381 3233 474 3288; x_wconf 88' lang='lat' dir='ltr'><strong>ille</strong></span> <span class='ocrx_word' id='word_1_415' title='bbox 507 3233 715 3294; x_wconf 86' lang='lat' dir='ltr'><strong>:Nihil,</strong></span> <span class='ocrx_word' id='word_1_416' title='bbox 749 3232 1006 3302; x_wconf 91' lang='lat' dir='ltr'><strong>inquam;</strong></span> <span class='ocrx_word' id='word_1_417' title='bbox 1037 3247 1163 3286; x_wconf 91' lang='lat' dir='ltr'><strong>nam</strong></span> <span class='ocrx_word' id='word_1_418' title='bbox 1190 3231 1236 3286; x_wconf 93' lang='lat' dir='ltr'><strong>si</strong></span> <span class='ocrx_word' id='word_1_419' title='bbox 1265 3239 1429 3300; x_wconf 88' lang='lat' dir='ltr'><strong>caput</strong></span> <span class='ocrx_word' id='word_1_420' title='bbox 1450 3231 1762 3295; x_wconf 87' lang='lat' dir='ltr'><strong>abstuleris,</strong></span> <span class='ocrx_word' id='word_1_421' title='bbox 1785 3230 1958 3300; x_wconf 90' lang='lat' dir='ltr'><strong>patria</strong></span> 
     </span>
    </p>
   </div>
   <div class='ocr_carea' id='block_1_65' title="bbox 377 3321 1358 3392">
    <p class='ocr_par' dir='ltr' id='par_1_65' title="bbox 377 3321 1358 3392">
     <span class='ocr_line' id='line_1_65' title="bbox 377 3321 1358 3392; baseline -0.001 -15"><span class='ocrx_word' id='word_1_422' title='bbox 377 3325 559 3392; x_wconf 88' lang='lat' dir='ltr'><strong>ipsum</strong></span> <span class='ocrx_word' id='word_1_423' title='bbox 594 3321 730 3376; x_wconf 90' lang='lat' dir='ltr'><strong>mihi</strong></span> <span class='ocrx_word' id='word_1_424' title='bbox 765 3322 1077 3376; x_wconf 90' lang='lat' dir='ltr'><strong>immortale</strong></span> <span class='ocrx_word' id='word_1_425' title='bbox 1107 3329 1358 3391; x_wconf 85' lang='lat' dir='ltr'><strong>reponet.</strong></span> 
     </span>
    </p>
   </div>
   <div class='ocr_carea' id='block_1_66' title="bbox 447 3411 1961 3485">
    <p class='ocr_par' dir='ltr' id='par_1_66' title="bbox 447 3411 1961 3485">
     <span class='ocr_line' id='line_1_66' title="bbox 447 3411 1961 3485; baseline -0.002 -18"><span class='ocrx_word' id='word_1_426' title='bbox 447 3412 784 3485; x_wconf 72' lang='lat' dir='ltr'><strong>Pythagoraz.</strong></span> <span class='ocrx_word' id='word_1_427' title='bbox 817 3421 887 3452; x_wconf 78' lang='lat'><strong>-—‘</strong></span> <span class='ocrx_word' id='word_1_428' title='bbox 910 3413 1137 3468; x_wconf 90' lang='lat' dir='ltr'><strong>Dicente</strong></span> <span class='ocrx_word' id='word_1_429' title='bbox 1165 3411 1404 3482; x_wconf 90' lang='lat' dir='ltr'><strong>quodam</strong></span> <span class='ocrx_word' id='word_1_430' title='bbox 1443 3430 1454 3464; x_wconf 92' lang='lat'><strong>:</strong></span> <span class='ocrx_word' id='word_1_431' title='bbox 1487 3411 1658 3466; x_wconf 85' lang='lat' dir='ltr'><strong>Valde</strong></span> <span class='ocrx_word' id='word_1_432' title='bbox 1699 3426 1788 3465; x_wconf 91' lang='lat' dir='ltr'><strong>me</strong></span> <span class='ocrx_word' id='word_1_433' title='bbox 1830 3425 1961 3480; x_wconf 59' lang='lat' dir='ltr'><strong>pero</strong></span> 
     </span>
    </p>
   </div>
   <div class='ocr_carea' id='block_1_67' title="bbox 379 3501 1960 3578">
    <p class='ocr_par' dir='ltr' id='par_1_67' title="bbox 379 3501 1960 3578">
     <span class='ocr_line' id='line_1_67' title="bbox 379 3501 1960 3578; baseline -0.004 -16"><span class='ocrx_word' id='word_1_434' title='bbox 379 3507 606 3577; x_wconf 77' lang='lat' dir='ltr'><strong>stringis</strong></span> <span class='ocrx_word' id='word_1_435' title='bbox 641 3507 1009 3578; x_wconf 82' lang='lat' dir='ltr'><strong>suggillasque</strong></span> <span class='ocrx_word' id='word_1_436' title='bbox 1041 3523 1055 3559; x_wconf 88' lang='lat'><strong>:</strong></span> <span class='ocrx_word' id='word_1_437' title='bbox 1083 3504 1248 3569; x_wconf 88' lang='lat' dir='ltr'><strong>Sane,</strong></span> <span class='ocrx_word' id='word_1_438' title='bbox 1282 3503 1493 3574; x_wconf 89' lang='lat' dir='ltr'><strong>inquit;</strong></span> <span class='ocrx_word' id='word_1_439' title='bbox 1538 3519 1663 3557; x_wconf 88' lang='lat' dir='ltr'><strong>nam</strong></span> <span class='ocrx_word' id='word_1_440' title='bbox 1701 3501 1960 3571; x_wconf 89' lang='lat' dir='ltr'><strong>splenicis</strong></span> 
     </span>
    </p>
   </div>
   <div class='ocr_carea' id='block_1_68' title="bbox 378 3594 1959 3668">
    <p class='ocr_par' dir='ltr' id='par_1_68' title="bbox 378 3594 1959 3668">
     <span class='ocr_line' id='line_1_68' title="bbox 378 3594 1959 3668; baseline -0.003 -16"><span class='ocrx_word' id='word_1_441' title='bbox 378 3613 571 3668; x_wconf 87' lang='lat' dir='ltr'><strong>aspera</strong></span> <span class='ocrx_word' id='word_1_442' title='bbox 598 3604 832 3668; x_wconf 88' lang='lat' dir='ltr'><strong>prosunt</strong></span> <span class='ocrx_word' id='word_1_443' title='bbox 883 3605 1049 3666; x_wconf 91' lang='lat' dir='ltr'><strong>atque</strong></span> <span class='ocrx_word' id='word_1_444' title='bbox 1107 3606 1328 3652; x_wconf 90' lang='lat' dir='ltr'><strong>austera</strong></span> <span class='ocrx_word' id='word_1_445' title='bbox 1380 3603 1436 3651; x_wconf 89' lang='lat' dir='ltr'><strong>et</strong></span> <span class='ocrx_word' id='word_1_446' title='bbox 1485 3595 1722 3660; x_wconf 90' lang='lat' dir='ltr'><strong>acerba,</strong></span> <span class='ocrx_word' id='word_1_447' title='bbox 1778 3594 1959 3650; x_wconf 85' lang='lat' dir='ltr'><strong>dulcia</strong></span> 
     </span>
    </p>
   </div>
   <div class='ocr_carea' id='block_1_69' title="bbox 377 3691 881 3746">
    <p class='ocr_par' dir='ltr' id='par_1_69' title="bbox 377 3691 881 3746">
     <span class='ocr_line' id='line_1_69' title="bbox 377 3691 881 3746; baseline 0 -3"><span class='ocrx_word' id='word_1_448' title='bbox 377 3706 510 3745; x_wconf 88' lang='lat' dir='ltr'><strong>vero</strong></span> <span class='ocrx_word' id='word_1_449' title='bbox 546 3691 708 3745; x_wconf 83' lang='lat' dir='ltr'><strong>noxia</strong></span> <span class='ocrx_word' id='word_1_450' title='bbox 733 3702 881 3746; x_wconf 88' lang='lat' dir='ltr'><strong>sunt.</strong></span> 
     </span>
    </p>
   </div>
   <div class='ocr_carea' id='block_1_70' title="bbox 449 3775 1961 3849">
    <p class='ocr_par' dir='ltr' id='par_1_70' title="bbox 449 3775 1961 3849">
     <span class='ocr_line' id='line_1_70' title="bbox 449 3775 1961 3849; baseline -0.003 -16"><span class='ocrx_word' id='word_1_451' title='bbox 449 3778 676 3849; x_wconf 77' lang='lat' dir='ltr'><strong>Epicteti</strong></span> <span class='ocrx_word' id='word_1_452' title='bbox 701 3789 749 3833; x_wconf 85' lang='lat' dir='ltr'><strong>et</strong></span> <span class='ocrx_word' id='word_1_453' title='bbox 789 3779 1056 3834; x_wconf 80' lang='lat' dir='ltr'><strong>Isocratis.</strong></span> <span class='ocrx_word' id='word_1_454' title='bbox 1084 3810 1154 3819; x_wconf 85' lang='lat'><strong>—-</strong></span> <span class='ocrx_word' id='word_1_455' title='bbox 1181 3778 1371 3848; x_wconf 86' lang='lat' dir='ltr'><strong>Neque</strong></span> <span class='ocrx_word' id='word_1_456' title='bbox 1397 3775 1578 3847; x_wconf 83' lang='lat' dir='ltr'><strong>gladio</strong></span> <span class='ocrx_word' id='word_1_457' title='bbox 1607 3775 1826 3838; x_wconf 88' lang='lat' dir='ltr'><strong>obtuso,</strong></span> <span class='ocrx_word' id='word_1_458' title='bbox 1858 3788 1961 3828; x_wconf 91' lang='lat' dir='ltr'><strong>ne-</strong></span> 
     </span>
    </p>
   </div>
   <div class='ocr_carea' id='block_1_71' title="bbox 378 3864 1854 3939">
    <p class='ocr_par' dir='ltr' id='par_1_71' title="bbox 378 3864 1854 3939">
     <span class='ocr_line' id='line_1_71' title="bbox 378 3864 1854 3939; baseline -0.005 -16"><span class='ocrx_word' id='word_1_459' title='bbox 378 3879 500 3939; x_wconf 78' lang='lat' dir='ltr'><strong>que:</strong></span> <span class='ocrx_word' id='word_1_460' title='bbox 527 3868 843 3924; x_wconf 90' lang='lat' dir='ltr'><strong>inordinata</strong></span> <span class='ocrx_word' id='word_1_461' title='bbox 865 3869 1126 3924; x_wconf 88' lang='lat' dir='ltr'><strong>libertate</strong></span> <span class='ocrx_word' id='word_1_462' title='bbox 1161 3866 1426 3934; x_wconf 90' lang='lat' dir='ltr'><strong>loquendi</strong></span> <span class='ocrx_word' id='word_1_463' title='bbox 1456 3864 1723 3919; x_wconf 89' lang='lat' dir='ltr'><strong>utendum</strong></span> <span class='ocrx_word' id='word_1_464' title='bbox 1747 3872 1854 3917; x_wconf 88' lang='lat' dir='ltr'><strong>est.</strong></span> 
     </span>
    </p>
   </div>
   <div class='ocr_carea' id='block_1_72' title="bbox 449 3955 1961 4026">
    <p class='ocr_par' dir='ltr' id='par_1_72' title="bbox 449 3955 1961 4026">
     <span class='ocr_line' id='line_1_72' title="bbox 449 3955 1961 4026; baseline -0.005 -11"><span class='ocrx_word' id='word_1_465' title='bbox 449 3961 534 4015; x_wconf 73' lang='lat' dir='ltr'><strong>Ex</strong></span> <span class='ocrx_word' id='word_1_466' title='bbox 572 3961 810 4016; x_wconf 82' lang='lat' dir='ltr'><strong>Ariston.</strong></span> <span class='ocrx_word' id='word_1_467' title='bbox 840 3991 911 4000; x_wconf 93' lang='lat'><strong><em>—</em></strong></span> <span class='ocrx_word' id='word_1_468' title='bbox 955 3957 1438 4026; x_wconf 85' lang='lat' dir='ltr'><strong>Quemadmodum</strong></span> <span class='ocrx_word' id='word_1_469' title='bbox 1488 3956 1594 4010; x_wconf 91' lang='lat' dir='ltr'><strong>mel</strong></span> <span class='ocrx_word' id='word_1_470' title='bbox 1646 3955 1961 4010; x_wconf 79' lang='lat' dir='ltr'><strong>exulcerata</strong></span> 
     </span>
    </p>
   </div>
   <div class='ocr_carea' id='block_1_73' title="bbox 378 4051 1961 4124">
    <p class='ocr_par' dir='ltr' id='par_1_73' title="bbox 378 4051 1961 4124">
     <span class='ocr_line' id='line_1_73' title="bbox 378 4051 1961 4124; baseline -0.004 -17"><span class='ocrx_word' id='word_1_471' title='bbox 378 4053 543 4124; x_wconf 77' lang='lat'><strong>620</strong></span> <span class='ocrx_word' id='word_1_472' title='bbox 569 4051 805 4116; x_wconf 83' lang='lat' dir='ltr'><strong>mordet,</strong></span> <span class='ocrx_word' id='word_1_473' title='bbox 843 4051 912 4104; x_wconf 90' lang='lat' dir='ltr'><strong>iis</strong></span> <span class='ocrx_word' id='word_1_474' title='bbox 926 4058 1104 4104; x_wconf 87' lang='lat' dir='ltr'><strong>autem</strong></span> <span class='ocrx_word' id='word_1_475' title='bbox 1143 4063 1267 4118; x_wconf 72' lang='lat' dir='ltr'><strong>quae</strong></span> <span class='ocrx_word' id='word_1_476' title='bbox 1295 4057 1426 4102; x_wconf 91' lang='lat' dir='ltr'><strong>sunt</strong></span> <span class='ocrx_word' id='word_1_477' title='bbox 1456 4063 1524 4101; x_wconf 81' lang='lat' dir='ltr'><strong>ex</strong></span> <span class='ocrx_word' id='word_1_478' title='bbox 1546 4054 1767 4111; x_wconf 89' lang='lat' dir='ltr'><strong>natura,</strong></span> <span class='ocrx_word' id='word_1_479' title='bbox 1795 4061 1961 4101; x_wconf 89' lang='lat' dir='ltr'><strong>suave</strong></span> 
     </span>
    </p>
   </div>
   <div class='ocr_carea' id='block_1_74' title="bbox 379 4137 1852 4211">
    <p class='ocr_par' dir='ltr' id='par_1_74' title="bbox 379 4137 1852 4211">
     <span class='ocr_line' id='line_1_74' title="bbox 379 4137 1852 4211; baseline -0.004 -15"><span class='ocrx_word' id='word_1_480' title='bbox 379 4153 495 4208; x_wconf 87' lang='lat' dir='ltr'><strong>est;</strong></span> <span class='ocrx_word' id='word_1_481' title='bbox 549 4143 629 4197; x_wconf 94' lang='lat' dir='ltr'><strong>sic</strong></span> <span class='ocrx_word' id='word_1_482' title='bbox 661 4149 718 4196; x_wconf 91' lang='lat' dir='ltr'><strong>et</strong></span> <span class='ocrx_word' id='word_1_483' title='bbox 749 4141 1208 4211; x_wconf 89' lang='lat' dir='ltr'><strong>philosophorum</strong></span> <span class='ocrx_word' id='word_1_484' title='bbox 1251 4155 1436 4195; x_wconf 91' lang='lat' dir='ltr'><strong>sermo</strong></span> <span class='ocrx_word' id='word_1_485' title='bbox 1465 4153 1530 4193; x_wconf 91' lang='lat' dir='ltr'><strong>ac</strong></span> <span class='ocrx_word' id='word_1_486' title='bbox 1577 4137 1852 4193; x_wconf 89' lang='lat' dir='ltr'><strong>doctrina.</strong></span> 
     </span>
    </p>
   </div>
   <div class='ocr_carea' id='block_1_75' title="bbox 453 4229 1958 4303">
    <p class='ocr_par' dir='ltr' id='par_1_75' title="bbox 453 4229 1958 4303">
     <span class='ocr_line' id='line_1_75' title="bbox 453 4229 1958 4303; baseline -0.003 -15"><span class='ocrx_word' id='word_1_487' title='bbox 453 4232 689 4288; x_wconf 85' lang='lat' dir='ltr'><strong>Perinde</strong></span> <span class='ocrx_word' id='word_1_488' title='bbox 719 4232 873 4297; x_wconf 82' lang='lat' dir='ltr'><strong>facit,</strong></span> <span class='ocrx_word' id='word_1_489' title='bbox 899 4234 996 4303; x_wconf 91' lang='lat' dir='ltr'><strong>qui</strong></span> <span class='ocrx_word' id='word_1_490' title='bbox 1039 4248 1107 4287; x_wconf 80' lang='lat' dir='ltr'><strong>ex</strong></span> <span class='ocrx_word' id='word_1_491' title='bbox 1130 4232 1382 4286; x_wconf 87' lang='lat' dir='ltr'><strong>oratione</strong></span> <span class='ocrx_word' id='word_1_492' title='bbox 1432 4229 1747 4286; x_wconf 89' lang='lat' dir='ltr'><strong>libertatem</strong></span> <span class='ocrx_word' id='word_1_493' title='bbox 1794 4229 1958 4294; x_wconf 89' lang='lat' dir='ltr'><strong>tollit,</strong></span> 
     </span>
    </p>
   </div>
   <div class='ocr_carea' id='block_1_76' title="bbox 382 4321 1816 4402">
    <p class='ocr_par' dir='ltr' id='par_1_76' title="bbox 382 4321 1816 4402">
     <span class='ocr_line' id='line_1_76' title="bbox 382 4321 1816 4402; baseline -0.003 -22"><span class='ocrx_word' id='word_1_494' title='bbox 382 4341 446 4380; x_wconf 90' lang='lat' dir='ltr'><strong>ae</strong></span> <span class='ocrx_word' id='word_1_495' title='bbox 477 4325 522 4380; x_wconf 91' lang='lat' dir='ltr'><strong>si</strong></span> <span class='ocrx_word' id='word_1_496' title='bbox 551 4341 620 4380; x_wconf 79' lang='lat' dir='ltr'><strong>ex</strong></span> <span class='ocrx_word' id='word_1_497' title='bbox 652 4323 1325 4402; x_wconf 20' lang='lat' dir='ltr'><strong>absintliio&#39;acrimoniam</strong></span> <span class='ocrx_word' id='word_1_498' title='bbox 1367 4323 1639 4378; x_wconf 87' lang='lat' dir='ltr'><strong>sublatam</strong></span> <span class='ocrx_word' id='word_1_499' title='bbox 1664 4321 1816 4376; x_wconf 86' lang='lat' dir='ltr'><strong>velit.</strong></span> 
     </span>
    </p>
   </div>
   <div class='ocr_carea' id='block_1_77' title="bbox 451 4413 1962 4484">
    <p class='ocr_par' dir='ltr' id='par_1_77' title="bbox 451 4413 1962 4484">
     <span class='ocr_line' id='line_1_77' title="bbox 451 4413 1962 4484; baseline -0.005 -12"><span class='ocrx_word' id='word_1_500' title='bbox 451 4416 661 4472; x_wconf 74' lang='lat' dir='ltr'><strong>Herma:</strong></span> <span class='ocrx_word' id='word_1_501' title='bbox 711 4425 759 4470; x_wconf 84' lang='lat' dir='ltr'><strong>et</strong></span> <span class='ocrx_word' id='word_1_502' title='bbox 796 4415 1008 4470; x_wconf 81' lang='lat' dir='ltr'><strong>Isidori.</strong></span> <span class='ocrx_word' id='word_1_503' title='bbox 1041 4444 1111 4456; x_wconf 86' lang='lat'><strong>—-</strong></span> <span class='ocrx_word' id='word_1_504' title='bbox 1135 4413 1522 4484; x_wconf 76' lang='lat' dir='ltr'><strong>Reprehensio</strong></span> <span class='ocrx_word' id='word_1_505' title='bbox 1559 4413 1778 4483; x_wconf 82' lang='lat' dir='ltr'><strong>agnita,</strong></span> <span class='ocrx_word' id='word_1_506' title='bbox 1809 4428 1843 4466; x_wconf 90' lang='grc' dir='ltr'><strong>ο</strong></span> <span class='ocrx_word' id='word_1_507' title='bbox 1876 4429 1962 4466; x_wconf 90' lang='lat' dir='ltr'><strong>re-</strong></span> 
     </span>
    </p>
   </div>
   <div class='ocr_carea' id='block_1_78' title="bbox 383 4493 1961 4581">
    <p class='ocr_par' dir='ltr' id='par_1_78' title="bbox 383 4493 1961 4581">
     <span class='ocr_line' id='line_1_78' title="bbox 383 4493 1961 4581; baseline -0.004 -17"><span class='ocrx_word' id='word_1_508' title='bbox 383 4525 510 4581; x_wconf 79' lang='lat' dir='ltr'><strong>gum</strong></span> <span class='ocrx_word' id='word_1_509' title='bbox 539 4510 797 4575; x_wconf 86' lang='lat' dir='ltr'><strong>maxime,</strong></span> <span class='ocrx_word' id='word_1_510' title='bbox 823 4523 951 4564; x_wconf 91' lang='lat' dir='ltr'><strong>eum</strong></span> <span class='ocrx_word' id='word_1_511' title='bbox 984 4494 1080 4578; x_wconf 92' lang='lat' dir='ltr'><strong>qui</strong></span> <span class='ocrx_word' id='word_1_512' title='bbox 1115 4507 1187 4561; x_wconf 91' lang='lat' dir='ltr'><strong>sit</strong></span> <span class='ocrx_word' id='word_1_513' title='bbox 1238 4505 1632 4576; x_wconf 83' lang='lat' dir='ltr'><strong>reprehensus,</strong></span> <span class='ocrx_word' id='word_1_514' title='bbox 1674 4505 1743 4559; x_wconf 89' lang='lat' dir='ltr'><strong>ad</strong></span> <span class='ocrx_word' id='word_1_515' title='bbox 1767 4493 1961 4559; x_wconf 86' lang='lat' dir='ltr'><strong>eorum</strong></span> 
     </span>
    </p>
   </div>
   <div class='ocr_carea' id='block_1_79' title="bbox 2068 3037 3640 3127">
    <p class='ocr_par' dir='ltr' id='par_1_79' title="bbox 2068 3037 3640 3127">
     <span class='ocr_line' id='line_1_79' title="bbox 2068 3037 3640 3127; baseline -0.017 -17"><span class='ocrx_word' id='word_1_516' title='bbox 2068 3057 2231 3127; x_wconf 82' lang='grc' dir='ltr'>μένου</span> <span class='ocrx_word' id='word_1_517' title='bbox 2255 3071 2269 3087; x_wconf 82' lang='grc' dir='ltr'><strong><em>ο</em></strong></span> <span class='ocrx_word' id='word_1_518' title='bbox 2303 3055 2331 3106; x_wconf 93' lang='lat'><strong>6</strong></span> <span class='ocrx_word' id='word_1_519' title='bbox 2361 3051 2647 3110; x_wconf 84' lang='grc' dir='ltr'>Φίλιππος,</span> <span class='ocrx_word' id='word_1_520' title='bbox 2697 3046 2772 3098; x_wconf 84' lang='grc' dir='ltr'><strong>Οὐ</strong></span> <span class='ocrx_word' id='word_1_521' title='bbox 2801 3042 2967 3111; x_wconf 82' lang='grc' dir='ltr'>φοϐοῦ</span> <span class='ocrx_word' id='word_1_522' title='bbox 3007 3041 3081 3112; x_wconf 83' lang='grc' dir='ltr'><strong>μὴ</strong></span> <span class='ocrx_word' id='word_1_523' title='bbox 3110 3039 3207 3110; x_wconf 82' lang='grc' dir='ltr'><strong>τὴν</strong></span> <span class='ocrx_word' id='word_1_524' title='bbox 3237 3037 3482 3105; x_wconf 85' lang='grc' dir='ltr'>κεφαλήν</span> <span class='ocrx_word' id='word_1_525' title='bbox 3516 3050 3640 3127; x_wconf 75' lang='grc' dir='ltr'>σου,</span> 
     </span>
    </p>
   </div>
   <div class='ocr_carea' id='block_1_80' title="bbox 2063 3125 3645 3218">
    <p class='ocr_par' dir='ltr' id='par_1_80' title="bbox 2063 3125 3645 3218">
     <span class='ocr_line' id='line_1_80' title="bbox 2063 3125 3645 3218; baseline -0.016 -15"><span class='ocrx_word' id='word_1_526' title='bbox 2063 3125 2169 3218; x_wconf 61' lang='grc' dir='ltr'>ἔφη</span> <span class='ocrx_word' id='word_1_527' title='bbox 2194 3190 2210 3215; x_wconf 92' lang='grc'><strong>,</strong></span> <span class='ocrx_word' id='word_1_528' title='bbox 2260 3142 2551 3216; x_wconf 76' lang='grc' dir='ltr'>προστάξω</span> <span class='ocrx_word' id='word_1_529' title='bbox 2593 3134 2999 3207; x_wconf 79' lang='grc' dir='ltr'>ἀφαιρεθῆναι;</span> <span class='ocrx_word' id='word_1_530' title='bbox 3031 3133 3129 3196; x_wconf 83' lang='grc' dir='ltr'>Οὐ,</span> <span class='ocrx_word' id='word_1_531' title='bbox 3173 3130 3372 3201; x_wconf 63' lang='grc' dir='ltr'>φησίνξ</span> <span class='ocrx_word' id='word_1_532' title='bbox 3403 3128 3498 3181; x_wconf 78' lang='grc' dir='ltr'>ἐὰν</span> <span class='ocrx_word' id='word_1_533' title='bbox 3531 3125 3645 3196; x_wconf 81' lang='grc' dir='ltr'>γὰρ</span> 
     </span>
    </p>
   </div>
   <div class='ocr_carea' id='block_1_81' title="bbox 2066 3218 3646 3309">
    <p class='ocr_par' dir='ltr' id='par_1_81' title="bbox 2066 3218 3646 3309">
     <span class='ocr_line' id='line_1_81' title="bbox 2066 3218 3646 3309; baseline -0.015 -13"><span class='ocrx_word' id='word_1_534' title='bbox 2066 3241 2130 3296; x_wconf 86' lang='grc' dir='ltr'><strong>σύ</strong></span> <span class='ocrx_word' id='word_1_535' title='bbox 2175 3257 2276 3309; x_wconf 90' lang='grc' dir='ltr'><strong>μου</strong></span> <span class='ocrx_word' id='word_1_536' title='bbox 2316 3235 2523 3305; x_wconf 83' lang='grc' dir='ltr'>ταύτην</span> <span class='ocrx_word' id='word_1_537' title='bbox 2567 3229 2807 3300; x_wconf 79' lang='grc' dir='ltr'>ἀφέλῃς,</span> <span class='ocrx_word' id='word_1_538' title='bbox 2843 3227 2878 3298; x_wconf 84' lang='grc' dir='ltr'><strong>ή</strong></span> <span class='ocrx_word' id='word_1_539' title='bbox 2921 3223 3119 3297; x_wconf 86' lang='grc' dir='ltr'>πατρίς</span> <span class='ocrx_word' id='word_1_540' title='bbox 3173 3240 3262 3293; x_wconf 86' lang='grc' dir='ltr'><strong>μοι</strong></span> <span class='ocrx_word' id='word_1_541' title='bbox 3298 3220 3468 3291; x_wconf 76' lang='grc' dir='ltr'>αὐτὴν</span> <span class='ocrx_word' id='word_1_542' title='bbox 3502 3218 3646 3273; x_wconf 82' lang='grc' dir='ltr'>ἀθά-</span> 
     </span>
    </p>
   </div>
   <div class='ocr_carea' id='block_1_82' title="bbox 2063 3323 3658 3398">
    <p class='ocr_par' dir='ltr' id='par_1_82' title="bbox 2063 3323 3658 3398">
     <span class='ocr_line' id='line_1_82' title="bbox 2063 3323 3658 3398; baseline -0.017 -10"><span class='ocrx_word' id='word_1_543' title='bbox 2063 3350 2222 3388; x_wconf 88' lang='grc' dir='ltr'>νατον</span> <span class='ocrx_word' id='word_1_544' title='bbox 2252 3330 2540 3398; x_wconf 85' lang='grc' dir='ltr'>ἀναθήσει.</span> <span class='ocrx_word' id='word_1_545' title='bbox 3655 3323 3658 3327; x_wconf 86' lang='grc'>·</span> 
     </span>
    </p>
   </div>
   <div class='ocr_carea' id='block_1_83' title="bbox 2136 3403 3641 3492">
    <p class='ocr_par' dir='ltr' id='par_1_83' title="bbox 2136 3403 3641 3492">
     <span class='ocr_line' id='line_1_83' title="bbox 2136 3403 3641 3492; baseline -0.017 -13"><span class='ocrx_word' id='word_1_546' title='bbox 2136 3420 2727 3492; x_wconf 73' lang='grc' dir='ltr'>Πυθαγ.-Φήσαντός</span> <span class='ocrx_word' id='word_1_547' title='bbox 2757 3435 2926 3481; x_wconf 88' lang='grc' dir='ltr'>τινος,</span> <span class='ocrx_word' id='word_1_548' title='bbox 2954 3414 3093 3468; x_wconf 80' lang='grc' dir='ltr'>Δίαν</span> <span class='ocrx_word' id='word_1_549' title='bbox 3127 3426 3217 3480; x_wconf 88' lang='grc' dir='ltr'><strong>μοι</strong></span> <span class='ocrx_word' id='word_1_550' title='bbox 3247 3403 3641 3467; x_wconf 81' lang='grc' dir='ltr'>ἐπισκώπτεις,</span> 
     </span>
    </p>
   </div>
   <div class='ocr_carea' id='block_1_84' title="bbox 2063 3493 3648 3588">
    <p class='ocr_par' dir='ltr' id='par_1_84' title="bbox 2063 3493 3648 3588">
     <span class='ocr_line' id='line_1_84' title="bbox 2063 3493 3648 3588; baseline -0.016 -17"><span class='ocrx_word' id='word_1_551' title='bbox 2063 3519 2204 3588; x_wconf 71' lang='grc' dir='ltr'>ἔφης</span> <span class='ocrx_word' id='word_1_552' title='bbox 2245 3517 2357 3568; x_wconf 69' lang='grc' dir='ltr'>Καὶ</span> <span class='ocrx_word' id='word_1_553' title='bbox 2396 3514 2504 3585; x_wconf 83' lang='grc' dir='ltr'><strong>γὰρ</strong></span> <span class='ocrx_word' id='word_1_554' title='bbox 2543 3513 2656 3576; x_wconf 85' lang='grc' dir='ltr'>τοῖς</span> <span class='ocrx_word' id='word_1_555' title='bbox 2707 3509 3024 3580; x_wconf 85' lang='grc' dir='ltr'>σπληνικοῖς</span> <span class='ocrx_word' id='word_1_556' title='bbox 3050 3503 3120 3556; x_wconf 83' lang='grc' dir='ltr'>τὰ</span> <span class='ocrx_word' id='word_1_557' title='bbox 3154 3501 3253 3570; x_wconf 76' lang='grc' dir='ltr'><strong>μὲν</strong></span> <span class='ocrx_word' id='word_1_558' title='bbox 3281 3497 3510 3568; x_wconf 83' lang='grc' dir='ltr'>δριμαῖα</span> <span class='ocrx_word' id='word_1_559' title='bbox 3545 3493 3648 3548; x_wconf 71' lang='grc' dir='ltr'>καὶ</span> 
     </span>
    </p>
   </div>
   <div class='ocr_carea' id='block_1_85' title="bbox 2066 3590 3353 3679">
    <p class='ocr_par' dir='ltr' id='par_1_85' title="bbox 2066 3590 3353 3679">
     <span class='ocr_line' id='line_1_85' title="bbox 2066 3590 3353 3679; baseline -0.015 -18"><span class='ocrx_word' id='word_1_560' title='bbox 2066 3608 2261 3679; x_wconf 86' lang='grc' dir='ltr'>πικρὰ,</span> <span class='ocrx_word' id='word_1_561' title='bbox 2287 3605 2546 3676; x_wconf 79' lang='grc' dir='ltr'>ὠφέλιμα</span> <span class='ocrx_word' id='word_1_562' title='bbox 2564 3622 2577 3635; x_wconf 88' lang='grc'><strong>·</strong></span> <span class='ocrx_word' id='word_1_563' title='bbox 2596 3600 2678 3657; x_wconf 72' lang='grc' dir='ltr'>’τὰ</span> <span class='ocrx_word' id='word_1_564' title='bbox 2702 3603 2761 3656; x_wconf 78' lang='grc' dir='ltr'>δὲ</span> <span class='ocrx_word' id='word_1_565' title='bbox 2786 3601 3047 3672; x_wconf 86' lang='grc' dir='ltr'>γλυκαϊα,</span> <span class='ocrx_word' id='word_1_566' title='bbox 3087 3590 3353 3666; x_wconf 75' lang='grc' dir='ltr'>βλαϐερά.</span> 
     </span>
    </p>
   </div>
   <div class='ocr_carea' id='block_1_86' title="bbox 2145 3757 3646 3835">
    <p class='ocr_par' dir='ltr' id='par_1_86' title="bbox 2145 3757 3646 3835">
     <span class='ocr_line' id='line_1_86' title="bbox 2145 3757 3646 3835; baseline -0.015 -4"><span class='ocrx_word' id='word_1_567' title='bbox 2145 3780 2239 3831; x_wconf 83' lang='grc' dir='ltr'>Ἐκ</span> <span class='ocrx_word' id='word_1_568' title='bbox 2274 3777 2393 3831; x_wconf 76' lang='grc' dir='ltr'><strong>τῶν</strong></span> <span class='ocrx_word' id='word_1_569' title='bbox 2436 3776 2665 3829; x_wconf 82' lang='grc' dir='ltr'>Ἐπικτ.</span> <span class='ocrx_word' id='word_1_570' title='bbox 2694 3773 2794 3826; x_wconf 79' lang='grc' dir='ltr'>καὶ</span> <span class='ocrx_word' id='word_1_571' title='bbox 2831 3771 3052 3835; x_wconf 84' lang='grc' dir='ltr'>Ἰσοκρ.</span> <span class='ocrx_word' id='word_1_572' title='bbox 3082 3793 3154 3806; x_wconf 92' lang='lat'><strong>—-</strong></span> <span class='ocrx_word' id='word_1_573' title='bbox 3191 3760 3330 3816; x_wconf 72' lang='grc' dir='ltr'>Οὔτε</span> <span class='ocrx_word' id='word_1_574' title='bbox 3364 3757 3646 3829; x_wconf 87' lang='grc' dir='ltr'>μάχαιραν</span> 
     </span>
    </p>
   </div>
   <div class='ocr_carea' id='block_1_87' title="bbox 2065 3851 3447 3941">
    <p class='ocr_par' dir='ltr' id='par_1_87' title="bbox 2065 3851 3447 3941">
     <span class='ocr_line' id='line_1_87' title="bbox 2065 3851 3447 3941; baseline -0.017 -17"><span class='ocrx_word' id='word_1_575' title='bbox 2065 3869 2332 3941; x_wconf 79' lang='grc' dir='ltr'>ἀμϐλείαν</span> <span class='ocrx_word' id='word_1_576' title='bbox 2352 3884 2365 3897; x_wconf 92' lang='grc'><strong>·</strong></span> <span class='ocrx_word' id='word_1_577' title='bbox 2397 3866 2520 3920; x_wconf 76' lang='grc' dir='ltr'>οὔτε</span> <span class='ocrx_word' id='word_1_578' title='bbox 2551 3863 2867 3936; x_wconf 77' lang='grc' dir='ltr'>παρρησίαν</span> <span class='ocrx_word' id='word_1_579' title='bbox 2901 3861 3136 3915; x_wconf 78' lang='grc' dir='ltr'>ἄτακτον</span> <span class='ocrx_word' id='word_1_580' title='bbox 3164 3854 3309 3924; x_wconf 74' lang='grc' dir='ltr'>ἔχειν</span> <span class='ocrx_word' id='word_1_581' title='bbox 3346 3851 3447 3903; x_wconf 77' lang='grc' dir='ltr'>δεῖ.</span> 
     </span>
    </p>
   </div>
   <div class='ocr_carea' id='block_1_88' title="bbox 2149 3936 3648 4025">
    <p class='ocr_par' dir='ltr' id='par_1_88' title="bbox 2149 3936 3648 4025">
     <span class='ocr_line' id='line_1_88' title="bbox 2149 3936 3648 4025; baseline -0.018 -9"><span class='ocrx_word' id='word_1_582' title='bbox 2149 3964 2250 4016; x_wconf 82' lang='grc' dir='ltr'>Ἐκ</span> <span class='ocrx_word' id='word_1_583' title='bbox 2289 3959 2409 4014; x_wconf 81' lang='grc' dir='ltr'><strong>τῶν</strong></span> <span class='ocrx_word' id='word_1_584' title='bbox 2459 3955 2912 4025; x_wconf 70' lang='grc' dir='ltr'>Ἀριστονύμου.</span> <span class='ocrx_word' id='word_1_585' title='bbox 2957 3949 3261 4016; x_wconf 83' lang='grc' dir='ltr'>-Ὥσπερ</span> <span class='ocrx_word' id='word_1_586' title='bbox 3301 3943 3364 3997; x_wconf 81' lang='grc' dir='ltr'><strong>τὸ</strong></span> <span class='ocrx_word' id='word_1_587' title='bbox 3414 3939 3535 4010; x_wconf 84' lang='grc' dir='ltr'>μέλι</span> <span class='ocrx_word' id='word_1_588' title='bbox 3573 3936 3648 3992; x_wconf 75' lang='grc' dir='ltr'>τὰ</span> 
     </span>
    </p>
   </div>
   <div class='ocr_carea' id='block_1_89' title="bbox 2066 4029 3643 4122">
    <p class='ocr_par' dir='ltr' id='par_1_89' title="bbox 2066 4029 3643 4122">
     <span class='ocr_line' id='line_1_89' title="bbox 2066 4029 3643 4122; baseline -0.017 -17"><span class='ocrx_word' id='word_1_589' title='bbox 2066 4049 2360 4122; x_wconf 83' lang='grc' dir='ltr'>ἡλκωμένα</span> <span class='ocrx_word' id='word_1_590' title='bbox 2403 4047 2620 4101; x_wconf 80' lang='grc' dir='ltr'>δάκνει·</span> <span class='ocrx_word' id='word_1_591' title='bbox 2655 4046 2768 4106; x_wconf 86' lang='grc' dir='ltr'>τοῖς</span> <span class='ocrx_word' id='word_1_592' title='bbox 2811 4043 2867 4096; x_wconf 84' lang='grc' dir='ltr'>δὲ</span> <span class='ocrx_word' id='word_1_593' title='bbox 2913 4039 3056 4094; x_wconf 78' lang='grc' dir='ltr'>κατὰ</span> <span class='ocrx_word' id='word_1_594' title='bbox 3101 4036 3265 4106; x_wconf 83' lang='grc' dir='ltr'>φύσιν</span> <span class='ocrx_word' id='word_1_595' title='bbox 3310 4029 3410 4103; x_wconf 79' lang='grc' dir='ltr'><strong>ήδῦ</strong></span> <span class='ocrx_word' id='word_1_596' title='bbox 3454 4032 3643 4082; x_wconf 72' lang='grc' dir='ltr'><strong>ἐστιν⁸</strong></span> 
     </span>
    </p>
   </div>
   <div class='ocr_carea' id='block_1_90' title="bbox 2066 4133 3052 4204">
    <p class='ocr_par' dir='ltr' id='par_1_90' title="bbox 2066 4133 3052 4204">
     <span class='ocr_line' id='line_1_90' title="bbox 2066 4133 3052 4204; baseline -0.013 -8"><span class='ocrx_word' id='word_1_597' title='bbox 2066 4142 2218 4197; x_wconf 19' lang='grc' dir='ltr'>οὕτω.</span> <span class='ocrx_word' id='word_1_598' title='bbox 2242 4141 2336 4194; x_wconf 73' lang='grc' dir='ltr'><strong>καὶ</strong></span> <span class='ocrx_word' id='word_1_599' title='bbox 2360 4140 2410 4191; x_wconf 86' lang='grc' dir='ltr'>οἱ</span> <span class='ocrx_word' id='word_1_600' title='bbox 2435 4140 2502 4192; x_wconf 88' lang='grc' dir='ltr'><strong>ἐκ</strong></span> <span class='ocrx_word' id='word_1_601' title='bbox 2532 4135 2852 4204; x_wconf 83' lang='grc' dir='ltr'>φιλοσοφίας</span> <span class='ocrx_word' id='word_1_602' title='bbox 2882 4133 3052 4199; x_wconf 89' lang='grc' dir='ltr'>λόγοι.</span> 
     </span>
    </p>
   </div>
   <div class='ocr_carea' id='block_1_91' title="bbox 2137 4208 3651 4302">
    <p class='ocr_par' dir='ltr' id='par_1_91' title="bbox 2137 4208 3651 4302">
     <span class='ocr_line' id='line_1_91' title="bbox 2137 4208 3651 4302; baseline -0.017 -16"><span class='ocrx_word' id='word_1_603' title='bbox 2137 4235 2367 4302; x_wconf 85' lang='grc' dir='ltr'>Ὅμοιον</span> <span class='ocrx_word' id='word_1_604' title='bbox 2390 4227 2637 4299; x_wconf 73' lang='grc' dir='ltr'>ἀψινθίου</span> <span class='ocrx_word' id='word_1_605' title='bbox 2660 4226 2847 4298; x_wconf 79' lang='grc' dir='ltr'>δριμὺ,</span> <span class='ocrx_word' id='word_1_606' title='bbox 2879 4221 2973 4276; x_wconf 66' lang='grc' dir='ltr'>καὶ</span> <span class='ocrx_word' id='word_1_607' title='bbox 2999 4221 3159 4287; x_wconf 86' lang='grc' dir='ltr'>λόγου</span> <span class='ocrx_word' id='word_1_608' title='bbox 3190 4216 3290 4288; x_wconf 79' lang='grc' dir='ltr'>τὴν</span> <span class='ocrx_word' id='word_1_609' title='bbox 3327 4208 3651 4284; x_wconf 82' lang='grc' dir='ltr'>παρῤησίαν</span> 
     </span>
    </p>
   </div>
   <div class='ocr_carea' id='block_1_92' title="bbox 1993 4322 2568 4392">
    <p class='ocr_par' dir='ltr' id='par_1_92' title="bbox 1993 4322 2568 4392">
     <span class='ocr_line' id='line_1_92' title="bbox 1993 4322 2568 4392; baseline -0.012 -14"><span class='ocrx_word' id='word_1_610' title='bbox 1993 4332 2037 4386; x_wconf 86' lang='lat' dir='ltr'><strong>D</strong></span> <span class='ocrx_word' id='word_1_611' title='bbox 2065 4323 2296 4392; x_wconf 78' lang='grc' dir='ltr'>ἐκκόψαι</span> <span class='ocrx_word' id='word_1_612' title='bbox 2313 4363 2326 4383; x_wconf 88' lang='grc'><strong>,</strong></span> <span class='ocrx_word' id='word_1_613' title='bbox 2362 4322 2568 4390; x_wconf 84' lang='grc' dir='ltr'>ὅμοιον.</span> 
     </span>
    </p>
   </div>
   <div class='ocr_carea' id='block_1_93' title="bbox 2153 4383 3650 4484">
    <p class='ocr_par' dir='ltr' id='par_1_93' title="bbox 2153 4383 3650 4484">
     <span class='ocr_line' id='line_1_93' title="bbox 2153 4383 3650 4484; baseline -0.019 -16"><span class='ocrx_word' id='word_1_614' title='bbox 2153 4383 2364 4484; x_wconf 61' lang='grc' dir='ltr'>Ἑρμοῦ</span> <span class='ocrx_word' id='word_1_615' title='bbox 2396 4383 2493 4465; x_wconf 60' lang='grc' dir='ltr'>καὶ</span> <span class='ocrx_word' id='word_1_616' title='bbox 2533 4407 2752 4466; x_wconf 81' lang='grc' dir='ltr'>Ἰσιδώ.</span> <span class='ocrx_word' id='word_1_617' title='bbox 2781 4437 2850 4448; x_wconf 93' lang='lat'><strong>—</strong></span> <span class='ocrx_word' id='word_1_618' title='bbox 2877 4405 3138 4471; x_wconf 83' lang='grc' dir='ltr'>Ἔλεγχος</span> <span class='ocrx_word' id='word_1_619' title='bbox 3172 4390 3532 4484; x_wconf 72' lang='grc' dir='ltr'>ἐπιγνωσθεὶς</span> <span class='ocrx_word' id='word_1_620' title='bbox 3556 4430 3573 4455; x_wconf 95' lang='grc'><strong>,</strong></span> <span class='ocrx_word' id='word_1_621' title='bbox 3601 4383 3650 4442; x_wconf 78' lang='grc' dir='ltr'>ὦ</span> 
     </span>
    </p>
   </div>
   <div class='ocr_carea' id='block_1_94' title="bbox 2073 4480 3650 4576">
    <p class='ocr_par' dir='ltr' id='par_1_94' title="bbox 2073 4480 3650 4576">
     <span class='ocr_line' id='line_1_94' title="bbox 2073 4480 3650 4576; baseline -0.018 -17"><span class='ocrx_word' id='word_1_622' title='bbox 2073 4480 2295 4576; x_wconf 70' lang='grc' dir='ltr'>μέγιστε</span> <span class='ocrx_word' id='word_1_623' title='bbox 2307 4498 2561 4564; x_wconf 87' lang='grc' dir='ltr'>Βασιλεῦ,</span> <span class='ocrx_word' id='word_1_624' title='bbox 2581 4500 2662 4562; x_wconf 85' lang='grc' dir='ltr'><strong>είς</strong></span> <span class='ocrx_word' id='word_1_625' title='bbox 2687 4493 2982 4566; x_wconf 86' lang='grc' dir='ltr'>ἐπιθυμίαν</span> <span class='ocrx_word' id='word_1_626' title='bbox 3006 4490 3161 4561; x_wconf 81' lang='grc' dir='ltr'>φέρει</span> <span class='ocrx_word' id='word_1_627' title='bbox 3189 4487 3280 4540; x_wconf 73' lang='grc' dir='ltr'>τὸν</span> <span class='ocrx_word' id='word_1_628' title='bbox 3298 4480 3650 4553; x_wconf 81' lang='grc' dir='ltr'>ἐλεγχθέντα,</span> 
     </span>
    </p>
   </div>
   <div class='ocr_carea' id='block_1_95' title="bbox 382 4589 1955 4673">
    <p class='ocr_par' dir='ltr' id='par_1_95' title="bbox 382 4594 1955 4673">
     <span class='ocr_line' id='line_1_95' title="bbox 382 4594 1955 4673; baseline -0.005 -16"><span class='ocrx_word' id='word_1_629' title='bbox 382 4602 746 4673; x_wconf 84' lang='lat' dir='ltr'><strong>cupiditatem</strong></span> <span class='ocrx_word' id='word_1_630' title='bbox 787 4600 974 4667; x_wconf 90' lang='lat' dir='ltr'><strong>ducit,</strong></span> <span class='ocrx_word' id='word_1_631' title='bbox 1004 4614 1240 4670; x_wconf 92' lang='lat' dir='ltr'><strong>quorum</strong></span> <span class='ocrx_word' id='word_1_632' title='bbox 1286 4605 1445 4650; x_wconf 86' lang='lat' dir='ltr'><strong>antea</strong></span> <span class='ocrx_word' id='word_1_633' title='bbox 1478 4595 1783 4665; x_wconf 75' lang='lat' dir='ltr'><strong>ignorantia</strong></span> <span class='ocrx_word' id='word_1_634' title='bbox 1815 4594 1955 4649; x_wconf 90' lang='lat' dir='ltr'><strong>labo-</strong></span> 
     </span>
    </p>
   </div>
   <div class='ocr_carea' id='block_1_96' title="bbox 2087 4589 2730 4673">
    <p class='ocr_par' dir='ltr' id='par_1_96' title="bbox 2087 4589 2730 4668">
     <span class='ocr_line' id='line_1_96' title="bbox 2087 4589 2730 4668; baseline -0.017 -16"><span class='ocrx_word' id='word_1_635' title='bbox 2087 4591 2139 4652; x_wconf 72' lang='grc' dir='ltr'><strong>ὒν</strong></span> <span class='ocrx_word' id='word_1_636' title='bbox 2172 4595 2435 4668; x_wconf 82' lang='grc' dir='ltr'>πρότερον</span> <span class='ocrx_word' id='word_1_637' title='bbox 2463 4592 2563 4645; x_wconf 83' lang='grc' dir='ltr'><strong>οὐκ</strong></span> <span class='ocrx_word' id='word_1_638' title='bbox 2591 4589 2730 4661; x_wconf 71' lang='grc' dir='ltr'>ᾔδει.</span> 
     </span>
    </p>
   </div>
   <div class='ocr_carea' id='block_1_97' title="bbox 385 4695 562 4749">
    <p class='ocr_par' dir='ltr' id='par_1_97' title="bbox 385 4695 562 4749">
     <span class='ocr_line' id='line_1_97' title="bbox 385 4695 562 4749; baseline 0 -1"><span class='ocrx_word' id='word_1_639' title='bbox 385 4695 562 4749; x_wconf 83' lang='lat' dir='ltr'><strong>rabat.</strong></span> 
     </span>
    </p>
   </div>
   <div class='ocr_carea' id='block_1_98' title="bbox 453 4773 1966 4846">
    <p class='ocr_par' dir='ltr' id='par_1_98' title="bbox 453 4773 1966 4846">
     <span class='ocr_line' id='line_1_98' title="bbox 453 4773 1966 4846; baseline -0.009 -7"><span class='ocrx_word' id='word_1_640' title='bbox 453 4783 664 4840; x_wconf 87' lang='lat' dir='ltr'><strong>Socrat.</strong></span> <span class='ocrx_word' id='word_1_641' title='bbox 694 4778 1087 4836; x_wconf 86' lang='lat' dir='ltr'><strong>—Libertatis</strong></span> <span class='ocrx_word' id='word_1_642' title='bbox 1140 4774 1437 4846; x_wconf 82' lang='lat' dir='ltr'><strong>loquendi,</strong></span> <span class='ocrx_word' id='word_1_643' title='bbox 1477 4773 1626 4828; x_wconf 87' lang='lat' dir='ltr'><strong>velut</strong></span> <span class='ocrx_word' id='word_1_644' title='bbox 1674 4787 1966 4842; x_wconf 89' lang='lat' dir='ltr'><strong>pomorum</strong></span> 
     </span>
    </p>
   </div>
   <div class='ocr_carea' id='block_1_99' title="bbox 382 4865 1612 4945">
    <p class='ocr_par' dir='ltr' id='par_1_99' title="bbox 382 4865 1612 4945">
     <span class='ocr_line' id='line_1_99' title="bbox 382 4865 1612 4945; baseline -0.01 -15"><span class='ocrx_word' id='word_1_645' title='bbox 382 4875 603 4931; x_wconf 89' lang='lat' dir='ltr'><strong>dulcior</strong></span> <span class='ocrx_word' id='word_1_646' title='bbox 620 4873 796 4945; x_wconf 87' lang='lat' dir='ltr'><strong>gratia</strong></span> <span class='ocrx_word' id='word_1_647' title='bbox 823 4885 1068 4941; x_wconf 81' lang='lat' dir='ltr'><strong>congruo</strong></span> <span class='ocrx_word' id='word_1_648' title='bbox 1105 4877 1350 4937; x_wconf 86' lang='lat' dir='ltr'><strong>tempore</strong></span> <span class='ocrx_word' id='word_1_649' title='bbox 1375 4865 1612 4920; x_wconf 82' lang='lat' dir='ltr'><strong>exsistit.</strong></span> 
     </span>
    </p>
   </div>
   <div class='ocr_carea' id='block_1_100' title="bbox 2137 4724 3652 4838">
    <p class='ocr_par' dir='ltr' id='par_1_100' title="bbox 2137 4724 3652 4838">
     <span class='ocr_line' id='line_1_100' title="bbox 2137 4724 3652 4838; baseline -0.017 -12"><span class='ocrx_word' id='word_1_650' title='bbox 2137 4724 2396 4838; x_wconf 54' lang='grc' dir='ltr'>έωκράτ.</span> <span class='ocrx_word' id='word_1_651' title='bbox 2425 4798 2496 4808; x_wconf 88' lang='grc'><strong>--</strong></span> <span class='ocrx_word' id='word_1_652' title='bbox 2529 4767 2640 4836; x_wconf 85' lang='grc' dir='ltr'>Τῆς</span> <span class='ocrx_word' id='word_1_653' title='bbox 2664 4761 2979 4836; x_wconf 74' lang='grc' dir='ltr'>παρρησίας</span> <span class='ocrx_word' id='word_1_654' title='bbox 3010 4759 3200 4828; x_wconf 81' lang='grc' dir='ltr'>ὥσπερ</span> <span class='ocrx_word' id='word_1_655' title='bbox 3229 4752 3454 4824; x_wconf 79' lang='grc' dir='ltr'>ὀπώρας</span> <span class='ocrx_word' id='word_1_656' title='bbox 3478 4746 3556 4821; x_wconf 68' lang='grc' dir='ltr'>(ιο)</span> <span class='ocrx_word' id='word_1_657' title='bbox 3584 4746 3652 4802; x_wconf 83' lang='grc' dir='ltr'><strong>ἐν</strong></span> 
     </span>
    </p>
   </div>
   <div class='ocr_carea' id='block_1_101' title="bbox 2068 4855 2762 4934">
    <p class='ocr_par' dir='ltr' id='par_1_101' title="bbox 2068 4855 2762 4934">
     <span class='ocr_line' id='line_1_101' title="bbox 2068 4855 2762 4934; baseline -0.016 -16"><span class='ocrx_word' id='word_1_658' title='bbox 2068 4862 2246 4934; x_wconf 87' lang='grc' dir='ltr'>καιρῴ</span> <span class='ocrx_word' id='word_1_659' title='bbox 2273 4863 2305 4930; x_wconf 82' lang='grc' dir='ltr'>ἡ</span> <span class='ocrx_word' id='word_1_660' title='bbox 2338 4859 2497 4932; x_wconf 86' lang='grc' dir='ltr'>χάρις</span> <span class='ocrx_word' id='word_1_661' title='bbox 2521 4857 2678 4928; x_wconf 75' lang='grc' dir='ltr'>ἡδεῖα</span> <span class='ocrx_word' id='word_1_662' title='bbox 2695 4855 2762 4908; x_wconf 73' lang='grc' dir='ltr'>θ’.</span> 
     </span>
    </p>
   </div>
   <div class='ocr_carea' id='block_1_102' title="bbox 1692 4971 2360 5035">
    <p class='ocr_par' dir='ltr' id='par_1_102' title="bbox 1692 4971 2360 5035">
     <span class='ocr_line' id='line_1_102' title="bbox 1692 4971 2360 5035; baseline -0.006 -7"><span class='ocrx_word' id='word_1_663' title='bbox 1692 4974 1924 5032; x_wconf 77' lang='lat' dir='ltr'><strong>VARle</strong></span> <span class='ocrx_word' id='word_1_664' title='bbox 1956 4973 2246 5035; x_wconf 77' lang='lat' dir='ltr'><strong>LECTION</strong></span> <span class='ocrx_word' id='word_1_665' title='bbox 2257 4971 2360 5025; x_wconf 87' lang='lat' dir='ltr'><strong>ES.</strong></span> 
     </span>
    </p>
   </div>
   <div class='ocr_carea' id='block_1_103' title="bbox 457 5067 1795 5144">
    <p class='ocr_par' dir='ltr' id='par_1_103' title="bbox 457 5067 1795 5144">
     <span class='ocr_line' id='line_1_103' title="bbox 457 5067 1795 5144; baseline -0.01 -11"><span class='ocrx_word' id='word_1_666' title='bbox 457 5079 500 5108; x_wconf 84' lang='grc'><strong>¹⁶</strong></span> <span class='ocrx_word' id='word_1_667' title='bbox 527 5076 692 5132; x_wconf 86' lang='lat' dir='ltr'><strong>Gesn.</strong></span> <span class='ocrx_word' id='word_1_668' title='bbox 730 5073 822 5127; x_wconf 86' lang='grc' dir='ltr'><strong>τοῦ</strong></span> <span class='ocrx_word' id='word_1_669' title='bbox 863 5073 1136 5144; x_wconf 88' lang='grc' dir='ltr'>τυχόντος.</span> <span class='ocrx_word' id='word_1_670' title='bbox 1215 5073 1259 5102; x_wconf 67' lang='grc' dir='ltr'>θ’</span> <span class='ocrx_word' id='word_1_671' title='bbox 1299 5068 1464 5124; x_wconf 88' lang='lat' dir='ltr'><strong>Gesn.</strong></span> <span class='ocrx_word' id='word_1_672' title='bbox 1521 5067 1703 5138; x_wconf 81' lang='grc' dir='ltr'>ἡδίων.</span> <span class='ocrx_word' id='word_1_673' title='bbox 1782 5129 1795 5141; x_wconf 45' lang='grc' dir='ltr'><strong><em>ο</em></strong></span> 
     </span>
    </p>
   </div>
   <div class='ocr_carea' id='block_1_104' title="bbox 1945 5181 2176 5237">
    <p class='ocr_par' dir='ltr' id='par_1_104' title="bbox 1945 5181 2176 5237">
     <span class='ocr_line' id='line_1_104' title="bbox 1945 5181 2176 5237; baseline 0.004 -2"><span class='ocrx_word' id='word_1_674' title='bbox 1945 5181 2176 5237; x_wconf 65' lang='lat' dir='ltr'><strong>NOTAE.</strong></span> 
     </span>
    </p>
   </div>
   <div class='ocr_carea' id='block_1_105' title="bbox 383 5273 1958 5343">
    <p class='ocr_par' dir='ltr' id='par_1_105' title="bbox 383 5273 1958 5343">
     <span class='ocr_line' id='line_1_105' title="bbox 383 5273 1958 5343; baseline -0.007 -4"><span class='ocrx_word' id='word_1_675' title='bbox 383 5285 666 5340; x_wconf 88' lang='lat' dir='ltr'><strong>contrario</strong></span> <span class='ocrx_word' id='word_1_676' title='bbox 695 5299 862 5339; x_wconf 88' lang='lat' dir='ltr'><strong>sensu</strong></span> <span class='ocrx_word' id='word_1_677' title='bbox 895 5281 1122 5343; x_wconf 81' lang='lat' dir='ltr'><strong>reddat;</strong></span> <span class='ocrx_word' id='word_1_678' title='bbox 1145 5279 1296 5334; x_wconf 89' lang='lat' dir='ltr'><strong>velut</strong></span> <span class='ocrx_word' id='word_1_679' title='bbox 1325 5277 1488 5331; x_wconf 83' lang='lat' dir='ltr'><strong>etiam</strong></span> <span class='ocrx_word' id='word_1_680' title='bbox 1517 5275 1684 5330; x_wconf 84' lang='lat' dir='ltr'><strong>habet</strong></span> <span class='ocrx_word' id='word_1_681' title='bbox 1722 5273 1958 5329; x_wconf 88' lang='lat' dir='ltr'><strong>Ballesd.</strong></span> 
     </span>
    </p>
   </div>
   <div class='ocr_carea' id='block_1_106' title="bbox 381 5345 1956 5425">
    <p class='ocr_par' dir='ltr' id='par_1_106' title="bbox 381 5345 1956 5425">
     <span class='ocr_line' id='line_1_106' title="bbox 381 5345 1956 5425; baseline -0.006 -19"><span class='ocrx_word' id='word_1_682' title='bbox 381 5355 476 5407; x_wconf 79' lang='grc' dir='ltr'><strong>τοῦ</strong></span> <span class='ocrx_word' id='word_1_683' title='bbox 507 5355 838 5425; x_wconf 75' lang='grc' dir='ltr'>ἐλεγχθῆναι</span> <span class='ocrx_word' id='word_1_684' title='bbox 853 5355 918 5425; x_wconf 79' lang='grc' dir='ltr'><strong>τὸ</strong></span> <span class='ocrx_word' id='word_1_685' title='bbox 951 5349 1292 5425; x_wconf 38' lang='grc' dir='ltr'>ἐλέγξαιηςμί</span> <span class='ocrx_word' id='word_1_686' title='bbox 1318 5347 1535 5425; x_wconf 49' lang='grc' dir='ltr'><strong>Μειδίίηιὶ</strong></span> <span class='ocrx_word' id='word_1_687' title='bbox 1569 5345 1708 5425; x_wconf 80' lang='lat' dir='ltr'><strong>ratio</strong></span> <span class='ocrx_word' id='word_1_688' title='bbox 1732 5354 1956 5425; x_wconf 69' lang='lat' dir='ltr'><strong>pugnat,</strong></span> 
     </span>
    </p>
   </div>
   <div class='ocr_carea' id='block_1_107' title="bbox 427 5416 1955 5506">
    <p class='ocr_par' dir='ltr' id='par_1_107' title="bbox 427 5416 1955 5506">
     <span class='ocr_line' id='line_1_107' title="bbox 427 5416 1955 5506; baseline -0.01 -25"><span class='ocrx_word' id='word_1_689' title='bbox 427 5439 507 5506; x_wconf 61' lang='lat' dir='ltr'><strong>tta}</strong></span> <span class='ocrx_word' id='word_1_690' title='bbox 543 5416 740 5506; x_wconf 53' lang='lat' dir='ltr'><strong>nititur</strong></span> <span class='ocrx_word' id='word_1_691' title='bbox 763 5424 919 5506; x_wconf 64' lang='lat' dir='ltr'><strong>utili;</strong></span> <span class='ocrx_word' id='word_1_692' title='bbox 956 5416 1103 5506; x_wconf 67' lang='lat' dir='ltr'><strong>quod</strong></span> <span class='ocrx_word' id='word_1_693' title='bbox 1131 5420 1346 5506; x_wconf 81' lang='lat' dir='ltr'><strong>scilicet</strong></span> <span class='ocrx_word' id='word_1_694' title='bbox 1370 5490 1384 5506; x_wconf 55' lang='lat'><strong><em>‘</em></strong></span> <span class='ocrx_word' id='word_1_695' title='bbox 1407 5416 1955 5506; x_wconf 43' lang='lat' dir='ltr'><strong>is,mqtiijreprehcn:</strong></span> 
     </span>
    </p>
   </div>
   <div class='ocr_carea' id='block_1_108' title="bbox 425 5485 1955 5558">
    <p class='ocr_par' dir='ltr' id='par_1_108' title="bbox 425 5485 1955 5558">
     <span class='ocr_line' id='line_1_108' title="bbox 425 5485 1955 5558; baseline -0.007 -12"><span class='ocrx_word' id='word_1_696' title='bbox 425 5493 555 5558; x_wconf 89' lang='lat' dir='ltr'><strong>itur,</strong></span> <span class='ocrx_word' id='word_1_697' title='bbox 583 5496 712 5549; x_wconf 87' lang='lat' dir='ltr'><strong>inde</strong></span> <span class='ocrx_word' id='word_1_698' title='bbox 741 5485 937 5548; x_wconf 86' lang='lat' dir='ltr'><strong>melior</strong></span> <span class='ocrx_word' id='word_1_699' title='bbox 969 5485 1078 5554; x_wconf 74' lang='lat' dir='ltr'><strong>fiat,</strong></span> <span class='ocrx_word' id='word_1_700' title='bbox 1114 5506 1183 5546; x_wconf 91' lang='lat' dir='ltr'><strong>eo</strong></span> <span class='ocrx_word' id='word_1_701' title='bbox 1238 5490 1384 5557; x_wconf 87' lang='lat' dir='ltr'><strong>quod</strong></span> <span class='ocrx_word' id='word_1_702' title='bbox 1419 5485 1793 5558; x_wconf 23' lang='lat' dir='ltr'><strong>ﬂemendctur,</strong></span> <span class='ocrx_word' id='word_1_703' title='bbox 1833 5499 1955 5539; x_wconf 89' lang='lat' dir='ltr'><strong>cum</strong></span> 
     </span>
    </p>
   </div>
   <div class='ocr_carea' id='block_1_109' title="bbox 383 5557 1741 5630">
    <p class='ocr_par' dir='ltr' id='par_1_109' title="bbox 383 5557 1741 5630">
     <span class='ocr_line' id='line_1_109' title="bbox 383 5557 1741 5630; baseline -0.011 -7"><span class='ocrx_word' id='word_1_704' title='bbox 383 5557 814 5630; x_wconf 67' lang='lat' dir='ltr'><strong>r‘PDrehendenti</strong></span> <span class='ocrx_word' id='word_1_705' title='bbox 848 5561 988 5630; x_wconf 83' lang='lat' dir='ltr'><strong>nihil</strong></span> <span class='ocrx_word' id='word_1_706' title='bbox 1017 5561 1152 5617; x_wconf 86' lang='lat' dir='ltr'><strong>lucri</strong></span> <span class='ocrx_word' id='word_1_707' title='bbox 1185 5557 1454 5630; x_wconf 77' lang='lat' dir='ltr'><strong>ejusmodi</strong></span> <span class='ocrx_word' id='word_1_708' title='bbox 1495 5557 1741 5630; x_wconf 65' lang='lat' dir='ltr'><strong>accedat.</strong></span> 
     </span>
    </p>
   </div>
   <div class='ocr_carea' id='block_1_110' title="bbox 453 5625 1953 5709">
    <p class='ocr_par' dir='ltr' id='par_1_110' title="bbox 453 5625 1953 5709">
     <span class='ocr_line' id='line_1_110' title="bbox 453 5625 1953 5709; baseline 0.003 -33"><span class='ocrx_word' id='word_1_709' title='bbox 453 5625 535 5709; x_wconf 63' lang='grc' dir='ltr'><strong>(χ)</strong></span> <span class='ocrx_word' id='word_1_710' title='bbox 593 5635 812 5700; x_wconf 81' lang='grc' dir='ltr'>Ὥσπερ</span> <span class='ocrx_word' id='word_1_711' title='bbox 863 5626 1120 5700; x_wconf 73' lang='grc' dir='ltr'>ὀπώρας,</span> <span class='ocrx_word' id='word_1_712' title='bbox 1170 5625 1300 5683; x_wconf 78' lang='lat' dir='ltr'><strong>Erat</strong></span> <span class='ocrx_word' id='word_1_713' title='bbox 1338 5627 1526 5698; x_wconf 73' lang='grc' dir='ltr'>ὥσπερ</span> <span class='ocrx_word' id='word_1_714' title='bbox 1575 5625 1745 5696; x_wconf 72' lang='grc' dir='ltr'>ὠρας,</span> <span class='ocrx_word' id='word_1_715' title='bbox 1802 5627 1953 5681; x_wconf 91' lang='lat' dir='ltr'><strong>nullo</strong></span> 
     </span>
    </p>
   </div>
   <div class='ocr_carea' id='block_1_111' title="bbox 2065 5251 3657 5344">
    <p class='ocr_par' dir='ltr' id='par_1_111' title="bbox 2065 5251 3657 5344">
     <span class='ocr_line' id='line_1_111' title="bbox 2065 5251 3657 5344; baseline -0.016 -16"><span class='ocrx_word' id='word_1_716' title='bbox 2065 5286 2296 5344; x_wconf 90' lang='lat' dir='ltr'><strong>prorsus</strong></span> <span class='ocrx_word' id='word_1_717' title='bbox 2334 5283 2520 5344; x_wconf 80' lang='lat' dir='ltr'><strong>sensu,</strong></span> <span class='ocrx_word' id='word_1_718' title='bbox 2544 5260 2816 5344; x_wconf 73' lang='lat' dir='ltr'><strong>quidquid</strong></span> <span class='ocrx_word' id='word_1_719' title='bbox 2845 5259 3038 5344; x_wconf 46' lang='lat' dir='ltr'><strong>Gesn.</strong></span> <span class='ocrx_word' id='word_1_720' title='bbox 3063 5251 3514 5344; x_wconf 86' lang='lat' dir='ltr'><strong>(seu</strong></span> <span class='ocrx_word' id='word_1_721' title='bbox 3547 5267 3657 5344; x_wconf 41' lang='lat' dir='ltr'><strong>c103-</strong></span> 
     </span>
    </p>
   </div>
   <div class='ocr_carea' id='block_1_112' title="bbox 2064 5321 3660 5401">
    <p class='ocr_par' dir='ltr' id='par_1_112' title="bbox 2064 5321 3660 5401">
     <span class='ocr_line' id='line_1_112' title="bbox 2064 5321 3660 5401; baseline -0.016 -4"><span class='ocrx_word' id='word_1_722' title='bbox 2064 5321 2679 5401; x_wconf 35' lang='lat' dir='ltr'><strong>iiatushreddcreZQnid</strong></span> <span class='ocrx_word' id='word_1_723' title='bbox 2704 5321 2861 5385; x_wconf 47' lang='lat' dir='ltr'><strong>lenim</strong></span> <span class='ocrx_word' id='word_1_724' title='bbox 2897 5328 3040 5398; x_wconf 80' lang='lat' dir='ltr'><strong>frugi</strong></span> <span class='ocrx_word' id='word_1_725' title='bbox 3065 5321 3214 5401; x_wconf 72' lang='lat' dir='ltr'><strong>quod</strong></span> <span class='ocrx_word' id='word_1_726' title='bbox 3263 5322 3524 5383; x_wconf 80' lang='lat' dir='ltr'><strong>reddunt,</strong></span> <span class='ocrx_word' id='word_1_727' title='bbox 3558 5321 3660 5401; x_wconf 37' lang='lat' dir='ltr'><strong>lii—</strong></span> 
     </span>
    </p>
   </div>
   <div class='ocr_carea' id='block_1_113' title="bbox 2062 5393 3659 5476">
    <p class='ocr_par' dir='ltr' id='par_1_113' title="bbox 2062 5393 3659 5476">
     <span class='ocr_line' id='line_1_113' title="bbox 2062 5393 3659 5476; baseline -0.013 -10"><span class='ocrx_word' id='word_1_728' title='bbox 2062 5393 2298 5469; x_wconf 33' lang='lat' dir='ltr'><strong>fI-c‘r-tn‘tis,</strong></span> <span class='ocrx_word' id='word_1_729' title='bbox 2328 5419 2383 5461; x_wconf 81' lang='lat' dir='ltr'><strong>ut</strong></span> <span class='ocrx_word' id='word_1_730' title='bbox 2409 5393 2662 5476; x_wconf 52' lang='lat' dir='ltr'><strong>cztjustyue</strong></span> <span class='ocrx_word' id='word_1_731' title='bbox 2682 5403 2915 5476; x_wconf 69' lang='lat' dir='ltr'><strong>partium</strong></span> <span class='ocrx_word' id='word_1_732' title='bbox 2946 5393 3100 5476; x_wconf 65' lang='lat' dir='ltr'><strong>anni,</strong></span> <span class='ocrx_word' id='word_1_733' title='bbox 3123 5398 3183 5476; x_wconf 41' lang='lat' dir='ltr'><strong>in.</strong></span> <span class='ocrx_word' id='word_1_734' title='bbox 3210 5393 3659 5476; x_wconf 38' lang='lat' dir='ltr'><strong>temporeTgratia</strong></span> 
     </span>
    </p>
   </div>
   <div class='ocr_carea' id='block_1_114' title="bbox 2069 5461 3657 5548">
    <p class='ocr_par' dir='ltr' id='par_1_114' title="bbox 2069 5461 3657 5548">
     <span class='ocr_line' id='line_1_114' title="bbox 2069 5461 3657 5548; baseline -0.014 -12"><span class='ocrx_word' id='word_1_735' title='bbox 2069 5461 2370 5548; x_wconf 59' lang='lat' dir='ltr'><strong>iucundior.</strong></span> <span class='ocrx_word' id='word_1_736' title='bbox 2400 5461 2542 5546; x_wconf 52' lang='lat' dir='ltr'><strong>Ergo</strong></span> <span class='ocrx_word' id='word_1_737' title='bbox 2575 5461 2632 5529; x_wconf 72' lang='lat' dir='ltr'><strong>et</strong></span> <span class='ocrx_word' id='word_1_738' title='bbox 2656 5461 3238 5548; x_wconf 49' lang='lat' dir='ltr'><strong>saevissimatnhieinis,</strong></span> <span class='ocrx_word' id='word_1_739' title='bbox 3275 5461 3380 5517; x_wconf 86' lang='lat' dir='ltr'><strong>etc.</strong></span> <span class='ocrx_word' id='word_1_740' title='bbox 3423 5461 3657 5540; x_wconf 75' lang='lat' dir='ltr'><strong>Utvero</strong></span> 
     </span>
    </p>
   </div>
   <div class='ocr_carea' id='block_1_115' title="bbox 2061 5538 3657 5615">
    <p class='ocr_par' dir='ltr' id='par_1_115' title="bbox 2061 5538 3657 5615">
     <span class='ocr_line' id='line_1_115' title="bbox 2061 5538 3657 5615; baseline -0.016 -8"><span class='ocrx_word' id='word_1_741' title='bbox 2061 5538 2374 5611; x_wconf 72' lang='lat' dir='ltr'><strong>emendavi,</strong></span> <span class='ocrx_word' id='word_1_742' title='bbox 2411 5538 2702 5615; x_wconf 38' lang='lat' dir='ltr'><strong>devpomis</strong></span> <span class='ocrx_word' id='word_1_743' title='bbox 2756 5548 2811 5595; x_wconf 88' lang='lat' dir='ltr'><strong>et</strong></span> <span class='ocrx_word' id='word_1_744' title='bbox 2834 5538 3396 5615; x_wconf 24' lang='lat' dir='ltr'><strong>fructibusuquornm</strong></span> <span class='ocrx_word' id='word_1_745' title='bbox 3443 5538 3657 5615; x_wconf 59' lang='lat' dir='ltr'><strong>praeci-</strong></span> 
     </span>
    </p>
   </div>
   <div class='ocr_carea' id='block_1_116' title="bbox 2061 5599 3653 5692">
    <p class='ocr_par' dir='ltr' id='par_1_116' title="bbox 2061 5599 3653 5692">
     <span class='ocr_line' id='line_1_116' title="bbox 2061 5599 3653 5692; baseline -0.018 -14"><span class='ocrx_word' id='word_1_746' title='bbox 2061 5599 2494 5692; x_wconf 56' lang='grc' dir='ltr'><strong>ᾖὶἰέᾗὲὀς-ἔιιιυέ</strong></span> <span class='ocrx_word' id='word_1_747' title='bbox 2521 5599 2808 5677; x_wconf 69' lang='lat' dir='ltr'><strong>autumno,</strong></span> <span class='ocrx_word' id='word_1_748' title='bbox 2856 5608 2992 5663; x_wconf 85' lang='lat' dir='ltr'><strong>nihil</strong></span> <span class='ocrx_word' id='word_1_749' title='bbox 3025 5599 3249 5662; x_wconf 81' lang='lat' dir='ltr'><strong>clarius.</strong></span> <span class='ocrx_word' id='word_1_750' title='bbox 3303 5602 3508 5668; x_wconf 79' lang='lat' dir='ltr'><strong>Nempe</strong></span> <span class='ocrx_word' id='word_1_751' title='bbox 3539 5599 3653 5672; x_wconf 70' lang='lat' dir='ltr'><strong>ho-</strong></span> 
     </span>
    </p>
   </div>
  </div>
