3990 6176
366 300 472 385 889

1677 311 1846 374 LOCI
1883 313 2325 378 COMMUNES.

3528 319 3637 382 890

438 411 839 469 Eda'sdt'ov.--
852 411 1079 486 Ἐχθρὸς
1112 413 1183 468 τὰ
1205 413 1381 488 ἀληθῆ
1412 414 1607 483 εἰπὼν,
1638 418 1735 473 τοῦ
1769 437 1941 492 προσ-

2116 425 2348 481 Eusebii.
2377 452 2449 465 —-
2484 424 2751 482 Inimicus
2783 425 2879 496 qui
2920 440 3054 482 vera
3103 424 3403 495 loquatur,
3455 426 3636 495 pluris

362 508 694 578 ποιουμένου
739 506 898 575 φίλου
946 507 1085 578 πρὸς
1114 508 1311 581 χάριν,
1356 510 1481 564 ἐστὶ
1536 510 1757 576 πάντως
1792 514 1949 583 αἱρε-

363 600 601 673 τώτερος
613 599 682 656 ⁸³.

931 715 1155 769 ΛΟΓΟΣ
1190 716 1298 770 AB’
1310 717 1377 771 “.

862 806 1005 875 Περὶ
1057 809 1446 876 φιλοπονίας.

449 900 633 954 Ἰωάν.
665 895 731 953 ε’.
761 929 834 939 —
862 898 923 952 '0
959 899 1151 971 Πατήρ
1195 917 1299 973 μου
1328 902 1436 968 ἕως
1475 901 1946 977 ἀρτιηὲργάζεται,

365 991 524 1061 κάγὼ
563 990 896 1062 ἐργάζομαι.
1437 1007 1441 1009 ‘

431 1083 621 1153 deE.
658 1081 729 1139 κ’.
756 1115 828 1125 -
858 1084 1025 1138 Αὐτοὶ
1059 1083 1359 1154 γινώσκετε
1383 1127 1400 1153 ,
1445 1087 1529 1141 δτι
1561 1091 1687 1153 ταῖς
1732 1088 1948 1160 χρείαις

368 1192 470 1247 μου
516 1177 615 1229 καὶ
641 1178 764 1239 τοῖς
786 1172 907 1230 οὖσι
936 1178 1056 1247 μετ’
1085 1175 1220 1247 ἐμοῦ
1245 1217 1261 1244 ,
1289 1177 1647 1249 ὑπηρέτησαν
1676 1181 1733 1233 αἱ
1766 1183 1951 1251 χεῖρες
2004 1226 2009 1229 Α

362 1258 544 1320 αὗται.
578 1266 764 1320 Πάντα
786 1266 1040 1333 ὑπέδειξα
1073 1268 1227 1338 ὑμῖν,
1255 1269 1339 1323 ὅτι
1367 1269 1513 1325 οὓτω
1535 1274 1844 1339 κοπιῶντας
1870 1275 1954 1328 δεῖ

361 1358 459 1412 ἀντ
468 1356 865 1426 ιλαμϐἀνεσθαι
892 1357 1004 1411 τῶν
1033 1357 1433 1414 ἀσθενούντων.
1877 1374 1881 1379 ’

433 1451 659 1518 Σολομ.
700 1454 774 1519 τ’.
792 1448 1122 1519 -Ἇγαθῶν
1150 1450 1351 1515 πόνων,
1384 1453 1599 1525 καρπὸς
1628 1453 1876 1526 εὐκλεής.

431 1629 555 1694 Σιρ.
585 1622 697 1679 ra'.
732 1654 804 1664 —-
832 1623 1164 1698 Ἐργάζεσθε
1208 1624 1270 1679 τὸ
1299 1624 1462 1695 ἔργον
1495 1627 1655 1697 ἡμῶν
1687 1627 1796 1699 πρὸ
1825 1615 1951 1682 κᾶι-

364 1717 480 1790 ροῦ,
510 1718 605 1771 καὶ
626 1716 791 1771 δώσει
814 1717 907 1771 τὸν
936 1716 1129 1788 μισθὸν
1156 1717 1314 1788 ὑμῶν
1346 1719 1405 1771 ὲν
1435 1718 1615 1791 καιρῷ
1647 1720 1839 1774 αὑτοῦ.

438 1902 655 1954 Βασιλ.
692 1928 764 1938 -
792 1897 867 1951 Τὸ
898 1896 1011 1968 γὰρ
1044 1896 1193 1969 πόνῳ
1239 1897 1442 1968 κτηθὲν
1486 1898 1805 1970 περιχαρῶς
1840 1900 1949 1952 ὑπ-

364 1990 555 2061 εδέχθη
576 2033 591 2055 ,
670 1991 763 2044 καὶ
832 1989 1139 2058 φιλοπόνως
1200 1989 1559 2063 διεφυλάχθη.
1620 1985 1722 2045 Ὧν
1767 1993 1950 2062 μέντοι

366 2074 661 2154 πρόχειρος
703 2084 732 2136 δ
767 2082 1075 2155 πορισμὸς,
1118 2083 1330 2137 τούτων
1382 2085 1417 2155 ἡ
1468 2085 1666 2155 κτῆσις
1706 2086 1949 2140 εὐκατα-

367 2176 659 2247 φρόνητος.

435 2267 502 2320 Τί
529 2267 640 2321 τῶν
669 2266 890 2335 ἀγαθῶν
927 2264 1187 2333 εὖκολονς
1226 2267 1326 2330 Τίς
1358 2267 1641 2321 καθεύδων
1685 2269 1953 2340 τρόπαιον

365 2356 598 2428 laenae;
651 2357 749 2421 Τίς
794 2355 1021 2428 τρυφῶν
1073 2356 1171 2409 καὶ
1218 2357 1663 2428 καταυλούμενος
1698 2361 1811 2423 τοῖς
1850 2360 1951 2431 τῆς

365 2448 648 2510 εὐσεϐείας
692 2447 982 2516 στεφάνοις
1025 2447 1449 2520 κατεκοσμήθης
1499 2449 1687 2513 Οὐδεὶς
1719 2449 1795 2522 μὴ
1821 2450 1952 2521 δρα-

370 2540 486 2613 μὼν
514 2540 761 2594 ἀνείλετο
791 2537 1062 2610 βραϐεῖον.
1101 2538 1262 2593 Πόνοι
1288 2539 1521 2609 γεννῶσι
1561 2540 1744 2607 δόξαν,
1769 2541 1953 2612 κάμα-

366 2650 447 2687 τοι
465 2628 796 2705 προξενοῦσι
828 2630 1148 2701 στεφάνους.

422 2809 711 2862 ’Θεολμ-
741 2777 1135 2876 Γενναιότερον
1184 2806 1250 2860 ὲκ
1306 2806 1403 2860 τοῦ
1451 2807 1645 2865 παθεῖν
1687 2808 1750 2862 τὸ
1798 2809 1954 2879 φιλό-

375 2916 558 2968 σοφον,
600 2898 789 2970 ὥσπερ
830 2896 1026 2969 ψυχρῷ
1059 2898 1278 2972 σίδηρος
1301 2939 1316 2965 ,
1347 2888 1493 2955 οὕτω
1526 2904 1640 2966 τοῖς
1682 2902 1955 2969 κινδύνοις

370 2992 761 3062 στομούμενον.

2047 517 2274 571 omnino
2320 516 2648 583 faciendus,
2694 518 2873 573 amico
2937 516 3198 572 simulato
3242 516 3511 585 loquente
3563 516 3636 574 ad

2046 605 2277 675 gratiam
2288 646 2301 659 .

2599 717 2831 773 SERMO
2865 717 3086 773 XXXII.

2379 808 2457 862 De
2483 807 2679 862 laboris
2707 808 2882 862 studio
2908 825 2972 862 ac
3010 808 3314 880 diligentia.

2115 895 2275 950 Joan.
2302 898 2357 960 τ,
2393 897 2482 953 l7.
2508 927 2579 938 --
2596 898 2759 965 Pater
2772 911 2930 952 meus
2956 911 3133 967 usque
3160 896 3326 952 modo
3344 905 3633 968 operatur,

2048 994 2104 1042 et
2125 1002 2228 1058 ego
2258 1002 2484 1058 operor.

2119 1081 2234 1135 Act.
2267 1097 2358 1146 xx,
2397 1082 2487 1137 34.
2518 1112 2591 1123 —
2624 1081 2736 1152 Ipsi
2759 1080 2915 1136 scitis
2939 1120 2954 1146 ,
2988 1081 3251 1150 quoniam
3285 1082 3355 1137 ad
3387 1097 3472 1147 ea,
3514 1099 3638 1154 quae

2048 1169 2184 1223 mihi
2212 1184 2351 1239 opus
2365 1178 2545 1236 erant,
2595 1178 2653 1226 et
2686 1169 2776 1224 his
2795 1168 2891 1238 qui
2916 1184 3133 1224 mecum
3169 1179 3321 1235 sunt,
3347 1171 3638 1226 ministra-

2048 1268 2249 1314 verunt
2280 1276 2476 1316 manus
2498 1261 2641 1316 istae.
2678 1258 2876 1315 Omnia
2907 1260 3127 1314 ostendi
3147 1259 3327 1324 vobis,
3346 1245 3351 1250 ’
3372 1262 3637 1330 quoniam

2050 1351 2130 1405 sic
2150 1350 2464 1406 laborantes
2487 1358 2706 1421 oportet
2749 1349 3033 1419 suscipere
3058 1349 3316 1405 infirmos

2089 1438 2252 1528 'Sap.
2280 1459 2361 1506 ιιι,
2400 1442 2488 1497 15.
2522 1472 2595 1483 —
2619 1441 2901 1497 Bonorum
2944 1441 3199 1496 laborum
3237 1441 3514 1512 gloriosus
3553 1450 3640 1499 est

2051 1533 2076 1588 f
2078 1543 2288 1588 ructus.

2123 1624 2291 1679 Eccli.
2321 1641 2394 1688 ιι,
2437 1625 2527 1680 38.
2572 1654 2644 1664 —
2686 1622 3005 1694 Operamini
3046 1638 3189 1693 opus
3226 1633 3475 1679 vestrum
3507 1634 3636 1681 ante

2053 1722 2289 1785 tempus,
2313 1724 2371 1771 et
2398 1715 2554 1770 dabit
2573 1715 2732 1770 vobis
2764 1713 3076 1769 mercedem
3125 1720 3367 1768 vestram
3414 1715 3471 1768 in
3498 1723 3639 1771 tem-

2090 1821 2186 1860 ore
2233 1821 2357 1861 8110.

2090 1821 2186 1860 ore
2233 1821 2357 1861 suo.

2052 1821 2087 1875 Ρ
2120 1894 2332 1951 Basilii.
2359 1926 2429 1937 —
2450 1893 2608 1961 Quod
2630 1892 2777 1949 enim
2802 1892 2999 1947 labore
3032 1898 3249 1962 partum
3274 1901 3363 1947 est
3382 1933 3395 1957 ,
3430 1893 3640 1964 majore

2044 1986 2241 2057 laetitia
2265 1986 2538 2054 accipitur
2579 1981 3014 2056 diligentiusque
3048 1993 3336 2052 servatur;
3395 1975 3636 2055 quorum

2051 2084 2236 2132 autem
2271 2076 2447 2131 facilis
2490 2084 2576 2132 est
2617 2076 2938 2148 acquisitio,
2981 2076 3182 2133 horum
3219 2079 3465 2148 proclive
3503 2094 3640 2135 con-

2052 2180 2332 2227 temnatur
2366 2173 2671 2243 possessio.

2119 2263 2260 2330 Quid
2283 2265 2340 2319 in
2360 2264 2463 2331 eis,
2488 2280 2612 2335 quae
2644 2264 2712 2321 de
2738 2279 2940 2336 genere
2968 2264 3243 2319 bonorum
3268 2248 3645 2331 sunt,facile?

2051 2354 2187 2422 Quis
2222 2372 2419 2412 somno
2446 2356 2669 2410 deditus
2708 2354 2978 2425 tropaeum
3014 2355 3235 2411 erexit?
3269 2354 3405 2421 Quis
3429 2355 3646 2410 deliciis

2052 2446 2355 2517 fractisque
2403 2428 2644 2501 modulis
2676 2456 2843 2524 atque
2885 2446 3081 2511 tibiis,
3130 2446 3354 2516 pietatis
3405 2461 3642 2501 coronas

2053 2546 2389 2592 consecutus
2410 2538 2536 2593 est?
2564 2537 2739 2593 Nemo
2773 2537 2895 2592 nisi.
2920 2537 3013 2607 qui
3039 2537 3370 2601 cucurrerit,
3403 2537 3643 2606 palmam
3713 2569 3719 2575 ε

2053 2629 2266 2684 retulit.
2300 2629 2543 2685 Labores
2573 2629 2805 2699 gloriam
2851 2628 3114 2699 pariunt;
3148 2626 3385 2683 sudores
3422 2629 3642 2683 strenui

2054 2722 2673 2791 anxiique'coronarum
2695 2721 2971 2777 exsistunt
2995 2721 3223 2791 pararii.

2122 2812 2388 2883 Theologi.
2420 2843 2489 2853 —
2513 2814 2594 2868 Ex
2628 2813 2898 2867 malorum
2928 2812 3289 2882 perpessione
3315 2811 3494 2866 virtus
3522 2810 3644 2880 ipsa

2056 2906 2379 2977 generosior
2405 2906 2715 2976 fortiorque
2742 2905 3029 2973 redditur;
3081 2921 3225 2976 quae,
3263 2906 3409 2961 sicut
3436 2906 3645 2961 ferrum

2057 2997 2278 3068 frigida,
2311 2997 2392 3053 sic
2410 2996 2678 3069 periculis
2702 2997 2948 3059 duretur.
3341 3002 3346 3007 '

435 3083 743 3147 Χρυσόστ.
770 3111 839 3121 --
867 3079 1155 3151 Πανταχοῦ
1195 3082 1283 3136 διὰ
1312 3083 1593 3148 δισκολίας
1637 3086 1732 3139 καὶ
1771 3088 1947 3141 πόνων

2127 3087 2396 3160 Chrysost.
2430 3117 2502 3128 —
2526 3089 2743 3159 Ubique
2778 3105 2877 3159 per
2914 3087 3268 3145 difﬁcultates
3299 3097 3356 3145 et
3397 3089 3642 3157 labores,

366 3174 479 3235 τοῖς
518 3172 1071 3244 ἀνθρώποιςιπέφυκε
1118 3174 1189 3226 τὰ
1235 3174 1484 3246 χρήσιμα
1529 3166 1949 3249 παραγίνεσθαι.

437 3262 730 3325 Φίλωνος.
758 3291 829 3300 -
859 3260 918 3315 '0
945 3261 1044 3332 μὲν
1075 3261 1166 3315 τὸν
1194 3263 1356 3317 πόνον
1388 3265 1628 3334 φεύγων,
1661 3268 1854 3334 φεύγει
1884 3266 1953 3321 τὰ

314 3415 318 3418 ς
365 3352 582 3421 ἀγαθάο
636 3354 673 3406 δ’
702 3353 760 3407 δὲ
800 3354 1073 3427 τλητικῶς
1122 3357 1216 3409 καὶ
1249 3356 1511 3429 ἀνδρείως
1552 3358 1843 3430 ὑπομένων
1880 3359 1952 3413 τὰ

363 3443 805 3516 δυσκαρτέρητα,
834 3445 1056 3499 σπεύδει
1088 3446 1226 3517 πρὸς
1254 3449 1659 3521 μακαριότητα.

447 3535 660 3604 Ἰσοκρ.
681 3565 755 3576 -
782 3536 1033 3608 Γύμναζε
1075 3537 1272 3593 σαυτὸν
1303 3540 1489 3604 πόνοις
1522 3540 1795 3606 ἑκουσίοις
1817 3583 1831 3609 ,
1863 3541 1953 3596 ἵνα

363 3625 523 3700 δόξῃς
549 3629 645 3682 καὶ
676 3629 803 3692 τοὺς
831 3629 1129 3694 ἀκουσίους
1160 3630 1477 3703 ὑπομένειν.

1028 3826 1276 3894 Καρκίν.

357 3917 570 3985 Οὐδεὶς
599 3917 853 3973 ἔπαινον
880 3919 1126 3987 ἡδοναῖς
1148 3917 1446 3987 ἐκτήσατο
1474 3936 1489 3950 ⁸

365 3987 575 4057 Οὐδεὶς
597 3987 869 4057 ῥάθυμος
895 3986 1159 4055 εὐκλεὴς
1181 3986 1337 4057 ἀνήρ
1369 4006 1385 4020 ⁶

375 4056 534 4111 Ἀλλ’
566 4060 623 4111 οι
662 4056 837 4112 πόνοι
866 4059 1142 4113 τίκτουσι
1173 4056 1664 4129 τὴκεὺανδρίαν.

432 4173 676 4226 Φιλίσκ.
705 4200 779 4211 -
805 4171 918 4225 Ούκ
950 4170 1122 4233 ἐστιν,
1159 4164 1458 4252 ὧμάταιε,
1487 4173 1585 4227 σὺν
1611 4172 1855 4245 ῥᾳθυμίᾳ
1881 4171 1949 4227 τὰ

358 4262 470 4316 τῶν
495 4262 802 4318 πονούντων
831 4264 908 4334 μὴ
931 4264 1271 4334 πονήσαντας
1300 4262 1502 4319 λαϐεῖν.

2055 3181 2199 3237 bona
2235 3182 2556 3237 hominibus
2589 3181 2854 3236 obvenire
2883 3181 3083 3235 solent.

2126 3272 2385 3327 Philonis.
2408 3304 2478 3312 —
2505 3273 2609 3339 Qui
2636 3272 2883 3328 laborem
2909 3273 3071 3344 fugit,
3102 3274 3149 3327 is
3173 3273 3321 3328 bona
3347 3272 3485 3344 fugit
3510 3290 3524 3339 ‘,
3550 3273 3647 3345 qui

2053 3372 2236 3419 autem
2268 3366 2535 3419 tolerante
2582 3372 2925 3435 strenuoque
2954 3365 3155 3420 mentis
3193 3367 3482 3436 proposito
3525 3382 3649 3437 qua:

2052 3457 2191 3511 dura
2230 3466 2361 3511 sunt
2393 3457 2655 3522 sustinet,
2679 3457 2749 3511 ad
2780 3457 3102 3511 beatitatem
3132 3456 3335 3515 festiue
3367 3458 3565 3512 currit.

2125 3547 2347 3602 Isocrat.
2378 3579 2447 3588 —
2476 3548 2685 3604 Excrce
2721 3548 2962 3619 teipsuln
3004 3550 3306 3618 assumptis
3339 3557 3535 3618 sponte
3566 3549 3648 3603 la-

2052 3638 2305 3704 boribus,
2341 3646 2402 3693 ut
2424 3646 2618 3705 cteos,
2652 3639 2748 3711 qui
2779 3637 2968 3694 invitis
2989 3637 3321 3706 obveuiunt,
3367 3639 3646 3694 sustinere

2052 3728 2324 3799 proberis.
3204 3727 3213 3735 “

2695 3845 2796 3915 21
2830 3844 3071 3915 Carcini.

2051 3910 2218 3986 ﬂente
2253 3929 2490 3986 unquam
2541 3845 3140 3986 ιαιιὲἓιιὺοῆἓιζῗέιτίδιιε
3200 3922 3510 3968 consecutus
3544 3921 3644 3970 est.

1943 4016 1951 4026 ι
2050 3980 2257 4056 1_Vullr_rs_
2273 3980 2486 4056 segnior
2510 3984 2592 4038 vir
2622 3980 2918 4056 magniﬁce
2938 3985 3119 4040 clarus
3152 3986 3324 4056 factus
3357 3992 3453 4038 est.

2014 4132 2033 4147 .
2051 4049 2157 4108 Sed
2182 4049 2387 4107 labores
2427 4054 2581 4123 fortia
2611 4049 2782 4108 animi
2807 4049 3125 4110 claritatem
3152 4049 3443 4109 adducunt.

2122 4168 2361 4224 Philisci.
2395 4199 2467 4209 —
2513 4169 2659 4225 Fieri
2712 4187 2825 4226 non
2872 4179 3077 4241 potest,
3137 4170 3304 4227 stulte
3350 4171 3539 4237 homo,
3587 4181 3649 4227 ut

2053 4255 2489 4329 cum'segnitie,
2526 4259 2633 4329 ipsi
2702 4276 2816 4316 non
2869 4260 3208 4328 laborantes,
3270 4261 3647 4317 laborantium

2051 4350 2275 4420 prmmia
2313 4365 2736 4421 consequamur.

431 4440 753 4509 Εὐαγρίου.
776 4469 846 4480 -
877 4438 1112 4492 Ἀτοπόν
1145 4439 1294 4493 ἐστιν
1323 4419 1592 4494 διώκοντα
1634 4439 1943 4511 τὰςτιμὰς,

2119 4441 2358 4512 Evagrii.
2401 4470 2457 4481 -—
2490 4419 2806 4497 Absurdum
2832 4451 2938 4507 est,
2969 4452 3031 4498 ut
3054 4444 3146 4515 qui
3187 4444 3427 4505 honores
3451 4461 3648 4502 conse‘

360 4531 586 4602 φεύγειν
613 4533 743 4596 τοὺς
781 4531 999 4596 πόνους,
1021 4533 1089 4587 δι’
1114 4525 1189 4587 ὧν
1218 4534 1275 4586 αἱ
1293 4532 1474 4602 τιμαί.

376 4656 381 4664 λ
428 4624 653 4675 Πλουτ.
683 4650 755 4662 -
787 4621 1002 4692 Ὠσπερ
1054 4621 1287 4692 ὄργανον
1340 4621 1525 4676 ἄνεσιν
1562 4623 1659 4677 καὶ
1697 4621 1949 4676 ἐπίτασιν

356 4708 633 4783 λαμϐάνον
656 4712 758 4781 ἡδὺ
797 4711 1030 4783 γίνεται,
1058 4712 1203 4768 οὕτω
1232 4714 1326 4768 καὶ
1362 4712 1497 4784 βίος.

426 4889 655 4945 Νικίου.
685 4921 755 4932 —
776 4882 945 4955 Οὗτος
975 4889 1117 4947 οὕτω
1140 4891 1423 4962 φιλόπονος
1451 4889 1541 4964 ἦν,
1574 4891 1717 4946 ὥστε
1742 4892 1944 4947 πολλά-

358 4993 447 5041 κις
470 4981 678 5052 ἐρωτᾷν
696 4982 827 5045 τοὺς
856 4982 1163 5049 οἰκέτας,εἰ
1197 4984 1472 5048 λέλουται,
1495 4984 1528 5055 ἢ
1553 4985 1602 5036 εί
1623 4983 1941 5055 ἠρίστηκεν.

440 5066 742 5140 Ἀρχιμήδ.
776 5103 847 5112 -
887 5072 1223 5145 Ἀρχιμήδην
1248 5076 1314 5145 τῇ
1350 5073 1521 5127 σανίδι
1548 5074 1945 5146 προσκείμενον

354 5246 450 5302 ἐπὶ
474 5255 573 5305 τοῦ
599 5251 851 5324 σώματος
874 5254 1257 5326 ἀληλιμμένου
1277 5254 1541 5325 διέγραφε
1564 5254 1633 5308 τὰ
1663 5256 1938 5324 σχήματα.

2049 4518 2253 4597 ctatur,
2294 4529 2515 4585 labores
2569 4528 2764 4600 fugiat,
2795 4531 3001 4601 quibus
3060 4532 3298 4588 honores
3350 4544 3641 4603 parantur.

2118 4619 2421 4676 Plutarchi.
2457 4651 2527 4662 —
2558 4620 3039 4688 Quemadmodum
3094 4639 3361 4696 organum
3428 4626 3641 4680 alterna

2047 4712 2377 4768 remissione
2429 4729 2494 4769 ac
2548 4713 2863 4770 intensione
2915 4731 3085 4772 suave
3134 4716 3412 4780 redditur,
3451 4717 3530 4772 sic
3584 4726 3649 4789 et

2045 4801 2182 4856 vita.

2113 4892 2317 4947 Nicias.
2348 4922 2417 4932 —
2444 4892 2544 4949 llic
2574 4894 2716 4950 adeo
2758 4895 2935 4951 labori
2974 4895 3196 4952 deditus
3234 4895 3361 4960 fuit,
3401 4901 3464 4948 ut
3494 4910 3637 4966 εξερε

2040 4972 2277 5038 famulos
2307 4993 2559 5059 rogaret,
2587 5001 2718 5040 num
2747 4986 2992 5052 lavisset,
3028 5001 3091 5040 ac
3120 5001 3356 5056 pransus
3395 4994 3563 5040 esset.

2109 5073 2471 5127 Archimedes.
2499 5102 2571 5114 -—
2608 5074 2996 5130 Archimedem
3058 5075 3261 5131 tabula),
3307 5076 3636 5131 incumben-

232 5184 242 5195 -
357 5155 717 5227 ἀποσπῶντες
749 5162 840 5235 βίᾳ
868 5165 917 5216 οἱ
948 5163 1302 5236 θεράποντες.
1333 5162 1573 5232 εἶλειφον
1611 5180 1625 5195 ·
1678 5165 1708 5217 ὁ
1735 5164 1815 5227 δὲ,
1847 5164 1943 5218 καὶ

2071 5178 2174 5230 em,
2215 5164 2587 5220 cum-famuli
2644 5182 2741 5236 per
2775 5167 2886 5221 vim
2934 5166 3277 5222 abstractum
3330 5175 3635 5238 ungerent;

2038 5254 2132 5310 ille
2172 5255 2229 5310 in
2263 5256 2385 5326 ipsa
2415 5256 2664 5313 delibuta
2696 5266 2824 5314 cute
2851 5256 3056 5329 ﬁguras
3098 5258 3456 5332 depingebat.

1630 5364 1860 5420 νΑιιυΕ
1894 5365 2193 5423 LECTlON
2202 5367 2306 5423 ES.

422 5452 471 5486 “
492 5452 607 5509 Bal.
659 5455 910 5528 Σωκράτ.
987 5456 1034 5490 ⁸⁸
1068 5456 1127 5511 ln
1159 5456 1325 5514 Gesn.
1360 5457 1518 5514 Stob.
1550 5458 1674 5514 118.

1836 5548 2067 5636 noras.

352 5650 475 5712 rum
500 5637 768 5712 cujusque
804 5639 993 5710 καιρὸς
1020 5650 1111 5712 est
1160 5649 1216 5695 et
1249 5648 1566 5711 tempestas,
1594 5657 1693 5712 per

348 5706 647 5782 iucundior
669 5706 863 5765 eorum
892 5706 1101 5782 gratia;
1128 5712 1274 5782 quod
1306 5706 1485 5793 ipsum
1534 5706 1610 5768 de'
1628 5706 1909 5782 parabola,

1782 5658 1907 5719 nam
2022 5646 2498 5719 arguto__scr_mo_nc‘
2522 5649 2578 5695 et
2599 5639 2894 5719 sententia,
2957 5640 3193 5719 diversis
3236 5647 3357 5717 ejus
3405 5647 3625 5719 generis

2020 5711 2287 5784 exemplis
2316 5711 2599 5767 declarant
2626 5711 2743 5782 ipsa
2781 5711 2972 5767 divina
3000 5711 3247 5782 eloquia.
