3994 6172
362 254 462 323 891

1488 250 1550 309 S.
1588 246 1875 308 ΜΑΧΙΜΙ
1914 244 2421 308 CONFESSORIS

3511 246 3621 308 89?.

431 365 699 422 Danastii.
745 386 817 404 --
859 359 1258 416 Demosthenes
1310 373 1341 413 a
1395 359 1637 428 quodam
1686 367 1930 429 rogatus,

2104 361 2363 428 Δημοσθ.
2392 388 2460 399 -
2500 354 2827 426 Ἐρωτηθεὶς
2846 330 3147 417 ύπδτινος,
3177 353 3302 417 Πῶς
3333 353 3434 424 τῆς
3457 356 3621 426 ῥητο-

362 469 605 527 quonam
638 451 802 507 modo
822 436 1116 505 oratoriam
1145 457 1318 503 artem
1340 457 1536 504 nactus
1566 457 1712 503 esset
1736 466 1750 501 :
1781 448 1931 512 Plus,

359 546 563 616 inquit,
595 542 723 606 olei,
749 553 914 610 quam
945 539 1059 593 vini
1087 537 1440 593 insumendo.

427 636 513 691 Ea:
563 634 801 686 Democr.
871 638 922 684 et
972 629 1201 684 Isocrat.
1253 630 1554 683 sententiis.
1604 660 1674 670 —
1721 628 1937 699 Corpus

357 718 581 797 quidem
619 721 905 777 laboribus
934 721 1127 791 subige
1175 720 1354 790 iisque
1398 735 1634 787 exerce;
1692 720 1935 774 animum

357 829 493 870 vero
538 812 607 868 ad
650 810 878 867 ferenda
929 820 1151 866 strenue
1194 808 1524 879 fortiterque
1564 809 1810 879 pericula
1844 808 1942 864 ad-

359 906 510 960 bibe.

432 996 579 1050 Idem
632 1004 867 1067 rogante
909 993 1170 1064 quodam,
1223 1008 1335 1063 qua
1384 1007 1446 1047 re
1494 990 1785 1047 diﬂ'errent
1833 990 1940 1047 viri

362 1085 648 1141 laboribus
700 1082 950 1146 strenui,
1003 1082 1073 1137 ab
1120 1082 1191 1137 iis
1223 1083 1320 1152 qui
1367 1097 1565 1153 segnes
1610 1090 1669 1137 et
1721 1081 1944 1137 desides

361 1174 531 1229 vitam
563 1181 823 1245 agerent:
861 1172 997 1239 Qua,
1039 1171 1138 1239 ait,
1171 1173 1249 1242 pii
1287 1173 1357 1228 ab
1396 1173 1618 1245 impiis:
1654 1173 1805 1244 quod
1838 1173 1948 1230 sci-

364 1266 497 1320 licet
527 1265 670 1319 bona
701 1279 798 1333 spe
828 1264 953 1318 freti
989 1273 1138 1319 sunt.

436 1353 587 1408 ldem
616 1360 915 1422 conspecto
950 1353 1155 1423 juvene
1199 1352 1485 1409 laboribus
1533 1363 1784 1419 strenuo,
1812 1351 1948 1408 Pul-

367 1443 725 1506 cberrimum,
756 1443 955 1512 inquit,
985 1443 1255 1497 senectuti
1301 1443 1495 1498 condis
1520 1443 1836 1499 obsonium.

437 1532 744 1587 Democriti.
782 1562 854 1573 —
874 1532 1080 1602 Sponte
1108 1533 1372 1604 assumpti
1401 1533 1643 1599 labores,
1672 1542 1733 1588 ut
1769 1533 1949 1589 levius

2040 448 2202 517 ρικῆς
2233 445 2600 518 περιεγένετο,
2644 444 2770 515 ἔφη,
2802 443 2969 497 Πλέον
2993 441 3170 495 ἔλαιον
3197 441 3343 496 οῐνου
3378 444 3627 515 δαπανή-

2037 554 2158 602 σας.

2119 601 2222 683 ’ἐκ
2240 629 2360 683 τῶν
2375 627 2689 698 Δημοκρίτ.
2703 626 2803 682 καὶ
2828 624 3121 694 Ἰσοκράτ.
3142 658 3209 668 -
3223 626 3296 680 Γύ
3306 627 3480 697 μναζε
3507 630 3624 693 τοῖς

2043 720 2143 791 μὲν
2171 720 2377 785 πόνοις,
2407 720 2470 774 τὸ
2499 719 2683 791 σῶμα,
2726 719 2827 791 τὴν
2874 719 2936 774 δὲ
2967 718 3147 791 ψυχὴν
3183 720 3449 790 γενναίως
3487 721 3622 775 ὑπο·-

2044 811 2226 883 μένειν
2257 813 2388 876 τοὺς
2408 811 2685 877 κινδύνους

2125 991 2187 1046 Ὀ
2241 991 2402 1056 αὐτὸς
2458 991 2756 1065 ἐρωτηθεὶς
2788 990 2895 1046 ὑπό
2921 1006 3092 1056 τινος,
3120 988 3228 1043 τίνι
3250 990 3302 1042 οι
3338 986 3623 1059 φιλόπονοι

2043 1081 2152 1136 τῶν
2177 1082 2438 1155 ῥᾳθύμων
2456 1082 2827 1155 διαφέρουσιν,
2852 1075 3031 1147 εἶπεν,
3051 1079 3129 1144 ὡς
3160 1081 3209 1134 οἱ
3242 1077 3487 1142 εύσεὸεἶς
3514 1077 3628 1132 τῶν

2045 1176 2258 1232 ἀσεϐῶν
2292 1175 2393 1250 (y),
2418 1174 2630 1231 ἐλπίσιν
2655 1175 2910 1246 ἀγαθαῖς.

2129 1355 2191 1409 '0
2229 1354 2392 1418 αὐτὸς
2426 1352 2550 1408 ἰδὼν
2574 1352 2793 1409 νεανίαν
2842 1348 3260 1421 φιλοπονοῦντα,
3302 1346 3430 1420 ἔφη,
3479 1350 3631 1408 Κάλ-

2046 1445 2226 1501 λιστον
2253 1445 2383 1516 ὀψον
2409 1446 2487 1517 τῷ
2505 1446 2708 1515 γήρατι
2740 1442 2980 1515 ἀρτύεις.

2119 1539 2431 1607 Δημοκρίτ.
2464 1566 2534 1578 -
2559 1538 2622 1590 υἱ
2651 1536 2889 1590 ἑκούσιοι
2917 1534 3091 1599 πόνοι,
3139 1535 3239 1607 τὴν
3296 1535 3407 1590 τῶν
3459 1534 3624 1589 dm-

368 1622 743 1680 suStineamus
769 1621 864 1690 qui
901 1630 1130 1676 externo
1146 1630 1342 1694 agente
1374 1632 1540 1693 atque
1569 1623 1760 1679 invitis
1783 1622 1948 1678 adbi-

2090 1631 2184 1709 ιων
2209 1627 2488 1701 ὑπομονὴν
2519 1627 2885 1711 ἐλαφροτέραν
2916 1627 3451 1697 παρασκευάζουσιν.

367 1714 589 1780 bentur,
626 1710 892 1768 efﬁciunt.

912 1802 1144 1859 SERMO
1179 1802 1421 1859 XXXIII.

910 1892 989 1948 De
1017 1893 1402 1964 jurejurando.

437 1984 632 2040 Matth.
665 2000 723 2050 v,
784 1983 876 2038 34.
927 2016 943 2023 -
1031 1982 1146 2053 Ego
1202 1991 1386 2037 autem
1438 1983 1564 2039 dico
1607 1982 1766 2039 vobis
1834 1997 1950 2038 non

363 2073 549 2144 jurare
583 2072 849 2136 omnino;
892 2084 1071 2140 neque
1119 2085 1218 2138 per
1266 2071 1489 2138 caelum,
1537 2071 1668 2144 quia
1711 2071 1950 2127 thronus

365 2162 466 2217 Dei
514 2172 635 2228 est;
666 2177 855 2231 neque
902 2175 1003 2231 per
1058 2167 1285 2224 terram,
1339 2161 1472 2230 quia
1515 2161 1820 2217 scabellum
1863 2171 1950 2218 est

364 2254 567 2326 pedum
599 2255 741 2326 ejus.

434 2345 555 2401 Jac.
593 2362 647 2411 ν,
679 2348 769 2402 12.
810 2376 877 2388 --
902 2346 1044 2404 Ante
1075 2349 1260 2404 omnia
1307 2356 1514 2411 autem,
1564 2346 1765 2402 fratres
1814 2346 1945 2412 mei,

363 2438 535 2493 nolite
556 2439 766 2509 jurare,
793 2454 974 2509 neque
1000 2456 1100 2509 per
1121 2440 1349 2511 cmlum,
1381 2454 1562 2509 neque
1589 2454 1690 2509 per
1721 2447 1946 2503 terram,

364 2543 545 2597 neque
573 2529 724 2584 aliud
772 2529 1147 2600 quodcunque
1187 2531 1588 2600 juramentum.
1630 2528 1716 2584 Sit
1759 2535 1947 2583 autem

360 2632 550 2672 sermo
572 2626 757 2673 vester
783 2634 813 2699 ιι
837 2618 964 2683 Est,
995 2628 1112 2687 est;
1144 2620 1288 2684 Non,
1316 2611 1448 2673 non.

435 2705 568 2778 Sap.
622 2724 732 2776 xiv,
787 2708 880 2763 50.
935 2739 1007 2750 -
1050 2709 1389 2766 ιυτιινθτυηι
1439 2709 1644 2779 injuste
1700 2707 1758 2761 in
1820 2706 1949 2762 dolo

361 2808 549 2870 spreta
581 2800 893 2856 sanctitate.
919 2799 1041 2856 Non
1061 2799 1208 2854 enim
1238 2814 1434 2855 eorum
1463 2814 1564 2869 per
1595 2813 1736 2868 quos
1758 2799 1950 2869 juran-

365 2900 459 2946 tur
485 2890 686 2957 virtus,
724 2891 822 2947 sed
856 2890 1206 2962 peccantium
1248 2905 1413 2961 pmua
1464 2889 1751 2945 ulciscitur
1781 2889 1944 2960 622

366 2996 586 3051 semper
607 2980 941 3052 injustorum
963 2980 1500 3051 praevaricationem.

437 3070 605 3147 Eccli.
639 3087 794 3138 mn,
816 3071 872 3137 9,
904 3073 992 3127 12.
1019 3102 1087 3113 --
1117 3071 1189 3128 Ut
1226 3086 1424 3126 servus
1465 3070 1521 3124 in
1560 3084 1726 3140 quem
1773 3070 1955 3125 conti-

368 3179 483 3219 nuo
513 3164 835 3233 inquiritur,
864 3179 894 3218 a
915 3163 1091 3218 livore
1119 3178 1229 3217 non
1269 3162 1589 3227 minuetur;
1625 3162 1706 3216 sic
1747 3161 1842 3232 qui
1865 3150 1956 3232 ju4

372 3262 457 3308 rat
480 3254 763 3325 Deumque
789 3253 1011 3309 assidue
1038 3252 1308 3317 nominat,
1340 3267 1371 3306 a
1393 3260 1620 3323 peccato
1647 3267 1758 3307 non
1789 3266 1952 3306 mun-

371 3345 618 3400 dabitur.

443 3437 543 3493 Vir
567 3436 801 3491 multum
833 3435 1028 3507 jurans
1051 3435 1374 3506 implebitur
1408 3434 1722 3506 iniquitate,
1754 3442 1811 3490 et
1842 3449 1954 3490 non

374 3524 622 3581 discedet
649 3541 680 3580 a
700 3524 864 3581 domo
895 3525 1046 3581 illius
1067 3525 1246 3596 plaga.

444 3702 549 3772 Qui
578 3705 941 3777 jurejurando
981 3706 1175 3762 falsum
1224 3706 1446 3770 astruit,
1477 3720 1748 3776 pessumas
1791 3705 1959 3761 inbu-

378 3795 661 3852 manitatis
687 3811 901 3853 merces
925 3797 1232 3864 elucratur,
1265 3796 1414 3867 quod
1439 3811 1569 3852 reus
1604 3796 1833 3866 perjurii
1860 3796 1959 3852 sit.

370 3952 383 3965 ρ
452 3883 657 3940 Basilii.
693 3914 765 3925 —
788 3884 972 3955 Turpe
1014 3894 1099 3940 est
1128 3885 1354 3940 omnino
1397 3899 1462 3939 ac
1499 3884 1793 3940 dementia:
1839 3885 1961 3955 ple-

380 3995 536 4044 num,
571 3994 837 4035 accusare
859 3979 1123 4048 teipsum,
1157 3993 1223 4032 ac
1261 3978 1308 4032 si
1340 3977 1506 4033 (idem
1538 3993 1651 4032 non
1677 3978 1961 4046 merearis,

380 4070 657 4140 dictisque
679 4068 1045 4141 jurisjurandi
1088 4067 1407 4124 ﬁrmitatem
1442 4066 1701 4139 adjicere.

452 4183 501 4218 ⁸⁸
527 4181 615 4238 Al.
642 4181 929 4240 Demosth.
1003 4182 1051 4216 “
1076 4183 1138 4240 ln
1162 4181 1331 4240 Gesn.
1372 4181 1531 4240 Stob.
1559 4183 1686 4241 H5.

2603 1806 2823 1861 ΛΟΓΟΣ
2861 1807 2963 1861 AI"
3002 1807 3071 1863 “.

2495 1898 2501 1904 ’
2630 1896 2771 1967 Περὶ
2828 1896 3036 1966 ὅρκου.

2117 1994 2304 2048 Maro.
2336 1989 2400 2046 ε’.
2432 2019 2500 2031 -
2530 1989 2688 2059 Λέγω
2714 1989 2841 2060 ὑμῖν
2873 1989 2949 2061 μὴ
2974 1989 3173 2060 ὀμόσαι
3200 1989 3365 2056 δλως,
3397 1991 3540 2064 μήτε
3566 1990 3630 2047 ιν

2047 2085 2127 2156 τῷ
2155 2084 2392 2157 οὐρανῷ,
2419 2085 2502 2137 ὅτι
2528 2082 2720 2154 θρόνος
2756 2082 2874 2136 ἐστὶ
2908 2081 3004 2135 τοῦ
3052 2081 3212 2146 Θεοῦ,
3254 2082 3395 2156 μήτε
3448 2083 3508 2139 ιν
3556 2085 3629 2157 τῇ

2047 2178 2142 2246 γῇ,
2171 2174 2254 2229 ὅτι
2290 2171 2579 2227 ὑποπόδιόν
2598 2171 2717 2224 ἐστι
2743 2170 2853 2224 τῶν
2884 2168 3063 2229 ποδῶν
3092 2170 3281 2225 αὑτοῦ.

2132 2353 2278 2407 Ἰακ.
2296 2356 2433 2421 ε⁹.-
2449 2348 2562 2420 Πρὸ
2592 2346 2810 2403 πάντων
2825 2346 2906 2411 δὲ,
2927 2345 3146 2416 ἀδελφοί
3172 2363 3300 2417 μου,
3330 2346 3405 2417 μὴ
3433 2347 3631 2420 ὀμνύε-
3690 2370 3712 2393 .

2047 2459 2129 2497 τευ
2166 2442 2307 2514 μήτε
2335 2441 2427 2494 τὸν
2459 2439 2689 2503 οὐρανὸν
2721 2439 2858 2509 μήτε
2886 2439 2987 2504 τὴν
3012 2437 3134 2508 γῆν,
3168 2439 3304 2508 μήτε
3331 2438 3486 2494 ἄλλον
3508 2441 3631 2495 τινὰ

2047 2534 2209 2604 ὅρκον
2242 2548 2255 2562 ο
2285 2531 2424 2585 ἔστω
2450 2530 2508 2584 δὲ
2537 2529 2693 2600 ὑμῶν
2724 2530 2808 2595 τὸ,
2835 2528 2973 2593 Ναὶ,
3011 2529 3123 2596 ναὶ,
3144 2529 3251 2582 καὶ
3289 2528 3372 2596 τὸ,
3404 2528 3503 2593 Οὒ,
3540 2528 3631 2586 οὗ.

2119 2715 2336 2781 Σολομ.
2364 2709 2446 2764 ιδ’.
2479 2738 2550 2749 -
2585 2704 2815 2768 Ἀδικως
2841 2703 3065 2774 ὤμοσαν
3099 2706 3158 2759 ὲν
3187 2705 3326 2777 δόλῳ
3351 2722 3631 2779 καταφρο-

2049 2801 2310 2872 νήσαντες
2363 2797 2641 2868 ὁσιότητος
2687 2794 2782 2865 (ι).
2843 2793 2919 2848 Ού
2952 2794 3060 2865 γὰρ
3084 2796 3119 2864 ἡ
3149 2794 3258 2847 τῶν
3282 2793 3631 2864 όμνυομένων

2049 2895 2296 2963 δύναμις,
2323 2888 2440 2944 ἀλλ’
2461 2891 2495 2960 ή
2522 2886 2634 2941 τῶν
2664 2884 3092 2957 ἁμαρτανόντων
3109 2884 3256 2955 δίκη,
3278 2882 3632 2957 ἐπεξέρχεται

1974 3015 2019 3074 c
2050 2984 2139 3038 ἀεὶ
2175 2981 2274 3053 τὴν
2299 2980 2408 3034 τῶν
2432 2978 2634 3034 ἀδίκων
2655 2976 2995 3047 παράϐασιν.

2127 3073 2310 3143 Σιρὰχ
2365 3077 2471 3140 κγ’.
2506 3098 2581 3110 -
2611 3069 2825 3137 Ὠσπερ
2852 3066 3068 3135 οἰκέτης
3111 3065 3500 3137 ἐξεταζόμενος
3554 3068 3637 3121 ὲν-

2056 3164 2285 3236 δελεχῶς
2351 3164 2456 3234 (α),
2516 3161 2625 3215 ἀπὸ
2679 3159 2945 3231 μώλωπος
2992 3161 3091 3214 οὐκ
3146 3160 3581 3232 ἐλαττωθήσεται
3615 3175 3635 3194 '

2056 3255 2228 3318 οὕτως
2257 3255 2285 3307 ὀ
2308 3252 2525 3325 ὀμνύων
2553 3253 2648 3306 καὶ
2677 3250 2964 3322 ὀνομάζων
3011 3250 3143 3304 Θεὸν
3189 3250 3482 3317 διαπαντὸς
3538 3249 3638 3307 ἄν·

2057 3348 2293 3419 θρωπος,
2321 3346 2428 3399 ἀπὸ
2458 3342 2728 3416 ἁμαρτίας
2746 3343 2808 3396 ού
2831 3342 3312 3414 καθαρισθήσεται.

2124 3441 2247 3505 Σιρ.
2276 3436 2381 3503 κγ’.
2412 3466 2483 3477 —
2512 3434 2679 3505 Ἀνὴρ
2726 3433 3026 3504 πολύορκος
3081 3424 3457 3502 πλησθήσεται
3508 3433 3635 3487 ἀνο-

2057 3528 2210 3599 μίας,
2274 3526 2369 3581 καὶ
2420 3525 2520 3578 οὐκ
2573 3522 2943 3594 ἀποστήσεται
2985 3520 3093 3576 ἀπὸ
3135 3519 3230 3574 τοῦ
3275 3520 3426 3575 οἴκου
3467 3520 3637 3576 αὐτοῦ

2060 3616 2282 3691 μάστιξ.

2128 3706 2328 3764 limati
2337 3722 2496 3778 μενος
2524 3703 2585 3757 τδ
2604 3701 2798 3772 ψεῦδος
2822 3699 2913 3753 διὰ
2937 3699 3044 3754 τῶν
3069 3700 3271 3772 ὀρκων,
3321 3701 3491 3755 κακὸν
3535 3700 3640 3767 ἐμ.

2064 3801 2318 3873 πόρευμα
2333 3797 2434 3866 τῆς
2455 3792 2848 3869 ἀπανθρωπίας
2866 3790 2966 3863 τὴν
2982 3791 3267 3862 ἐπιορκίαν
3278 3792 3636 3863 προσκτᾶται.

2138 3890 2356 3945 Βασιλ.
2386 3914 2459 3926 -
2502 3883 2737 3953 Αἰσχρὸν
2780 3881 2890 3952 γὰρ
2940 3881 3221 3945 παντελῶς
3268 3883 3364 3936 καὶ
3413 3882 3643 3952 ἀνόητον

2068 3977 2263 4036 ἑαυτοῦ
2301 3975 2653 4046 κατηγορεῖν,
2686 3973 2762 4036 ὡς
2809 3972 3031 4038 ἀναξίου
3080 3972 3340 4038 πίστεως,
3396 3973 3489 4028 καὶ
3537 3972 3640 4041 τὴν

1994 4058 2017 4074 ’
2069 4067 2181 4123 τῶν
2201 4067 2379 4138 ὅρκων
2403 4062 2705 4133 ἀσφάλειαν
2734 4060 3109 4132 ἐπιφέρεσθαι.

1849 4251 2082 4313 NOTAE.

465 4417 542 4492 (il)
579 4418 674 4488 Ὧς
686 4421 744 4494 9ἱ
767 4419 1037 4494 εὐσεϐεῖς
1057 4420 1176 4494 τῷν
1190 4422 1447 4478 ασεσῶν.
1473 4421 1662 4494 Simile
1688 4424 1958 4494 superiori

2083 4419 2596 4492 scilicetjnramenti
2653 4415 2938 4488 injustitim
2983 4415 3169 4487 causa)
3226 4414 3325 4472 Dei
3362 4415 3649 4487 iramgra—

392 4490 635 4547 erratum
671 4490 965 4555 Gesn.,sed
990 4492 1229 4561 gravius,
1258 4508 1370 4561 quo
1400 4493 1613 4547 strenui
1653 4490 1957 4560 laboribus,

394 4560 580 4630 impiis
603 4561 814 4615 similes
833 4560 1131 4624 dicuntur;
1160 4560 1390 4624 inertes,
1422 4562 1549 4630 piis,
1570 4563 1716 4630 quod
1736 4570 1792 4617 et
1819 4563 1964 4618 bona

393 4629 492 4700 spe
520 4629 840 4694 iniciantur,
871 4645 982 4685 non
1017 4630 1280 4685 industrii
1308 4640 1367 4686 et
1415 4629 1704 4686 laboribus
1730 4632 1964 4698 assidui,

396 4709 590 4755 contra
633 4716 698 4754 ac
722 4700 857 4756 dicit
892 4706 1112 4771 auctor:
1165 4700 1241 4754 Eo
1292 4701 1445 4754 modo
1493 4717 1595 4771 quo
1634 4703 1707 4771 pii
1747 4701 1811 4754 ab
1862 4703 1968 4755 im-

396 4772 521 4841 piis,
555 4787 647 4841 spe
672 4771 924 4826 nimirum
949 4769 1085 4823 bona
1110 4787 1129 4835 ;
1163 4785 1276 4824 non
1308 4780 1369 4824 ut
1400 4769 1565 4827 Gesn.
1599 4769 1701 4840 quo
1757 4771 1909 4841 impii
1932 4788 1967 4825 a

436 4841 521 4901 iis,
546 4851 653 4894 etc.

396 4857 1187 4979 ρηῖέ)θῑῖξαταςρρονήσαντες
1259 4910 1376 4972 τὴν
1424 4910 1728 4976 ὁσιότητα.
1786 4909 1974 4979 Ωιιλεί

396 4976 582 5060 spreta
600 4976 899 5060 juranienti
927 4976 1220 5060 religione;
1334 4980 1483 5034 enim
1535 4976 1794 5060 ὀσιότῃς.’
1825 4979 1975 5060 quod

451 5049 765 5130 ulg;_paiilo
813 5049 1114 5130 remotius
1141 5051 1402 5130 iustitiam
1455 5050 1639 5105 reddit
1689 5049 1976 5119 s'ecutique

399 5118 581 5173 Nobili
607 5118 662 5173 et
684 5118 849 5174 Gesn.
883 5121 1018 5175 Illud
1042 5121 1210 5174 etiam
1238 5119 1619 5189 ἐπεξέρχεται.
1657 5134 1855 5188 parum
1880 5133 1977 5189 ac-

399 5188 1112 5261 commodate,perambutat
1136 5206 1294 5261 super
1315 5188 1638 5261 injustorum
1661 5188 1982 5261 praevarica-

403 5259 619 5329 tionem.
657 5256 867 5329 Potius,
898 5261 1056 5329 quasi
1089 5256 1978 5329 hostiliter'insequitiir,invadit,

406 5328 712 5398 ulciscitur.
798 5327 1105 5398 Pessimum
1170 5332 1318 5398 quod
1377 5327 1544 5383 Gean
1597 5328 1979 5398 ὀμνυομένῳν.

398 5397 707 5479 jurantium
734 5397 937 5479 reddit,
982 5415 1092 5454 non
1137 5396 1310 5468 magis
1328 5398 1663 5479 juratoruig.
1709 5405 1770 5450 ut
1816 5396 1979 5479 Vulg.

404 5465 491 5541 vel
523 5465 746 5529 clarius,
781 5466 1001 5541 illorum
1033 5485 1125 5541 per
1167 5465 1295 5541 quos
1315 5465 1563 5536 juratur.
1600 5468 1823 5541 Sensus
1865 5473 1981 5541 est,

406 5535 571 5588 etiam
613 5550 735 5588 cum
783 5536 905 5591 ﬁcta
953 5535 1199 5599 numina,
1247 5535 1524 5605 jurantur,
1563 5536 1753 5591 ulcisci
1784 5536 1981 5596 Deum,

412 5618 528 5676 non
556 5612 777 5676 propter
798 5605 930 5676 ﬁcta
977 5608 1091 5676 ipsa
1154 5606 1410 5676 numina,
1460 5617 1517 5661 et
1568 5606 1713 5674 quod
1766 5620 1981 5676 eorum

422 5672 622 5727 ViOlala
648 5672 868 5740 religio,
901 5672 1165 5745 sedquod
1196 5676 1373 5742 ipsum
1403 5675 1505 5730 hoc
1531 5672 1708 5731 scelus
1755 5674 1984 5746 (abusus

2066 4496 2193 4550 vius
2220 4496 2502 4563 provocet.

2140 4554 2240 4686 Σαγ
2297 4557 2750 4641 Ἐξεταζᾷμενος
2771 4554 3125 4639 ἐνδελεχῶς.
3144 4554 3221 4610 De
3252 4570 3375 4636 ιγμιο⁸
3401 4555 3650 4609 continue

2178 4640 2332 4685 eatur
2359 4638 2600 4686 aureum.
2629 4629 2751 4684 Stat
2798 4636 2981 4686 itaque
3007 4641 3063 4680 ιιι
3099 4625 3206 4680 hoc
3252 4625 3456 4685 Simile.
3486 4623 3639 4686 quod

2068 4623 2332 4689 habeatur
2359 4623 2600 4699 quaestio.
2629 4629 2751 4684 Stat
2798 4627 2981 4699 itaque
3007 4627 3063 4680 in
3099 4625 3215 4699 boc_
3252 4623 3456 4685 simile.
3486 4623 3639 4699 quod

2069 4703 2219 4779 sicut
2247 4693 2441 4779 servus
2468 4694 2562 4779 qui
2592 4699 2675 4779 sic
2704 4693 2927 4752 austero
2956 4696 3108 4779 bero‘
3139 4695 3336 4779 utitur,
3361 4702 3437 4775 _ut
3463 4693 3650 4747 conli-

2071 4788 2183 4826 nue
2208 4770 2262 4824 in
2286 4769 2440 4823 illum
2482 4763 2746 4838 inquirat,
2771 4780 3006 4838 necesse
3029 4771 3115 4817 est
3135 4774 3198 4838 _ut
3245 4763 3446 4838 saepius
3468 4779 3647 4838 vapuo

2077 4843 2176 4904 let,
2210 4832 2637 4911 Iivoremque'ac
2672 4837 2878 4911 vibices
2905 4834 3184 4911 ferat;_sic
3228 4842 3283 4887 et
3331 4833 3424 4902 qui
3451 4832 3652 4911 saepius

2075 4902 2247 4982 jur‘at,
2321 4902 2873 4982 Deutitqueassidue
2937 4904 3207 4982 nominat,
3246 4902 3648 4982 Autnperjurio,

2072 4971 2303 5049 ejusque
2326 4971 2596 5049 nominis
2626 4974 3009 5039 irreverentia,
3067 4980 3296 5049 peccet._
3332 4972 3454 5026 Non
3507 4971 3652 5049 bene

2076 5038 2246 5120 igitur
2314 5046 2480 5120 Gesn.
2558 5043 2752 5120 Servus
2840 5038 3095 5120 semper:
3132 5040 3432 5120 vapularis;
3484 5038 3654 5120 apud

2073 5108 2238 5189 q'uem
2266 5116 2432 5170 etiam
2482 5116 2827 5189 mendosum,
2894 5108 3004 5166 ἀπὸ
3030 5108 3313 5189 pectito;
3338 5111 3438 5162 οὐκ
3453 5108 3651 5189 flag-

2077 5175 2394 5257 τωθήσεται
2430 5224 2445 5247 ,
2480 5185 2902 5252 inanditumque
2948 5175 3097 5251 quod
3139 5175 3343 5261 reddit,
3381 5196 3414 5233 a
3437 5175 3656 5302 ϐἔρςιςο

2082 5273 2187 5302 non
2213 5254 2545 5302 emendatur-
2580 5254 2696 5302 Etsi
2719 5253 2865 5302 enim
2890 5268 3020 5302 vera
3044 5258 3338 5302 sententia.
3369 5264 3432 5302 su
3512 5256 3656 5300 itma

2082 5273 2187 5310 non
2213 5253 2545 5310 emendatur.
2580 5254 2696 5309 Etsi
2719 5253 2866 5308 enim
2890 5268 3020 5307 vera
3044 5253 3338 5308 sententia.
3369 5253 3657 5303 subdititia

2088 5335 2290 5389 tamen,
2347 5340 2452 5379 nec
2499 5323 2756 5393 scriptori
2818 5337 2981 5393 sacro
3013 5322 3279 5393 intenta._
3309 5318 3426 5393 vox
3482 5315 3653 5393 ρερν,

2083 5383 2367 5466 Βραηιζως
2396 5394 2516 5448 istis
2537 5395 2595 5466 iu
2614 5383 2785 5466 Vulg.
2828 5400 2887 5466 et
2932 5391 3070 5446 Sixt.
3122 5386 3450 5466 supplenda.

2082 5463 2497 5533 Χρυσοστόμου.
2536 5463 2807 5536 inscribit.
2838 5461 2943 5536 Δᾼῐι
2994 5460 3140 5529 quod
3168 5457 3545 5536 Maximus-sm
3568 5457 3663 5536 in:

2081 5526 2289 5603 te'gram
2334 5526 2660 5603 sententiam
2711 5548 2779 5603 ex
2829 5526 3225 5603 Chrysostomo
3277 5526 3508 5591 habuit;
3562 5530 3664 5579 aut

2082 5599 2283 5671 potius,
2307 5602 2453 5672 quod
2483 5603 2563 5659 sic.
2596 5601 2953 5671 Autiquarius
2990 5599 3160 5654 lusit?
