3990 6176
333 203 438 270 893

1644 199 1816 260 LOCI
1855 199 2177 264 COMMUN
2183 204 2296 264 ES.

3496 199 3604 261 804

401 318 573 371 Θεολ.
603 342 675 354 -
717 312 776 366 Ὀ
807 312 909 382 μὲν
939 311 1048 383 γὰρ
1074 310 1337 384 εὐορκῶν,
1357 311 1518 383 τυχόν
1542 311 1608 367 ἀν
1651 330 1782 367 ποτε
1821 317 1903 370 καῖ

2087 318 2351 389 Theologi.
2387 343 2458 357 —
2491 316 2594 384 Qui
2632 317 2760 370 vere
2783 330 2845 370 ac
2863 313 3238 384 sanctejurat,
3271 311 3411 368 forte
3435 317 3604 372 etiam

332 405 716 480 παρασφαλείη
743 422 758 437 ’
780 407 808 458 ὁ
840 403 999 474 δὲμὴ
1050 404 1290 476 ὀμνύων,
1343 404 1435 458 τὸν
1485 405 1585 475 τῆς
1627 406 1912 476 ἐπιορκίας

330 501 576 556 κίνδυνον
599 495 958 565 διαπέφευγε.

413 593 472 646 '0
500 591 664 661 νόμος
688 589 872 660 φησὶν,
907 589 1028 642 Οὐκ
1052 587 1448 657 ἐπιορκήσῃςο
1473 589 1537 643 σὺ
1562 589 1618 643 δὲ
1640 589 1774 644 Οὐδὲ
1803 589 1911 661 ὁμῇ

329 687 430 752 τὴν
467 683 664 755 ἀρχὴν,
695 682 754 734 ού
808 679 1005 751 μικρὸν
1035 679 1095 732 ού
1125 679 1308 749 μεῖζον
1341 695 1355 710 ο
1393 681 1470 744 ὼς
1499 679 1594 733 τοῦ
1623 681 1786 751 ὅρκου
1811 680 1913 751 τὴν

331 773 618 843 ὲπιορκίαν
647 771 949 833 τίκτοντος,

399 947 702 1015 Χρυσόστ.
735 975 807 986 -—
839 945 901 999 Oi
954 945 1289 1013 συκοφάνται
1342 946 1406 999 τὸ
1458 945 1657 1014 ψεῦδος
1701 947 1910 1018 πιπρά·

333 1055 556 1093 σκουσιν
584 1054 596 1067 ·
633 1036 898 1106 ἀλλήλους
932 1035 1257 1106 ψευδόμενοι
1287 1036 1415 1100 τοὺς
1454 1038 1653 1107 ὅρκους
1704 1039 1914 1108 ἀνήλω-

334 1146 455 1192 σαν,
476 1128 556 1192 είς
571 1127 632 1180 τὸ
655 1125 903 1197 ὀμνύειν,
926 1126 1023 1180 καὶ
1047 1126 1226 1196 μόνον,
1251 1128 1343 1182 τὸν
1371 1128 1503 1181 Θεὸν
1533 1129 1907 1200 ἐπιστάμενοι.

400 1307 740 1376 Σωκράτης.
764 1337 834 1348 -
862 1307 955 1359 Δεῖ
982 1305 1093 1377 γὰρ
1118 1307 1246 1371 τοὺς
1275 1308 1513 1376 ἀγαθοὺς
1538 1310 1760 1381 ἄνδρας,
1788 1311 1912 1383 τρό-

333 1422 433 1459 πον
470 1403 634 1475 ὅρκου
659 1401 980 1473 πιστότερον
1006 1400 1300 1471 φαίνεσθαι
1337 1404 1766 1474 παρεχομένους.

403 1587 604 1650 Ὅρκον
649 1584 886 1638 ὲπακτδν
937 1583 1234 1654 προσδέχου
1289 1584 1378 1638 διὰ
1425 1584 1518 1638 δύο
1555 1585 1859 1654 προφάσεις
1889 1600 1907 1618 ο

2017 410 2356 480 quandoque
2380 408 2654 463 erraverit
2678 425 2692 472 ;
2725 415 2801 470 at,
2830 407 2925 475 qui
2955 421 3064 461 non
3082 407 3254 476 jurat,
3284 419 3449 461 omne
3475 422 3606 476 per-

2012 502 2146 574 jurii
2182 501 2490 570 periculum
2538 500 2756 570 effugit.

2088 592 2198 648 Lex
2226 593 2334 647 ait:
2368 593 2486 648 Non
2518 592 2817 663 perjurabis
2851 589 3294 662 (Levit.x1x,l‘2)
3336 607 3351 656 ;
3399 599 3457 644 tu
3506 605 3606 645 au-

2015 690 2128 738 tem
2186 701 2200 737 :
2245 683 2435 752 Neque
2504 682 2732 737 omnino
2785 682 2993 750 jurato,
3045 680 3316 750 quidquid
3370 681 3605 734 minoris

2012 772 2306 842 majorisve
2347 771 2645 841 juramenti
2672 771 2982 839 est(Matth.
3009 787 3064 833 v,
3095 773 3208 842 3'5);
3264 773 3412 841 quod
3438 773 3606 826 nimi-

2013 879 2136 918 rum
2162 865 2541 934 juramentum
2563 861 2793 932 perjurii
2820 877 3022 931 parens
3059 878 3124 917 ac
3147 872 3340 916 auctor
3361 863 3600 918 exsistit.

2083 951 2352 1024 Chrysost.
2378 979 2443 992 ——
2471 951 2857 1022 Sycophantae,
2880 951 3167 1005 mendacia
3193 952 3443 1006 vendunt
3467 971 3480 1019 ;
3508 954 3601 1008 alii

2010 1046 2150 1100 alios
2208 1043 2482 1108 fallentes,
2539 1045 2854 1114 juramenta
2924 1043 3261 1107 insumunt;
3335 1059 3444 1096 uno
3497 1045 3603 1099 hoc

2012 1137 2190 1190 Deum
2212 1135 2473 1198 scientes,
2507 1133 2655 1204 quod
2687 1132 3164 1202 interjuramenta
3191 1133 3310 1202 ejus
3333 1135 3600 1189 memine-

2013 1235 2161 1280 runt.
2807 1219 2810 1224 ’

2082 1315 2345 1372 Socrates.
2397 1343 2461 1356 --
2503 1314 2684 1368 Bonos
2725 1313 2878 1367 viros
2936 1311 3115 1375 decet,
3172 1328 3294 1367 eam
3336 1312 3602 1368 exhibere

2013 1419 2227 1460 morum
2302 1403 2669 1472 probitatem,
2729 1415 2853 1471 quae
2893 1400 3258 1472 jurejurando
3317 1401 3383 1455 ad
3436 1400 3646 1455 ﬁdem~

2012 1498 2227 1552 firmior
2248 1497 2526 1553 videatur.

2083 1591 2481 1660 Jusjurandum
2532 1589 2778 1643 oblatum
2823 1587 3030 1657 duplici
3079 1602 3146 1642 ex
3196 1603 3359 1641 causa
3418 1590 3638 1643 susei-~

329 1676 618 1748 ῆσεαυτδν
655 1673 836 1738 αἰτίας
887 1674 1161 1742 ἀπολύων,
1210 1676 1243 1747 ἢ
1301 1676 1492 1746 φίλους
1545 1678 1609 1730 ὲκ
1659 1677 1903 1747 μεγάλων

2040 1686 2162 1751 lito;
2203 1693 2266 1740 ut
2296 1700 2494 1768 nempe
2548 1691 2602 1739 te
2660 1683 2776 1753 ipse
2829 1699 2858 1736 a
2903 1682 3136 1737 crimine
3180 1683 3455 1747 absolvas,
3505 1693 3601 1738 aut

329 1767 592 1821 κινδύνων
625 1765 926 1830 διασώζων.

405 1853 632 1906 Ἕνεκεν
665 1855 968 1924 χρημάτων
1017 1854 1282 1926 μηδαμῶς
1322 1855 1456 1910 Θεὸν
1497 1857 1704 1929 ὀμόσῃς
1728 1875 1742 1889 ο
1788 1859 1912 1930 μηδ’

327 1941 396 1994 ἂν
412 1940 658 2010 εὐορκεῖν
686 1941 898 2012 μέλλεις
918 1959 934 1974 ο
973 1943 1146 2009 δόξεις
1167 1946 1297 2016 γὰρ,
1328 1948 1440 2010 τοῖς
1467 1947 1566 2017 μὲν
1605 1949 1909 2021 ἐπιορκεῖν,

327 2035 440 2097 τοῖς
465 2033 521 2087 δὲ
554 2034 980 2106 φιλοχρημὰτιικ
1005 2034 1172 2105 ἔχειν.
1587 2041 1594 2048 ’

972 2145 1272 2218 Ἄμφιδος.

457 2237 658 2304 Ὅστις
671 2239 788 2361 [dp
820 2241 1101 2308 ὀμνύοντι
1118 2243 1313 2311 μηδὲν
1344 2246 1626 2312 πείθεται,

457 2308 642 2361 Αὐτὸς
705 2310 971 2361 πιοοκεῖν
1001 2312 1217 2361 ὀαδίωρ
1251 2316 1589 2361 ἐπίστηται-

454 2308 642 2374 Αὐτὸς
671 2308 971 2377 ἐπιορκεῖν
994 2308 1217 2379 ῥᾳδίως
1251 2316 1589 2370 ἐπίσταται.

396 2396 462 2450 Οἱ
495 2395 680 2450 πολλοὶ
711 2400 824 2462 τοῖς
857 2399 1169 2470 ἀνθρώποις
1197 2404 1258 2456 τὸ
1293 2405 1556 2476 εὐόρκους
1598 2401 1738 2460 εἶναι
1769 2425 1914 2478 παρ-

327 2486 570 2540 αινοῦσιν
609 2504 624 2518 ο
683 2488 805 2556 ἐγὼ-
826 2490 884 2543 δὲ
917 2493 1013 2547 καὶ
1041 2493 1142 2564 τὴν
1171 2495 1346 2567 ἀρχὴν
1385 2498 1507 2568 μηδ’
1531 2499 1776 2564 εὐπετῶς
1805 2500 1910 2571 ὀμ-

326 2578 476 2632 νύναι
511 2579 657 2632 ὅσιον
682 2581 1079 2653 ἀποφαίνομαι.
1125 2606 1132 2610 ·

326 2670 634 2725 Εὐσεσίου.
667 2702 738 2714 -
769 2673 986 2744 Τρόπου
1019 2678 1449 2749 καλοκαγαθίαν,
1486 2683 1650 2756 ὅρκου
1683 2685 1765 2740 δεῖ
1819 2699 1908 2740 πισ

333 2759 589 2831 στοτέραν
611 2760 776 2832 ἔχειν.

883 2897 1102 2952 ΛΟΓΟΣ
1141 2901 1241 2954 ΛΔ⁹
1272 2902 1336 2956 ⁸⁷.

837 2988 975 3056 Περὶ
1009 2991 1379 3059 κενοδοξίαςο

405 3072 664 3130 ’1ωαν.ε’.
695 3077 963 3142 -Δόξαν
1025 3082 1156 3150 παρ’
1209 3082 1456 3154 ἀλλήλων
1506 3086 1902 3158 λαμϐάνοντες,

321 3161 418 3234 τὴν
446 3162 604 3229 δόξαν
632 3166 732 3238 τὴν
764 3169 914 3240 παρά
941 3169 1106 3240 μόνου
1131 3171 1268 3227 Θεοῦ
1301 3178 1361 3228 οὺ
1397 3177 1628 3248 ζητεῖτε.

393 3341 540 3395 Pal.
586 3347 650 3395 ε’.
693 3345 877 3414 -Μὴ
939 3346 1230 3417 γενώμεθα
1289 3351 1581 3422 κενόδοξοι,
1639 3354 1902 3428 ἀλλήλους

318 3431 775 3502 προκαλούμενοι,
802 3434 1064 3507 ἀλλήλους
1088 3437 1132 3470 ⁸⁸
1161 3437 1507 3508 φθονοῦντες.

385 3627 628 3695 Παροιμ.
662 3623 762 3690 ιβ’.
796 3657 865 3668 -
890 3629 1182 3700 Κρείσσων
1223 3633 1362 3706 ἀνὴρ
1417 3637 1476 3689 ὲν
1526 3637 1720 3709 ἀτιμίᾳ
1770 3639 1896 3694 δου-

310 3714 484 3769 λεύων
532 3717 730 3788 ἐαυτῷ,
771 3720 804 3790 ἢ
839 3722 868 3774 ό
900 3721 1067 3794 τιμὴν
1100 3724 1280 3796 ἑαυτῷ
1312 3729 1560 3798 περιθεὶς
1590 3731 1684 3786 καὶ
1719 3748 1912 3805 προσι

309 3805 562 3876 δεόμενος
581 3808 768 3880 ἄρτου.

385 3898 566 3990 Σιρὰχ
601 3907 672 3953 α’.
719 3931 787 3941 -
818 3902 910 3972 Μὴ
945 3903 1146 3974 ἔξύψου
1179 3911 1428 3977 σεαυτὸν,
1458 3912 1546 3968 ἵνα
1575 3915 1649 3986 μὴ
1698 3918 1892 3990 πέσῃς,

311 3988 406 4041 καὶ
435 3989 648 4063 ἐπάγῃς
672 3993 738 4062 τῇ
773 3991 921 4064 ψυχῇ
958 4011 1053 4049 σου
1076 3997 1326 4069 ἀτιμίαν.

305 4074 312 4094 ¹
382 4077 566 4146 Σιρὰχ
619 4085 673 4135 ι’.
705 4109 776 4119 -
811 4082 1033 4155 Μισητὴ
1093 4087 1336 4144 ἐναντίον
1395 4093 1602 4164 Κυρίου
1653 4099 1746 4151 καὶ
1799 4099 1893 4154 ἀν-

312 4168 545 4238 θρώπων
575 4171 606 4241 ἡ
636 4172 912 4240 κενοδοξία
938 4176 1003 4229 ⁸³.

385 4259 669 4325 Κενόδοξοί
694 4264 832 4317 εἰσιν
886 4267 936 4319 oi
987 4267 1366 4336 πλουτίζοντες
1417 4275 1668 4344 ἑαυτοὺς,
1724 4281 1918 4356 μηδὲν

308 4347 544 4416 ἔχοντες.
1438 4371 1448 4381 ί

379 4439 702 4533 Βασικξτῃ-
731 4442 1022 4510 Κενόδοξός
1052 4448 1221 4514 ἐστιν,
1247 4453 1274 4504 ὁ
1309 4452 1470 4527 ψιλῆς
1505 4457 1689 4512 ἕνεκεν
1708 4463 1808 4533 τῆς
1835 4465 1894 4517 ἐν

309 4525 502 4598 κόσμῳ
539 4528 698 4601 δόξης
735 4534 906 4588 ποιῶν
925 4553 978 4589 τι
1005 4537 1037 4609 ἢ
1061 4538 1259 4609 λέγων.

377 4700 466 4771 Τῷ
495 4702 609 4756 ὄντι
646 4704 1060 4779 θεραπευόμενα
1090 4713 1158 4766 τὰ
1185 4715 1511 4788 ὑπερήφανα
1572 4720 1701 4793 ἤθη,
1756 4721 1890 4777 ἑαυ-

306 4791 415 4846 τῶν
445 4795 932 4874 ύπεροπτικὼτερα
958 4805 1169 4875 πέφυκε
1193 4809 1460 4876 γίνεσθαι.

391 4885 621 4957 Ὁμοίως
643 4893 752 4964 γάρ
781 4895 900 4947 ἐστι
921 4898 1153 4966 χαλεπὸν
1185 4901 1240 4955 έν
1269 4921 1327 4957 τε
1349 4906 1657 4974 δυσκολίαις
1697 4923 1888 4982 ιπραγ-

313 4976 502 5046 μάτων
535 4981 904 5039 ἀταπείνωτον
930 4988 1028 5059 τὴν
1059 4991 1236 5063 ψυχὴν
1274 4997 1667 5067 διασώσασθαι,
1707 4976 1802 5058 καὶ
1828 4976 1884 5058 έν

302 5070 425 5132 ταῖς
452 5069 888 5143 ύπερηφανείαις
925 5079 1000 5151 μὴ
1037 5081 1366 5155 ἐπαρθῆναι.

373 5245 547 5341 Θεολἶ
579 5250 834 5319 -Μέγα
851 5254 964 5318 τοῖς
984 5254 1294 5327 ἀνθρώποις
1336 5261 1369 5333 ἡ
1417 5265 1691 5334 κενοδοξία
1741 5269 1881 5341 πρὸς

296 5333 500 5408 ἀρετὴν
532 5338 810 5410 ἐμπόδιον.

2013 1778 2220 1833 amicos
2247 1794 2276 1831 a
2305 1777 2518 1847 magnis
2552 1775 2810 1845 periculis
2845 1775 3070 1829 liberes.

2080 1869 2447 1925 Pecuniarum
2501 1883 2667 1924 causa
2706 1883 2776 1922 ne
2829 1868 3002 1922 Deum
3047 1867 3346 1938 juraveris,
3392 1883 3497 1922 nec
3551 1869 3596 1923 si

2013 1976 2208 2017 verum
2268 1963 2564 2032 juraturus
2607 1960 2719 2025 sis;
2771 1959 2895 2013 aliis
2942 1958 3089 2013 enim
3140 1959 3417 2030 perjurus,
3476 1960 3599 2015 aliis

2012 2051 2261 2105 avaritiae
2292 2049 2488 2105 morbo
2521 2049 2773 2102 laborare
2801 2047 3102 2106 videberis.

2653 2159 2946 2228 Amphidis.

2189 2251 2292 2318 Qui
2321 2250 2454 2305 nihil
2487 2250 2614 2318 ﬁdei
2652 2251 2861 2318 iuranti
2897 2235 3107 2316 tribuit,

2185 2322 2307 2393 Ipse
2330 2322 2570 2392 pejerare
2607 2321 2762 2390 facile
2803 2323 2965 2374 novit.

2080 2413 2340 2484 Plerique
2412 2413 2667 2467 homines
2733 2412 3030 2466 hortantur
3105 2412 3453 2482 suadentque
3534 2421 3597 2467 nt

2007 2521 2204 2560 verum
2239 2505 2460 2575 jurent;
2506 2519 2609 2575 ego
2639 2519 2773 2558 vero
2798 2519 2868 2558 ne
2904 2505 3144 2574 primum
3177 2504 3403 2574 quidem
3432 2504 3597 2560 facula

2004 2595 2217 2666 jurare,
2251 2602 2504 2649 sanctum
2530 2593 2964 2664 religiosumque
3001 2593 3231 2648 aﬂirmo.

2079 2684 2318 2738 Eusebii.
2355 2714 2425 2723 —
2457 2683 2668 2737 Merum
2698 2683 3033 2751 probitatem
3085 2691 3142 2737 et
3191 2683 3593 2750 innocentiam,

2010 2773 2214 2830 habere
2242 2774 2401 2828 decet
2432 2772 2796 2844 jurisjurandi
2846 2774 3115 2843 religione
3157 2773 3484 2829 firmiorem.

2508 2907 2776 2963 SERMO
2834 2907 3111 2966 XXXIV.

2569 3000 2645 3054 De
2671 3003 2823 3054 inani
2847 3001 3041 3072 gloria.

2074 3092 2235 3147 Joan.
2267 3109 2320 3157 v,
2355 3093 2445 3146 44.
2474 3121 2541 3130 -
2565 3089 2670 3156 Qui
2721 3091 2952 3161 gloriam
2985 3092 3054 3146 ab
3097 3091 3331 3147 invicem
3383 3093 3592 3164 accipi-

2005 3181 2110 3247 tis,
2145 3191 2203 3236 et
2232 3182 2487 3254 gloriam,
2541 3196 2663 3250 quae
2716 3197 2746 3234 a
2807 3183 2925 3237 solo
2965 3183 3078 3238 Deo
3116 3193 3221 3243 est.
3286 3201 3397 3238 non
3443 3201 3594 3255 qua:-

2004 3274 2150 3329 ritis.

2073 3367 2239 3437 623
2295 3365 2476 3421 Galat.
2513 3380 2568 3428 v,
2619 3365 2712 3420 26.
2755 3393 2826 3405 —
2877 3366 2997 3421 Non
3047 3366 3355 3423 efﬁciamur
3408 3370 3590 3427 inanis

2001 3458 2194 3528 gloria:
2229 3457 2442 3529 cupidi,
2472 3457 2709 3512 invicem
2740 3467 3133 3527 provocantes,
3179 3461 3412 3516 invicem
3447 3463 3591 3516 invia

2000 3548 2218 3605 dentes.

2069 3639 2226 3694 Prov.
2256 3657 2351 3704 xu,
2391 3641 2444 3696 9.
2467 3669 2535 3680 —
2561 3640 2754 3694 Melior
2775 3649 2858 3696 est
2891 3641 2976 3696 vir
2997 3642 3052 3696 in
3088 3642 3302 3698 vilitate
3333 3645 3584 3700 serviens

1998 3728 2129 3797 sibi,
2181 3745 2346 3800 quam
2395 3730 2506 3801 qui?
2551 3728 2658 3783 sibi
2711 3729 2979 3786 honorem
3026 3731 3320 3799 adhibens,
3374 3732 3588 3805 indiget

1995 3837 2159 3893 pane.
2309 3808 2311 3812 ’

2067 3911 2232 3967 Eccli.
2265 3928 2303 3974 ι,
2338 3913 2427 3968 '58.
2463 3944 2532 3955 —
2565 3914 2642 3970 Ne
2669 3913 2880 3969 exaltes
2907 3912 3171 3981 teipsum.
3204 3929 3272 3968 ne
3302 3913 3489 3979 cadas,
3530 3924 3584 3970 et

1996 4003 2228 4059 inducas
2255 4004 2452 4060 anima:
2483 4012 2591 4060 tua:
2627 4005 3132 4060 inhonorationem.

2065 4094 2231 4149 Εσιίὶ.
2267 4112 2318 4159 x,
2353 4096 2404 4149 7.
2439 4129 2510 4138 —
2532 4095 2770 4152 Odibilis
2817 4111 3002 4152 coram
3032 4097 3268 4152 Domino
3314 4107 3371 4152 et
3396 4098 3582 4152 homi-

1993 4186 2165 4241 nibus
2202 4186 2386 4241 inanis
2423 4187 2616 4256 gloria.
3066 4208 3068 4210 τ

2063 4276 2247 4331 Inanis
2285 4277 2476 4347 gloriae
2514 4279 2652 4333 vitio
2697 4277 2976 4345 laborant,
3006 4279 3101 4349 qui
3133 4295 3192 4335 se
3256 4280 3458 4337 divites
3499 4284 3584 4354 ja-

1998 4374 2172 4431 ctant,
2196 4383 2324 4421 cum
2357 4365 2496 4422 nihil
2530 4369 2792 4424 habeant.

2061 4458 2271 4513 Basilii.
2300 4490 2365 4499 —
2400 4458 2588 4515 [nanis
2635 4462 2821 4532 gloria:
2868 4463 3104 4532 cupidus
3149 4479 3213 4518 ac
3252 4480 3430 4518 vanus
3473 4475 3577 4532 est,

1990 4549 2085 4619 qui
2110 4550 2276 4605 nuda:
2305 4551 2497 4622 gloriae
2530 4553 2716 4607 saeculi
2761 4569 2951 4620 causa,
2995 4554 3282 4624 quidpiam
3319 4554 3452 4610 facit
3483 4567 3578 4625 aut

1989 4639 2144 4693 dicit.

2058 4731 2226 4785 Plane
2261 4732 2488 4802 superbi
2533 4749 2720 4788 mores
2765 4734 3036 4804 obsequio
3084 4735 3323 4801 deliniti,
3375 4736 3578 4807 seipsis

1985 4821 2401 4891 arrogantiores
2430 4823 2550 4879 ﬁeri
2574 4840 2940 4880 consuevere.

2054 4913 2290 4969 Perinde
2325 4915 2473 4970 enim
2504 4932 2669 4987 grave
2701 4909 2774 4971 οδ
2795 4918 3031 4972 arduum
3057 4927 3162 4982 est,
3215 4927 3330 4972 tum
3379 4935 3565 4973 rerum

1984 5003 2254 5073 angustiis
2319 5005 2498 5074 iisque
2553 5006 2769 5061 alllictis
2823 5023 2934 5061 non
2985 5007 3173 5063 animo
3211 5008 3400 5078 dejici,
3455 5018 3571 5063 tum

1984 5093 2093 5147 illis
2124 5092 2452 5150 ﬂorentibus
2498 5098 2804 5167 mundique
2847 5099 3132 5169 superbia,
3167 5117 3278 5155 non
3318 5117 3385 5155 eo
3417 5101 3575 5155 exal-

1985 5184 2108 5239 tari.

2061 5275 2321 5347 Tlteologi.
2353 5309 2424 5320 —
2452 5278 2637 5335 Inanis
2659 5279 2831 5350 gloria
2887 5282 3084 5348 grande
3118 5283 3445 5341 mortalibus
3476 5298 3568 5353 pa:-

1987 5367 2174 5422 randa:
2203 5369 2428 5424 virtutis
2469 5371 2818 5428 obstaculum
2858 5375 3035 5445 ponit.

1573 5490 1803 5549 vanum
1839 5455 2245 5558 Lacrimas.

366 5557 419 5593 "
445 5561 505 5616 ln
541 5562 709 5621 Gesn.
745 5565 900 5624 Stob.
937 5569 1055 5627 165.
1134 5575 1176 5608 ⁶⁸
1197 5577 1361 5634 Gesn.
1396 5579 1664 5652 ἀλλήλοις.
1741 5587 1784 5617 ⁸ο
1821 5589 1903 5644 Bil

2071 5593 2297 5661 ύπερηφ
2353 5595 2624 5662 superbia.
