3994 6172
394 222 502 286 895
1557 228 1617 286 S.
1654 227 1940 288 MAXIM]
1982 220 2495 292 CONFESSORIS
3554 243 3664 307 ωε

465 331 626 400 Quod
662 331 839 387 videri
868 332 1025 397 velis,
1062 333 1225 403 longe
1259 333 1552 404 plurimam
1594 337 1717 407 ejus
1758 348 1971 407 partem
2004 346 2042 399 Α

1926 353 1971 392 m
2004 346 2052 399 Α
2154 340 2226 392 Τὸ
2255 340 2482 403 οἴεσθαι,
2507 340 2600 396 τοῦ
2631 336 2771 396 εἶναι
2804 344 2864 399 τὸ
2889 345 3140 404 πλεῖστον
3172 349 3503 423 ἀφαιρεῖται.

398 424 579 491 aufert
606 425 754 495 quod
776 426 1018 480 exsistis.

468 513 736 568 Proclivis
763 521 850 567 est
879 514 964 567 sui
1006 514 1180 584 ipsius
1205 515 1484 587 deceptio,
1517 527 1574 575 et
1599 530 1662 575 ut
1684 519 1892 590 aliquid
1923 530 1977 576 te

2161 524 2388 595 Ῥᾷστον
2409 526 2602 580 ἑαυτὸν
2632 528 2850 600 ἁπατᾷν
2874 530 2971 584 καὶ
3000 530 3209 586 οἴεσθαι
3239 528 3379 588 εἷναί
3406 551 3483 600 τι,
3511 536 3684 590 οὐδὲν

396 620 519 660 esse
571 604 891 673 existimes,
955 621 1084 661 cum
1171 607 1310 662 nihil
1362 608 1476 676 sis,
1541 612 1695 666 inani
1754 612 1973 668 inﬂatus

1661 612 1695 666 Ii
1754 612 1979 668 inﬂatus
2078 615 2224 680 ὄντα,
2247 617 2353 671 ὑπὸ
2377 617 2476 688 τῆς
2512 620 2678 690 κενῆς
2709 618 2869 692 δόξης
2897 622 3238 694 φυσώμενον.

395 693 592 765 gloria.

468 784 657 856 Turpe
690 796 808 852 est,
839 791 936 857 qui
978 789 1256 845 minorum
1290 806 1520 862 compos
1552 793 1788 850 exsistas
1813 833 1828 862 ,
1861 811 1982 850 ma-

2158 792 2395 864 Αίσχρδν
2420 793 2464 826 ⁷ο
2514 778 2730 867 μικρῶν
2779 798 3105 869 κρατοῦντα,
3165 804 3445 872 φυσᾶσθαι
3497 807 3664 878 μέγα.

395 890 533 947 gnos
554 878 769 932 animos
793 893 1096 954 assumere.

574 968 700 1048 lyoli
726 969 864 1048 pelle
891 971 1058 1048 videri
1075 973 1255 1048 malis
1276 974 1484 1048 melior,

2222 966 2320 1048 illi;
2351 968 2557 1048 φράζει
2582 968 2703 1048 τῷν
2731 973 2939 1048 κακῶν*
2960 975 3279 1048 φαίνεσθαι
3309 981 3590 1048 κρείττων
3609 1000 3627 1018 ·

572 1036 678 1094 Sed
702 1040 844 1106 dole,
871 1042 1010 1110 quod
1037 1044 1112 1095 sis
1136 1043 1283 1098 bonis
1308 1036 1554 1115 inferior.
1786 1061 1816 1089 ο
2112 1092 2117 1095 -

2112 1092 2117 1095 _
2218 1038 2431 1092 Λυποῦ
2466 1038 2536 1092 δὲ
2574 1040 2695 1094 τῶν
2723 1036 3358 1116 ἀγαθῶνῖήττώμενοςῖ
3420 1115 3430 1123 ‘

464 1130 733 1203 Chrysa“.
766 1161 833 1173 -
873 1132 1072 1188 Merito
1107 1135 1277 1204 igitur
1307 1137 1377 1191 ab
1417 1138 1665 1208 antiquis
1702 1138 1850 1193 dicta
1895 1147 1983 1195 est

2153 1128 2455 1195 Χρυσόστ.
2485 1159 2557 1171 --
2583 1132 2825 1197 Εἰκότως
2852 1136 2962 1205 ἄρα
3000 1137 3216 1208 εἴρηται
3234 1141 3399 1211 ’παρὰ
3423 1143 3532 1198 τῶν
3555 1162 3668 1200 πα-

397 1220 577 1274 inanis
599 1220 809 1291 gloria;
855 1221 1037 1277 inanis
1085 1225 1235 1279 enim
1286 1235 1372 1281 est
1402 1269 1417 1294 ,
1467 1243 1590 1297 quat
1638 1228 1779 1282 nihil
1831 1230 1974 1283 intus

2089 1214 2253 1272 λαιῶν
2307 1218 2602 1284 κενοδοξία.
2632 1222 2890 1289 Διάκενος
2939 1226 3051 1299 γάρ
3107 1230 3276 1296 ἐστιν,
3322 1232 3470 1286 ἔνδον
3515 1236 3666 1290 οὐδὲν

395 1308 600 1364 habeat
632 1310 799 1364 utile:
837 1311 956 1376 sed,
991 1312 1139 1366 sicut
1166 1313 1351 1371 .larvae
1375 1316 1692 1385 splendida:
1729 1316 1972 1387 quidem,

2087 1307 2288 1377 ἐχουσὰ
2310 1325 2364 1361 τι
2395 1310 2668 1380 χρήσιμον
2702 1328 2717 1343 ⁸
2774 1313 2891 1366 ἀλλ’
2950 1314 3142 1389 ὥσπερ
3190 1318 3261 1372 τὰ
3320 1326 3662 1390 προσωπεῖα,

397 1399 649 1471 etdignae
677 1416 804 1470 qua!
834 1402 1011 1456 amori
1043 1403 1377 1471 habeantur,
1414 1407 1664 1462 exterius
1690 1417 1974 1478 apparent,

2087 1398 2234 1452 δοκεί
2285 1399 2385 1469 μὲν
2414 1397 2553 1456 εἶναι
2573 1403 2802 1475 λαμπρὰ
2834 1406 2929 1458 καὶ
2951 1406 3248 1478 ὲπέραστα,
3279 1411 3416 1466 κενὰ
3438 1413 3495 1467 δὲ
3518 1414 3664 1469 ἐνδο-

400 1491 500 1545 sed
533 1492 683 1548 intus
706 1493 916 1549 inanes
945 1503 1111 1562 sunt;
1150 1512 1262 1565 quo
1287 1496 1368 1561 lit,
1402 1509 1465 1554 ut
1516 1499 1650 1554 licet
1679 1500 1826 1555 veris
1858 1502 1977 1555 vul-

2091 1487 2182 1542 θέν
2229 1490 2344 1543 ἐστι
2372 1508 2387 1522 ο
2437 1491 2519 1546 διὸ
2556 1495 2653 1548 καὶ
2681 1496 2789 1549 τῶν
2822 1500 3151 1568 σωματικῶν
3183 1500 3362 1571 ὄψεων
3394 1505 3668 1577 εὐπρεπί-

397 1582 549 1638 tibus
576 1584 944 1656 elegantiores
986 1586 1119 1652 sint,
1174 1592 1453 1645 neminem
1502 1598 1688 1646 tamen
1739 1608 1974 1662 unquam

2091 1596 2258 1648 στερα
2280 1580 2430 1647 ὄντα,
2464 1582 2657 1637 οὐδένα
2680 1585 2936 1641 οὐδέποτε
2968 1589 3104 1659 πρὸς
3162 1590 3253 1644 τὸν
3299 1592 3481 1662 ἔρωτα
3535 1595 3666 1648 [δεῖν

395 1678 456 1732 in
478 1676 562 1730 sui
596 1692 840 1734 amorem
869 1679 1213 1735 induxerint.
1243 1682 1374 1738 Tale
1398 1683 1534 1753 quid
1555 1684 1746 1750 etiam,
1770 1686 1907 1755 quin
1931 1697 1972 1740 el

2090 1671 2275 1725 ἔπεισε
2297 1671 2389 1725 τὸν
2436 1672 2649 1727 ὲαυτῶν
2680 1690 2695 1705 ’
2742 1674 2908 1743 οὕτω,
2965 1677 3164 1749 μᾶλλον
3211 1679 3269 1733 δὲ
3313 1681 3666 1754 ἀθλιώτερον,

397 1768 775 1824 miserabilius
803 1770 1037 1841 aliquid,
1061 1774 1210 1844 vulgi
1247 1775 1443 1845 gloria.
1573 1780 1579 1787 '

1390 1792 1443 1830 a.
1573 1780 1579 1787 .
2079 1764 2176 1818 καὶ
2199 1765 2232 1834 ἡ
2266 1765 2415 1836 παρὰ
2440 1765 2549 1820 τῶν
2578 1765 2788 1820 πολλῶν
2817 1767 2965 1833 δόξα.

466 1859 800 1933 (ἱνεθρΝῃεε.
840 1888 905 1902 -
929 1863 1254 1918 Divitiarum
1288 1881 1453 1920 causa
1487 1866 1792 1922 fastuosum
1833 1884 1979 1935 esse,

2150 1858 2334 1925 Γρηγ.
2356 1856 2508 1911 Νύσ.
2535 1887 2608 1898 --
2635 1858 2708 1912 Τὸ
2745 1859 2840 1911 ἐπὶ
2866 1859 3084 1944 πλούοτῳ
3126 1859 3452 1931 κομπάζειν,
3502 1863 3535 1933 ἢ
3572 1880 3669 1932 γι-

399 1962 498 2007 aut
527 1952 694 2008 claris
725 1954 1009 2010 natalibus
1065 1956 1383 2026 superbire,
1430 1959 1520 2013 vel
1576 1960 1811 2031 gloriam
1863 1977 1976 2016 am-

2092 1944 2226 1999 νέσει
2263 1944 2649 2016 σεμνύνεσθαι,
2694 1946 2729 2019 ἢ
2782 1948 2919 2019 πρὸς
2970 1948 3131 2013 δόξαν
3180 1950 3334 2021 ὁρᾷν,
3394 1950 3430 2020 ἢ
3487 1950 3669 2004 δοκεῖν

400 2044 542 2109 bire,
574 2056 669 2100 aut
710 2048 964 2116 proximo
1016 2048 1301 2122 clariorem
1333 2050 1511 2105 videri
1559 2052 1701 2106 velle
1757 2052 1977 2122 (quibus

2091 2036 2224 2107 ὑπὲρ
2244 2036 2335 2090 τὸν
2368 2037 2535 2100 πέλας
2559 2032 2719 2101 εἶναι,
2751 2037 2818 2091 δι’
2838 2031 2913 2092 ὧν
2937 2040 2995 2094 αἱ
3018 2038 3358 2111 ἀνθρώπιναι
3387 2041 3668 2113 πληροῦν-

293 2153 297 2157 ν
401 2136 569 2191 rebus
600 2135 825 2190 humani
857 2118 1223 2206 perficiuntur
1275 2138 1571 2209 honores),
1616 2149 1818 2195 cuncta
1864 2141 1870 2195 1

2095 2144 2171 2181 tat
2199 2128 2378 2198 τιμαὶ,
2409 2127 2584 2182 ταῦτα
2617 2129 2796 2184 πάντα
2830 2129 3148 2205 καθαίρεσις
3189 2132 3287 2203 τῆς
3317 2131 3672 2206 ἀνθρωπῐνης

400 2228 628 2282 humani
652 2228 883 2284 honoris
905 2231 1251 2285 eversionem
1286 2246 1351 2285 ac
1385 2231 1629 2286 dedecus
1670 2233 1977 2288 continent.

1920 2242 1977 2288 It.
2081 2219 2246 2289 τιμῆς
2272 2218 2367 2272 καὶ
2401 2218 2601 2284 ὄνειδος
2629 2220 2862 2289 γίνεται.
3472 2216 3497 2235 ο

470 2316 731 2372 Philonis.
764 2318 914 2373 —-In
958 2319 1202 2388 politicis
1248 2318 1330 2375 'ac
1376 2321 1660 2390 republica
1694 2322 1742 2378 si
1789 2322 1984 2379 titulos

2155 2312 2444 2366 Φίλωνρ-
2468 2312 2588 2366 Τῶν
2624 2314 2918 2368 πολιτικῶν
2954 2314 3051 2368 ἐὰν
3091 2314 3192 2378 τὰς
3241 2315 3372 2381 ὕλας
3425 2316 3664 2389 ἀφέλῃς,

403 2422 768 2479 pompamque
827 2409 1144 2477 abstuleris,
1202 2422 1407 2481 praeter
1469 2412 1693 2468 inanem
1753 2412 1980 2472 fastum.

1667 2429 1693 2467 [ι
1753 2412 1980 2472 fastum,
2082 2401 2242 2470 κενὸν
2270 2400 2438 2471 τύφον
2464 2401 2719 2474 εὑρήσεις
2745 2402 2869 2457 νοῦν
2898 2403 3001 2457 οὐκ
3029 2403 3244 2475 ἔχοντα.

358 2531 364 2538 -
402 2499 548 2569 quod
569 2500 692 2555 sani
727 2515 926 2556 sensus
951 2501 1023 2555 sit
1048 2501 1186 2556 nihil
1216 2502 1519 2559 inveneris.
2256 2496 2261 2499 ⁷

471 2589 711 2659 Evagrii.
740 2620 810 2632 -—
834 2590 1064 2647 Dillicile
1103 2602 1189 2648 est
1219 2594 1398 2649 inanis
1438 2594 1631 2665 gloria;
1673 2596 1983 2652 daemonem

2154 2594 2376 2662 Εὐαγρ.
2410 2622 2463 2634 —-
2509 2591 2764 2645 Χαλεπὸν
2790 2591 3081 2661 διαφυγεῖν
3110 2593 3202 2648 τὸν
3232 2595 3336 2663 τῆς
3366 2591 3682 2659 κενοδοξίας

405 2678 609 2734 vitare:
641 2681 792 2750 quod
812 2681 961 2736 enim
989 2682 1192 2739 feceris
1224 2685 1373 2740 illius
1404 2685 1759 2743 destruenda:
1790 2703 1979 2754 causa,

2111 2680 2318 2763 ιὰίμονα
2342 2699 2356 2714 ⁸
2385 2682 2415 2736 δ
2446 2682 2556 2754 γὰρ
2587 2684 2819 2754 ποιήσῃς
2852 2683 3208 2757 καθαιρήσων
3262 2682 3454 2756 αὐτὴν,
3507 2684 3688 2741 τοῦτο

404 2771 509 2826 hoc
545 2770 645 2826 tibi
675 2771 856 2827 inanis
875 2774 1064 2843 gloriae
1087 2775 1310 2830 initium
1335 2776 1463 2831 erit.

1450 2815 1463 2830 .
2086 2777 2228 2849 ἀρχή
2260 2794 2344 2830 σοι
2379 2775 2684 2840 κενοδοξίας
2712 2776 3027 2846 γενήσεται.

471 2863 636 2934 624
656 2863 817 2919 Joan.
848 2863 1006 2921 Clim.
1038 2896 1106 2907 -
1138 2865 1319 2923 Solem
1342 2868 1430 2922 fur
1457 2869 1841 2936 abominatur;
1888 2885 1987 2925 su~

2176 2869 2293 2924 Ἰω.
2322 2869 2497 2938 Κλίμ.
2522 2898 2593 2909 --
2615 2868 2970 2931 Βδελύττεται
3000 2869 3151 2940 ἥλιον
3181 2869 3422 2942 κλέπτης
3456 2886 3470 2901 ο
3506 2869 3689 2940 ὑπερ-

404 2955 608 3026 perbus
629 2971 765 3011 vero
791 2970 887 3012 eos
934 2968 1179 3027 spernet,
1211 2959 1306 3029 qui
1336 2959 1477 3015 lenis
1508 2960 1622 3017 sint
1646 2976 1710 3017 ac
1746 2960 1981 3017 modesti

1611 2968 1622 3014 ι
1646 2976 1710 3017 ac
1746 2960 1983 3017 modesti
2012 3024 2058 3083 α
2087 2960 2294 3032 ήφανος
2324 2959 2405 3025 δὲ,
2432 2960 2629 3031 πραεῖς
2660 2958 3032 3026 ὲξουδενώσει.
3164 3027 3188 3046 δ

404 3065 593 3104 aliIn“.

474 3139 740 3196 Socrates.
780 3173 851 3183 -—
884 3144 1050 3200 Utres
1100 3160 1307 3200 vacuos
1348 3155 1551 3202 ventus
1614 3148 1769 3203 inﬂat
1820 3158 1986 3220 atque

2158 3153 2419 3222 Σωκράτ.
2454 3182 2527 3193 --
2560 3152 2702 3216 Τοὺς
2729 3152 2827 3221 μὲν
2854 3151 3045 3213 κενοὺς
3076 3153 3296 3217 ἀσκοὺς,
3345 3151 3408 3204 τδ
3465 3150 3693 3223 πνεῦμα

406 3232 702 3297 distendit;
730 3236 933 3291 stultos
956 3236 1212 3292 homines
1245 3238 1428 3294 inanis
1461 3241 1547 3294 sui
1577 3241 1787 3310 opinio.

2088 3244 2324 3315 διίστησι
2350 3262 2365 3277 °
2404 3243 2533 3308 τοὺς
2553 3243 2611 3301 δὲ
2645 3229 2905 3314 ἀνόήτοος
2936 3243 3255 3322 ἀνθρώπους
3280 3243 3341 3297 τὸ
3379 3242 3572 3313 οίημα.

474 3322 753 3396 Diogenes.
781 3356 853 3370 —
881 3328 1080 3383 Fastus
1103 3337 1289 3384 tumor
1316 3330 1465 3386 haud
1506 3347 1668 3387 secus
1690 3347 1755 3388 ac
1777 3338 1987 3404 pastor,

2161 3336 2463 3406 Διογένης.
2497 3366 2567 3377 -
2610 3334 2668 3391 '0
2696 3335 2868 3407 τύφος
2902 3334 3092 3408 ὥσπερ
3141 3334 3371 3407 ποιμὴν,
3421 3326 3482 3387 οὗ
3537 3332 3695 3386 θέλει

406 3428 518 3483 quo
540 3415 694 3481 velit,
728 3417 926 3487 vulgus
959 3417 1248 3474 hominum
1292 3421 1485 3477 trahit.

1081 3419 1248 3474 linum
1292 3421 1485 3477 trahit.
2092 3429 2219 3493 τοὺς
2245 3428 2477 3492 πολλοὺς
2514 3429 2658 3498 ἄγει.

475 3504 801 3563 Alexander.
836 3539 905 3550 -—
934 3510 1249 3568 Alexander
1281 3514 1443 3585 longa
1464 3514 1816 3573 conﬂictatus
1833 3518 1995 3589 (egri-

2178 3518 2528 3587 ’A.Is£dr6p.
2559 3547 2630 3559 —
2669 3515 3308 3588 Ἀλέξανδρος.νοσήσας
3342 3512 3563 3585 μακρὰν
3594 3514 3696 3568 νό-

408 3593 624 3660 tudine,
670 3596 765 3651 ubi
823 3601 1215 3671 convaluisset,
1266 3603 1405 3659 nihil
1457 3620 1523 3684 se
1581 3607 1741 3678 pejus
1789 3608 1985 3665 habere

2116 3627 2211 3675 τον,
2246 3610 2321 3672 ῶς
2346 3609 2680 3680 ἀνέρρωσεν,
2710 3608 2884 3672 οὐδὲν,
2937 3607 3065 3677 ἔφη,
3115 3605 3412 3659 διατιθέναι
3459 3606 3653 3676 χεῖρον
3678 3622 3693 3636 ·

407 3686 568 3742 dixit.
613 3688 915 3746 Admonuit
971 3694 1119 3748 enim
1166 3711 1268 3751 nos
1312 3698 1558 3762 morbus,
1611 3713 1723 3754 non
1771 3715 1984 3772 magno:

2121 3703 2379 3772 ιπέμνησε
2401 3701 2510 3773 γὰρ
2538 3702 2683 3772 ἡμᾶς
2713 3702 2745 3772 ἠ
2780 3700 2955 3768 νόσος,
2994 3698 3073 3773 μὴ
3120 3698 3264 3771 μέγα
3289 3701 3506 3771 φρονεῖν
3556 3697 3698 3769 θνη-

409 3793 629 3836 sumere
664 3782 899 3851 animos,
931 3785 1028 3855 qui
1065 3787 1332 3842 mortales
1368 3790 1564 3844 simus.

860 3799 899 3851 ε,
931 3785 1028 3855 qui
1065 3787 1332 3842 mortales
1368 3790 1564 3844 simus.
2096 3794 2225 3857 τοὺς
2256 3793 2437 3857 ὄντας.

1056 3920 1359 3975 ΡΙιὶιίειὶοη.
2171 3952 2183 3964 -

2171 3952 2183 3964 ·
2723 3928 3067 3983 Φιλιστίων.

340 4044 347 4047 ’
412 4036 469 4108 Si
495 4051 718 4106 pravum
741 4050 805 4088 ac
835 4050 1065 4108 nequam
1095 4033 1360 4089 hominem
1384 4034 1570 4108 altum
1606 4026 1739 4106 ferri
1780 4039 1917 4093 vider

1785 4039 1995 4106 videris,
2113 4042 2257 4097 Ἐὰν
2283 4040 2418 4108 ἴδῃς
2443 4040 2712 4106 πονηρὸν
2731 4041 2818 4104 εις
2843 4039 3004 4106 ὕψος
3024 4037 3362 4106 αἰρόμενον,

417 4103 842 4173 Dibitiarumque
858 4103 1143 4175 splendore
1173 4115 1334 4173 atque
1369 4104 1586 4174 fortuna
1608 4103 1855 4190 superbe
1883 4103 1994 4179 gloL

1895 4103 2001 4179 alo-'-
2102 4103 2446 4181 Λαμπρῷἱε
2469 4103 2714 4172 πλούτῳ
2735 4109 2833 4163 καὶ
2853 4103 3009 4177 εὔχῃ
3035 4103 3472 4177 τὰυροὐμενον,

419 4244 492 4300 Ac
518 4245 609 4316 qui
658 4220 1025 4318 supercilium.
1049 4244 1211 4301 altius
1242 4262 1405 4318 quam
1440 4261 1538 4316 pro
1588 4174 1996 4390 {aii;%?e€r’tw

1789 4334 1867 4371 eri
1909 4336 1928 4373 :

1868 4196 2001 4303 ἔξω.
2115 4241 2340 4312 ὀφρῦν
2374 4257 2439 4296 τε
2459 4238 2632 4310 μείζω
2657 4238 2768 4308 τῆς
2795 4238 2985 4313 τύχης
3012 4238 3350 4305 καθῃρκότα
3379 4236 3445 4304 τι,

1872 4327 1890 4371 ι
1909 4336 1928 4373 .'
2034 4354 2078 4390 η
2430 4389 2433 4390 ν
2774 4389 2783 4390 7
2874 4386 2885 4390 Δ
3143 4384 3162 4390 Δ
3195 4386 3205 4390 _

1789 4334 1890 4409 ενιι
1909 4336 1928 4373 .'
2034 4354 2078 4409 Β

421 4384 593 4460 Hujus
622 4387 1061 4460 inmutationem
1086 4387 1406 4457 ruinamque
1440 4390 1587 4442 ocius
1609 4384 1873 4460 exspécta.

1725 4384 1873 4442 lécta.
2034 4384 2078 4409 ν
2113 4391 2334 4446 Τούτου
2366 4389 2578 4458 τάχιον
2598 4386 2945 4460 μεταβολὴν
2971 4384 3302 4460 προσδόκα.

422 4450 592 4511 Altius
615 4457 756 4511 enim
790 4456 1022 4542 t_ollitur,
1052 4465 1109 4510 ut
1140 4474 1266 4512 casu
1296 4450 1540 4529 graviore
1563 4450 1714 4514 ruat."

2120 4450 2478 4528 Ἐπαίρεταῖ
2497 4450 2616 4527 γάῤ
2630 4456 2854 4528 μεῖζον,
2884 4450 2987 4511 ἵνα
3009 4450 3106 4510 καὶ
3132 4452 3334 4525 μεῖζον
3360 4450 3554 4521 πέσῃ,

489 4591 791 4647 Menandri.
842 4622 913 4632 —
957 4591 1004 4650 0
1058 4592 1153 4663 qui
1209 4592 1266 4647 in
1320 4592 1518 4663 scipsis
1564 4592 1736 4648 altum
1785 4600 2003 4647 tument

2180 4594 2556 4663 Μενάνδρου.
2592 4624 2659 4636 -
2680 4595 2745 4646 Ὢ
2772 4591 3077 4663 τρισάθλιοι
3107 4590 3353 4652 ἅπαντες
3381 4589 3432 4642 οἱ
3468 4574 3692 4657 φυσῶν-

422 4692 589 4754 atque
639 4683 883 4754 sapiunt,
932 4666 1020 4739 ter
1043 4699 1240 4758 omnes
1285 4691 1594 4755 quaterque
1634 4681 1844 4739 miseri.
1877 4682 1999 4739 Non

2117 4703 2199 4750 τες
2224 4686 2308 4754 ἐφ’
2342 4685 2571 4748 ἑαυτοὺς
2601 4683 2814 4755 μεγάλα
2841 4698 2857 4714 θ
2912 4681 3067 4735 αὐτοὶ⁵
3105 4680 3214 4751 γὰρ
3240 4680 3340 4734 οὐκ
3381 4679 3561 4733 ἴσασιν
3594 4678 3694 4730 ἁν-

423 4774 570 4830 enim
605 4775 792 4829 sciunt
815 4773 1062 4830 hominis
1085 4783 1339 4829 naturam
1359 4783 1416 4830 et
1449 4775 1714 4831 indolem.

1359 4783 1416 4830 et
1449 4775 1714 4831 indolem.
2110 4779 2333 4849 θρώπου
2364 4778 2552 4846 φύσιν.

496 4865 771 4925 Aristolel.
798 4896 868 4907 —
895 4866 1246 4931 Aristoteles,
1298 4874 1598 4936 conspecto
1651 4866 2000 4923 adolescente

2189 4872 2476 4938 Ἀριστοτ.
2509 4896 2582 4909 -ι
2620 4864 3002 4937 Ἀριστοτέλης
3037 4861 3370 4930 θεασάμενος
3407 4857 3697 4911 νεανίσκον

429 4954 573 5011 faStu
605 4956 778 5011 nimio
804 4955 1159 5027 superbiente
1195 4955 1582 5021 :Adolescens,
1631 4956 1835 5027 inquit,
1888 4958 2000 5011 uti-

2119 4957 2598 5028 ιατωφρυωμένον,
2616 4954 2909 5013 Νεανίσκε,
2937 4952 3064 5021 ἔφη,
3091 4944 3204 5011 οἷος
3247 4949 3344 5019 μὲν
3367 4948 3543 5009 δοκεῖς
3591 4948 3696 5000 αὺ-

430 5062 558 5102 nam
588 5049 768 5120 qualis
805 5057 864 5103 tu
907 5048 1005 5104 tibi
1052 5048 1263 5104 videris
1309 5050 1427 5120 ipse
1471 5050 1766 5105 exsistam!
1824 5049 2005 5119 qualis

2118 5051 2193 5114 rb;
2227 5048 2388 5110 εἶναι,
2416 5047 2526 5117 ἐγὼ
2551 5046 2812 5117 γενοίμην
2843 5061 2857 5074 ·
2888 5040 3001 5106 οἷος
3020 5042 3075 5096 δὲ
3108 5044 3174 5113 τῇ
3231 5039 3460 5112 ἀληθείᾳ
3512 5038 3695 5111 ὑπάρ-

433 5154 567 5194 vero
598 5140 778 5210 reipsa
806 5138 1048 5205 exsistis,
1079 5138 1291 5194 inimici
1321 5140 1427 5194 mei
1467 5139 1754 5195 exsistant.

1623 5147 1754 5194 tant.
2101 5157 2238 5212 χεις,
2269 5138 2498 5192 τοιοῦτοί
2528 5154 2629 5208 μου
2659 5138 2708 5190 οἱ
2742 5134 2922 5206 ἐχθροὶ
2941 5133 3200 5201 γένοιντο.

506 5229 656 5285 Idem
685 5240 985 5300 conspecto
1023 5232 1228 5304 juvene
1262 5231 1504 5302 pretiosa
1538 5232 1644 5287 sibi
1682 5238 1835 5286 veste
1888 5228 2007 5299 pla-

2190 5234 2249 5286 Ὀ
2274 5230 2438 5293 αὐτὸς
2483 5229 2831 5300 κατανοήσας
2899 5225 3184 5298 μειράκιον
3233 5220 3327 5276 ἐπὶ
3374 5218 3695 5287 πολυτελείᾳ

436 5327 596 5374 cente
629 5335 804 5391 eaque
853 5321 1145 5392 gloriante:
1180 5320 1303 5376 Non
1334 5321 1577 5389 desines,
1607 5321 1805 5392 inquit,
1848 5319 2010 5390 juve-

2118 5326 2214 5395 τῆς
2234 5323 2505 5395 χλαμύδος
2531 5321 2946 5392 σεμνυνόμενον,
2974 5318 3049 5372 Οὐ
3099 5314 3306 5387 παύσῃ,
3336 5314 3471 5385 ἔφη,
3506 5312 3695 5383 μειράο

436 5411 545 5476 nis,
581 5411 653 5466 de
679 5413 798 5468 ovis
825 5412 924 5468 tibi
950 5413 1155 5468 virtute
1188 5413 1448 5484 placere?
1764 5432 1771 5437 '

1764 5432 1771 5437 '
2123 5414 2359 5473 κιονιὲπὶ
2386 5413 2679 5486 προϐάτου.
2693 5411 3086 5484 σεμνυνόμενος
3116 5408 3307 5479 ἀρετῇ.

1741 5526 1972 5583 VARUE
2011 5523 2412 5584 LECTIONES.

515 5613 559 5644 "
588 5613 754 5669 Gesn.
786 5614 1003 5685 μικρόν.
1060 5616 1101 5647 ⁷¹
1134 5613 1299 5668 Gesn.
1331 5613 1686 5683 καθαίροντα.
