3990 6176
356 276 471 342 Eb?

1681 279 1851 339 LOCI
1891 280 2329 344 COMMUNES.

3530 299 3642 362 898

448 391 698 460 'Hpax.t.
729 418 801 432 --
839 390 1194 463 Ἡράκλειτος
1220 392 1250 445 ὸ
1273 389 1524 459 φυσικὸς,
1554 390 1733 461 οτησιν
1769 391 1952 459 ἔλεγεν

2130 393 2454 449 Heraclitus.
2487 425 2557 435 —
2578 396 2912 464 Heraclitus,
2939 401 3215 457 naturalis
3247 401 3631 475 philosophus,

284 454 293 465 ‘
367 454 615 551 ὲγκοτξὴν
657 454 967 552 προκοπῆς.

928 677 1153 732 ΛΟΓΟΣ
1189 675 1294 732 AE'
1332 676 1401 730 ".

686 768 827 838 Περὶ
868 768 1158 837 ἀληθείας
1214 768 1313 822 καὶ
1346 766 1637 836 ψεύδους.

460 866 653 921 Ἰωαν.
698 862 780 933 7’.
811 891 885 903 —-
928 860 992 915 '0
1041 860 1213 915 ποιῶν
1261 859 1361 931 τὴν
1410 858 1690 929 ἀλήθειαν,
1740 857 1935 929 ἔρχετα

370 955 508 1028 πρὸς
526 955 589 1009 τδ
616 952 755 1025 φῶς,
785 952 874 1008 ίνα
899 950 1195 1025 φανερωθῆ
1237 951 1310 1005 τὰ
1340 951 1496 1021 ⁴ἔργα
1539 948 1729 1015 αὐτοῦ,
1771 951 1853 1004 ὅτι
1901 950 1958 1003 ἐν

368 1045 488 1118 Θεῷ
514 1046 653 1098 εἰσιν
688 1042 1048 1115 εἰργασμένα.

453 1138 584 1205 Ἐςρ.
623 1135 696 1191 δ’.
728 1164 804 1177 -—-
842 1133 1196 1204 Ἀποθέμενοι
1215 1132 1432 1203 ψεῦδος,
1463 1131 1677 1187 λαλεῖτε
1699 1129 1957 1201 ἀλήθειαν

371 1228 601 1292 ἕκαστος
635 1226 782 1300 μετὰ
811 1226 909 1281 τοῦ
940 1225 1174 1281 πλησίον
1198 1225 1390 1291 αὑτοῦ,
1410 1225 1493 1279 ὅτι
1517 1222 1687 1295 ἐσμὲν
1713 1222 1957 1295 ἀλλήλων

374 1324 531 1396 μέλη.

440 1420 691 1485 Παροιμ.
719 1407 898 1469 θ¹.-
928 1414 1027 1477 Ὃς
1078 1412 1346 1485 ἐρείδεται
1397 1411 1492 1466 ἐπὶ
1548 1409 1805 1482 ψεύδεσιν
1855 1409 1954 1482 (b),

367 1501 524 1573 οὗτος
570 1508 832 1579 ποιμανεῖ
862 1506 1106 1577 ἀνέμους
1136 1519 1152 1536 ⁸
1184 1507 1214 1560 ὁ
1243 1505 1287 1560 δ’
1318 1504 1484 1569 αὐτὸς
1508 1501 1761 1572 διώξεται
1789 1502 1956 1573 ὄρνεα

369 1596 643 1670 πτερωτά.
878 1665 883 1671 η

438 1693 561 1760 Σιρ.
596 1688 713 1750 κζ’.
748 1718 820 1732 --
843 1688 1079 1743 Πετεινὰ
1108 1688 1246 1761 πρὸς
1274 1687 1346 1743 τὰ
1400 1689 1564 1759 ὅμοια
1624 1686 1810 1751 αὐτοῖς
1853 1703 1953 1740 καο

2064 484 2284 538 inanem
2311 484 2512 541 fastum
2536 489 2735 559 suique
2758 490 3077 560 opinionem
3129 494 3315 549 aiebat
3357 495 3639 565 profectus

2061 588 2231 628 CXCISI
2241 590 2405 630 onem
2439 592 2583 632 esse.

2593 691 2828 750 SERMO
2882 696 3102 753 XXXV.

2473 780 2550 835 De
2580 786 2802 840 veritate
2830 798 2878 841 et
2913 791 3205 846 mendacio.

2127 872 2289 926 Joan.
2325 889 2405 939 tu,
2431 874 2522 929 21.
2551 901 2621 916 -
2646 875 2841 932 Omnis
2869 881 2964 949 qui
2990 880 3121 936 facit
3148 884 3462 953 veritatem,
3489 887 3642 943 venit

2058 962 2127 1016 ad
2174 964 2387 1029 .Iucem,
2443 975 2505 1020 ut
2543 967 2970 1039 manifestentur
3022 987 3191 1041 opera
3246 975 3367 1046 ejus
3411 979 3542 1047 quia
3585 978 3639 1033 in

2003 1075 2006 1078 θ
2056 1054 2168 1110 Ι)θο
2202 1056 2344 1112 facta
2381 1067 2533 1113 sunt.

2128 1145 2325 1217 Ephes.
2363 1165 2436 1213 ιγ,
2462 1148 2552 1204 25.
2574 1180 2645 1189 —
2668 1149 3021 1220 Deponentes
3047 1157 3421 1225 mendacium,
3455 1160 3641 1232 loqui-

2058 1236 2195 1291 mini
2252 1239 2547 1296 veritatem
2586 1244 2970 1315 unusquisque
3025 1260 3151 1302 cum
3199 1250 3452 1318 proximo
3505 1269 3636 1319 suo;

2057 1329 2321 1397 quoniam
2349 1345 2540 1387 sumus
2577 1332 2816 1389 invicem
2846 1337 3116 1392 membra.

2125 1416 2284 1475 Prov.
2305 1435 2373 1484 Ix,
2403 1424 2570 1478 l2.—
2594 1423 2700 1490 Qui
2732 1425 2931 1480 nititur
2963 1428 3292 1496 mendaciis,
3325 1432 3418 1489 hic
3449 1443 3642 1503 pascet

2058 1518 2280 1578 ventos;
2328 1510 2475 1568 idem
2521 1529 2655 1570 vero
2704 1525 3074 1586 persequetur
3116 1535 3249 1576 aves
3288 1538 3500 1592 pennas
3550 1526 3642 1582 ha-

2055 1599 2273 1656 bentcs.

2129 1690 2296 1747 Eccli.
2351 1710 2518 1760 xxvu,
2573 1695 2662 1754 10.
2729 1726 2802 1736 —
2851 1698 3106 1755 Volatilia
3173 1701 3240 1757 ad
3297 1703 3500 1760 similia
3550 1706 3637 1761 sui

367 1764 575 1839 ταλύει.
612 1781 720 1837 Καὶ
756 1780 984 1854 ἀλήθεια
1032 1782 1114 1846 είς
1157 1780 1286 1846 τοὺς
1331 1779 1738 1853 ἐργαζομένους
1785 1779 1952 1851 αὐτὴν

2088 1782 2377 1852 livertunt;
2411 1795 2469 1842 et
2506 1788 2709 1845 veritas
2747 1789 2816 1844 ad
2847 1806 2963 1856 eos,
2998 1793 3094 1862 qui
3131 1793 3280 1850 illam
3313 1807 3635 1866 operantur,

678 1966 792 2021 16'.
824 1995 896 2010 -—-
921 1965 1056 2020 Ἀπὸ
1083 1964 1423 2037 ἀκαθάρτου,
1442 1963 1499 2019 τί
1520 1962 1950 2035 καθαρθήσεται;

364 2059 467 2115 καὶ
492 2059 602 2113 ἀπὸ
627 2059 878 2130 ψεύδους,
909 2061 962 2113 τί
990 2059 1323 2131 ἀληθεύσει;

439 2152 782 2207 Βασιλείου.
834 2182 906 2193 -
950 2150 1091 2205 Οὖτε
1145 2150 1204 2204 ὲν
1251 2148 1649 2221 δικαστηρίοις,
1705 2145 1831 2200 οὔτε
1887 2147 1948 2200 ὲν

367 2245 489 2315 ταῖς
518 2242 707 2308 ἄλλαις
761 2242 1051 2315 πράξεσιν,
1096 2241 1404 2312 ἐπιτήδειον
1438 2241 1503 2294 τὸ
1552 2237 1771 2310 ψεῦδος,
1831 2239 1945 2301 τοῖς

364 2314 475 2407 τὴν
500 2334 669 2407 ὀρθὴν
693 2314 815 2390 ὁδὸν
838 2336 935 2389 καὶ
963 2334 1139 2405 ἀληθῆ
1167 2333 1554 2406 προελομένοις
1580 2330 1674 2386 τοῦ
1711 2330 1850 2402 βίου.

444 2513 558 2569 Τοῦ
602 2515 923 2585 Θεολότου.
954 2545 1027 2556 -
1079 2515 1126 2548 ⁷²
1161 2514 1235 2569 Τὸ
1289 2514 1389 2585 μὲν
1421 2512 1623 2586 ἀληθὲς
1663 2511 1741 2579 ἓν;
1795 2513 1858 2564 τδ
1890 2509 1949 2564 δὲ

371 2601 588 2672 ψεῦδος,
618 2603 958 2675 πολυσχιδές.

439 2695 745 2762 Χρυσόστ.
778 2726 852 2737 -
897 2696 1170 2768 ωδεμιᾶς
1226 2697 1400 2751 δεῖται
1460 2696 1716 2768 βοηθείας
1763 2697 1797 2766 ἠ
1850 2698 1951 2767 τῆς

377 2782 642 2854 ἀληθείας
681 2786 835 2857 ἰσχύς
857 2804 872 2818 ·
909 2788 1045 2842 ἀλλὰ
1088 2788 1192 2842 κᾶν
1223 2789 1454 2859 μυρίους
1488 2788 1586 2860 ἔχῃ
1620 2789 1749 2850 τοὺς
1789 2787 1949 2843 σϐεν-

376 2877 572 2944 νύντας
593 2881 784 2954 αὐτὴν,
817 2881 878 2936 οὐ
927 2882 1088 2954 μόνον
1139 2883 1239 2936 οὐκ
1277 2880 1628 2953 ἀφανίζεται,
1676 2879 1817 2945 ἀλλὰ
1852 2880 1949 2934 καὶ

422 3091 472 3125 ’ί
498 3090 568 3147 Et
595 3092 862 3146 Διονισίου
882 3093 940 3147 in
975 3091 1211 3148 Melissa.

2056 1885 2393 1931 revertetur.

2126 1966 2292 2022 Εσείὶ.
2318 1984 2498 2034 xxxrv,
2532 1971 2586 2023 4.
2617 1999 2688 2008 —
2723 1969 2806 2025 Ab
2835 1970 3124 2028 immundo
3164 1975 3290 2044 quis
3337 1953 3636 2034 mundabi-

2052 2057 2180 2110 tur?
2211 2066 2268 2112 et
2297 2074 2327 2112 a
2353 2060 2639 2122 mendace.
2667 2062 2801 2131 quid
2824 2063 2941 2117 veri
2977 2063 3230 2120 dicetur?

2119 2148 2283 2218 625
2318 2148 2525 2203 Basilii.
2570 2179 2624 2190 -—
2662 2150 2775 2205 Nee
2800 2151 2853 2204 in
2878 2152 3126 2221 judiciis,
3152 2170 3254 2210 nec
3282 2155 3337 2209 in
3364 2156 3491 2212 ullis
3509 2158 3636 2214 aliis

2022 2238 2364 2294 -actionibus
2389 2240 2742 2294 commodum
2766 2241 3115 2298 mendacium
3144 2254 3250 2310 est,
3294 2245 3474 2317 iisque
3511 2248 3635 2303 ido-

2052 2345 2244 2395 neum,
2285 2330 2382 2401 qui
2414 2340 2623 2386 rectam
2658 2346 2957 2401 veramque
2991 2334 3116 2390 vitae
3147 2337 3293 2391 viam
3334 2338 3476 2394 inire
3524 2348 3636 2394 sta-

2052 2430 2304 2477 tuerunt.

2126 2510 2390 2581 Theologi.
2415 2541 2486 2551 ——-
2516 2512 2720 2567 Verum
2763 2515 2989 2584 quidem
3026 2531 3196 2571 unum
3228 2526 3353 2584 est;
3409 2518 3635 2575 menda-

2052 2601 2200 2657 cium
2233 2611 2417 2657 autem
2448 2603 2753 2673 multiplex.
2829 2674 2835 2679 ι
2964 2606 2967 2609 “

2121 2693 2395 2766 Chrysa“.
2424 2726 2497 2735 -—
2532 2695 2695 2751 Nullo
2725 2706 2851 2768 eget
2886 2698 3177 2755 mendacio
3225 2700 3478 2755 veritatis
3524 2700 3631 2757 vis.

2051 2786 2198 2854 Quin
2248 2786 2339 2841 vel
2389 2787 2436 2841 si
2485 2785 2691 2844 inﬁniti
2740 2789 3092 2860 exstinguere
3143 2790 3464 2856 moliantur,
3521 2806 3628 2845 non

2051 2878 2219 2934 modo
2263 2894 2378 2933 non
2416 2879 2720 2946 evanescit,
2773 2895 2965 2936 verum
3011 2880 3178 2936 etiam
3232 2897 3333 2953 per
3384 2897 3481 2938 eos
3533 2883 3631 2953 qui

1667 3020 1904 3076 VARUE
1942 3018 2348 3076 LECTIONES.

1879 3158 2114 3216 NOTAE.

1879 3160 1924 3214 N
1977 3160 2114 3216 ΤΑΞ.

442 3254 517 3334 ςὸ)
541 3254 669 3334 ’ζοςῆ
695 3252 1131 3334 ἐρείδεταιηὲπι
1160 3253 1474 3334 ψεῷῥεσιν.
1509 3255 1717 3334 Versus
1740 3160 2020 3334 thie_inoc
2052 3251 2482 3334 agriquenillins,
2509 3251 2786 3334 quonihil
2827 3260 2938 3334 tota
2970 3253 3077 3334 la_t_e
3106 3252 3283 3334 Gallia
3304 3260 3360 3309 et
3403 3253 3629 3324 Aquita—

366 3322 836 3395 yulg'atingraacis
857 3323 1116 3395 omnibus
1149 3322 1523 3395 desideratur,
1561 3333 1623 3377 ut
1655 3333 1711 3378 et
1739 3323 1796 3378 in
1833 3323 1945 3377 Ile-

370 3392 542 3449 braic.
586 3392 796 3464 Syriae.
850 3400 907 3448 et
956 3392 1261 3464 'l‘_argum:_
1299 3393 1592 3464 solumque
1642 3402 1950 3464 agnoscunt

369 3464 586 3533 vulgata
613 3462 827 3533 Latina,
865 3462 1111 3533 totidem
1150 3462 1356 3526 verbis,
1390 3478 1456 3533 ac
1496 3462 1584 3519 hic
1609 3462 1802 3517 retulit
1827 3462 1948 3533 Ma-

369 3529 665 3599 ximus;ex
694 3532 896 3601 quibus
921 3532 1178 3596 emendo,
1204 3533 1349 3600 quod
1384 3529 1950 3601 Gesnrsequentibus

368 3603 580 3658 editum
603 3600 744 3663 erat,
775 3602 886 3655 οὐδ’
939 3602 1124 3665 αὐτὸς,
1153 3605 1181 3655 ὁ
1209 3602 1255 3654 δ’
1292 3602 1476 3666 αὐτὸς,
1526 3600 1591 3655 Et
1637 3603 1776 3655 idem
1826 3617 1949 3654 aves

373 3675 691 3744 pennigeras
741 3672 1319 3744 persequetur:___quod
1360 3670 1666 3744 proverbii
1694 3672 1815 3744 I_oco
1866 3678 1950 3725 est

373 3739 443 3796 de
493 3739 804 3796 frustraneo
837 3739 1061 3795 conatu.
1098 3739 1219 3794 Alio
1274 3739 1488 3810 spectat
1535 3739 1670 3793 illud
1697 3741 1869 3795 Prov.
1903 3756 1943 3805 ι,

277 3821 291 3833 ⁸
372 3810 733 3892 Πεῇζιιδινᾳ
769 3811 976 3892 Ῑαεὶίςιτ
1004 3820 1113 3892 rete
1148 3819 1273 3892 ante
1312 3809 1523 3892 eculei
1561 3818 1948 3892 pennatorunt;

410 3881 517 3936 uod
542 3880 716 3936 Graeci
738 3880 820 3934 sic
855 3880 1131 3948 efferunt;
1167 3880 1449 3949 citantque
1484 3880 1699 3944 Patres,
1730 3880 1948 3949 Οὐᾼγὰρ

406 3952 571 4012 δίκως
625 3950 927 4003 ἐκτείνεται
960 3947 1157 4003 δύκτια
1184 3965 1281 4002 πτε
1292 3947 1503 4019 ρώτοίς.
1527 3949 1703 4003 Lucii.
1727 3960 1782 4004 et
1804 3947 1944 4002 Sixt.

367 4019 487 4075 Non
514 4021 654 4089 enim
683 4019 880 4089 injuste
910 4022 1046 4074 retia
1080 4021 1377 4074 tenduntur
1409 4019 1612 4089 avibus.
1643 4019 1808 4073 Forte
1834 4034 1950 4073 me‘

367 4090 499 4155 lius,
529 4088 863 4159 Nuntggnim,
911 4090 1269 4159 interrogate,
1306 4089 1456 4159 quod
1490 4097 1548 4143 et
1598 4088 1672 4143 ita
1711 4090 1950 4158 scripse-

369 4161 482 4215 rint
509 4161 560 4212 ot
594 4157 759 4220 LXX,
814 4160 1041 4228 propius
1102 4157 1412 4222 Hebraicis,
1462 4157 1948 4228 Hellenismonon

366 4230 506 4285 satis
539 4227 934 4298 animadverso
956 4269 970 4292 ,
996 4228 1162 4282 etiam
1179 4228 1364 4284 Graece
1392 4228 1646 4293 eruditis,
1673 4227 1820 4298 quod
1853 4243 1949 4283 eos

370 4300 632 4380 deficeret
656 4297 857 4380 notitia
886 4297 1740 4380 linguaenljebraic§1£egerint
1771 4307 1943 4380 certe,

370 4369 520 4441 quod
582 4368 789 4423 habent
848 4368 1035 4422 omnia
1095 4368 1306 4433 Biblia,
1393 4372 1562 4427 Diri”:
1626 4383 1737 4422 non
1789 4369 1948 4441 cujus

372 4433 583 4508 nullum
620 4466 855 4520 usquam
894 4451 950 4505 in
987 4449 1070 4505 eis
1096 4457 1275 4505 exstat
1311 4460 1629 4521 vestigium,
1676 4461 1816 4510 ann
1854 4433 1944 4510 ἐὺ.

368 4521 533 4579 Certe
568 4537 694 4592 non
728 4522 949 4592 frustra,
973 4520 1148 4592 ultro,
1191 4522 1382 4592 gratis,
1434 4520 1697 4592 nulloque
1729 4522 1946 4592 emolu-

369 4602 556 4647 mento
577 4592 657 4645 eis
684 4590 833 4660 injici
859 4590 1120 4660 tendique
1174 4590 1330 4655 retia,
1364 4592 1524 4660 longe
1560 4590 1941 4659 exploratissi—

367 4677 519 4717 mum
556 4670 670 4716 est:
705 4659 920 4728 unaque
945 4660 1059 4715 haec
1082 4675 1203 4714 mea
1225 4659 1519 4730 domidum
1558 4675 1697 4730 puer
1722 4675 1942 4730 agerem

367 4731 595 4786 ineunte
628 4738 914 4790 autumno,
941 4729 1171 4798 uvisque
1195 4728 1447 4792 maturis,
1484 4728 1728 4793 venatio,
1758 4728 1815 4783 et
1837 4745 1941 4784 au-

366 4803 611 4870 cupium,
646 4798 826 4869 gentis
868 4798 1052 4853 indole
1094 4800 1307 4868 locique
1340 4799 1771 4870 opportunitate
1828 4799 1941 4854 fre-

366 4867 813 4938 quentissimum,
844 4878 905 4922 ut
927 4867 1665 4939 expansoeduplic’i’quercu
1694 4867 1811 4939 (seu
1834 4870 1940 4925 alia

366 4942 678 5009 proceriore
732 4939 950 5004 arbore)
975 4954 1097 4993 eam
1124 4938 1178 4992 in
1211 4938 1326 4993 rem
1357 4938 1609 4994 confecto
1633 4938 1761 5001 reti,
1788 4953 1819 4992 e
1844 4939 1941 4993 vi-

365 5023 469 5063 nea
503 5010 569 5064 ad
616 5023 841 5063 nemora
896 5009 1223 5077 crepusculo
1252 5009 1368 5063 fere
1393 5009 1714 5063 devolantes
1748 5009 1938 5065 turdos

362 5078 609 5150 aliasque
631 5078 902 5150 ejusmodi
925 5093 1075 5150 aves,
1120 5079 1287 5133 animi
1320 5079 1494 5150 gratia
1529 5078 1930 5150 indulgensque

365 5147 777 5209 consuetudini.
808 5163 911 5203 nec
941 5148 1101 5202 aliter
1134 5164 1296 5217 quam
1328 5147 1613 5211 volantes,
1675 5147 1732 5202 et
1783 5147 1930 5204 inter

328 5279 332 5282 ς
363 5219 681 5287 velandum,
717 5218 813 5272 illo
843 5218 898 5272 in
918 5234 1013 5272 eas
1039 5217 1261 5287 injecto,
1286 5218 1421 5272 mihi
1443 5232 1731 5286 caperem:
1764 5232 1843 5287 ac
1880 5219 1927 5274 si

360 5285 469 5358 hoc
488 5289 668 5358 ipsum
696 5288 914 5357 aucupii
946 5285 1135 5358 genus
1168 5288 1343 5342 voluit
1390 5288 1481 5343 hic
1512 5285 1778 5343 indicare
1826 5286 1927 5358 Sa-

363 5356 609 5430 piensmt
630 5368 714 5430 est
742 5356 1028 5430 Palaestina
1053 5368 1109 5411 et
1127 5357 1243 5427 ipsa
1267 5358 1426 5430 clivis
1447 5367 1502 5412 et
1526 5356 1925 5430 collibusmire

361 5428 600 5493 vitifera,
629 5427 719 5484 cui
743 5443 851 5481 non
878 5427 1337 5497 desint70pposita
1360 5443 1425 5481 ac
1447 5427 1690 5496 aquiloni
1730 5428 1934 5481 obver-

361 5511 421 5552 sa
457 5514 683 5554 nemora
712 5508 769 5553 et
800 5496 972 5569 silva),
994 5496 1086 5569 ubi
1115 5496 1369 5551 volucres
1396 5497 1526 5569 ipsa:
1556 5499 1676 5552 uvis
1701 5498 1933 5569 pingue-

359 5576 580 5639 scentes
631 5583 883 5639 peneque
925 5566 1114 5630 ebriae,
1145 5575 1330 5621 ament
1359 5568 1577 5639 cubare
1608 5566 1927 5639 :quiﬂfere

358 5636 518 5710 situs,
553 5636 1015 5710 eju's,»quon_at.us
1043 5652 1161 5690 sum
1211 5646 1268 5691 et
1307 5636 1594 5710 educatus,
1638 5638 1694 5691 in
1743 5637 1922 5710 Nitio-

358 5704 803 5782 brigum'linibus
829 5705 896 5762 ad
928 5704 1260 5762 Garumnam
1312 5706 1560 5776 fluvium,
1609 5708 1917 5780 municipii,

2054 3322 2147 3376 nia
2169 3330 2267 3376 aut
2285 3322 2529 3377 fertilius
2553 3331 2649 3376 aut
2678 3324 2971 3383 amoenius,
3007 3324 3378 3378 Marmandam
3404 3322 3623 3392 vocant,

2046 3392 2592 3462 janrAlbigensiun't
2644 3401 2891 3462 tempore
2953 3393 3329 3448 Vallisarnano
3394 3405 3627 3450 castrum

2053 3460 2471 3534 nobilissimum:
2494 3460 2690 3534 addam
2710 3460 2851 3534 Δθέο,
2879 3462 3010 3534 fidei
3043 3463 3327 3517 catholicae
3360 3465 3627 3534 avitmque

2051 3531 2294 3600 pietatis,
2321 3547 2422 3600 per
2450 3531 2753 3600 superioris
2790 3532 2889 3585 aevi
2924 3534 3319 3601 grassationem
3350 3531 3628 3589 Calvinia-

2050 3616 2249 3654 norum
2269 3601 2533 3655 invictum
2560 3601 3032 3670 propugnaculum
3065 3616 3379 3671 arcemque,
3428 3612 3490 3658 ut
3529 3606 3621 3659 vix

2051 3686 2162 3725 una
2195 3671 2461 3741 alterave
2516 3671 2881 3741 sectariorum
2931 3671 3159 3741 familia,
3214 3687 3338 3725 eum
3371 3673 3468 3726 toti
3507 3672 3624 3729 fere

2051 3739 2352 3812 provinciae
2382 3739 2820 3812 dominarentur,
2854 3740 2909 3793 in
2945 3754 3011 3793 eo
3037 3740 3197 3794 sedes
3241 3741 3490 3812 invenire
3517 3759 3621 3812 po-

2035 3809 2608 3880 .tueritreorumvim
2638 3823 2860 3880 omnem
2910 3810 3444 3880 astusqueteivium
3490 3809 3622 3880 p'ro-

2050 3879 2378 3950 pensissima
2406 3879 2711 3950 voluntate,
2753 3876 3031 3950 deluserit;
3047 3876 3149 3933 nec
3162 3878 3318 3950 aliter
3330 3876 3618 3950 quam‘jam

2050 3947 2236 4019 Gallia:
2273 3964 2455 4019 regem
2483 3948 3153 4019 ipsumquewcatholicum
3191 3947 3617 4017 Henricum'lV,

2051 4018 2373 4091 admiserit;
2399 4018 2741 4091 Ludovicum
2771 4018 2911 4091 XIII,
2938 4018 3480 4091 subigendisivicinis
3521 4036 3621 4091 op-

2050 4089 2196 4157 pidis
2216 4088 2540 4143 Calviniano
2561 4088 2761 4158 spiritu
2826 4088 3148 4153 rebellibus,
3175 4090 3331 4156 viris,
3376 4088 3616 4157 annona,

2053 4158 2553 4230 ιρι-[ηεξηιῇξζιηὶηξ⁸
2599 4159 2906 4230 adjuverit;
2941 4174 3197 4228 nuncque
3234 4160 3481 4230 regnanti
3509 4160 3619 4216 Lu-

2050 4227 2246 4283 dovico
2265 4227 2406 4292 XIV,
2435 4227 2738 4297 subigenda
2770 4228 2886 4298 ipsa
2919 4230 3233 4298 metropoli,
3277 4227 3334 4285 et
3380 4229 3449 4284 ad
3495 4230 3617 4285 olli-

2050 4298 2197 4352 eium
2247 4298 2523 4369 cogenda,
2570 4313 2676 4369 per
2728 4299 3046 4369 superiores
3109 4301 3375 4353 tumultus
3403 4340 3415 4359 ,
3452 4315 3618 4369 pene

2047 4367 2385 4438 ὁρμητήριον
2437 4367 2625 4431 fuerit,
2680 4368 3192 4438 atnplissimumque
3250 4367 3616 4424 commeatum

2048 4437 2362 4509 suffecerit;
2419 4447 2479 4509 ut
2525 4453 2631 4509 qua
2682 4438 2741 4491 in
2789 4438 2985 4509 Deum,
3035 4437 3113 4492 ea
3153 4439 3209 4493 in
3260 4454 3442 4509 regem
3473 4440 3612 4509 fide,

2052 4508 2205 4590 (dum
2235 4508 2540 4590 praesertim
2568 4508 2684 4589 ipse
2706 4524 2765 4562 re
2791 4508 2980 4590 magis.
3019 4509 3148 4563 dum
3183 4508 3424 4590 nomine,
3456 4508 3617 4590 Chri-

1973 4592 2016 4647 ι)
2047 4576 2434 4642 suauissimus,
2465 4576 2792 4632 Christiana
2818 4576 2903 4631 rei
2940 4587 3085 4632 totus
3112 4579 3316 4648 studet)
3337 4579 3614 4647 spectabi-

2045 4652 2096 4706 le
2120 4648 2344 4703 sit.Haee
2365 4649 2498 4701 mihi
2514 4647 2696 4717 obiter
2718 4648 2857 4717 grati
2880 4649 3048 4702 animi
3066 4649 3254 4716 patriae
3281 4647 3611 4703 monumen-

2040 4730 2119 4779 to,
2147 4718 2249 4773 etsi
2270 4726 2349 4772 tot
2369 4733 2543 4772 annos
2558 4716 2764 4773 Christi
2795 4733 2951 4773 amor
2982 4719 3358 4788 religiosaque
3383 4717 3612 4772 institu—

2042 4788 2211 4845 tionis
2229 4789 2599 4859 palmstranne
2631 4788 2723 4859 illa
2741 4798 3017 4843 extorrem
3040 4788 3191 4853 fecit,
3215 4790 3442 4859 ejusque
3456 4788 3615 4843 dein-

2037 4875 2168 4929 ceps
2191 4857 2431 4929 visenda:
2444 4873 2597 4929 spem
2616 4858 2861 4929 abstulit;
2886 4859 3157 4914 exstincta
3175 4857 3475 4928 praesertim
3505 4874 3611 4929 sa:-

2037 4928 2162 4983 culo
2181 4928 2409 4990 familia,
2438 4928 2683 4997 mihique
2710 4928 2921 4997 pridem
2941 4928 3082 4983 ccelo
3111 4937 3412 4997 praeeunte,
3442 4928 3611 4983 nullis

2035 4999 2354 5068 nuptiarum
2393 4997 2449 5050 in
2478 4996 2689 5068 liberis,
2712 4996 2954 5066 copulis.
2983 4996 3161 5066 iisque
3189 4996 3394 5052 Christi
3444 5013 3609 5053 causa

2036 5068 2152 5123 fere
2191 5067 2513 5137 repudiatis,
2547 5067 2680 5138 dum
2705 5083 2899 5121 eorum
2929 5083 3074 5138 unus
3096 5074 3154 5122 et
3174 5068 3321 5138 alter
3342 5082 3610 5138 generoso

2036 5148 2239 5192 conatu
2266 5138 2411 5191 celsa
2446 5137 2803 5206 perfectionis
2842 5137 3105 5206 petendo,
3171 5137 3360 5192 bonus
3400 5137 3608 5193 Christi

2035 5209 2194 5270 odor,
2239 5207 2545 5262 sanctitatis
2592 5207 2701 5261 late
2746 5206 3102 5277 fragrantiam
3154 5216 3511 5277 sparserunt;
3553 5216 3609 5261 et

2034 5277 2182 5402 guod
2242 5277 2529 5346 scriptioni
2585 5276 2853 5345 librisque
2882 5276 3231 5346 superiorum
3273 5278 3453 5348 jussu,
3478 5277 3608 5331 almi

2082 5348 2220 5402 allia;
2265 5347 2399 5402 cieri
2452 5347 2800 5402 invitatione.
2855 5361 3091 5402 meoaue
3152 5348 3325 5402 insius
3353 5357 3489 5401 nutu
3542 5362 3608 5401 ac

2082 5348 2220 5403 allisa
2265 5347 2399 5402 cieri
2452 5347 2800 5418 invitatione,
2855 5361 3103 5418 meoque
3152 5348 3325 5418 ipsius
3353 5357 3489 5418 nutu
3538 5362 3609 5418 ae

2043 5418 2434 5488 propensione,
2466 5418 2511 5488 si
2542 5416 2675 5487 quid
2698 5417 2849 5471 utilis
2889 5432 3072 5486 operae
3096 5416 3148 5472 in
3175 5416 3302 5472 rem
3346 5416 3611 5473 Christia-

2041 5486 2167 5542 nam
2191 5497 2247 5541 et
2273 5486 2601 5542 litterariam
2626 5487 2883 5557 conferre
2906 5487 3137 5556 possim,
3177 5497 3468 5557 occupato,
3497 5488 3608 5557 jam

2031 5572 2176 5683 gem:
2196 5557 2444 5680 seniculo
2471 5556 2704 5613 Lutetim
2733 5556 3072 5613 Parisiorum
3100 5557 3254 5614 brevi
3286 5556 3611 5614 immorien-

2073 5643 2163 5682 um
2186 5642 2231 5683 sn
2263 5668 2277 5681 .

2073 5643 2163 5682 um
2186 5628 2277 5684 sit.

3124 5782 3153 5795 Ἃ
