3994 6172
376 169 570 238 899’

1541 169 1602 228 S.
1643 164 1928 226 ΜΑΧΙΜΙ
1967 156 2478 222 CONFESSORIS

3529 138 3640 200 900

377 278 712 335 labefactare
733 286 1027 344 conantur,
1048 278 1318 333 illustrior
1345 275 1654 344 celsiorque
1685 271 1956 336 evaserit;

2106 269 2129 320 .‘
2163 265 2344 319 αὐτῶν
2371 263 2478 316 τῶν
2529 258 2862 332 ἐπηρεάζειν
2914 252 3362 326 ἐπιχειρούντων,
3413 248 3644 322 φαιδρο-
3695 310 3714 330 ο

381 369 510 435 illis,
541 387 636 440 qui
664 386 722 425 se
756 370 961 422 frustra
988 375 1306 436 torqueant,
1334 369 1448 420 risu
1471 367 1595 437 jure
1625 361 1886 433 exceptis.

454 548 694 616 Evagrii.
730 577 799 586 —
828 545 1132 602 Veritatem
1187 545 1410 600 silentio
1455 559 1728 615 premere,
1765 559 1962 598 aurum

380 644 467 692 est
500 637 669 690 humo
705 635 992 690 defodere.

449 729 646 783 Isidori
680 727 988 782 Pelusiolw.
1021 757 1090 767 --
1129 726 1286 794 Quod
1319 725 1564 797 primum
1616 725 1965 782 mendacium

381 820 629 885 auditur,
678 822 942 890 majorem
985 818 1041 872 in
1088 834 1280 873 aurem
1340 817 1518 884 ﬁdem,
1559 817 1746 882 habet,
1800 806 1997 885 quam.

381 914 608 974 veritas,
630 928 752 982 ([1152
780 921 969 981 postea
995 927 1060 966 ac
1089 919 1282 965 secuto
1310 925 1565 964 sermone
1605 919 1964 964 monstratur.

451 1003 742 1058 Seueriani.
775 1034 844 1045 --
877 1003 1246 1067 Mendacium,
1292 1001 1422 1055 dum
1467 1001 1574 1056 sibi
1609 1001 1771 1056 ﬁdem
1816 1015 1968 1069 quaa-

380 1098 473 1158 rit,
510 1114 621 1152 non
665 1098 826 1152 aliter
867 1097 1100 1162 invenit,
1139 1112 1304 1166 quam
1357 1094 1679 1166 apparentia
1717 1093 1970 1148 veritatis

380 1191 801 1244 fundamentum
841 1188 1042 1243 ﬁxerit.

453 1281 658 1334 Thales.
682 1310 753 1319 —
786 1280 988 1334 Thales
1014 1278 1264 1332 Milesius
1303 1284 1667 1348 percontante
1704 1275 1967 1357 quodam,

380 1383 648 1440 quantum
689 1386 720 1425 a
759 1386 894 1425 vero
933 1369 1131 1424 falsum
1156 1367 1404 1424 abesset:
1439 1367 1739 1433 Quantum,
1768 1367 1969 1436 inquit,

384 1462 530 1518 oculi
571 1463 640 1516 ab
690 1462 944 1516 auribus.

351 1568 353 1571 '
456 1555 752 1608 Plutarchi.
817 1585 889 1594 —
952 1553 1184 1622 IEquale
1245 1553 1473 1623 quidem
1529 1552 1717 1618 libra;
1763 1551 1973 1607 veritas

385 1654 592 1709 autem,
629 1645 1015 1715 philosophica
1055 1647 1272 1699 ratione
1309 1645 1612 1715 judicatur.

454 1737 630 1794 Grave
655 1745 740 1792 est
779 1752 808 1791 a
837 1738 924 1791 via
952 1751 1016 1790 ac
1043 1751 1072 1789 a
1101 1736 1342 1790 veritate
1373 1750 1582 1789 errare.

455 1829 765 1885 Charicleaz.
801 1859 871 1869 —
917 1827 1222 1882 Honestum
1270 1827 1590 1896 bonumque
1641 1825 1974 1896 quandoque

387 1919 738 1975 mendacium
774 1925 880 1983 est,
929 1925 1061 1972 tunc
1098 1917 1359 1972 nimirum
1406 1932 1531 1972 cum
1571 1916 1680 1970 illis
1727 1930 1974 1969 commo-

387 2011 544 2075 dum,
597 2010 694 2080 qui
751 2009 1078 2078 loquuntur,
1137 2008 1355 2062 nullum
1402 2005 1757 2061 auditoribus
1816 2005 1977 2060 aﬁ‘ert

388 2102 782 2157 detrimentum
811 2101 925 2169 (θ’).
1454 2140 1457 2143 .

459 2193 663 2250 Gerini.
689 2222 761 2232 --
783 2190 1262 2258 Quemadmodum
1296 2189 1500 2244 debilis
1533 2189 1814 2258 bebesque
1846 2204 1975 2244 ocu-

387 2284 475 2338 lus
503 2285 636 2340 solis
675 2284 862 2338 lumen
900 2283 1106 2338 intueri
1147 2298 1259 2337 non
1298 2291 1502 2352 potest,
1533 2282 1613 2336 sic
1658 2283 1743 2352 (ac
1775 2281 1975 2351 potiori

388 2375 549 2446 longe
576 2373 811 2446 ratione)
837 2389 940 2430 nec
964 2389 1121 2430 mens
1150 2373 1368 2428 inﬁrma
1400 2372 1762 2442 obtusiorque
1787 2389 1978 2430 verum

391 2482 621 2521 cernere
649 2467 820 2520 valet.

461 2557 546 2610 Ea:
575 2556 752 2626 Epict.
786 2566 835 2610 et
865 2555 1088 2611 Isocrat.
1117 2587 1186 2595 —
1205 2556 1354 2612 Nihil
1390 2571 1503 2626 prre
1530 2556 1762 2610 veritate
1785 2555 1980 2626 majori

391 2649 449 2703 in
491 2648 673 2718 pretio
716 2648 1068 2714 habendum;
1118 2665 1220 2704 nec
1274 2650 1532 2704 amicitiae
1578 2649 1826 2704 delectus
1874 2649 1980 2703 im-

391 2737 577 2792 munis
605 2737 674 2791 ab
706 2737 999 2792 aﬁ'eotibus
1024 2747 1127 2803 est,
1156 2737 1591 2809 quibusjustitia
1619 2738 1982 2794 confunditur

392 2841 458 2880 ac
498 2842 599 2881 con
609 2827 950 2881 tenebratur.

2062 360 2196 429 τέρα
2228 359 2324 412 καὶ
2365 355 2673 427 ὑψηλοτέρα
2721 353 2786 406 ἂν
2823 351 2930 421 εἴη,
2987 349 3099 402 τῶν
3150 344 3278 417 εικῆ
3327 345 3643 399 κοπτόντων

2063 453 2291 514 ἑαυτοὺς
2322 447 2702 517 καταγελῶσα.

2131 544 2536 614 Εὐαγριου.--
2564 541 2638 594 Τὸ
2673 539 2833 610 σιγᾷν
2863 536 2962 607 τὴν
2987 533 3273 606 ἀλήθειαν,
3303 531 3502 604 χρυσόν
3521 531 3644 584 ἐστι

2067 637 2316 692 θάπτειν.

2149 727 2447 795 Ἰσιδώρου
2482 727 2770 779 Πελουσι.
2802 751 2870 764 -
2919 721 2994 774 Τὸ
3049 718 3248 789 ψευδὲς
3299 719 3358 770 ἐν
3404 715 3647 787 πρώτοις

2066 820 2254 890 λεχθὲν
2282 817 2505 885 πλείονα
2531 815 2714 868 πίστιν
2739 813 2850 884 ἔχει
2869 811 3020 882 παρά
3039 810 3137 881 τὴν
3164 811 3219 863 ὲν
3237 809 3476 880 δευτέρῳ
3499 807 3648 877 λόγῳ

2069 914 2249 967 δεικνυ
2259 911 2426 982 μένην
2465 909 2744 980 ἀλήθειαν.

2142 1002 2530 1072 Σευηριανοῦ.
2583 1031 2652 1042 -
2687 1000 2761 1054 To
2813 998 3010 1069 ψεῦδος
3062 997 3193 1050 ὅταν
3239 994 3370 1067 θέλῃ
3420 1009 3651 1046 πιστευ-

2071 1096 2254 1166 θῆναι,
2292 1095 2387 1148 ὲάν
2415 1094 2490 1166 μὴ
2518 1090 2667 1166 πήξῃ
2694 1091 2947 1162 θεμέλιον
2982 1087 3245 1158 δοκούσης
3273 1083 3550 1158 ἀληθείας,
3585 1083 3648 1137 ού

2074 1185 2420 1240 πιστεύεται.

2147 1279 2370 1345 Θάλης.
2424 1309 2496 1322 ——
2553 1276 2735 1346 Θάλης
2775 1275 2804 1328 ὁ
2852 1273 3128 1344 Μελὴσιος
3186 1269 3488 1342 ἐρωτηθεὶς
3543 1271 3648 1323 ύπό

2073 1391 2241 1438 τινος,
2278 1374 2452 1426 Πόσον
2481 1371 2677 1440 ἀπέχει
2712 1369 2774 1422 τὸ
2819 1366 3016 1437 ψεῦδος
3042 1364 3138 1418 τοῦ
3171 1363 3430 1435 ἀληθοῦς,
3459 1363 3644 1426 Ὅσον,

2077 1465 2205 1536 ἔφη,
2237 1463 2509 1535 ὀφθαλμοὶ
2529 1463 2640 1515 τῶν
2673 1460 2847 1513 ὢτων.

2147 1555 2564 1624 Πλουτάρχου.
2606 1583 2673 1593 —
2714 1551 2791 1604 Τὸ
2821 1551 2919 1622 μὲν
2955 1543 3074 1603 ἶσον
3107 1547 3289 1618 ζυγῷο
3341 1548 3404 1600 τὸ
3431 1546 3490 1600 δὲ
3519 1545 3651 1615 ἀλη-

2074 1647 2185 1712 θὲς,
2216 1646 2294 1717 τῷ
2329 1649 2393 1699 ὲκ
2439 1643 2758 1714 φιλοσοφίας
2789 1641 2939 1711 λόγῳ
2959 1641 3229 1711 κρίνεται.

2158 1737 2312 1790 Ὀδοῦ
2339 1737 2433 1789 καὶ
2470 1732 2729 1803 ἀληθείας
2756 1730 2998 1802 χαλεπὸν
3029 1727 3507 1799 ἀποπλανηθῆναι.

2146 1831 2392 1896 Χαρικλ.
2427 1854 2498 1866 -
2522 1825 2702 1878 Καλὸν
2733 1823 2844 1894 γάρ
2877 1840 3008 1884 ποτε
3038 1822 3133 1876 καὶ⁸
3182 1820 3244 1873 τὸ
3273 1820 3494 1889 ψεῦδος,
3524 1818 3650 1872 ὃταν

2075 1918 2320 1989 ὠφελοῦν
2363 1917 2491 1980 τοὺς
2545 1916 2826 1986 λέγοντας,
2885 1914 3051 1986 μηδὲν
3103 1911 3478 1968 καταθλάπτει
3526 1911 3646 1974 τοὺς

2077 2014 2399 2076 ἀκούοντας.

2151 2193 2435 2260 Γηρίνου.
2476 2218 2546 2230 -—
2574 2187 2846 2257 Καθάπερ
2877 2185 2936 2240 τδ
2972 2186 3066 2240 τοῦ
3090 2184 3242 2255 ἡλίου
3265 2183 3383 2254 φῶς
3409 2184 3509 2237 ούκ
3537 2182 3653 2236 ἔστι

2082 2281 2384 2338 θεάσασθαι
2433 2280 2650 2334 ἀσθενεῖ
2677 2280 2770 2333 καὶ
2800 2277 3049 2348 ἀδυνάτῳ
3081 2278 3146 2346 τῇ
3186 2275 3328 2344 ὄψει,
3362 2273 3526 2336 οὓτω,
3559 2274 3655 2328 καὶ

2081 2377 2164 2431 ἔτι
2195 2375 2397 2448 μᾶλλον
2422 2374 2521 2443 τὴν
2555 2372 2816 2444 ἀλήθειαν
2851 2371 2952 2424 οὐκ
2978 2369 3127 2424 ἔστιν
3161 2368 3289 2422 ίδεῖν
3317 2365 3537 2421 ἀσθενεῖ
3559 2365 3656 2420 καὶ

2083 2471 2332 2538 ἀδυνάτῳ
2359 2471 2424 2540 τῇ
2455 2465 2686 2536 διανοίᾳ.

2166 2561 2261 2613 Ἐκ
2307 2559 2428 2612 τῶν
2491 2558 2838 2614 Ἐπικτοκαὶ
2879 2553 3279 2622 Ἰσοκράτους.
3351 2580 3422 2592 --
3470 2549 3656 2621 Μηδὲν

2082 2655 2182 2724 τῆς
2215 2651 2476 2723 ἀληθείας
2504 2647 2833 2719 τιμιώτερον
2863 2647 3004 2701 ἔστω
3023 2663 3037 2676 ’
3075 2645 3210 2716 μηδὲ
3244 2643 3426 2714 φιλίας
3454 2640 3656 2713 ἐκλογὴ

2083 2743 2243 2806 ἐκτὸς
2277 2742 2467 2798 παθῶν
2499 2742 2844 2812 διακειμένη,
2869 2735 2952 2803 οἷς
3004 2739 3066 2794 τὸ
3113 2737 3324 2794 δίκαιον
3367 2735 3658 2806 συγχέεται

2083 2837 2178 2890 καὶ
2217 2835 2541 2899 σκοτίζεται.

463 2921 649 3000 ᾼΞεορ.
708 2952 780 2961 --
836 2921 1074 2990 Ᾰίςοριιε
1118 2930 1342 2992 rogatus
1383 2921 1518 2991 quid
1582 2920 1977 2976 mentientibus

2155 2928 2382 2982 Λισώπ.
2421 2957 2493 2966 —
2544 2925 2797 2988 Αἴσωπος
2848 2921 3173 2994 ἐρωτηθεὶς,
3205 2921 3272 2974 Τί
3321 2919 3517 2988 ὄφελος
3545 2918 3663 2980 τοῖς

393 3013 533 3068 lucri
571 3013 895 3068 accederet.
938 3015 1008 3070 Ut
1041 3029 1165 3080 nec,
1197 3015 1243 3070 si
1271 3031 1463 3069 verum
1511 3015 1722 3081 dicant,
1777 3013 1977 3084 inquit,

395 3105 504 3160 illis
547 3105 682 3160 ﬁdes
709 3106 994 3168 habeatur.

464 3197 644 3251 Plato.
685 3229 758 3238 —
782 3199 940 3252 Plato
993 3197 1283 3253 veritatem
1315 3198 1657 3252 rem.anditu
1687 3197 1979 3269 jucundis-

396 3287 589 3343 simam
626 3288 850 3355 aiebat;
893 3289 1157 3342 Polemon
1212 3295 1394 3342 autem
1434 3287 1619 3342 dicere
1668 3287 1978 3351 veritatem,

395 3394 558 3450 quam
599 3380 812 3445 audire,
853 3381 1025 3434 multo
1051 3379 1350 3450 jucundius
1384 3395 1505 3434 esse
1538 3379 1837 3434 asserebat.

465 3469 766 3524 Menandri.
794 3501 866 3522 -.-—
892 3471 1125 3525 Przestat
1154 3470 1526 3536 mendacium,
1564 3485 1731 3541 quam
1783 3485 1979 3525 verum
2033 3495 2046 3511 α

395 3561 598 3614 malum
629 3561 855 3631 eligere.

939 3674 1170 3730 SERMO
1207 3675 1446 3731 XXXVI.

1036 3767 1114 3819 De
1146 3775 1331 3820 morte.
1373 3768 1386 3792 '

467 3857 627 3912 Joan.
654 3873 728 3920 χι,
756 3857 847 3913 25.
878 3888 948 3896 —
979 3856 1082 3922 Qui
1112 3857 1290 3912 credit
1344 3857 1397 3912 in
1433 3872 1539 3921 me,
1570 3856 1786 3911 etiamsi
1830 3871 1978 3910 mor-

390 3957 526 4004 tuus
551 3949 737 4012 fuerit,
767 3948 948 4002 vivet:
982 3957 1037 4002 ei
1077 3949 1259 4003 omnis
1292 3949 1386 4017 qui
1420 3948 1576 4013 vivit,
1619 3955 1676 4002 et
1698 3948 1877 4002 credit
1925 3949 1982 4004 in

391 4055 506 4102 me,
535 4055 646 4092 non
677 4037 946 4092 morietur
979 4039 1033 4092 in
1073 4047 1364 4092 aaternum.

467 4130 634 4200 626
679 4129 707 4182 Ι
741 4129 914 4184 Thess.
967 4147 1040 4195 IV,
1070 4130 1155 4184 12.
1188 4161 1257 4170 -
1278 4131 1414 4188 Nolo
1436 4147 1535 4186 vos
1573 4132 1845 4202 ignorare,
1877 4132 1983 4188 fra-

2085 3017 2439 3089 ψευδομένοις
2490 3018 2556 3069 ὲκ
2612 3016 2708 3068 τοῦ
2762 3013 3013 3084 ψεύδους,
3052 3012 3180 3084 ἔφη,
3230 3011 3304 3064 Τὸ
3346 3011 3451 3065 κάν
3485 3007 3663 3081 ἀληθῆ

2085 3110 2304 3178 λέγουσι
2340 3109 2414 3181 μὴ
2447 3107 2821 3162 πιστεύεσθαι.

2156 3199 2429 3257 Πλάτων.
2460 3229 2530 3240 -
2566 3200 2792 3253 Πλάτων
2823 3199 2921 3269 μὲν
2949 3199 3168 3267 ἥδιστον
3197 3191 3335 3249 εἶναι
3365 3193 3474 3247 τῶν
3499 3193 3669 3246 ἀκου-

2089 3293 2313 3363 σμάτων
2337 3291 2435 3360 τὴν
2461 3290 2721 3360 ἀλήθειαν
2746 3289 2900 3357 ἔλεγε
2922 3305 2936 3319 ’
2968 3288 3225 3356 Πολέμων
3258 3283 3316 3336 δὲ
3349 3283 3484 3336 πολὺ
3515 3280 3667 3353 ἣδιον

2086 3383 2181 3437 τοῦ
2209 3381 2429 3436 ἀκούειν
2457 3381 2519 3434 τὸ
2552 3379 2730 3449 λέγειν
2768 3381 2838 3450 (c)
2864 3375 3003 3434 εἶναι
3032 3378 3081 3431 τ’
3106 3376 3304 3447 ἀληθῆ.

2157 3472 2531 3540 Μενάνδρου.
2560 3500 2632 3513 --
2662 3472 2924 3542 Κρεῖττον
2963 3469 3180 3524 ἑλέσθαι
3208 3469 3425 3540 ψεῦδος,
3457 3469 3491 3540 ἢ
3521 3467 3662 3539 ἀλη-

2089 3562 2181 3628 θὲς
2219 3564 2411 3617 κακόν.

2633 3681 2872 3733 ΛΟΓΟΣ
2908 3678 3015 3744 Λς’
3048 3678 3114 3733 ⁷³.

2651 3771 2787 3840 Περὶ
2816 3770 3097 3826 θανάτου.

2174 3863 2354 3917 Ἰωαν.
2376 3861 2471 3917 ια’.
2495 3891 2564 3902 --
2595 3860 2653 3915 ὐ
2683 3860 2958 3915 πιστεύων
2986 3862 3066 3925 είς
3104 3861 3227 3930 ἐμὲ,
3259 3861 3363 3915 κάν
3393 3862 3663 3934 ἀποθάνῃ,

2089 3956 2312 4026 ζήσεται
2337 3971 2350 3985 ⁸
2388 3954 2482 4008 καὶ
2513 3956 2622 4018 πᾶς
2652 3956 2680 4007 ὁ
2714 3954 2821 4019 ζῶν
2853 3955 2947 4009 καὶ
2974 3953 3246 4008 πιστεύων
3277 3956 3357 4018 είς
3385 3955 3510 4026 ἐμὲ,
3560 3955 3666 4008 οὐκ

2088 4047 2336 4119 ἀποθάνῃ
2365 4048 2444 4112 είς
2481 4047 2574 4100 τὸν
2602 4047 2795 4102 αἰῶνα.

2161 4146 2211 4192 α’
2275 4142 2414 4194 Θεσ.
2447 4139 2516 4192 δ’.
2549 4169 2618 4178 ——
2648 4139 2723 4191 Οὐ
2772 4137 2910 4191 θέλω
2941 4138 3085 4209 ὑμᾶς
3139 4139 3374 4208 ἀγνοεῖν,
3423 4136 3664 4206 ἀδελφοὶ,

394 4231 533 4285 tres,
565 4222 633 4276 de
693 4223 1118 4289 dormientibus,
1169 4233 1230 4278 ut
1267 4241 1380 4279 non
1439 4225 1690 4291 deleatis,
1731 4225 1876 4279 sicut
1926 4234 1977 4280 ei

2106 4231 2358 4302 περὶτῶν
2407 4230 2846 4301 κεκοιμημένων,
2885 4231 2971 4284 ἵνα
3022 4232 3098 4301 μὴ
3151 4231 3431 4297 λυπεῖσθε,
3480 4229 3668 4294 καθὼς

391 4315 586 4368 caeteri
616 4317 710 4384 qui
737 4332 889 4385 spem
929 4333 1040 4370 non
1087 4317 1310 4372 habent.

470 4403 603 4476 Sap.
633 4423 706 4473 tv,
736 4407 820 4461 l5.
857 4439 928 4446 —
975 4407 1403 4462 Consummatus
1439 4408 1492 4462 in
1532 4407 1709 4474 brevi,
1739 4409 1983 4478 explevit

466 4537 521 4570 "
551 4538 611 4592 In
646 4539 814 4593 Gesn.
863 4539 1020 4595 Stob.
1060 4541 1186 4596 26L

480 4740 578 4810 (b‘)
602 4741 723 4796 Non
751 4741 952 4810 probat
976 4742 1243 4798 Ecclesia.

473 4811 542 4884 (ς)
574 4810 688 4884 Τοῦ
737 4810 982 4884 dicat)er
1043 4814 1110 4867 τὸ
1162 4813 1385 4882 λέγειν.
1428 4815 1520 4872 Sic
1565 4815 1789 4871 emend.
1837 4815 1982 4884 quod

400 4882 538 4956 l}a|l.
569 4882 779 4956 pariter
823 4882 1037 4956 habet,
1065 4884 1160 4956 τοῦ
1207 4885 1386 4952 λέγειν
1409 4903 1422 4916 '
1448 4902 1612 4941 secus
1651 4902 1716 4942 ac
1768 4882 1989 4956 putavit

395 4952 568 5026 Qesn.
600 4953 661 5003 τὸ
683 4952 923 5026 *ἀκούειν
946 4953 1039 5026 τοῦ
1072 4953 1273 5026 λέγειν,
1303 4963 1566 5026 tanquam
1611 4956 1716 5012 hoc
1755 4952 1990 5026 reponat

401 5022 662 5076 Polemon
683 5022 916 5087 Platoni,
951 5023 1088 5097 Vera,
1106 5025 1312 5089 audire,
1336 5022 1654 5096 quamloqui
1674 5022 1988 5097 jucundius;

401 5107 513 5145 non
545 5101 760 5155 contra,
791 5109 927 5168 uera
949 5093 1112 5168 loqui,
1137 5113 1294 5166 quam
1319 5093 1508 5149 audire
1532 5093 1848 5168 jucundius.
1870 5095 1986 5168 Hoc

399 5171 576 5225 certe,
637 5178 748 5237 non
793 5163 929 5237 illud
975 5163 1109 5237 petit
1149 5163 1283 5236 'ejus
1325 5163 1854 5237 argula'responsio.
1885 5167 1982 5220 Di-

400 5240 559 5286 cente
594 5233 740 5286 enim
776 5233 906 5307 ΔἱΙΙο
948 5233 1239 5307 veritatem
1276 5233 1613 5291 esse'auditu
1639 5233 1982 5307 jucundissi-

401 5316 566 5376 mam,
601 5303 846 5376 reponit,
862 5319 925 5358 ac
955 5305 1000 5358 si
1027 5305 1198 5360 dicat:
1231 5307 1344 5360 lmo
1413 5315 1561 5361 certe
1596 5303 1771 5368 dictu,
1812 5322 1979 5376 quam

401 5371 593 5425 auditu
618 5373 945 5447 jucundior;
977 5391 1082 5447 qua
1107 5377 1222 5446 ipsa
1248 5378 1521 5447 sententia
1548 5378 1668 5431 viro
1701 5371 1979 5447 gratiﬁca-

403 5447 519 5517 tur,
563 5456 663 5494 nec
719 5443 966 5510 proclive
998 5443 1282 5515 loquatur
1325 5446 1634 5516 discipulus
1691 5443 1978 5517 magistro,

402 5516 704 5591 postquein
723 5521 957 5591 quartus
979 5518 1314 5591 acadenriam
1342 5517 1518 5582 rexit;
1540 5516 1838 5591 ιιι-ηοηηίὲὶ
1867 5518 1984 5569 val-

403 5581 882 5652 dejuvenis‘aliter
909 5587 1152 5649 potuerit
1185 5586 1466 5641 Platonem
1489 5581 1702 5652 audire,
1731 5588 1776 5641 si
1803 5598 1983 5641 tamen

2013 4297 2058 4351 D

2087 4321 2184 4374 καὶ
2217 4323 2266 4374 oi
2293 4321 2473 4374 λοιποὶ
2502 4323 2552 4374 oi
2590 4322 2664 4390 μὴ
2689 4322 2904 4392 ἔχοντες
2927 4322 3138 4376 ἐλπίδα.
3221 4342 3223 4344 ·

2163 4412 2386 4480 Σολομ.
2413 4408 2483 4463 δ’.
2511 4438 2582 4448 —-
2616 4410 2938 4474 Τελειωθεὶς
2970 4413 3028 4464 ὲν
3053 4409 3240 4481 ὀλίγῳ,
3268 4409 3558 4482 ἐπλήρωσε
3586 4409 3666 4479 (d)

1920 4611 2154 4668 NOTAE.

2086 4763 2216 4829 vere
2246 4749 2478 4829 audivit,
2509 4759 2566 4806 et
2622 4766 2732 4807 non
2765 4751 3154 4819 Xenocratem,
3196 4753 3288 4809 cui
3330 4753 3580 4824 proxime
3609 4754 3670 4810 in

2087 4819 2182 4872 illa
2219 4821 2510 4874 successit.

2161 4889 2611 4971 (d)_T§_.let_ai_0§lc
2640 4893 2712 4946 ἐν
2746 4894 2950 4971 ὀῆζγπφ,
3001 4894 3338 4964 ἐπλήρωσε.
3362 4895 3440 4949 Ita
3464 4894 3670 4971 distin-

2087 4960 2207 5035 guit
2237 4960 2370 5014 Ball.
2401 4961 2499 5035 alii
2519 4962 2634 5018 fere
2659 4979 2768 5018 non
2787 4960 3463 5035 distinguuntfpotestque
3493 4965 3574 5028 τὸ,
3610 4967 3672 5018 ὲν

2087 5030 2276 5112 eum),
2305 5032 2536 5112 perinde
2559 5035 2777 5112 utrique
2795 5030 2986 5106 jungi:
3005 5051 3101 5089 seu
3141 5030 3307 5112 etiam
3341 5030 3669 5112 in_ut.roque

2089 5101 2340 5171 intelligi.
2375 5101 2529 5175 Brevi
2564 5101 2748 5175 itaque
2769 5101 3202 5170 consummatus,
3256 5105 3413 5161 brevi
3476 5101 3673 5175 longos

2089 5186 2268 5225 annos
2311 5173 2641 5240 complevit;
2697 5176 2908 5228 meritis
2964 5175 3176 5231 scilicet
3237 5191 3302 5230 ac
3360 5173 3672 5231 virtutibus

2088 5240 2250 5314 longe
2300 5252 2616 5314 provectus,
2667 5253 2724 5299 et
2769 5245 2925 5314 quasi
2974 5246 3029 5300 in
3088 5246 3197 5300 illis
3259 5247 3668 5310 consenuisset,

2087 5310 2314 5392 Argent.
2341 5319 2397 5392 et
2458 5311 2755 5392 Basileens.
2789 5310 3172 5392 sequentibus
3223 5317 3433 5392 addunt
3465 5331 3672 5392 _vocem

2089 5383 2272 5460 κακῶν
2292 5397 2305 5410 ·
2342 5383 2544 5460 ἀρεστῂ
2565 5385 2685 5460 ,γὰρ
2714 5383 2904 5460 κακῶν
2932 5387 2965 5453 ἠ
3000 5386 3380 5460 ψυχὴ-αὑτοῦ,
3425 5387 3672 5460 obscuro

2088 5454 2223 5526 satis
2247 5466 2441 5526 sensu,
2473 5454 2579 5508 nisi
2612 5454 2770 5526 malis
2796 5472 2966 5526 prona
2994 5454 3057 5510 ac
3087 5454 3324 5520 inﬁrma,
3358 5473 3456 5511 seu
3487 5457 3672 5510 obno-

2088 5521 2615 5597 {iaanima‘vitaque
2645 5521 3042 5597 intelligatur;
3098 5543 3221 5597 quae
3246 5529 3317 5580 sit
3347 5526 3508 5591 ratio,
3567 5544 3675 5581 cur

2090 5590 2235 5646 Deus
2261 5590 2694 5650 festinave'ritde
2739 5590 2941 5652 saeculo
2974 5590 3186 5667 rapere,
3235 5597 3540 5667 secundum
3574 5613 3671 5650 or-

2061 5867 2094 5900 Ι
