3990 6176
262 315 266 319 ~
369 263 474 335 901

1677 257 1848 320 LOCI
1887 255 2323 318 COMMUNES.

3514 258 3624 325 902

368 374 598 447 χρόνους
652 367 942 440 μακρούς·
1013 365 1218 438 ἀρεστὴ
1266 364 1375 437 γὰρ
1411 364 1474 418 ιν
1516 365 1707 437 κυρίῳ
1731 368 1766 438 ὴ
1793 363 1940 436 ψυχὴ

2080 381 2237 435 mgos
2265 379 2441 420 annos
2467 381 2482 430 ;
2511 363 2713 434 placita
2743 364 2890 421 enim
2925 373 3046 421 erat
3072 365 3127 421 in
3158 364 3394 427 Domino
3440 368 3625 424 anima

369 461 559 530 αὐτοῦ,
582 459 672 514 διὰ
695 458 856 515 τοῦτο
880 457 1146 513 ἔσπευσεν
1178 459 1244 512 ἐκ
1275 458 1443 528 μέσου
1482 457 1770 529 πονηρίας.

445 636 633 706 Σιρὰχ
667 637 745 689 λ’.
793 663 866 674 -
919 630 1205 702 Κρείσσων
1234 629 1463 694 θάνατος
1493 628 1635 700 ὑπὲρ
1669 626 1818 698 ζωὴν
1855 643 1948 680 πι-

375 726 536 798 κρὰν,
557 725 591 795 ἢ
628 722 970 799 ἀρρώστημα
996 720 1236 791 ἔμμονον
1273 720 1365 792 (e).

443 816 627 883 Σιρὰχ
656 817 775 883 λη’.
823 842 895 853 -
930 811 1155 877 Τέκνον,
1176 811 1286 864 ἐπὶ
1317 810 1496 883 νεκρῷ
1528 810 1809 879 κατάγαγε
1857 808 1951 862 δά-

378 920 542 975 κρυα,
585 903 679 956 καὶ
708 902 938 973 ποίησον
970 901 1168 964 πένθος
1204 900 1348 955 κατὰ
1384 902 1482 971 τὴν
1523 900 1678 967 τάξιν
1706 899 1753 931 ⁷⁸
1786 898 1950 953 αὐτοῦ

376 996 595 1068 ἡμέραν
627 993 759 1065 μίαν
788 994 880 1047 καὶ
904 991 1018 1054 δύο.
1046 991 1211 1062 χάριν
1235 992 1510 1064 διαϐολῆς,
1548 994 1640 1046 καὶ
1670 992 1954 1063 παρακλή-

378 1086 501 1159 θητι
549 1088 728 1156 λύπης
761 1085 947 1140 ἕνεκα.
1004 1084 1182 1137 Γνῶθι
1218 1084 1329 1155 γὰρ
1360 1084 1443 1137 ὅτι
1476 1083 1576 1136 οὐκ
1609 1083 1756 1135 ἔστιν
1785 1082 1952 1137 ὲπάνο

376 1179 518 1245 οδος,
553 1177 648 1232 καὶ
684 1175 874 1231 τοῦτον
903 1175 1009 1244 γὰρ
1032 1174 1133 1228 οὐκ
1157 1173 1591 1244 ὠφελήσεις,καί
1626 1172 1821 1227 σαυτὸν
1848 1189 1952 1225 κα-

378 1270 599 1335 κώσεις.
636 1269 769 1324 Ἀπὸ
792 1267 900 1338 γὰρ
928 1265 1108 1338 λύπης
1137 1264 1377 1319 ἐκϐαίνει
1405 1264 1657 1329 θάνατος.

445 1360 796 1417 Βασιλείου.
850 1358 1158 1426 -Ὢσπερ
1209 1355 1318 1427 γὰρ
1373 1356 1424 1411 οἰ
1476 1356 1535 1408 ἐν
1581 1357 1695 1419 τοῖς
1747 1354 1956 1417 πλοίοις

380 1451 756 1518 καθεύδοντες,
793 1449 1120 1521 αὐτομάτως
1155 1447 1261 1501 ὑπὸ
1290 1445 1384 1500 τοῦ
1433 1445 1745 1517 πνεύματος
1787 1445 1954 1515 ἄγον-

380 1561 492 1609 ται,
531 1541 636 1598 κᾶν
675 1541 832 1596 αὐτοὶ
873 1540 948 1611 μὴ
978 1538 1377 1593 αἰσθάνωνται·
1429 1537 1543 1591 ἀλλ’
1573 1539 1602 1591 ὁ
1626 1537 1826 1609 δρόμος
1858 1536 1956 1591 a6-

2048 456 2198 513 illius
2231 475 2244 510 :
2280 465 2508 527 propter
2559 457 2667 513 hoc
2715 456 3035 527 properavit
3087 456 3156 512 de
3195 454 3381 511 medio
3420 455 3632 527 iniqui.

2049 548 2197 604 tatis.

2121 637 2290 693 Eccli.
2323 653 2451 702 xxx,
2487 637 2576 692 Π.
2613 667 2685 682 -—-
2725 637 2917 692 Melior
2965 647 3053 693 est
3100 652 3251 694 mors
3295 653 3461 707 quam
3517 638 3629 693 vita

2050 743 2255 792 amara,
2286 736 2382 782 aut
2411 726 2677 798 aegritudo
2702 727 2984 782 diuturna.

2122 818 2292 874 Eccli.
2324 833 2552 882 xxxnu,
2589 819 2676 874 16.
2713 844 2783 858 —~
2807 819 2930 882 Fili,
2961 833 3129 888 super
3148 826 3432 874 mortuum
3451 818 3633 875 deduc

2054 912 2365 982 lacrymas;
2400 918 2458 964 et
2495 909 2584 963 fac
2608 909 2820 963 luctum
2849 909 3152 964 secundum
3189 910 3450 964 meritum
3486 912 3632 982 ejus,

2053 1019 2228 1059 unum
2257 1002 2404 1057 diem
2429 1000 2680 1056 autduos
2716 1009 2941 1069 propter
2960 1000 3388 1066 detractionem;
3411 1009 3470 1056 et
3496 1016 3634 1057 con-

2055 1094 2234 1149 solare
2293 1100 2523 1163 propter
2573 1090 2874 1144 tristitiam.
2936 1089 3093 1145 Scias
3147 1091 3298 1145 enim
3346 1106 3463 1147 non
3507 1106 3634 1149 esse

2054 1182 2452 1238 reversionem.
2483 1181 2673 1250 Neque
2706 1179 2856 1235 enim
2886 1179 2967 1234 illi
3006 1179 3281 1249 proderis,
3319 1189 3378 1237 et
3424 1188 3484 1237 tu
3514 1181 3635 1253 ipse

2056 1273 2453 1339 discruciabis;
2477 1288 2545 1327 ex
2581 1272 2805 1326 tristitia
2832 1270 2982 1325 enim
3008 1285 3158 1325 mors
3178 1272 3387 1326 evenit.

2126 1363 2335 1419 Basilii.
2367 1394 2436 1404 —
2480 1361 2959 1430 Quemadmodum
2984 1362 3099 1433 qui
3132 1362 3189 1416 in
3223 1353 3457 1432 navigiis
3502 1361 3638 1417 dor-

2058 1455 2258 1519 miunt,
2284 1455 2428 1509 ultro
2456 1469 2488 1508 a
2537 1453 2720 1508 ventis
2771 1460 3038 1524 aguntur;
3084 1468 3151 1508 ac
3193 1452 3327 1509 licet
3370 1453 3477 1523 ipsi
3523 1468 3638 1509 non

2057 1543 2318 1608 sentiant,
2369 1558 2567 1598 cursus
2610 1552 2795 1598 tamen
2836 1541 2906 1596 ad
2957 1541 3124 1597 ﬁnem
3182 1548 3342 1612 urget
3393 1540 3638 1612 suscepti

380 1634 508 1698 τοὺς
538 1633 676 1705 πρὸς
718 1632 780 1686 τὸ
826 1631 981 1695 τέλος
1027 1630 1273 1698 ὲπείγει·
1335 1628 1479 1683 οὕτω
1533 1630 1629 1684 καί
1668 1628 1827 1699 ὑμεῖς
1859 1628 1954 1683 τοῦ

2084 1635 2277 1690 tineris
2311 1651 2325 1688 :
2368 1634 2451 1689 sic
2495 1643 2552 1690 et
2590 1648 2712 1698 nos,
2748 1633 2877 1689 vitae
2921 1643 3125 1689 nostra
3172 1640 3424 1703 tempore
3453 1634 3639 1705 perer-

379 1695 706 1800 χρόνουσῆς
756 1726 903 1795 ζωῆς
954 1724 1113 1795 ἡμῶν
1163 1695 1589 1797 παραρρέοντος,
1634 1695 1798 1778 οίονεί
1850 1740 1957 1777 τινι

2080 1723 2294 1788 luente,
2339 1724 2491 1779 velut
2523 1724 2639 1795 jugi
2661 1695 2901 1794 quodam
2925 1738 2992 1778 ac
3020 1695 3307 1778 indefesso.
3334 1695 3510 1789 metu,
3566 1722 3640 1781 ad

380 1819 594 1889 κινήσει
625 1817 859 1886 συνεχεῖ,
900 1816 996 1868 κα)⁸
1026 1813 1314 1884 ἀπαύστῳ,
1352 1814 1489 1886 πρὸς
1513 1812 1574 1867 τὺ
1596 1815 1795 1867 οἰκεῖον
1825 1813 1959 1869 ἒκα-

385 1926 507 1973 στος
539 1908 713 1978 πέρας
743 1906 822 1978 τῷ
872 1906 1188 1978 λανθάνοντι
1242 1905 1431 1977 δρόμῳ
1471 1904 1572 1975 τῆς
1617 1903 1766 1976 ζωῆς
1802 1905 1960 1976 ⁴ἡμῶν

385 1976 848 2073 κατεπειλίόμεθα.
1018 1976 1046 2008 ⁸
1282 1976 1290 1977 7
1350 1976 1353 1977 ν
1749 2022 1763 2039 ι

410 2136 417 2143 .
465 2095 525 2149 '0
561 2095 661 2165 μὲν
685 2095 745 2149 ἐν
770 2093 850 2166 τῷ
903 2093 1003 2166 βίῳ
1055 2093 1359 2165 τυγχάνων,
1410 2092 1566 2147 οὔπω
1621 2091 1961 2165 μακαριστὸς

382 2185 472 2240 διὰ
504 2185 565 2238 τὸ
612 2184 806 2255 ἄδηλον
859 2184 959 2255 τῆς
1012 2183 1321 2248 ἐκϐάσεωςο
1368 2185 1397 2237 ὀ
1445 2183 1502 2236 δὲ
1554 2182 1962 2254 συμπληρώσας

379 2275 451 2329 τὰ
484 2274 870 2339 ἐπιϐάλλοντα,
918 2274 1013 2328 καὶ
1068 2274 1447 2345 άναντιρῤήτῳ
1483 2272 1627 2325 τέλει
1673 2272 1772 2341 τὴν
1816 2269 1961 2340 ζωὴν

379 2364 772 2431 κατακλείσας,
807 2358 963 2428 οὗτος
993 2363 1094 2435 ήδη
1125 2363 1385 2432 ἀσφαλῶς
1418 2359 1806 2434 μακαρίζεται.
1846 2395 1851 2400 ν

451 2456 645 2520 Οὐδεὶς
680 2456 819 2527 μετὰ
864 2456 925 2508 τὸ
968 2454 1199 2524 λυθῆναι
1228 2452 1324 2524 τὴν
1360 2454 1668 2524 πανήγυριν
1699 2465 1961 2521 πραγμα-

381 2546 625 2613 τεύεται,
663 2546 786 2600 οὐδὲ
843 2544 985 2617 μετὰ
1015 2544 1142 2608 τοὺς
1185 2542 1406 2612 ἀγῶνας
1451 2540 1733 2613 παρελθὼν
1766 2556 1965 2610 στεφα-

383 2634 601 2689 νοῦνται
619 2650 634 2665 ⁸
666 2633 791 2689 οὐδὲ
823 2632 967 2705 μετὰ
987 2634 1113 2695 τοὺς
1135 2630 1410 2703 πολέμους
1434 2628 1783 2700 άνδραγαθεῐ.

1015 2768 1334 2838 Θεολότου.

390 2860 575 2917 Παντὶ
610 2859 813 2931 ,βροτῷ
838 2859 1166 2931 Maxera
1195 2858 1367 2931 πᾶσα
1401 2855 1478 2927 γῆ
1504 2856 1713 2931 τᾴφος.

387 2931 521 2988 Πᾶν
546 2925 669 3003 γάβ
689 2933 758 2986 τὸ
786 2925 856 2986 ἐκ
884 2930 998 3002 γῆς
1026 2927 1103 3001 γῆ
1132 2946 1197 2985 τε
1236 2929 1336 2983 καί
1369 2925 1470 2994 εἰς
1488 2925 1607 2999 rii-
1647 2925 1855 2982 πάλιν.

455 3083 760 3151 Χρυσόστ.
793 3110 865 3122 -ο
910 3081 975 3135 Εἰ
1027 3080 1184 3134 πόλιν
1217 3080 1283 3133 ὲκ
1317 3081 1526 3144 πόλεως
1582 3076 1961 3149 ἀμεισοῦντες,

388 3172 482 3229 τοῦ
510 3171 985 3245 χειραγωγοῦντος
1022 3170 1289 3239 δεόμεθα·
1332 3170 1516 3241 πολλῷ
1552 3169 1755 3240 μᾶλλον
1796 3170 1831 3240 ἡ
1869 3168 1966 3239 ψυ-

388 3264 481 3336 χὴ,
526 3265 628 3334 τῆς
674 3263 878 3334 σαρκὸς
923 3263 1203 3334 άπάρασα,
1240 3261 1336 3315 καὶ
1369 3262 1507 3333 πρὸς
1535 3261 1633 3332 τὴν
1663 3261 1966 3332 μέλλουσαν

393 3354 769 3426 μεθισταμένη
802 3350 970 3423 ζωὴν,
1004 3351 1113 3405 τῶν
1144 3351 1523 3422 ὀδηγησόντων
1547 3351 1822 3422 δεήσεται.

459 3441 729 3512 Καθάπερ
754 3430 916 3511 σῶμα
948 3439 1329 3513 ψυχορραγοῦν
1353 3440 1447 3493 καὶ
1481 3441 1649 3509 ἐγγὺς
1679 3439 1754 3493 ὢν
1782 3440 1968 3493 τελευ-

390 3536 512 3604 τῆς,
545 3534 750 3605 μυρίας
795 3533 1095 3586 ἐπισπᾶται
1143 3530 1421 3594 κακώσεις
1445 3548 1460 3563 ’
1508 3533 1604 3585 καὶ
1628 3532 1805 3597 οἰκίας
1839 3532 1969 3601 μελ-

390 3624 591 3698 λούσης
618 3623 1009 3688 καταπίπτειν,
1039 3624 1212 3677 πολλὰ
1249 3622 1582 3694 προπίπτειν
1627 3622 1840 3688 εἴωθεν,
1873 3623 1970 3676 καὶ

393 3717 501 3770 ἀπὸ
549 3716 650 3787 τῆς
696 3714 922 3787 ὀροφῆς,
976 3714 1073 3768 καὶ
1105 3714 1215 3770 ἀπὸ
1247 3713 1355 3767 τῶν
1388 3713 1615 3784 τοίχων·
1676 3712 1819 3766 οὕτω
1875 3713 1970 3766 καὶ

393 3805 492 3877 τῆς
523 3807 850 3878 οἰκουμένης
903 3807 1072 3875 ἐγγὺς
1104 3805 1200 3859 καὶ
1229 3805 1287 3858 ὲν
1319 3804 1513 3874 θύραις
1536 3805 1682 3859 ἐστὶν
1710 3806 1743 3875 ἡ
1781 3802 1968 3856 συντέ-

393 3897 535 3963 λεια,
568 3897 664 3952 καὶ
693 3897 783 3952 διὰ
820 3896 977 3951 τοῦτο
1003 3896 1071 3951 τά
1107 3896 1281 3969 μυρία
1326 3895 1648 3967 διέσπαρται
1689 3892 1967 3964 πανταχοῦ

394 3984 561 4039 κακά.
1866 3985 1885 3993 ’

478 4074 763 4143 Ἀριστοτ.
796 4104 866 4115 -
906 4075 1003 4129 Ἐκ
1049 4073 1143 4128 τοῦ
1195 4072 1312 4144 βίου
1342 4073 1633 4145 κράτιστόν
1672 4075 1817 4128 ἐστιν
1868 4075 1971 4128 ὑπ-

394 4159 632 4227 εξελθεῖν
680 4162 756 4227 ὠς
806 4163 872 4216 ὲκ
925 4162 1263 4237 συμποσίου,
1311 4165 1449 4233 μήτε
1515 4162 1775 4233 διψῶντα,
1829 4165 1967 4235 μήτε

399 4252 690 4324 μεθύοντα.

2059 1815 2347 1885 proprium
2375 1815 2610 1885 quisque
2636 1813 2823 1889 ﬁnem,
2846 1815 3065 1871 occulto
3085 1814 3213 1870 vitae
3240 1821 3447 1871 nostra:
3468 1830 3641 1873 cursu

2059 1904 2403 1962 festinamus.

2129 2078 2235 2146 Qui
2257 2078 2440 2134 adhuc
2469 2078 2626 2144 vivit,
2657 2088 2891 2135 eventus
2912 2079 3147 2142 incerto.
3173 2079 3411 2136 necdum
3439 2063 3641 2139 beatus

2059 2170 2447 2242 praedicandus
2465 2178 2577 2226 est:
2611 2170 2706 2241 qui
2735 2185 2866 2225 vero
2908 2170 3155 2241 implevit
3191 2187 3313 2242 qua:
3336 2187 3466 2228 eum
3509 2188 3644 2230 wn-

2062 2263 2349 2335 tingebant
2372 2273 2535 2333 atque
2559 2262 2884 2332 perfunctus
2919 2263 3086 2317 vitam
3110 2263 3341 2319 indubio
3372 2263 3480 2321 ﬁne
3503 2278 3643 2321 con-

2062 2354 2251 2420 clusit,
2278 2354 2371 2409 hic
2391 2354 2506 2425 jam
2535 2360 2654 2408 tuto
2683 2352 2880 2407 beatus
2920 2353 3028 2409 dici
3063 2345 3251 2423 quedt.

2130 2445 2305 2501 Nemo
2373 2444 2571 2500 solutis
2631 2444 2744 2515 jam
2804 2444 3071 2500 nundinis
3124 2444 3486 2515 negotiatur;
3546 2454 3644 2501 aut

2064 2542 2190 2605 post
2215 2535 2519 2589 certamina
2541 2533 2772 2588 veniens
2811 2544 3139 2601 coronatur;
3184 2534 3271 2590 vel
3303 2541 3427 2606 post
3454 2534 3641 2605 praelia

2065 2622 2233 2678 fortia
2270 2623 2416 2679 facta
2446 2623 2723 2695 designat.

2715 2756 2982 2829 Theologi.

2062 2846 2239 2918 Cuivis
2270 2848 2514 2902 morienti
2541 2849 2736 2918 quaevis
2769 2855 2913 2901 terra
2947 2846 3251 2918 sepulcrum
3276 2857 3372 2904 est.

2065 2915 2335 2990 Quidquid
2360 2919 2501 2973 enim
2527 2915 2591 2972 ea:
2616 2926 2763 2973 terra
2789 2925 2885 2983 est,
2902 2924 2951 2970 et
2975 2915 3051 2971 est
3080 2927 3263 3061 ειη-να,Ῐ
3280 2927 3331 2972 et
3356 2920 3412 2973 in
3444 2924 3646 3002 terram

3270 2997 3575 3045 revertatur.

2134 3078 2403 3149 Chrysost.
2430 3108 2501 3118 —
2521 3076 2601 3143 Si,
2637 3077 2733 3148 qui
2757 3093 2822 3133 ex
2854 3089 2963 3133 una
2992 3079 3047 3134 in
3076 3079 3236 3135 aliam
3271 3081 3464 3135 urbem
3497 3095 3647 3135 com-

2065 3172 2328 3243 migrant,
2369 3171 2600 3227 ductore
2649 3171 2931 3243 indigent;
2993 3173 3198 3243 potiori
3237 3174 3398 3245 longe
3431 3173 3648 3228 ratione

2065 3267 2252 3321 anima
2275 3263 2494 3318 solvens
2526 3278 2557 3317 a
2579 3277 2836 3333 corpore,
2875 3272 3039 3333 atque
3078 3264 3148 3317 ad
3174 3263 3420 3319 futuram
3462 3272 3648 3320 trans-

2068 3352 2316 3424 migrans
2339 3351 2533 3415 vitam,
2561 3352 2665 3406 via:
2693 3350 2935 3407 ducibus
2961 3340 3253 3423 indigebit.
3282 3349 3289 3356 ’

2137 3443 2210 3498 Ut
2263 3441 2409 3510 quod
2469 3440 2708 3494 animam
2755 3441 2887 3511 agit,
2934 3441 3161 3510 jamque
3227 3440 3394 3496 morti
3442 3456 3655 3512 corpus

2065 3525 2311 3580 vicinum
2342 3529 2447 3587 est,
2479 3521 2798 3577 innumeras
2825 3522 3186 3593 aegritudines
3222 3538 3287 3577 ac
3310 3537 3482 3576 noxas
3514 3538 3647 3577 con-

2066 3614 2272 3680 trahit;
2317 3612 2596 3682 domoque
2644 3612 2862 3666 ruinam
2927 3613 3213 3680 minante,
3267 3612 3441 3667 multa
3490 3612 3651 3682 prius

2068 3706 2253 3761 delabi
2291 3704 2491 3769 solent,
2522 3711 2639 3757 tum
2669 3717 2699 3758 e
2740 3711 2906 3767 tecto,
2938 3710 3057 3757 tum
3097 3718 3128 3757 e
3169 3704 3512 3774 parietibus;
3566 3704 3656 3759 sic

2067 3802 2125 3850 et
2144 3791 2476 3864 propinqua,
2503 3791 2728 3862 jamque
2765 3789 2821 3844 in
2848 3790 3035 3862 januis
3071 3791 3263 3845 mundi
3291 3806 3647 3847 consumma-

2069 3884 2243 3951 tione,
2273 3884 2563 3938 innumera
2598 3881 2805 3952 ubique
2832 3897 3023 3952 sparsa
3055 3882 3198 3936 mala
3220 3882 3505 3954 ingruunt.

2141 4057 2416 4121 Aristétel.
2445 4060 2821 4131 —Optimum
2866 4069 2952 4115 est
3005 4060 3086 4116 sic
3129 4060 3241 4116 vita
3280 4060 3434 4116 exire
3483 4074 3547 4114 ac
3581 4075 3650 4114 ex

2072 4154 2357 4218 convivio,
2413 4162 2475 4209 ut
2536 4168 2721 4223 neque
2777 4152 3107 4209 siticulosus
3155 4167 3261 4208 nec
3312 4153 3652 4207 temulentus

2072 4245 2325 4301 exsistas.

480 4342 540 4398 '0
562 4344 621 4397 ὲν
648 4343 789 4414 νόσῳ
812 4341 1078 4413 διαθήκας
1095 4344 1345 4416 γράφων,
1371 4345 1727 4417 παραπλήσια
1747 4347 1961 4418 πάσχει,

2144 4332 2252 4400 Qui
2304 4333 2418 4402 jam
2450 4346 2612 4401 aeger
2668 4330 2985 4386 testamenti
3047 4331 3351 4387 conscribit
3410 4330 3650 4396 tabulas,

393 4435 508 4500 τοῖς
544 4436 774 4506 χειμῶνι
822 4435 1095 4508 θαλαττίῳ
1133 4436 1480 4518 εὐτρεπίζειν
1529 4439 1852 4510 ἀρχομένοις
1896 4441 1966 4494 τὰ

393 4526 496 4597 τῆς
533 4526 661 4599 νηὸς
689 4526 851 4582 ὅπλα.

468 4703 727 4773 Σωκράτ.
753 4735 822 4745 -
859 4704 1028 4778 Αἰροῦ
1061 4704 1240 4771 καλῶς
1264 4704 1519 4761 τεθνάναι
1544 4703 1769 4775 μᾶλλον,
1799 4705 1833 4778 ἤ
1867 4704 1968 4777 ζῇν

398 4794 660 4866 αἰσχρῶς.

2074 4425 2225 4482 haud
2246 4423 2520 4481 absimilis
2551 4422 2631 4477 illi
2669 4432 2773 4487 est,
2807 4424 2903 4493 qui
2932 4433 3053 4478 orta
3084 4425 3196 4494 jam
3223 4431 3553 4492 tempestate
3588 4439 3654 4479 ac

2074 4518 2337 4575 saeviente
2371 4516 2637 4587 procella,
2673 4515 2836 4586 627
2868 4515 3024 4570 navis
3062 4530 3215 4570 arma
3266 4514 3461 4584 incipit
3488 4527 3653 4584 appa-

2068 4624 2217 4666 rare.

2153 4699 2507 4757 Socratis.'——
2529 4696 2769 4752 Honeste
2798 4694 2985 4766 potius
3014 4694 3156 4750 mori
3173 4693 3332 4759 velis,
3349 4707 3517 4765 quam
3540 4702 3649 4748 tur-

2075 4792 2224 4865 piter
2252 4788 2466 4847 vivere.

1670 4921 1912 4979 VARIE
1953 4923 2363 4982 LECTIONES.

1898 5066 2134 5122 NOTE.

469 4997 516 5029 "
543 4997 629 5054 ἄλ.
657 4995 834 5064 ἀξίαν.

402 5161 591 5218 dinem
640 5163 841 5219 divma:
889 5160 1284 5225 Providentiae,
1332 5177 1405 5218 ne
1468 5175 1629 5217 secus
1671 5170 1984 5217 mutaretur

399 5247 498 5302 pro
538 5234 777 5287 humana
806 5233 1184 5289 vertibilitate.
1211 5232 1352 5298 Quid
1379 5231 1767 5302 εἰδυσάρεστος
1794 5232 1981 5287 κακῶν

400 5301 625 5370 scripsit
650 5318 805 5357 sacer
822 5304 1100 5372 scriptor?
1129 5301 1363 5372 quadrat
1399 5309 1549 5357 certe
1580 5301 1801 5372 'optime
1859 5304 1981 5357 vul-

400 5374 543 5441 gatis
602 5373 826 5427 Graecis.
889 5371 1049 5441 Quod
1082 5371 1305 5427 taederet
1333 5387 1459 5425 cum
1509 5371 1782 5426 malorum
1831 5373 1981 5438 vitm,

401 5456 498 5512 seu
525 5442 689 5495 etiam
715 5443 923 5506 saeculi,
954 5443 1224 5495 ἔσπευσεν
1252 5444 1315 5494 ὲκ
1340 5442 1507 5511 μέσου
1561 5444 1848 5512 πονηρίας’
1881 5442 1984 5497 Se-

402 5460 498 5494 δειι
525 5460 689 5495 Ellam
715 5460 923 5506 ΞἚΕΠΙΙ,
954 5460 1224 5495 εσπευσεν
1252 5460 1315 5494 εκ
1340 5460 1507 5511 μεσου
1561 5460 1695 5512 πονη
1744 5460 1848 5506 ιας’
1881 5460 1983 5497 ae-

402 5510 528 5564 dulo
556 5511 759 5566 studuit
814 5513 877 5565 de
904 5513 1075 5567 medio
1133 5512 1422 5582 pravitatis
1480 5513 1646 5582 exire,
1691 5460 1983 5581 ﬁstinavit,

402 5583 730 5636 “contendit:
802 5583 946 5636 votis
998 5581 1232 5645 sciliCet,
1292 5597 1414 5651 quae
1469 5581 1615 5638 Deus
1659 5582 1720 5639 in
1767 5598 1835 5641 eo
1901 5583 1983 5639 sic

406 5660 734 5719 pramature
756 5663 914 5722 rapto
939 5653 1186 5722 proclive
1219 5651 1538 5727 impleverit.

2162 5161 2233 5232 (ε)
2267 5162 2335 5216 Ἢ
2355 5158 2715 5232 ἁρρὠτημα
2742 5161 3026 5232 ἔμμονον.
3056 5156 3296 5232 _lndicio
3316 5161 3448 5232 sunt
3472 5223 3484 5232 _
3503 5153 3656 5232 Vulg:

2091 5223 2297 5305 Syriae.
2331 5223 2553 5286 Arabic.
2585 5223 2918 5305 interpretes
2954 5226 3255 5305 desiderari
3282 5223 3487 5305 aliquid
3510 5225 3658 5305 quod

2089 5295 2160 5358 εἰί
2193 5303 2336 5357 idem
2360 5317 2424 5355 ac
2446 5316 2597 5355 mors
2632 5295 2769 5369 ipsa.
2803 5316 2956 5355 more
2986 5298 3149 5353 solito
3183 5295 3657 5369 Scripturae,id_em

2081 5374 2207 5427 aliis
2256 5372 2447 5426 verbis
2511 5363 2835 5439 repetendi,
2874 5386 2985 5424 uno
3041 5374 3097 5422 et
3164 5363 3340 5439 altero
3411 5363 3657 5439 membro

2079 5442 2337 5522 ejusdem
2382 5434 2674 5522 sententiae
2706 5440 2865 5522 Y‘ulg.
2892 5449 3107 5522 αῖιειι-ηίιΔ
3135 5434 3658 5522 regilies,‘quasi.le-

2079 5506 2223 5592 gerit
2248 5511 2476 5592 αἰώνιος·
2519 5507 2693 5592 λῆξις,
2717 5506 2954 5592 βχιῖιιε.Δ
2982 5518 3038 5590 et
3056 5506 3299 5592 “Arabic.
3347 5506 3658 5592 descendere

2078 5576 2133 5638 in
2165 5584 2393 5654 foveam,
2435 5581 2548 5635 sive
2569 5576 2683 5650 ipse
2709 5576 2962 5654 fob_ea._et
2995 5576 3455 5654 infernus;_quod
3484 5576 3662 5646 ipsum

2081 5647 2223 5709 mori
2261 5660 2427 5723 atque
2459 5647 2608 5706 mors
2639 5647 2745 5717 est,
2774 5650 3078 5721 Scriptura:
3114 5647 3323 5717 phrasi.
