3994 6172
360 209 467 272 903

356 408 605 462 animum
632 405 929 460 oll'uscare.

426 495 759 550 Moschionis.
801 520 872 530 ——
914 488 1052 544 Aliis
1111 487 1236 541 aliis
1302 482 1693 555 ingruentibus
1737 480 1945 537 morbis

355 604 609 659 peneque
642 583 948 651 continuis,
980 597 1088 638 nec
1122 595 1274 636 mors
1322 580 1442 650 ipsa
1488 577 1686 633 adesse
1722 582 1949 631 cuncta—

360 689 472 734 tur.
1764 670 1769 671 ⁷

430 769 828 825 EtrPhavorini
858 767 1089 837 scriptis.
1140 792 1211 804 —
1267 761 1539 816 Aristides
1582 760 1947 831 cognomento

356 864 568 928 Justus,
592 872 819 933 rogatus
838 901 854 925 ,
896 858 1161 929 quandiu,
1188 848 1354 910 liceat
1380 853 1658 909 hominem
1692 853 1826 924 justi
1856 867 1947 907 re-

359 955 544 1024 ctique
566 961 816 1008 tenacem
844 951 1035 1005 vivere
1064 966 1078 1001 :
1123 946 1345 1014 Quoad,
1374 945 1577 1014 inquit,
1608 942 1949 999 existimabit

359 1055 625 1117 praestare
660 1044 822 1107 mori,
856 1057 1021 1112 quam
1068 1040 1277 1093 vivere.

431 1139 664 1194 Amasis.
698 1166 770 1176 —
797 1134 1013 1190 Amasis
1038 1131 1420 1204 [Egyptiorum
1446 1145 1565 1197 rex,
1596 1127 1664 1183 ad
1709 1126 1948 1182 amicum

362 1231 568 1285 amisso
605 1229 720 1283 ﬁlio
749 1225 1176 1282 consolatoriam
1238 1223 1492 1278 scribens
1545 1237 1560 1275 :
1622 1218 1702 1283 Si,
1746 1216 1946 1288 inquit,

363 1337 491 1377 cum
510 1320 754 1375 nondum
785 1325 932 1374 esset
958 1332 1069 1372 non
1098 1316 1348 1380 dolebas,
1391 1328 1470 1387 ne.
1502 1326 1652 1367 nunc
1700 1309 1947 1379 quidem,

363 1431 491 1471 cum
527 1429 637 1469 non
661 1411 904 1483 amplius
926 1410 1151 1463 futurus
1176 1416 1281 1470 est,
1319 1405 1510 1460 dolere
1545 1403 1733 1458 debes.

434 1507 660 1577 Diogen.
685 1532 757 1544 α-
788 1503 1063 1571 Diogenes
1080 1498 1320 1571 Cynicus
1336 1497 1658 1566 deplorante
1687 1493 1950 1564 quodam,

360 1598 507 1669 quod
534 1610 765 1667 peregre
782 1594 910 1648 fatis
946 1591 1240 1646 iuncturus
1268 1595 1435 1648 esset,
1458 1587 1535 1641 ait
1566 1604 1580 1640 :
1615 1585 1780 1652 Quid,
1814 1585 1952 1640 stul-

362 1698 416 1743 te
436 1729 451 1753 ,
501 1687 760 1756 deploras
788 1698 852 1738 ac
884 1679 1162 1751 quereris,
1199 1693 1324 1733 cum
1340 1692 1408 1731 ex
1422 1676 1574 1732 omni
1605 1676 1728 1731 loco
1756 1675 1948 1731 eadem

363 1779 430 1834 ad
456 1778 738 1831 infernum
764 1774 851 1829 via
869 1772 982 1827 sit?

438 1868 683 1924 Docebat
706 1865 955 1937 quidem,
993 1878 1097 1918 nos
1122 1870 1316 1918 coacto
1344 1867 1513 1926 coetu,
1561 1875 1689 1915 eum
1721 1859 1817 1928 qui
1850 1873 1951 1913 na-

367 1970 458 2015 tus
484 1961 576 2024 sit,
603 1956 827 2028 quantis
859 1954 1019 2035 malis
1043 1953 1316 2008 obnoxius
1341 1952 1549 2016 veniat,
1584 1950 1733 2005 luctu
1761 1963 1952 2019 prose-

367 2050 463 2121 qui
490 2067 505 2114 ;
539 2057 733 2103 contra
761 2060 897 2101 vero
927 2045 1069 2099 vivis
1097 2044 1377 2098 sublatum
1414 2049 1471 2096 et
1502 2042 1756 2095 laborum
1787 2038 1952 2094 ﬁnem

302 2134 319 2155 ’
369 2142 651 2210 adeptum,
676 2137 896 2209 gaudio,
925 2135 1119 2190 faustis
1147 2133 1407 2189 laudibus
1432 2149 1496 2189 ac
1518 2132 1819 2199 ominibus,
1852 2131 1953 2186 do-

371 2248 461 2288 mo
486 2232 708 2287 efferre.

440 2324 682 2392 Epicuri.
710 2352 783 2362 —
810 2320 1094 2376 Adversus
1131 2319 1239 2374 alia
1273 2319 1493 2389 quidem
1523 2333 1583 2373 se
1615 2327 1794 2373 tutum
1819 2333 1955 2388 pra:-

367 2426 514 2472 stare
538 2416 670 2470 licet
699 2432 715 2482 ;
743 2414 813 2470 ad
838 2422 1071 2468 mortem
1093 2421 1277 2467 autem
1307 2410 1455 2482 quod
1489 2411 1707 2476 attinet,
1763 2425 1957 2466 omnes

371 2510 565 2563 urbem
595 2508 829 2563 colimus
859 2507 1014 2561 nullo
1034 2505 1293 2575 praesidio
1319 2504 1609 2558 munitam.

441 2600 694 2655 Musonii.
720 2630 792 2639 —
815 2599 937 2654 Non
962 2606 1141 2668 potest
1177 2606 1510 2666 praesentem
1542 2597 1690 2652 diem
1723 2596 1957 2651 honeste

370 2691 582 2757 vivere,
618 2691 714 2761 qui
741 2706 854 2746 non
877 2687 1233 2759 proposuerit
1255 2702 1382 2741 eum
1400 2702 1460 2742 se
1510 2694 1821 2742 extremum
1873 2687 1957 2741 vi-

371 2794 614 2839 cturum.

443 2873 707 2945 Polymni.
728 2903 798 2913 —
821 2873 901 2928 Ne
933 2873 1122 2929 doleas
1147 2886 1314 2942 super
1331 2871 1417 2925 his
1462 2870 1559 2940 qui
1597 2870 1914 2924 moriuntur
1940 2886 1956 2936 ;

1528 199 1588 258 s.
1627 194 1914 256 MAXIM]
1945 153 2468 255 'CONFESSORIS

426 314 703 371 Clita‘rchi.
726 342 795 354 -
824 310 1008 365 Satius
1036 316 1122 364 est
1149 306 1314 373 mori,
1341 319 1506 376 quam
1545 301 1953 365 incontinentia

2125 302 2509 372 Κλητάρχου.
2541 332 2611 343 -
2638 302 2904 374 Κρεῖττον
2942 299 3258 365 ἀποθανεῖν,
3284 298 3320 368 ἢ
3349 297 3419 353 δι’
3440 297 3620 354 ἀκοα-
3728 362 3745 377 _

3511 186 3615 252 904

2034 394 2172 457 ,σίας
2205 394 2384 465 ψυχὴν
2411 394 2767 465 ἀμαυρῶσαι.

2116 483 2498 551 Μοσχίωνος-τ
2529 511 2593 522 -
2644 482 2778 545 Ταῖς
2821 481 3003 544 νόσοις
3034 481 3064 534 ό
3097 478 3330 543 θάνατος
3363 478 3647 551 ἀλλήλαις·

2045 573 2715 644 ἐπικαταλαμσανούσαις,
2761 573 2870 627 οὐδ’
2901 573 3065 636 αὐτὸς
3099 572 3356 643 παρεῖναι
3387 570 3623 627 ἀναϐάλ-

2044 661 2216 718 λεται.

2127 753 2224 808 Ἐκ
2261 756 2382 809 τῶν
2408 755 2695 825 Φαϐωρίν.
2721 785 2794 799 --
2834 753 3165 826 Ἀριστείδης
3195 755 3224 808 ό
3245 754 3454 818 δίκαιος
3487 755 3628 825 ἔρω-

2044 847 2251 917 τηθεὶς,
2273 848 2446 901 Πόσον
2476 850 2593 901 ἐστὶ
2622 848 2811 919 χρόνον
2834 847 3123 919 ἄνθρωπον
3152 846 3316 902 καλὸν
3344 847 3466 919 ζῇν,
3495 847 3624 918 ἔφη,

2048 941 2196 1004 Ἕως
2241 940 2309 996 ἀν
2359 940 2609 1012 ὑπολάϐῃ
2663 939 2726 993 τὸ
2783 940 3037 995 τεθνάναι
3080 940 3177 994 τοῦ
3229 942 3328 1013 ζῇν
3374 945 3625 1013 κρεῖττον

2048 1029 2210 1086 εἶναι.

2123 1125 2401 1193 Ἄμασις.
2426 1153 2498 1164 -—
2521 1112 2766 1192 ’Ἄμασις
2790 1124 2819 1177 ό
2847 1123 2957 1179 τῶν
2995 1123 3313 1192 Αἰγυπτίων
3345 1122 3626 1193 βασιλεὺς,

2049 1214 2188 1286 φίλῳ
2220 1214 2551 1281 ἀποϐαλόντι
2583 1215 2720 1281 υῑὸν,
2752 1215 2983 1287 γράφων
3011 1215 3500 1287 παραμυθητικὸν,
3550 1213 3628 1270 εἶ-

2048 1324 2170 1374 πεν,
2200 1308 2265 1362 Εἰ
2293 1308 2381 1361 ὅτε
2410 1306 2623 1361 οὐδέπω
2650 1302 2721 1377 ἦν
2748 1308 2848 1361 οὐκ
2874 1306 3099 1374 ὲλύπου,
3126 1307 3263 1379 μηδὲ
3291 1307 3389 1360 νῦν
3420 1308 3504 1362 ὅτι
3528 1308 3629 1361 οὐκ

2049 1398 2130 1453 ἔτι
2170 1399 2327 1453 ἔσται
2361 1399 2631 1471 λυπηθῇς.

2120 1490 2426 1560 Διογένης.
2457 1520 2527 1532 —
2559 1490 2818 1563 Διογένης
2842 1492 2871 1545 ό
2900 1490 3138 1554 Κυνικὸς
3180 1489 3508 1562 ὀδυρομένου
3544 1506 3628 1543 τι-

2051 1584 2141 1647 νδς
2189 1585 2379 1654 ἐπειδὴ
2432 1586 2525 1639 ἐπὶ
2585 1583 2743 1653 ξένης
2789 1582 2991 1654 ἧμελλε
3037 1582 3316 1654 τελευτᾷν,
3374 1580 3519 1646 εἷπε,
3560 1581 3628 1635 Τί

2053 1678 2241 1748 ὀδύρῃ,
2290 1671 2337 1731 ὦ
2373 1677 2592 1748 μάταιε,
2636 1675 2978 1747 πανταχόθεν
3006 1673 3116 1747 γάρ
3158 1674 3274 1738 όδδς
3310 1676 3346 1746 ἠ
3378 1673 3518 1746 αὐτὴ
3549 1676 3629 1738 είς

2052 1767 2201 1820 ἆδου.
2961 1796 2964 1800 λ

2138 1857 2337 1927 Ἐχρῆν
2360 1856 2459 1929 μὲν
2485 1857 2634 1928 ἡμᾶς
2657 1840 2911 1925 σύλλογον
2933 1853 3311 1927 ⁴τῳιουμένους,
3334 1852 3429 1908 τὸν
3456 1851 3629 1924 φῦντα

2055 1950 2272 2022 θρηνεῖν
2303 1954 2383 2015 είς
2421 1951 2501 2007 ὄσ’
2533 1950 2752 2021 ἔρχεται
2779 1948 2955 2003 κακά’
2985 1948 3077 2001 τὸν
3105 1947 3150 2001 δ⁶
3177 1942 3245 2002 αὖ
3269 1945 3502 2001 θανόντα
3535 1949 3630 2001 καὶ

2053 2046 2232 2100 πόνων
2259 2045 2637 2115 πεπαυμένον,
2660 2043 2975 2116 χαίροντας,
2994 2040 3399 2113 εὐφημοῦντας,
3430 2041 3632 2113 ἐκπέμ-

2055 2151 2182 2188 πειν
2210 2134 2413 2205 δόμων.

2139 2311 2436 2380 Ἐπικούρ.
2494 2286 2575 2353 -ί
2616 2311 2759 2384 Πρδς
2791 2310 2892 2382 μὲν
2920 2311 2976 2364 τ’.
2996 2310 3132 2365 ἀλλα
3177 2309 3402 2364 δυνατὸν
3454 2311 3631 2382 ἀσφά-

2057 2402 2216 2455 λειαν
2247 2402 2611 2474 πορίσασθαι·
2650 2404 2810 2474 χάριν
2840 2402 2899 2456 δὲ
2928 2401 3159 2456 θανάτου
3190 2400 3394 2467 πάντες
3416 2402 3629 2475 ἀνθρω-

2058 2513 2151 2549 ποι
2178 2498 2333 2551 πόλιν
2362 2497 2669 2568 ἀτείχιστον
2701 2496 2981 2569 οἰκοῦμεν.

2128 2591 2511 2645 Μουσωνίου.
2534 2620 2606 2631 -
2633 2589 2749 2646 Ούκ
2778 2592 2896 2645 εστι
2918 2593 3016 2665 τὴν
3036 2595 3390 2667 ἐνεστηκυῖαν
3419 2593 3629 2666 ἡμέραν

2059 2681 2242 2745 καλῶς
2283 2682 2498 2753 βιῶναι,
2554 2683 2630 2756 μὴ
2678 2685 3017 2757 προθέμενον
3061 2687 3232 2760 αὐτὴν
3279 2688 3357 2754 ῶς
3396 2689 3633 2759 ἐσχάτην

2061 2772 2278 2844 βιῶσαι.

2129 2868 2495 2924 Πολυαίνου.
2518 2902 2587 2911 -
2619 2870 2742 2924 Ἐπὶ
2768 2873 2881 2935 τοῖς
2902 2872 3307 2945 ἀποθνήσκουσι
3342 2874 3416 2945 μὴ
3439 2873 3632 2928 λυποῦο

370 2973 456 3019 est
485 2966 633 3019 enim
674 2965 793 3021 haec
815 2965 1140 3020 necessariae
1191 2964 1315 3018 vitae
1363 2962 1608 3029 functio;
1650 2961 1746 3016 sed
1790 2976 1957 3031 super

2086 2963 2357 3028 ιναγκαῖον
2388 2962 2497 3032 γάρ
2517 2976 2531 2992 θ
2572 2962 2688 3017 ἀλλ’
2712 2965 2807 3018 ἐπὶ
2835 2966 2949 3029 τοῖς
2977 2966 3219 3037 αίσχρῶς
3248 2966 3594 3021 τελευτῶσιν.

373 3056 464 3111 his
485 3056 580 3126 qui
606 3057 843 3126 turpiter
864 3056 1011 3111 diem
1036 3055 1321 3110 claudunt.

445 3136 734 3211 Demoerit.
762 3147 1365 3213 —Democritus,'cum
1409 3159 1477 3200 ex
1529 3141 1858 3214 aegritudine
1904 3142 1962 3196 in

373 3239 685 3310 lethargum
770 3238 1103 3303 incidisset,
1134 3247 1357 3307 tumque
1396 3236 1714 3291 emersisset
1746 3252 1761 3288 :
1812 3233 1963 3289 Nihil

376 3329 537 3393 mihi,
569 3327 771 3398 inquit,
801 3326 928 3382 vitae
969 3342 1125 3383 amor
1175 3327 1660 3398 imponet:seque
1701 3324 1885 3394 ipsum
1931 3337 1963 3378 e

376 3420 490 3475 vita
524 3420 739 3475 eduxit.

1013 3508 1296 3565 Menandri
1317 3549 1333 3564 .

626 3603 725 3657 Ter
762 3605 954 3657 misera
994 3610 1045 3656 et
1087 3618 1389 3657 aerumnosa
1426 3608 1667 3668 natura;

626 3673 916 3744 Multisque
934 3674 1075 3727 curis
1103 3674 1212 3726 vita
1246 3672 1467 3742 referta.

450 3763 622 3835 Major
643 3765 947 3819 necessitas
976 3763 1234 3818 medendi
1258 3762 1465 3828 animo,
1502 3778 1668 3833 quam
1704 3761 1960 3833 corpori:

381 3863 606 3925 prastat
634 3857 783 3910 enim
820 3854 983 3919 mori,
1012 3869 1179 3924 quam
1207 3853 1349 3909 male
1372 3854 1578 3908 vivere.

1030 3944 1321 4016 Sophoclis.

521 4037 682 4091 Fidus
715 4035 823 4100 tibi,
852 4033 1071 4099 tumule,
1097 4036 1212 4105 quis
1238 4049 1301 4088 ea:
1327 4032 1636 4105 mortalibus
1658 4034 1684 4088 ?

525 4107 641 4176 Heu
663 4107 881 4159 mortuis
909 4105 928 4157 !
958 4104 1121 4176 quam
1148 4105 1250 4158 cito
1264 4105 1381 4175 ﬂuit
1410 4104 1737 4176 brevissima,

528 4175 598 4229 Et
626 4176 850 4245 pristina
877 4191 1054 4229 omnes
1079 4174 1273 4228 deserit
1293 4175 1425 4228 inita
1454 4175 1684 4245 gratia}?

410 4302 413 4305 η
455 4267 605 4322 Bias.
626 4298 695 4306 ——
717 4267 866 4333 Bias,
903 4281 1028 4321 cum
1057 4266 1182 4337 quis
1214 4267 1272 4321 in
1316 4266 1617 4322 liberorum
1675 4266 1960 4322 interitum

2133 3139 2444 3208 Δημοκρίτ.
2477 3171 2546 3184 —-
2572 3134 2742 3207 Οὗτος
2774 3144 3008 3215 νοσήσας
3044 3144 3139 3199 καὶ
3171 3144 3432 3217 ληθαργῷ
3477 3161 3638 3215 περι-

2063 3228 2269 3295 πεσὼν,
2298 3230 2374 3295 ὡς
2408 3233 2695 3304 ἀνένηψεν,
2737 3235 2904 3289 Οὐδέν
2934 3253 3023 3307 με,
3059 3236 3187 3309 ἔφη,
3214 3236 3549 3309 ὲξαπατήσει
3604 3224 3639 3294 ἡ

2064 3318 2327 3388 φιλοζωῖα
2347 3338 2363 3354 ·
2405 3323 2499 3377 καὶ
2528 3324 2799 3396 ἐξήγαγεν
2824 3327 3018 3381 ἑαυτὸν
3048 3326 3141 3381 τοῦ
3166 3326 3303 3398 βίου.

2666 3503 3038 3574 Μενάνδρου.

2174 3594 2527 3668 Τρισάᾷλιὸν
2553 3611 2621 3665 γε
2647 3597 2745 3650 καὶ
2782 3598 3162 3668 ταλαίπωρον
3186 3599 3389 3668 φύσει.

2170 3664 2429 3719 Πολλῶν
2455 3682 2521 3719 τε
2556 3664 2782 3734 μεστόν
2806 3667 2938 3721 ἐστι
2971 3668 3037 3721 τό
3064 3667 3169 3736 ζῇν
3188 3664 3557 3738 ξρροντίδων.

2133 3756 2329 3829 Ψυχὴν
2377 3758 2631 3829 σώματος
2663 3761 3088 3833 ἀναγκαιότερον
3126 3761 3329 3817 ἰᾶσθαι.
3385 3760 3491 3815 Τοῦ
3526 3759 3637 3831 γὰρ

2062 3848 2253 3913 κακῶς
2275 3850 2396 3922 ζῇν,
2427 3851 2490 3905 τὺ
2516 3851 2769 3907 τεθνάναι
2801 3856 3071 3924 κρεῖσσον.

2710 3948 2979 4015 ιΣοφοκλ.

2070 4035 2274 4111 triga.)
2300 4034 2415 4111 pip
2461 4036 2655 4111 ουδεὶς
2686 4038 2901 4111 πιστὸς
2935 4039 3260 4111 ἀνθρῴπων
3293 4042 3493 4111 φίλος.

2063 4105 2183 4178 ρξῦ
2219 4104 2329 4178 τοῦ
2358 4107 2669 4178 θανόντος,
2700 4109 2781 4173 ὡς
2809 4104 3015 4178 ταχεῖα
3040 4104 3163 4175 τοῖς
3199 4104 3445 4178 ,βροτοῖς

2062 4173 2243 4242 Χάρις
2291 4175 2539 4244 διαρῤεῖ,
2566 4177 2665 4230 καὶ
2695 4173 2984 4247 προδοῧσ’
3016 4173 3354 4236 iudicem.

2137 4266 2301 4332 Βίας.
2334 4296 2409 4307 -—
2459 4267 2593 4333 Βίας
2644 4269 3073 4342 ἐπικαλουμένου
3106 4272 3251 4338 τινος
3281 4275 3376 4330 τδν
3409 4273 3639 4329 θάνατον

387 4369 621 4416 mortem
666 4359 970 4415 invocaret:
1023 4358 1166 4425 Quid
1208 4367 1314 4425 est,
1368 4359 1570 4429 inquit,
1629 4358 1814 4424 homo,
1860 4373 1957 4413 cur

2086 4360 2158 4415 ιπὶ
2186 4361 2392 4415 τέκνων
2420 4362 2695 4434 ἀπωλείᾳ.
2738 4365 2868 4435 ἔφη,
2899 4367 2966 4420 Τί
2994 4367 3159 4422 αὑτὸν
3188 4368 3393 4436 καλεῖς,
3425 4367 3641 4440 ἀνθρω·⁵

383 4454 535 4510 illam
562 4467 810 4517 arcessas
837 4453 860 4506 ?
884 4452 1137 4523 nunquid
1162 4467 1274 4507 non
1303 4451 1608 4509 venietnisi
1639 4433 1984 4507 arcesserisf

454 4526 622 4617 628
659 4545 808 4600 ldem
838 4554 1137 4614 conspecto
1159 4544 1404 4615 projecto
1458 4543 1723 4613 humique
1748 4544 1965 4613 jacente

386 4638 588 4710 gladio,
617 4638 815 4704 Quem,
848 4638 946 4703 ait,
975 4635 1289 4705 perdidisti,
1312 4643 1415 4690 aut
1435 4635 1562 4704 quis
1584 4634 1677 4689 te?

457 4728 606 4784 Idem
650 4737 891 4799 rogatus,
925 4742 1172 4797 quamam
1230 4726 1376 4780 inter
1403 4732 1608 4780 mortes
1640 4738 1790 4779 mors
1825 4723 1965 4779 mala

390 4820 551 4886 loret,
579 4820 867 4891 respondit
918 4835 933 4873 :
975 4818 1107 4885 Quae
1147 4819 1297 4890 justa
1352 4818 1537 4889 legum
1597 4832 1833 4872 censura
1887 4817 1969 4871 in-

390 4912 616 4982 ﬂigitur.

459 5004 666 5060 Socrat.
702 5003 1049 5077 eSocrates
1087 5003 1157 5058 ab
1200 5002 1631 5059 Atheniensibus
1678 5002 1972 5074 pramipitii

387 5096 699 5163 damnatus,
736 5096 901 5152 [lente
932 5098 1055 5168 ejus
1087 5111 1259 5151 uxore
1292 5095 1588 5165 Xantippe,
1646 5105 1812 5165 atquc
1881 5094 1970 5148 di-

385 5201 546 5245 cente
577 5208 590 5243 :
619 5189 791 5257 Quam
832 5189 1044 5259 inique,
1079 5205 1114 5244 o
1143 5188 1419 5255 Socrates,
1466 5188 1701 5243 moreris
1731 5190 1744 5243 ί
1787 5188 1971 5244 Velles

388 5281 577 5354 igitur,
595 5282 796 5354 inquit,
836 5284 1081 5355 mejuste
1112 5282 1252 5337 mori
1276 5283 1299 5336 ?

459 5454 631 5520 Idem,
663 5456 883 5512 dicente
917 5457 1152 5525 quodam
1191 5454 1562 5511 Athenienses
1600 5456 1799 5510 mortis
1836 5471 1971 5510 sen-

390 5546 619 5601 tentiam
656 5548 710 5602 in
735 5564 862 5604 eum
897 5548 1099 5605 dixisse
1144 5567 1157 5604 :
1193 5547 1337 5615 Quin
1387 5556 1515 5604 ante
1574 5548 1720 5615 illos,
1764 5549 1964 5621 inquit,

388 5648 607 5693 natura.

2067 4471 2173 4519 πε;
2203 4454 2303 4508 οὐκ
2332 4454 2399 4509 ἂν
2441 4455 2517 4527 μὴ
2547 4457 2783 4529 καλέσῃς
2807 4457 2925 4529 ἥξει
2951 4476 2967 4527 ;

2139 4538 2309 4608 Οῦτος
2352 4544 2690 4617 θεασάμενος
2741 4548 3022 4622 μάχαιραν
3084 4549 3450 4622 ἐρριμμένην,
3508 4548 3639 4621 ἔφη.

2070 4635 2166 4699 Τίς
2199 4651 2260 4689 σε
2289 4635 2594 4702 ἀπώλεσεν,
2622 4638 2657 4709 ἢ
2686 4637 2809 4693 τίνα
2845 4636 2934 4693 σύ.

2146 4728 2207 4780 '0
2237 4728 2401 4792 αὐτὸς
2431 4729 2751 4801 ἐρωτηθεὶς,
2806 4730 2965 4796 Ποῖος
3013 4730 3124 4786 τῶν
3168 4732 3417 4787 θανάτων
3447 4732 3638 4798 κακὸς,

2068 4820 2193 4892 ἔφη,
2238 4822 2294 4875 ’0
2326 4821 2435 4874 ἀπὸ
2458 4821 2569 4876 τῶν
2596 4822 2775 4894 νόμων
2809 4824 3168 4896 ἑπαγόμενος.

2140 5002 2478 5072 Σωκράτης.
2533 5033 2603 5043 -
2675 5004 2973 5077 Σωκράτης
3051 5005 3474 5069 καταδικασθεὶς
3537 5005 3645 5061 ὑπὸ

2082 5094 2384 5166 Ἀθηναίων
2413 5088 3113 5168 κατακριμνησθῆναι,’τῆς
3139 5099 3396 5167 γυναικὸς
3416 5098 3649 5152 Ξανθίπο

2070 5203 2180 5256 πης
2208 5187 2499 5259 κλαιούσης
2536 5191 2631 5242 καὶ
2661 5189 2951 5261 λεγούσης,
2978 5185 3050 5242 Ὦ
3084 5189 3393 5261 Σώκρατες,
3428 5182 3502 5255 ὥς
3529 5190 3646 5246 ἀδίο

2070 5293 2180 5340 κως
2208 5276 2601 5350 ἀποθνήσκεις,
2638 5276 2784 5346 εἷπε,
2824 5282 2896 5335 Σὺ
2934 5277 3031 5334 οῦν
3068 5280 3292 5335 ἐϐούλου
3322 5298 3393 5351 με
3417 5281 3647 5347 δικαίως

2067 5368 2360 5422 ἀποθανεῖν
2380 5385 2396 5435 ;

2149 5460 2209 5512 ’0
2237 5461 2402 5526 αὐτὸς
2450 5463 2697 5528 εἰπόντος
2741 5463 2891 5536 αύτῷ
2932 5464 3097 5531 τινος,
3146 5467 3207 5520 Οἱ
3246 5464 3515 5536 Ἀθηναῖοί
3549 5482 3645 5520 σου

2066 5552 2297 5610 θάνατον
2337 5555 2699 5628 ἐψηφίσαντο,
2733 5556 2860 5630 ἔφη,
2888 5558 3003 5629 ΙΙρδ
3025 5558 3205 5615 αὐτῶν
3237 5559 3292 5613 δὲ
3319 5558 3352 5629 ἡ
3390 5554 3571 5627 φύσις.
