  <div class='ocr_page' id='page_1' title='image "/cluster/home/n/w/nwhite01/storage/ocr_20150623/91/hvd.32044052742962/468.png"; bbox 0 0 3990 6176; ppageno 0'>
   <div class='ocr_carea' id='block_1_1' title="bbox 323 205 2203 280">
    <p class='ocr_par' dir='ltr' id='par_1_1' title="bbox 323 205 2203 280">
     <span class='ocr_line' id='line_1_1' title="bbox 323 205 2203 280; baseline 0.017 -33"><span class='ocrx_word' id='word_1_1' title='bbox 323 212 393 276; x_wconf 60' lang='lat'><strong>35</strong></span> <span class='ocrx_word' id='word_1_2' title='bbox 1557 205 1723 274; x_wconf 67' lang='lat' dir='ltr'><strong>L001</strong></span> <span class='ocrx_word' id='word_1_3' title='bbox 1767 211 2203 280; x_wconf 62' lang='lat' dir='ltr'><strong>consumes.</strong></span> 
     </span>
    </p>
   </div>
   <div class='ocr_carea' id='block_1_2' title="bbox 3453 229 3558 294">
    <p class='ocr_par' dir='ltr' id='par_1_2' title="bbox 3453 229 3558 294">
     <span class='ocr_line' id='line_1_2' title="bbox 3453 229 3558 294; baseline 0.01 -1"><span class='ocrx_word' id='word_1_4' title='bbox 3453 229 3558 294; x_wconf 73' lang='lat'><strong>926</strong></span> 
     </span>
    </p>
   </div>
   <div class='ocr_carea' id='block_1_3' title="bbox 361 326 1870 410">
    <p class='ocr_par' dir='ltr' id='par_1_3' title="bbox 361 326 1870 398">
     <span class='ocr_line' id='line_1_3' title="bbox 361 326 1870 398; baseline 0.001 -15"><span class='ocrx_word' id='word_1_5' title='bbox 361 326 730 397; x_wconf 70' lang='grc' dir='ltr'><strong>Κλήμεντος.</strong></span> <span class='ocrx_word' id='word_1_6' title='bbox 781 356 852 367; x_wconf 87' lang='lat'><strong>--</strong></span> <span class='ocrx_word' id='word_1_7' title='bbox 899 326 1202 398; x_wconf 76' lang='grc' dir='ltr'>Θηρεύουσι</span> <span class='ocrx_word' id='word_1_8' title='bbox 1253 330 1364 390; x_wconf 85' lang='grc' dir='ltr'>τοῖς</span> <span class='ocrx_word' id='word_1_9' title='bbox 1403 326 1501 398; x_wconf 74' lang='grc' dir='ltr'>μὲν</span> <span class='ocrx_word' id='word_1_10' title='bbox 1554 332 1702 391; x_wconf 73' lang='grc' dir='ltr'>κυσὶ.</span> <span class='ocrx_word' id='word_1_11' title='bbox 1741 333 1870 396; x_wconf 75' lang='grc' dir='ltr'>τοὺς</span> 
     </span>
    </p>
   </div>
   <div class='ocr_carea' id='block_1_4' title="bbox 2005 326 3560 410">
    <p class='ocr_par' dir='ltr' id='par_1_4' title="bbox 2045 335 3560 410">
     <span class='ocr_line' id='line_1_4' title="bbox 2045 335 3560 410; baseline 0.01 -20"><span class='ocrx_word' id='word_1_12' title='bbox 2045 335 2351 391; x_wconf 73' lang='lat' dir='ltr'><strong>Clementis.</strong></span> <span class='ocrx_word' id='word_1_13' title='bbox 2375 367 2444 376; x_wconf 91' lang='lat'><strong>—</strong></span> <span class='ocrx_word' id='word_1_14' title='bbox 2467 339 2680 393; x_wconf 81' lang='lat' dir='ltr'><strong>Venatu</strong></span> <span class='ocrx_word' id='word_1_15' title='bbox 2718 339 2947 410; x_wconf 86' lang='lat' dir='ltr'><strong>capiunt</strong></span> <span class='ocrx_word' id='word_1_16' title='bbox 2978 348 3294 410; x_wconf 73' lang='lat' dir='ltr'><strong>venatores,</strong></span> <span class='ocrx_word' id='word_1_17' title='bbox 3328 347 3560 405; x_wconf 86' lang='lat' dir='ltr'><strong>canibus</strong></span> 
     </span>
    </p>
   </div>
   <div class='ocr_carea' id='block_1_5' title="bbox 289 416 1872 492">
    <p class='ocr_par' dir='ltr' id='par_1_5' title="bbox 289 416 1872 492">
     <span class='ocr_line' id='line_1_5' title="bbox 289 416 1872 492; baseline 0.003 -22"><span class='ocrx_word' id='word_1_18' title='bbox 289 416 557 486; x_wconf 78' lang='grc' dir='ltr'>λαγωοὺς,</span> <span class='ocrx_word' id='word_1_19' title='bbox 589 417 641 469; x_wconf 77' lang='grc' dir='ltr'>οἱ</span> <span class='ocrx_word' id='word_1_20' title='bbox 671 417 936 487; x_wconf 83' lang='grc' dir='ltr'>κυνηγοί·</span> <span class='ocrx_word' id='word_1_21' title='bbox 972 419 1085 482; x_wconf 86' lang='grc' dir='ltr'>τοῖς</span> <span class='ocrx_word' id='word_1_22' title='bbox 1102 416 1159 470; x_wconf 82' lang='grc' dir='ltr'><strong>δὲ</strong></span> <span class='ocrx_word' id='word_1_23' title='bbox 1182 416 1425 480; x_wconf 76' lang='grc' dir='ltr'><strong>ἐπαίνοις</strong></span> <span class='ocrx_word' id='word_1_24' title='bbox 1451 418 1580 482; x_wconf 72' lang='grc' dir='ltr'>τοὺς</span> <span class='ocrx_word' id='word_1_25' title='bbox 1613 421 1872 492; x_wconf 83' lang='grc' dir='ltr'><strong>ἀνοήτους</strong></span> 
     </span>
    </p>
   </div>
   <div class='ocr_carea' id='block_1_6' title="bbox 286 507 1198 564">
    <p class='ocr_par' dir='ltr' id='par_1_6' title="bbox 286 507 1198 564">
     <span class='ocr_line' id='line_1_6' title="bbox 286 507 1198 564; baseline -0.011 0"><span class='ocrx_word' id='word_1_26' title='bbox 286 511 336 564; x_wconf 77' lang='lat' dir='ltr'><strong>oi</strong></span> <span class='ocrx_word' id='word_1_27' title='bbox 361 507 571 563; x_wconf 82' lang='grc' dir='ltr'>πολλοί.</span> <span class='ocrx_word' id='word_1_28' title='bbox 1193 521 1198 526; x_wconf 93' lang='grc'>·</span> 
     </span>
    </p>
   </div>
   <div class='ocr_carea' id='block_1_7' title="bbox 362 597 1875 675">
    <p class='ocr_par' dir='ltr' id='par_1_7' title="bbox 362 597 1875 675">
     <span class='ocr_line' id='line_1_7' title="bbox 362 597 1875 675; baseline 0.001 -17"><span class='ocrx_word' id='word_1_29' title='bbox 362 603 470 658; x_wconf 77' lang='grc' dir='ltr'><strong>Τὸν</strong></span> <span class='ocrx_word' id='word_1_30' title='bbox 508 601 606 675; x_wconf 77' lang='grc' dir='ltr'>μὲν</span> <span class='ocrx_word' id='word_1_31' title='bbox 652 602 973 668; x_wconf 76' lang='grc' dir='ltr'>λιϐανωτὸν,</span> <span class='ocrx_word' id='word_1_32' title='bbox 1015 605 1130 665; x_wconf 78' lang='grc' dir='ltr'>τοῖς</span> <span class='ocrx_word' id='word_1_33' title='bbox 1173 601 1318 669; x_wconf 73' lang='grc' dir='ltr'>θεοῖς</span> <span class='ocrx_word' id='word_1_34' title='bbox 1351 622 1364 636; x_wconf 93' lang='grc'><strong>·</strong></span> <span class='ocrx_word' id='word_1_35' title='bbox 1408 597 1498 660; x_wconf 76' lang='grc' dir='ltr'><strong>τὸν</strong></span> <span class='ocrx_word' id='word_1_36' title='bbox 1538 606 1596 660; x_wconf 78' lang='grc' dir='ltr'><strong>δὲ</strong></span> <span class='ocrx_word' id='word_1_37' title='bbox 1651 605 1875 660; x_wconf 77' lang='grc' dir='ltr'>ἔπαινον</span> 
     </span>
    </p>
   </div>
   <div class='ocr_carea' id='block_1_8' title="bbox 291 693 1154 765">
    <p class='ocr_par' dir='ltr' id='par_1_8' title="bbox 291 693 1154 765">
     <span class='ocr_line' id='line_1_8' title="bbox 291 693 1154 765; baseline -0.003 -14"><span class='ocrx_word' id='word_1_38' title='bbox 291 697 408 760; x_wconf 74' lang='grc' dir='ltr'>τοῖς</span> <span class='ocrx_word' id='word_1_39' title='bbox 437 694 665 764; x_wconf 79' lang='grc' dir='ltr'><strong>ἀγαθοῖς</strong></span> <span class='ocrx_word' id='word_1_40' title='bbox 701 693 1002 765; x_wconf 78' lang='grc' dir='ltr'><strong>ἀπονέμειν</strong></span> <span class='ocrx_word' id='word_1_41' title='bbox 1024 695 1154 764; x_wconf 84' lang='grc' dir='ltr'>χρή.</span> 
     </span>
    </p>
   </div>
   <div class='ocr_carea' id='block_1_9' title="bbox 378 785 1875 859">
    <p class='ocr_par' dir='ltr' id='par_1_9' title="bbox 378 785 1875 859">
     <span class='ocr_line' id='line_1_9' title="bbox 378 785 1875 859; baseline 0 -17"><span class='ocrx_word' id='word_1_42' title='bbox 378 785 666 855; x_wconf 75' lang='grc' dir='ltr'>Ἰσοκράτ.</span> <span class='ocrx_word' id='word_1_43' title='bbox 696 796 764 828; x_wconf 85' lang='lat'><strong>&#39;-—</strong></span> <span class='ocrx_word' id='word_1_44' title='bbox 802 786 1040 850; x_wconf 77' lang='grc' dir='ltr'>Πιστοὺς</span> <span class='ocrx_word' id='word_1_45' title='bbox 1068 787 1226 856; x_wconf 76' lang='grc' dir='ltr'>ἡγοῦ,</span> <span class='ocrx_word' id='word_1_46' title='bbox 1271 789 1346 859; x_wconf 79' lang='grc' dir='ltr'>μὴ</span> <span class='ocrx_word' id='word_1_47' title='bbox 1369 789 1496 852; x_wconf 78' lang='grc' dir='ltr'>τοὺς</span> <span class='ocrx_word' id='word_1_48' title='bbox 1529 790 1635 843; x_wconf 79' lang='grc' dir='ltr'>πᾶν</span> <span class='ocrx_word' id='word_1_49' title='bbox 1672 789 1700 842; x_wconf 83' lang='grc' dir='ltr'>ὅ</span> <span class='ocrx_word' id='word_1_50' title='bbox 1727 802 1781 841; x_wconf 82' lang='grc' dir='ltr'><strong>τι</strong></span> <span class='ocrx_word' id='word_1_51' title='bbox 1809 788 1875 842; x_wconf 73' lang='grc' dir='ltr'>ἂν</span> 
     </span>
    </p>
   </div>
   <div class='ocr_carea' id='block_1_10' title="bbox 291 878 1874 952">
    <p class='ocr_par' dir='ltr' id='par_1_10' title="bbox 291 878 1874 952">
     <span class='ocr_line' id='line_1_10' title="bbox 291 878 1874 952; baseline -0.001 -18"><span class='ocrx_word' id='word_1_52' title='bbox 291 879 585 951; x_wconf 73' lang='grc' dir='ltr'>ποιῇςικαὶ</span> <span class='ocrx_word' id='word_1_53' title='bbox 618 879 786 951; x_wconf 80' lang='grc' dir='ltr'>λέγῃς</span> <span class='ocrx_word' id='word_1_54' title='bbox 819 878 1203 945; x_wconf 67' lang='grc' dir='ltr'><strong>ἐπαινοῦντας,</strong></span> <span class='ocrx_word' id='word_1_55' title='bbox 1245 880 1384 934; x_wconf 84' lang='grc' dir='ltr'>ἀλλὰ</span> <span class='ocrx_word' id='word_1_56' title='bbox 1412 883 1529 946; x_wconf 77' lang='grc' dir='ltr'>τοῖς</span> <span class='ocrx_word' id='word_1_57' title='bbox 1560 883 1874 952; x_wconf 81' lang='grc' dir='ltr'>ἁμαρτανοο</span> 
     </span>
    </p>
   </div>
   <div class='ocr_carea' id='block_1_11' title="bbox 293 969 919 1042">
    <p class='ocr_par' dir='ltr' id='par_1_11' title="bbox 293 969 919 1042">
     <span class='ocr_line' id='line_1_11' title="bbox 293 969 919 1042; baseline 0 -18"><span class='ocrx_word' id='word_1_58' title='bbox 293 971 480 1042; x_wconf 82' lang='grc' dir='ltr'><strong>μένοις</strong></span> <span class='ocrx_word' id='word_1_59' title='bbox 521 969 919 1040; x_wconf 77' lang='grc' dir='ltr'><strong>ἐπιτιμῶντας.</strong></span> 
     </span>
    </p>
   </div>
   <div class='ocr_carea' id='block_1_12' title="bbox 357 1057 1873 1135">
    <p class='ocr_par' dir='ltr' id='par_1_12' title="bbox 357 1057 1873 1135">
     <span class='ocr_line' id='line_1_12' title="bbox 357 1057 1873 1135; baseline -0.001 -17"><span class='ocrx_word' id='word_1_60' title='bbox 357 1057 668 1135; x_wconf 79' lang='grc' dir='ltr'>Μοσχίων.</span> <span class='ocrx_word' id='word_1_61' title='bbox 701 1093 774 1102; x_wconf 89' lang='lat'><strong>--</strong></span> <span class='ocrx_word' id='word_1_62' title='bbox 803 1063 868 1116; x_wconf 76' lang='lat' dir='ltr'><strong>Et</strong></span> <span class='ocrx_word' id='word_1_63' title='bbox 913 1062 1091 1128; x_wconf 83' lang='grc' dir='ltr'>θέλεις</span> <span class='ocrx_word' id='word_1_64' title='bbox 1128 1063 1310 1130; x_wconf 84' lang='grc' dir='ltr'>καλῶς</span> <span class='ocrx_word' id='word_1_65' title='bbox 1355 1063 1599 1129; x_wconf 79' lang='grc' dir='ltr'><strong>ἀκούειν,</strong></span> <span class='ocrx_word' id='word_1_66' title='bbox 1635 1063 1873 1135; x_wconf 73' lang='grc' dir='ltr'>μάνθανε</span> 
     </span>
    </p>
   </div>
   <div class='ocr_carea' id='block_1_13' title="bbox 290 1145 1875 1226">
    <p class='ocr_par' dir='ltr' id='par_1_13' title="bbox 290 1145 1875 1226">
     <span class='ocr_line' id='line_1_13' title="bbox 290 1145 1875 1226; baseline 0.001 -19"><span class='ocrx_word' id='word_1_67' title='bbox 290 1145 472 1217; x_wconf 86' lang='grc' dir='ltr'>καλῶς</span> <span class='ocrx_word' id='word_1_68' title='bbox 507 1145 720 1222; x_wconf 71' lang='grc' dir='ltr'>λέγειν.</span> <span class='ocrx_word' id='word_1_69' title='bbox 761 1153 944 1224; x_wconf 86' lang='grc' dir='ltr'>Πειρῶ</span> <span class='ocrx_word' id='word_1_70' title='bbox 1001 1152 1182 1219; x_wconf 85' lang='grc' dir='ltr'>καλῶς</span> <span class='ocrx_word' id='word_1_71' title='bbox 1245 1154 1530 1226; x_wconf 80' lang='grc' dir='ltr'>πράττειν,</span> <span class='ocrx_word' id='word_1_72' title='bbox 1579 1155 1676 1209; x_wconf 62' lang='grc' dir='ltr'><strong>καὶ¹</strong></span> <span class='ocrx_word' id='word_1_73' title='bbox 1730 1154 1875 1208; x_wconf 76' lang='grc' dir='ltr'>οὕτω</span> 
     </span>
    </p>
   </div>
   <div class='ocr_carea' id='block_1_14' title="bbox 291 1243 1162 1318">
    <p class='ocr_par' dir='ltr' id='par_1_14' title="bbox 291 1243 1162 1318">
     <span class='ocr_line' id='line_1_14' title="bbox 291 1243 1162 1318; baseline 0.002 -18"><span class='ocrx_word' id='word_1_74' title='bbox 291 1245 565 1318; x_wconf 83' lang='grc' dir='ltr'><strong>καρπώσῃ</strong></span> <span class='ocrx_word' id='word_1_75' title='bbox 599 1244 663 1298; x_wconf 78' lang='grc' dir='ltr'>τὸ</span> <span class='ocrx_word' id='word_1_76' title='bbox 692 1243 876 1308; x_wconf 82' lang='grc' dir='ltr'>καλῶς</span> <span class='ocrx_word' id='word_1_77' title='bbox 918 1245 1162 1302; x_wconf 82' lang='grc' dir='ltr'><strong>ἀκούειν.</strong></span> 
     </span>
    </p>
   </div>
   <div class='ocr_carea' id='block_1_15' title="bbox 357 1337 1874 1410">
    <p class='ocr_par' dir='ltr' id='par_1_15' title="bbox 357 1337 1874 1410">
     <span class='ocr_line' id='line_1_15' title="bbox 357 1337 1874 1410; baseline 0.003 -20"><span class='ocrx_word' id='word_1_78' title='bbox 357 1337 727 1392; x_wconf 74' lang='grc' dir='ltr'><strong>Πολυαίνου.</strong></span> <span class='ocrx_word' id='word_1_79' title='bbox 747 1365 814 1375; x_wconf 94' lang='grc'><strong><em>-</em></strong></span> <span class='ocrx_word' id='word_1_80' title='bbox 842 1337 1096 1408; x_wconf 85' lang='grc' dir='ltr'>Παρόντα</span> <span class='ocrx_word' id='word_1_81' title='bbox 1115 1338 1255 1409; x_wconf 81' lang='grc' dir='ltr'>μήτε</span> <span class='ocrx_word' id='word_1_82' title='bbox 1282 1337 1443 1408; x_wconf 78' lang='grc' dir='ltr'>ψέγε,</span> <span class='ocrx_word' id='word_1_83' title='bbox 1473 1339 1600 1410; x_wconf 71' lang='grc' dir='ltr'>μήτ’</span> <span class='ocrx_word' id='word_1_84' title='bbox 1618 1339 1834 1394; x_wconf 77' lang='grc' dir='ltr'>ἐπαίνει</span> <span class='ocrx_word' id='word_1_85' title='bbox 1860 1356 1874 1370; x_wconf 91' lang='grc'>·</span> 
     </span>
    </p>
   </div>
   <div class='ocr_carea' id='block_1_16' title="bbox 289 1426 1584 1500">
    <p class='ocr_par' dir='ltr' id='par_1_16' title="bbox 289 1426 1584 1500">
     <span class='ocr_line' id='line_1_16' title="bbox 289 1426 1584 1500; baseline 0.002 -18"><span class='ocrx_word' id='word_1_86' title='bbox 289 1428 351 1482; x_wconf 82' lang='grc' dir='ltr'>τδ</span> <span class='ocrx_word' id='word_1_87' title='bbox 385 1428 482 1500; x_wconf 85' lang='grc' dir='ltr'><strong>μέν</strong></span> <span class='ocrx_word' id='word_1_88' title='bbox 514 1429 621 1499; x_wconf 82' lang='grc' dir='ltr'><strong>γὰρ</strong></span> <span class='ocrx_word' id='word_1_89' title='bbox 647 1426 850 1498; x_wconf 83' lang='grc' dir='ltr'>ἔχθραν</span> <span class='ocrx_word' id='word_1_90' title='bbox 868 1428 1024 1499; x_wconf 81' lang='grc' dir='ltr'>φέρει</span> <span class='ocrx_word' id='word_1_91' title='bbox 1050 1445 1064 1458; x_wconf 88' lang='grc'>·</span> <span class='ocrx_word' id='word_1_92' title='bbox 1097 1429 1159 1482; x_wconf 81' lang='grc' dir='ltr'><strong>τὺ</strong></span> <span class='ocrx_word' id='word_1_93' title='bbox 1185 1429 1242 1483; x_wconf 82' lang='grc' dir='ltr'><strong>δὲ</strong></span> <span class='ocrx_word' id='word_1_94' title='bbox 1271 1428 1584 1485; x_wconf 83' lang='grc' dir='ltr'>κολακείαν.</span> 
     </span>
    </p>
   </div>
   <div class='ocr_carea' id='block_1_17' title="bbox 356 1623 1870 1700">
    <p class='ocr_par' dir='ltr' id='par_1_17' title="bbox 356 1623 1870 1700">
     <span class='ocr_line' id='line_1_17' title="bbox 356 1623 1870 1700; baseline -0.003 -14"><span class='ocrx_word' id='word_1_95' title='bbox 356 1630 710 1700; x_wconf 70' lang='grc' dir='ltr'>Κυψέλλου.</span> <span class='ocrx_word' id='word_1_96' title='bbox 742 1659 808 1671; x_wconf 92' lang='lat'><em>--</em></span> <span class='ocrx_word' id='word_1_97' title='bbox 850 1626 970 1681; x_wconf 82' lang='grc' dir='ltr'>Ζῶν</span> <span class='ocrx_word' id='word_1_98' title='bbox 1016 1629 1139 1696; x_wconf 74' lang='grc' dir='ltr'>μὲν,</span> <span class='ocrx_word' id='word_1_99' title='bbox 1175 1625 1402 1683; x_wconf 80' lang='grc' dir='ltr'>ἐπαινοῦ</span> <span class='ocrx_word' id='word_1_100' title='bbox 1427 1643 1442 1658; x_wconf 73' lang='grc' dir='ltr'><strong><em>ο</em></strong></span> <span class='ocrx_word' id='word_1_101' title='bbox 1471 1623 1764 1682; x_wconf 82' lang='grc' dir='ltr'>ἀποθανὼν</span> <span class='ocrx_word' id='word_1_102' title='bbox 1793 1627 1870 1694; x_wconf 77' lang='grc' dir='ltr'><strong>δὲ,</strong></span> 
     </span>
    </p>
   </div>
   <div class='ocr_carea' id='block_1_18' title="bbox 294 1721 948 1800">
    <p class='ocr_par' dir='ltr' id='par_1_18' title="bbox 294 1721 948 1800">
     <span class='ocr_line' id='line_1_18' title="bbox 294 1721 948 1800; baseline -0.009 -20"><span class='ocrx_word' id='word_1_103' title='bbox 294 1721 621 1797; x_wconf 75' lang='grc' dir='ltr'>μακαρίζου.</span> <span class='ocrx_word' id='word_1_104' title='bbox 946 1798 948 1800; x_wconf 80' lang='lat'><em>_</em></span> 
     </span>
    </p>
   </div>
   <div class='ocr_carea' id='block_1_19' title="bbox 370 1802 1870 1882">
    <p class='ocr_par' dir='ltr' id='par_1_19' title="bbox 370 1802 1870 1882">
     <span class='ocr_line' id='line_1_19' title="bbox 370 1802 1870 1882; baseline -0.004 -12"><span class='ocrx_word' id='word_1_105' title='bbox 370 1810 755 1882; x_wconf 76' lang='grc' dir='ltr'>Ἀνττιτένης.</span> <span class='ocrx_word' id='word_1_106' title='bbox 785 1843 854 1857; x_wconf 89' lang='grc'><strong>--</strong></span> <span class='ocrx_word' id='word_1_107' title='bbox 892 1802 1063 1874; x_wconf 77' lang='grc' dir='ltr'>Οὗτος</span> <span class='ocrx_word' id='word_1_108' title='bbox 1090 1806 1275 1875; x_wconf 75' lang='grc' dir='ltr'>εἶπεν,</span> <span class='ocrx_word' id='word_1_109' title='bbox 1306 1812 1475 1865; x_wconf 84' lang='grc' dir='ltr'>Ὅταν</span> <span class='ocrx_word' id='word_1_110' title='bbox 1506 1810 1773 1865; x_wconf 80' lang='grc' dir='ltr'>ὲπαινῶσί</span> <span class='ocrx_word' id='word_1_111' title='bbox 1803 1827 1870 1881; x_wconf 85' lang='grc' dir='ltr'><strong>με</strong></span> 
     </span>
    </p>
   </div>
   <div class='ocr_carea' id='block_1_20' title="bbox 291 1898 1872 1976">
    <p class='ocr_par' dir='ltr' id='par_1_20' title="bbox 291 1898 1872 1976">
     <span class='ocr_line' id='line_1_20' title="bbox 291 1898 1872 1976; baseline -0.004 -14"><span class='ocrx_word' id='word_1_112' title='bbox 291 1907 502 1976; x_wconf 78' lang='grc' dir='ltr'>πολλοὶ,</span> <span class='ocrx_word' id='word_1_113' title='bbox 538 1906 660 1960; x_wconf 83' lang='grc' dir='ltr'>τότε</span> <span class='ocrx_word' id='word_1_114' title='bbox 715 1903 925 1975; x_wconf 75' lang='grc' dir='ltr'>νομίζω</span> <span class='ocrx_word' id='word_1_115' title='bbox 961 1903 1188 1975; x_wconf 78' lang='grc' dir='ltr'>μηδενὸς</span> <span class='ocrx_word' id='word_1_116' title='bbox 1215 1903 1367 1968; x_wconf 76' lang='grc' dir='ltr'>ἄξιος</span> <span class='ocrx_word' id='word_1_117' title='bbox 1393 1898 1535 1958; x_wconf 63' lang='grc' dir='ltr'>εἶναι</span> <span class='ocrx_word' id='word_1_118' title='bbox 1565 1920 1578 1934; x_wconf 75' lang='grc' dir='ltr'><strong><em>ο</em></strong></span> <span class='ocrx_word' id='word_1_119' title='bbox 1631 1904 1762 1958; x_wconf 81' lang='grc' dir='ltr'>ὅταν</span> <span class='ocrx_word' id='word_1_120' title='bbox 1814 1901 1872 1958; x_wconf 80' lang='grc' dir='ltr'><strong>δὲ</strong></span> 
     </span>
    </p>
   </div>
   <div class='ocr_carea' id='block_1_21' title="bbox 290 1994 1142 2068">
    <p class='ocr_par' dir='ltr' id='par_1_21' title="bbox 290 1994 1142 2068">
     <span class='ocr_line' id='line_1_21' title="bbox 290 1994 1142 2068; baseline -0.004 -15"><span class='ocrx_word' id='word_1_121' title='bbox 290 1998 485 2067; x_wconf 78' lang='grc' dir='ltr'>ὀλίγοι,</span> <span class='ocrx_word' id='word_1_122' title='bbox 526 1997 812 2052; x_wconf 83' lang='grc' dir='ltr'>σπουδαῖον</span> <span class='ocrx_word' id='word_1_123' title='bbox 834 1994 1142 2068; x_wconf 83' lang='grc' dir='ltr'>ἄνθρωπον.</span> 
     </span>
    </p>
   </div>
   <div class='ocr_carea' id='block_1_22' title="bbox 855 2110 1300 2164">
    <p class='ocr_par' dir='ltr' id='par_1_22' title="bbox 855 2110 1300 2164">
     <span class='ocr_line' id='line_1_22' title="bbox 855 2110 1300 2164; baseline 0 0"><span class='ocrx_word' id='word_1_124' title='bbox 855 2110 1075 2164; x_wconf 83' lang='grc' dir='ltr'>ΛΟΓΟΣ</span> <span class='ocrx_word' id='word_1_125' title='bbox 1105 2111 1214 2163; x_wconf 80' lang='lat' dir='ltr'><strong>MA&#39;</strong></span> <span class='ocrx_word' id='word_1_126' title='bbox 1235 2111 1300 2164; x_wconf 77' lang='grc'><strong>³⁷.</strong></span> 
     </span>
    </p>
   </div>
   <div class='ocr_carea' id='block_1_23' title="bbox 845 2199 1312 2269">
    <p class='ocr_par' dir='ltr' id='par_1_23' title="bbox 845 2199 1312 2269">
     <span class='ocr_line' id='line_1_23' title="bbox 845 2199 1312 2269; baseline 0 -15"><span class='ocrx_word' id='word_1_127' title='bbox 845 2203 982 2269; x_wconf 76' lang='grc' dir='ltr'>Περὶ</span> <span class='ocrx_word' id='word_1_128' title='bbox 1021 2199 1312 2266; x_wconf 75' lang='grc' dir='ltr'><strong>κάλλους.</strong></span> 
     </span>
    </p>
   </div>
   <div class='ocr_carea' id='block_1_24' title="bbox 363 2292 1868 2366">
    <p class='ocr_par' dir='ltr' id='par_1_24' title="bbox 363 2292 1868 2366">
     <span class='ocr_line' id='line_1_24' title="bbox 363 2292 1868 2366; baseline -0.003 -14"><span class='ocrx_word' id='word_1_129' title='bbox 363 2294 548 2354; x_wconf 67' lang='lat' dir='ltr'><strong>Maro.</strong></span> <span class='ocrx_word' id='word_1_130' title='bbox 588 2293 662 2362; x_wconf 81' lang='grc' dir='ltr'>ς’.</span> <span class='ocrx_word' id='word_1_131' title='bbox 699 2325 770 2338; x_wconf 89' lang='lat'><strong>—-</strong></span> <span class='ocrx_word' id='word_1_132' title='bbox 797 2293 1168 2365; x_wconf 79' lang='grc' dir='ltr'>Καταμάθετε</span> <span class='ocrx_word' id='word_1_133' title='bbox 1200 2297 1270 2348; x_wconf 82' lang='grc' dir='ltr'>τὰ</span> <span class='ocrx_word' id='word_1_134' title='bbox 1310 2295 1473 2365; x_wconf 76' lang='grc' dir='ltr'>κρίνα</span> <span class='ocrx_word' id='word_1_135' title='bbox 1525 2293 1619 2348; x_wconf 76' lang='grc' dir='ltr'><strong>τοῦ</strong></span> <span class='ocrx_word' id='word_1_136' title='bbox 1673 2292 1868 2366; x_wconf 79' lang='grc' dir='ltr'>ἀγροῦ,</span> 
     </span>
    </p>
   </div>
   <div class='ocr_carea' id='block_1_25' title="bbox 290 2385 1870 2457">
    <p class='ocr_par' dir='ltr' id='par_1_25' title="bbox 290 2385 1870 2457">
     <span class='ocr_line' id='line_1_25' title="bbox 290 2385 1870 2457; baseline -0.003 -15"><span class='ocrx_word' id='word_1_137' title='bbox 290 2389 409 2453; x_wconf 84' lang='grc' dir='ltr'><strong>πῶς</strong></span> <span class='ocrx_word' id='word_1_138' title='bbox 444 2388 666 2454; x_wconf 78' lang='grc' dir='ltr'>αὐξάνει</span> <span class='ocrx_word' id='word_1_139' title='bbox 695 2403 709 2416; x_wconf 84' lang='grc'><strong>·</strong></span> <span class='ocrx_word' id='word_1_140' title='bbox 743 2386 803 2440; x_wconf 86' lang='grc' dir='ltr'><strong>ού</strong></span> <span class='ocrx_word' id='word_1_141' title='bbox 832 2387 1004 2457; x_wconf 76' lang='grc' dir='ltr'>κοπιᾷ</span> <span class='ocrx_word' id='word_1_142' title='bbox 1031 2385 1152 2439; x_wconf 74' lang='grc' dir='ltr'><strong>οὐδὲ</strong></span> <span class='ocrx_word' id='word_1_143' title='bbox 1189 2385 1365 2451; x_wconf 82' lang='grc' dir='ltr'>νήθει.</span> <span class='ocrx_word' id='word_1_144' title='bbox 1397 2385 1556 2453; x_wconf 79' lang='grc' dir='ltr'>Λέγω</span> <span class='ocrx_word' id='word_1_145' title='bbox 1576 2385 1685 2454; x_wconf 78' lang='grc' dir='ltr'><strong>γὰρ</strong></span> <span class='ocrx_word' id='word_1_146' title='bbox 1718 2386 1870 2454; x_wconf 79' lang='grc' dir='ltr'>ὑμῖν,</span> 
     </span>
    </p>
   </div>
   <div class='ocr_carea' id='block_1_26' title="bbox 289 2474 1873 2551">
    <p class='ocr_par' dir='ltr' id='par_1_26' title="bbox 289 2474 1873 2551">
     <span class='ocr_line' id='line_1_26' title="bbox 289 2474 1873 2551; baseline -0.004 -16"><span class='ocrx_word' id='word_1_147' title='bbox 289 2483 373 2536; x_wconf 76' lang='grc' dir='ltr'>ὅτι</span> <span class='ocrx_word' id='word_1_148' title='bbox 404 2481 526 2534; x_wconf 78' lang='grc' dir='ltr'><strong>οὐδὲ</strong></span> <span class='ocrx_word' id='word_1_149' title='bbox 575 2477 831 2551; x_wconf 82' lang='grc' dir='ltr'>Σολομὼν</span> <span class='ocrx_word' id='word_1_150' title='bbox 867 2477 925 2531; x_wconf 87' lang='grc' dir='ltr'><strong>ἐν</strong></span> <span class='ocrx_word' id='word_1_151' title='bbox 959 2476 1110 2548; x_wconf 79' lang='grc' dir='ltr'>πάσῃ</span> <span class='ocrx_word' id='word_1_152' title='bbox 1145 2479 1214 2547; x_wconf 81' lang='grc' dir='ltr'>τῇ</span> <span class='ocrx_word' id='word_1_153' title='bbox 1249 2474 1374 2546; x_wconf 80' lang='grc' dir='ltr'><strong>δόξῃ</strong></span> <span class='ocrx_word' id='word_1_154' title='bbox 1408 2475 1574 2528; x_wconf 79' lang='grc' dir='ltr'>αὑτοῦ</span> <span class='ocrx_word' id='word_1_155' title='bbox 1607 2474 1873 2546; x_wconf 76' lang='grc' dir='ltr'>περιεϐά-</span> 
     </span>
    </p>
   </div>
   <div class='ocr_carea' id='block_1_27' title="bbox 290 2572 866 2637">
    <p class='ocr_par' dir='ltr' id='par_1_27' title="bbox 290 2572 866 2637">
     <span class='ocr_line' id='line_1_27' title="bbox 290 2572 866 2637; baseline -0.009 -9"><span class='ocrx_word' id='word_1_156' title='bbox 290 2575 413 2628; x_wconf 83' lang='grc' dir='ltr'>λετο</span> <span class='ocrx_word' id='word_1_157' title='bbox 437 2573 512 2637; x_wconf 86' lang='grc' dir='ltr'>ὡς</span> <span class='ocrx_word' id='word_1_158' title='bbox 535 2572 597 2626; x_wconf 84' lang='grc' dir='ltr'>ἓν</span> <span class='ocrx_word' id='word_1_159' title='bbox 637 2573 866 2625; x_wconf 83' lang='grc' dir='ltr'>τούτων.</span> 
     </span>
    </p>
   </div>
   <div class='ocr_carea' id='block_1_28' title="bbox 361 2658 1876 2735">
    <p class='ocr_par' dir='ltr' id='par_1_28' title="bbox 361 2658 1876 2735">
     <span class='ocr_line' id='line_1_28' title="bbox 361 2658 1876 2735; baseline -0.007 -15"><span class='ocrx_word' id='word_1_160' title='bbox 361 2663 421 2720; x_wconf 82' lang='lat' dir='ltr'><strong><em>A&#39;</em></strong></span> <span class='ocrx_word' id='word_1_161' title='bbox 465 2668 586 2735; x_wconf 82' lang='grc' dir='ltr'>Τιμ.</span> <span class='ocrx_word' id='word_1_162' title='bbox 620 2661 700 2729; x_wconf 73' lang='grc' dir='ltr'><strong>β’.</strong></span> <span class='ocrx_word' id='word_1_163' title='bbox 737 2693 809 2703; x_wconf 93' lang='grc'><strong><em>-</em></strong></span> <span class='ocrx_word' id='word_1_164' title='bbox 849 2661 1121 2730; x_wconf 81' lang='grc' dir='ltr'>Βούλομαι</span> <span class='ocrx_word' id='word_1_165' title='bbox 1153 2658 1252 2722; x_wconf 80' lang='grc' dir='ltr'><strong>τὰς</strong></span> <span class='ocrx_word' id='word_1_166' title='bbox 1284 2660 1549 2727; x_wconf 79' lang='grc' dir='ltr'>γυναῖκας</span> <span class='ocrx_word' id='word_1_167' title='bbox 1593 2661 1650 2712; x_wconf 84' lang='grc' dir='ltr'><strong>ἐν</strong></span> <span class='ocrx_word' id='word_1_168' title='bbox 1707 2674 1876 2711; x_wconf 80' lang='grc' dir='ltr'>κατα·</span> 
     </span>
    </p>
   </div>
   <div class='ocr_carea' id='block_1_29' title="bbox 298 2749 1874 2828">
    <p class='ocr_par' dir='ltr' id='par_1_29' title="bbox 298 2749 1874 2828">
     <span class='ocr_line' id='line_1_29' title="bbox 298 2749 1874 2828; baseline -0.004 -18"><span class='ocrx_word' id='word_1_169' title='bbox 298 2757 455 2828; x_wconf 75' lang='grc' dir='ltr'>στολῇ</span> <span class='ocrx_word' id='word_1_170' title='bbox 483 2755 700 2826; x_wconf 78' lang='grc' dir='ltr'>κοσμίῳ</span> <span class='ocrx_word' id='word_1_171' title='bbox 721 2795 738 2819; x_wconf 90' lang='grc'><strong>,</strong></span> <span class='ocrx_word' id='word_1_172' title='bbox 771 2753 911 2826; x_wconf 77' lang='grc' dir='ltr'>μετὰ</span> <span class='ocrx_word' id='word_1_173' title='bbox 941 2751 1120 2814; x_wconf 83' lang='grc' dir='ltr'>αίδοῡς</span> <span class='ocrx_word' id='word_1_174' title='bbox 1145 2751 1240 2803; x_wconf 72' lang='grc' dir='ltr'>καὶ</span> <span class='ocrx_word' id='word_1_175' title='bbox 1261 2749 1618 2821; x_wconf 76' lang='grc' dir='ltr'>σωφροσύνης</span> <span class='ocrx_word' id='word_1_176' title='bbox 1648 2753 1874 2821; x_wconf 82' lang='grc' dir='ltr'>κοσμεῖν</span> 
     </span>
    </p>
   </div>
   <div class='ocr_carea' id='block_1_30' title="bbox 297 2836 1873 2918">
    <p class='ocr_par' dir='ltr' id='par_1_30' title="bbox 297 2836 1873 2918">
     <span class='ocr_line' id='line_1_30' title="bbox 297 2836 1873 2918; baseline -0.003 -17"><span class='ocrx_word' id='word_1_177' title='bbox 297 2848 537 2911; x_wconf 75' lang='grc' dir='ltr'>ἑαυτάςο</span> <span class='ocrx_word' id='word_1_178' title='bbox 565 2846 638 2918; x_wconf 85' lang='grc' dir='ltr'>μὴ</span> <span class='ocrx_word' id='word_1_179' title='bbox 663 2849 723 2900; x_wconf 80' lang='grc' dir='ltr'>ὲν</span> <span class='ocrx_word' id='word_1_180' title='bbox 752 2847 1060 2915; x_wconf 78' lang='grc' dir='ltr'>πλέγμασιν</span> <span class='ocrx_word' id='word_1_181' title='bbox 1093 2843 1126 2914; x_wconf 82' lang='grc' dir='ltr'><strong>ἦ</strong></span> <span class='ocrx_word' id='word_1_182' title='bbox 1158 2842 1397 2915; x_wconf 83' lang='grc' dir='ltr'>χρυσῷἢ</span> <span class='ocrx_word' id='word_1_183' title='bbox 1428 2836 1815 2914; x_wconf 81' lang='grc' dir='ltr'>μαργαρίταις,</span> <span class='ocrx_word' id='word_1_184' title='bbox 1841 2843 1873 2914; x_wconf 82' lang='grc' dir='ltr'>ἢ</span> 
     </span>
    </p>
   </div>
   <div class='ocr_carea' id='block_1_31' title="bbox 297 2938 920 3012">
    <p class='ocr_par' dir='ltr' id='par_1_31' title="bbox 297 2938 920 3012">
     <span class='ocr_line' id='line_1_31' title="bbox 297 2938 920 3012; baseline -0.002 -18"><span class='ocrx_word' id='word_1_185' title='bbox 297 2939 580 3012; x_wconf 81' lang='grc' dir='ltr'>ίματισμῷ</span> <span class='ocrx_word' id='word_1_186' title='bbox 615 2938 920 2993; x_wconf 81' lang='grc' dir='ltr'>πολυτελεῖ.</span> 
     </span>
    </p>
   </div>
   <div class='ocr_carea' id='block_1_32' title="bbox 1975 425 3562 508">
    <p class='ocr_par' dir='ltr' id='par_1_32' title="bbox 1975 425 3562 508">
     <span class='ocr_line' id='line_1_32' title="bbox 1975 425 3562 508; baseline 0.009 -27"><span class='ocrx_word' id='word_1_187' title='bbox 1975 425 2223 498; x_wconf 86' lang='lat' dir='ltr'><strong>quidem,</strong></span> <span class='ocrx_word' id='word_1_188' title='bbox 2260 430 2514 500; x_wconf 83' lang='lat' dir='ltr'><strong>lepores;</strong></span> <span class='ocrx_word' id='word_1_189' title='bbox 2563 433 2765 504; x_wconf 80' lang='lat' dir='ltr'><strong>vulgus</strong></span> <span class='ocrx_word' id='word_1_190' title='bbox 2799 449 2934 495; x_wconf 81' lang='lat' dir='ltr'><strong>vero</strong></span> <span class='ocrx_word' id='word_1_191' title='bbox 2970 435 3251 503; x_wconf 85' lang='lat' dir='ltr'><strong>laudibus,</strong></span> <span class='ocrx_word' id='word_1_192' title='bbox 3292 440 3388 508; x_wconf 88' lang='lat' dir='ltr'><strong>qui</strong></span> <span class='ocrx_word' id='word_1_193' title='bbox 3432 452 3562 496; x_wconf 88' lang='lat' dir='ltr'><strong>sunt</strong></span> 
     </span>
    </p>
   </div>
   <div class='ocr_carea' id='block_1_33' title="bbox 1975 520 3514 589">
    <p class='ocr_par' dir='ltr' id='par_1_33' title="bbox 1975 520 3514 589">
     <span class='ocr_line' id='line_1_33' title="bbox 1975 520 3514 589; baseline -0.002 -16"><span class='ocrx_word' id='word_1_194' title='bbox 1975 520 2325 589; x_wconf 74' lang='lat' dir='ltr'><strong>insipientes.</strong></span> <span class='ocrx_word' id='word_1_195' title='bbox 3511 567 3514 570; x_wconf 74' lang='lat'><strong>.</strong></span> 
     </span>
    </p>
   </div>
   <div class='ocr_carea' id='block_1_34' title="bbox 2045 607 3560 681">
    <p class='ocr_par' dir='ltr' id='par_1_34' title="bbox 2045 607 3560 681">
     <span class='ocr_line' id='line_1_34' title="bbox 2045 607 3560 681; baseline 0.012 -20"><span class='ocrx_word' id='word_1_196' title='bbox 2045 607 2210 680; x_wconf 76' lang='lat'><strong>639</strong></span> <span class='ocrx_word' id='word_1_197' title='bbox 2239 610 2392 666; x_wconf 84' lang='lat' dir='ltr'><strong>Thus</strong></span> <span class='ocrx_word' id='word_1_198' title='bbox 2431 612 2682 681; x_wconf 86' lang='lat' dir='ltr'><strong>quidem,</strong></span> <span class='ocrx_word' id='word_1_199' title='bbox 2743 614 2887 680; x_wconf 88' lang='lat' dir='ltr'><strong>diis;</strong></span> <span class='ocrx_word' id='word_1_200' title='bbox 2923 617 3044 672; x_wconf 83' lang='lat' dir='ltr'><strong>laus</strong></span> <span class='ocrx_word' id='word_1_201' title='bbox 3079 633 3212 673; x_wconf 78' lang='lat' dir='ltr'><strong>vero</strong></span> <span class='ocrx_word' id='word_1_202' title='bbox 3265 619 3428 678; x_wconf 83' lang='lat' dir='ltr'><strong>bonis</strong></span> <span class='ocrx_word' id='word_1_203' title='bbox 3460 624 3560 678; x_wconf 89' lang='lat' dir='ltr'><strong>tri-</strong></span> 
     </span>
    </p>
   </div>
   <div class='ocr_carea' id='block_1_35' title="bbox 1975 699 2671 776">
    <p class='ocr_par' dir='ltr' id='par_1_35' title="bbox 1975 699 2671 776">
     <span class='ocr_line' id='line_1_35' title="bbox 1975 699 2671 776; baseline 0.001 -23"><span class='ocrx_word' id='word_1_204' title='bbox 1975 699 2196 753; x_wconf 83' lang='lat' dir='ltr'><strong>buenda</strong></span> <span class='ocrx_word' id='word_1_205' title='bbox 2224 700 2314 754; x_wconf 87' lang='lat' dir='ltr'><strong>sit.</strong></span> <span class='ocrx_word' id='word_1_206' title='bbox 2659 751 2671 776; x_wconf 81' lang='lat'><strong>._</strong></span> 
     </span>
    </p>
   </div>
   <div class='ocr_carea' id='block_1_36' title="bbox 2045 788 3562 871">
    <p class='ocr_par' dir='ltr' id='par_1_36' title="bbox 2045 788 3562 871">
     <span class='ocr_line' id='line_1_36' title="bbox 2045 788 3562 871; baseline 0.012 -29"><span class='ocrx_word' id='word_1_207' title='bbox 2045 788 2366 844; x_wconf 80' lang='lat' dir='ltr'><strong>Isocrat.—</strong></span> <span class='ocrx_word' id='word_1_208' title='bbox 2406 793 2625 849; x_wconf 86' lang='lat' dir='ltr'><strong>Fideles</strong></span> <span class='ocrx_word' id='word_1_209' title='bbox 2668 796 2950 861; x_wconf 77' lang='lat' dir='ltr'><strong>existima,</strong></span> <span class='ocrx_word' id='word_1_210' title='bbox 3009 815 3120 854; x_wconf 89' lang='lat' dir='ltr'><strong>non</strong></span> <span class='ocrx_word' id='word_1_211' title='bbox 3172 803 3268 871; x_wconf 87' lang='lat' dir='ltr'><strong>qui</strong></span> <span class='ocrx_word' id='word_1_212' title='bbox 3330 804 3562 861; x_wconf 75' lang='lat' dir='ltr'><strong>laudent</strong></span> 
     </span>
    </p>
   </div>
   <div class='ocr_carea' id='block_1_37' title="bbox 1975 881 3559 966">
    <p class='ocr_par' dir='ltr' id='par_1_37' title="bbox 1975 881 3559 966">
     <span class='ocr_line' id='line_1_37' title="bbox 1975 881 3559 966; baseline 0.011 -32"><span class='ocrx_word' id='word_1_213' title='bbox 1975 881 2252 951; x_wconf 87' lang='lat' dir='ltr'><strong>quidquid</strong></span> <span class='ocrx_word' id='word_1_214' title='bbox 2283 885 2466 954; x_wconf 80' lang='lat' dir='ltr'><strong>egeris</strong></span> <span class='ocrx_word' id='word_1_215' title='bbox 2491 896 2586 941; x_wconf 90' lang='lat' dir='ltr'><strong>aut</strong></span> <span class='ocrx_word' id='word_1_216' title='bbox 2611 886 2840 952; x_wconf 76' lang='lat' dir='ltr'><strong>dixeris,</strong></span> <span class='ocrx_word' id='word_1_217' title='bbox 2869 890 2966 944; x_wconf 83' lang='lat' dir='ltr'><strong>sed</strong></span> <span class='ocrx_word' id='word_1_218' title='bbox 3001 892 3095 961; x_wconf 92' lang='lat' dir='ltr'><strong>qui</strong></span> <span class='ocrx_word' id='word_1_219' title='bbox 3126 893 3559 966; x_wconf 82' lang='lat' dir='ltr'><strong>increpentcum</strong></span> 
     </span>
    </p>
   </div>
   <div class='ocr_carea' id='block_1_38' title="bbox 1975 988 3131 1044">
    <p class='ocr_par' dir='ltr' id='par_1_38' title="bbox 1975 988 3131 1044">
     <span class='ocr_line' id='line_1_38' title="bbox 1975 988 3131 1044; baseline 0.001 -16"><span class='ocrx_word' id='word_1_220' title='bbox 1975 988 2312 1044; x_wconf 75' lang='lat' dir='ltr'><strong>peccaveris.</strong></span> <span class='ocrx_word' id='word_1_221' title='bbox 3129 991 3131 993; x_wconf 89' lang='grc'><strong>·</strong></span> 
     </span>
    </p>
   </div>
   <div class='ocr_carea' id='block_1_39' title="bbox 2047 1065 3561 1142">
    <p class='ocr_par' dir='ltr' id='par_1_39' title="bbox 2047 1065 3561 1142">
     <span class='ocr_line' id='line_1_39' title="bbox 2047 1065 3561 1142; baseline 0.012 -22"><span class='ocrx_word' id='word_1_222' title='bbox 2047 1065 2387 1122; x_wconf 67' lang='lat' dir='ltr'><strong>Maso/tionis.</strong></span> <span class='ocrx_word' id='word_1_223' title='bbox 2431 1099 2500 1111; x_wconf 91' lang='grc'><strong>--</strong></span> <span class='ocrx_word' id='word_1_224' title='bbox 2541 1069 2596 1126; x_wconf 89' lang='lat' dir='ltr'><strong>Si</strong></span> <span class='ocrx_word' id='word_1_225' title='bbox 2630 1070 2774 1127; x_wconf 82' lang='lat' dir='ltr'><strong>bene</strong></span> <span class='ocrx_word' id='word_1_226' title='bbox 2829 1075 3024 1130; x_wconf 87' lang='lat' dir='ltr'><strong>audire</strong></span> <span class='ocrx_word' id='word_1_227' title='bbox 3077 1078 3184 1142; x_wconf 86' lang='lat' dir='ltr'><strong>vis,</strong></span> <span class='ocrx_word' id='word_1_228' title='bbox 3235 1079 3388 1136; x_wconf 88' lang='lat' dir='ltr'><strong>disce</strong></span> <span class='ocrx_word' id='word_1_229' title='bbox 3421 1083 3561 1138; x_wconf 85' lang='lat' dir='ltr'><strong>bene</strong></span> 
     </span>
    </p>
   </div>
   <div class='ocr_carea' id='block_1_40' title="bbox 1975 1157 3563 1237">
    <p class='ocr_par' dir='ltr' id='par_1_40' title="bbox 1975 1157 3563 1237">
     <span class='ocr_line' id='line_1_40' title="bbox 1975 1157 3563 1237; baseline 0.011 -25"><span class='ocrx_word' id='word_1_230' title='bbox 1975 1157 2151 1228; x_wconf 91' lang='lat' dir='ltr'><strong>loqui.</strong></span> <span class='ocrx_word' id='word_1_231' title='bbox 2179 1159 2352 1214; x_wconf 88' lang='lat' dir='ltr'><strong>Stude</strong></span> <span class='ocrx_word' id='word_1_232' title='bbox 2375 1160 2518 1218; x_wconf 83' lang='lat' dir='ltr'><strong>bene</strong></span> <span class='ocrx_word' id='word_1_233' title='bbox 2537 1178 2723 1233; x_wconf 80' lang='lat' dir='ltr'><strong>agere,</strong></span> <span class='ocrx_word' id='word_1_234' title='bbox 2756 1174 2923 1235; x_wconf 87' lang='lat' dir='ltr'><strong>atque</strong></span> <span class='ocrx_word' id='word_1_235' title='bbox 2943 1176 3003 1221; x_wconf 91' lang='lat' dir='ltr'><strong>ut</strong></span> <span class='ocrx_word' id='word_1_236' title='bbox 3033 1167 3174 1223; x_wconf 85' lang='lat' dir='ltr'><strong>bene</strong></span> <span class='ocrx_word' id='word_1_237' title='bbox 3201 1171 3563 1237; x_wconf 82' lang='lat' dir='ltr'><strong>audias,boni</strong></span> 
     </span>
    </p>
   </div>
   <div class='ocr_carea' id='block_1_41' title="bbox 1975 1247 2797 1321">
    <p class='ocr_par' dir='ltr' id='par_1_41' title="bbox 1975 1247 2797 1321">
     <span class='ocr_line' id='line_1_41' title="bbox 1975 1247 2797 1321; baseline 0.006 -19"><span class='ocrx_word' id='word_1_238' title='bbox 1975 1248 2163 1317; x_wconf 85' lang='lat' dir='ltr'><strong>operis</strong></span> <span class='ocrx_word' id='word_1_239' title='bbox 2190 1247 2372 1304; x_wconf 81' lang='lat' dir='ltr'><strong>fructu</strong></span> <span class='ocrx_word' id='word_1_240' title='bbox 2418 1252 2797 1321; x_wconf 87' lang='lat' dir='ltr'><strong>consequeris.</strong></span> 
     </span>
    </p>
   </div>
   <div class='ocr_carea' id='block_1_42' title="bbox 2007 1327 3564 1418">
    <p class='ocr_par' dir='ltr' id='par_1_42' title="bbox 2007 1327 3564 1418">
     <span class='ocr_line' id='line_1_42' title="bbox 2007 1327 3564 1418; baseline 0.009 -24"><span class='ocrx_word' id='word_1_241' title='bbox 2007 1327 2014 1334; x_wconf 57' lang='grc'><em>”</em></span> <span class='ocrx_word' id='word_1_242' title='bbox 2044 1340 2304 1412; x_wconf 74' lang='lat' dir='ltr'><strong>Polywui.</strong></span> <span class='ocrx_word' id='word_1_243' title='bbox 2333 1372 2400 1381; x_wconf 92' lang='lat'><strong><em>—</em></strong></span> <span class='ocrx_word' id='word_1_244' title='bbox 2429 1343 2763 1401; x_wconf 71' lang='lat' dir='ltr'><strong>Przesentem</strong></span> <span class='ocrx_word' id='word_1_245' title='bbox 2794 1361 2896 1402; x_wconf 88' lang='lat' dir='ltr'><strong>nec</strong></span> <span class='ocrx_word' id='word_1_246' title='bbox 2925 1347 3202 1418; x_wconf 85' lang='lat' dir='ltr'><strong>vitupera,</strong></span> <span class='ocrx_word' id='word_1_247' title='bbox 3236 1366 3339 1406; x_wconf 84' lang='lat' dir='ltr'><strong>nec</strong></span> <span class='ocrx_word' id='word_1_248' title='bbox 3371 1352 3564 1408; x_wconf 81' lang='lat' dir='ltr'><strong>lauda—</strong></span> 
     </span>
    </p>
   </div>
   <div class='ocr_carea' id='block_1_43' title="bbox 1976 1434 3563 1508">
    <p class='ocr_par' dir='ltr' id='par_1_43' title="bbox 1976 1434 3563 1508">
     <span class='ocr_line' id='line_1_43' title="bbox 1976 1434 3563 1508; baseline 0.01 -22"><span class='ocrx_word' id='word_1_249' title='bbox 1976 1434 2152 1498; x_wconf 84' lang='lat' dir='ltr'><strong>veris;</strong></span> <span class='ocrx_word' id='word_1_250' title='bbox 2191 1435 2430 1490; x_wconf 88' lang='lat' dir='ltr'><strong>alterum</strong></span> <span class='ocrx_word' id='word_1_251' title='bbox 2466 1437 2615 1490; x_wconf 91' lang='lat' dir='ltr'><strong>cnim</strong></span> <span class='ocrx_word' id='word_1_252' title='bbox 2664 1438 3016 1495; x_wconf 81' lang='lat' dir='ltr'><strong>inimicitiam</strong></span> <span class='ocrx_word' id='word_1_253' title='bbox 3079 1443 3263 1508; x_wconf 82' lang='lat' dir='ltr'><strong>aﬂ&#39;ert,</strong></span> <span class='ocrx_word' id='word_1_254' title='bbox 3324 1445 3563 1502; x_wconf 79' lang='lat' dir='ltr'><strong>alterum</strong></span> 
     </span>
    </p>
   </div>
   <div class='ocr_carea' id='block_1_44' title="bbox 1977 1523 2678 1581">
    <p class='ocr_par' dir='ltr' id='par_1_44' title="bbox 1977 1523 2678 1581">
     <span class='ocr_line' id='line_1_44' title="bbox 1977 1523 2678 1581; baseline 0.003 -1"><span class='ocrx_word' id='word_1_255' title='bbox 1977 1523 2372 1581; x_wconf 81' lang='lat' dir='ltr'><strong>adulationem.</strong></span> <span class='ocrx_word' id='word_1_256' title='bbox 2675 1543 2678 1546; x_wconf 75' lang='lat'><em>‘</em></span> 
     </span>
    </p>
   </div>
   <div class='ocr_carea' id='block_1_45' title="bbox 2046 1619 3566 1694">
    <p class='ocr_par' dir='ltr' id='par_1_45' title="bbox 2046 1619 3566 1694">
     <span class='ocr_line' id='line_1_45' title="bbox 2046 1619 3566 1694; baseline 0.007 -20"><span class='ocrx_word' id='word_1_257' title='bbox 2046 1619 2299 1691; x_wconf 77' lang='lat' dir='ltr'><strong>Cypselli.</strong></span> <span class='ocrx_word' id='word_1_258' title='bbox 2333 1621 2651 1689; x_wconf 75' lang='lat' dir='ltr'><strong>—Vivens,</strong></span> <span class='ocrx_word' id='word_1_259' title='bbox 2694 1624 2950 1692; x_wconf 81' lang='lat' dir='ltr'><strong>laudare;</strong></span> <span class='ocrx_word' id='word_1_260' title='bbox 2988 1627 3099 1682; x_wconf 88' lang='lat' dir='ltr'><strong>vita</strong></span> <span class='ocrx_word' id='word_1_261' title='bbox 3140 1626 3405 1694; x_wconf 64' lang='lat' dir='ltr'><strong>iunctus,</strong></span> <span class='ocrx_word' id='word_1_262' title='bbox 3438 1630 3566 1684; x_wconf 88' lang='lat' dir='ltr'><strong>bea-</strong></span> 
     </span>
    </p>
   </div>
   <div class='ocr_carea' id='block_1_46' title="bbox 1977 1699 2454 1782">
    <p class='ocr_par' dir='ltr' id='par_1_46' title="bbox 1977 1699 2454 1782">
     <span class='ocr_line' id='line_1_46' title="bbox 1977 1699 2454 1782; baseline 0.004 -16"><span class='ocrx_word' id='word_1_263' title='bbox 1977 1721 2065 1766; x_wconf 91' lang='lat' dir='ltr'><strong>tus</strong></span> <span class='ocrx_word' id='word_1_264' title='bbox 2101 1699 2454 1782; x_wconf 71' lang='lat' dir='ltr'><strong>praedicator.</strong></span> 
     </span>
    </p>
   </div>
   <div class='ocr_carea' id='block_1_47' title="bbox 2042 1804 3565 1880">
    <p class='ocr_par' dir='ltr' id='par_1_47' title="bbox 2042 1804 3565 1880">
     <span class='ocr_line' id='line_1_47' title="bbox 2042 1804 3565 1880; baseline 0.007 -22"><span class='ocrx_word' id='word_1_265' title='bbox 2042 1804 2364 1876; x_wconf 76' lang='lat' dir='ltr'><strong>Antagenes.</strong></span> <span class='ocrx_word' id='word_1_266' title='bbox 2399 1807 2691 1862; x_wconf 76' lang='lat' dir='ltr'><strong>—Aiebat</strong></span> <span class='ocrx_word' id='word_1_267' title='bbox 2719 1808 3077 1880; x_wconf 76' lang='lat' dir='ltr'><strong>Antagenes:</strong></span> <span class='ocrx_word' id='word_1_268' title='bbox 3123 1810 3262 1866; x_wconf 86' lang='lat' dir='ltr'><strong>Cum</strong></span> <span class='ocrx_word' id='word_1_269' title='bbox 3299 1828 3386 1868; x_wconf 84' lang='lat' dir='ltr'><strong>me</strong></span> <span class='ocrx_word' id='word_1_270' title='bbox 3438 1814 3565 1868; x_wconf 81' lang='lat' dir='ltr'><strong>vol-</strong></span> 
     </span>
    </p>
   </div>
   <div class='ocr_carea' id='block_1_48' title="bbox 1973 1895 3563 1972">
    <p class='ocr_par' dir='ltr' id='par_1_48' title="bbox 1973 1895 3563 1972">
     <span class='ocr_line' id='line_1_48' title="bbox 1973 1895 3563 1972; baseline 0.007 -24"><span class='ocrx_word' id='word_1_271' title='bbox 1973 1910 2075 1965; x_wconf 82' lang='lat' dir='ltr'><strong>gus</strong></span> <span class='ocrx_word' id='word_1_272' title='bbox 2099 1895 2626 1962; x_wconf 69' lang='lat' dir='ltr'><strong>hominuu‘rlaudat,</strong></span> <span class='ocrx_word' id='word_1_273' title='bbox 2661 1899 2874 1956; x_wconf 88' lang='lat' dir='ltr'><strong>nullius</strong></span> <span class='ocrx_word' id='word_1_274' title='bbox 2903 1916 3008 1955; x_wconf 72' lang='lat' dir='ltr'><strong>me</strong></span> <span class='ocrx_word' id='word_1_275' title='bbox 3058 1901 3284 1972; x_wconf 79' lang='lat' dir='ltr'><strong>dignum</strong></span> <span class='ocrx_word' id='word_1_276' title='bbox 3320 1918 3441 1958; x_wconf 89' lang='lat' dir='ltr'><strong>esse</strong></span> <span class='ocrx_word' id='word_1_277' title='bbox 3469 1920 3563 1959; x_wconf 89' lang='lat' dir='ltr'><strong>ar-</strong></span> 
     </span>
    </p>
   </div>
   <div class='ocr_carea' id='block_1_49' title="bbox 1974 1976 3314 2062">
    <p class='ocr_par' dir='ltr' id='par_1_49' title="bbox 1974 1976 3314 2062">
     <span class='ocr_line' id='line_1_49' title="bbox 1974 1976 3314 2062; baseline 0.004 -21"><span class='ocrx_word' id='word_1_278' title='bbox 1974 1976 2152 2042; x_wconf 87' lang='lat' dir='ltr'><strong>bitror</strong></span> <span class='ocrx_word' id='word_1_279' title='bbox 2179 2005 2192 2054; x_wconf 92' lang='lat'>;</span> <span class='ocrx_word' id='word_1_280' title='bbox 2219 2003 2343 2043; x_wconf 91' lang='lat' dir='ltr'><strong>cum</strong></span> <span class='ocrx_word' id='word_1_281' title='bbox 2374 2005 2506 2044; x_wconf 89' lang='lat' dir='ltr'><strong>vero</strong></span> <span class='ocrx_word' id='word_1_282' title='bbox 2531 1993 2716 2062; x_wconf 82' lang='lat' dir='ltr'><strong>pauci,</strong></span> <span class='ocrx_word' id='word_1_283' title='bbox 2747 1991 2928 2046; x_wconf 80' lang='lat' dir='ltr'><strong>virum</strong></span> <span class='ocrx_word' id='word_1_284' title='bbox 2979 1993 3314 2049; x_wconf 90' lang='lat' dir='ltr'><strong>studiosum.</strong></span> 
     </span>
    </p>
   </div>
   <div class='ocr_carea' id='block_1_50' title="bbox 2542 2101 2992 2159">
    <p class='ocr_par' dir='ltr' id='par_1_50' title="bbox 2542 2101 2992 2159">
     <span class='ocr_line' id='line_1_50' title="bbox 2542 2101 2992 2159; baseline 0.007 -3"><span class='ocrx_word' id='word_1_285' title='bbox 2542 2101 2776 2156; x_wconf 79' lang='lat' dir='ltr'><strong>SERMO</strong></span> <span class='ocrx_word' id='word_1_286' title='bbox 2805 2101 2992 2159; x_wconf 81' lang='lat' dir='ltr'><strong>XLIV.</strong></span> 
     </span>
    </p>
   </div>
   <div class='ocr_carea' id='block_1_51' title="bbox 2502 2185 3032 2264">
    <p class='ocr_par' dir='ltr' id='par_1_51' title="bbox 2502 2185 3032 2264">
     <span class='ocr_line' id='line_1_51' title="bbox 2502 2185 3032 2264; baseline 0.008 -18"><span class='ocrx_word' id='word_1_287' title='bbox 2502 2191 2579 2246; x_wconf 85' lang='lat' dir='ltr'><strong>De</strong></span> <span class='ocrx_word' id='word_1_288' title='bbox 2625 2185 3032 2264; x_wconf 61' lang='lat' dir='ltr'><strong>pulchritudine.</strong></span> 
     </span>
    </p>
   </div>
   <div class='ocr_carea' id='block_1_52' title="bbox 2045 2277 3562 2360">
    <p class='ocr_par' dir='ltr' id='par_1_52' title="bbox 2045 2277 3562 2360">
     <span class='ocr_line' id='line_1_52' title="bbox 2045 2277 3562 2360; baseline 0.007 -24"><span class='ocrx_word' id='word_1_289' title='bbox 2045 2277 2234 2337; x_wconf 79' lang='lat' dir='ltr'><strong>Matth.</strong></span> <span class='ocrx_word' id='word_1_290' title='bbox 2261 2299 2335 2351; x_wconf 83' lang='lat' dir='ltr'><strong>v1,</strong></span> <span class='ocrx_word' id='word_1_291' title='bbox 2365 2285 2458 2340; x_wconf 92' lang='lat'><strong>28.</strong></span> <span class='ocrx_word' id='word_1_292' title='bbox 2486 2315 2547 2324; x_wconf 92' lang='lat'><strong>—-</strong></span> <span class='ocrx_word' id='word_1_293' title='bbox 2570 2285 2934 2342; x_wconf 81' lang='lat' dir='ltr'><strong>Considerate</strong></span> <span class='ocrx_word' id='word_1_294' title='bbox 2967 2287 3082 2342; x_wconf 84' lang='lat' dir='ltr'><strong>lilia</strong></span> <span class='ocrx_word' id='word_1_295' title='bbox 3116 2289 3254 2360; x_wconf 81' lang='lat' dir='ltr'><strong>agri,</strong></span> <span class='ocrx_word' id='word_1_296' title='bbox 3285 2291 3562 2360; x_wconf 86' lang='lat' dir='ltr'><strong>quomodo</strong></span> 
     </span>
    </p>
   </div>
   <div class='ocr_carea' id='block_1_53' title="bbox 1974 2373 3562 2446">
    <p class='ocr_par' dir='ltr' id='par_1_53' title="bbox 1974 2373 3562 2446">
     <span class='ocr_line' id='line_1_53' title="bbox 1974 2373 3562 2446; baseline 0.006 -18"><span class='ocrx_word' id='word_1_297' title='bbox 1974 2383 2275 2441; x_wconf 86' lang='lat' dir='ltr'><strong>crescunt;</strong></span> <span class='ocrx_word' id='word_1_298' title='bbox 2306 2373 2418 2430; x_wconf 85' lang='lat' dir='ltr'><strong>non</strong></span> <span class='ocrx_word' id='word_1_299' title='bbox 2451 2375 2731 2441; x_wconf 85' lang='lat' dir='ltr'><strong>laborant,</strong></span> <span class='ocrx_word' id='word_1_300' title='bbox 2790 2390 2974 2446; x_wconf 89' lang='lat' dir='ltr'><strong>neque</strong></span> <span class='ocrx_word' id='word_1_301' title='bbox 3001 2387 3158 2434; x_wconf 87' lang='lat' dir='ltr'><strong>nent.</strong></span> <span class='ocrx_word' id='word_1_302' title='bbox 3208 2379 3344 2436; x_wconf 88' lang='lat' dir='ltr'><strong>Dico</strong></span> <span class='ocrx_word' id='word_1_303' title='bbox 3375 2391 3562 2439; x_wconf 90' lang='lat' dir='ltr'><strong>autem</strong></span> 
     </span>
    </p>
   </div>
   <div class='ocr_carea' id='block_1_54' title="bbox 1973 2465 3563 2544">
    <p class='ocr_par' dir='ltr' id='par_1_54' title="bbox 1973 2465 3563 2544">
     <span class='ocr_line' id='line_1_54' title="bbox 1973 2465 3563 2544; baseline 0.008 -25"><span class='ocrx_word' id='word_1_304' title='bbox 1973 2465 2153 2531; x_wconf 86' lang='lat' dir='ltr'><strong>vobis,</strong></span> <span class='ocrx_word' id='word_1_305' title='bbox 2182 2465 2446 2536; x_wconf 85' lang='lat' dir='ltr'><strong>quoniam</strong></span> <span class='ocrx_word' id='word_1_306' title='bbox 2493 2483 2599 2522; x_wconf 89' lang='lat' dir='ltr'><strong>nec</strong></span> <span class='ocrx_word' id='word_1_307' title='bbox 2625 2466 2891 2522; x_wconf 85' lang='lat' dir='ltr'><strong>Salomon</strong></span> <span class='ocrx_word' id='word_1_308' title='bbox 2945 2469 3004 2524; x_wconf 88' lang='lat' dir='ltr'><strong>in</strong></span> <span class='ocrx_word' id='word_1_309' title='bbox 3053 2471 3204 2526; x_wconf 89' lang='lat' dir='ltr'><strong>omni</strong></span> <span class='ocrx_word' id='word_1_310' title='bbox 3248 2473 3421 2544; x_wconf 78' lang='lat' dir='ltr'><strong>gloria</strong></span> <span class='ocrx_word' id='word_1_311' title='bbox 3462 2491 3563 2531; x_wconf 88' lang='lat' dir='ltr'><strong>sua</strong></span> 
     </span>
    </p>
   </div>
   <div class='ocr_carea' id='block_1_55' title="bbox 1975 2559 3027 2626">
    <p class='ocr_par' dir='ltr' id='par_1_55' title="bbox 1975 2559 3027 2626">
     <span class='ocr_line' id='line_1_55' title="bbox 1975 2559 3027 2626; baseline 0.008 -17"><span class='ocrx_word' id='word_1_312' title='bbox 1975 2568 2275 2626; x_wconf 90' lang='lat' dir='ltr'><strong>e00pertus</strong></span> <span class='ocrx_word' id='word_1_313' title='bbox 2301 2567 2387 2613; x_wconf 88' lang='lat' dir='ltr'><strong>est</strong></span> <span class='ocrx_word' id='word_1_314' title='bbox 2410 2559 2744 2615; x_wconf 88' lang='lat' dir='ltr'><strong>sicutunum</strong></span> <span class='ocrx_word' id='word_1_315' title='bbox 2781 2577 2847 2616; x_wconf 80' lang='lat' dir='ltr'><strong>ex</strong></span> <span class='ocrx_word' id='word_1_316' title='bbox 2882 2562 3027 2617; x_wconf 86' lang='lat' dir='ltr'><strong>istis.</strong></span> 
     </span>
    </p>
   </div>
   <div class='ocr_carea' id='block_1_56' title="bbox 2046 2646 3564 2734">
    <p class='ocr_par' dir='ltr' id='par_1_56' title="bbox 2046 2646 3564 2734">
     <span class='ocr_line' id='line_1_56' title="bbox 2046 2646 3564 2734; baseline 0.013 -31"><span class='ocrx_word' id='word_1_317' title='bbox 2046 2648 2076 2703; x_wconf 88' lang='grc' dir='ltr'><em>Ι</em></span> <span class='ocrx_word' id='word_1_318' title='bbox 2099 2646 2231 2704; x_wconf 79' lang='lat' dir='ltr'><strong>Tim.</strong></span> <span class='ocrx_word' id='word_1_319' title='bbox 2267 2666 2329 2716; x_wconf 86' lang='grc' dir='ltr'><strong>ιι,</strong></span> <span class='ocrx_word' id='word_1_320' title='bbox 2362 2650 2416 2706; x_wconf 83' lang='grc'>9.</span> <span class='ocrx_word' id='word_1_321' title='bbox 2440 2677 2511 2692; x_wconf 73' lang='lat'><strong>-~</strong></span> <span class='ocrx_word' id='word_1_322' title='bbox 2534 2652 2671 2707; x_wconf 85' lang='lat' dir='ltr'><strong>Volo</strong></span> <span class='ocrx_word' id='word_1_323' title='bbox 2688 2653 2954 2711; x_wconf 84' lang='lat' dir='ltr'><strong>mulieres</strong></span> <span class='ocrx_word' id='word_1_324' title='bbox 2981 2656 3035 2710; x_wconf 90' lang='lat' dir='ltr'><strong>in</strong></span> <span class='ocrx_word' id='word_1_325' title='bbox 3067 2656 3257 2710; x_wconf 85' lang='lat' dir='ltr'><strong>habitu</strong></span> <span class='ocrx_word' id='word_1_326' title='bbox 3289 2664 3564 2734; x_wconf 90' lang='lat' dir='ltr'><strong>modesto,</strong></span> 
     </span>
    </p>
   </div>
   <div class='ocr_carea' id='block_1_57' title="bbox 1976 2743 3565 2819">
    <p class='ocr_par' dir='ltr' id='par_1_57' title="bbox 1976 2743 3565 2819">
     <span class='ocr_line' id='line_1_57' title="bbox 1976 2743 3565 2819; baseline 0.006 -24"><span class='ocrx_word' id='word_1_327' title='bbox 1976 2757 2102 2796; x_wconf 88' lang='lat' dir='ltr'><strong>cum</strong></span> <span class='ocrx_word' id='word_1_328' title='bbox 2139 2743 2474 2798; x_wconf 79' lang='lat' dir='ltr'><strong>verecundia</strong></span> <span class='ocrx_word' id='word_1_329' title='bbox 2508 2752 2565 2798; x_wconf 91' lang='lat' dir='ltr'><strong>et</strong></span> <span class='ocrx_word' id='word_1_330' title='bbox 2607 2745 2863 2801; x_wconf 84' lang='lat' dir='ltr'><strong>castitate</strong></span> <span class='ocrx_word' id='word_1_331' title='bbox 2902 2761 3100 2800; x_wconf 87' lang='lat' dir='ltr'><strong>ornare</strong></span> <span class='ocrx_word' id='word_1_332' title='bbox 3146 2750 3398 2819; x_wconf 79' lang='lat' dir='ltr'><strong>seip.;as;</strong></span> <span class='ocrx_word' id='word_1_333' title='bbox 3453 2772 3565 2811; x_wconf 81' lang='lat' dir='ltr'><strong>non</strong></span> 
     </span>
    </p>
   </div>
   <div class='ocr_carea' id='block_1_58' title="bbox 1978 2833 3564 2908">
    <p class='ocr_par' dir='ltr' id='par_1_58' title="bbox 1978 2833 3564 2908">
     <span class='ocr_line' id='line_1_58' title="bbox 1978 2833 3564 2908; baseline 0.008 -21"><span class='ocrx_word' id='word_1_334' title='bbox 1978 2833 2141 2888; x_wconf 90' lang='lat' dir='ltr'><strong>tortis</strong></span> <span class='ocrx_word' id='word_1_335' title='bbox 2171 2836 2444 2900; x_wconf 89' lang='lat' dir='ltr'><strong>crinibus,</strong></span> <span class='ocrx_word' id='word_1_336' title='bbox 2472 2844 2569 2890; x_wconf 85' lang='lat' dir='ltr'><strong>aut</strong></span> <span class='ocrx_word' id='word_1_337' title='bbox 2592 2851 2755 2904; x_wconf 85' lang='lat' dir='ltr'><strong>auro,</strong></span> <span class='ocrx_word' id='word_1_338' title='bbox 2785 2845 2882 2892; x_wconf 90' lang='lat' dir='ltr'><strong>aut</strong></span> <span class='ocrx_word' id='word_1_339' title='bbox 2910 2839 3245 2908; x_wconf 80' lang='lat' dir='ltr'><strong>margaritis,</strong></span> <span class='ocrx_word' id='word_1_340' title='bbox 3284 2853 3380 2897; x_wconf 88' lang='lat' dir='ltr'><strong>aut</strong></span> <span class='ocrx_word' id='word_1_341' title='bbox 3407 2856 3564 2902; x_wconf 81' lang='lat' dir='ltr'><strong>veste</strong></span> 
     </span>
    </p>
   </div>
   <div class='ocr_carea' id='block_1_59' title="bbox 1980 2926 2244 2996">
    <p class='ocr_par' dir='ltr' id='par_1_59' title="bbox 1980 2926 2244 2996">
     <span class='ocr_line' id='line_1_59' title="bbox 1980 2926 2244 2996; baseline 0.008 -17"><span class='ocrx_word' id='word_1_342' title='bbox 1980 2926 2244 2996; x_wconf 82' lang='lat' dir='ltr'><strong>pretiosa.</strong></span> 
     </span>
    </p>
   </div>
   <div class='ocr_carea' id='block_1_60' title="bbox 363 3017 1870 3106">
    <p class='ocr_par' dir='ltr' id='par_1_60' title="bbox 363 3026 1868 3106">
     <span class='ocr_line' id='line_1_60' title="bbox 363 3026 1868 3106; baseline -0.007 -16"><span class='ocrx_word' id='word_1_343' title='bbox 363 3037 609 3106; x_wconf 82' lang='grc' dir='ltr'>Παροιμ.</span> <span class='ocrx_word' id='word_1_344' title='bbox 638 3041 714 3101; x_wconf 87' lang='grc' dir='ltr'>ς’.</span> <span class='ocrx_word' id='word_1_345' title='bbox 745 3065 816 3074; x_wconf 88' lang='grc'><strong><em>-</em></strong></span> <span class='ocrx_word' id='word_1_346' title='bbox 845 3034 934 3103; x_wconf 85' lang='grc' dir='ltr'><strong>Μή</strong></span> <span class='ocrx_word' id='word_1_347' title='bbox 973 3044 1032 3086; x_wconf 80' lang='grc' dir='ltr'><strong>σε</strong></span> <span class='ocrx_word' id='word_1_348' title='bbox 1078 3031 1278 3103; x_wconf 83' lang='grc' dir='ltr'>νικήσῃ</span> <span class='ocrx_word' id='word_1_349' title='bbox 1309 3027 1540 3090; x_wconf 80' lang='grc' dir='ltr'>κάλλους</span> <span class='ocrx_word' id='word_1_350' title='bbox 1570 3026 1835 3096; x_wconf 78' lang='grc' dir='ltr'>ἐπιθυμία</span> <span class='ocrx_word' id='word_1_351' title='bbox 1855 3039 1868 3056; x_wconf 83' lang='grc'>⁶</span> 
     </span>
    </p>
   </div>
   <div class='ocr_carea' id='block_1_61' title="bbox 2005 3017 3562 3106">
    <p class='ocr_par' dir='ltr' id='par_1_61' title="bbox 2046 3017 3562 3093">
     <span class='ocr_line' id='line_1_61' title="bbox 2046 3017 3562 3093; baseline 0.002 -22"><span class='ocrx_word' id='word_1_352' title='bbox 2046 3017 2204 3071; x_wconf 85' lang='lat' dir='ltr'><strong>Prov.</strong></span> <span class='ocrx_word' id='word_1_353' title='bbox 2236 3034 2312 3083; x_wconf 75' lang='lat' dir='ltr'><strong>Vl,</strong></span> <span class='ocrx_word' id='word_1_354' title='bbox 2343 3019 2435 3074; x_wconf 83' lang='lat'><strong>25.</strong></span> <span class='ocrx_word' id='word_1_355' title='bbox 2461 3049 2530 3059; x_wconf 94' lang='lat'>—</span> <span class='ocrx_word' id='word_1_356' title='bbox 2558 3020 2639 3076; x_wconf 87' lang='lat' dir='ltr'><strong>Ne</strong></span> <span class='ocrx_word' id='word_1_357' title='bbox 2670 3028 2726 3076; x_wconf 89' lang='lat' dir='ltr'><strong>te</strong></span> <span class='ocrx_word' id='word_1_358' title='bbox 2767 3021 2955 3077; x_wconf 82' lang='lat' dir='ltr'><strong>vincat</strong></span> <span class='ocrx_word' id='word_1_359' title='bbox 3002 3021 3436 3093; x_wconf 84' lang='lat' dir='ltr'><strong>pulchritudinis</strong></span> <span class='ocrx_word' id='word_1_360' title='bbox 3463 3036 3562 3076; x_wconf 64' lang='lat' dir='ltr'><strong>cu.</strong></span> 
     </span>
    </p>
   </div>
   <div class='ocr_carea' id='block_1_62' title="bbox 299 3123 1233 3201">
    <p class='ocr_par' dir='ltr' id='par_1_62' title="bbox 299 3123 1233 3201">
     <span class='ocr_line' id='line_1_62' title="bbox 299 3123 1233 3201; baseline -0.004 -19"><span class='ocrx_word' id='word_1_361' title='bbox 299 3129 435 3200; x_wconf 85' lang='grc' dir='ltr'>μηδέ</span> <span class='ocrx_word' id='word_1_362' title='bbox 465 3128 744 3201; x_wconf 81' lang='grc' dir='ltr'>ἁγρευθῇς</span> <span class='ocrx_word' id='word_1_363' title='bbox 774 3127 886 3188; x_wconf 85' lang='grc' dir='ltr'>σοῖς</span> <span class='ocrx_word' id='word_1_364' title='bbox 915 3123 1233 3194; x_wconf 80' lang='grc' dir='ltr'>ὀφθαλμοῖς.</span> 
     </span>
    </p>
   </div>
   <div class='ocr_carea' id='block_1_63' title="bbox 361 3209 1868 3290">
    <p class='ocr_par' dir='ltr' id='par_1_63' title="bbox 361 3209 1868 3290">
     <span class='ocr_line' id='line_1_63' title="bbox 361 3209 1868 3290; baseline -0.008 -16"><span class='ocrx_word' id='word_1_365' title='bbox 361 3219 544 3290; x_wconf 75' lang='grc' dir='ltr'>Σιρὰχ</span> <span class='ocrx_word' id='word_1_366' title='bbox 608 3226 698 3273; x_wconf 81' lang='grc' dir='ltr'>ια’.</span> <span class='ocrx_word' id='word_1_367' title='bbox 753 3247 823 3258; x_wconf 90' lang='grc'><strong><em>-</em></strong></span> <span class='ocrx_word' id='word_1_368' title='bbox 875 3218 966 3286; x_wconf 81' lang='grc' dir='ltr'><strong>Μὴ</strong></span> <span class='ocrx_word' id='word_1_369' title='bbox 1027 3215 1250 3286; x_wconf 80' lang='grc' dir='ltr'>αίνέσῃς</span> <span class='ocrx_word' id='word_1_370' title='bbox 1317 3212 1486 3284; x_wconf 68' lang='grc' dir='ltr'>ἄνδρα</span> <span class='ocrx_word' id='word_1_371' title='bbox 1569 3212 1629 3264; x_wconf 88' lang='grc' dir='ltr'><strong>ἐν</strong></span> <span class='ocrx_word' id='word_1_372' title='bbox 1681 3209 1868 3263; x_wconf 80' lang='grc' dir='ltr'>κάλλει</span> 
     </span>
    </p>
   </div>
   <div class='ocr_carea' id='block_1_64' title="bbox 293 3311 484 3368">
    <p class='ocr_par' dir='ltr' id='par_1_64' title="bbox 293 3311 484 3368">
     <span class='ocr_line' id='line_1_64' title="bbox 293 3311 484 3368; baseline 0.01 -2"><span class='ocrx_word' id='word_1_373' title='bbox 293 3311 484 3368; x_wconf 73' lang='grc' dir='ltr'>αὐτοῦ.</span> 
     </span>
    </p>
   </div>
   <div class='ocr_carea' id='block_1_65' title="bbox 359 3397 1870 3474">
    <p class='ocr_par' dir='ltr' id='par_1_65' title="bbox 359 3397 1870 3474">
     <span class='ocr_line' id='line_1_65' title="bbox 359 3397 1870 3474; baseline -0.007 -15"><span class='ocrx_word' id='word_1_374' title='bbox 359 3405 543 3474; x_wconf 75' lang='grc' dir='ltr'>Σιρὰχ</span> <span class='ocrx_word' id='word_1_375' title='bbox 570 3403 686 3469; x_wconf 70' lang='grc' dir='ltr'>σις’.</span> <span class='ocrx_word' id='word_1_376' title='bbox 723 3432 794 3443; x_wconf 93' lang='lat'><strong>—-</strong></span> <span class='ocrx_word' id='word_1_377' title='bbox 828 3402 1040 3466; x_wconf 81' lang='grc' dir='ltr'>Κάλλος</span> <span class='ocrx_word' id='word_1_378' title='bbox 1071 3399 1369 3474; x_wconf 81' lang='grc' dir='ltr'>προσώπου</span> <span class='ocrx_word' id='word_1_379' title='bbox 1397 3398 1491 3453; x_wconf 73' lang='grc' dir='ltr'>ἐπὶ</span> <span class='ocrx_word' id='word_1_380' title='bbox 1513 3397 1704 3470; x_wconf 77' lang='grc' dir='ltr'>ἡλικίᾳ</span> <span class='ocrx_word' id='word_1_381' title='bbox 1741 3411 1870 3449; x_wconf 78' lang='grc' dir='ltr'>στα-</span> 
     </span>
    </p>
   </div>
   <div class='ocr_carea' id='block_1_66' title="bbox 292 3482 931 3568">
    <p class='ocr_par' dir='ltr' id='par_1_66' title="bbox 292 3482 931 3568">
     <span class='ocr_line' id='line_1_66' title="bbox 292 3482 931 3568; baseline -0.005 -81"><span class='ocrx_word' id='word_1_382' title='bbox 292 3499 451 3568; x_wconf 48' lang='grc' dir='ltr'>σίμῃ.</span> <span class='ocrx_word' id='word_1_383' title='bbox 895 3482 901 3487; x_wconf 86' lang='grc'><strong>.</strong></span> <span class='ocrx_word' id='word_1_384' title='bbox 929 3482 931 3484; x_wconf 76' lang='lat'><strong>.</strong></span> 
     </span>
    </p>
   </div>
   <div class='ocr_carea' id='block_1_67' title="bbox 350 3565 1870 3661">
    <p class='ocr_par' dir='ltr' id='par_1_67' title="bbox 350 3565 1870 3661">
     <span class='ocr_line' id='line_1_67' title="bbox 350 3565 1870 3661; baseline -0.013 -13"><span class='ocrx_word' id='word_1_385' title='bbox 350 3565 703 3648; x_wconf 42' lang='grc' dir='ltr'>βασιλείου.</span> <span class='ocrx_word' id='word_1_386' title='bbox 744 3621 814 3631; x_wconf 94' lang='grc'><strong><em>-</em></strong></span> <span class='ocrx_word' id='word_1_387' title='bbox 849 3591 908 3644; x_wconf 86' lang='lat'><strong>&#39;0</strong></span> <span class='ocrx_word' id='word_1_388' title='bbox 957 3590 1199 3661; x_wconf 75' lang='grc' dir='ltr'>σήμερον</span> <span class='ocrx_word' id='word_1_389' title='bbox 1247 3583 1478 3656; x_wconf 76' lang='grc' dir='ltr'><strong>εὐθαλὴς</strong></span> <span class='ocrx_word' id='word_1_390' title='bbox 1525 3580 1604 3651; x_wconf 82' lang='grc' dir='ltr'>τῷ</span> <span class='ocrx_word' id='word_1_391' title='bbox 1655 3577 1870 3649; x_wconf 82' lang='grc' dir='ltr'>σώματι</span> 
     </span>
    </p>
   </div>
   <div class='ocr_carea' id='block_1_68' title="bbox 291 3671 1872 3756">
    <p class='ocr_par' dir='ltr' id='par_1_68' title="bbox 291 3671 1872 3756">
     <span class='ocr_line' id='line_1_68' title="bbox 291 3671 1872 3756; baseline -0.013 -15"><span class='ocrx_word' id='word_1_392' title='bbox 291 3683 857 3756; x_wconf 84' lang='grc' dir='ltr'>κατασεσαρκωμένος</span> <span class='ocrx_word' id='word_1_393' title='bbox 910 3681 1016 3735; x_wconf 84' lang='grc' dir='ltr'><strong>ὑπὸ</strong></span> <span class='ocrx_word' id='word_1_394' title='bbox 1067 3679 1302 3752; x_wconf 79' lang='grc' dir='ltr'>τρυφῆς,</span> <span class='ocrx_word' id='word_1_395' title='bbox 1354 3673 1696 3730; x_wconf 75' lang='grc' dir='ltr'>ἐπανθοῦσαν</span> <span class='ocrx_word' id='word_1_396' title='bbox 1730 3671 1872 3740; x_wconf 79' lang='grc' dir='ltr'>ἔχων</span> 
     </span>
    </p>
   </div>
   <div class='ocr_carea' id='block_1_69' title="bbox 258 3763 1871 3849">
    <p class='ocr_par' dir='ltr' id='par_1_69' title="bbox 258 3763 1871 3849">
     <span class='ocr_line' id='line_1_69' title="bbox 258 3763 1871 3849; baseline -0.006 -14"><span class='ocrx_word' id='word_1_397' title='bbox 258 3780 387 3848; x_wconf 77' lang='grc' dir='ltr'>οτὴν</span> <span class='ocrx_word' id='word_1_398' title='bbox 431 3777 705 3849; x_wconf 70' lang='grc' dir='ltr'>εΰχροιαν,</span> <span class='ocrx_word' id='word_1_399' title='bbox 749 3775 852 3831; x_wconf 71' lang='grc' dir='ltr'>ὑπὸ</span> <span class='ocrx_word' id='word_1_400' title='bbox 907 3776 1008 3846; x_wconf 79' lang='grc' dir='ltr'>τῆς</span> <span class='ocrx_word' id='word_1_401' title='bbox 1049 3771 1192 3826; x_wconf 82' lang='grc' dir='ltr'>κατὰ</span> <span class='ocrx_word' id='word_1_402' title='bbox 1255 3771 1356 3840; x_wconf 76' lang='grc' dir='ltr'>τὴν</span> <span class='ocrx_word' id='word_1_403' title='bbox 1403 3767 1622 3840; x_wconf 85' lang='grc' dir='ltr'>ἡλικίαν</span> <span class='ocrx_word' id='word_1_404' title='bbox 1682 3763 1871 3846; x_wconf 74' lang='grc' dir='ltr'>ἀκμῆς</span> 
     </span>
    </p>
   </div>
   <div class='ocr_carea' id='block_1_70' title="bbox 292 3857 1866 3942">
    <p class='ocr_par' dir='ltr' id='par_1_70' title="bbox 292 3857 1866 3942">
     <span class='ocr_line' id='line_1_70' title="bbox 292 3857 1866 3942; baseline -0.01 -19"><span class='ocrx_word' id='word_1_405' title='bbox 292 3870 538 3942; x_wconf 75' lang='grc' dir='ltr'>σφριγῶν</span> <span class='ocrx_word' id='word_1_406' title='bbox 570 3870 662 3922; x_wconf 74' lang='grc' dir='ltr'>καὶ</span> <span class='ocrx_word' id='word_1_407' title='bbox 697 3868 946 3929; x_wconf 82' lang='grc' dir='ltr'>σύντονος</span> <span class='ocrx_word' id='word_1_408' title='bbox 975 3865 1074 3919; x_wconf 69' lang='grc' dir='ltr'>καὶ</span> <span class='ocrx_word' id='word_1_409' title='bbox 1107 3862 1483 3923; x_wconf 77' lang='grc' dir='ltr'>ἀνυπόστατος</span> <span class='ocrx_word' id='word_1_410' title='bbox 1517 3858 1616 3930; x_wconf 84' lang='grc' dir='ltr'>τὴν</span> <span class='ocrx_word' id='word_1_411' title='bbox 1651 3857 1832 3928; x_wconf 83' lang='grc' dir='ltr'>ὁρμὴν</span> <span class='ocrx_word' id='word_1_412' title='bbox 1853 3897 1866 3921; x_wconf 94' lang='grc'><strong>,</strong></span> 
     </span>
    </p>
   </div>
   <div class='ocr_carea' id='block_1_71' title="bbox 290 3948 1866 4034">
    <p class='ocr_par' dir='ltr' id='par_1_71' title="bbox 290 3948 1866 4034">
     <span class='ocr_line' id='line_1_71' title="bbox 290 3948 1866 4034; baseline -0.01 -18"><span class='ocrx_word' id='word_1_413' title='bbox 290 3955 478 4034; x_wconf 72' lang='grc' dir='ltr'>αῧριον</span> <span class='ocrx_word' id='word_1_414' title='bbox 507 3964 534 4015; x_wconf 81' lang='grc' dir='ltr'><strong><em>ὁ</em></strong></span> <span class='ocrx_word' id='word_1_415' title='bbox 559 3961 723 4024; x_wconf 77' lang='grc' dir='ltr'>αὐτὸς</span> <span class='ocrx_word' id='word_1_416' title='bbox 741 3953 894 4023; x_wconf 70' lang='grc' dir='ltr'>οὗτος</span> <span class='ocrx_word' id='word_1_417' title='bbox 913 3957 1166 4022; x_wconf 71' lang='grc' dir='ltr'>ἐλεεινὸς,</span> <span class='ocrx_word' id='word_1_418' title='bbox 1187 3955 1220 4026; x_wconf 81' lang='grc' dir='ltr'>ἦ</span> <span class='ocrx_word' id='word_1_419' title='bbox 1251 3953 1327 4026; x_wconf 78' lang='grc' dir='ltr'><strong>τῷ</strong></span> <span class='ocrx_word' id='word_1_420' title='bbox 1349 3953 1528 4024; x_wconf 78' lang='grc' dir='ltr'>χρόνῳ</span> <span class='ocrx_word' id='word_1_421' title='bbox 1547 3948 1866 4022; x_wconf 75' lang='grc' dir='ltr'>μαρανθεὶς,</span> 
     </span>
    </p>
   </div>
   <div class='ocr_carea' id='block_1_72' title="bbox 290 4049 815 4126">
    <p class='ocr_par' dir='ltr' id='par_1_72' title="bbox 290 4049 815 4126">
     <span class='ocr_line' id='line_1_72' title="bbox 290 4049 815 4126; baseline -0.004 -18"><span class='ocrx_word' id='word_1_422' title='bbox 290 4049 322 4125; x_wconf 78' lang='grc' dir='ltr'><strong>ἢ</strong></span> <span class='ocrx_word' id='word_1_423' title='bbox 360 4055 497 4126; x_wconf 81' lang='grc' dir='ltr'>νόσῳ</span> <span class='ocrx_word' id='word_1_424' title='bbox 523 4053 815 4116; x_wconf 81' lang='grc' dir='ltr'>διαλυθείς.</span> 
     </span>
    </p>
   </div>
   <div class='ocr_carea' id='block_1_73' title="bbox 362 4134 1871 4217">
    <p class='ocr_par' dir='ltr' id='par_1_73' title="bbox 362 4134 1871 4217">
     <span class='ocr_line' id='line_1_73' title="bbox 362 4134 1871 4217; baseline -0.009 -16"><span class='ocrx_word' id='word_1_425' title='bbox 362 4147 682 4215; x_wconf 81' lang='grc' dir='ltr'>Θεολόγου.</span> <span class='ocrx_word' id='word_1_426' title='bbox 719 4175 790 4186; x_wconf 92' lang='lat'><em>--</em></span> <span class='ocrx_word' id='word_1_427' title='bbox 811 4144 1027 4217; x_wconf 79' lang='grc' dir='ltr'>Χρυσὸς</span> <span class='ocrx_word' id='word_1_428' title='bbox 1045 4143 1144 4196; x_wconf 71' lang='grc' dir='ltr'>καὶ</span> <span class='ocrx_word' id='word_1_429' title='bbox 1161 4141 1322 4208; x_wconf 82' lang='grc' dir='ltr'>λίθοι,</span> <span class='ocrx_word' id='word_1_430' title='bbox 1354 4138 1449 4193; x_wconf 76' lang='grc' dir='ltr'>καὶ</span> <span class='ocrx_word' id='word_1_431' title='bbox 1469 4136 1742 4207; x_wconf 77' lang='grc' dir='ltr'>τὰτέχνης</span> <span class='ocrx_word' id='word_1_432' title='bbox 1778 4134 1871 4188; x_wconf 79' lang='grc' dir='ltr'>καὶ</span> 
     </span>
    </p>
   </div>
   <div class='ocr_carea' id='block_1_74' title="bbox 289 4229 1870 4312">
    <p class='ocr_par' dir='ltr' id='par_1_74' title="bbox 289 4229 1870 4312">
     <span class='ocr_line' id='line_1_74' title="bbox 289 4229 1870 4312; baseline -0.009 -18"><span class='ocrx_word' id='word_1_433' title='bbox 289 4240 474 4312; x_wconf 77' lang='grc' dir='ltr'>χειρδς</span> <span class='ocrx_word' id='word_1_434' title='bbox 538 4235 870 4311; x_wconf 79' lang='grc' dir='ltr'>ὦραῖσματα</span> <span class='ocrx_word' id='word_1_435' title='bbox 899 4277 914 4301; x_wconf 91' lang='grc'><strong>,</strong></span> <span class='ocrx_word' id='word_1_436' title='bbox 972 4237 1073 4307; x_wconf 78' lang='grc' dir='ltr'>τὴν</span> <span class='ocrx_word' id='word_1_437' title='bbox 1122 4236 1222 4306; x_wconf 77' lang='grc' dir='ltr'>μὲν</span> <span class='ocrx_word' id='word_1_438' title='bbox 1260 4233 1492 4304; x_wconf 82' lang='grc' dir='ltr'>αἰσχρὰν</span> <span class='ocrx_word' id='word_1_439' title='bbox 1541 4231 1754 4300; x_wconf 81' lang='grc' dir='ltr'>ἐλέγχει</span> <span class='ocrx_word' id='word_1_440' title='bbox 1803 4229 1870 4300; x_wconf 81' lang='grc' dir='ltr'><strong>τῇ</strong></span> 
     </span>
    </p>
   </div>
   <div class='ocr_carea' id='block_1_75' title="bbox 290 4320 1872 4402">
    <p class='ocr_par' dir='ltr' id='par_1_75' title="bbox 290 4320 1872 4402">
     <span class='ocr_line' id='line_1_75' title="bbox 290 4320 1872 4402; baseline -0.009 -17"><span class='ocrx_word' id='word_1_441' title='bbox 290 4331 614 4401; x_wconf 82' lang='grc' dir='ltr'>παραθέσει,</span> <span class='ocrx_word' id='word_1_442' title='bbox 645 4334 712 4402; x_wconf 80' lang='grc' dir='ltr'>τῇ</span> <span class='ocrx_word' id='word_1_443' title='bbox 740 4330 880 4399; x_wconf 85' lang='grc' dir='ltr'>καλῇ</span> <span class='ocrx_word' id='word_1_444' title='bbox 903 4322 948 4380; x_wconf 69' lang='grc' dir='ltr'><strong>δ’</strong></span> <span class='ocrx_word' id='word_1_445' title='bbox 983 4329 1042 4380; x_wconf 79' lang='grc' dir='ltr'><strong>ού</strong></span> <span class='ocrx_word' id='word_1_446' title='bbox 1072 4326 1356 4397; x_wconf 77' lang='grc' dir='ltr'>προσθήκη</span> <span class='ocrx_word' id='word_1_447' title='bbox 1381 4359 1396 4387; x_wconf 94' lang='grc'><strong>,</strong></span> <span class='ocrx_word' id='word_1_448' title='bbox 1439 4323 1669 4383; x_wconf 78' lang='grc' dir='ltr'>κάλλους</span> <span class='ocrx_word' id='word_1_449' title='bbox 1699 4320 1872 4392; x_wconf 74' lang='grc' dir='ltr'>ἡττώ-</span> 
     </span>
    </p>
   </div>
   <div class='ocr_carea' id='block_1_76' title="bbox 295 4435 451 4490">
    <p class='ocr_par' dir='ltr' id='par_1_76' title="bbox 295 4435 451 4490">
     <span class='ocr_line' id='line_1_76' title="bbox 295 4435 451 4490; baseline -0.006 -18"><span class='ocrx_word' id='word_1_450' title='bbox 295 4435 451 4490; x_wconf 82' lang='grc' dir='ltr'>μενα.</span> 
     </span>
    </p>
   </div>
   <div class='ocr_carea' id='block_1_77' title="bbox 361 4591 1510 4668">
    <p class='ocr_par' dir='ltr' id='par_1_77' title="bbox 361 4591 1510 4668">
     <span class='ocr_line' id='line_1_77' title="bbox 361 4591 1510 4668; baseline -0.005 -17"><span class='ocrx_word' id='word_1_451' title='bbox 361 4598 573 4660; x_wconf 83' lang='grc' dir='ltr'>Κάλλος</span> <span class='ocrx_word' id='word_1_452' title='bbox 602 4597 787 4668; x_wconf 79' lang='grc' dir='ltr'>νόμιζε</span> <span class='ocrx_word' id='word_1_453' title='bbox 811 4595 908 4667; x_wconf 79' lang='grc' dir='ltr'>τὴν</span> <span class='ocrx_word' id='word_1_454' title='bbox 939 4595 1152 4666; x_wconf 78' lang='grc' dir='ltr'>φρενῶν</span> <span class='ocrx_word' id='word_1_455' title='bbox 1187 4591 1510 4663; x_wconf 82' lang='grc' dir='ltr'>εὐκοσμίαν.</span> 
     </span>
    </p>
   </div>
   <div class='ocr_carea' id='block_1_78' title="bbox 363 4769 1872 4844">
    <p class='ocr_par' dir='ltr' id='par_1_78' title="bbox 363 4769 1872 4844">
     <span class='ocr_line' id='line_1_78' title="bbox 363 4769 1872 4844; baseline -0.004 -17"><span class='ocrx_word' id='word_1_456' title='bbox 363 4773 500 4828; x_wconf 73' lang='grc' dir='ltr'>Οὔτε</span> <span class='ocrx_word' id='word_1_457' title='bbox 528 4769 661 4842; x_wconf 72' lang='grc' dir='ltr'>φλὸξ</span> <span class='ocrx_word' id='word_1_458' title='bbox 690 4775 840 4844; x_wconf 84' lang='grc' dir='ltr'>μένει</span> <span class='ocrx_word' id='word_1_459' title='bbox 878 4774 976 4842; x_wconf 75' lang='grc' dir='ltr'>τῆς</span> <span class='ocrx_word' id='word_1_460' title='bbox 1009 4773 1139 4844; x_wconf 73' lang='grc' dir='ltr'>ὕλης</span> <span class='ocrx_word' id='word_1_461' title='bbox 1168 4771 1599 4842; x_wconf 77' lang='grc' dir='ltr'>ὃαπανηθείσης,</span> <span class='ocrx_word' id='word_1_462' title='bbox 1629 4769 1769 4823; x_wconf 69' lang='grc' dir='ltr'>ἀλλὰ</span> <span class='ocrx_word' id='word_1_463' title='bbox 1796 4771 1872 4839; x_wconf 80' lang='grc' dir='ltr'>τῷ</span> 
     </span>
    </p>
   </div>
   <div class='ocr_carea' id='block_1_79' title="bbox 291 4861 1872 4936">
    <p class='ocr_par' dir='ltr' id='par_1_79' title="bbox 291 4861 1872 4936">
     <span class='ocr_line' id='line_1_79' title="bbox 291 4861 1872 4936; baseline -0.003 -18"><span class='ocrx_word' id='word_1_464' title='bbox 291 4865 581 4919; x_wconf 80' lang='grc' dir='ltr'>ἁνάπτοντι</span> <span class='ocrx_word' id='word_1_465' title='bbox 635 4865 1081 4936; x_wconf 84' lang='grc' dir='ltr'>συναπέρχεται·</span> <span class='ocrx_word' id='word_1_466' title='bbox 1122 4863 1246 4917; x_wconf 72' lang='grc' dir='ltr'>οὔτε</span> <span class='ocrx_word' id='word_1_467' title='bbox 1301 4862 1562 4933; x_wconf 75' lang='grc' dir='ltr'>λογισμὸς</span> <span class='ocrx_word' id='word_1_468' title='bbox 1615 4861 1872 4932; x_wconf 76' lang='grc' dir='ltr'>ἐμπαθὴς</span> 
     </span>
    </p>
   </div>
   <div class='ocr_carea' id='block_1_80' title="bbox 292 4957 1622 5029">
    <p class='ocr_par' dir='ltr' id='par_1_80' title="bbox 292 4957 1622 5029">
     <span class='ocr_line' id='line_1_80' title="bbox 292 4957 1622 5029; baseline 0 -19"><span class='ocrx_word' id='word_1_469' title='bbox 292 4957 582 5027; x_wconf 77' lang='grc' dir='ltr'>ὑφίσταται</span> <span class='ocrx_word' id='word_1_470' title='bbox 622 4958 1024 5029; x_wconf 76' lang='grc' dir='ltr'>μαραινομένου</span> <span class='ocrx_word' id='word_1_471' title='bbox 1054 4957 1147 5010; x_wconf 74' lang='grc' dir='ltr'>τοῦ</span> <span class='ocrx_word' id='word_1_472' title='bbox 1175 4957 1622 5026; x_wconf 80' lang='grc' dir='ltr'>ὑπεκκαύματος.</span> 
     </span>
    </p>
   </div>
   <div class='ocr_carea' id='block_1_81' title="bbox 362 5043 1872 5117">
    <p class='ocr_par' dir='ltr' id='par_1_81' title="bbox 362 5043 1872 5117">
     <span class='ocr_line' id='line_1_81' title="bbox 362 5043 1872 5117; baseline -0.003 -17"><span class='ocrx_word' id='word_1_473' title='bbox 362 5049 452 5117; x_wconf 79' lang='grc' dir='ltr'><strong>Μή</strong></span> <span class='ocrx_word' id='word_1_474' title='bbox 480 5065 538 5100; x_wconf 87' lang='grc' dir='ltr'><strong>σε</strong></span> <span class='ocrx_word' id='word_1_475' title='bbox 565 5048 846 5116; x_wconf 76' lang='grc' dir='ltr'>νικησάτω</span> <span class='ocrx_word' id='word_1_476' title='bbox 877 5047 1108 5108; x_wconf 83' lang='grc' dir='ltr'>κάλλους</span> <span class='ocrx_word' id='word_1_477' title='bbox 1153 5046 1442 5115; x_wconf 77' lang='grc' dir='ltr'>ἐπιθυμία,</span> <span class='ocrx_word' id='word_1_478' title='bbox 1488 5043 1622 5113; x_wconf 74' lang='grc' dir='ltr'>μηδὲ</span> <span class='ocrx_word' id='word_1_479' title='bbox 1671 5061 1733 5096; x_wconf 86' lang='grc' dir='ltr'><strong>συ</strong></span> <span class='ocrx_word' id='word_1_480' title='bbox 1748 5060 1872 5113; x_wconf 67' lang='grc' dir='ltr'>ναρ-</span> 
     </span>
    </p>
   </div>
   <div class='ocr_carea' id='block_1_82' title="bbox 291 5135 1872 5209">
    <p class='ocr_par' dir='ltr' id='par_1_82' title="bbox 291 5135 1872 5209">
     <span class='ocr_line' id='line_1_82' title="bbox 291 5135 1872 5209; baseline -0.001 -19"><span class='ocrx_word' id='word_1_481' title='bbox 291 5139 506 5209; x_wconf 79' lang='grc' dir='ltr'>πασθῇς</span> <span class='ocrx_word' id='word_1_482' title='bbox 533 5141 654 5202; x_wconf 81' lang='grc' dir='ltr'>σοῖς.</span> <span class='ocrx_word' id='word_1_483' title='bbox 675 5138 989 5209; x_wconf 77' lang='grc' dir='ltr'>βλεφάροις,</span> <span class='ocrx_word' id='word_1_484' title='bbox 1020 5139 1067 5190; x_wconf 87' lang='grc' dir='ltr'>εἰ</span> <span class='ocrx_word' id='word_1_485' title='bbox 1098 5137 1346 5201; x_wconf 79' lang='grc' dir='ltr'>δυνατὸν,</span> <span class='ocrx_word' id='word_1_486' title='bbox 1389 5136 1549 5206; x_wconf 73' lang='grc' dir='ltr'>μέχρι</span> <span class='ocrx_word' id='word_1_487' title='bbox 1579 5135 1673 5187; x_wconf 78' lang='grc' dir='ltr'>καὶ</span> <span class='ocrx_word' id='word_1_488' title='bbox 1733 5152 1872 5205; x_wconf 45' lang='grc' dir='ltr'>παρῶ</span> 
     </span>
    </p>
   </div>
   <div class='ocr_carea' id='block_1_83' title="bbox 289 5230 710 5301">
    <p class='ocr_par' dir='ltr' id='par_1_83' title="bbox 289 5230 710 5301">
     <span class='ocr_line' id='line_1_83' title="bbox 289 5230 710 5301; baseline 0 -18"><span class='ocrx_word' id='word_1_489' title='bbox 289 5230 572 5301; x_wconf 75' lang='grc' dir='ltr'>οράμαιος</span> <span class='ocrx_word' id='word_1_490' title='bbox 603 5232 676 5301; x_wconf 86' lang='grc' dir='ltr'><strong>(ο)</strong></span> <span class='ocrx_word' id='word_1_491' title='bbox 695 5257 710 5276; x_wconf 79' lang='grc' dir='ltr'><strong>ι</strong></span> 
     </span>
    </p>
   </div>
   <div class='ocr_carea' id='block_1_84' title="bbox 359 5423 1050 5484">
    <p class='ocr_par' dir='ltr' id='par_1_84' title="bbox 359 5423 1050 5484">
     <span class='ocr_line' id='line_1_84' title="bbox 359 5423 1050 5484; baseline 0 -3"><span class='ocrx_word' id='word_1_492' title='bbox 359 5427 404 5460; x_wconf 80' lang='grc'><strong>³⁷</strong></span> <span class='ocrx_word' id='word_1_493' title='bbox 442 5423 500 5481; x_wconf 90' lang='lat' dir='ltr'><strong>ln</strong></span> <span class='ocrx_word' id='word_1_494' title='bbox 545 5427 710 5484; x_wconf 88' lang='lat' dir='ltr'><strong>Gesn.</strong></span> <span class='ocrx_word' id='word_1_495' title='bbox 740 5427 896 5482; x_wconf 89' lang='lat' dir='ltr'><strong>Stob.</strong></span> <span class='ocrx_word' id='word_1_496' title='bbox 935 5423 1050 5483; x_wconf 87' lang='lat' dir='ltr'><strong>l6l.</strong></span> 
     </span>
    </p>
   </div>
   <div class='ocr_carea' id='block_1_85' title="bbox 1977 3109 2995 3182">
    <p class='ocr_par' dir='ltr' id='par_1_85' title="bbox 1977 3109 2995 3182">
     <span class='ocr_line' id='line_1_85' title="bbox 1977 3109 2995 3182; baseline 0.004 -19"><span class='ocrx_word' id='word_1_497' title='bbox 1977 3109 2204 3180; x_wconf 89' lang='lat' dir='ltr'><strong>piditas,</strong></span> <span class='ocrx_word' id='word_1_498' title='bbox 2236 3127 2342 3166; x_wconf 90' lang='lat' dir='ltr'><strong>nec</strong></span> <span class='ocrx_word' id='word_1_499' title='bbox 2371 3113 2612 3182; x_wconf 89' lang='lat' dir='ltr'><strong>capiaris</strong></span> <span class='ocrx_word' id='word_1_500' title='bbox 2645 3114 2826 3169; x_wconf 91' lang='lat' dir='ltr'><strong>oculis</strong></span> <span class='ocrx_word' id='word_1_501' title='bbox 2862 3113 2995 3170; x_wconf 90' lang='lat' dir='ltr'><strong>tuis.</strong></span> 
     </span>
    </p>
   </div>
   <div class='ocr_carea' id='block_1_86' title="bbox 2047 3199 3567 3275">
    <p class='ocr_par' dir='ltr' id='par_1_86' title="bbox 2047 3199 3567 3275">
     <span class='ocr_line' id='line_1_86' title="bbox 2047 3199 3567 3275; baseline 0.003 -22"><span class='ocrx_word' id='word_1_502' title='bbox 2047 3199 2217 3254; x_wconf 85' lang='lat' dir='ltr'><strong>Eccli.</strong></span> <span class='ocrx_word' id='word_1_503' title='bbox 2250 3217 2325 3266; x_wconf 72' lang='grc' dir='ltr'>ιιι,</span> <span class='ocrx_word' id='word_1_504' title='bbox 2361 3203 2416 3257; x_wconf 87' lang='lat'><strong>2.</strong></span> <span class='ocrx_word' id='word_1_505' title='bbox 2443 3233 2512 3242; x_wconf 98' lang='lat'><strong><em>—</em></strong></span> <span class='ocrx_word' id='word_1_506' title='bbox 2539 3203 2617 3258; x_wconf 79' lang='lat' dir='ltr'><strong>Nc</strong></span> <span class='ocrx_word' id='word_1_507' title='bbox 2643 3204 2963 3261; x_wconf 85' lang='lat' dir='ltr'><strong>laudaveris</strong></span> <span class='ocrx_word' id='word_1_508' title='bbox 3015 3205 3193 3260; x_wconf 90' lang='lat' dir='ltr'><strong>virum</strong></span> <span class='ocrx_word' id='word_1_509' title='bbox 3240 3204 3296 3259; x_wconf 91' lang='lat' dir='ltr'><strong>in</strong></span> <span class='ocrx_word' id='word_1_510' title='bbox 3324 3203 3567 3275; x_wconf 86' lang='lat' dir='ltr'><strong>pulchri-</strong></span> 
     </span>
    </p>
   </div>
   <div class='ocr_carea' id='block_1_87' title="bbox 1980 3287 2346 3360">
    <p class='ocr_par' dir='ltr' id='par_1_87' title="bbox 1980 3287 2346 3360">
     <span class='ocr_line' id='line_1_87' title="bbox 1980 3287 2346 3360; baseline -0.003 -18"><span class='ocrx_word' id='word_1_511' title='bbox 1980 3287 2176 3343; x_wconf 86' lang='lat' dir='ltr'><strong>tudine</strong></span> <span class='ocrx_word' id='word_1_512' title='bbox 2205 3290 2346 3360; x_wconf 83' lang='lat' dir='ltr'><strong>ejus.</strong></span> 
     </span>
    </p>
   </div>
   <div class='ocr_carea' id='block_1_88' title="bbox 2045 3375 3566 3448">
    <p class='ocr_par' dir='ltr' id='par_1_88' title="bbox 2045 3375 3566 3448">
     <span class='ocr_line' id='line_1_88' title="bbox 2045 3375 3566 3448; baseline 0.006 -14"><span class='ocrx_word' id='word_1_513' title='bbox 2045 3375 2214 3435; x_wconf 83' lang='lat' dir='ltr'><strong>Eccli.</strong></span> <span class='ocrx_word' id='word_1_514' title='bbox 2249 3397 2398 3448; x_wconf 76' lang='lat' dir='ltr'><strong>xxvr,</strong></span> <span class='ocrx_word' id='word_1_515' title='bbox 2434 3383 2523 3437; x_wconf 77' lang='lat'><strong>22.</strong></span> <span class='ocrx_word' id='word_1_516' title='bbox 2560 3414 2629 3424; x_wconf 88' lang='lat'><strong>—-</strong></span> <span class='ocrx_word' id='word_1_517' title='bbox 2668 3384 3036 3441; x_wconf 86' lang='lat' dir='ltr'><strong>Pulchritudo</strong></span> <span class='ocrx_word' id='word_1_518' title='bbox 3091 3387 3280 3442; x_wconf 86' lang='lat' dir='ltr'><strong>vultus</strong></span> <span class='ocrx_word' id='word_1_519' title='bbox 3321 3388 3375 3442; x_wconf 89' lang='lat' dir='ltr'><strong>in</strong></span> <span class='ocrx_word' id='word_1_520' title='bbox 3404 3395 3566 3443; x_wconf 67' lang='lat' dir='ltr'><strong>astate</strong></span> 
     </span>
    </p>
   </div>
   <div class='ocr_carea' id='block_1_89' title="bbox 1978 3459 2724 3536">
    <p class='ocr_par' dir='ltr' id='par_1_89' title="bbox 1978 3459 2724 3536">
     <span class='ocr_line' id='line_1_89' title="bbox 1978 3459 2724 3536; baseline 0 -11"><span class='ocrx_word' id='word_1_521' title='bbox 1978 3472 2182 3536; x_wconf 79' lang='lat' dir='ltr'><strong>stabili.</strong></span> <span class='ocrx_word' id='word_1_522' title='bbox 2721 3459 2724 3462; x_wconf 84' lang='grc'><em>’</em></span> 
     </span>
    </p>
   </div>
   <div class='ocr_carea' id='block_1_90' title="bbox 2046 3561 3564 3637">
    <p class='ocr_par' dir='ltr' id='par_1_90' title="bbox 2046 3561 3564 3637">
     <span class='ocr_line' id='line_1_90' title="bbox 2046 3561 3564 3637; baseline 0.003 -22"><span class='ocrx_word' id='word_1_523' title='bbox 2046 3561 2256 3616; x_wconf 78' lang='lat' dir='ltr'><strong>Basilii.</strong></span> <span class='ocrx_word' id='word_1_524' title='bbox 2293 3594 2360 3605; x_wconf 92' lang='lat'><strong>-</strong></span> <span class='ocrx_word' id='word_1_525' title='bbox 2386 3563 2490 3629; x_wconf 83' lang='lat' dir='ltr'><strong>Qui</strong></span> <span class='ocrx_word' id='word_1_526' title='bbox 2525 3565 2693 3620; x_wconf 84' lang='lat' dir='ltr'><strong>hodie</strong></span> <span class='ocrx_word' id='word_1_527' title='bbox 2727 3576 2924 3637; x_wconf 85' lang='lat' dir='ltr'><strong>vegeto</strong></span> <span class='ocrx_word' id='word_1_528' title='bbox 2951 3577 3036 3622; x_wconf 85' lang='lat' dir='ltr'><strong>est</strong></span> <span class='ocrx_word' id='word_1_529' title='bbox 3069 3583 3323 3637; x_wconf 89' lang='lat' dir='ltr'><strong>corpore,</strong></span> <span class='ocrx_word' id='word_1_530' title='bbox 3359 3581 3564 3636; x_wconf 85' lang='lat' dir='ltr'><strong>corpu-</strong></span> 
     </span>
    </p>
   </div>
   <div class='ocr_carea' id='block_1_91' title="bbox 1977 3656 3569 3726">
    <p class='ocr_par' dir='ltr' id='par_1_91' title="bbox 1977 3656 3569 3726">
     <span class='ocr_line' id='line_1_91' title="bbox 1977 3656 3569 3726; baseline 0.002 -15"><span class='ocrx_word' id='word_1_531' title='bbox 1977 3656 2165 3711; x_wconf 86' lang='lat' dir='ltr'><strong>lentus</strong></span> <span class='ocrx_word' id='word_1_532' title='bbox 2203 3671 2320 3726; x_wconf 72' lang='lat' dir='ltr'><strong>prm</strong></span> <span class='ocrx_word' id='word_1_533' title='bbox 2347 3657 2585 3724; x_wconf 87' lang='lat' dir='ltr'><strong>deliciis,</strong></span> <span class='ocrx_word' id='word_1_534' title='bbox 2620 3659 2840 3714; x_wconf 83' lang='lat' dir='ltr'><strong>ﬂorenti</strong></span> <span class='ocrx_word' id='word_1_535' title='bbox 2871 3660 3045 3716; x_wconf 80' lang='lat' dir='ltr'><strong>forma</strong></span> <span class='ocrx_word' id='word_1_536' title='bbox 3095 3676 3161 3716; x_wconf 90' lang='lat' dir='ltr'><strong>ac</strong></span> <span class='ocrx_word' id='word_1_537' title='bbox 3211 3669 3448 3716; x_wconf 88' lang='lat' dir='ltr'><strong>venusto</strong></span> <span class='ocrx_word' id='word_1_538' title='bbox 3476 3676 3569 3715; x_wconf 85' lang='lat' dir='ltr'><strong>co-</strong></span> 
     </span>
    </p>
   </div>
   <div class='ocr_carea' id='block_1_92' title="bbox 1978 3747 3567 3824">
    <p class='ocr_par' dir='ltr' id='par_1_92' title="bbox 1978 3747 3567 3824">
     <span class='ocr_line' id='line_1_92' title="bbox 1978 3747 3567 3824; baseline 0.003 -22"><span class='ocrx_word' id='word_1_539' title='bbox 1978 3747 2116 3814; x_wconf 82' lang='lat' dir='ltr'><strong>lore,</strong></span> <span class='ocrx_word' id='word_1_540' title='bbox 2155 3749 2226 3803; x_wconf 90' lang='lat' dir='ltr'><strong>ob</strong></span> <span class='ocrx_word' id='word_1_541' title='bbox 2258 3750 2439 3805; x_wconf 61' lang='lat' dir='ltr'><strong>aetatis</strong></span> <span class='ocrx_word' id='word_1_542' title='bbox 2480 3752 2727 3822; x_wconf 77' lang='lat' dir='ltr'><strong>vigorem</strong></span> <span class='ocrx_word' id='word_1_543' title='bbox 2795 3753 3068 3808; x_wconf 78' lang='lat' dir='ltr'><strong>lascivens</strong></span> <span class='ocrx_word' id='word_1_544' title='bbox 3118 3761 3476 3824; x_wconf 81' lang='lat' dir='ltr'><strong>turgensque.</strong></span> <span class='ocrx_word' id='word_1_545' title='bbox 3511 3763 3567 3808; x_wconf 88' lang='lat' dir='ltr'><strong>et</strong></span> 
     </span>
    </p>
   </div>
   <div class='ocr_carea' id='block_1_93' title="bbox 1979 3841 3568 3913">
    <p class='ocr_par' dir='ltr' id='par_1_93' title="bbox 1979 3841 3568 3913">
     <span class='ocr_line' id='line_1_93' title="bbox 1979 3841 3568 3913; baseline 0.004 -21"><span class='ocrx_word' id='word_1_546' title='bbox 1979 3846 2220 3904; x_wconf 88' lang='lat' dir='ltr'><strong>torosus,</strong></span> <span class='ocrx_word' id='word_1_547' title='bbox 2247 3855 2310 3894; x_wconf 89' lang='lat' dir='ltr'><strong>ac</strong></span> <span class='ocrx_word' id='word_1_548' title='bbox 2350 3841 2512 3911; x_wconf 90' lang='lat' dir='ltr'><strong>cujus</strong></span> <span class='ocrx_word' id='word_1_549' title='bbox 2541 3857 2702 3897; x_wconf 90' lang='lat' dir='ltr'><strong>nemo</strong></span> <span class='ocrx_word' id='word_1_550' title='bbox 2727 3843 2994 3913; x_wconf 87' lang='lat' dir='ltr'><strong>impetum</strong></span> <span class='ocrx_word' id='word_1_551' title='bbox 3023 3844 3198 3909; x_wconf 79' lang='lat' dir='ltr'><strong>ferat;</strong></span> <span class='ocrx_word' id='word_1_552' title='bbox 3235 3843 3281 3898; x_wconf 88' lang='lat' dir='ltr'><strong>is</strong></span> <span class='ocrx_word' id='word_1_553' title='bbox 3307 3844 3422 3913; x_wconf 89' lang='lat' dir='ltr'><strong>ipse</strong></span> <span class='ocrx_word' id='word_1_554' title='bbox 3445 3859 3568 3898; x_wconf 83' lang='lat' dir='ltr'><strong>cras</strong></span> 
     </span>
    </p>
   </div>
   <div class='ocr_carea' id='block_1_94' title="bbox 1978 3931 3564 4005">
    <p class='ocr_par' dir='ltr' id='par_1_94' title="bbox 1978 3931 3564 4005">
     <span class='ocr_line' id='line_1_94' title="bbox 1978 3931 3564 4005; baseline 0.002 -20"><span class='ocrx_word' id='word_1_555' title='bbox 1978 3931 2315 3989; x_wconf 82' lang='lat' dir='ltr'><strong>miserabilis</strong></span> <span class='ocrx_word' id='word_1_556' title='bbox 2338 3933 2468 3999; x_wconf 90' lang='lat' dir='ltr'><strong>erit,</strong></span> <span class='ocrx_word' id='word_1_557' title='bbox 2495 3933 2580 3988; x_wconf 79' lang='lat' dir='ltr'><strong>vel</strong></span> <span class='ocrx_word' id='word_1_558' title='bbox 2629 3944 2876 4005; x_wconf 89' lang='lat' dir='ltr'><strong>tempore</strong></span> <span class='ocrx_word' id='word_1_559' title='bbox 2921 3933 3099 3991; x_wconf 81' lang='lat' dir='ltr'><strong>factus</strong></span> <span class='ocrx_word' id='word_1_560' title='bbox 3147 3935 3447 3999; x_wconf 84' lang='lat' dir='ltr'><strong>marcidus,</strong></span> <span class='ocrx_word' id='word_1_561' title='bbox 3481 3937 3564 3989; x_wconf 75' lang='lat' dir='ltr'><strong>vel</strong></span> 
     </span>
    </p>
   </div>
   <div class='ocr_carea' id='block_1_95' title="bbox 1979 4024 2546 4082">
    <p class='ocr_par' dir='ltr' id='par_1_95' title="bbox 1979 4024 2546 4082">
     <span class='ocr_line' id='line_1_95' title="bbox 1979 4024 2546 4082; baseline 0.002 -4"><span class='ocrx_word' id='word_1_562' title='bbox 1979 4025 2177 4082; x_wconf 88' lang='lat' dir='ltr'><strong>morbo</strong></span> <span class='ocrx_word' id='word_1_563' title='bbox 2212 4024 2546 4082; x_wconf 86' lang='lat' dir='ltr'><strong>dissolutus.</strong></span> 
     </span>
    </p>
   </div>
   <div class='ocr_carea' id='block_1_96' title="bbox 2052 4117 3565 4189">
    <p class='ocr_par' dir='ltr' id='par_1_96' title="bbox 2052 4117 3565 4189">
     <span class='ocr_line' id='line_1_96' title="bbox 2052 4117 3565 4189; baseline -0.001 -18"><span class='ocrx_word' id='word_1_564' title='bbox 2052 4117 2316 4189; x_wconf 84' lang='lat' dir='ltr'><strong>Theologi.</strong></span> <span class='ocrx_word' id='word_1_565' title='bbox 2344 4118 2660 4183; x_wconf 83' lang='lat' dir='ltr'><strong>-—-Aurum,</strong></span> <span class='ocrx_word' id='word_1_566' title='bbox 2686 4117 2884 4188; x_wconf 88' lang='lat' dir='ltr'><strong>lapilli,</strong></span> <span class='ocrx_word' id='word_1_567' title='bbox 2923 4117 3252 4188; x_wconf 87' lang='lat' dir='ltr'><strong>reliquaque</strong></span> <span class='ocrx_word' id='word_1_568' title='bbox 3275 4118 3565 4172; x_wconf 84' lang='lat' dir='ltr'><strong>hominum</strong></span> 
     </span>
    </p>
   </div>
   <div class='ocr_carea' id='block_1_97' title="bbox 1979 4207 3567 4278">
    <p class='ocr_par' dir='ltr' id='par_1_97' title="bbox 1979 4207 3567 4278">
     <span class='ocr_line' id='line_1_97' title="bbox 1979 4207 3567 4278; baseline 0.001 -18"><span class='ocrx_word' id='word_1_569' title='bbox 1979 4207 2116 4262; x_wconf 88' lang='lat' dir='ltr'><strong>artis</strong></span> <span class='ocrx_word' id='word_1_570' title='bbox 2149 4224 2457 4278; x_wconf 89' lang='lat' dir='ltr'><strong>manusque</strong></span> <span class='ocrx_word' id='word_1_571' title='bbox 2485 4217 2836 4271; x_wconf 85' lang='lat' dir='ltr'><strong>ornamenta,</strong></span> <span class='ocrx_word' id='word_1_572' title='bbox 2903 4209 3177 4272; x_wconf 88' lang='lat' dir='ltr'><strong>mulieris,</strong></span> <span class='ocrx_word' id='word_1_573' title='bbox 3232 4224 3354 4278; x_wconf 73' lang='lat' dir='ltr'><strong>qua:</strong></span> <span class='ocrx_word' id='word_1_574' title='bbox 3391 4208 3567 4277; x_wconf 85' lang='lat' dir='ltr'><strong>turpis</strong></span> 
     </span>
    </p>
   </div>
   <div class='ocr_carea' id='block_1_98' title="bbox 1979 4299 3564 4368">
    <p class='ocr_par' dir='ltr' id='par_1_98' title="bbox 1979 4299 3564 4368">
     <span class='ocr_line' id='line_1_98' title="bbox 1979 4299 3564 4368; baseline -0.001 -14"><span class='ocrx_word' id='word_1_575' title='bbox 1979 4300 2052 4354; x_wconf 83' lang='lat' dir='ltr'><strong>sit</strong></span> <span class='ocrx_word' id='word_1_576' title='bbox 2095 4309 2153 4354; x_wconf 91' lang='lat' dir='ltr'><strong>et</strong></span> <span class='ocrx_word' id='word_1_577' title='bbox 2176 4300 2491 4365; x_wconf 87' lang='lat' dir='ltr'><strong>invenusta,</strong></span> <span class='ocrx_word' id='word_1_578' title='bbox 2552 4300 2639 4355; x_wconf 90' lang='lat' dir='ltr'><strong>sui</strong></span> <span class='ocrx_word' id='word_1_579' title='bbox 2677 4301 3095 4368; x_wconf 88' lang='lat' dir='ltr'><strong>comparatione</strong></span> <span class='ocrx_word' id='word_1_580' title='bbox 3155 4299 3564 4355; x_wconf 83' lang='lat' dir='ltr'><strong>deformitatem</strong></span> 
     </span>
    </p>
   </div>
   <div class='ocr_carea' id='block_1_99' title="bbox 1903 4383 3570 4466">
    <p class='ocr_par' dir='ltr' id='par_1_99' title="bbox 1903 4383 3570 4466">
     <span class='ocr_line' id='line_1_99' title="bbox 1903 4383 3570 4466; baseline 0.001 -22"><span class='ocrx_word' id='word_1_581' title='bbox 1903 4383 1950 4438; x_wconf 77' lang='grc' dir='ltr'><strong>Β</strong></span> <span class='ocrx_word' id='word_1_582' title='bbox 1978 4391 2257 4461; x_wconf 88' lang='lat' dir='ltr'><strong>produnt;</strong></span> <span class='ocrx_word' id='word_1_583' title='bbox 2291 4391 2551 4446; x_wconf 64' lang='lat' dir='ltr'><strong>formosa:</strong></span> <span class='ocrx_word' id='word_1_584' title='bbox 2577 4405 2707 4446; x_wconf 87' lang='lat' dir='ltr'><strong>vero</strong></span> <span class='ocrx_word' id='word_1_585' title='bbox 2742 4391 2879 4445; x_wconf 90' lang='lat' dir='ltr'><strong>nihil</strong></span> <span class='ocrx_word' id='word_1_586' title='bbox 2899 4390 3121 4466; x_wconf 85' lang='lat' dir='ltr'><strong>decoris</strong></span> <span class='ocrx_word' id='word_1_587' title='bbox 3155 4389 3389 4456; x_wconf 85' lang='lat' dir='ltr'><strong>addunt,</strong></span> <span class='ocrx_word' id='word_1_588' title='bbox 3410 4392 3570 4461; x_wconf 80' lang='lat' dir='ltr'><strong>cujus</strong></span> 
     </span>
    </p>
   </div>
   <div class='ocr_carea' id='block_1_100' title="bbox 1979 4483 2508 4548">
    <p class='ocr_par' dir='ltr' id='par_1_100' title="bbox 1979 4483 2508 4548">
     <span class='ocr_line' id='line_1_100' title="bbox 1979 4483 2508 4548; baseline 0.004 -13"><span class='ocrx_word' id='word_1_589' title='bbox 1979 4483 2254 4538; x_wconf 88' lang='lat' dir='ltr'><strong>venustati</strong></span> <span class='ocrx_word' id='word_1_590' title='bbox 2288 4483 2508 4548; x_wconf 81' lang='lat' dir='ltr'><strong>cedant.</strong></span> 
     </span>
    </p>
   </div>
   <div class='ocr_carea' id='block_1_101' title="bbox 2053 4574 3570 4641">
    <p class='ocr_par' dir='ltr' id='par_1_101' title="bbox 2053 4574 3570 4641">
     <span class='ocr_line' id='line_1_101' title="bbox 2053 4574 3570 4641; baseline -0.002 -11"><span class='ocrx_word' id='word_1_591' title='bbox 2053 4576 2535 4631; x_wconf 64' lang='lat' dir='ltr'><strong>Pulchritudiném</strong></span> <span class='ocrx_word' id='word_1_592' title='bbox 2559 4576 2841 4641; x_wconf 79' lang='lat' dir='ltr'><strong>existima,</strong></span> <span class='ocrx_word' id='word_1_593' title='bbox 2875 4575 3045 4630; x_wconf 86' lang='lat' dir='ltr'><strong>animi</strong></span> <span class='ocrx_word' id='word_1_594' title='bbox 3090 4583 3346 4629; x_wconf 87' lang='lat' dir='ltr'><strong>ornatum</strong></span> <span class='ocrx_word' id='word_1_595' title='bbox 3380 4592 3443 4629; x_wconf 89' lang='lat' dir='ltr'><strong>ac</strong></span> <span class='ocrx_word' id='word_1_596' title='bbox 3470 4574 3570 4628; x_wconf 86' lang='lat' dir='ltr'><strong>de-</strong></span> 
     </span>
    </p>
   </div>
   <div class='ocr_carea' id='block_1_102' title="bbox 1980 4653 3198 4722">
    <p class='ocr_par' dir='ltr' id='par_1_102' title="bbox 1980 4653 3198 4722">
     <span class='ocr_line' id='line_1_102' title="bbox 1980 4653 3198 4722; baseline 0 0"><span class='ocrx_word' id='word_1_597' title='bbox 1980 4667 2241 4722; x_wconf 89' lang='lat' dir='ltr'><strong>centiam.</strong></span> <span class='ocrx_word' id='word_1_598' title='bbox 2694 4673 2698 4676; x_wconf 88' lang='grc'><strong>’</strong></span> <span class='ocrx_word' id='word_1_599' title='bbox 3195 4653 3198 4656; x_wconf 20' lang='grc' dir='ltr'><strong>ί</strong></span> 
     </span>
    </p>
   </div>
   <div class='ocr_carea' id='block_1_103' title="bbox 2049 4763 3567 4838">
    <p class='ocr_par' dir='ltr' id='par_1_103' title="bbox 2049 4763 3567 4838">
     <span class='ocr_line' id='line_1_103' title="bbox 2049 4763 3567 4838; baseline -0.001 -18"><span class='ocrx_word' id='word_1_600' title='bbox 2049 4764 2162 4820; x_wconf 84' lang='lat' dir='ltr'><strong>Nec</strong></span> <span class='ocrx_word' id='word_1_601' title='bbox 2191 4763 2411 4819; x_wconf 83' lang='lat' dir='ltr'><strong>ﬂamma</strong></span> <span class='ocrx_word' id='word_1_602' title='bbox 2437 4777 2624 4821; x_wconf 76' lang='lat' dir='ltr'><strong>llltlllCl</strong></span> <span class='ocrx_word' id='word_1_603' title='bbox 2644 4777 2980 4838; x_wconf 88' lang='lat' dir='ltr'><strong>consumpta</strong></span> <span class='ocrx_word' id='word_1_604' title='bbox 3000 4767 3255 4830; x_wconf 87' lang='lat' dir='ltr'><strong>materia,</strong></span> <span class='ocrx_word' id='word_1_605' title='bbox 3287 4765 3382 4820; x_wconf 87' lang='lat' dir='ltr'><strong>sed</strong></span> <span class='ocrx_word' id='word_1_606' title='bbox 3405 4765 3567 4820; x_wconf 88' lang='lat' dir='ltr'><strong>simul</strong></span> 
     </span>
    </p>
   </div>
   <div class='ocr_carea' id='block_1_104' title="bbox 1982 4856 3573 4930">
    <p class='ocr_par' dir='ltr' id='par_1_104' title="bbox 1982 4856 3573 4930">
     <span class='ocr_line' id='line_1_104' title="bbox 1982 4856 3573 4930; baseline 0.001 -19"><span class='ocrx_word' id='word_1_607' title='bbox 1982 4871 2106 4911; x_wconf 86' lang='lat' dir='ltr'><strong>cum</strong></span> <span class='ocrx_word' id='word_1_608' title='bbox 2141 4856 2386 4911; x_wconf 79' lang='lat' dir='ltr'><strong>fomento</strong></span> <span class='ocrx_word' id='word_1_609' title='bbox 2418 4875 2522 4912; x_wconf 90' lang='lat' dir='ltr'><strong>suo</strong></span> <span class='ocrx_word' id='word_1_610' title='bbox 2550 4859 2874 4925; x_wconf 88' lang='lat' dir='ltr'><strong>evanescit;</strong></span> <span class='ocrx_word' id='word_1_611' title='bbox 2932 4876 3035 4915; x_wconf 89' lang='lat' dir='ltr'><strong>nec</strong></span> <span class='ocrx_word' id='word_1_612' title='bbox 3082 4859 3382 4914; x_wconf 85' lang='lat' dir='ltr'><strong>libidinosa</strong></span> <span class='ocrx_word' id='word_1_613' title='bbox 3424 4859 3573 4930; x_wconf 81' lang='lat' dir='ltr'><strong>cogi-</strong></span> 
     </span>
    </p>
   </div>
   <div class='ocr_carea' id='block_1_105' title="bbox 1985 4948 3326 5012">
    <p class='ocr_par' dir='ltr' id='par_1_105' title="bbox 1985 4948 3326 5012">
     <span class='ocr_line' id='line_1_105' title="bbox 1985 4948 3326 5012; baseline 0.004 -11"><span class='ocrx_word' id='word_1_614' title='bbox 1985 4948 2121 5002; x_wconf 85' lang='lat' dir='ltr'><strong>tatio</strong></span> <span class='ocrx_word' id='word_1_615' title='bbox 2145 4949 2424 5012; x_wconf 87' lang='lat' dir='ltr'><strong>consistit,</strong></span> <span class='ocrx_word' id='word_1_616' title='bbox 2444 4949 2596 5003; x_wconf 89' lang='lat' dir='ltr'><strong>illius</strong></span> <span class='ocrx_word' id='word_1_617' title='bbox 2621 4960 3031 5006; x_wconf 86' lang='lat' dir='ltr'><strong>emareeseentc</strong></span> <span class='ocrx_word' id='word_1_618' title='bbox 3061 4951 3326 5007; x_wconf 79' lang='lat' dir='ltr'><strong>fomento.</strong></span> 
     </span>
    </p>
   </div>
   <div class='ocr_carea' id='block_1_106' title="bbox 2058 5040 3570 5114">
    <p class='ocr_par' dir='ltr' id='par_1_106' title="bbox 2058 5040 3570 5114">
     <span class='ocr_line' id='line_1_106' title="bbox 2058 5040 3570 5114; baseline 0.003 -20"><span class='ocrx_word' id='word_1_619' title='bbox 2058 5040 2212 5095; x_wconf 86' lang='lat' dir='ltr'><strong>Prov.</strong></span> <span class='ocrx_word' id='word_1_620' title='bbox 2246 5059 2318 5105; x_wconf 74' lang='lat' dir='ltr'><strong>vi,</strong></span> <span class='ocrx_word' id='word_1_621' title='bbox 2343 5043 2433 5095; x_wconf 76' lang='lat'><strong>23.</strong></span> <span class='ocrx_word' id='word_1_622' title='bbox 2462 5073 2528 5084; x_wconf 73' lang='grc' dir='ltr'><strong>ο·-</strong></span> <span class='ocrx_word' id='word_1_623' title='bbox 2553 5043 2628 5096; x_wconf 77' lang='lat' dir='ltr'><strong>Ne</strong></span> <span class='ocrx_word' id='word_1_624' title='bbox 2659 5053 2708 5098; x_wconf 86' lang='lat' dir='ltr'><strong>te</strong></span> <span class='ocrx_word' id='word_1_625' title='bbox 2735 5045 2920 5098; x_wconf 81' lang='lat' dir='ltr'><strong>vincat</strong></span> <span class='ocrx_word' id='word_1_626' title='bbox 2954 5044 3143 5098; x_wconf 48' lang='lat' dir='ltr'><strong>forma.)</strong></span> <span class='ocrx_word' id='word_1_627' title='bbox 3168 5044 3570 5114; x_wconf 53' lang='lat' dir='ltr'><strong>concupisccu‘</strong></span> 
     </span>
    </p>
   </div>
   <div class='ocr_carea' id='block_1_107' title="bbox 1984 5133 3567 5207">
    <p class='ocr_par' dir='ltr' id='par_1_107' title="bbox 1984 5133 3567 5207">
     <span class='ocr_line' id='line_1_107' title="bbox 1984 5133 3567 5207; baseline 0.003 -23"><span class='ocrx_word' id='word_1_628' title='bbox 1984 5133 2078 5195; x_wconf 89' lang='lat' dir='ltr'><strong>tia,</strong></span> <span class='ocrx_word' id='word_1_629' title='bbox 2121 5149 2224 5186; x_wconf 89' lang='lat' dir='ltr'><strong>nec</strong></span> <span class='ocrx_word' id='word_1_630' title='bbox 2270 5135 2558 5203; x_wconf 74' lang='lat' dir='ltr'><strong>arripiaris</strong></span> <span class='ocrx_word' id='word_1_631' title='bbox 2610 5137 3051 5206; x_wconf 62' lang='lat' dir='ltr'><strong>j&#39;mlpebristuis,</strong></span> <span class='ocrx_word' id='word_1_632' title='bbox 3104 5139 3148 5192; x_wconf 87' lang='lat' dir='ltr'><strong>si</strong></span> <span class='ocrx_word' id='word_1_633' title='bbox 3193 5137 3313 5192; x_wconf 86' lang='lat' dir='ltr'><strong>lieri</strong></span> <span class='ocrx_word' id='word_1_634' title='bbox 3367 5145 3567 5207; x_wconf 83' lang='lat' dir='ltr'><strong>potest,</strong></span> 
     </span>
    </p>
   </div>
   <div class='ocr_carea' id='block_1_108' title="bbox 1981 5223 3570 5298">
    <p class='ocr_par' dir='ltr' id='par_1_108' title="bbox 1981 5223 3570 5298">
     <span class='ocr_line' id='line_1_108' title="bbox 1981 5223 3570 5298; baseline 0.006 -22"><span class='ocrx_word' id='word_1_635' title='bbox 1981 5223 2144 5294; x_wconf 57' lang='lat'><strong>6&amp;0</strong></span> <span class='ocrx_word' id='word_1_636' title='bbox 2164 5241 2232 5279; x_wconf 89' lang='lat' dir='ltr'><strong>ne</strong></span> <span class='ocrx_word' id='word_1_637' title='bbox 2264 5227 2330 5278; x_wconf 87' lang='lat' dir='ltr'><strong>ad</strong></span> <span class='ocrx_word' id='word_1_638' title='bbox 2365 5228 2652 5282; x_wconf 85' lang='lat' dir='ltr'><strong>minimum</strong></span> <span class='ocrx_word' id='word_1_639' title='bbox 2674 5238 2728 5282; x_wconf 81' lang='lat' dir='ltr'><strong>et</strong></span> <span class='ocrx_word' id='word_1_640' title='bbox 2757 5231 2913 5298; x_wconf 71' lang='lat' dir='ltr'><strong>quasi</strong></span> <span class='ocrx_word' id='word_1_641' title='bbox 2943 5229 3372 5284; x_wconf 78' lang='lat' dir='ltr'><strong>conniventibus</strong></span> <span class='ocrx_word' id='word_1_642' title='bbox 3395 5230 3570 5285; x_wconf 78' lang='lat' dir='ltr'><strong>oculis</strong></span> 
     </span>
    </p>
   </div>
   <div class='ocr_carea' id='block_1_109' title="bbox 1982 5316 2259 5370">
    <p class='ocr_par' dir='ltr' id='par_1_109' title="bbox 1982 5316 2259 5370">
     <span class='ocr_line' id='line_1_109' title="bbox 1982 5316 2259 5370; baseline 0.014 -4"><span class='ocrx_word' id='word_1_643' title='bbox 1982 5316 2259 5370; x_wconf 79' lang='lat' dir='ltr'><strong>obtutum.</strong></span> 
     </span>
    </p>
   </div>
   <div class='ocr_carea' id='block_1_110' title="bbox 1801 5519 2028 5577">
    <p class='ocr_par' dir='ltr' id='par_1_110' title="bbox 1801 5519 2028 5577">
     <span class='ocr_line' id='line_1_110' title="bbox 1801 5519 2028 5577; baseline 0.009 -5"><span class='ocrx_word' id='word_1_644' title='bbox 1801 5519 2028 5577; x_wconf 69' lang='grc' dir='ltr'><strong>ΝΟΤΛΞ.</strong></span> 
     </span>
    </p>
   </div>
   <div class='ocr_carea' id='block_1_111' title="bbox 364 5613 1868 5684">
    <p class='ocr_par' dir='ltr' id='par_1_111' title="bbox 364 5613 1868 5684">
     <span class='ocr_line' id='line_1_111' title="bbox 364 5613 1868 5684; baseline -0.001 -17"><span class='ocrx_word' id='word_1_645' title='bbox 364 5616 438 5684; x_wconf 86' lang='grc' dir='ltr'>(ο)</span> <span class='ocrx_word' id='word_1_646' title='bbox 463 5617 645 5684; x_wconf 73' lang='grc' dir='ltr'>Μέχρι</span> <span class='ocrx_word' id='word_1_647' title='bbox 685 5617 778 5669; x_wconf 70' lang='grc' dir='ltr'><strong>καί</strong></span> <span class='ocrx_word' id='word_1_648' title='bbox 814 5614 1251 5682; x_wconf 65' lang='grc' dir='ltr'>παροράμιιτος.</span> <span class='ocrx_word' id='word_1_649' title='bbox 1289 5613 1356 5668; x_wconf 69' lang='lat' dir='ltr'><strong>[It</strong></span> <span class='ocrx_word' id='word_1_650' title='bbox 1392 5613 1474 5665; x_wconf 78' lang='lat' dir='ltr'><strong>vel</strong></span> <span class='ocrx_word' id='word_1_651' title='bbox 1497 5613 1686 5684; x_wconf 75' lang='lat' dir='ltr'><strong>saltem</strong></span> <span class='ocrx_word' id='word_1_652' title='bbox 1721 5613 1868 5684; x_wconf 83' lang='lat' dir='ltr'><strong>limis</strong></span> 
     </span>
    </p>
   </div>
   <div class='ocr_carea' id='block_1_112' title="bbox 290 5682 1855 5765">
    <p class='ocr_par' dir='ltr' id='par_1_112' title="bbox 290 5682 1855 5765">
     <span class='ocr_line' id='line_1_112' title="bbox 290 5682 1855 5765; baseline -0.004 -22"><span class='ocrx_word' id='word_1_653' title='bbox 290 5682 471 5743; x_wconf 80' lang='lat' dir='ltr'><strong>oculis</strong></span> <span class='ocrx_word' id='word_1_654' title='bbox 492 5682 757 5757; x_wconf 36' lang='lat' dir='ltr'><strong>aut—quasi</strong></span> <span class='ocrx_word' id='word_1_655' title='bbox 798 5686 1225 5765; x_wconf 76' lang='lat' dir='ltr'><strong>conniventibus</strong></span> <span class='ocrx_word' id='word_1_656' title='bbox 1263 5683 1533 5754; x_wconf 75' lang='lat' dir='ltr'><strong>aspicias:</strong></span> <span class='ocrx_word' id='word_1_657' title='bbox 1577 5682 1654 5739; x_wconf 84' lang='lat' dir='ltr'><strong>sic</strong></span> <span class='ocrx_word' id='word_1_658' title='bbox 1707 5683 1855 5738; x_wconf 89' lang='lat' dir='ltr'><strong>enim</strong></span> 
     </span>
    </p>
   </div>
   <div class='ocr_carea' id='block_1_113' title="bbox 1979 5615 3562 5682">
    <p class='ocr_par' dir='ltr' id='par_1_113' title="bbox 1979 5615 3562 5682">
     <span class='ocr_line' id='line_1_113' title="bbox 1979 5615 3562 5682; baseline 0.005 -14"><span class='ocrx_word' id='word_1_659' title='bbox 1979 5615 2164 5670; x_wconf 82' lang='lat' dir='ltr'><strong>Patres</strong></span> <span class='ocrx_word' id='word_1_660' title='bbox 2196 5618 2465 5672; x_wconf 76' lang='lat' dir='ltr'><strong>castitatis</strong></span> <span class='ocrx_word' id='word_1_661' title='bbox 2499 5617 3003 5682; x_wconf 73' lang='lat' dir='ltr'><strong>observantissimi,</strong></span> <span class='ocrx_word' id='word_1_662' title='bbox 3051 5639 3321 5678; x_wconf 78' lang='lat' dir='ltr'><strong>summam</strong></span> <span class='ocrx_word' id='word_1_663' title='bbox 3375 5623 3562 5676; x_wconf 73' lang='lat' dir='ltr'><strong>ncillo-</strong></span> 
     </span>
    </p>
   </div>
   <div class='ocr_carea' id='block_1_114' title="bbox 1967 5688 3562 5764">
    <p class='ocr_par' dir='ltr' id='par_1_114' title="bbox 1967 5688 3562 5764">
     <span class='ocr_line' id='line_1_114' title="bbox 1967 5688 3562 5764; baseline 0.006 -26"><span class='ocrx_word' id='word_1_664' title='bbox 1967 5701 2090 5742; x_wconf 87' lang='lat' dir='ltr'><strong>rum</strong></span> <span class='ocrx_word' id='word_1_665' title='bbox 2147 5688 2374 5759; x_wconf 77' lang='lat' dir='ltr'><strong>exigunt</strong></span> <span class='ocrx_word' id='word_1_666' title='bbox 2405 5689 2835 5762; x_wconf 84' lang='lat' dir='ltr'><strong>continentiam,</strong></span> <span class='ocrx_word' id='word_1_667' title='bbox 2887 5692 3036 5762; x_wconf 84' lang='lat' dir='ltr'><strong>quod</strong></span> <span class='ocrx_word' id='word_1_668' title='bbox 3091 5709 3192 5764; x_wconf 82' lang='lat' dir='ltr'><strong>per</strong></span> <span class='ocrx_word' id='word_1_669' title='bbox 3246 5706 3341 5750; x_wconf 84' lang='lat' dir='ltr'><strong>cos</strong></span> <span class='ocrx_word' id='word_1_670' title='bbox 3399 5693 3562 5749; x_wconf 72' lang='lat' dir='ltr'><strong>facile</strong></span> 
     </span>
    </p>
   </div>
  </div>
