3990 6176
308 206 409 276 937

1617 189 1786 257 LOCI
1826 169 2256 256 COMMUNES.

3436 173 3538 236 99.3

303 321 572 395 γενομένη
605 316 732 384 δόξα
765 313 860 369 καὶ
897 309 1204 366 δυναστεία.
1227 307 1338 363 Καὶ
1359 306 1612 379 καθάπερ
1634 307 1726 360 τοῦ
1755 307 1878 377 χόρ-

2031 319 2102 357 me
2128 301 2204 354 illi
2238 296 2409 370 gloria
2433 309 2496 350 ac
2517 291 2763 364 potentia
2789 287 3077 344 accedunt.
3110 289 3186 341 Ac
3215 287 3378 351 sicut,
3415 287 3543 342 leno

301 382 396 470 του
436 382 857 484 ξηραινομένου,
915 403 976 456 τὸ
1029 401 1189 464 ἄνθος
1237 401 1534 454 ἐκπίπτειο
1589 398 1733 452 οὕτω
1780 397 1876 450 τοῦ

2031 398 2375 454 (arescente,
2420 386 2521 442 ﬂos
2571 384 2809 450 decidit;
2865 382 2946 436 sic
2998 390 3172 436 morte
3230 382 3544 459 incessente

302 475 537 561 θανάτου
562 475 1007 568 τοῖς-ἀνθρώποις
1041 495 1311 557 ἐπιόντος,
1342 493 1376 560 ἡ
1408 489 1696 544 δυναστεία
1725 489 1821 544 καὶ
1845 489 1880 558 ὴ

2031 483 2346 554 ιειὶιιειιὶιιιι·
2370 477 2636 549 quidquid
2673 477 2924 530 humanae
2961 475 3217 544 potentia:
3241 489 3302 529 ac
3331 475 3549 530 clarita-

305 595 684 667 ύπερηφὰνεια
725 588 1030 643 σϐέννυται.

378 683 719 753 Πλουτάρχ.
743 680 900 733 -Τὰ
955 680 1055 749 μὲν
1091 676 1235 747 φυτὰ
1258 674 1366 729 ἀπὸ
1397 675 1496 744 τῆς
1530 672 1710 744 ῥίζης,
1758 673 1793 742 ὴ
1825 671 1882 724 δὲ

309 775 458 842 δόξα,
490 775 598 828 ἀπὸ
622 773 722 842 τῆς
756 769 978 841 πρώτης
1008 766 1224 838 λήψεως
1254 763 1429 829 αὔξει.

370 868 575 930 οΟύδεὶς
604 862 904 935 φροντίζων
932 859 1090 930 δόξης
1120 848 1352 926 ἁῨαθῆς,
1388 853 1584 923 γένοιτ’
1630 851 1696 906 ἂν
1747 851 1884 922 ἀνὴρ

314 961 519 1033 φαῦλος
543 974 557 986 °
593 956 758 1010 καλὸν
781 954 860 1018 δὲ,
896 951 1014 1006 ἀντὶ
1041 947 1302 1020 βραχείας
1335 943 1686 1008 ἀπολαύσεως
1723 942 1888 997 ἀλλά-

316 1051 514 1118 ξασθαι
543 1049 703 1113 δόξαν
729 1044 969 1100 αἰώνιον.

396 1220 846 1291 ’Δριστοτέλ.-
883 1215 1127 1284 Ἀξίωμα
1181 1210 1437 1283 μέγιστόν
1490 1210 1660 1276 ἐστιν,
1719 1209 1778 1262 ού
1829 1208 1890 1261 τὸ

1984 575 2055 629 tis
2086 572 2319 628 exsistit.

2053 664 2330 717 Plutarch.
2361 691 2429 704 —-
2463 659 2740 729 Stirpibus
2773 657 2998 727 quidem
3038 675 3068 714 a
3103 659 3288 713 radice
3315 700 3328 724 ,
3366 659 3553 729 gloria:

1983 772 2114 810 VCI‘O
2141 771 2170 808 a
2201 754 2382 824 primo
2404 767 2633 806 munere
2657 758 2742 804 εει
2777 761 2838 803 ιιι
2862 760 3147 820 augeatur.

2049 846 2241 907 Nemo,
2287 845 2406 914 ejus
2452 843 2639 913 gloria:
2671 857 2791 911 quae
2832 842 2973 894 bona
3025 853 3108 895 est
3146 841 3298 911 (boni
3347 842 3556 896 scilicet

1985 935 2250 1005 nominis)
2275 934 2586 996 studiosus,
2623 931 2780 985 facile
2800 932 2886 984 vir
2918 931 3094 984 malus
3117 931 3416 995 exstiterit;
3463 933 3560 986 bo-

1986 1042 2122 1082 num
2145 1034 2333 1080 autem
2361 1032 2468 1088 est,
2506 1038 2606 1092 pro
2639 1021 2793 1076 brevi
2824 1021 3102 1089 voluptate
3122 1061 3136 1085 ,
3172 1024 3560 1093 sempiternam

1989 1118 2217 1191 gloriam
2243 1123 2604 1172 commutare.

2060 1208 2331 1264 Aristotel.
2363 1238 2434 1246 —
2469 1187 2978 1273 Maxima‘dignitas
3002 1211 3107 1268 est,
3135 1219 3247 1256 non
3291 1205 3563 1259 bonorum

313 1315 614 1386 κεχρῆσθαι
642 1312 844 1378 τιμαῖς,
877 1307 1012 1374 ἀλλὰ
1035 1307 1096 1359 τὸ
1124 1305 1274 1371 ἄξιον
1296 1301 1489 1356 ἑαυτὸν
1520 1300 1637 1374 [τσ.
1670 1297 1888 1371 αύτῶν]

2031 1307 2301 1369 ompotem
2333 1310 2475 1362 esse,
2505 1295 2600 1350 sed
2630 1293 2738 1348 illis
2767 1293 2991 1363 dignum
3015 1294 3213 1348 videri.

317 1404 456 1460 εἶναι
484 1401 823 1472 νομίζεσθαι.
1054 1439 1068 1445 -

401 1494 691 1563 Ἰσοκράτ.
710 1524 761 1534 —
799 1485 900 1546 Ὧν
925 1489 1024 1552 τὰς
1051 1485 1208 1554 δόξας
1237 1486 1440 1556 ζηλοῖς,
1469 1483 1676 1536 τούτων
1705 1482 1798 1534 καὶ
1825 1479 1894 1533 τὰ

321 1589 498 1660 ἀγαθὰ
528 1587 761 1658 πράξῃς.

2064 1472 2286 1528 ιδοοναι.
2319 1469 2562 1536 Quorum
2585 1469 2773 1540 gloriae
2795 1467 2986 1523 titulos
3015 1469 3312 1534 atmularis,
3347 1470 3566 1525 illorum

1995 1564 2161 1619 etiam
2196 1563 2344 1616 coles
2361 1561 2613 1614 virtutes.

407 1627 953 1743 “gaude.
972 1703 1043 1712 —
1061 1671 1164 1724 Τὸν
1207 1673 1220 1691 ⁹
1234 1670 1380 1726 ῐνδόν
1411 1668 1504 1721 τὸν
1541 1627 1544 1630 ”
1551 1667 1786 1738 μέγιστα
1806 1663 1893 1716 δο-

2068 1655 2235 1708 Indus
2270 1653 2602 1722 sagittarius.
2641 1681 2710 1689 —
2738 1650 2931 1704 Indum
2962 1651 3242 1705 hominem
3277 1651 3568 1720 sagittandi

321 1771 540 1835 κοῦντα,
597 1768 691 1821 καὶ
743 1765 1034 1835 λεγόμενον
1089 1762 1178 1816 διὰ
1245 1761 1530 1815 δακτυλίου
1581 1760 1673 1812 τὸν
1719 1757 1898 1811 ὀϊστὸν

323 1863 561 1932 ἀφιέναι,
614 1859 899 1912 ἐκέλευσεν
955 1853 1368 1920 ἐπιδείξασθαι·
1438 1852 1535 1905 καὶ
1593 1854 1669 1921 μὴ
1713 1849 1899 1920 βουλό-

325 1970 506 2025 μενον,
540 1949 814 2022 ὀργισθεὶς
834 1947 1044 2000 ἀνελεῖν
1074 1945 1433 2018 προσέταξεν.
1484 1944 1639 1997 Ἐπεὶ
1695 1944 1754 1997 δὲ
1791 1943 1899 1995 ἁπ-

324 2041 590 2108 αγόμενος
632 2039 660 2089 ὁ
693 2035 978 2104 ἄνθρωπος
1005 2034 1160 2102 ἔλεγε
1186 2034 1322 2105 πρὸς
1346 2034 1470 2097 τοὺς
1515 2033 1766 2102 ἄγοντας,
1819 2031 1900 2084 ὅτι

323 2131 498 2192 Πολὺς
551 2128 740 2198 χρόνος
784 2127 932 2180 ἐστὶν
990 2127 1084 2193 ἀφ’
1126 2121 1186 2180 οὗ
1235 2125 1327 2178 ἐπὶ
1376 2127 1566 2195 χεῖρας
1598 2122 1751 2188 τόξον
1801 2123 1901 2176 ούκ

323 2218 536 2281 ἔλαϐον,
565 2217 660 2271 καὶ
684 2216 745 2268 τὺ
774 2216 1066 2284 ἀποτυχεῖν
1100 2215 1395 2286 ἐφοϐήθην.
1437 2214 1703 2278 Ἀκούσας
1727 2213 1902 2266 ταῦτα

334 2310 708 2379 Ἀλέξανδρος,
762 2307 1041 2378 ἐθαύμασε
1081 2307 1177 2359 καὶ
1229 2307 1464 2360 ἀπέλυσε
1521 2307 1663 2377 μετὰ
1713 2305 1903 2375 δώρων

323 2401 508 2464 αὐτὸν,
542 2400 624 2452 ὅτι
657 2397 856 2467 μᾶλλον
893 2397 1184 2451 ἀποθανεῖν
1220 2397 1534 2466 ὑπέμεινεν,
1565 2395 1717 2466 ἢτῆς
1743 2395 1902 2466 δόξης

325 2477 544 2553 ἀνάξιος
572 2491 827 2558 φανῆναι.

401 2661 817 2732 Θεοφράστ.-
837 2662 918 2734 «οῤ
948 2659 1056 2732 γὰρ
1089 2661 1148 2725 ὲξ
1177 2658 1394 2732 ὁμιλίας
1423 2660 1506 2714 δεῖ
1550 2659 1645 2713 καὶ
1684 2658 1903 2732 χάριτος

331 2754 429 2818 τὰς
457 2753 642 2824 τιμὰς,
672 2751 787 2806 ἀλλ’
822 2755 886 2805 ὲκ
915 2753 1024 2806 τῶν
1053 2752 1306 2822 πράξεων
1335 2749 1658 2821 λαμϐάνειν.

415 2926 646 2996 Ἡράκλ.
664 2927 1177 2996 -Συντομωτάτην
1205 2925 1323 2979 όδὺν
1362 2926 1391 2978 ό
1427 2927 1590 2989 αὐτὸς
1617 2925 1798 2994 ἔλεγεν
1825 2924 1904 2987 εἰς

334 3019 597 3083 εὐδοξίαν,
621 3018 685 3070 τὸ
707 3016 959 3085 γενέσθαι
985 3015 1209 3082 ἀγαθόν.

403 3111 690 3175 Φίλωνος.
713 3139 784 3148 -
810 3109 866 3162 '0
886 3107 1072 3178 μαθὼν
1097 3107 1383 3179 ἄρχεσθαι,
1413 3109 1507 3162 καὶ
1533 3108 1720 3178 ἄρχειν
1749 3105 1910 3169 εὐθὺς

337 3201 618 3272 μανθάνει.
653 3198 789 3252 Ούδὲ
825 3199 933 3270 γὰρ
967 3200 1018 3251 εί
1060 3200 1240 3270 πάσης
1275 3200 1378 3270 γῆς
1418 3199 1514 3253 καὶ
1549 3198 1824 3268 θαλάσσης
1850 3197 1912 3250 τὸ

338 3294 537 3364 κράτος
577 3290 844 3361 ἀνάψαιτό
873 3307 976 3356 τις,
1028 3289 1214 3360 ἄρχων
1243 3290 1310 3344 ἂν
1348 3291 1433 3360 εἴη
1464 3290 1600 3361 πρὸς
1629 3288 1909 3362 ἀλήθειαν,

337 3387 388 3440 εί
421 3384 495 3456 μὴ
521 3383 669 3456 μάθῃ
695 3384 789 3436 καὶ
815 3381 1236 3453 προπαιδευθείη
1265 3382 1327 3435 τὸ
1359 3381 1646 3452 ἄρχεσθαι.

423 3559 764 3628 Ἰωσήππου
835 3557 1444 3628 Ἀρχαιολ.-Πάντες
1493 3557 1568 3610 ὀί
1652 3555 1914 3628 ἄρχεσθαι

342 3652 522 3715 καλῶς
550 3651 952 3727 μεμαθηκότες,
989 3650 1085 3705 καὶ
1122 3649 1313 3722 ἄρχειν
1346 3650 1583 3705 εἴσονται
1618 3645 1915 3720 παρελθόν-

340 3749 433 3809 τες
461 3745 542 3807 είς
571 3742 840 3807 ἐξουσίαν.

783 3905 825 3934 σ,
899 3855 1116 3909 ΑυΓοΣ
1157 3854 1267 3907 MZ'
1311 3851 1352 3906 ι.

814 3945 955 4014 Περὶ
1009 3944 1454 4014 γλωσσαλγίας.

413 4029 600 4116 Maro.
638 4059 725 4114 ιϐ’.
744 4060 987 4128 -Λέγω
1012 4059 1070 4112 δὲ
1119 4059 1268 4128 ὑμῖν,
1304 4059 1386 4112 ὅτι
1415 4059 1524 4112 πᾶν
1552 4057 1726 4127 ῥῆμα,
1759 4055 1789 4111 δ
1824 4057 1920 4111 ἐὰν

1998 1746 2196 1817 peritia
2224 1743 2588 1800 clarissimum
2606 1784 2620 1807 ,
2645 1743 2849 1811 quique
2879 1757 2978 1810 per
3005 1741 3269 1795 annulum
3314 1742 3568 1812 sagittam

2001 1837 2373 1892 transmittere
2402 1834 2683 1889 diceretur
2703 1873 2717 1897 ,
2759 1833 3072 1887 Alexander
3104 1833 3382 1902 specimen
3437 1835 3574 1887 artis

1999 1927 2131 1981 dare
2149 1925 2351 1996 jussit:
2381 1923 2530 1994 quod
2552 1923 2843 1992 imperium
2869 1937 2993 1977 cum
3017 1925 3357 1986 detrectaret,
3375 1939 3573 1979 accen—

2001 2035 2060 2074 sa
2100 2020 2159 2073 in
2188 2032 2313 2072 eum
2359 2017 2460 2080 ira,
2494 2015 2674 2069 occidi
2709 2030 2837 2069 eum
2871 2015 3132 2084 princeps
3164 2016 3470 2084 imperavit.
3525 2017 3576 2072 Is

2000 2123 2168 2179 porro
2201 2123 2327 2163 cum
2358 2106 2676 2167 duceretur,
2706 2104 2996 2158 lictoribus
3029 2105 3198 2174 cmpit
3235 2107 3443 2174 dicere,
3481 2107 3574 2161 diu

1998 2199 2106 2270 jam
2134 2214 2252 2254 esse
2286 2214 2354 2254 ex
2375 2211 2486 2266 quo
2512 2210 2704 2250 arcum
2736 2195 2792 2248 in
2838 2210 3032 2250 manus
3069 2212 3179 2251 non
3231 2199 3574 2266 sumpsisset,

2002 2304 2065 2344 ac
2100 2304 2169 2343 ne
2197 2288 2501 2351 aberraret,
2538 2284 2809 2340 timuisse.
2847 2283 3061 2349 Quibus
3089 2286 3313 2350 auditis,
3340 2286 3576 2344 Alexan-

2002 2380 2102 2434 der
2142 2379 2422 2433 hominem
2454 2377 2708 2439 miratus,
2731 2375 2877 2445 quod
2909 2377 3049 2430 mori
3085 2377 3386 2444 maluisset,
3413 2395 3576 2448 quam

2003 2479 2066 2525 ut
2094 2467 2554 2541 indignusﬁhs
2596 2466 2769 2537 gloria
2801 2466 3108 2531 videretur,
3165 2471 3407 2524 solutum
3452 2487 3576 2525 cum

2004 2561 2330 2615 muneribus
2357 2558 2588 2613 dimisit.

2072 2652 2416 2722 Theophrast.
2433 2679 2488 2691 ——
2520 2649 2641 2704 Non
2667 2664 2734 2704 ex
2763 2650 3036 2706 sermonis
3063 2651 3394 2706 commercio
3415 2661 3579 2721 atque

2004 2743 2176 2813 gratia
2220 2741 2475 2797 sumendi
2519 2741 2782 2806 honores,
2815 2741 2914 2796 sed
2960 2757 3029 2797 ex
3069 2742 3137 2796 iis
3166 2757 3289 2812 qua:
3317 2743 3579 2812 praeclare

2005 2849 2183 2903 exque
2209 2834 2413 2889 virtute
2445 2848 2621 2904 geras.
3030 2888 3037 2897 ,

2071 2925 2389 2980 Heraclitus.
2422 2957 2492 2970 --
2513 2925 2669 2980 Viam
2696 2924 2763 2978 ad
2790 2925 3020 2995 gloriam
3048 2926 3284 2980 maxime
3321 2941 3578 2995 compen-

2011 3016 2240 3072 diariam
2263 3031 2383 3071 esse
2412 3015 2653 3081 dicebat,
2679 3017 2724 3072 si
2754 3017 2880 3087 quis
2898 3017 3078 3072 bonus
3099 3032 3220 3072 esse
3247 3016 3515 3071 studeret.

2078 3107 2334 3165 Philonis.
2364 3137 2432 3148 —
2465 3108 2570 3175 Qui
2607 3108 2804 3163 didicit
2831 3109 3061 3164 obedire
3081 3151 3096 3174 ,
3127 3125 3252 3163 mox
3278 3109 3446 3164 etiam
3478 3107 3582 3162 im—

2011 3215 2206 3272 perare
2237 3201 2411 3255 novit.
2437 3201 2540 3267 Qui
2571 3203 2719 3257 enim
2753 3202 3046 3259 obediendi
3074 3211 3247 3257 artem
3283 3218 3394 3257 non
3436 3201 3583 3257 didi-

2011 3293 2169 3356 cerit,
2200 3307 2303 3347 nec
2335 3308 2400 3347 ea
2458 3301 2584 3348 ante
2647 3295 2936 3349 institutus
2983 3293 3172 3360 fuerit,
3204 3309 3308 3349 nec
3337 3295 3381 3349 si
3426 3302 3588 3349 terra:

2012 3383 2194 3438 omnis
2218 3399 2283 3438 ac
2315 3385 2482 3440 maris
2512 3385 2779 3455 impetum
2803 3394 3009 3452 teneat,
3049 3401 3182 3440 vere
3214 3385 3474 3456 princeps
3492 3401 3589 3439 ex-

2015 3473 2242 3530 stiterit.
2768 3523 2770 3526 ,

2074 3565 2288 3637 Iosephi
2315 3582 2380 3620 ex
2401 3568 2663 3638 Antiquis.
2689 3597 2760 3608 —
2799 3567 3001 3624 Omnes
3035 3568 3129 3638 qui
3174 3577 3322 3623 recte
3363 3567 3586 3622 obedire

2015 3657 2344 3723 didicerint,
2395 3659 2564 3711 etiam
2614 3659 2935 3729 magistratu
2981 3661 3142 3730 potiti
3188 3676 3313 3715 eum
3357 3659 3589 3731 imperio

2016 3765 2250 3820 praeesse
2277 3766 2341 3806 ac
2368 3750 2643 3820 imperare
2665 3752 2944 3811 noverint.

2578 3864 2806 3921 SERMO
2845 3865 3050 3922 XLVII.

2229 3953 2307 4008 De
2337 3955 2660 4022 loquacitate
2687 3965 2733 4009 et
2758 3956 2951 4027 linguae
2970 3957 3368 4010 incontinentia.

2089 4065 2278 4121 Matth.
2325 4083 2418 4131 xu,
2455 4066 2542 4121 56.
2575 4095 2643 4104 —-
2689 4066 2821 4120 Dico
2868 4075 3052 4120 autem
3099 4066 3278 4127 vobis,
3330 4065 3590 4136 quoniam

343 4147 653 4225 λαλήσωσιν
703 4153 753 4204 οἱ
811 4150 1128 4222 ἄνθρωποι,
1181 4150 1519 4203 ἀποδώσουσι
1577 4149 1734 4217 λόγον
1791 4148 1905 4220 περῒ

2031 4169 2181 4209 omne
2205 4155 2432 4209 verbum
2445 4155 2702 4221 otiosum,
2722 4155 2867 4224 quod
2893 4155 3061 4210 locuti
3089 4155 3297 4210 fuerint
3322 4156 3592 4220 homines,

342 4243 532 4298 αὑτοῦ.
577 4243 670 4296 Ἐκ
697 4242 806 4312 γὰρ
829 4241 938 4295 τῶν
984 4241 1159 4308 λόγων
1192 4258 1284 4294 σου
1333 4240 1686 4313 δικαιωθήσῃ,
1720 4240 1812 4294 καὶ
1855 4242 1905 4294 ὲν

2031 4245 2257 4300 reddent
2283 4247 2554 4300 rationem
2577 4245 2646 4300 de
2677 4262 2763 4300 eo.
2806 4247 2886 4300 Ex
2916 4246 3102 4301 verbis
3134 4247 3280 4300 enim
3318 4248 3425 4302 tuis
3448 4246 3596 4318 judi-

342 4331 454 4386 τῶν
474 4331 649 4401 λόγων
675 4347 770 4384 σου
799 4329 1203 4400 κατακριθήσῃ.

428 4423 576 4480 ’1ἀκ.
631 4420 1014 4476 αι’-Ἔστω
1057 4425 1162 4484 πᾶς
1198 4421 1484 4494 ἄνθρωπος
1519 4424 1688 4493 ταχὺς
1732 4425 1813 4488 είς
1859 4423 1920 4476 τὸ

345 4515 598 4579 ἀκοῦσαι,
637 4515 730 4568 καὶ
776 4512 975 4582 βραδὺς
1010 4514 1088 4576 εἰς
1118 4512 1180 4566 τὸ
1207 4512 1461 4583 λαλῆσαι.
1615 4587 1618 4590 ς

416 4608 600 4676 Σιρὰχ
628 4605 1126 4673 η’.--Γλωσσώδει
1181 4604 1455 4674 ἀνθρώπῳ
1495 4605 1569 4676 μὴ
1616 4605 1881 4677 διαμάχου
1906 4621 1919 4636 °

353 4698 486 4768 μηδὲ
514 4695 863 4759 ὲπιστοίῦαζε
887 4694 980 4747 ἐπὶ
1003 4693 1066 4746 τὸ
1090 4692 1199 4764 πῦρ
1229 4694 1394 4748 αὐτοῦ
1419 4695 1570 4760 ξύλα.

418 4792 662 4856 Παροιμ.
697 4792 852 4854 ιπδ-
883 4787 978 4849 Ὃς
1030 4785 1294 4856 φυλάσσει
1339 4787 1398 4840 τὸ
1457 4789 1655 4862 ἑαυτοῦ
1712 4789 1922 4860 στόμα,

350 4881 507 4948 τηρεῖ
531 4879 628 4948 τὴν
656 4877 851 4931 ἑαυτοῦ
879 4877 1078 4947 ψυχήν.

422 4971 666 5036 Παροιμ.
711 4975 786 5034 ς’.
813 4999 882 5010 -
901 4973 1075 5040 Παγὶς
1103 4973 1256 5042 ἀνδρὶ
1293 4973 1507 5044 ἰσχυρὰ,
1529 4973 1598 5026 τὰ
1627 4973 1731 5027 ίδια
1751 4974 1922 5044 χείλη·

351 5057 634 5112 ἁλίσκεται
657 5060 715 5114 δὲ
747 5061 991 5132 ῥήμασιν
1023 5063 1156 5116 ἰδίου
1188 5065 1476 5134 στόματος.

420 5152 669 5217 Παροιμ.
722 5157 859 5204 ι’.-
888 5151 944 5229 'Q
979 5153 1208 5221 ἄστεγος
1239 5154 1470 5224 χείλεσιν
1503 5153 1599 5225 (υ),
1628 5155 1926 5220 σκολιάζων

351 5238 719 5314 ὑποσκελισθή
732 5260 900 5296 σεται.

420 5378 441 5408 ⁸
471 5379 530 5432 In
557 5378 723 5435 Gesn.
769 5380 923 5435 Stob.
963 5381 1084 5436 I54.

1949 4313 1994 4368 Β
2022 4336 2256 4400 caberis,
2281 4344 2338 4390 et
2360 4352 2428 4390 ex
2453 4336 2638 4391 verbis
2669 4337 2779 4392 tuis
2800 4337 3277 4392 condemnaberis.

2086 4425 2204 4482 Jac.
2228 4443 2264 4490 ι,
2325 4427 2410 4481 l9.
2443 4457 2510 4466 —
2557 4427 2639 4482 Sit
2673 4429 2854 4483 omnis
2881 4427 3046 4483 homo
3073 4429 3230 4483 velox
3256 4427 3322 4480 ad
3368 4427 3599 4482 audien-

2025 4518 2177 4583 dum,
2209 4526 2264 4573 et
2285 4517 2475 4573 tardus
2507 4518 2575 4573 ad
2600 4519 2959 4589 loquendum.

2099 4607 2270 4662 Eccli.
2296 4624 2408 4673 vnr,
2438 4609 2492 4662 4.
2530 4639 2598 4649 --
2626 4609 2746 4664 Noli
2783 4610 2964 4665 rixare
2993 4625 3117 4665 cum
3142 4608 3366 4664 homine
3388 4606 3603 4678 linguo-

2030 4713 2112 4764 so,
2139 4706 2194 4752 et
2223 4714 2291 4753 ne
2316 4707 2496 4754 struas
2517 4701 2573 4754 in
2592 4701 2714 4771 ejus
2740 4702 2918 4773 ignem
2942 4701 3108 4772 ligna.

2101 4789 2260 4843 Prov.
2293 4806 2406 4854 xui,
2439 4792 2494 4845 5.
2538 4790 2643 4857 Qui
2665 4792 2907 4848 custodit
2938 4808 3000 4847 os
3043 4806 3224 4856 suum,
3256 4796 3437 4845 servat
3481 4787 3600 4842 ani-

2033 4898 2174 4936 mam
2201 4899 2374 4937 suam.

2105 4973 2267 5027 Prov.
2299 4993 2372 5042 vr,
2400 4977 2454 5030 2.
2479 5007 2546 5016 —
2570 4977 2823 5046 Laqueus
2851 4977 3012 5032 fortis
3036 4965 3156 5032 viro
3180 4975 3405 5047 propria
3427 4972 3601 5037 labia;

2030 5065 2283 5135 capietur
2313 5077 2497 5122 autem
2525 5070 2716 5125 verbis
2748 5071 2957 5140 proprii
2983 5071 3118 5125 oris.

1998 5225 2007 5233 -
2092 5156 2250 5212 Prov.
2303 5177 2333 5213 x
2364 5202 2378 5226 ,
2426 5162 2477 5216 8.
2507 5193 2575 5202 -—
2607 5161 2712 5228 Qui
2765 5163 3039 5218 labiorum
3093 5161 3447 5217 incontinens
3498 5173 3606 5228 est,

2032 5247 2251 5318 oblique
2275 5267 2442 5322 agens
2471 5254 2936 5323 supplantabitur.

1817 5454 2050 5512 NOTAE.

424 5584 517 5653 (υ),
568 5585 632 5638 '0
691 5586 945 5656 ἀστεῖος
973 5586 1225 5654 χείλεσι.
1269 5588 1428 5659 Vulg.
1500 5590 1691 5646 stultus
1745 5592 1897 5648 labiis

2031 5596 2132 5650 :br.
2189 5597 2577 5668 propinquius,
2651 5613 2678 5651 ο
2735 5616 2845 5670 quo
2878 5615 2978 5654 nec
3028 5603 3076 5652 ei
3107 5600 3250 5654 LXX
3285 5603 3618 5668 abscedunt,

603 5679 873 5740 Ρηιιοι..
908 5681 1024 5742 GR.
1060 5682 1208 5741 XCI.

3217 5696 3302 5757 30
