3990 6176
374 241 475 314 941

1672 230 1844 296 LOCI
1881 220 2316 292 COMMUNES.

3496 210 3604 277 9i?!

449 353 716 411 Πλάτων.
736 382 805 393 -
828 350 1076 414 Πλάτων,
1118 348 1492 411 ’Δντισθένους
1525 347 1580 401 ἐν
1608 349 1677 418 τῇ
1697 338 1946 417 διατριϐῇ

2121 339 2297 393 Plato.
2326 367 2396 376 -—
2445 335 2618 399 Plato,
2650 348 2774 388 cum
2816 330 3170 387 Antisthenes
3211 327 3507 396 aliquando
3559 327 3612 380 in

381 462 509 500 ποτε
574 442 1105 515 μακρολογήσαντος,
1175 440 1434 508 Ἀγνοεῖς,
1480 433 1656 501 εἶπεν,
1719 438 1802 489 ὅτι
1850 435 1944 487 τοῦ

2111 427 2515 500 sputationibus
2560 425 2721 495 longa
2769 432 2955 494 ageret
3010 421 3257 477 oratione
3293 436 3306 471 :
3342 417 3575 486 ignoras
3601 458 3614 474 .

381 537 541 608 λόγου
565 542 764 609 μέτρον
794 536 966 598 ἐστὶν,
1000 534 1099 602 οὐχ
1124 534 1151 584 ό
1180 531 1373 598 λέγων,
1405 528 1518 582 ἀλλ’
1539 528 1569 579 ὀ
1593 526 1840 588 ἀκούων;

454 708 980 778 Νικοστρὰτ.-Εί
1034 706 1126 759 ἐπὶ
1172 704 1249 774 τῷ
1290 704 1312 736 ⁸
1346 701 1587 771 συνεχῶς
1631 699 1726 752 καὶ
1779 696 1947 749 πολλὰ

2047 522 2250 590 inquit,
2280 519 2546 572 orationis
2570 516 2792 571 modum
2813 528 2955 579 esse,
3002 525 3114 565 non
3152 510 3208 564 in
3240 508 3493 574 dicente,
3523 510 3617 562 sel

2049 611 2105 663 in
2141 611 2393 663 auditore
2425 609 2588 661 situm
2604 607 2630 660 ?

2114 701 2424 754 Nicostrati.
2456 727 2529 738 --
2549 697 2604 752 Si
2629 696 2981 750 continenter
3008 701 3064 749 et
3093 692 3263 746 multa
3290 697 3344 745 et
3364 689 3622 745 celeriter

383 803 482 857 καὶ
504 802 713 871 ταχέως
745 799 925 851 λαλεῖν
964 792 1035 866 ἦν
1071 792 1165 847 τοῦ
1214 796 1431 865 φρονεῖν
1489 788 1838 860 παράσημον,
1893 787 1948 837 αί

2111 790 2202 860 qui
2250 790 2467 859 signum
2506 794 2653 841 esset
2692 784 2992 854 sapientiae,
3040 782 3371 837 hirundines
3418 782 3624 852 majore

383 893 649 965 χελιδόνες
674 889 903 957 ἐλέγοντ⁹
936 886 1002 939 ἂν
1022 884 1180 955 ἡμῶν
1211 881 1634 953 φρονιμώτεραι.

467 987 567 1038 Ἐκ
603 982 722 1035 τῶν
761 978 1117 1046 Ἐπικτήτου
1172 974 1270 1029 καὶ
1313 966 1951 1040 ’1σοκράτ.-Γλῶσσαν

388 1076 516 1147 μίαν
541 1076 653 1135 τοῖς
694 1069 1002 1141 ἀνθρώποις
1044 1069 1077 1138 ἡ
1113 1065 1275 1137 φύσις
1318 1064 1566 1126 δέδωκεν,
1595 1059 1689 1114 δύο
1725 1059 1781 1112 δὲ
1812 1052 1947 1120 ὦτα,

385 1168 473 1221 ἶνα
504 1163 823 1217 διπλασίονα
852 1154 925 1211 ὧν
949 1158 1200 1226 λέγομεν,
1236 1154 1366 1225 παρ’
1398 1153 1601 1222 ἑτέρων
1644 1149 1949 1217 ἀκούωμεν.

454 1251 837 1320 Πυθαγόρ,-
858 1248 1055 1317 Ξίφους
1100 1246 1284 1316 πληγὴ
1320 1242 1620 1311 κουφοτέρα
1664 1237 1915 1307 γλώσσης
1936 1252 1949 1266 ⁸

386 1346 447 1399 τὸ
490 1344 588 1413 μὲν
626 1342 757 1412 γὰρ,
787 1339 968 1409 σῶμα,
998 1339 1032 1408 ἡ
1057 1338 1137 1425 δὲ,
1169 1336 1348 1406 ψυχὴν
1372 1331 1682 1404 τιτρώσκει.
1770 1372 1783 1377 -

356 1432 365 1437 ’
459 1436 756 1498 Αἴσωπος.
774 1426 1029 1493 -Οὒτος
1055 1419 1369 1499 ἐρωτηθεὶς,
1404 1427 1468 1479 Τί
1489 1427 1635 1479 ἐστιν
1658 1419 1958 1491 ὲν“ἀνθρὼ-

390 1542 511 1588 ποις
550 1524 751 1591 ἀγαθόν
782 1540 840 1575 τε
864 1523 960 1575 καὶ
993 1520 1232 1589 (patum;
1274 1518 1399 1587 ἔφη,
1430 1517 1677 1570 Γλῶσσα.

462 1610 897 1680 Δημοκρίτ.⁹-
941 1607 1228 1675 Πλεονεξίη
1283 1606 1352 1659 τὰ
1403 1606 1579 1659 πάντα
1614 1605 1811 1671 λέγειν,
1866 1599 1960 1654 καὶ

395 1703 567 1774 μηδὲν
591 1701 794 1754 ἐθέλειν
825 1699 1067 1753 ἀκούειν.

476 1788 891 1849 Ἀπολλωνίου.
906 1820 976 1831 -
998 1787 1303 1857 Πολυλογία
1327 1785 1498 1841 πολλὰ
1515 1784 1803 1855 σφάλματα
1827 1781 1956 1853 ἔχει·

399 1886 456 1939 εδ
482 1885 539 1937 δὲ
567 1884 747 1954 σιγᾷν,
782 1881 1044 1950 ἀσφαλές.

476 1977 536 2029 '0
586 1973 747 2035 αὐτὸς
796 1974 921 2035 τοὺς
967 1974 1209 2045 ’ῥήτορας
1248 1972 1352 2043 ἔφη
1407 1969 1628 2039 ὁμοίους
1663 1963 1803 2022 εῖναι
1850 1968 1961 2030 τοῖς

2051 881 2211 934 nobis
2237 877 2506 947 sapientia
2525 884 2786 945 praestare
2821 874 2930 928 dici
2958 882 3203 942 possent.

2132 970 2213 1023 Ex
2233 969 2460 1039 Epictet.
2487 976 2536 1020 et
2565 966 2787 1019 Isocrat.
2804 996 2872 1003 —
2898 964 3162 1034 Linguam
3187 978 3351 1017 unam
3383 963 3616 1017 homini-

2054 1058 2159 1111 bus
2185 1064 2381 1110 natura
2409 1054 2580 1117 dedit,
2608 1062 2663 1106 et
2689 1066 2853 1106 aures
2884 1051 3042 1116 duas,
3062 1059 3122 1105 ut
3152 1051 3381 1120 duplum
3406 1064 3626 1113 eorum,

2052 1164 2177 1219 quae
2206 1147 2460 1209 dicimus,
2484 1145 2553 1198 ab
2574 1143 2697 1197 aliis
2729 1142 3037 1196 audiamus.

2127 1240 2416 1310 Pythagor.
2442 1266 2514 1276 —
2545 1236 2722 1290 Gladii
2775 1235 2918 1289 ictus
2963 1232 3142 1288 lenior
3179 1247 3345 1301 quam
3382 1232 3581 1304 lingua:
3614 1252 3627 1284 :

2058 1331 2149 1385 ille
2176 1330 2323 1384 enim
2350 1343 2551 1397 corpus
2570 1366 2586 1393 ,
2620 1326 2737 1380 haec
2759 1325 3005 1379 animum
3039 1323 3312 1377 vulnerat.

2126 1420 2312 1491 zEsop.
2340 1450 2409 1460 —
2443 1419 2543 1472 Hic
2591 1419 2959 1487 interrogatus
2988 1435 3011 1470 _:
3040 1415 3183 1482 Quid
3215 1415 3270 1469 in
3314 1414 3635 1468 hominibus

2056 1520 2203 1566 esset
2224 1512 2428 1566 bonum
2456 1519 2512 1564 et
2545 1509 2767 1573 malum,
2801 1509 3045 1577 linguam
3081 1521 3202 1561 esse
3236 1505 3538 1576 rcSpondit.

2127 1604 2412 1657 Democrit.
2459 1632 2529 1642 —
2560 1601 2749 1656 Avida:
2798 1599 3114 1669 rapacitatis
3158 1612 3331 1668 genus
3360 1596 3634 1666 quoddam

1990 1670 2034 1725 Β
2062 1706 2164 1758 est,
2186 1695 2371 1751 dicere
2402 1692 2607 1757 omnia,
2644 1706 2747 1746 nec
2776 1691 2916 1744 velle
2947 1689 3246 1759 quidquam
3271 1688 3479 1742 audire.

2126 1787 2413 1859 Apollonii.
2440 1816 2510 1825 —
2527 1780 2935 1853 Multiloquium
2961 1781 3135 1835 multa
3164 1787 3344 1835 errata
3362 1778 3551 1842 habet,
3584 1788 3639 1833 at

2062 1891 2177 1936 tace
2185 1895 2242 1934 re
2272 1887 2475 1933 tutum.

2120 1972 2269 2027 Idem
2287 1978 2535 2025 oratores
2553 1971 2704 2022 ranis
2720 1980 2841 2022 esse
2868 1964 3075 2021 similes
3087 1963 3338 2030 dicebat;
3369 1964 3468 2018 has
3489 1963 3636 2018 enim

398 2066 725 2136 βατράχοιςο
770 2064 896 2125 τοὺς
938 2063 1038 2133 μὲν
1074 2064 1182 2134 γὰρ
1226 2066 1285 2117 ὲν
1324 2062 1480 2117 ὕδασι
1514 2059 1793 2125 οκελαδεῖν,
1841 2057 1967 2133 τοὺς

2111 2081 2121 2117 ι
2168 2064 2327 2131 aquis
2359 2074 2612 2125 coaxare,
2647 2059 2771 2114 illos
2796 2056 2964 2129 648
3002 2055 3071 2111 ad
3114 2055 3458 2127 clepsydram
3485 2056 3639 2110 voci-

399 2156 459 2208 δὲ
500 2155 634 2225 πρὸς
659 2152 986 2222 κλεψύδραν.

471 2246 771 2309 Λύκωνος.
806 2241 1152 2313 -Καθάπερ
1205 2243 1262 2296 αἱ
1311 2241 1576 2312 χελιδόνες
1629 2242 1695 2311 τῇ
1756 2240 1971 2309 συνεχεῖ

401 2336 728 2410 τῆςλαλιᾶς,
755 2335 854 2405 τὴν
885 2333 1077 2405 ἡδονὴν
1116 2332 1220 2404 τῆς
1270 2331 1485 2403 ὁμιλίας
1530 2330 1925 2385 ἀποϐάλλουσιν
1951 2345 1968 2360 ⁸

401 2428 578 2492 οὕτως
631 2429 682 2480 οἱ
730 2425 1011 2496 ἀδολέσχαι
1050 2423 1301 2494 ὀχλήσεις
1346 2424 1591 2492 συνεχεῖς
1637 2422 1969 2492 ποιούμενοι,

404 2516 591 2585 ἀηδεῖς
621 2514 1015 2581 ἀποφαίνονται
1046 2515 1158 2576 τοῖς
1193 2512 1588 2583 ἀκροωμένοις.

477 2602 706 2673 Νομικῷ
737 2602 961 2674 φλυάρῳ
991 2602 1098 2673 ἔφη
1129 2619 1235 2667 τις,
1267 2603 1342 2655 Οὐ
1366 2603 1447 2655 δεῖ
1473 2603 1530 2654 ἐν
1556 2599 1767 2665 πολλοῖς
1795 2599 1975 2670 λέγειν

409 2695 585 2765 ὀλίγα,
614 2695 730 2748 ἀλλ’
753 2696 811 2749 ὲν
838 2694 1042 2763 ὀλίγοις
1058 2693 1249 2748 πολλά.

946 2786 1168 2841 ΛΟΓΟΣ
1215 2783 1336 2840 MH’
1378 2785 1438 2837 “.

917 2874 1059 2943 Περὶ
1162 2874 1467 2942 προνοίας.

2064 2153 2254 2208 ferari.

2135 2245 2374 2316 Lyconis.
2399 2273 2470 2283 —
2502 2241 2977 2309 Quemadmodum
3019 2239 3349 2294 hirundines
3379 2234 3647 2293 continuo

2068 2335 2293 2406 garritu,
2328 2331 2647 2389 commercii
2675 2332 2877 2403 linguae
2904 2331 3245 2401 voluptatem
3269 2329 3539 2399 perdunt;
3564 2331 3645 2384 sic

2068 2426 2350 2496 loquaces,
2388 2423 2520 2478 dum
2543 2422 2749 2494 jugiter
2787 2421 3125 2488 obtundunt,
3150 2419 3500 2476 auditoribus
3522 2437 3643 2475 mo-

2070 2516 2285 2572 lestiam
2306 2514 2539 2572 faciunt.

2136 2603 2541 2660 Juriseonsulto
2564 2603 2783 2674 loquaci
2832 2604 2970 2658 dixit
3005 2598 3271 2673 quidam‘:
3306 2603 3428 2659 Non
3459 2601 3649 2657 multis

2077 2710 2273 2768 pauca,
2309 2694 2407 2751 sed
2441 2696 2613 2750 multa
2637 2695 2830 2765 paucis
2853 2710 2976 2749 esse
3008 2693 3398 2764 eloquendum.

2596 2786 2833 2844 SERMO
2881 2785 3116 2840 XLVIII.

2627 2877 2706 2931 De
2739 2878 3097 2934 Providentia.

486 2971 672 3024 Ματθ.
713 2966 998 3036 ι’.,-Ούχὶ
1049 2964 1142 3018 δύο
1191 2963 1448 3035 στρουθία
1491 2963 1753 3033 ἀσσαρίου
1788 2964 1980 3016 *πωλεῖ-

2149 2971 2338 3026 Matth.
2373 2987 2429 3037 ι,
2458 2970 2547 3026 29.
2565 2998 2635 3011 -—-
2662 2970 2855 3025 Nonne
2881 2969 2991 3024 duo
3023 2983 3274 3040 passeres
3298 2970 3512 3027 minuto
3529 2982 3650 3025 asse

415 3078 543 3129 ut;
577 3061 671 3115 καὶ
705 3058 764 3113 ἓν
788 3058 848 3123 ἐξ
873 3056 1052 3111 αὐτῶν
1081 3056 1142 3110 ού
1173 3055 1419 3109 πεσεῖται
1471 3055 1564 3108 ἐπὶ
1598 3055 1697 3124 τὴν
1725 3055 1828 3125 γῆν
1853 3055 1979 3109 ἄνευ

417 3151 514 3206 τοῦ
551 3151 764 3222 Πατρὺς
796 3149 967 3219 ὑμῶν.
1001 3145 1187 3217 Ὑμῶν
1214 3144 1275 3199 δὲ
1292 3145 1386 3199 καὶ
1414 3145 1469 3198 αξ
1494 3144 1678 3214 τρίχες
1704 3144 1800 3215 τῆς
1816 3161 1986 3214 κεφα-

418 3244 518 3314 λῆς
551 3244 721 3297 πᾶσαι
747 3239 1120 3312 ἠριθμημέναι
1154 3238 1335 3299 είσίν.ζ

500 3336 673 3405 Ῥωμ.
705 3332 966 3388 αι’-Ὠ
1019 3331 1184 3401 βάθος
1220 3329 1453 3384 πλούτου
1498 3329 1592 3383 καὶ
1651 3327 1843 3397 σοφίας
1894 3326 1990 3379 καὶ

416 3426 675 3496 γνώσεως
704 3422 875 3478 Θεοῦι
910 3422 986 3485 ὡς
1013 3420 1407 3493 ἀνεξερεύνητα
1432 3420 1502 3476 τὰ
1529 3419 1776 3492 κρίματα
1798 3415 1985 3483 αὐτοῦ,

422 3519 517 3573 καὶ
549 3514 938 3585 ἀνεξιχνίαστοι
968 3513 1025 3565 αί
1053 3512 1162 3565 ὁδοὶ
1205 3511 1391 3566 αὑτοῦ.
1437 3538 1441 3543 ·

492 3607 708 3673 Σολομ.
746 3602 1015 3668 ιβ¹.-Σὺ
1072 3601 1345 3666 δεσπόζων
1394 3600 1575 3671 ίσχύος
1621 3602 1680 3654 ὲν
1721 3596 1989 3668 ἐπιεικείᾳ

424 3696 652 3768 κρίνεις,
671 3694 794 3748 ⁵καὶ
825 3694 965 3765 μετά
989 3692 1190 3765 πολλῆς
1219 3691 1436 3762 φειδοῦς
1467 3693 1686 3757 διοικεῖς
1712 3692 1881 3763 ἡμᾶς.

492 3870 616 3937 Σιρ.
668 3867 957 3938 ις¹.-Μὴ
1002 3868 1180 3938 εἴπῃς,
1245 3865 1751 3936 Ἀποκρυὸήσομαι,
1791 3866 1886 3919 καὶ
1931 3865 1989 3933 ἐξ

425 3954 593 4027 ὕψους
626 3961 705 4018 τίς
744 3971 845 4025 μου
878 3954 1286 4026 μνησθήσεται;
1332 3954 1462 4008 Ἰδοὺ
1499 3938 1796 4025 ὀόύρανδς
1824 3954 1915 4007 καὶ
1960 3956 1990 4007 ὀ

422 4048 649 4121 οὐρανὸς
695 4046 789 4100 τοῦ
835 4044 1099 4117 ούρανοῦ·
1158 4045 1392 4110 ἄϐυσσος
1442 4046 1534 4100 καὶ
1573 4045 1647 4117 γῆ
1700 4047 1797 4101 καὶ
1823 4045 1893 4099 τὰ
1934 4048 1992 4101 ὲν

424 4141 633 4202 αὐτοῖς,
666 4140 733 4208 τῇ
760 4138 1034 4209 ἐπισκοπῇ
1058 4137 1223 4191 αὑτοῦ
1255 4135 1665 4208 σαλευθήσεται.
1697 4137 1807 4201 Τὰς
1841 4136 1993 4200 ὀδοὺς

423 4229 589 4285 αὑτοῦ
626 4228 710 4292 τίς
747 4227 1216 4299 ὲνθυμηθήσεταις
1270 4227 1524 4294 καταιγὶς
1563 4226 1631 4296 ἢν
1654 4211 1774 4280 ὀὐκ
1800 4226 1990 4297 ὄψεται

2084 3061 2366 3117 veneunt?
2401 3070 2459 3116 et
2491 3076 2636 3116 unus
2668 3076 2736 3115 ex
2764 3060 2875 3117 illis
2902 3076 3015 3116 non
3053 3061 3213 3125 cadet
3252 3077 3417 3132 super
3451 3070 3651 3117 terram
3717 3054 3725 3061 ’

2085 3151 2204 3206 sine
2224 3151 2386 3206 Patre
2412 3160 2618 3206 vestro.
2650 3149 2758 3205 Sed
2790 3160 2852 3205 et
2883 3152 3068 3221 capilli
3098 3152 3299 3222 capitis
3325 3154 3494 3208 vestri
3532 3168 3655 3207 om-

2084 3257 2185 3296 nes
2214 3243 2485 3297 numerati
2513 3252 2662 3299 sunt.
3102 3226 3105 3229 I

2152 3334 2306 3389 Rom.
2324 3348 2400 3397 xx,
2424 3333 2510 3387 '55.
2536 3333 2667 3389 —0
2688 3333 2924 3389 altitudo
2950 3334 3269 3390 divitiarum
3289 3343 3348 3389 et
3374 3334 3658 3404 sapientiae

2084 3433 2144 3478 et
2181 3421 2425 3478 scientiae
2470 3421 2607 3476 Dei!
2661 3437 2827 3491 quam
2850 3423 3256 3478 'inscrutabilia
3296 3431 3427 3478 sunt
3454 3422 3659 3493 judicia

2087 3513 2207 3583 ejus
2232 3520 2289 3567 et
2321 3511 2848 3581 impervcstigabiles
2873 3513 2976 3568 via:
2997 3513 3149 3583 ejus!

2158 3602 2291 3671 Sap.
2316 3617 2412 3665 xu,
2437 3600 2524 3658 18.
2548 3630 2617 3640 -
2642 3601 2723 3656 Tu
2746 3641 2760 3666 ,
2789 3602 3109 3656 Dominator
3133 3600 3373 3666 virtutis,
3397 3602 3453 3656 in
3484 3605 3658 3672 mqui-

2092 3700 2200 3748 tate
2236 3691 2475 3762 judicas,
2517 3697 2724 3746 etcum
2763 3706 2959 3761 magna
3002 3691 3343 3763 indulgentia
3385 3704 3661 3763 gubernas

2089 3797 2212 3837 nos.

2157 3872 2326 3928 Eccli.
2369 3888 2479 3939 xvr,
2534 3872 2621 3927 l6.
2655 3904 2721 3917 -—
2743 3874 2825 3930 Ne
2879 3874 3029 3929 dicas
3060 3874 3416 3929 :Abscondar
3441 3916 3455 3942 ,
3506 3885 3562 3931 et
3594 3892 3660 3932 ex

2090 3965 2201 4020 alto
2220 3964 2345 4035 quis
2368 3965 2479 4020 mei
2507 3966 2945 4022 memorabitur?
2972 3966 3115 4022 Ecce
3145 3958 3659 4035 coelumfetcmlum

2089 4054 2247 4122 caeli;
2272 4055 2498 4126 abyssus
2526 4062 2585 4111 et
2621 4063 2792 4122 terra,
2826 4065 3029 4126 etquae
3066 4058 3122 4112 in
3153 4058 3236 4112 eis
3256 4068 3415 4124 sunt,
3453 4059 3509 4113 in
3532 4060 3662 4113 visiv

2092 4146 2300 4201 talione
2330 4147 2451 4217 ejus
2473 4147 2987 4203 commovebuntur.
3019 4149 3150 4204 Vias
3177 4148 3327 4204 illius
3349 4150 3474 4219 quis
3499 4150 3661 4204 intel-

2090 4237 2258 4307 liget?
2284 4238 2553 4303 Procella,
2583 4254 2750 4308 quam
2790 4255 2903 4294 non
2928 4238 3138 4294 videbit
3173 4241 3371 4309 homo;
3394 4251 3451 4297 et
3481 4242 3663 4313 plera-

423 4320 710 4389 ἄνθρωπος
728 4335 743 4350 ·
772 4319 866 4372 καὶ
901 4318 971 4371 τὰ
998 4316 1218 4370 πλείονα
1248 4316 1358 4371 τῶν
1377 4315 1553 4386 ἔργων
1581 4316 1745 4371 αὐτοῦ
1776 4319 1833 4371 ἐν
1853 4320 1980 4372 ἁπο-

2111 4343 2203 4398 1ue
2232 4329 2352 4400 ejus
2379 4344 2610 4399 operum
2644 4331 2965 4385 abscondita
2986 4340 3136 4387 sunt.
3249 4395 3252 4397 Α

425 4412 678 4483 κρύφοις.

495 4503 712 4555 Βασιλ.
733 4529 804 4539 -
826 4500 939 4553 Πᾶν
968 4487 1110 4571 ὅπερ
1148 4502 1230 4565 εἰς
1265 4502 1413 4572 ἡμᾶς
1445 4502 1509 4554 ὲκ
1532 4499 1683 4564 θείας
1709 4499 1992 4571 δυνάμεως

426 4590 633 4661 ἀγαθὸν
657 4589 857 4662 φθάσῃ,
895 4590 994 4658 τῆς
1031 4590 1209 4645 πάντα
1239 4591 1567 4663 ἐνεργούσης
1598 4590 1820 4661 χάριτος
1844 4590 1994 4661 ἐνέρ-

428 4701 490 4752 γε
499 4699 584 4736 ιαν
616 4678 753 4735 εἷναί
781 4698 983 4751 φαμεν.
1831 4703 1835 4707 ·

499 4774 668 4829 Οὐδὲν
706 4773 1038 4843 ἀπρονόητον
1059 4773 1179 4827 οὐδὲ
1207 4772 1550 4845 ἠμελημένον
1580 4751 1838 4845 napi-aq.
1857 4775 1995 4845 Θεῷ.

432 4864 617 4919 Πάντα
676 4860 933 4915 σκοπεύει
1005 4863 1038 4915 ὀ
1100 4861 1400 4932 ἀκοίμητος
1469 4861 1785 4933 ὀφθαλμός·
1865 4865 1997 4917 πᾶσι

436 4948 685 5019 πάρεστι,
725 4948 965 5019 πορίζων
1000 4949 1216 5019 ἑκάστῳ
1243 4949 1341 5018 τὴν
1378 4949 1671 5021 σωτηρίαν.

503 5130 764 5182 Θεολ.-
805 5126 1074 5190 Πολλάκις
1119 5125 1452 5196 παραδόξους
1492 5126 1766 5196 σωτηρίας
1793 5125 1901 5180 οἶδε
1938 5128 1998 5181 τὸ

432 5218 585 5273 Θεῖον
617 5219 981 5289 καινοτομεῖν,
1027 5218 1180 5271 νεῦον
1224 5217 1361 5288 πρὸς
1411 5219 1471 5270 τὸ
1509 5218 1890 5288 φιλάνθρωπον
1928 5222 1994 5289 τῇ

432 5310 625 5365 ἑαυτοῦ
659 5308 906 5381 προνοίᾳ.

501 5404 884 5470 Χρυσοστ.-
907 5401 1097 5465 Οὐδεὶς
1136 5400 1308 5466 οὕτως
1334 5402 1561 5463 ,ἑαυτοῦ
1614 5404 1873 5471 φείδεται,
1924 5406 2001 5470 ὡς

2165 4504 2379 4561 Basilii.
2408 4536 2477 4590 -έ
2500 4505 2780 4576 Quidquid
2812 4507 2943 4563 boni
2985 4525 3053 4564 ex
3085 4510 3271 4566 divina
3313 4515 3559 4581 potentia
3599 4516 3666 4568 ad

2100 4615 2200 4655 nos
2226 4599 2396 4666 venit,
2440 4598 2494 4655 id
2518 4599 2702 4670 gratiae
2724 4602 2908 4656 omnia
2937 4604 3219 4672 operantis
3258 4604 3518 4661 eﬂ‘ectum
3549 4624 3669 4663 esse

2101 4690 2359 4746 dicimus.

2174 4782 2321 4836 Nihil
2348 4781 2492 4852 apud
2520 4782 2693 4838 Deum
2726 4799 2836 4838 non
2861 4787 3175 4855 provisum;
3208 4789 3347 4844 nihil
3373 4789 3496 4859 ejus
3524 4787 3673 4842 curis

2102 4872 2496 4927 substructum.
2555 4873 2750 4929 Omnia
2793 4875 2946 4931 videt
2994 4878 3385 4948 insoporabilis
3436 4878 3668 4942 oculus;

2102 4963 2362 5018 omnibus
2389 4962 2566 5029 adest,
2599 4965 2851 5035 prabens
2875 4968 3108 5041 singulis
3127 4970 3275 5039 quod
3328 4969 3675 5024 incolumita-

2107 5061 2215 5106 tem
2236 5060 2479 5121 praestet.
2531 5073 2540 5081 ·

2175 5144 2435 5215 Theologi.
2467 5176 2536 5185 —
2562 5146 2743 5202 Novas
2763 5149 2908 5205 haud
2938 5167 3061 5206 raro
3088 5160 3144 5205 et
3179 5152 3456 5208 inauditas
3483 5153 3675 5208 salutis

2104 5230 2219 5285 vias
2248 5232 2390 5287 Deus
2420 5234 2670 5302 proferre
2711 5237 2885 5302 novit,
2941 5240 3284 5308 providentia
3329 5258 3429 5297 sua
3454 5242 3521 5297 ad
3569 5242 3673 5295 liu-

2108 5323 2426 5378 manitatem
2452 5340 2515 5379 ac
2548 5326 2896 5383 clementiam
2930 5330 3218 5387 inclinans.

2179 5410 2443 5482 Clirysost.
2471 5443 2541 5455 —
2571 5415 2743 5470 Nemo
2775 5418 2851 5472 sic
2879 5418 2994 5490 ipse
3030 5436 3155 5491 erga
3197 5422 3437 5493 seipsum
3487 5419 3673 5477 indul~

1724 5520 1957 5579 unum
1984 5496 2386 5584 moriones.

507 5610 529 5641 '
559 5609 621 5665 B.
664 5610 755 5663 ἐπὶ
779 5611 841 5664 τό
884 5618 893 5623 ‘
935 5613 956 5644 ³
984 5612 1144 5669 Gesn.
1172 5611 1233 5665 in
1286 5611 1409 5667 Mel.
1457 5611 1790 5682 Θεοφυλάκτ.
1870 5620 1915 5651 ⁸ο
1948 5621 2004 5676 In
2052 5622 2219 5679 Gesn,
2266 5624 2419 5678 Sto-1).
2449 5625 2575 5683 284,
