3990 6176
436 147 571 213 ιθιθ

1641 150 1701 210 S.
1743 150 2029 212 MAXIMI
2065 150 2571 217 CONFESSORIS

3634 161 3734 228 θιι

461 255 648 328 gentia
690 256 824 328 agit,
853 272 918 314 ac
951 270 1081 330 erga
1123 272 1225 312 nos
1277 236 1471 333 omnes
1500 258 1668 312 Deus.
1706 257 1875 331 Magis
1900 260 2023 314 enin

2155 262 2376 316 πάντων
2403 265 2562 334 ἡμῶν
2599 265 2628 318 6
2659 247 2833 328 θειςο
2868 265 3049 337 πολλῷ
3087 267 3198 339 γὰρ
3226 269 3388 339 ἡμῶν
3422 262 3732 345 αὖτὸςβού-

462 348 616 418 cupit
671 349 809 427 nihil
861 349 1024 404 nobis
1080 348 1209 403 mali
1255 349 1734 419 accidere,quam
1790 366 1892 405 nos
1946 367 2047 407 cu—

460 455 699 507 planius.

528 516 720 586 Nescis
758 539 838 591 tu.
870 546 903 585 ο
940 530 1129 596 homo,
1158 547 1281 601 quae
1322 547 1391 587 ex
1427 531 1538 587 tuis
1564 532 1675 587 sint
1711 532 2043 588 rationibus.

400 671 421 687 ,
459 621 793 694 Plerumque
820 623 981 678 noxia
1014 623 1177 692 petis,
1205 631 1264 678 et
1289 640 1411 694 quae
1434 624 1746 694 periculum
1782 624 2043 680 habeant.

418 770 425 789 τ
456 709 663 786 Atille,
687 711 782 779 qui
816 710 988 780 magis
1014 719 1164 765 tuam
1186 720 1347 766 curet
1389 711 1645 776 salutem,
1677 728 1787 765 non
1811 713 2046 766 attendit

458 808 607 855 tuam
668 802 1031 871 petitionem;
1085 801 1182 856 sed
1238 809 1366 857 ante
1408 802 1763 872 illam,quod
1821 803 2043 860 iurem

456 902 605 946 tuam
664 893 776 957 sit,
822 894 1067 962 undique
1088 893 1367 962 providet.
1410 893 1549 949 Cum
1592 894 1739 949 enim
1788 907 2046 963 parentes

453 982 707 1061 carnales
746 1000 859 1038 non
915 985 1101 1039 omnia
1146 985 1394 1039 tribuant
1446 985 1767 1055 petentibus
1812 985 2039 1050 liberis;

424 1058 566 1128 non
628 1058 779 1143 quod
826 1089 925 1128 eos
972 1083 1369 1139 contemnant,
1421 1075 1518 1129 sed
1564 1074 1710 1144 quod
1736 1075 1842 1130 illis
1874 1075 2041 1147 649

420 1218 425 1223 ,
452 1162 658 1245 melius
676 1163 1003 1241 consulant;
1034 1164 1209 1219 multo
1239 1164 1413 1235 magis
1454 1165 1620 1229 Deus,
1648 1165 1743 1234 qui
1782 1175 1838 1219 et
1869 1166 2041 1236 magis

452 1262 623 1317 amat,
656 1269 721 1309 ac
743 1268 856 1325 pra:
882 1255 1146 1310 omnibus
1178 1255 1356 1322 novit,
1382 1255 1531 1325 quod
1580 1255 1745 1312 nobis
1775 1256 1909 1311 utile
1946 1257 2035 1312 sit.

524 1428 752 1498 Didymi.
776 1429 1005 1483 --Cum
1036 1444 1218 1483 rerum
1268 1429 1538 1483 Conditor
1584 1430 1848 1485 'omnium
1908 1432 2035 1486 ani-

348 1568 356 1577 .
446 1534 664 1574 morum
695 1520 912 1573 occulta
940 1521 1179 1583 noverit,
1209 1520 1484 1574 universis
1521 1521 1798 1589 providet,
1827 1522 2032 1576 nedum

2149 352 2300 407 λεται
2330 354 2556 425 μᾶλλον,
2599 357 2765 429 μηδὲν
2788 359 2939 430 ἡμᾶς
2964 358 3198 430 πάσχειν
3231 360 3424 415 κακόν.

2158 563 2177 577 ς
2219 528 2333 582 Οὐκ
2358 525 2507 593 οἶδας
2541 530 2698 584 obsta
2732 533 3104 604 συμφέροντα,
3157 534 3435 606 ἄνθρωπε.
3470 538 3727 607 Πολλάκις

2147 618 2319 680 αἰτεῖς
2342 618 2612 691 ὲπιόλαὸῆ
2642 622 2737 681 καὶ
2769 622 3045 693 σφαλερὼ
3079 623 3197 677 ἀλλ’
3222 628 3429 690 ἐκεῖνος
3473 630 3502 682 6
3537 632 3727 698 μᾶλλον

2147 707 2448 778 κηδόμενός
2496 726 2590 763 σου
2640 711 2742 780 τῆς
2790 713 3089 784 σωτηρίας,
3145 715 3207 767 οὑ
3262 718 3326 786 τῇ
3377 718 3593 786 αἰτήσει
3635 738 3723 774 σου

2147 804 2439 871 προσέχει·
2499 802 2636 857 ἀλλὰ
2670 805 2777 874 πρὸ
2810 804 2913 875 τῆς
2943 807 3214 877 αἰτήσεως
3246 806 3308 860 τὸ
3337 810 3615 880 συμφέρον
3644 828 3727 866 σοι

2147 891 2427 962 πανταχοῦ
2458 895 2792 971 προνοεῖται.
2821 892 2886 948 Εἰ
2919 894 3031 965 γὰρ
3065 897 3114 948 οἰ
3141 896 3374 967 πατέρες
3402 899 3449 950 oi
3476 902 3725 969 σαρκικοί

2144 982 2204 1034 οὐ
2242 984 2421 1036 πάντα
2450 984 2665 1038 αἰτοῦσι
2714 988 2828 1049 τοῖς
2877 987 3038 1039 παισὶ
3086 987 3345 1051 διδόασιν,
3393 991 3493 1043 οὐκ
3543 993 3723 1066 ἐπειδὴ

2144 1075 2548 1147 καταφρονοῦσι
2612 1076 2723 1131 τῶν
2780 1077 3101 1146 αἰτούντων,
3155 1080 3273 1133 ἀλλ’
3316 1080 3504 1152 ἐπειδὴ
3553 1084 3723 1138 αὐτῶν

2146 1165 2346 1235 μᾶλλον
2374 1167 2664 1237 κήδονται·
2693 1167 2873 1239 πολλῷ
2902 1168 3105 1239 μᾶλλον
3127 1171 3156 1223 6
3175 1169 3333 1237 Θεὸς,
3360 1172 3390 1224 6
3412 1174 3508 1225 καὶ
3531 1174 3723 1243 μᾶλλον
3756 1177 3766 1225 ἔ

2142 1255 2316 1323 φιλῶν
2346 1259 2439 1310 καὶ
2463 1255 2625 1311 πλέον
2659 1257 2914 1312 ἁπάντων
2947 1255 3129 1323 εἰδὼς,
3175 1257 3238 1311 τὸ
3284 1259 3564 1330 συμφέρον
3594 1262 3725 1330 ἡμῖν

2142 1352 2306 1404 ποιεῖ.

2211 1440 2415 1508 Διδύμ.
2450 1471 2517 1479 -
2553 1440 2779 1494 Πάντων
2822 1438 2932 1493 τῶν
2978 1437 3214 1515 λογικῶν
3252 1437 3331 1511 (αξ)
3362 1438 3716 1509 ἐπιστάμενος

2139 1528 2201 1581 τὸ
2230 1530 2475 1601 κρυπτὸν
2520 1532 2548 1583 6
2589 1529 2954 1600 Δημιουργδς,
3002 1531 3313 1600 προνοεῖται
3339 1528 3449 1581 τῶν
3473 1528 3630 1592 ὅλων,
3655 1530 3714 1582 οὐ

446 1626 516 1665 ex
540 1610 797 1680 praesenti
820 1624 1017 1664 eorum
1043 1609 1245 1665 aﬂ‘ectu
1266 1626 1444 1681 exque
1476 1611 1546 1665 iis
1566 1628 1686 1681 qua:
1702 1622 2023 1682 operantur,

2147 1619 2303 1687 μόνον
2328 1618 2388 1683 ἐξ
2419 1613 2494 1672 ὧν
2523 1619 2826 1673 διάκεινται
2857 1618 2953 1672 καὶ
2982 1619 3343 1688 πράττουσιν,
3377 1617 3515 1671 ἀλλὰ
3547 1618 3638 1671 καὶ
3661 1617 3715 1684 ἐξ

444 1703 511 1757 ad
544 1702 781 1770 meliora
808 1703 1144 1771 provehens,
1179 1717 1374 1757 verum
1413 1702 1583 1758 etiam
1628 1718 1695 1759 ex
1748 1704 1859 1760 illis
1914 1722 2038 1776 qua:

448 1794 766 1868 praenoscit.
1344 1786 1345 1789 “

512 1887 663 1941 Beati
687 1880 1055 1958 Ephmm._—
1078 1883 1344 1939 Mundum
1371 1867 1516 1940 Deus
1546 1886 1851 1944 tolerantia
1897 1887 2038 1943 visi-

439 1984 520 2032 tat
540 1991 605 2031 ac
628 1982 812 2040 curat,
839 1974 1089 2030 futurum
1131 1974 1512 2041 subindicans,
1546 1990 1613 2030 ac
1648 1991 1893 2046 praesens
1920 1994 2038 2034 ma-

436 2069 552 2124 lum
576 2066 833 2122 terminis
859 2066 1203 2122 concludens
1230 2083 1245 2132 ;
1278 2065 1698 2136 improbitatem
1741 2070 2037 2140 praeceptis

440 2157 746 2222 reirenans,
780 2157 1087 2228 ultriceque
1105 2157 1445 2215 conscientia
1469 2158 1766 2215 sceleratas
1788 2175 1851 2215 ac
1883 2160 2037 2216 nefa-

438 2248 548 2303 rias
573 2256 789 2305 mentes
824 2248 1127 2319 castigans.

506 2360 749 2433 Epicuri.
779 2390 847 2401 —
871 2359 1061 2417 Gratia
1087 2360 1261 2417 beatae
1302 2360 1387 2417 illi
1432 2370 1664 2429 natura,
1719 2364 1865 2435 quod
1910 2380 2033 2435 quae

434 2444 748 2507 necessaria
776 2460 956 2513 erant,
1014 2451 1282 2521 parabilia
1331 2449 1495 2520 fecit;
1545 2468 1668 2524 qua:
1694 2467 1880 2510 autem
1922 2472 2032 2511 non

412 2541 769 2609 necessaria,
801 2550 994 2612 paratu
1024 2540 1287 2598 diliicilia.

1096 2654 1361 2712 Socrates.

432 2742 493 2804 Si
526 2748 655 2820 quid
672 2763 802 2802 cura
824 2754 1013 2817 potest,
1045 2762 1230 2820 cures;
1270 2749 1403 2820 utsi
1440 2746 1581 2820 Deus
1600 2749 1713 2820 ipse

541 2815 610 2874 Te
638 2815 910 2884 curat,bur
940 2823 998 2869 tu
1027 2815 1285 2870 sollicitus
1303 2816 1397 2870 tibi
1426 2819 1498 2871 eis
1520 2817 1546 2869 ?

2141 1705 2217 1765 ὧν
2246 1709 2615 1782 προγινώσκει
2643 1711 2794 1779 ἄγων
2824 1709 2929 1780 τὴν
2960 1709 3264 1781 βελτίωσιν.

2219 1802 2331 1856 Τοῦ
2372 1802 2673 1872 μακαρίου
2715 1802 2990 1871 Ἐφραίμ.
3016 1832 3086 1842 -
3117 1802 3222 1854 Τὸν
3269 1800 3475 1870 κόσμον
3517 1799 3547 1851 6
3590 1798 3714 1862 Θεδς

2139 1891 2460 1964 ἀνεξικακίᾳ
2488 1893 2783 1944 ἐπισκοπεῖ
2803 1930 2818 1954 ,
2854 1889 2914 1943 τὸ
2950 1889 3149 1960 μέλλον
3177 1888 3555 1958 αἰνιττόμενος
3578 1927 3591 1950 ,
3628 1887 3716 1940 καὶ.

2135 1984 2198 2038 τὸ
2230 1985 2403 2055 παρὸν
2433 1984 2605 2037 κακὸν
2664 1984 2815 2053 ὅροις
2859 1979 3147 2051 στοιχίζων
3167 1997 3182 2011 ·
3229 1981 3294 2033 ὲκ
3330 1980 3429 2051 μὲν
3460 1982 3560 2050 τῆς
3589 1980 3717 2032 ἀπο-

2138 2078 2357 2145 φάσεως
2404 2073 2642 2146 χαλινῶν
2688 2073 2785 2143 τὴν
2829 2073 3130 2146 πονηρίαν’
3181 2070 3272 2125 διὰ
3316 2070 3383 2123 δὲ
3442 2070 3545 2140 τῆς
3594 2086 3715 2123 συν-

2139 2166 2400 2236 ειδὴσεως
2442 2164 2543 2228 τὰς
2581 2165 2799 2233 ἐναγεῖς
2829 2164 2927 2219 καὶ
2983 2160 3228 2235 πονηράς
3259 2162 3497 2226 διανοίας
3544 2178 3715 2231 τιμω-

2139 2254 2232 2328 ρού
2240 2273 2423 2326 μενος.
3276 2320 3281 2323 _

2217 2368 2591 2436 Ἑπικούρου.
2622 2397 2693 2409 -
2719 2366 2898 2440 Χάρις
2921 2367 2989 2437 τῇ
3034 2366 3286 2438 μακαρίᾳ
3315 2364 3510 2434 φύσει,
3540 2362 3625 2417 ὅτι
3648 2366 3715 2420 τὰ

2131 2462 2407 2529 ἀναγκαῖα
2460 2460 2717 2532 εποίησεν
2761 2460 3093 2532 εὐπόρισταο
3129 2446 3212 2513 ’τὰ
3250 2457 3310 2512 δὲ
3354 2455 3716 2528 δυσπόριστα,

2130 2554 2233 2607 οὐκ
2261 2553 2555 2620 ἀναγκαῖα.

2749 2661 3087 2731 Σωκράτης.

2130 2756 2201 2806 El
2229 2751 2298 2806 τὸ
2316 2751 2531 2822 μέλειν
2551 2752 2806 2807 δύναται
2826 2769 2902 2815 τι,
2929 2750 3188 2822 μέριμνα
3211 2750 3312 2822 καὶ
3327 2749 3577 2822 μετιέτω
3596 2764 3714 2803 σοι.

2129 2825 2199 2891 Εἰ
2228 2822 2297 2877 δὲ
2314 2820 2486 2893 μέλει
2511 2823 2647 2892 περὶ
2672 2822 2792 2877 σοῦ
2837 2820 3099 2890 δαίμονι,
3133 2820 3237 2874 σοι
3275 2821 3333 2874 τί
3355 2820 3579 2889 pust;

502 2926 763 2981 Platonis.
788 2956 861 2966 —
881 2924 1021 2981 Cum
1046 2925 1194 2981 Deus
1236 2924 1479 2982 faustum
1511 2926 1839 2997 felicemque
1885 2928 2021 2983 civi

2196 2933 2469 2990 Πλάτων.
2496 2965 2567 2976 -
2591 2934 2761 2988 Ὅταν
2795 2932 3053 3004 βούληται
3096 2932 3230 2994 Θεὸς
3276 2918 3335 2985 εὖ
3381 2930 3597 3000 πρᾶξαι
3628 2930 3716 2986 τιό-

432 3015 561 3072 tatis
583 3025 780 3071 statum
812 3015 1080 3081 voluerit,
1124 3016 1277 3072 viros
1322 3016 1500 3072 bonos
1522 3032 1589 3072 ac
1648 3017 1799 3073 cives
1846 3018 2018 3086 facit;

433 3119 556 3161 cum
582 3121 716 3162 vero
741 3106 990 3163 futurum
1016 3114 1080 3161 ut
1110 3106 1330 3163 aﬂlictis
1376 3110 1546 3165 rebus
1586 3110 1804 3165 laboret
1850 3113 2021 3168 male-

2126 3023 2230 3089 λιν,
2262 3024 2463 3096 ἄνδρας
2491 3024 2731 3094 ἀγαθοὺς
2758 3024 3020 3095 ἐποίησεν
3039 3039 3052 3053 ⁸
3081 3024 3214 3078 ὅταν
3234 3022 3293 3076 δὲ
3321 3021 3493 3093 μέλλῃ
3527 3021 3715 3085 κακῶς

2127 3115 2360 3187 πράξειν
2391 3117 2570 3184 πόλις,
2601 3116 2773 3183 ἐξεῖλε
2801 3117 2933 3180 τοὺς
2964 3114 3165 3186 ἄνδρας
3192 3116 3320 3178 τοὺς
3351 3114 3605 3182 ἀγαθοὺς
3652 3115 3717 3167 ὲκ

427 3210 538 3267 que
561 3196 797 3261 habeat,‘
816 3186 998 3252 bones
1024 3212 1094 3253 ex
1118 3213 1183 3253 ea
1212 3198 1362 3254 viros
1408 3199 1691 3256 subducit.
1731 3200 1813 3255 Ita
1845 3201 1907 3256 ﬁt
1959 3212 2021 3258 ut

2147 3208 2331 3279 ταύτης
2356 3209 2457 3279 τῆς
2487 3209 2717 3274 πόλεως.
2746 3207 2935 3272 Οὕτως
2974 3207 3154 3261 ἔοικεν
3181 3207 3303 3260 οῦτε
3339 3206 3604 3261 διδακτὸν
3637 3186 3714 3259 εἷ-

427 3286 607 3342 virtus
631 3302 812 3356 neque
840 3285 943 3341 sub
965 3285 1274 3341 doctrinam
1303 3288 1485 3353 cadat,
1514 3304 1619 3343 nec
1633 3288 1704 3343 sit
1727 3291 2017 3359 naturalis,

424 3376 527 3433 sed
557 3377 749 3433 divino
767 3377 882 3434 fato
899 3393 965 3434 ac
988 3378 1361 3450 providentia,
1410 3379 1522 3435 illis
1564 3379 1662 3450 qui
1683 3396 1748 3435 ea
1784 3382 2020 3437 fulcian-

426 3474 541 3534 tur,
570 3468 819 3525 advenit.

494 3564 643 3621 Deus
663 3563 872 3631 omnia,
904 3578 973 3622 ac
1000 3580 1126 3621 cum
1147 3565 1280 3631 Deo,
1300 3565 1523 3622 fortuna
1549 3574 1608 3622 et
1640 3546 2016 3638 teinpus,qua:

424 3656 668 3712 humana
695 3665 848 3722 sunt,
878 3657 1198 3729 gubernant
1240 3658 1477 3727 omnia,

1000 3789 1234 3848 SERMO
1255 3791 1446 3847 XLIX.

701 3902 782 3960 De
811 3903 1109 3961 humilitate
1134 3921 1421 3977 censusque
1451 3906 1726 3963 modestia.

492 4018 624 4074 Luc.
645 4034 758 4083 xrv,
785 4018 873 4072 Η.
907 4048 978 4060 —-
1000 4016 1194 4072 Omnis
1219 4018 1316 4087 qui
1350 4032 1410 4072 se
1431 4017 1655 4081 exaltat,
1687 4017 2008 4073 humiliabi-

404 4117 516 4164 .tur
550 4125 579 4170 ιλ
604 4117 663 4164 et
692 4107 799 4177 qui-
823 4121 883 4162 se
915 4105 1194 4170 humiliat,
1217 4105 1572 4162 exaltabitur.

489 4201 645 4255 Rom.
678 4216 774 4265 xu,
794 4200 958 4255 i6.—
983 4198 1104 4254 Non
1120 4199 1231 4254 alta
1259 4199 1557 4268 sapientes,
1579 4199 1677 4255 sed
1698 4215 1798 4256 vos
1825 4200 2008 4256 humi-

422 4291 572 4346 libus
600 4290 1104 4346 accommodantes.
1405 4289 1409 4293 ’

490 4381 650 4437 Prov.
681 4399 829 4449 xxix,
851 4382 941 4437 25.
978 4412 1049 4423 -
1073 4381 1314 4437 Modeste
1343 4380 1620 4452 sapientes
1654 4383 1850 4441 evehet
1889 4386 2006 4458 glo-

422 4475 501 4531 ria
526 4476 817 4530 Dominus.

376 4600 377 4603 η
488 4566 657 4623 Eceli.
678 4582 757 4627 ur,
789 4566 881 4621 20.
911 4595 981 4605 -
1016 4564 1233 4631 Quanto
1276 4566 1450 4635 major
1474 4579 1555 4629 es,
1613 4574 1768 4621 tanto
1796 4578 1849 4622 te
1893 4567 1995 4622 bu-

2123 3319 2240 3365 ναι,
2277 3300 2407 3355 οὔτε
2432 3299 2614 3371 φύσει,
2644 3301 2850 3373 ἀρετή·
2882 3297 3018 3355 ἀλλὰ
3042 3298 3164 3370 Θεία
3200 3297 3365 3371 μοίρᾳ
3395 3296 3711 3369 παραγίνε-
3776 3285 3784 3293 ’

2120 3408 2214 3446 ται
2241 3390 2566 3462 κτωμένοις.
2874 3392 2883 3401 ’

2203 3570 2261 3623 '0
2306 3568 2442 3633 Θεὸς
2473 3567 2649 3622 πάντα
2675 3608 2690 3634 ,
2721 3568 2816 3622 καὶ
2843 3566 2981 3638 μετὰ
3009 3566 3145 3620 Θεοῦ
3185 3567 3324 3637 τύχη
3358 3565 3452 3621 καὶ⁵
3486 3564 3707 3637 καιρὸς,

2117 3659 2190 3713 τὰ
2214 3657 2534 3731 ἀνθρώπινα
2556 3657 2952 3728 διακυὸερνὼσι
2983 3656 3299 3727 σύμπαντα.

2668 3791 2890 3845 ΛΟΓΟΣ
2928 3789 3044 3845 ΜΘ’
3073 3791 3111 3822 ¹¹
3126 3806 3147 3826 ο

2518 3900 2660 3969 Περὶ
2693 3899 3277 3969 ταπεινοςςροσύνης.

2184 4021 2371 4073 Acme.
2409 4014 2499 4070 ιδ’.
2524 4016 2731 4079 -Πᾶς
2771 4015 2802 4070 6
2846 4014 2996 4085 ὑψῶν
3026 4012 3241 4077 ἑαυτὸν,
3283 4012 3703 4086 ταπεινωθήσε-

2111 4126 2203 4163 ται
2222 4126 2237 4141 “
2268 4109 2366 4163 καὶ
2395 4110 2424 4162 6
2454 4105 2728 4161 ταπεινῶν
2756 4105 2969 4165 ἑαυτὸν.
3000 4105 3371 4175 ὑψωθήσεται.

2196 4202 2360 4271 Ῥωμ.
2397 4201 2497 4266 ιβ’.
2516 4198 2690 4269 -Μὴ
2714 4197 2783 4251 τὰ
2814 4196 2995 4269 ὑψηλὰ
3030 4196 3380 4268 φρονοῦντες,
3412 4194 3563 4250 ἀλλὰ
3588 4197 3703 4260 τοῖς

2037 4290 2079 4344 D
2108 4295 2388 4356 ταπεινοῖς
2420 4289 2882 4359 συναπαγόμενοι.

2179 4385 2427 4449 Παροιμ.
2468 4383 2579 4435 κθν.
2609 4411 2682 4424 -—
2708 4379 2848 4442 Τοὺς
2898 4376 3464 4448 ταπεινοφρονοῦντας
3513 4377 3701 4448 ἐγερεῖ

2108 4473 2239 4544 δόξῃ
2270 4472 2497 4543 Κύριος.

2178 4564 2360 4633 Σιρὰχ
2392 4563 2461 4633 γ’.
2514 4592 2582 4605 -
2610 4563 2776 4617 Ὅσον
2809 4560 2984 4631 μέγας
3015 4556 3094 4626 εἴ,
3126 4557 3380 4613 τοσοῦτον
3412 4559 3697 4615 ταπείνω-

418 4657 590 4720 milia,
627 4666 684 4711 et
710 4650 965 4711 invenies
996 4654 1228 4724 gratiam
1274 4654 1330 4707 in
1347 4654 1525 4709 oculis
1550 4655 1999 4728 Domini.Magna

2147 4670 2199 4706 ον
2232 4652 2461 4716 σαυτὸν,
2504 4652 2599 4706 καὶ
2629 4651 2806 4705 ἔναντι
2852 4651 3058 4721 Κυρίου
3089 4651 3349 4722 εὑρήσεις
3376 4665 3547 4722 χάριν
3566 4665 3581 4681 ⁸
3615 4651 3695 4704 ὅτι

413 4763 655 4818 namque
684 4756 771 4802 eat
804 4745 1049 4817 potentia
1095 4744 1334 4811 Domini,
1363 4752 1421 4799 et
1440 4744 1510 4799 ab
1540 4745 1847 4800 humilibus
1878 4748 1998 4817 glo-

413 4840 744 4895 rilicabitur.

480 4928 693 4985 Basilii.
716 4958 789 4969 —
815 4928 962 4983 Fieri
1003 4941 1114 4982 non
1157 4933 1341 4997 potest
1366 4941 1495 4981 eum
1529 4925 1625 4997 qui
1656 4942 1716 4983 se
1745 4926 1993 4985 inﬁmum

483 5069 525 5103 ⁸¹
554 5068 617 5125 ιιι
631 5066 797 5124 Gesn.
823 5064 1042 5121 Stobaeo
1068 5056 1175 5119 42.

2109 4745 2317 4816 μεγάλη
2347 4746 2381 4815 ἡ
2407 4744 2639 4815 δύναμις
2683 4742 2888 4814 Κυρίου
2913 4782 2928 4809 ,
2979 4742 3074 4796 καὶ
3118 4742 3223 4796 ὑπὸ
3259 4741 3369 4797 τῶν
3409 4741 3694 4823 ταπεινῶν

2102 4836 2515 4907 δοξασθήσεται.
3055 4826 3063 4835 ’

2177 4928 2527 4983 Βασιλείου.
2579 4956 2627 4965 —-
2661 4926 2973 4996 Ἀμήχανον
3007 4926 3099 4981 τὸν
3131 4925 3208 4997 μὴ
3238 4924 3692 4995 καταδεξάμενον

1937 5132 2170 5189 NOTAE.

483 5241 560 5349 (ἀ)
590 5273 874 5355 ⁸Πάντων
918 5270 1589 5355 ,τῶνῃλογικῶνηΝξξιίι
1632 5280 1762 5354 apte
1809 5269 1975 5355 Gesn.

408 5340 571 5401 Forte
590 5343 891 5413 λογισμῶν,
918 5340 1215 5413 intulitque
1247 5340 1442 5413 textui,
1488 5340 1739 5396 Omnium
1773 5344 1977 5411 cogita-

2086 5285 2156 5326 eo
2184 5285 2351 5326 sensu
2386 5277 2645 5334 utuntur.
2696 5270 2763 5325 de
2794 5268 3020 5340 angelis”
3061 5266 3274 5338 pariter
3328 5267 3682 5340 ethornini-

2087 5341 2210 5396 bus.
2243 5340 2452 5395 [lorum
2472 5356 2615 5410 ergo
2639 5349 2851 5395 secreta
2871 5337 3147 5402 cordiu’m,
3177 5352 3306 5410 cum
3332 5337 3475 5410 sciat
3503 5337 3677 5410 Deus,

407 5418 611 5470 tianum
631 5405 1206 5493 abscondita.‘Aptius,
1238 5411 1385 5482 quod
1411 5420 1731 5493 constanter
1759 5405 1978 5493 codices
2085 5411 2203 5481 ipse
2226 5424 2422 5493 eorum
2458 5405 2735 5473 conditur,
2760 5418 3069 5493 cunctaque
3093 5407 3377 5493 praasciat,
3390 5405 3517 5493 “sic
3569 5407 3681 5493 illis

405 5487 635 5547 nubent,
665 5485 775 5536 τῶν
808 5478 1060 5552 λογικῶν,
1112 5478 1414 5552 animorum
1440 5478 1973 5552 etintelligentium,

400 5571 513 5626 qua
547 5568 682 5612 voce
707 5554 910 5623 passim
933 5550 1107 5619 0rig.,
1144 5551 1412 5607 Maximus
1468 5551 1672 5622 aliique
1714 5550 1974 5624 theologi

2083 5475 2360 5550 providet,
2396 5496 2505 5536 non
2536 5495 2639 5549 pro
2662 5478 2919 5548 praesenti
2951 5475 3219 5532 duntaxat
3269 5475 3515 5547 iustitia,
3562 5485 3693 5531 etc-
