3990 6176
376 254 478 314 1M7

1533 248 1594 309 S.
1635 242 1921 307 MAXIMI
1967 239 2477 307 CONFESSORIS

3530 237 3637 301 948

447 355 713 410 Socratis.
744 385 812 396 —
840 352 900 407 in
932 344 1279 424 navigatione
1322 352 1808 423 obtemperantium
1853 366 1954 422 gu-

2132 359 2467 431 Σωκράτης.
2488 359 2662 414 -Έν
2686 358 2788 430 μὲν
2812 355 2891 429 τῷ
2925 356 3105 422 πλεῖν,
3130 350 3425 406 πείθεσθαι
3445 350 3528 403 δεῖ
3557 350 3636 423 τῷ

377 452 686 517 tier-uiatori;
731 450 787 505 in
832 450 976 515 vita,
1023 450 1075 504 ei
1123 448 1217 519 qui
1264 446 1559 518 plurimum
1607 446 1816 502 ratione
1864 457 1962 500 va-

365 541 560 601 luerit.

917 673 1078 745 65],
1113 672 1342 732 SERMO
1370 676 1433 732 L.

996 788 1079 843 De
1118 790 1351 843 medicis.

459 897 654 953 Matth.
684 914 759 964 rx,
795 898 884 952 12.
904 928 979 939 -
1003 899 1125 954 Νοη
1159 909 1245 955 est
1268 916 1409 971 opus
1432 900 1746 956 valentibus
1785 899 1964 955 medi-

390 1004 505 1051 cus,
532 990 627 1044 sed
654 990 795 1045 male
836 990 1193 1045 habentibus.

456 1080 619 1134 Hebr.
650 1097 745 1145 xu,
779 1081 869 1133 15.
906 1108 981 1121 -
1009 1079 1243 1135 Cressus
1280 1088 1466 1135 rectos
1514 1079 1678 1134 facite
1732 1078 1971 1148 pedibus

392 1162 612 1237 vestris,
646 1183 708 1228 ut
745 1187 858 1227 non
885 1172 1206 1228 claudicans
1226 1173 1353 1243 quis
1377 1179 1552 1237 erret,
1578 1172 1755 1242 magis
1781 1181 1967 1225 autem

394 1269 645 1314 sanetur.

464 1352 633 1405 Eccli.
685 1368 907 1416 xxmtt,
952 1354 1005 1406 5.
1062 1384 1133 1395 -
1178 1354 1419 1409 Scientia
1465 1352 1665 1407 medici
1707 1351 1974 1405 exaltabit

397 1452 565 1510 caput
600 1445 743 1511 ejus,
761 1452 818 1498 et
853 1445 909 1497 in
930 1454 1232 1514 conspectu
1262 1452 1583 1516 magnatum
1612 1442 1970 1511 suspicietur.

467 1532 629 1586 Prov.
648 1592 654 1598 ,
671 1550 777 1598 xlv,
808 1534 897 1586 30.
922 1564 992 1573 —
1014 1534 1333 1589 Mansuetus
1356 1536 1459 1597 vir,
1489 1533 1673 1588 cordis
1699 1531 1972 1586 medicus.

470 1621 680 1677 Basilii.
712 1653 782 1663 ——-
807 1623 997 1692 Neque
1023 1625 1254 1679 omnino
1308 1624 1566 1694 fugienda
1598 1639 1689 1677 ars
1735 1622 1972 1685 medica,

2065 452 2376 525 κυϐερνήτῃ
2396 469 2410 482 ·
2444 452 2503 506 ὲν
2531 452 2590 505 δὲ
2617 450 2698 522 τῷ
2729 449 2859 521 ζῇν,
2892 447 2975 520 τῷ
2997 444 3314 515 λογίζεσθαι
3346 441 3633 514 δυναμένῳ

2068 542 2299 613 βέλτιον.

2634 697 2856 752 ΛΟΓΟΣ
2889 696 2952 750 N'
2985 696 3051 752 ".

2631 810 2770 880 Περὶ
2824 808 3064 878 ἰατρῶν.

2138 928 2322 980 Muta.
2361 928 2429 979 θ’.
2464 922 2633 978 -Ού
2683 922 2878 994 χρείαν
2927 920 3149 991 ἔχουσιν
3205 920 3260 973 οἱ
3304 918 3638 986 ὑγιαίνοντες

2071 1014 2282 1084 ἰατροῦ,
2318 1014 2434 1067 ἀλλ’
2457 1016 2506 1067 οἱ
2532 1012 2717 1075 κακῶς
2745 1011 2984 1081 ἔχοντες.
3083 1076 3087 1080 _

2151 1104 2373 1169 Ἐϐραί.
2443 1102 2539 1167 ιβ’.
2571 1130 2639 1141 -
2668 1099 2905 1173 Τροχίας
2967 1097 3136 1169 ὀρθὰς
3204 1097 3469 1168 ποιήσατε
3529 1098 3645 1159 τοῖς

2071 1200 2228 1252 ποσὶν
2277 1197 2452 1268 ὑμῶν,
2495 1196 2584 1249 ἴνα
2632 1193 2708 1264 μὴ
2744 1192 2806 1246 τὸ
2846 1191 3018 1261 χωλὸν
3058 1191 3309 1260 ἐκτραπῇ
3340 1228 3357 1254 ,
3410 1189 3534 1257 ἰαθῇ
3585 1186 3644 1240 δδ

2075 1289 2291 1359 μᾶλλον.
3069 1295 3073 1299 ’

2145 1379 2270 1443 Σιρ.
2302 1379 2419 1442 λη’.
2444 1405 2513 1416 -—
2539 1375 2849 1445 Ἑπιστήμη
2877 1372 3065 1446 ίατροῦ
3095 1370 3373 1437 ἀνυψώσει
3404 1367 3646 1440 κεφαλὴν

2074 1465 2239 1519 αὑτοῦ
2258 1483 2269 1495 ·
2303 1467 2399 1519 καὶ
2430 1464 2612 1518 ἔναντι
2645 1465 2986 1535 μεγιστάνων
3017 1462 3574 1533 θαυμαστωθήσεται.

2145 1561 2389 1626 Παροιμ.
2416 1558 2509 1613 ιδ’.
2537 1587 2605 1596 -—
2624 1555 2954 1628 Πραΰθυμος
2983 1553 3146 1623 ἀνὴρ,
3180 1553 3410 1624 καρδίας
3440 1551 3646 1620 ἱατρός.

2141 1648 2489 1702 Βασιλείου.
2518 1675 2590 1686 -—-
2619 1646 2757 1700 Οὑτε
2782 1646 3048 1714 φευκτέον
3075 1645 3255 1713 πάντη
3298 1642 3401 1713 τὴν
3428 1642 3649 1711 τέχνην,

403 1727 505 1767 nec
534 1727 669 1767 vero
692 1728 793 1781 par
809 1722 917 1778 est,
953 1722 1014 1767 ut
1040 1722 1259 1769 nostras
1297 1729 1494 1770 omnes
1526 1714 1586 1768 in
1629 1728 1752 1768 eam
1799 1714 1976 1784 jacte-

2112 1739 2204 1793 ὖτε
2232 1741 2319 1794 ἐπ’
2346 1741 2482 1810 αὑτῇ
2509 1740 2690 1803 πάσας
2730 1740 2827 1802 τὰς
2859 1739 3084 1801 ἐλπίδας
3135 1737 3283 1807 ἔχειν
3319 1733 3649 1789 ἀκόλουθον

403 1819 530 1859 mus
561 1819 706 1873 spes.
747 1804 876 1868 Sed,
909 1804 1055 1859 sicut
1105 1806 1319 1860 utimur
1359 1806 1587 1876 quidem
1622 1804 1978 1876 agricultura,

406 1910 534 1950 eum
559 1902 745 1947 tamen
768 1909 799 1947 a
822 1894 940 1948 Deo
968 1893 1181 1949 fructus
1200 1902 1492 1965 petamus;
1537 1902 1593 1950 et
1622 1892 1981 1966 gubernatori

407 1988 626 2042 clavum
679 1985 980 2048 credimus,
1022 1986 1121 2040 sed
1170 2001 1201 2040 ο
1250 1987 1367 2041 Deo
1416 2002 1448 2041 a
1497 1987 1695 2057 pelago
1750 1981 1981 2037 liberari

410 2076 798 2145 exposcimus;
826 2075 907 2130 sic
931 2084 987 2130 et
1014 2076 1287 2131 medicum
1315 2077 1666 2141 adhibentes,
1691 2076 1760 2131 ab
1783 2091 1845 2130 ea
1864 2089 1983 2144 spe,

411 2187 534 2241 quae
556 2178 641 2226 est
670 2170 727 2224 in
759 2171 954 2236 Deum,
982 2186 1096 2226 non
1128 2172 1500 2226 abscedimus.

482 2261 746 2317 Indoctus
771 2262 1021 2316 medicus
1051 2262 1121 2317 ad
1148 2269 1385 2333 :egrotos
1424 2263 1719 2327 admissus,
1782 2260 1986 2314 nedum

414 2355 706 2409 sanitatem
746 2354 855 2408 illis
896 2371 1006 2409 non
1052 2355 1330 2419 restituet,
1364 2370 1560 2410 verum
1616 2348 1784 2409 etiam
1838 2351 1987 2422 quod

412 2447 673 2515 exiguum
703 2445 815 2500 illis
840 2446 1043 2499 virium
1082 2454 1345 2516 superest
1375 2445 1609 2501 auferet.

486 2537 750 2608 Theologr'.
777 2566 848 2577 ——
876 2536 1132 2591 Nostram
1165 2536 1525 2601 medicinam,
1578 2552 1641 2590 ea
1676 2552 1801 2604 qua:
1845 2536 1989 2589 circa

415 2642 618 2697 corpus
654 2634 933 2691 versatur,
985 2626 1147 2697 longe
1203 2625 1569 2680 difficiliorem
1618 2634 1774 2694 puto,
1827 2632 1992 2691 atque

419 2717 626 2772 ideirco
650 2716 1143 2779 honorabiliorem,
1169 2714 1316 2784 quod
1367 2715 1480 2781 illa,
1513 2728 1690 2783 pauca
1742 2712 1993 2781 qumdam

420 2812 473 2863 in
512 2807 786 2878 profundo
815 2808 1042 2861 latentia
1093 2805 1475 2869 considerans,
1510 2805 1813 2875 plurimum
1846 2804 1992 2857 circa

418 2915 505 2963 ea,
545 2914 668 2968 quae
690 2898 794 2952 sub
827 2898 1020 2953 oculos
1054 2895 1281 2958 cadunt,
1322 2903 1616 2959 _versetur;
1665 2895 1766 2947 rios
1809 2901 1994 2947 autem

420 2986 640 3044 occulto
663 2988 846 3043 cordis
888 2987 1110 3042 homine
1145 2986 1392 3041 sanando
1420 3000 1583 3040 omne
1630 2985 1872 3039 studium
1923 2998 1989 3037 ac

422 3095 611 3136 curam
649 3094 944 3149 ponamus.

422 3187 663 3259 Indigna,
696 3195 855 3259 atque
890 3189 1020 3243 mali
1041 3189 1385 3251 insatiabilis,
1411 3188 1592 3243 ulcera
1622 3187 1822 3252 celans,

561 3258 724 3328 nfelia:
747 3258 954 3329 semper
980 3264 1160 3329 putria
1190 3260 1422 3312 membra
1447 3268 1610 3329 geret.

499 3371 767 3447 Chrysost.
796 3402 865 3413 —-
896 3373 1166 3428 Existimo
1193 3389 1304 3428 non
1337 3372 1562 3439 frustra,
1595 3387 1699 3427 nec
1723 3373 1828 3427 nisi
1854 3372 2001 3443 justa

432 3465 645 3522 ratione
678 3466 937 3521 statuisse
975 3475 1196 3521 veteres
1223 3466 1491 3532 medicos,
1545 3473 1609 3519 ut
1654 3463 2002 3520 diversorum

428 3556 500 3610 ad
519 3564 693 3611 artem
719 3556 990 3611 medicam
1020 3572 1085 3611 ac
1109 3556 1479 3627 chirurgicam
1507 3555 2004 3611 instrumentorum

398 3647 701 3703 'exhibitio
747 3663 934 3702 coram
975 3663 1040 3702 ac
1086 3647 1311 3717 publice
1360 3648 1538 3712 ﬁeret,
1578 3663 1691 3717 quo
1741 3648 2005 3702 nimirum

429 3754 527 3792 eos
563 3738 657 3808 qui
688 3740 805 3793 sani
840 3746 1026 3795 essent
1050 3739 1327 3795 cautiores
1355 3738 1678 3804 redderent,
1725 3753 2006 3809 praemon-

408 3838 674 3891 ‘strantes
716 3830 938 3900 quantis
996 3830 1106 3886 illis
1150 3845 1312 3901 opus,
1367 3830 1415 3885 si
1461 3829 1846 3899 incomposite,
1904 3844 2010 3885 nec

429 3920 576 3989 iusta
610 3918 745 3975 satis
765 3920 947 3973 victus
968 3919 1205 3984 ratione,
1231 3918 1470 3988 egerint.

506 4010 666 4083 Greg.
716 4010 875 4081 Nysa.
912 4040 981 4053 —-
1007 4009 1224 4076 Quanto
1276 4008 1635 4079 praestantior
1672 4015 1756 4063 est
1806 4008 2010 4069 anima.

2084 1830 2201 1885 ἀλλ’
2233 1831 2309 1893 ώς
2342 1830 2660 1901 κεχρήμεθα
2690 1829 2791 1898 μὲν
2821 1831 2888 1899 τῇ
2920 1830 3202 1899 γεωργικῇ
3227 1844 3240 1855 ο
3267 1824 3571 1893 αἰτούμεθα
3595 1822 3654 1876 δὲ

2084 1922 2238 1993 παρὰ
2259 1922 2338 1993 τῷ
2365 1922 2484 1993 Θεῷ
2508 1924 2635 1984 τοὺς
2661 1921 2936 1991 καρπούς·
2967 1920 3061 1972 καὶ
3113 1917 3189 1987 τῷ
3215 1917 3531 1987 κυϐερνήτῃ
3563 1914 3657 1983 μὲν

2086 2016 2146 2068 τὸ
2173 2015 2436 2086 πηδάλιον
2462 2012 2851 2082 ἐπιτρέπομεν,
2900 2011 2980 2081 τῷ
3008 2010 3128 2081 θεῷ
3153 2010 3211 2064 δὲ
3232 2004 3661 2079 ’προσευχόμεθα

2086 2107 2152 2159 ἐκ
2176 2104 2272 2158 τοῦ
2302 2103 2573 2174 πελάγους
2618 2102 2972 2173 ἀποσωθῆναι
2998 2141 3014 2165 ,
3046 2101 3191 2155 οὕτω
3216 2100 3315 2153 καὶ
3343 2098 3436 2153 τὸν
3478 2096 3662 2165 ἰατρὸν

2088 2197 2424 2264 εἰσάγοντες,
2453 2198 2553 2267 τῆς
2570 2190 2715 2265 ’πρὸς
2738 2195 2872 2251 Θεὺν
2900 2194 3120 2257 ἐλπίδος
3145 2193 3248 2247 οὐκ
3275 2187 3660 2261 ἀφιστάμεθα.

2171 2286 2585 2356 Ἀνεπιστήμων
2642 2284 2825 2355 ίατρδς
2875 2284 3012 2355 πρὸς
3077 2283 3389 2353 κάμνοντας
3441 2276 3664 2342 εἰσιὼν,

2090 2378 2211 2431 ἀντὶ
2254 2375 2349 2431 τοῦ
2376 2378 2456 2439 είς
2482 2374 2671 2443 ὑγείαν
2698 2375 2895 2438 αὐτοὺς
2923 2375 3322 2443 ἐπαναγαγεῖν,
3360 2370 3456 2422 καί
3477 2368 3546 2421 τὸ
3582 2385 3669 2438 μι-

2092 2468 2223 2539 κρὸν
2249 2467 2499 2537 λείψανον
2526 2468 2624 2536 τῆς
2646 2467 2931 2535 δυνάμεως
2965 2467 3307 2536 ἀφαιρεῖται.

2165 2561 2408 2630 Θεολόγ.
2435 2588 2505 2619 —_—
2532 2558 2643 2629 Τὴν
2675 2558 2797 2612 καθ’
2835 2559 2984 2628 ἡμᾶς
3020 2557 3273 2628 ἰατρικὴν
3305 2556 3406 2624 τῆς
3436 2556 3574 2625 περὶ
3602 2554 3671 2608 τὰ

2098 2652 2324 2721 σώματα
2346 2649 2754 2720 ἐργωδεστέραν
2774 2648 2997 2717 τίθεμαι
3021 2646 3241 2719 μακρῷ,
3266 2647 3364 2700 καὶ
3393 2646 3484 2698 διὰ
3508 2645 3673 2699 τοῦτο

2093 2741 2427 2812 τιμιωτέραν
2448 2757 2463 2771 ο
2492 2740 2590 2795 καὶ
2608 2740 2692 2793 ὅτι
2721 2739 2963 2802 ἐκείνους
2993 2738 3152 2806 ὀλίγα
3176 2736 3287 2790 τῶν
3312 2738 3372 2789 ὲν
3398 2734 3478 2804 τῷ
3519 2734 3674 2806 βάθει

2097 2829 2494 2884 κατοπτεύουσι
2522 2868 2539 2894 ,
2589 2829 2718 2899 περὶ
2766 2828 2827 2881 τὸ
2886 2828 3208 2897 φαινόμενον
3336 2827 3531 2880 πλεῖον
3576 2826 3675 2894 τῆς

2098 2920 2511 2990 πραγματείας·
2533 2920 2665 2988 ἡμῖν
2691 2919 2750 2971 δὲ
2772 2919 2901 2988 περὶ
2926 2918 3021 2970 τὸν
3044 2917 3283 2988 κρυπτὸν
3307 2920 3406 2987 τῆς
3438 2915 3677 2988 καρδίας

2023 3039 2067 3095 C
2101 3011 2385 3081 ἄνθρωπον
2419 3012 2452 3079 ἡ
2482 3012 2633 3064 πᾶσα
2658 3008 2925 3077 θεραπεία
2955 3024 3012 3060 τε
3040 3010 3134 3059 καὶ
3158 3005 3385 3076 σπουδή.

2101 3215 2358 3286 Χρηΐζων
2394 3213 2682 3286 παθέεοξσθ
2711 3212 3053 3286 ἀκορέςίτως
3075 3211 3140 3286 ¹ξ,
3167 3207 3424 3286 ἦνκακά
3463 3207 3682 3275 κεύθῃ,

2174 3279 2403 3339 Οῦποτε
2435 3284 2745 3351 σηπεδόνα
2771 3282 3052 3351 φεύξεται
3082 3279 3408 3349 ἀργαλέην.

2173 3401 2477 3466 Χρυσοστ.
2517 3424 2585 3435 -
2620 3391 2789 3464 Οἶμαι
2835 3395 2962 3457 τοὺς
3009 3392 3271 3464 ἀρχαίους
3314 3390 3422 3443 τῶν
3476 3387 3683 3459 ἰατρῶν

2104 3490 2203 3560 οὐχ
2240 3488 2431 3550 ἁπλῶς
2458 3486 2579 3539 οὑδὲ
2613 3485 2824 3553 ἀλόγως
2866 3483 3226 3553 νομοθετῆσαι
3255 3479 3685 3550 δημοσιεύεσθαι

2106 3582 2204 3652 τὴν
2256 3578 2367 3633 τῶν
2413 3578 2673 3631 ποικίλων
2721 3575 3022 3646 ἐργαλείων
3071 3572 3363 3638 ἐπίδειξιν·
3427 3570 3552 3625 ἀλλ’
3601 3570 3685 3624 ἴνα

2106 3670 2235 3734 τοὺς
2282 3669 2621 3736 ὑγιαίνοντας
2659 3666 3066 3735 ἀσφαλίζωνται
3092 3707 3106 3731 ,
3136 3661 3563 3751 προδεικνύντες
3594 3662 3688 3717 αὑ·

2108 3762 2218 3823 τοῖς
2246 3758 2462 3812 ὁπόσων
2488 3755 2852 3818 ἀτακτοῦντες
2878 3754 3185 3825 δεήσονται.

2187 4022 2371 4089 Γρηγ.
2398 4018 2672 4085 Νύσσης.
2696 4040 2767 4057 -ο
2791 4013 2964 4068 Ὀσον
2999 4015 3253 4083 κρεῖσσον
3276 4012 3423 4084 ψνχη
3453 4012 3556 4066 τοῦ
3586 4008 3691 4066 σώ-

436 4118 600 4171 quam
649 4116 873 4170 corpus,
916 4108 1069 4155 tanto
1108 4100 1332 4156 charior
1382 4100 1664 4170 plurisque
1725 4100 1989 4155 faciendu:

2119 4127 2322 4181 ματος,
2365 4108 2609 4177 τοσούτῳ
2649 4104 2977 4175 τιμιώτερος
3013 4105 3123 4157 τῶν
3166 4103 3235 4156 τά
3265 4101 3503 4174 σώματα
3538 4103 3690 4174 θεραο

437 4195 533 4263 qui
596 4192 852 4247 medetur
921 4191 1241 4258 animabus,
1299 4208 1464 4263 quam
1522 4192 1617 4263 qui
1685 4193 1989 4263 corporibu:

2119 4200 2417 4266 πευόντων,
2444 4200 2473 4253 6
2498 4197 2597 4262 τὰς
2628 4197 2806 4267 ψυχὰς
2831 4195 3149 4266 ἐξιώμενος.

441 4298 632 4340 curam
660 4281 976 4337 conferunt.

514 4376 744 4451 Didymi.
793 4403 863 4416 --
912 4373 1223 4431 Perfectum
1270 4375 1546 4431 medicum
1593 4375 1851 4441 dicimus,
1902 4390 1989 4429 nor

2194 4378 2472 4447 Διδύμου.
2525 4402 2598 4417 --
2644 4373 2865 4429 Τέλειον
2929 4372 3115 4443 ίατρδν
3160 4370 3415 4441 λέγομεν,
3481 4371 3544 4426 οὐ
3603 4369 3695 4423 τὸν

442 4468 538 4537 qui
566 4482 758 4522 omnes
782 4474 959 4533 sanat,
982 4465 1076 4520 sed
1107 4466 1202 4539 qui
1232 4466 1372 4522 nihil
1394 4467 1605 4522 omittit
1656 4478 1875 4532 eorum,
1900 4481 1989 4536 qu:

2124 4469 2496 4542 θεραπεύοντα
2527 4466 2772 4530 πάντας,
2811 4464 2948 4518 ἀλλὰ
2984 4464 3077 4517 τὶν
3111 4464 3275 4535 μηδὲν
3300 4461 3406 4516 τῶν
3437 4465 3523 4527 είς
3555 4459 3694 4532 ὠφε-

445 4561 510 4615 ad
543 4559 671 4631 aegri
709 4558 1002 4613 utilitatem
1033 4574 1335 4630 curamque
1371 4559 1708 4629 pertineant.
1948 4598 1955 4603 .

2120 4558 2273 4613 λειαν
2298 4558 2541 4630 ἡκόντων
2569 4556 2666 4610 καὶ
2694 4552 2999 4626 θεραπείαν
3030 4553 3463 4625 παραλείποντα.

518 4649 814 4721 Trophilus.
849 4679 918 4689 —
946 4649 1188 4721 Rogatus
1219 4650 1518 4720 Trophilus
1549 4649 1799 4705 medicus
1818 4691 1832 4715 ,
1873 4649 1989 4721 quis

2199 4652 2507 4720 Τρόφιλος.
2560 4678 2632 4688 -
2677 4645 2943 4718 Τρόφιλος
3002 4645 3185 4716 ίατρδς
3236 4644 3539 4716 ἐρωτηθεὶς
3592 4639 3694 4697 ὑπό

450 4756 573 4793 nam
594 4741 665 4795 sit
710 4722 986 4810 perfectus
1018 4740 1304 4795 medicus:
1346 4740 1420 4806 Is,
1477 4740 1677 4810 inquit,
1710 4739 1874 4811 652
1927 4757 1989 4810 qu

2122 4758 2287 4806 τινος,
2323 4741 2420 4804 Τίς
2453 4739 2519 4793 ἂν
2554 4738 2764 4806 γένοιτο
2792 4736 3001 4799 τέλειος
3038 4736 3243 4807 ἰατρὸς,
3281 4736 3341 4791 '0
3370 4735 3441 4788 τά
3475 4733 3692 4801 δυνατὰ,

447 4850 512 4886 ea
543 4847 665 4901 quae
694 4829 906 4901 possint
951 4831 1093 4899 ﬁeri,
1149 4845 1340 4903 quaeve
1371 4848 1486 4888 non
1537 4831 1774 4902 possint,
1828 4832 1989 4903 digno

2127 4833 2254 4905 ἔφη,
2286 4833 2380 4887 καὶ
2411 4831 2477 4885 τὰ
2504 4831 2579 4902 μὴ
2604 4829 2806 4884 δυνατά
2838 4829 3138 4900 δυνάμενος
3165 4828 3567 4898 διαγινώσκειν.

448 4924 613 4980 verit.

522 5005 752 5061 Neoclis.
781 5037 849 5062 .-—
890 5007 1145 5071 Neocles,
1195 5008 1340 5079 malo
1384 5007 1621 5078 quodam
1667 5009 1886 5063 medico
1933 5025 2029 5079 po-

455 5099 681 5153 tentiam
707 5099 984 5168 iactante:
1022 5100 1135 5165 Nae,
1192 5101 1392 5170 inquit,
1447 5101 1751 5170 potentiam
1785 5101 2030 5172 jactave-

454 5190 547 5255 ris,
589 5190 684 5262 qui
716 5203 824 5246 tam
856 5193 1305 5267 multosimpuue
1332 5194 1639 5249 sustuleris.

2199 5008 2590 5074 Νικοκλέους.
2640 5037 2713 5048 —
2747 5004 3025 5075 Νικοκλῆς
3067 5002 3241 5058 κακοῦ
3300 5020 3448 5069 τινος
3513 5000 3695 5073 ἰατροῦ

2130 5104 2408 5173 λέγοντος,
2436 5103 2519 5155 ὅτι
2551 5098 2794 5170 μεγάλην
2825 5096 2941 5168 ἔχει
2968 5096 3223 5168 δύναμιν,
3258 5095 3361 5167 ἔφη
3394 5136 3401 5143 .
3434 5095 3559 5157 Πῶς
3589 5094 3697 5164 γὰρ

2133 5196 2191 5249 ού
2223 5191 2438 5264 μέλλεις
2458 5191 2663 5259 λέγειν,
2692 5188 2751 5253 ὃς
2774 5187 3063 5252 τοσούτους
3096 5186 3389 5261 ἀνῃρηκὼς
3409 5186 3694 5247 ἀνεύθυνος

2134 5286 2363 5354 γέγονας
2381 5299 2397 5349 ;

522 5369 673 5426 Idem
699 5370 890 5428 felices
929 5373 1176 5430 medicos
1219 5373 1458 5439 dicebat,
1501 5374 1649 5444 quod
1684 5389 1879 5428 eorum
1911 5391 1981 5446 qu

2217 5374 2272 5428 '0
2301 5372 2462 5435 αὐτὸς
2505 5370 2631 5436 τοὺς
2683 5369 2911 5442 ίατροὺς
2953 5368 3200 5439 εὐτυχεῖς
3228 5367 3436 5438 ἔλεγεν,
3475 5365 3558 5420 ὃτι
3597 5359 3694 5425 τὰς

1759 5533 1987 5590 VARI/Ii
2026 5529 2433 5589 LECTIONES.

525 5642 568 5680 ³³
585 5646 679 5704 Est
711 5644 763 5699 in
789 5645 948 5704 Gesn.
985 5646 1140 5702 Stoh.
1178 5653 1305 5708 2&5.
1392 5651 1527 5707 "‘B.
1564 5649 1829 5711 πάθεσςιν
1867 5653 2198 5718 .ἁκέστοοος.
