3990 6176
290 384 293 387 λ
346 337 450 401 919
1056 324 1059 325 ⁷
1643 338 1814 399 LOCI
1851 336 2286 399 COMMUNES.
3487 329 3601 392 950

350 445 449 517 μὲν
504 416 798 516 ἐπιτυχίας
840 444 1021 499 αὐτῶν
1072 444 1299 531 νόἢλιος
1350 444 1483 517 ὀρῷ
1542 445 1644 510 τὰς
1691 447 1748 500 δὲ
1796 447 1926 500 ἀπο-

2031 446 2155 502 dem
2198 460 2515 507 successus,
2537 458 2601 498 ac
2618 443 2662 498 si
2691 440 2823 512 quid
2854 439 3030 494 fausta
3067 437 3313 505 cederet,
3352 438 3433 494 sol
3458 441 3600 511 aspi-

348 537 541 606 τυχίας
568 537 602 608 ἡ
629 535 705 607 γῆ
744 534 1032 591 καλύπτει.

2028 543 2217 600 ceret;
2247 549 2468 590 errores
2502 541 2684 588 autem
2707 540 2762 586 et
2781 531 2926 601 quod
2952 539 3067 584 arte
3092 539 3432 600 peccassent,
3460 540 3603 587 terra

2028 624 2290 693 operiret.

420 709 761 774 Στρατονίκ.
804 737 877 749 -
918 706 1275 780 Στρατόνικος
1341 707 1521 778 ἰατρὸν
1576 706 1922 772 κολακεύων,

2100 713 2390 769 Stratonic.
2430 744 2498 754 --
2540 711 2906 774 Stratonicus,
2952 710 3136 779 lepide
3180 709 3397 765 medico
3441 710 3600 766 blan-

351 797 558 865 ἐλεγεν,
597 798 836 852 Ἐπαινῶ
889 815 984 853 σου
1033 799 1136 868 τὴν
1189 800 1502 871 ἐμπειρίαν,
1547 798 1629 852 ὅτι
1679 798 1779 850 οὐκ
1830 798 1926 867 ἐᾷς

2031 802 2215 867 diens,
2247 803 2432 857 aiebat
2457 821 2471 856 :
2505 802 2699 857 Laudo
2723 809 2871 855 tuam
2897 800 3127 855 medicae
3152 801 3293 855 artis
3322 801 3602 871 peritiam,

350 888 477 950 τοὺς
520 886 844 959 ἀρρώστους
888 888 1310 959 κατασαπῆναιο
1355 889 1540 960 τάχιον
1582 888 1781 951 αὐτοὺς
1829 886 1925 940 τοῦ

2031 891 2178 961 quod
2213 899 2449 961 aegrotos
2477 891 2871 946 contabcsecre
2913 905 3024 943 non
3052 888 3224 953 sinas,
3277 889 3444 945 citius
3485 891 3607 946 illos

353 977 456 1056 ζῇν
493 978 851 1045 ἁπαλάσσων.

2029 981 2145 1036 vita
2166 981 2430 1036 liberans.

416 1070 757 1133 Δημώνακτ.
798 1102 867 1113 -
905 1072 1031 1137 Τοῖς
1072 1072 1501 1144 Ἀσκληπιάδαις
1537 1069 1741 1142 μείζων
1773 1069 1926 1140 ὀφεί-

2101 1071 2413 1125 Demonart.
2437 1100 2508 1110 —
2535 1067 2760 1125 Medicis
2800 1069 2975 1141 major
3003 1071 3180 1141 gratia
3206 1070 3483 1136 habenda,
3512 1073 3607 1141 qui

351 1156 502 1210 λεται
557 1158 721 1230 χάρις
776 1161 1155 1234 ἐπερχομένην
1207 1159 1596 1218 ἀναστέλλουσι
1654 1159 1830 1225 νόσον,
1892 1157 1926 1228 ἢ

2035 1158 2381 1229 ingruentem
2394 1158 2648 1213 morbum
2674 1167 2921 1225 arceant,
2939 1174 3102 1229 quam
3115 1161 3207 1230 qui
3223 1160 3334 1230 jam
3356 1161 3611 1216 laboratla-

349 1246 780 1314 παραπεσοῦσαν
842 1233 1194 1320 ίασαμένοις,
1255 1248 1350 1303 τοῦ
1408 1248 1520 1320 γὰρ
1580 1246 1925 1318 ἀπηλλάχθαι

2044 1255 2117 1303 tes
2149 1263 2430 1318 agrosque
2470 1248 2822 1316 curaverint;
2866 1249 3071 1304 etenim
3108 1251 3251 1305 malo
3283 1266 3397 1305 non
3446 1233 3620 1314 allici,

357 1335 529 1391 κακοῦ
551 1336 612 1391 τὸ
642 1338 718 1411 μὴ
751 1340 981 1411 πάσχειν
1010 1340 1394 1414 αἱρετώτερον.

2033 1355 2197 1410 quam
2231 1355 2299 1395 eo
2328 1339 2557 1394 liberari
2583 1341 2744 1411 longe
2783 1339 3223 1412 pratoptandum.

884 1454 1104 1509 ΛΟΓΟΣ
1170 1455 1280 1509 NA'
1333 1455 1401 1509 ".

2635 1449 2867 1505 SERMO
2917 1450 3006 1504 LI.

909 1545 1053 1612 Περὶ
1078 1545 1363 1611 πίστεως.

2706 1541 2786 1596 De
2817 1542 2944 1610 ﬁde.

430 1640 617 1692 Ματθ.
643 1636 727 1698 ιζ’.
756 1665 830 1677 -
870 1636 1043 1708 ’Δμὴν
1074 1636 1219 1705 λέγω
1244 1637 1395 1705 ὑμῖν,
1438 1637 1536 1691 ἐὰν
1568 1636 1722 1707 ἔχετε
1749 1634 1932 1689 πίστιν

2103 1627 2299 1683 Matth.
2327 1644 2460 1694 xvu,
2494 1631 2584 1686 19.
2623 1661 2686 1670 —-
2714 1630 2889 1686 Amen
2923 1630 3049 1686 dico
3088 1632 3268 1698 vobis,
3308 1632 3353 1687 si
3402 1632 3615 1689 habue-

354 1726 431 1788 ὡς
457 1728 656 1780 κόκκον
687 1726 961 1787 σινάπεως
986 1767 1001 1792 ,
1033 1728 1210 1797 ἐρεῖτε
1241 1725 1321 1796 τῷ
1358 1725 1474 1797 ὄρει
1519 1725 1714 1796 τούτῳ,
1750 1724 1930 1779 Μετά-

2141 1720 2378 1785 sﬁdem,
2417 1721 2562 1777 sicut
2603 1737 2834 1791 granum
2893 1723 3125 1793 sinapis,
3189 1723 3387 1779 dicetis
3437 1724 3611 1778 munti
3708 1708 3717 1719 ’

356 1818 482 1886 ϐηθι
530 1817 780 1871 ἐντεῦθεν
837 1818 987 1882 ἐκεῖ,
1037 1818 1133 1871 καὶ
1182 1816 1587 1889 μεταϐήσεται⁸
1642 1818 1736 1870 καὶ
1776 1815 1930 1868 οὐδὲν

2034 1810 2210 1866 huic:
2259 1811 2454 1867 Transi
2507 1813 2637 1867 hinc
2690 1813 2841 1877 illuc,
2899 1822 2957 1868 et
3012 1815 3323 1869 transibit:
3363 1824 3419 1870 et
3474 1814 3610 1869 nihil

356 1910 687 1980 ἀδυνατήσει
718 1908 865 1979 ὑμῖν.

2036 1901 2196 1958 vobis
2235 1902 2578 1972 impossibile
2600 1904 2728 1959 erit.

437 2020 559 2089 Ἐφ.
590 2019 673 2083 β’.
705 2050 777 2061 -
803 2020 1004 2090 Χάριτί
1036 2021 1161 2073 ἐστε
1201 2019 1537 2089 σεσωσμένοι
1577 2018 1666 2073 διὰ
1704 2020 1804 2089 τῆς
1840 2018 1931 2070 πί-

2107 2014 2302 2084 Ephes.
2332 2032 2391 2080 ιι,
2420 2015 2473 2071 8.
2501 2033 2572 2057 '—-
2597 2017 2781 2072 Gratia
2810 2019 2946 2074 estis
2973 2020 3169 2074 salvati
3215 2036 3314 2091 per
3336 2022 3521 2086 iidem,
3557 2032 3612 2078 et

358 2107 559 2174 ctewg,
582 2110 677 2164 καὶ
709 2110 869 2165 τοῦτο
898 2112 1000 2164 οὐκ
1030 2110 1090 2176 ἐξ
1122 2112 1308 2180 ὑμῶν’
1341 2110 1476 2164 Θεοῦ
1516 2110 1577 2163 τὸ
1602 2111 1796 2182 δῶρον,
1828 2111 1928 2163 οὐκ

2035 2104 2142 2160 hoc
2174 2121 2283 2161 non
2324 2121 2393 2161 ex
2425 2107 2615 2175 vobis;
2674 2109 2773 2163 Dei
2813 2111 2963 2166 enim
3015 2111 3222 2167 donum
3259 2123 3367 2179 est,
3408 2129 3520 2169 non
3544 2129 3611 2168 ex

353 2201 414 2266 ἐξ
437 2200 634 2272 ἐργων,
665 2202 752 2255 ἵνα
785 2203 858 2273 μή
884 2219 969 2266 τις
998 2204 1363 2273 καυχήσηται.

1302 2219 1363 2255 ιι,
2035 2196 2319 2266 operibus,
2341 2213 2411 2254 ne
2432 2198 2558 2268 quis
2585 2200 2878 2269 glorietur.

437 2293 586 2363 Έόρ.
610 2300 779 2348 ια’.-
807 2294 998 2357 Πίστις
1025 2293 1172 2346 ἐστὶν
1207 2293 1578 2364 ἐλπιζομένων
1608 2294 1928 2359 ὑπόστασις,

2104 2284 2265 2338 Hebr.
2294 2301 2369 2351 χι,
2410 2287 2460 2341 1.
2493 2317 2553 2330 —-
2583 2287 2748 2345 Fides
2780 2299 2867 2346 est
2908 2293 3320 2361 sperandorum
3357 2294 3613 2351 substan-

353 2385 698 2456 πραγμάτων
732 2385 953 2456 ἔλεγχος
979 2387 1042 2438 οὐ
1078 2385 1451 2456 βλεπομένων.

2036 2372 2132 2437 tia,
2163 2384 2548 2445 argumentum
2570 2392 2761 2433 earum
2790 2397 2999 2448 rerum,
3034 2399 3158 2453 quae
3183 2400 3292 2440 non
3323 2385 3607 2442 videntur.

424 2478 667 2543 ιῙαροιμ.
709 2476 810 2541 ιβ’.
840 2504 915 2521 --
945 2475 1435 2552 Ἐπιᾷεικνυμένην
1469 2476 1655 2529 πίστιν
1686 2477 1927 2544 ἀναγγε-

2092 2465 2379 2532 Ecli.xxlx,
2478 2468 2566 2524 l9.
2619 2501 2691 2511 ——
2747 2472 2973 2528 Planam
3028 2475 3192 2531 ﬁdem
3255 2479 3613 2533 annuntiabit

354 2565 438 2618 λεί
461 2568 538 2635 (a)
567 2566 793 2631 δίκαιος.
1514 2578 1517 2581 “

655 2584 793 2631 αιος,
1514 2578 1517 2581 λ
2027 2554 2231 2623 justus.

424 2659 608 2727 Σιρὰχ
653 2656 746 2712 ια’.
777 2687 850 2699 -
870 2658 1104 2712 Πίστευε
1137 2659 1217 2730 τῷ
1246 2659 1459 2732 Κυρίῳ,
1494 2659 1589 2712 καὶ
1620 2658 1824 2729 ἔμμενε
1852 2657 1929 2724 τῷ

2033 2699 2047 2709 ,
2104 2644 2387 2713 Eccli..xi,
2421 2648 2515 2705 22.
2548 2680 2617 2690 —
2646 2649 2875 2706 Conﬁde
2908 2652 2963 2707 in
2995 2653 3251 2718 Domino,
3287 2666 3344 2710 et
3376 2670 3533 2709 mane
3556 2657 3609 2710 in

354 2750 501 2837 ποθι»
543 2766 638 2803 σου
688 2750 796 2820 (ὸ)’
846 2751 930 2805 ὅτι
989 2749 1192 2820 κοῦφον
1251 2751 1310 2805 ἐν
1367 2751 1668 2822 ὀφθαλμοῖς
1720 2749 1928 2822 Κυρίου

2036 2732 2222 2788 labore
2253 2743 2369 2809 tuo.
2394 2736 2576 2793 Facile
2603 2739 2753 2793 enim
2786 2748 2873 2796 est
2901 2739 2958 2796 in
2978 2742 3158 2798 oculis
3183 2743 3401 2799 Domini
3428 2745 3612 2809 subito

355 2824 581 2905 ἐξῖπινα
614 2839 899 2894 πλουτίσαι
931 2842 1164 2912 πένητα.
2034 2824 2329 2881 δοθθδίπθ
2358 2842 2681 2898 Pauperem-

424 2932 605 2999 Σιρὰχ
632 2931 713 2996 β’.
747 2960 816 2971 -
850 2930 1007 2994 Δόσις
1052 2929 1260 3002 Κυρίου
1296 2932 1610 3001 παραμενεῖ
1638 2927 1925 2982 εὐσεϐέσι·

2105 2916 2270 2971 Eccli.
2308 2934 2371 2984 ιι,
2413 2918 2467 2973 6.
2499 2949 2571 2959 —
2609 2921 2768 2976 Datio
2813 2921 3033 2979 Domini
3091 2924 3441 2997 permanebit
3479 2926 3608 2996 piis.

354 3021 648 3075 πίστευσον
674 3021 846 3091 αὐτῷ,
878 3023 975 3074 καὶ
1010 3020 1364 3091 ἀντιλήψεται
1391 3038 1484 3074 σου
1517 3019 1610 3090 (c).

1348 3022 1364 3074 ε
1391 3038 1484 3074 σου
1517 3019 1610 3090 (ο),
1974 3070 1975 3073 η
2032 3006 2212 3061 Crede
2241 3007 2315 3073 ei,
2352 3017 2409 3063 et
2435 3010 2791 3064 auxiliabitnr
2818 3013 2919 3067 tui.

424 3115 645 3168 Βασιλ.
676 3143 748 3154 -
782 3112 975 3176 Πίστις
1003 3112 1244 3182 ἡγείσθω
1270 3110 1379 3166 τῶν
1409 3111 1540 3182 περὶ
1568 3110 1701 3164 Θεοῦ
1730 3110 1925 3179 λόγων.
1959 3141 2000 3200 C

2105 3092 2315 3147 Basilii.
2340 3123 2409 3134 —
2436 3094 2647 3151 Praeeat
2683 3096 2823 3153 ﬁdes
2860 3101 3231 3166 sermonibus,
3265 3102 3358 3173 qui
3402 3102 3468 3157 de
3500 3103 3611 3158 Deo

354 3203 567 3267 Πίστις,
598 3203 697 3257 καὶ
731 3203 806 3273 μὴ
838 3203 1133 3269 ἀπόδειξις.
1162 3202 1356 3267 Πίστις
1392 3205 1431 3274 ἡ
1462 3204 1605 3274 ὑπὲρ
1634 3205 1735 3267 τὰς·
1782 3203 1930 3272 λογι-

2037 3183 2333 3239 habentur.
2371 3185 2557 3251 Fides,
2588 3187 2837 3258 inquam,
2862 3206 2974 3246 non
3002 3201 3454 3263 argumentorum
3486 3211 3613 3265 pro.

355 3293 458 3355 κᾶς
489 3292 775 3363 μεθοδείας
809 3292 908 3361 τὴν
933 3291 1111 3362 ψυχὴν
1133 3295 1215 3355 είς
1239 3291 1637 3360 συγκατάθεσιν
1661 3291 1926 3345 ἓλκουσω

2038 3276 2210 3331 batio.
2231 3275 2411 3341 Fides,
2444 3293 2568 3347 quae
2590 3295 2756 3349 supra
2783 3282 2991 3352 logicas
3030 3287 3535 3356 argumentationes
3555 3298 3614 3342 et

357 3386 538 3448 πίστις
559 3424 574 3448 ,
625 3384 724 3454 οὐχ
754 3384 787 3454 ἡ
837 3385 1243 3453 γεωμετρικαῖς
1276 3383 1545 3453 ἀνάγκαις
1572 3424 1585 3447 ,
1620 3382 1759 3437 ἀλλὰ
1806 3384 1929 3446 ταῖς

2036 3368 2314 3421 rationum
2362 3368 2603 3438 pondera
2644 3372 2888 3428 animum
2941 3376 3008 3429 ad
3068 3393 3357 3433 assensum
3404 3379 3607 3433 trahat.

356 3476 451 3529 τοῦ
481 3474 799 3546 Πνεύματος
834 3474 1141 3546 ἐνεργείαις
1175 3474 1527 3545 ἐγγινομένη.

2036 3457 2218 3520 Fides,
2250 3459 2315 3512 ad
2347 3475 2508 3528 quam
2543 3477 2652 3516 non
2687 3474 2885 3533 cogant
2914 3469 3261 3536 geometricas
3290 3472 3612 3525 necessaria:

2036 3544 2412 3612 probationes,
2446 3547 2541 3600 sed
2568 3564 2734 3618 quam
2764 3550 2940 3606 divini
2973 3555 3218 3625 Spiritus
3244 3557 3420 3612 virtus
3462 3558 3613 3613 ama-

2039 3644 2234 3704 tusque
2264 3638 2574 3707 progignat.

430 3740 621 3804 Πίσιις
639 3740 755 3793 ἐστὶ
777 3736 1173 3807 συγκατάθεσις
1188 3738 1499 3808 ἀδιάκριτος
1518 3737 1627 3791 τῶν
1639 3736 1931 3792 ἀκουσθέν-

2106 3725 2269 3781 Fides
2297 3735 2384 3782 est
2419 3744 2618 3786 eorum
2662 3748 2785 3804 quae
2821 3735 3016 3792 auditu
3065 3739 3418 3809 percepimus
3473 3743 3610 3796 citra

359 3847 466 3885 των
496 3833 555 3884 ἐν
583 3831 925 3902 πληροφορίᾳ
955 3830 1056 3900 τῆς
1104 3830 1363 3900 ἀληθείας
1388 3829 1496 3882 τῶν
1524 3828 1932 3900 κηρυχθέντων,

2036 3833 2256 3872 omnem
2287 3818 2688 3901 hagsitationem
2715 3840 2993 3893 assensus,
3027 3844 3152 3883 cum
3186 3840 3335 3887 certa
3383 3848 3611 3901 persua-

361 3924 496 3977 θεοῦ
523 3923 730 3994 χάριτι,
754 3924 948 3994 ἥντινα
984 3922 1298 3988 ἐπεδείξατο
1336 3922 1586 3993 ’Δὸραάμ
1607 3962 1623 3986 ,
1651 3938 1936 3993 μαρτυρη-

2036 3910 2192 3966 sione
2227 3910 2481 3968 veritatis
2521 3929 2738 3984 eorum,
2783 3935 2911 3989 qua:
2961 3929 3095 3975 sunt
3147 3923 3466 3991 praedicata,
3513 3927 3606 3983 Dri

361 4016 497 4079 θεὶς,
520 4017 602 4070 ὅτι
634 4018 717 4070 Οὐ
747 4016 1015 4086 διεκρίθη
1057 4013 1132 4082 τῇ
1163 4014 1414 4080 ἀπιστίᾳ
1436 4057 1450 4078 ,
1482 4012 1620 4068 ἀλλ’
1650 4012 1937 4067 ἐνεδυνα-

2045 4018 2228 4072 gratia.
2268 4001 2445 4075 Hujus
2474 4007 2751 4077 specimen
2799 4011 3054 4067 exhibuit
3099 4013 3398 4079 Abraham,
3428 4018 3621 4073 istius-

357 4106 520 4175 μώθη
546 4105 622 4174 τῇ
656 4106 893 4168 πίστει,
923 4105 1071 4170 δοὺς
1099 4104 1291 4168 δόξαν
1327 4103 1408 4169 τῷ
1437 4101 1558 4168 Θεῷ
1582 4142 1596 4165 ,
1644 4105 1745 4156 καὶ
1778 4106 1933 4171 πλη-

2037 4091 2182 4145 modi
2211 4092 2528 4151 celebratus
2570 4098 2789 4169 elogio:
2834 4100 2951 4156 Non
2989 4104 3253 4158 haesitavit
3299 4106 3608 4176 di/ﬁdcntia,

359 4200 717 4267 ροφορηθείς
742 4198 834 4252 ὅτι
859 4198 891 4251 ὃ
925 4197 1287 4267 ἐπήγγελται
1326 4195 1489 4262 Θεὸς,
1524 4194 1783 4260 aerach
1805 4194 1935 4249 ἐστι

2035 4183 2125 4235 sed
2150 4183 2477 4250 confortatus
2512 4197 2589 4241 est
2620 4188 2747 4256 ﬁde,
2799 4192 2935 4245 dans
2982 4192 3214 4263 gloriam
3262 4196 3424 4267 653
3468 4197 3609 4262 Deo,

361 4289 458 4344 καί
494 4288 767 4358 ποιῆσαι.
1098 4324 1101 4327 λ

2037 4271 2337 4340 plenissime
2390 4277 2578 4340 sciens,
2640 4281 2765 4348 quia
2804 4298 3128 4355 quaecunque
3175 4289 3418 4356 promisit
3452 4288 3612 4353 Deus,

1903 4426 1908 4431 _
2038 4375 2220 4434 potens
2249 4377 2325 4422 est
2351 4380 2399 4423 et
2432 4370 2605 4440 facere
2637 4374 2820 4443 (Rom.
2858 4394 2932 4440 ιν,
2963 4378 3080 4444 ΞΟ).

434 4472 605 4524 980.1.
637 4500 707 4510 —
740 4469 814 4523 Τδ
849 4472 958 4542 γάρ
991 4471 1092 4524 οὐκ
1135 4469 1376 4538 ἐφικτὸν,
1415 4466 1535 4521 οὐδὲ
1585 4465 1774 4520 πιστόν
1822 4481 1936 4525 πως
1971 4477 2010 4529 ι)

2112 4457 2374 4530 Tlieologi.
2416 4491 2486 4501 —
2514 4461 2669 4529 Quod
2696 4466 2844 4522 enim
2873 4469 3036 4525 alicui
3063 4460 3280 4542 assequi
3318 4490 3424 4527 non
3462 4476 3614 4538 licet.

360 4562 451 4616 διὰ
478 4563 570 4616 τὸν
606 4562 818 4632 φθόνον.
849 4564 1063 4634 Ψυχαῖς
1090 4563 1199 4634 γὰρ
1230 4560 1481 4633 βεϐήλοις
1507 4558 1659 4613 οὐδὲν
1689 4559 1799 4611 τῶν
1834 4574 1936 4610 κα-

2041 4547 2095 4603 id
2127 4565 2195 4605 ne
2231 4550 2392 4606 ﬁdem
2417 4554 2642 4623 quidem
2674 4558 2819 4627 apud
2851 4576 2978 4614 eum
3015 4578 3128 4632 prae
3168 4563 3374 4617 invidia
3421 4564 3607 4619 habet.

363 4652 470 4706 Αῶν
521 4654 855 4719 ἀξιόπιστον.

2040 4640 2311 4697 Profanus
2332 4645 2607 4714 siquidem
2652 4650 2893 4716 animus,
2939 4654 3092 4720 nihil
3122 4671 3313 4711 eorum
3359 4672 3481 4725 quae
3515 4657 3613 4711 h0-

2040 4743 2195 4787 nesta
2233 4743 2361 4788 sunt
2405 4752 2469 4793 ac
2494 4741 2735 4811 egregia,
2763 4742 2990 4812 dignum
3038 4748 3253 4803 creditu
3285 4748 3608 4804 arbitratur.
3661 4782 3683 4819 ,

432 4826 733 4890 Χρυσοστ.
756 4857 829 4867 -
852 4825 1023 4880 Τοῦτο
1052 4827 1285 4896 μάλιστα
1318 4823 1573 4885 πίστεως,
1628 4821 1703 4892 μὴ
1754 4821 1937 4889 ζητεῖν

2109 4823 2374 4895 Cltrysost.
2407 4860 2476 4869 —
2502 4830 2619 4887 Hoc
2659 4832 2784 4888 ﬁdei
2812 4837 3047 4893 maxime
3076 4840 3361 4910 proprium
3391 4847 3494 4902 est,
3526 4855 3613 4893 ra-

365 4916 593 4979 εὐθύνας
619 4916 729 4969 τῶν
770 4917 1177 4988 πραττομένων,
1213 4914 1347 4968 ἀλλὰ
1382 4911 1664 4967 πείθεσθαι
1683 4914 1795 4974 τοῖς
1824 4912 1937 4961 ἐπι-

2086 4932 2220 4968 ones
2260 4933 2476 4983 eorum,
2519 4937 2641 4991 qua:
2690 4924 2850 4991 ﬁunt,
2894 4944 3004 4982 non
3060 4931 3361 5001 inquirere,
3408 4931 3507 4986 sed
3546 4931 3613 4985 iis
3652 4930 3656 4935 ’

363 5008 730 5078 ταττομένοις.
1149 5080 1152 5084 Δ
1301 5018 1312 5028 ⁵

2043 5021 2164 5073 quze
2193 5007 2459 5075 iubentur
2497 5013 2908 5089 obtemperare.

1628 5165 1864 5221 VAlllA'l
1907 5164 2307 5224 LECTIONES.

436 5244 479 5275 "
525 5242 585 5297 In
618 5240 784 5297 Gesn.
825 5240 982 5297 Stob.
1004 5241 1132 5297 285.

439 5377 515 5447 (a)
547 5376 1297 5451 ’Emdeugwgérmfalo'rw
1313 5371 1646 5451 ἀναγγελεῖ.
1666 5371 1937 5451 Futurum
2041 5386 2143 5451 nec
2164 5372 2343 5451 hujus
2360 5376 2695 5451 diversitatis
2724 5394 2943 5451 causam
2970 5381 3129 5436 facile
3158 5389 3242 5438 est
3271 5382 3505 5451 aperire.

367 5438 537 5502 Hebr.
572 5448 849 5502 convenit.
880 5438 983 5520 Est
1008 5438 1141 5500 ﬁdes
1158 5438 1485 5520 ejusmodi,
1496 5457 1626 5520 fruge
1658 5441 1936 5520 rebuspi-
2113 5446 2190 5520 (c)_
2214 5438 2757 5520 Καϊάχτιλήψεταί
2786 5464 2923 5503 σου.
2954 5452 3114 5520 Vulg.
3139 5462 3195 5507 et
3228 5438 3368 5507 Siit.
3396 5460 3443 5504 et
3468 5469 3612 5505 recu-

369 5528 536 5593 tatu_r,
565 5533 630 5572 ac
657 5531 716 5593 se
740 5517 1003 5586 Operibus
1036 5511 1252 5585 prodat.
1283 5513 1451 5569 llebr.
1486 5512 1711 5568 Labium
1738 5511 1936 5566 verita--
2040 5511 2243 5593 parabit
2281 5511 2567 5593 te._Pa_ulo'
2583 5511 2803 5593 clarius
2814 5520 2934 5593 alii,
2959 5529 3008 5574 et
3025 5511 3123 5575 erit
3153 5522 3244 5593 tibi
3278 5523 3533 5593 adjutor;
3558 5530 3610 5573 et

369 5589 431 5639 tis
457 5586 668 5657 ﬁrmum
696 5585 750 5638 in
767 5585 1123 5657 perpetuum,
1324 5655 1329 5657 Α
1701 5654 1711 5657 _
1775 5654 1789 5657 _
1852 5653 1867 5657 _
2042 5594 2106 5657 ut
2133 5587 2249 5656 ipse
2276 5585 2599 5654 reddebam,
2642 5589 3003 5644 Auxiliabitur
3055 5609 3151 5647 tm.
3194 5592 3251 5646 Id
3284 5585 3432 5657 enim
3461 5591 3611 5643 ἀντι-

440 5656 511 5733 (ο)
549 5655 633 5733 Τῶ
661 5653 988 5733 πόκῳηέγοῃ.
1026 5655 1197 5733 ῚῙιιΙες.⁸
1213 5657 1265 5709 in
1296 5655 1423 5733 joco
1443 5663 1569 5733 tuo;
1594 5654 1826 5733 proinde
1852 5653 1937 5709 le-
2040 5653 2486 5733 λαμῐξάνεσοαιρι
2506 5658 2811 5733 ᾲντίληψις,
2842 5676 2966 5733 quae
2991 5674 3096 5717 vox
3110 5653 3434 5718 Graecorum
3459 5660 3611 5715 lium

365 5726 528 5794 gerit,
555 5729 610 5778 ἐν
639 5727 807 5796 τόπῳ.
834 5726 1042 5798 Syriae.
1061 5725 1124 5781 In
1140 5725 1259 5795 ejus
1290 5725 1503 5781 lumine.
1532 5725 1695 5780 Arab.
1720 5740 1935 5780 «more:
2041 5725 2145 5799 giis
2166 5728 2611 5799 frequentissima
2647 5725 2756 5787 est.
