3990 6176
402 251 502 319 951

1528 253 1590 313 S.
1629 252 1915 312 ΜΑΧΙΜΙ
1954 250 2465 319 CONFESSORIS

3546 253 3656 320 952

470 374 573 441 Qui
608 371 898 441 religiosus
933 368 989 422 in
1034 368 1207 421 Deum
1238 380 1304 419 ac
1338 363 1519 419 tidelis
1552 365 1645 427 sit,
1702 363 1783 418 sic
1816 362 1973 415 lirmo

2147 366 2252 419 Τὸν
2289 369 2487 440 εὐσεϐῆ
2517 370 2614 424 καὶ
2647 370 2838 425 πιστὸν
2868 370 3039 441 ἄνδρα
3062 368 3210 423 οὓτω
3265 363 3499 436 βεϐαίως
3538 362 3657 415 διας

399 476 457 522 et
503 464 777 521 constanti
831 462 1017 514 animo
1073 473 1201 527 erga
1261 456 1360 511 Dei
1406 456 1804 527 promissiones
1849 470 1971 510 esse

400 557 692 618 condecet,
752 561 813 607 ut
844 551 1097 621 quamvis
1151 550 1262 604 illis
1299 548 1580 604 contraria
1628 550 1853 604 evenire
1887 550 1975 604 vi-

402 648 660 708 deantur,
713 660 783 698 ne
824 644 906 697 sic
929 642 1155 712 quidem
1202 640 1482 705 turbetur,
1515 641 1602 696 vel
1648 640 1717 694 de
1772 650 1974 696 eventu

401 740 676 808 desperet.
712 735 852 790 Vide
896 750 1027 788 sane
1064 732 1281 787 ﬁdelem
1320 730 1615 796 Abraham,
1651 747 1814 810 quam
1844 746 1975 798 pro-

404 828 720 883 missionem
767 825 1063 896 acceperit,
1109 832 1167 880 et
1211 838 1462 894 quaenam
1502 822 1620 892 ipse
1652 821 1835 877 facere
1879 836 1975 875 eo-

401 926 556 972 actus
578 914 669 969 sit.

473 1005 656 1069 Fides,
700 1003 970 1058 virtutum
1024 1018 1226 1072 parens
1282 1010 1340 1057 et
1402 1016 1607 1056 corona
1682 1016 1747 1055 ac
1796 999 1978 1070 perfe-

404 1096 516 1149 ctio
547 1102 650 1148 est.

475 1183 950 1251 Quemadmodum
972 1183 1120 1237 enim
1147 1182 1252 1236 nisi
1278 1182 1520 1252 plantata
1549 1180 1735 1236 radice
1762 1179 1979 1235 fructus

404 1290 514 1329 non
564 1275 976 1345 germinaverit,
1039 1274 1118 1327 sic
1151 1288 1255 1327 nec
1284 1272 1392 1326 nisi
1434 1272 1598 1342 jactis
1649 1273 1803 1342 prius
1851 1272 1978 1327 ﬁdei

404 1365 799 1425 fundamentis,
822 1364 1089 1418 doctrina:
1129 1379 1374 1432 unquam
1400 1379 1585 1417 sermo
1623 1365 1977 1432 processerit.

475 1454 630 1523 (ἔνερθε
662 1453 818 1524 Nysa.
850 1485 917 1494 -——
939 1453 1065 1507 Sola
1098 1454 1230 1507 fides
1272 1437 1791 1522 incomprebensum
1832 1468 1982 1508 com-

404 1546 738 1615 prehendit;
771 1546 885 1600 sola
936 1546 1208 1615 conspicit
1255 1546 1349 1613 qui
1387 1561 1416 1599 a
1465 1545 1618 1621 nullo
1653 1544 1829 1598 videri
1884 1560 1983 1613 po-

407 1643 550 1699 test;
594 1638 709 1691 sola
759 1637 1125 1702 inaccessum,
1158 1637 1338 1707 quoad
1386 1638 1507 1707 ejus
1547 1635 1664 1690 fieri
1704 1644 1889 1706 potest
1918 1651 1980 1690 ac

406 1720 557 1793 licet,
589 1728 822 1784 accedit.
1084 1750 1129 1770 ε

477 1839 686 1911 Cyriili.
716 1871 781 1880 —-
815 1840 971 1906 Quod
1018 1839 1123 1895 ﬁde
1173 1840 1500 1909 suscipitur,
1542 1856 1654 1895 non
1681 1839 1847 1895 debet
1886 1855 1980 1895 cu-

408 1931 555 1985 riose
581 1931 907 1985 examinari.
942 1931 1099 1997 Quod
1127 1932 1278 1985 enim
1311 1931 1625 1987 rationibus
1654 1932 1977 2002 inquiritur,

407 2022 685 2093 quomodo
707 2023 889 2077 adhuc
918 2022 1201 2077 creditur?

476 2115 641 2178 Arist.
665 2143 734 2153 —
767 2112 1242 2187 Quemadmodum
1263 2114 1320 2169 in
1351 2115 1626 2171 medicina
1661 2115 1781 2170 ﬁeri
1804 2116 1980 2180 aiunt,

410 2213 473 2257 ut
507 2219 739 2273 corpora
760 2219 869 2259 non
896 2218 1032 2272 pura
1066 2218 1178 2273 quo
1203 2204 1379 2275 magis
1406 2204 1696 2269 nutrieris,
1725 2219 1793 2259 eo
1813 2204 1986 2274 magis

408 2290 597 2352 ladas,
630 2290 720 2359 qui
748 2291 1009 2345 nimirum
1033 2293 1314 2362 corruptis
1334 2292 1668 2349 humoribus
1692 2293 1984 2348 materiam

409 2393 473 2432 ac
508 2378 809 2431 fomentum
845 2379 1135 2450 subjicias;
1172 2380 1254 2435 sic
1279 2386 1336 2435 et
1363 2381 1457 2450 qui
1494 2382 1683 2451 pravis
1710 2381 1987 2452 opinioni-

411 2466 516 2521 bus
568 2474 989 2537 praeoccupatus
1014 2468 1107 2533 sit,
1134 2485 1248 2540 quo
1266 2470 1393 2539 plus
1414 2470 1691 2537 docueris,
1720 2487 1788 2527 eo
1813 2472 1986 2542 magis

409 2558 597 2622 lzedes,
650 2560 885 2629 majores
938 2560 1175 2616 subinde
1219 2561 1362 2617 male
1422 2561 1668 2634 falsoque
1706 2563 1985 2619 sentiendi

408 2651 732 2705 occasiones
769 2651 1040 2721 praebens.
1277 2652 1284 2660 ’

1009 2763 1241 2820 SERMO
1274 2765 1385 2819 Lll.

1010 2853 1083 2906 De
1116 2856 1390 2910 memoria.

479 2942 605 2997 Luc.
642 2959 771 3007 χιιι,
817 2942 902 2997 l9.
945 2974 1015 2983 —
1044 2944 1160 2999 Hoc
1206 2954 1291 2999 est
1337 2962 1537 3017 corpus
1588 2963 1793 3012 meum,
1837 2949 1985 3019 quod

2075 458 2290 513 κεῖσθαι
2324 462 2430 532 χρὴ
2465 461 2598 531 πρὸς
2639 462 2738 527 τὰς
2786 460 3119 531 ἐπαγγελίας
3164 457 3261 513 τοῦ
3300 454 3460 520 Θεοῦ,
3511 452 3653 506 ὥστε

2075 550 2180 603 κᾶν
2234 553 2453 606 ἐναντία
2510 554 2694 619 αὐτοῖς
2747 553 2998 623 φαίνεται
3033 552 3107 607 τὰ
3162 549 3449 619 γινόμενα,
3518 544 3650 615 μηδὲ

2074 639 2246 707 οὕτως
2280 644 2662 715 ταράττεσθαι,
2688 644 2824 715 μηδέ
2849 641 3258 712 ἀπογινώσκειν
3278 639 3381 709 τὴν
3400 635 3648 690 ἔκϐασιν.

2078 731 2221 802 Ὅρα
2249 732 2381 801 γοῦν
2413 735 2442 786 ὁ
2483 734 2676 798 πιστὸς
2733 734 2989 805 Ἀϐραὰμ
3029 732 3153 786 τίνα
3204 730 3305 802 μὲν
3357 725 3656 797 ὑπόσχεσιν

2076 822 2313 891 ἐδέξατο,
2342 824 2464 879 τίνα
2488 824 2548 879 δέ
2578 827 2841 898 πράττειν
2870 823 3236 897 ἠναγκάζετο.

2147 1000 2339 1064 Πίστις
2388 1002 2574 1074 μήτηρ
2603 1003 2696 1058 καὶ
2727 1004 2966 1076 στεφάνη
2988 1003 3086 1057 καὶ
3108 1018 3169 1054 συ
3177 995 3520 1070 μπεραίωσις
3542 990 3654 1046 τῶν

2076 1089 2287 1160 ἀρετῶν
2316 1091 2572 1165 ὑπάρχει.

2151 1178 2420 1251 Καθάπερ
2448 1184 2560 1253 γάρ
2606 1182 2766 1254 ῥίζης
2821 1182 2897 1254 μὴ
2941 1176 3385 1249 πεφυτευμένης,
3440 1173 3539 1227 οὐκ
3585 1170 3655 1225 ἂν

2081 1271 2399 1343 βλαστήσειε
2426 1275 2638 1345 καρπός
2662 1292 2677 1307 ’
2713 1274 2856 1328 οὕτω
2905 1275 3145 1334 πίστεως
3192 1269 3269 1341 μὴ
3313 1264 3656 1338 προκαταϐε-

2081 1362 2377 1434 ϐλημένης,
2402 1364 2503 1418 οὐκ
2531 1363 2597 1418 ἂν
2637 1366 2889 1435 προέλθοι
2922 1362 3272 1424 διδασκαλίας
3296 1360 3474 1426 λόγος.

2149 1454 2332 1523 Γρηγ.
2379 1456 2532 1510 Νὐσ.
2556 1479 2624 1496 έ-
2648 1458 2838 1519 Πίστις
2888 1456 3024 1525 μόνη
3060 1453 3256 1523 κρατεῖ
3285 1449 3376 1502 τδν
3420 1443 3655 1517 tingi“?

2080 1559 2171 1595 τον
2200 1560 2214 1573 ·
2256 1544 2434 1609 πίστις
2460 1547 2594 1615 μόνη
2617 1549 2873 1600 κατανοεῖ
2896 1547 2988 1599 τὸν
3018 1543 3246 1599 ἀθέατον
3265 1557 3280 1572 °
3304 1539 3491 1598 πίστις
3517 1532 3652 1603 μόνη

2084 1635 2454 1704 προσπελάζει
2485 1637 2560 1707 τῷ
2590 1638 3049 1710 ἁπροσπελάστῳ,
3108 1636 3233 1689 ὅσον
3289 1628 3522 1700 ἐγχωρεῖ
3565 1623 3658 1676 καὶ

2081 1727 2204 1779 ὅσον
2241 1726 2532 1797 ἐνδέχεται.

2156 1841 2481 1909 Κυρίλλου.
2503 1871 2575 1881 -
2597 1842 2670 1895 Τδ
2693 1840 2874 1895 πίστει
2902 1838 3270 1915 παραδεκτδν,
3296 1836 3471 1893 ἀπολυ
3481 1852 3661 1908 πραγ-

2088 1932 2320 2004 μόνητον
2352 1929 2494 1986 εἶναι
2521 1933 2653 2005 χρή.
2702 1932 2746 1984 Τ
2749 1931 2778 1984 δ
2823 1932 2933 2003 γὰρ
2976 1928 3402 2002 βασανιζόμενον
3434 1926 3556 1990 πῶς
3585 1927 3661 1979 ἔτι

2086 2023 2441 2079 πεπίστευται
2459 2040 2475 2090 ;
3454 2078 3459 2083 ,

2167 2115 2454 2182 Ἀριστοτ.
2484 2144 2558 2156 --
2586 2114 2796 2185 Ὥσπερ
2829 2112 2995 2184 φασιν
3051 2111 3110 2165 ἐν
3164 2111 3406 2183 ἰατρικῇ,
3455 2107 3531 2161 τὰ
3590 2107 3663 2176 μὴ

2085 2205 2305 2277 καθαρὰ
2345 2205 2454 2259 τῶν
2508 2205 2778 2276 σωμάτων
2818 2204 3004 2273 ὁπόσῳ
3055 2202 3122 2257 ἂν
3172 2200 3401 2273 θρέψῃς,
3463 2198 3665 2270 μᾶλλον

2089 2293 2312 2365 βλάψεις
2375 2293 2508 2364 ὓλην
2544 2292 2831 2348 ὓποϐαλὼν
2856 2295 2923 2364 τῇ
2976 2288 3291 2361 κακοχυμίᾳ
3320 2302 3335 2318 ’
3379 2286 3529 2340 οὔτω
3573 2284 3666 2337 καὶ

2086 2386 2265 2456 ψυχὴν
2293 2385 2588 2457 μοχθηροῖς
2614 2384 2848 2455 δόγμασι
2878 2379 3460 2455 προκατειλημμένην,
3480 2375 3667 2443 ὁπόσῳ

2088 2476 2155 2531 ἂν
2185 2475 2421 2546 διδάξῃς,
2460 2474 2659 2545 μᾶλλον
2690 2474 2936 2544 βλάψεις,
2996 2466 3254 2545 μείζονας
3299 2468 3476 2541 ἀρχὰς
3532 2466 3666 2535 αὐτῇ

2087 2567 2188 2638 τῆς
2219 2565 2561 2636 ψευδοδοξίας
2586 2564 2864 2636 παρέχων.

2618 2762 2839 2816 ΛΟΓΟΣ
2896 2761 3005 2814 NB'
3068 2761 3134 2814 ".

2647 2854 2784 2920 Περὶ
2819 2851 3084 2921 μνήμης.

2160 2931 2345 3000 Koma.
2386 2943 2501 3009 xﬁ'.
2522 2973 2595 2985 —
2619 2943 2788 2997 Τοῦτό
2816 2946 2931 2997 ἐστι
2961 2943 3023 2994 τὸ
3064 2939 3225 3010 σῶμά
3282 2954 3408 3008 μου,
3439 2935 3509 2989 τὺ
3537 2934 3671 3006 ὑπὲρ

412 3047 513 3105 pro
552 3033 709 3087 vobis
739 3033 932 3087 datur:
961 3034 1066 3089 hoc
1094 3035 1257 3091 facite
1289 3037 1343 3091 in
1374 3037 1481 3092 mei
1517 3038 1981 3095 recordationem.

2127 3036 2243 3108 μῶν
2273 3035 2582 3105 διδόμενον·
2620 3033 2778 3087 τοῦτο
2832 3035 3035 3086 ποιεῖτε
3069 3034 3150 3095 είς
3195 3029 3293 3101 τὴν
3343 3028 3489 3098 ἐμὴν
3546 3024 3675 3081 ἀνά-

451 3204 514 3263 ΙΙ
544 3209 676 3264 Tim.
701 3225 761 3275 ιι,
788 3209 839 3263 8.
865 3240 936 3250 —
967 3211 1176 3267 Memor
1203 3223 1324 3269 esto
1351 3215 1643 3270 Dominum
1673 3216 1861 3272 Iesum
1896 3235 1988 3274 re-

411 3292 725 3355 surrexisse
752 3315 821 3354 ex
847 3301 1107 3357 mortuis.

480 3386 641 3444 Prov.
694 3405 751 3453 x,
807 3390 857 3443 7.
911 3421 982 3433 -
1025 3394 1289 3450 Memoria
1339 3396 1473 3467 justi
1517 3413 1642 3453 cum
1690 3400 1985 3467 laudibus;

413 3497 616 3538 nomen
652 3496 837 3540 autem
879 3486 1177 3556 impiorum
1209 3487 1611 3558 exstinguetur.

488 3572 653 3627 Eccli.
695 3590 789 3640 vn,
816 3573 905 3629 40.
930 3606 998 3617 --
1024 3576 1084 3630 In
1121 3577 1381 3632 omnibus
1409 3579 1678 3648 Operibus
1717 3581 1827 3637 tuis
1876 3599 1993 3639 me-

419 3678 637 3718 morare
658 3665 957 3721 novissima
992 3670 1109 3733 tua,
1142 3674 1331 3721 etnon
1363 3668 1638 3737 peccabis.

487 3753 697 3809 Basilii.
727 3787 795 3797 -
832 3756 979 3812 Fieri
1023 3772 1137 3812 non
1167 3764 1371 3827 potest,
1406 3766 1468 3813 ut
1506 3775 1538 3814 a
1587 3761 1677 3815 via
1722 3762 1871 3832 iusta
1898 3762 1996 3818 de-

416 3840 666 3909 ﬂectant,
690 3843 854 3916 654
875 3861 1116 3915 quorum
1143 3847 1313 3902 animi
1344 3847 1642 3905 oblivionis
1670 3849 1767 3904 Dei
1797 3852 1993 3910 morbo

418 3950 531 3989 non
560 3935 954 3992 laboraverint.

491 4025 754 4080 Memoria
788 4036 893 4091 est,
934 4027 1057 4096 ejus
1083 4025 1231 4097 quod
1279 4028 1505 4084 noveris
1554 4038 1770 4087 servata
1813 4043 1997 4092 mente

2093 3144 2308 3198 μνησιν.

2152 3214 2209 3271 A'
2255 3220 2377 3286 Τιμ.
2406 3216 2471 3287 β’.
2506 3215 2923 3286 -Μνημόνευε
2985 3212 3192 3283 Ἰησοῦν
3251 3209 3498 3282 Χριστὸν
3550 3210 3677 3280 ἐγηο

2092 3325 2155 3377 γε
2162 3307 2358 3379 ρμὲνον
2396 3310 2462 3360 ὲκ
2495 3306 2725 3379 νεκρῶν.

2160 3401 2404 3466 Παροιμ.
2440 3404 2497 3452 ι’.
2524 3426 2595 3437 --
2620 3397 2825 3469 Μνήμη
2886 3394 3098 3450 δικαίου
3157 3393 3277 3466 μετ’
3327 3392 3631 3464 ἐγκωμίων
3659 3405 3677 3423 ο

2092 3490 2264 3560 ὄνομα
2293 3489 2350 3541 δέ
2379 3486 2590 3541 ἀσεϐῶν
2625 3487 2934 3541 σϐέννυται.

2164 3578 2347 3647 Σιρὰχ
2379 3576 2440 3637 ζ’.
2468 3607 2539 3619 --
2579 3578 2668 3630 Ἐν
2693 3578 2826 3630 πᾶσι
2855 3578 2970 3639 τοῖς
3014 3574 3199 3646 ἐργοις
3233 3591 3327 3628 σου
3356 3573 3434 3644 (ιι)
3478 3572 3681 3645 μιμνή-

2097 3685 2230 3722 σκου
2271 3669 2341 3721 τὰ
2371 3666 2576 3737 ἐσχατά
2604 3684 2723 3731 σου,
2749 3666 2841 3719 καὶ
2868 3666 2968 3734 οὐχ
2987 3664 3352 3735 ἀμαρτήσεις.

2104 3744 2109 3745 ν
2164 3732 2509 3811 Βασιλείοι).
2540 3785 2612 3795 -
2648 3732 3319 3825 Ἀμήχανονήέκτραπῆναι
3339 3748 3438 3817 τῆς
3461 3732 3680 3808 δικαίας

2094 3846 2235 3913 ὁδοῦ,
2266 3846 2344 3919 μὴ
2369 3846 2541 3919 λήθην
2574 3845 2709 3898 Θεοῦ
2731 3846 2851 3909 ταῖς
2879 3843 3075 3913 ψυχαῖς
3103 3840 3466 3911 νοσήσαντας.

2172 4028 2378 4101 Μνήμη
2409 4028 2556 4081 ἐστὶν
2590 4028 2623 4097 ἡ
2654 4025 2749 4080 τοῦ
2777 4022 3113 4095 γνωσθέντος
3140 4020 3395 4092 τήρησιςο
3420 4016 3679 4087 ἀνάμνη-

278 4109 287 4120 ’
401 4117 615 4182 'notio;
670 4116 984 4172 recordatio
1041 4132 1141 4172 seu
1189 4118 1626 4188 reminiscentia,
1684 4123 1805 4195 ejus
1850 4125 1986 4195 quod

2121 4142 2207 4193 τις,
2238 4126 2272 4198 ἡ
2303 4124 2402 4179 τοῦ
2438 4123 2773 4187 ἀπελθόντος
2800 4119 3089 4192 ἀνάληψις.

421 4209 515 4263 illa
543 4208 850 4272 efﬂuxerat,
882 4208 1253 4277 recuperatio.

356 4296 360 4302 ’
493 4296 759 4365 Theologi.
816 4326 885 4336 -—
942 4296 1041 4351 Dei
1096 4297 1271 4369 magis
1333 4298 1650 4357 meminisse
1705 4301 1994 4371 debemus,

423 4404 588 4459 quam
618 4387 874 4457 spiritum
903 4387 1128 4442 ducere.

492 4480 668 4534 Deum
710 4478 976 4549 operibus
996 4479 1138 4544 cole,
1180 4480 1369 4537 verbis
1392 4482 1579 4550 lauda,
1610 4491 1797 4539 mente
1832 4499 2000 4541 vene-

422 4585 548 4625 rare
575 4578 632 4623 et
656 4568 794 4624 cole.

493 4658 798 4716 Clementis.
836 4692 890 4701 —
908 4660 1089 4727 Clara,
1118 4662 1344 4733 ipsaque
1368 4664 1553 4717 animo
1572 4680 1832 4735 praesens,
1854 4681 2001 4722 mor-

424 4752 496 4807 tis
528 4752 815 4816 memoria,
846 4752 1097 4808 ciborum
1123 4753 1398 4808 exscindit
1437 4756 1778 4825 appetitum;
1808 4772 1918 4827 quo
1941 4757 1999 4813 in

423 4841 738 4897 humilitate
775 4843 1044 4907 exscisso,
1088 4859 1195 4898 una
1225 4859 1445 4915 quoque
1482 4845 1616 4901 vitia
1641 4863 1706 4902 ac
1737 4847 2000 4905 libidines

423 4935 847 4990 exsciuduntur.

496 5025 767 5097 Cltrysost.
791 5056 860 5066 —
898 5026 1190 5097 Religiosae
1218 5027 1420 5083 mentis
1447 5028 1711 5084 indicium
1733 5038 1838 5094 est,
1881 5031 2001 5101 jugi

2180 4306 2496 4374 Θεολόγου.
2524 4331 2593 4343 —-
2617 4298 3037 4372 Μνημονευτέον
3065 4294 3202 4351 Θεοῦ
3235 4293 3465 4366 μᾶλλον,
3495 4291 3529 4364 ἢ
3552 4293 3679 4347 ἀνα·

2098 4382 2410 4456 πνευστὼν.

2170 4492 2275 4546 Τὸν
2330 4488 2463 4543 Θεὸν
2512 4485 2693 4557 ἔργοις
2731 4482 2830 4554 μέν
2861 4479 3040 4544 σέϐου,
3069 4477 3250 4547 λόγοις
3282 4475 3339 4529 δέ
3371 4473 3554 4545 ὕμνει,
3591 4474 3677 4525 ἐν-

2102 4585 2221 4655 νοίᾳ
2244 4583 2303 4636 δέ
2334 4581 2489 4649 τίμα.

2175 4654 2474 4742 Κλήμεντ.
2497 4700 2569 4711 -
2595 4667 2799 4736 Μνήμη
2831 4661 3062 4717 θανάτου
3116 4657 3352 4730 ἐναργὴς
3383 4654 3676 4728 περιέκοψε

2106 4765 2370 4838 βρώματα
2402 4779 2419 4818 .'
2448 4758 2753 4831 βρωμάτων
2797 4754 2854 4808 δὲ
2888 4755 2944 4807 ἐν
3002 4749 3327 4806 ταπεινώσει
3375 4746 3673 4808 κοπέντων,

2105 4853 2545 4921 συνεξεκόπησαν
2584 4846 2751 4917 πάθη.

2177 5034 2479 5099 Χρυσοστ.
2502 5054 2569 5067 --
2600 5024 2897 5086 Εὑσεϐείας
2947 5021 3195 5091 σημεῖον,
3224 5015 3287 5070 τδ
3312 5011 3513 5081 συνεχῆ
3548 4998 3678 5099 μνῇο

427 5116 693 5172 memoria
730 5132 853 5186 quae
885 5126 1015 5172 sunt
1045 5118 1321 5174 diviniora
1369 5121 1640 5187 recolere,
1682 5122 1986 5193 crebrisqut

2121 5096 2235 5194 μην⁷
2248 5118 2515 5175 ποιεῖσθαι
2553 5116 2661 5169 τῶν
2687 5113 2994 5185 θειοτέρων,
3029 5110 3122 5164 καὶ
3148 5108 3210 5161 τὸ
3242 5106 3472 5168 πυκναῖς
3496 5096 3670 5156 ἐντεύο

426 5208 595 5265 Deum
624 5209 1099 5267 obsecrationibus
1126 5211 1366 5282 placare.

501 5344 545 5378 ⁸⁵
578 5344 640 5401 ln
685 5345 852 5402 Gesn.
897 5346 1055 5404 Stob.
1096 5350 1219 5407 HO.

2110 5214 2253 5282 ξεσιν
2276 5209 2609 5278 ἐξιλεοῦσθαι
2640 5207 2730 5259 τὸν
2758 5205 2909 5259 Θεόν.

1942 5421 2078 5476 NOT
2086 5420 2171 5476 1E.

494 5554 574 5624 (ἀ)
621 5556 718 5610 Ἑν
743 5554 894 5614 πᾶσι
924 5558 1051 5621 τοῖς
1098 5559 1295 5627 ἔργοις
1326 5574 1463 5613 σου.
1496 5557 1588 5614 Sic
1638 5558 1867 5627 etVulg.
1903 5556 2001 5627 Sy-

420 5626 558 5685 riae.
592 5634 647 5684 et
671 5627 889 5705 Arabio.
916 5628 1104 5684 Gratca
1138 5632 1282 5703 vulg.
1313 5630 1525 5696 λόγοις·
1559 5642 1680 5699 quae
1703 5626 1997 5698 ldeﬁ‘ﬂt;

2108 5551 2390 5614 habuisse,
2428 5548 2621 5603 suadet
2663 5556 2777 5601 tum
2818 5543 3034 5599 Maximi
3086 5540 3281 5607 codex,
3337 5550 3453 5595 tum
3498 5544 3671 5591 tantus

2106 5625 2466 5693 interpretum
2489 5631 2811 5674 consensus.
