3990 6176
349 306 451 371 353

1637 298 1804 361 LOCI
1844 301 2280 365 COMMUNES.

3476 300 3587 366 9ῖὲ

403 413 468 465 Εἰ
507 406 694 463 εἰκόνα
735 424 819 472 τις
856 408 1066 479 ἄψυχον
1117 405 1355 471 ἀναθεὶς,
1392 404 1581 470 παιδὸς
1604 407 1640 477 ἢ
1672 408 1828 478 φίλου
1866 408 1899 479 ἢ

2073 413 2132 468 Si
2163 413 2286 484 quis
2311 411 2431 477 lilii,
2456 421 2551 467 aut
2588 411 2773 474 amici,
2813 425 2911 467 seu
2942 411 3121 467 aliinis
3165 410 3396 467 inanimi
3443 411 3590 469 ima-

342 499 653 572 τυγγενοῦς,
706 498 920 568 νομίζει
957 499 1214 568 παρεῖναι
1242 498 1451 551 ἐκεῖνον
1471 496 1561 550 τὸν
1582 497 1903 562 ἀπελθόντα,

339 595 426 649 καὶ
470 591 560 645 διὰ
591 589 691 660 τῆς
732 588 939 652 εἰκόνος
965 587 1129 642 αὐτὸν
1158 586 1493 656 φαντάζεται
1517 587 1616 658 τῆς
1644 586 1851 657 ἀψύχου
1889 605 1903 618 ο

337 682 517 753 πολλῷ
551 680 751 753 μᾶλλον
781 680 947 749 ἡμεῖς
972 676 1063 731 διά
1085 677 1195 731 τῶν
1219 677 1377 731 θείων
1398 677 1649 750 Γραφῶν,
1684 679 1782 747 τῆς
1800 678 1909 731 τῶν

336 777 507 846 ἀγίων
530 772 833 844 παρουσίας
885 770 1252 841 ἀπολαύομεν,
1303 770 1424 840 οὐχὶ
1476 769 1589 823 τῶν
1640 769 1910 841 σωμάτων

336 868 536 932 αὐτῶν,
571 866 709 920 ἀλλά
740 864 849 918 τῶν
889 863 1078 933 ψυχῶν
1124 861 1225 927 τάς
1276 863 1493 927 εἰκόνας
1545 862 1780 933 ἔχοντες.
1829 862 1911 915 Τὰ

335 959 447 1030 γὰρ
484 956 621 1028 παρ’
660 955 843 1009 αὐτῶν
889 954 1157 1026 εἰρημένα
1200 953 1310 1008 τῶν
1366 953 1554 1026 ψυχῶν
1618 954 1800 1009 αὐτῶν
1840 955 1913 1007 εί-

335 1051 492 1112 κιὸνες
517 1048 676 1103 εἰσίν.

405 1144 716 1199 Πλωτίνου
739 1144 804 1200 ¹⁸.
843 1172 914 1185 -
950 1142 1180 1199 Πλάτων
1215 1141 1391 1213 ἔλεγε,
1425 1144 1552 1207 τοὺς
1601 1133 1710 1214 μὲν
1759 1142 1912 1208 νέους

337 1233 543 1303 σφόδρα
570 1233 669 1287 καί
694 1233 821 1296 τοὺς
852 1232 1139 1304 γέροντας,
1167 1234 1489 1305 ἀμνήμονας
1525 1229 1665 1287 εἶναι
1699 1248 1712 1261 ⁸
1745 1232 1917 1304 ύποῤ-
1967 1278 1973 1283 .

226 1332 229 1335 ’
339 1325 609 1398 ρετνογάρ,
635 1325 890 1395 τῶνμὲν,
916 1326 1005 1380 διὰ
1032 1325 1136 1397 τὴν
1166 1324 1417 1396 αὔξησιν,
1445 1324 1554 1379 τῶν
1583 1324 1662 1390 δὲ,
1693 1324 1781 1380 διὰ
1815 1325 1914 1393 τὴν

267 1422 275 1437 ¹
337 1415 541 1485 φθίσιν.
584 1416 818 1485 Ὁμοίως
849 1416 907 1470 δὲ
934 1416 1175 1480 καὶτοὺς
1205 1416 1326 1469 λίαν
1349 1419 1535 1487 ταχεῖς
1580 1415 1615 1487 ἢ
1653 1414 1869 1486 βραδεῖς
1896 1429 1913 1445 ·

335 1506 463 1568 τοὺς
483 1504 592 1575 γὰρ
625 1505 955 1576 ὑγροτέρους
1012 1498 1154 1558 εἶναι
1210 1502 1303 1557 τοῦ
1355 1504 1587 1566 δέοντος,
1652 1504 1778 1566 τοὺς
1834 1501 1912 1568 δὲ,

340 1594 736 1665 σκληροτέρους
772 1611 786 1624 ν
828 1595 922 1647 καὶ
971 1596 1083 1657 τοῖς
1136 1593 1235 1663 μὲν
1291 1592 1352 1646 ού
1395 1592 1576 1663 μένειν
1598 1593 1655 1645 tv
1676 1594 1745 1662 τῇ
1768 1590 1914 1661 ψυχῇ

349 1683 420 1738 τὰ
442 1686 832 1755 φαντάσματα,
872 1683 984 1738 τῶν
1032 1684 1089 1738 δὲ
1119 1683 1218 1755 οὐχ
1247 1682 1514 1739 ἀπτεσθαι
1541 1683 1603 1737 τὸ
1631 1682 1912 1753 παράπαν.

411 1945 735 2013 Πλάτωνος
789 1947 861 2000 ἐν
912 1947 1172 2015 Κρατύλ.
1202 1974 1271 1985 -—
1302 1945 1507 2014 Μνήμη
1571 1941 1747 2012 πάντη
1811 1956 1915 1992 που

346 2035 559 2109 μηνύει,
585 2036 668 2090 ὅτι
701 2038 837 2108 μονή
867 2038 1013 2091 ἐστιν
1044 2038 1102 2090 tv
1140 2037 1207 2107 τῇ
1264 2034 1436 2106 ψυχῇ,
1484 2033 1598 2089 ἀλλ’
1642 2033 1704 2086 ού
1748 2031 1912 2102 φορά.

413 2212 526 2286 Τὴν
561 2212 793 2283 κατοχὴν
822 2210 932 2265 τῶν
990 2210 1391 2282 φαντασμάτων
1445 2210 1664 2280 μνήμην
1714 2205 1915 2275 ὁνομάο

341 2304 575 2370 ζεσθαιο
618 2303 719 2375 τὴν
775 2303 834 2355 δὲ
889 2302 1230 2372 ἀναπόλησιν
1272 2300 1497 2365 τούτων,
1557 2296 1864 2369 ἀνάμνησιν
1897 2310 1913 2326 ⁸

343 2394 438 2448 καὶ⁸
484 2392 562 2454 ὡς
617 2392 712 2446 ἐπὶ
758 2390 917 2457 πολὺ,
973 2390 1443 2463 μνημονευτέρους
1494 2389 1593 2460 μὲν
1649 2388 1916 2458 ὑπάρχειν

341 2484 469 2548 τοὺς
500 2482 718 2553 βραδεῖς
743 2498 758 2514 ο
789 2479 1375 2552 ἀναμνηστικωτέρους
1424 2479 1504 2544 δὲ,
1556 2478 1682 2541 τοὺς
1732 2464 1930 2548 ταχεῖς

343 2573 435 2626 καὶ
454 2570 734 2643 εὐμαθεῖς.

413 2665 657 2729 Χαρικλ.
688 2660 942 2729 -Μέγα
988 2659 1098 2729 γὰρ
1165 2659 1246 2721 εἰς
1298 2656 1468 2728 λήθην
1502 2653 1708 2719 κακῶν,
1760 2654 1795 2725 ἡ
1847 2652 1916 2706 δι’

346 2752 634 2825 ὀφθαλμῶν
658 2752 756 2823 τῆς
777 2751 956 2822 ψυχῆς
978 2750 1284 2822 ὑπόμνησις
1309 2743 1722 2818 ἀμαυρουμένη.

428 2928 530 2981 Ἐκ
586 2926 706 2981 τῶν
769 2925 1147 2994 Ἐπικτήτου.
1177 2953 1250 2966 -
1283 2921 1654 2977 Ἀνανεούσθω
1704 2921 1733 2974 ὁ
1790 2920 1920 2992 περὶ

346 3017 482 3072 Θεοῦ
508 3017 664 3087 λόγος
693 3018 820 3073 καθ’
853 3017 1088 3089 ἡμέραν,
1118 3016 1319 3087 μᾶλλον
1349 3014 1382 3086 ἢ
1411 3015 1481 3069 τὰ
1502 3010 1668 3070 σιτία.

411 3111 807 3182 Συνεχέστερον
836 3110 949 3165 νόει
979 3109 1071 3163 τὸν
1099 3108 1255 3172 Θεὸν,
1285 3108 1318 3179 ἢ
1355 3106 1604 3161 ἀνάπνει.

425 3203 552 3258 Ἐάν
581 3203 671 3258 ἀεὶ
701 3202 1069 3276 μνημονεύῃς,
1104 3202 1186 3256 ὅτι
1216 3196 1261 3270 ᾧ
1309 3198 1517 3273 ἐργάζῃ
1548 3197 1689 3254 κατὰ
1739 3193 1917 3267 ψυχὴν

342 3294 377 3366 ἢ
415 3293 577 3364 σῶμα
608 3293 742 3358 Θεὸς
793 3293 1140 3366 παρέστηκεν
1191 3292 1409 3364 ἔφορος,
1463 3292 1523 3345 tv
1573 3291 1776 3350 πάσαις
1822 3302 1916 3340 σου

340 3387 461 3449 ταῖς
499 3386 830 3457 προσευχαῖς
865 3385 961 3437 καὶ
980 3385 1104 3447 ταῖς
1127 3382 1413 3454 πράξεσιν,
1438 3381 1501 3436 ού
1534 3380 1610 3452 μὴ
1641 3378 1913 3451 ἁμάρτῃς·
1938 3376 1943 3381 ’

339 3477 482 3544 ἕξεις
509 3478 565 3532 δὲ
593 3478 685 3533 τὸν
712 3478 845 3532 Θεὸν
878 3476 1145 3534 σύνοικον.

424 3655 512 3719 Ὠς
531 3657 631 3728 ἡδὺ
655 3657 755 3729 τὴν
783 3657 1060 3712 Θάλασσαν
1096 3656 1205 3712 ἀπὸ
1248 3618 1352 3727 ﬁ;
1387 3646 1543 3729 ὀρᾷν,
1596 3654 1770 3720 οὕτως
1815 3656 1913 3728 ἡδὺ

338 3746 421 3818 τῷ
449 3746 678 3803 σωθέντι
713 3747 1023 3820 μεμνῆσθαι
1057 3747 1167 3801 τῶν
1190 3747 1392 3801 πόνων.

901 3866 1115 3922 ΛΟΓΟΣ
1147 3866 1251 3920 Nl"
1289 3867 1353 3922 ".

927 3957 1070 4026 Περὶ
1098 3956 1329 4026 Ψυχῆς·

407 4048 593 4102 Maro.
625 4052 680 4101 ι’.
714 4075 784 4088 --
821 4045 879 4100 '0
912 4046 1090 4117 εὑρὼν
1130 4046 1228 4118 τὴν
1257 4047 1437 4118 ψυχὴν
1469 4046 1634 4101 αὑτοῦ
1661 4046 1914 4100 ἀπολέσει

337 4136 509 4208 αὐτήν
541 4151 557 4168 ⁸
598 4138 695 4192 καὶ
722 4139 751 4191 ὁ
774 4137 1047 4202 ἀπολέσας
1089 4138 1264 4209 αὐτὴν
1296 4138 1481 4203 ἕνεκεν
1513 4138 1669 4209 ἐμοῦ,
1693 4139 1915 4210 εὑρήσει

335 4228 530 4284 αὐτήν.

409 4247 439 4282 τ
480 4246 530 4284 ν.

408 4230 475 4375 1;
492 4323 629 4388 Kop.
680 4320 849 4374 δ’.-
880 4290 943 4374 ει
996 4320 1092 4374 καὶ
1161 4320 1191 4372 ὁ
1256 4320 1362 4388 εεω
1416 4322 1575 4393 ἡμῶν
1627 4321 1914 4391 ἄνθρωπος

2006 504 2135 575 gine
2166 503 2367 573 posita,
2398 502 2593 557 adesse
2649 517 2771 557 eum
2806 509 2967 572 putat
3003 502 3099 571 qui
3136 500 3434 556 defunctus
3485 502 3583 565 sit,

2008 609 2186 662 exque
2213 592 2442 647 inanimi
2464 592 2785 658 simulacro,
2816 606 2880 646 ac
2901 591 2947 648 si
2968 605 3155 646 coram
3176 589 3393 645 videret
3413 589 3584 645 animi

2009 684 2346 754 cogitatione
2378 682 2656 748 delineat;
2689 691 2899 751 quanto
2936 682 3110 751 magis
3146 696 3248 736 nos
3269 680 3586 735 divinarum

1986 774 2423 844 -Sclipturarum
2470 789 2596 843 ope,
2629 781 2948 828 sanctorum
2994 773 3282 842 prasenlia
3326 772 3582 836 fruimur,

2010 865 2215 936 quibus
2238 879 2349 931 non
2380 863 2492 934 jam
2517 864 2785 932 ipsorum‘
2811 877 3108 932 corporum
3146 862 3436 933 imagines,
3487 863 3585 918 sed

2011 954 2321 1010 animorum
2352 962 2555 1023 praesto
2604 952 2900 1007 simulacra
2936 953 3101 1006 sunt?
3149 951 3281 1018 Qua:
3309 952 3458 1005 enim
3503 952 3583 1006 illi

2010 1043 2182 1099 loculi
2213 1050 2365 1105 sunt,
2400 1040 2520 1095 haec
2548 1040 2768 1094 illorum
2792 1038 2960 1092 animi
2987 1046 3115 1092 sunt
3139 1038 3450 1092 simulacra.

2080 1133 2305 1188 Plotini.
2334 1129 2622 1185 -—Aiebat
2652 1128 2825 1194 Plato,
2863 1142 3057 1198 parum
3101 1126 3586 1181 felicisrmemoria‘.

2012 1241 2155 1291 esse,
2175 1225 2272 1296 qui
2299 1223 2459 1279 valde
2473 1225 2727 1295 juvenes,
2753 1236 2819 1275 ac
2838 1221 2934 1291 qui
2966 1234 3125 1273 senes
3148 1228 3353 1273 essent.
3388 1218 3587 1271 Animo

2013 1317 2162 1371 enim
2195 1330 2285 1370 res
2308 1312 2578 1375 dililuere,
2604 1311 2734 1373 illis,
2761 1309 2910 1379 quod
2940 1316 3278 1378 augeantur;
3314 1305 3402 1359 bis
3425 1319 3584 1368 vero,

2015 1407 2162 1477 quod
2190 1407 2302 1477 jam
2333 1405 2593 1459 fatiscant
2621 1410 2678 1456 et
2703 1400 2771 1456 ad
2803 1400 3093 1454 interitum
3141 1396 3391 1452 tendant.
3424 1395 3590 1450 Simi—

2014 1498 2143 1552 liter
2172 1511 2393 1567 quoque
2416 1495 2511 1565 qui
2534 1492 2803 1571 celeriore
2843 1498 2941 1545 aut
2965 1490 3131 1559 paulo
3152 1488 3396 1544 tardiore
3436 1487 3592 1556 inge-

2015 1589 2110 1641 nio
2133 1588 2274 1642 sint:
2316 1587 2439 1641 illos
2460 1585 2608 1641 enim
2638 1598 2761 1639 esse
2792 1583 2919 1653 plus
2949 1595 3109 1650 aequo
3138 1579 3452 1644 molliores;
3484 1578 3587 1631 bos

2016 1695 2152 1734 vero
2213 1677 2509 1733 duriores:
2538 1692 2602 1732 ac
2632 1676 2744 1730 illis
2775 1673 3023 1745 quidem,
3056 1683 3172 1725 non
3212 1670 3421 1741 haerere
3468 1668 3588 1722 ani-

2018 1786 2109 1824 mo
2162 1785 2348 1826 rerum
2399 1768 2726 1835 simulacra;
2780 1767 2981 1823 horum
3025 1776 3194 1829 vero,
3244 1778 3315 1819 ne
3355 1775 3587 1833 prorsus

2017 1863 2242 1933 quidem
2272 1861 2568 1932 attingere.

2086 1953 2331 2008 Platonis
2360 1955 2417 2007 in
2447 1950 2686 2023 Cratylo.
2732 1981 2800 1997 -
2828 1947 3103 2004 Memoria:
3141 1946 3322 2016 ipsum
3353 1958 3586 2015 prorsus

2016 2045 2348 2101 vocabulum
2380 2043 2612 2110 indicat,
2649 2056 2876 2098 manere
2912 2041 2973 2095 in
3018 2039 3225 2105 animo,
3272 2052 3385 2093 non
3431 2044 3588 2092 extra

2017 2134 2175 2191 illum
2195 2135 2352 2192 ferri.

2088 2224 2247 2294 Quod
2280 2240 2466 2281 rerum
2491 2224 2789 2280 simulacra
2831 2221 3204 2285 retineantur,
3259 2216 3585 2273 memoriam

2015 2317 2243 2384 vocari;
2275 2315 2425 2386 quod
2466 2330 2601 2370 vero
2650 2314 2705 2369 in
2739 2321 2978 2368 mentem
3036 2310 3283 2374 redeant,
3324 2306 3587 2362 recorda-

2018 2411 2248 2465 tionem.
2318 2407 2649 2477 Plerumque
2698 2421 2867 2470 vero,
2928 2404 3022 2474 qui
3075 2402 3338 2457 tardioris
3380 2398 3586 2469 ingenii

2016 2502 2148 2567 sint,
2178 2500 2475 2556 tenacioris
2508 2514 2635 2554 esse
2655 2496 2965 2563 memoria);
2997 2496 3094 2566 qui
3144 2510 3275 2550 vero
3304 2492 3588 2550 celerioris

2018 2606 2114 2646 seu
2146 2589 2378 2645 acrioris
2402 2600 2467 2642 ac
2489 2587 2663 2657 magis
2692 2585 2921 2649 dociles,
2959 2583 3178 2639 facilius
3211 2581 3514 2637 reminisci.

2086 2680 2359 2753 Chariclii.
2390 2708 2461 2719 —-
2484 2677 2715 2732 Multum
2750 2676 2978 2747 prodest
3020 2683 3087 2729 ut
3127 2675 3253 2744 quis
3315 2671 3587 2727 malorum

2018 2771 2411 2830 obliviscatur,
2470 2769 2764 2824 obscurata
2825 2766 2980 2822 velut
3040 2765 3157 2820 fere
3222 2761 3589 2833 caligantibus

2018 2861 2187 2916 animi
2219 2860 2389 2928 oculs,
2426 2855 2807 2913 commonitio.

2094 2950 2176 3005 Ea:
2205 2948 2431 3020 Epicteti
2450 2946 2746 3001 sententiis.
2784 2972 2856 2983 —
2888 2942 3057 3013 Magis
3091 2941 3160 2996 de
3186 2940 3300 2996 Deo
3341 2937 3588 3010 quotidie

1941 3062 1990 3126 ς
2019 3054 2204 3096 sermo
2240 3045 2559 3101 renovetur,
2582 3049 2747 3105 quam
2767 3031 2874 3089 cibi
2905 3032 3024 3101 ipsa
3046 3029 3308 3099 sumptio.

2089 3127 2352 3184 Crebrius
2386 3126 2558 3182 Deum
2582 3124 2841 3195 cogitato,
2872 3138 3039 3192 quam
3074 3120 3330 3190 spiritum
3378 3118 3587 3175 ducito.

2089 3219 2146 3275 Si
2176 3210 2447 3289 perpetuo
2491 3213 2812 3271 memineris
2858 3215 3031 3271 Deum
3081 3212 3181 3267 tibi
3225 3217 3589 3278 spectatorem

2016 3311 2232 3377 adesse,
2266 3306 2533 3380 quidquid
2557 3322 2704 3377 agas,
2742 3306 2857 3361 sive
2879 3319 3074 3360 eorum
3093 3318 3217 3373 qua:
3246 3301 3314 3356 ad
3345 3300 3590 3355 animum

2019 3408 2293 3472 spectant,
2323 3400 2439 3455 sive
2474 3397 2636 3469 655
2659 3413 2782 3468 qua:
2809 3396 2877 3451 ad
2920 3410 3146 3464 corpus,
3189 3409 3302 3447 non
3331 3391 3592 3462 peccabis

2017 3492 2073 3546 in
2102 3490 2359 3547 omnibus
2386 3488 2731 3544 orationibus
2778 3486 2891 3540 tuis
2916 3494 2974 3540 et
3015 3483 3348 3547 actionibus,
3381 3482 3589 3536 Deum-

2016 3600 2125 3655 que
2156 3582 2256 3636 tibi
2283 3580 2557 3651 bospitem
2585 3577 2849 3633 habebis.

2087 3675 2156 3731 Ut
2179 3672 2483 3743 jucundum
2511 3677 2647 3724 este
2676 3676 2818 3723 terra
2844 3680 2994 3720 mare
3018 3672 3288 3733 spectare,
3311 3662 3390 3719 sic
3417 3663 3468 3719 ei
3493 3662 3588 3735 qui

2015 3781 2046 3821 a
2075 3762 2336 3836 periculis
2352 3746 2625 3816 liberatus
2651 3758 2742 3823 sit,
2768 3756 3018 3812 laborum
3036 3753 3382 3809 meminisse.

2599 3867 2830 3926 SERMO
2868 3868 3005 3923 Llll.

2646 3964 2726 4018 De
2757 3963 2961 4017 anima.

2085 4058 2274 4112 Matth.
2310 4072 2377 4121 α,
2415 4055 2504 4111 '59.
2541 4086 2612 4094 —
2655 4054 2759 4121 Qui
2805 4049 3078 4107 invenerit
3119 4049 3355 4103 animam
3401 4061 3587 4112 suam,

2016 4151 2207 4217 perdet
2238 4164 2387 4213 eam;
2423 4156 2481 4202 et
2512 4148 2607 4216 qui
2644 4145 2951 4215 perdiderit
2989 4141 3227 4196 animam
3268 4154 3419 4194 suam
3458 4155 3588 4209 pro—

2015 4251 2137 4312 pter
2166 4257 2276 4305 me,
2307 4240 2552 4294 inveniet
2581 4253 2722 4292 eam.

2045 4347 2047 4350 ‘
2085 4333 2145 4389 II
2180 4331 2302 4389 Cor.
2335 4348 2411 4398 ιν,
2437 4330 2526 4385 i6.
2553 4359 2625 4369 —
2666 4326 2821 4382 Licet
2855 4325 2924 4391 is,
2945 4322 3053 4395 qui
3091 4321 3227 4378 foris
3263 4330 3367 4386 est,
3400 4329 3590 4376 noster

336 4412 710 4481 διαφθείρεται
742 4429 756 4443 ο
803 4411 918 4465 ἀλλ’
968 4413 997 4466 ὁ
1058 4411 1261 4467 ἔσωθεν
1297 4411 1701 4484 ἀνακαινοῦται,
1730 4415 1913 4486 ἡμέρᾳ

2034 4438 2183 4478 Jomo
2205 4427 2621 4490 corrumpatur;
2650 4425 2833 4471 tamen
2862 4415 2909 4470 is
2937 4412 3033 4484 qui
3060 4412 3208 4468 intus
3235 4416 3336 4476 est,
3362 4425 3591 4465 renova.

339 4504 431 4557 καὶ
467 4503 667 4575 ἡμέρᾳο
756 4522 761 4531 ·
1352 4532 1358 4537 ’

405 4594 588 4663 Σιρὰχ
618 4591 725 4654 λζ’.
755 4623 824 4637 --
852 4594 1077 4659 Τέκνον,
1133 4595 1191 4648 tv
1234 4596 1507 4668 πραΰτητι
1559 4593 1783 4663 δόξασον
1841 4597 1913 4668 (e)

334 4684 435 4754 τὴν
469 4685 651 4757 ψυχήν
681 4703 801 4749 σου,
842 4686 936 4740 καὶ
979 4687 1057 4740 ῐδε
1092 4686 1148 4740 τί
1184 4688 1421 4758 πονηρὸν
1465 4687 1626 4758 αὐτῇ,
1684 4689 1779 4742 καί⁸
1802 4673 1817 4681 ’
1839 4690 1913 4761 μὴ

338 4774 442 4846 δῷς
465 4778 627 4846 αὐτῇ.
656 4776 733 4829 Οὐ
774 4776 882 4847 γὰρ
932 4776 1108 4831 πάντα
1154 4778 1290 4832 πᾶσι
1344 4777 1613 4850 συμφέρει
1641 4793 1656 4809 ⁸
1711 4780 1806 4834 καὶ
1849 4781 1910 4835 οὐ

336 4867 488 4921 πᾶσα
518 4866 665 4937 ψυχὴ
698 4869 757 4920 tv
777 4868 942 4921 παντὶ
969 4870 1197 4923 εὐδοκεῖ.
1601 4908 1605 4911 -

418 4955 485 5007 ‘H
539 4957 891 5029 καταστροφὴ
929 4958 1038 5011 τῶν
1079 4958 1413 5028 παρανόμων
1473 4958 1539 5029 (Γ)
1592 4960 1733 5031 κακή
1768 4975 1783 4991 ο
1839 4963 1906 5032 τῇ

337 5043 446 5117 γὰρ
467 5046 693 5118 ἀσεϐείᾳ
722 5048 819 5119 τὴν
853 5048 1031 5102 αὐτῶν
1064 5048 1242 5120 ψυχὴν
1271 5048 1655 5121 ἀφαιροῦνται.

2017 4525 2109 4572 tur
2133 4516 2202 4571 de
2224 4514 2314 4569 die
2340 4514 2395 4568 in
2425 4513 2593 4568 diem.

2090 4602 2322 4665 Eccli.x,
2351 4602 2450 4667 '51;
2478 4614 2679 4664 xxxvu,
2705 4598 2794 4663 '50,
2820 4597 2912 4653 ⁸51.
2936 4626 3007 4638 —-
3030 4592 3156 4661 Fili,
3186 4592 3242 4647 in
3273 4598 3590 4646 mansuetu-

2013 4694 2143 4750 dine
2166 4693 2409 4765 glorilica
2435 4691 2670 4748 animam
2698 4703 2872 4756 tuam,
2896 4696 2951 4744 et
2969 4687 3098 4742 vide
3121 4684 3253 4765 quid
3280 4683 3357 4737 illi
3383 4682 3586 4736 malum

2012 4783 2105 4849 sit,
2127 4793 2184 4839 et
2207 4799 2277 4838 ne
2306 4782 2525 4838 dederis
2546 4782 2620 4836 ei.
2642 4782 2761 4836 Non
2788 4781 2935 4836 enim
2962 4778 3150 4834 omnia
3177 4774 3435 4832 omnibus
3460 4789 3589 4844 pro-

2015 4883 2168 4938 sunt,
2191 4887 2296 4927 nec
2318 4870 2467 4925 omni
2496 4872 2693 4925 animae
2715 4870 2898 4924 omnia
2926 4866 3249 4937 probantur.

2086 4966 2224 5020 Mala
2247 4971 2333 5018 est
2346 4962 2745 5045 sceleratorum
2777 4947 3094 5024 subversio;
3130 4956 3411 5026 impietate
3438 4954 3587 5009 enim

2016 5066 2170 5106 suam
2204 5049 2309 5119 ipsi
2337 5048 2595 5103 auferunt
2617 5049 2874 5101 animam.

1607 5157 1843 5213 νΑῐιιιλΕ
1884 5157 2315 5235 LECTIONES.

411 5245 453 5277 ¹⁶
490 5245 606 5301 Bal.
656 5247 958 5312 Πλάτωνος.
1037 5250 1079 5281 ¹⁷
1110 5248 1172 5304 In
1217 5248 1385 5305 Gesn.
1434 5247 1594 5304 Stob.
1641 5249 1769 5304 293.

1856 5317 2090 5373 NOTZE.

368 5472 381 5484 .
407 5403 492 5488 (e).
522 5406 622 5488 ‘E_r
647 5409 936 5488 «pauenti
959 5409 1245 5488 δόξαᾳονζ.
1280 5408 1662 5488 Fortelapsus
1696 5424 1923 5488 _memo-.

336 5474 421 5529 ria
446 5474 735 5549 Maximus,
769 5474 1095 5549 sic'assutis
1110 5479 1325 5533 duobus
1354 5479 1510 5544 locis,
1531 5474 1665 5534 ’eum
1698 5480 1909 5549 integer

337 5553 557 5619 constet
584 5546 763 5619 Eccli.
796 5564 1001 5613 xxxv",
1043 5548 1386 5619 ὅρητέκνον,
1436 5551 1495 5601 tv
1522 5552 1588 5618 τῇ
1640 5548 1751 5619 ζωῇ
1813 5546 1907 5602 σου

339 5613 599 5693 πείρασον
618 5616 716 5691 τὴν
736 5615 915 5693 ψυχῄν
933 5634 1049 5671 σου.
1067 5617 1190 5693 ili,
1211 5620 1263 5671 in
1278 5619 1381 5693 uita
1402 5622 1491 5672 tua
1517 5613 1906 5693 te'ntanri'inmm

343 5686 510 5749 tuam,
548 5683 601 5737 id
637 5683 720 5741 es't
744 5683 994 5759 explora;
1040 5687 1107 5743 ad
1155 5687 1301 5757 quod
1343 5697 1650 5757 sequuntur
1694 5689 1907 5759 reliqua

2020 5410 2109 5464 hic
2133 5410 2446 5476 subiuncta.
2468 5411 2586 5466 Non
2606 5411 2745 5465 bene
2764 5409 2929 5466 Gesn.
2960 5408 3116 5472 illud,
3155 5408 3232 5467 ῑδε
3268 5409 3321 5461 τί
3350 5409 3587 5476 πονηρὸν

2017 5481 2177 5550 αὐτῇ.
2217 5475 2340 5534 Vide
2361 5480 2486 5549 quid
2507 5483 2561 5534 in
2588 5498 2649 5533 ea
2683 5481 2767 5550 sit,
2802 5479 3109 5550 moliJmo,
3143 5479 3267 5549 quid
3286 5480 3357 5533 sit
3388 5475 3587 5550 malunt

2016 5545 2154 5620 eti
2187 5565 2296 5620 quo
2324 5545 2535 5604 scilicet
2566 5549 2893 5620 cavendum.
2933 5548 3067 5620 Boni
3110 5545 3467 5618 interpretes,
3497 5545 3592 5614 qui

2014 5619 2172 5689 nobis
2194 5617 2302 5673 una
2331 5620 2449 5674 veri
2478 5620 2574 5674 Dei
2613 5618 2768 5689 verbi
2807 5618 2994 5689 regula
3026 5617 3167 5689 sint!

2086 5688 2150 5763 (0
2189 5689 2246 5748 Ἠ
2276 5688 2664 5760 καταστροφὴ
2695 5687 2816 5747 τῶν
2842 5687 2946 5757 ria;
2963 5688 3219 5757 ανόμων.
3254 5687 3499 5743 Videtur
3550 5698 3613 5737 es
