4008 6194
435 310 543 377 955

1599 318 1660 377 S.
1704 316 1979 376 MAXIM!
2025 312 2528 377 CONFESSORIS

3579 295 3674 364 5‘56

511 429 667 485 Prov.
691 446 765 495 xl,
790 430 880 484 25.
907 459 975 468 —
1003 429 1195 483 Anima
1225 429 1534 497 benedicta,
1561 433 1740 487 omnis
1768 447 1890 501 quae
1919 439 2004 485 est

2176 432 2420 498 Παροιμ.
2452 435 2543 483 ια’.
2568 460 2636 472 -—
2667 430 2829 502 Ψυχὴ
2871 426 3246 497 εὐλογημένη,
3306 417 3459 471 πᾶσα
3510 409 3671 481 ἀπλῆ·

434 521 689 575 simplex.

505 536 538 572 η
584 536 689 575 rex.

505 536 714 663 Bgsilii.
748 639 818 649 -
857 610 1066 666 Anima:
1110 613 1434 676 thesaurus,
1468 622 1682 684 egestas
1723 613 2002 682 corporis;

438 696 545 751 hoc
576 699 723 751 enim
756 698 948 763 divite,
977 700 1072 755 illa
1104 717 1313 772 pauper
1344 711 1449 756 est.

506 786 710 841 Natura
761 789 969 843 bonum
1019 793 1202 860 putari
1252 790 1453 856 debet,
1501 790 1650 861 quod
1704 798 1790 846 est
1837 790 2003 845 animi

438 876 670 931 bonum.

506 970 680 1022 Nemo
704 967 928 1038 negligit
948 968 995 1024 si
1022 967 1195 1022 ﬁlium
1219 968 1425 1023 viderit
1452 968 1507 1021 in
1536 966 1752 1022 foveam
1777 967 2007 1033 cadere;

440 1058 526 1112 vel
558 1059 603 1111 si
628 1060 911 1122 ceciderit,
935 1061 989 1112 in
1016 1075 1081 1113 ea
1108 1059 1349 1128 positum
1377 1074 1504 1113 eum
1532 1058 1740 1112 deserit
1764 1076 1778 1111 :
1804 1067 2011 1126 quanto

440 1148 681 1215 gravius,
707 1150 853 1217 quod
882 1150 1120 1203 animam
1149 1150 1205 1203 in
1235 1151 1398 1203 altam
1430 1149 1699 1209 malorum
1725 1148 2011 1203 cadentem

441 1236 777 1304 voraginem,
804 1239 858 1291 in
890 1238 1120 1292 interitu
1153 1239 1270 1307 ipso
1298 1238 1640 1292 deserimus!

514 1324 774 1396 Theologi.
792 1358 862 1367 —
885 1328 1023 1393 Quid
1054 1330 1155 1384 tibi
1181 1331 1262 1383 vis
1289 1330 1429 1393 ﬁeri,
1460 1344 1611 1399 rogo,
1635 1329 1853 1383 anima?
1871 1327 2011 1394 Quid

444 1415 648 1484 magni,
678 1417 882 1485 quidve
919 1420 1094 1487 parvi,
1128 1420 1196 1473 iis
1227 1435 1294 1473 ex
1329 1420 1499 1474 rebus
1531 1435 1654 1488 qua:
1689 1420 2016 1474 mortalibus

445 1505 502 1559 in
533 1507 712 1575 pretio
740 1508 902 1562 sunt?
932 1508 1125 1574 Quaere
1154 1509 1318 1565 modo
1348 1510 1560 1579 aliquid
1586 1511 1932 1580 praeclarum,
1960 1518 2017 1566 et

446 1595 548 1649 tibi
572 1596 736 1652 dabo.

513 1686 714 1751 Animo
743 1689 928 1758 potius
959 1691 1072 1745 Deo
1103 1692 1345 1756 immola,
1377 1708 1543 1762 quam
1576 1692 1689 1747 voti
1724 1692 1909 1747 modo.

2182 607 2521 661 Βασιλείου.
2550 636 2618 647 -
2643 607 2837 677 Ψυχῆς
2887 602 3262 675 θησαύρισμα,
3314 592 3568 674 σώματος
3591 585 3674 639 ἕν’

2110 698 2246 752 δεια.
2283 697 2485 750 Τούτου
2510 697 2620 768 γὰρ
2645 696 3017 761 πλουτοῦντος,
3046 690 3228 759 ἐκείνη
3258 687 3504 741 πένεται.

2182 788 2345 843 Φύσει
2373 789 2536 843 καλὸν
2556 787 2808 861 ἡγεῖσθαι
2827 787 2954 859 χρὴ,
2983 785 3047 840 τὸ
3077 783 3177 853 τῆς
3225 778 3405 850 ψυχῆς
3453 770 3673 842 ἀγαθόν.

2185 963 2374 1027 Οὐδεὶς
2401 964 2633 1033 περιορᾷ
2652 961 2715 1015 τὸ
2736 960 2926 1014 ἑαυτοῦ
2965 958 3155 1024 τέκνον
3204 953 3396 1025 μέλλον
3445 944 3678 1001 καταπί-

2115 1072 2271 1109 πτειν
2297 1055 2378 1117 είς
2413 1054 2655 1123 βόθυνον,
2680 1052 2714 1121 ἢ
2745 1051 2984 1122 ἐμπεσὸν
3005 1047 3261 1115 ὲναφίησι
3293 1042 3374 1112 τῷ
3410 1038 3675 1105 πτώματν

2118 1146 2271 1215 πόσῳ
2303 1145 2362 1198 δὲ
2388 1141 2689 1214 δεινότερον
2713 1140 2889 1211 ψυχὴν
2917 1140 2998 1202 είς
3055 1136 3221 1208 βάθος
3278 1130 3466 1187 κακῶν
3519 1125 3680 1197 ἐμπί-

2117 1252 2357 1291 πτουσαν
2393 1234 2669 1303 ἐναφεῖναι
2689 1235 2754 1302 τῇ
2776 1229 3052 1300 ἀπωλείας

2190 1328 2508 1395 Θεολόγου.
2548 1354 2620 1365 —
2663 1323 2730 1375 Τί
2792 1339 2877 1374 σοι
2942 1319 3118 1381 θέλεις
3170 1313 3463 1385 γενέσθαι;
3510 1306 3682 1379 tinam

2119 1417 2257 1488 ἐμὴν
2303 1414 2511 1488 ἐρωτῶ.
2563 1414 2630 1467 Τί
2682 1430 2764 1467 σοι
2802 1412 2946 1484 μέγα
2989 1411 3023 1480 ἢ
3054 1409 3109 1463 τί
3138 1405 3333 1479 μικρὸν
3355 1403 3465 1455 τῶν
3493 1398 3683 1470 τιμίων

2122 1507 2398 1578 βροτοῖσις
2429 1507 2588 1577 Ζήτει
2630 1505 2790 1575 μόνον
2838 1502 3134 1574 προθύμως
3183 1516 3237 1552 τι
3265 1492 3540 1567 λαμπρὸν,
3594 1488 3683 1542 καὶ

2119 1597 2275 1652 δώσω
2305 1615 2407 1652 σοι.

2082 1690 2087 1695 ’
2188 1690 2350 1757 Ψυχῇ
2380 1687 2475 1740 θῦε
2506 1686 2587 1756 τῷ
2619 1684 2738 1755 Θεῷ
2773 1684 2993 1754 μᾶλλον,
3088 1681 3258 1751 εὐχῆς
3275 1677 3493 1748 τρόπῳ.

515 1778 838 1849 Sapientum
881 1782 1043 1836 dictis
1078 1782 1243 1838 ﬁdem
1287 1784 1487 1847 habeo,
1520 1785 1765 1838 animum
1802 1798 2019 1839 omnem

2193 1776 2455 1847 Πείθομαι
2481 1776 2658 1845 σοφῶν
2684 1775 2886 1841 λόγοις,
2915 1774 2996 1826 ὅτι
3027 1770 3174 1840 ψυχὴ
3226 1770 3377 1821 πᾶσα
3436 1763 3578 1831 καλή
3630 1778 3687 1814 τι

445 1868 540 1938 qui
576 1870 648 1923 sit
678 1870 859 1926 bonus
894 1888 957 1926 ac
989 1874 1133 1942 pius,
1169 1873 1263 1926 ubi
1307 1875 1604 1943 coniuncto
1646 1873 1753 1927 sibi
1795 1887 2025 1942 corpore

446 1960 659 2016 solutus
680 1962 810 2017 hinc
831 1964 1173 2028 discesserit,
1195 1980 1321 2018 mox
1346 1965 1659 2033 persentire
1682 1979 1746 2018 ac
1772 1965 2024 2018 contueri

445 2049 592 2117 quod
638 2058 725 2105 est
762 2061 1164 2107 consecuturus
1201 2053 1433 2117 bonum,
1491 2061 1680 2122 utpote
1727 2055 1823 2107 illo
1874 2051 2023 2122 quod

445 2140 705 2194 tenebras
735 2141 1055 2196 effundebat
1091 2154 1414 2213 expurgato,
1445 2143 1563 2197 sive
1613 2143 1819 2212 posito,
1852 2145 1941 2224 vel
1977 2142 2022 2196 si

446 2230 578 2298 quid
603 2231 753 2285 aliud
777 2232 1072 2288 dicendum
1100 2242 1205 2297 est,
1229 2234 1461 2288 miriﬁca
1482 2233 1718 2303 quadam
1739 2235 2023 2303 voluptate

446 2320 723 2375 mulcetur
742 2330 798 2376 et
818 2324 1075 2388 exsultat,
1098 2334 1154 2379 et
1174 2324 1425 2393 placidus
1448 2324 1517 2378 ad
1543 2324 1834 2378 Dominum
1860 2339 2020 2379 suum

448 2411 853 2480 proﬁciscitur;
886 2424 1208 2483 praesentem
1238 2415 1407 2469 vitam
1440 2415 1587 2469 haud
1621 2429 1780 2469 secus
1811 2430 1875 2469 ac
1904 2431 2026 2485 gra-

446 2516 573 2556 vem
608 2505 905 2572 quemdam
941 2521 1217 2561 carcerem
1251 2506 1571 2577 defugiens,
1595 2515 1654 2561 et
1685 2507 1884 2576 injecta
1916 2507 2024 2560 sibi

448 2594 697 2661 vincula,
729 2611 760 2649 a
799 2595 1002 2664 quibus
1042 2598 1245 2651 mentis
1282 2598 1367 2651 ala
1405 2598 1824 2661 detrahebatur.
1855 2613 2025 2652 excu-

450 2685 621 2748 tiens;
651 2687 918 2755 velutque
946 2688 1055 2756 jam
1086 2688 1436 2756 cogitationis
1466 2688 1759 2756 praesentia
1792 2687 2024 2758 ipsoque

447 2771 649 2828 obtutu
682 2775 888 2829 fruitur
920 2777 1186 2831 felicitate
1220 2777 1485 2846 reposita.

518 2963 685 3035 656
717 2963 983 3035 Chrysost.
1010 2997 1081 3006 —
1111 2967 1363 3037 Duplicia
1397 2968 1594 3022 omnia.
1614 2968 1850 3022 contulit
1881 2968 2027 3022 Deus

451 3051 705 3109 humanm
748 3066 984 3122 naturae;
1025 3057 1186 3111 binos
1225 3059 1435 3121 oculos,
1469 3059 1716 3127 geminas
1752 3075 1936 3124 aures,
1971 3068 2028 3113 et

2139 3076 2193 3140 τῇ
2243 3069 2422 3139 φύσει,
2475 3067 2569 3120 δύο
2621 3064 2955 3133 ὀφθαλμοὺς,
3006 3060 3101 3114 δύο
3147 3055 3284 3119 ὦτα*
3337 3058 3433 3110 δύο
3481 3059 3703 3154 χεῖρίςζ

452 3155 744 3210 manus,et
764 3147 968 3215 pedes;
1004 3156 1062 3202 ut
1088 3150 1133 3202 si
1163 3149 1397 3202 alterum
1430 3150 1669 3203 duorum
1697 3151 1884 3204 laesum
1915 3151 2030 3205 fue—

453 3234 557 3294 rit,
597 3235 829 3289 alterius
871 3251 1039 3305 opera
1081 3239 1455 3292 necessarium
1494 3254 1656 3321 usum
1692 3240 1775 3293 vel
1820 3249 2030 3309 partem

455 3326 813 3394 impleamus;
851 3328 1089 3381 animam
1124 3345 1257 3384 vero
1292 3331 1511 3383 unicam
1546 3330 1700 3384 dedit
1734 3348 1747 3383 :
1785 3347 1947 3399 quam
1987 3332 2031 3385 si

456 3414 897 3483 perdiderimus,
929 3430 1055 3470 cum
1103 3432 1214 3485 quo
1264 3416 1488 3471 tandem
1531 3416 1702 3470 vitam
1753 3424 2033 3471 sustenta-

460 3500 684 3555 bimus?

527 3592 723 3645 Anima
744 3591 1058 3648 substantia
1082 3594 1333 3665 quadam
1362 3602 1450 3649 est
1475 3593 1803 3663 incorporea
1833 3603 1889 3649 et
1935 3596 2038 3649 im-

450 3678 730 3733 mortalis.

531 3768 729 3823 Auima
772 3780 857 3825 est
913 3774 1222 3828 substantia
1258 3763 1469 3843 genita:
1506 3773 1814 3828 substantia
1847 3774 2038 3831 vivens

460 3858 804 3930 intelligendi
839 3863 1096 3918 facultate
1131 3863 1381 3933 praedita.

532 3947 831 4005 Clementis.
862 3984 932 3992 —
963 3953 1127 4007 Curis
1160 3954 1417 4008 omnibus
1446 3969 1509 4008 ac
1536 3952 1822 4007 laboribus
1846 3953 2037 4007 soluta:

460 4038 678 4103 animm,
707 4041 874 4094 vitam
912 4041 1142 4105 habent,
1175 4043 1392 4098 tametsi
1431 4052 1695 4113 separata:
1736 4058 1768 4098 a
1809 4057 2037 4111 corpore

463 4132 765 4197 exsistant,
802 4133 968 4203 inque
1015 4133 1149 4188 illud
1193 4134 1475 4189 desiderio
1515 4134 1725 4189 aﬂecta:
1773 4152 1786 4188 :
1837 4134 1892 4187 in
1941 4134 2036 4188 Dei

465 4218 645 4273 sinum
668 4224 961 4277 convolant
985 4223 1349 4289 immortales;
1371 4223 1516 4278 haud
1541 4240 1703 4279 secus
1724 4239 1787 4278 ac
1808 4224 2039 4277 hiberna

460 4318 787 4379 tempestate
819 4313 1024 4368 terreni
1064 4329 1295 4382 vapores
1334 4316 1466 4373 solis
1503 4315 1675 4369 radiis
1719 4315 1942 4371 attracti
1984 4314 2036 4367 in

462 4411 589 4452 eum
626 4397 904 4454 feruntur.

534 4486 871 4544 [mmortales
901 4500 1029 4545 sunt
1052 4508 1247 4548 omnes
1275 4493 1494 4557 animze,
1517 4495 1683 4549 etiam
1716 4493 2033 4563 impiorum,

462 4577 666 4645 quibus
699 4590 983 4648 pnestaret
1014 4600 1123 4638 non
1158 4601 1280 4640 esse
1316 4586 1678 4640 immortales.
1711 4585 1849 4638 Dum
1886 4585 2034 4638 enim

464 4666 609 4737 ignis
626 4670 1093 4743 inexstinguibilis
1111 4686 1377 4745 perpetuo
1398 4686 1726 4745 torquentur
1744 4676 2034 4745 supplicio.

464 4773 567 4812 nec
613 4777 852 4830 unquam
904 4766 1239 4831 moriuntur,
1273 4768 1485 4821 nullum
1537 4768 1680 4821 male
1727 4782 1829 4820 suo
1873 4767 2032 4821 ﬁnem

464 4850 709 4905 nancisci
746 4866 993 4922 possunt.

2125 1870 2220 1922 καὶ
2272 1867 2546 1935 θεοφιλὴς,
2608 1865 2829 1918 ἐπειδὰν
2872 1862 2967 1915 τοῦ
3030 1858 3417 1928 συνδεδεμένον
3470 1852 3690 1906 λυθεῖσα

2126 1960 2377 2029 σώματος
2424 1956 2632 2011 ἐνθένδε
2684 1955 2994 2023 ἀπαλλαγῇ,
3049 1951 3211 2013 εὐθὺς
3252 1950 3352 2017 μὲν
3403 1949 3462 1999 ὲν
3507 1960 3690 1998 συναι-

2127 2052 2317 2121 σθήσει
2346 2053 2403 2103 ὲν
2427 2049 2632 2120 θεωρίᾳ
2674 2047 2767 2100 τοῦ
2800 2045 3087 2116 μέλλοντος
3139 2043 3278 2110 αὐτῇ
3325 2035 3494 2092 καλοῦ
3541 2051 3695 2104 γενο-

2127 2144 2261 2215 μένη
2283 2180 2298 2205 ,
2364 2141 2457 2194 ἀτε
2509 2138 2606 2193 τοῦ
2656 2135 3073 2198 έπισκοτοῦντος
3123 2129 3618 2199 ἀνακαθαρθέντος,
3659 2124 3692 2195 ἢ

2123 2232 2555 2303 ἀποτεθέντος,ῆ
2587 2230 2687 2284 οὐκ
2717 2226 2813 2281 οἷδ’
2844 2230 2873 2282 ὅ
2903 2245 2955 2280 τι
3002 2226 3098 2280 καὶ
3121 2224 3305 2292 λέγειν
3329 2220 3459 2293 χρὴ,
3483 2220 3696 2287 θαυμα-

2125 2327 2247 2380 σίαν
2292 2325 2418 2378 τινὰ
2472 2324 2661 2395 ἡδονὴν
2702 2323 2889 2393 ἥδεται
2926 2321 3021 2373 καὶ
3063 2316 3379 2385 ἀγάλλεται,
3412 2312 3512 2365 καὶ
3540 2310 3699 2371 ἵλεως

2124 2421 2291 2491 χωρεῖ
2315 2417 2451 2485 πρὸς
2496 2416 2591 2468 τὸν
2632 2413 2835 2481 ἑαυτῆς
2890 2410 3167 2478 Δεσπότην
3199 2423 3214 2436 ⁶
3267 2408 3456 2475 ὥσπερ
3504 2421 3564 2456 τι
3613 2403 3700 2455 δε·-

2126 2504 2437 2581 σμωτήριόν
2485 2505 2721 2577 χαλεπὸν
2772 2504 2863 2557 τδν
2886 2502 3138 2557 ἐντεῦθεν
3170 2500 3283 2569 βίον
3316 2494 3701 2581 ἀποφυγοῦσα,

2122 2580 2217 2653 καὶ
2268 2599 2364 2661 τάς
2422 2595 2815 2666 περικειμένας
2838 2590 3244 2661 ἀποσεισαμένη
3278 2588 3466 2649 πέδας,
3500 2585 3596 2653 ὑφ’
3628 2580 3701 2659 ὧν

2123 2689 2183 2744 τὺ
2210 2692 2307 2759 τῆς
2357 2687 2594 2749 διανοίας
2648 2684 2847 2753 πτερὸν
2895 2682 3211 2736 καθείλκετο
3238 2695 3254 2709 ο
3304 2677 3401 2729 καὶ
3437 2669 3556 2728 οἷον
3604 2673 3703 2741 ἤδη

2122 2786 2189 2852 τῇ
2250 2780 2517 2850 φαντασίᾳ
2574 2777 2879 2848 καρποῦται
2937 2775 3037 2846 τὴν
3083 2769 3457 2841 ἀποκειμένην
3526 2783 3705 2838 μακα-

2129 2874 2371 2951 ριότητα.
3232 2946 3243 2954 ⁹

2199 2981 2492 3046 Χρυσοστ.
2526 3004 2595 3015 -
2622 2974 2807 3028 Πάντα
2829 2970 2993 3024 διπλᾶ
3021 2969 3254 3023 δέδωκεν
3284 2965 3444 3036 ἡμῶν
3492 2965 3527 3016 δ
3579 2962 3709 3024 Θεὸς

2129 3163 2222 3215 δύο
2255 3160 2466 3221 adduc“
2506 3158 2604 3211 ἐὰν
2652 3156 2911 3220 ὁπότερον
2958 3152 3164 3205 τούτων
3212 3149 3407 3219 βλαόῇ.
3469 3147 3571 3200 διὰ
3622 3145 3712 3198 τοῦ

2132 3253 2318 3320 ἑτέρου
2372 3248 2471 3318 τὴν
2509 3247 2699 3316 χρείαν
2726 3240 3205 3313 παραμυθούμεθα
3233 3255 3248 3268 ·
3284 3236 3463 3308 ψυχὴν
3491 3238 3555 3290 δὲ
3589 3236 3715 3317 μίαν

2130 3341 2362 3394 δέδωκεν
2421 3337 2558 3405 ἡμῖν
2590 3353 2605 3368 ο
2646 3333 2714 3387 ἀν
2754 3332 2959 3403 ταύτην
2985 3330 3363 3400 ἀπολέσωμεν,
3395 3326 3547 3397 μετά
3574 3327 3719 3386 τίνος

2132 3427 2555 3501 ἐμϐιοτεύσομεν
2575 3436 2594 3485 ἶ

2203 3606 2367 3678 Ψυχή
2399 3606 2548 3659 ἐστιν
2594 3605 2750 3659 οὐσία
2800 3621 2887 3666 τις
2936 3601 3229 3673 ἀσώματος
3273 3601 3369 3653 καὶ
3416 3598 3716 3660 ἀθάνατος.

2203 3781 2365 3852 Ψυχή
2396 3782 2543 3835 ἐστιν
2593 3780 2749 3834 οὐσία
2791 3776 3048 3849 γεννητὴ,
3107 3776 3265 3829 οὐσία
3323 3774 3483 3841 ζῶσα
3538 3775 3720 3847 νοερά.

2207 3957 2498 4024 Κὲήμεντ,
2531 3985 2599 3995 -
2624 3954 2848 4007 Πάντων
2880 3953 3245 4008 ἀνα-πνέουσαι
3284 3954 3360 4023 (g)
3415 3955 3479 4007 αἱ
3530 3952 3717 4023 ψυχαὶ,

2135 4047 2197 4100 τὺ
2232 4045 2331 4116 ζῇν
2379 4046 2584 4114 έχουσι,
2641 4043 2745 4097 κᾶν
2791 4042 3101 4114 χωρισθῶσι
3141 4044 3234 4097 τοῦ
3288 4044 3573 4112 σώματος,
3630 4043 3723 4096 καὶ

2136 4136 2229 4189 τὸν
2257 4138 2337 4198 είς
2369 4135 2501 4189 αὐτὸ
2529 4132 2795 4204 εὕρεθῶσι
2858 4132 3023 4187 πόθον
3062 4133 3302 4203 ἔχουσαι,
3355 4133 3439 4195 είς
3493 4135 3588 4186 τὸν
3630 4132 3720 4184 τοῦ

2138 4222 2274 4277 Θεοῦ
2310 4222 2509 4275 κόλπον
2542 4220 2801 4291 φέρονται
2850 4220 3107 4273 ἀθάνατοι
3147 4238 3161 4251 ·
3209 4220 3286 4284 ὡς
3332 4220 3392 4272 ἐν
3445 4221 3722 4290 χειμῶνος

2142 4315 2260 4386 ὥρᾳ
2292 4315 2343 4367 οἱ
2381 4314 2547 4382 ἀτμοὶ
2585 4312 2683 4381 τῆς
2743 4311 2849 4381 γῆς
2883 4311 2988 4364 ὑπὸ
3018 4311 3129 4364 τῶν
3161 4311 3257 4364 τοῦ
3289 4311 3445 4380 ἡλίου
3483 4314 3724 4366 ἀκτίνων

2073 4431 2116 4483 D
2141 4404 2494 4474 ἐφελκόμενοι
2516 4404 2773 4474 φέρονται
2802 4400 2937 4471 πρὸς
2973 4402 3157 4456 αὐτόν.

2223 4494 2505 4547 Ἀθάνατοι
2528 4495 2698 4546 πᾶσαι
2728 4492 2785 4544 αί
2824 4491 3017 4560 ψυχαὶ,
3047 4492 3142 4544 καὶ
3188 4489 3299 4544 τῶν
3331 4491 3578 4556 ἀσεϐῶν,
3635 4486 3723 4553 αἷς

2140 4582 2364 4653 ἄμεινον
2416 4578 2483 4653 ἦν
2520 4582 2595 4653 μὴ
2647 4562 2956 4649 ἀφθάρτους
2999 4575 3161 4632 εἶναι.
3198 4578 3586 4649 Κολαξόμεναι
3616 4579 3723 4647 γὰρ

2141 4675 2246 4728 ὑπὸ
2294 4672 2389 4728 τοῦ
2447 4673 2711 4728 ἀσϐέστου
2766 4670 2939 4741 πυρὺς
2979 4670 3272 4741 ἀπεράντῳ
3321 4671 3576 4741 τιμωρίᾳ
3631 4668 3722 4721 καὶ

2143 4764 2219 4833 μὴ
2264 4762 2611 4834 θνήσκουσαι,
2662 4762 2754 4815 ἐπὶ
2802 4761 2962 4832 κακῷ
3004 4761 3082 4832 τῷ
3105 4760 3315 4814 ἑαυτῶν
3342 4759 3501 4823 τέλος
3537 4759 3722 4814 λαόείν

2138 4857 2238 4909 οὐκ
2268 4854 2500 4931 ἔχουσιν.

1971 4986 2196 5042 NOTAE.

466 5097 628 5167 ζων.
658 5108 962 5167 sumptum.
986 5100 1121 5156 Male
1139 5101 1304 5158 Gesn.
1345 5108 1792 5160 conversationem
1830 5104 2038 5158 reddit:

464 5166 586 5226 Est,
621 5168 907 5247 s'ubeersio,
936 5171 1204 5247 interitus,
1250 5173 1442 5247 r_uina,_
1476 5184 1533 5227 et
1566 5177 1611 5228 si
1635 5176 1768 5247 quid
1797 5183 1883 5229 est
1917 5176 2036 5244 ejus

466 5239 703 5318 generis,
730 5239 804 5318 iis.
826 5239 1153 5318 reposit_uu_t_,
1184 5243 1279 5318 qui
1316 5243 1594 5311 impietate
1625 5239 1861 5318 animam
1881 5239 2035 5318 suam

466 5307 729 5383 perdunt.
762 5308 875 5362 Nec
901 5307 1045 5364 istud
1074 5312 1224 5365 aliud
1242 5320 1348 5377 est,
1376 5307 1539 5382 quam
1562 5313 1710 5383 quod
1740 5315 1818 5368 ait
1841 5313 2035 5382 psalm.

466 5374 612 5448 Hora
641 5386 976 5448 peccatorum
1010 5382 1259 5448 pessima.

541 5445 631 5517 (g)
644 5446 896 5500 Πάντων
920 5445 1357 5504 ἀνὰπνέουσὰι.
1390 5449 1554 5517 Quasi
1588 5453 1651 5505 ab
1691 5451 1927 5505 omnibus
1958 5465 2042 5502 re-

463 5515 768 5590 spiramen
794 5517 863 5569 ab
884 5517 1142 5590 omnibus
1173 5515 1428 5589 requiem
1451 5521 1697 5590 adeptze:
1740 5522 1855 5574 haec
1890 5520 2036 5590 enim

468 5583 1214 5659 hujusvisconstructionis,
1240 5583 1293 5642 i'n
1320 5605 1426 5656 qua
1456 5583 1893 5659 propositionem
1935 5588 2040 5659 ἀπὸ

467 5651 806 5721 subintelligi
855 5652 1082 5723 quidam
1120 5651 1633 5715 volunt-Describit
1668 5661 1924 5721 Clemens
1956 5656 2040 5726 ip-

2140 5117 2261 5157 sum
2295 5100 2400 5153 hoc
2420 5098 2569 5168 quod
2603 5098 2762 5153 Joan.
2805 5099 2858 5151 in
2886 5097 3236 5168 Apocalypsi,
3282 5096 3722 5168 animorumure-

2141 5172 2325 5239 quiem
2356 5185 2386 5222 a
2414 5165 2716 5239 laboribus,
2742 5165 2949 5239 quibus
2976 5165 3190 5239 solum,
3237 5174 3294 5219 et
3317 5181 3347 5219 a
3383 5165 3722 5239 corporibus

2142 5234 2429 5302 absoluta,
2480 5238 2585 5292 etsi
2608 5251 2716 5290 non
2748 5234 2947 5290 amissa
2991 5236 3059 5288 ad
3101 5251 3167 5289 ea
3189 5234 3634 5297 necessitudine,
3666 5234 3721 5286 in

2142 5308 2238 5363 Dei
2270 5308 2468 5381 εἱιιιιιιιΔ
2503 5306 2817 5360 convolant.
2859 5304 3291 5381 inscite_G_ear._._
3311 5302 3576 5381 Omnium
3609 5303 3719 5381 spi-

2145 5385 2324 5451 rantes
2374 5376 2714 5451 animw.:ﬂut-
2740 5385 2797 5451 et
2829 5374 2985 5451 quod
3009 5373 3184 5451 pilata
3208 5372 3613 5451 _Cc‘bce_voapdt,
3647 5372 3719 5451 .in

2144 5445 2520 5517 Chrysostom.
2549 5441 2871 5517 deﬁnitione
2892 5441 3074 5517 reddit
3094 5483 3110 5508 ,
3137 5442 3435 5517 substantia
3470 5442 3595 5517 uitta

2145 5506 2467 5638 relligibz'ilifa;
2492 5528 2601 5569 non
2641 5513 2814 5584 magis
2855 5506 3211 5583 intelligensr
3239 5526 3339 5572 seu
3367 5506 3721 5580 intelligendi

2145 5599 2195 5637 γι
2231 5598 2341 5638 orae
2382 5600 2396 5637 ι
2462 5624 2476 5637 .

2143 5584 2195 5637 vi
2229 5584 2476 5654 praedita.
