4008 6194
270 353 371 421 957

1577 349 1745 411 LOCI
1784 350 2218 414 COMMUNES.

3417 355 3525 419 958

341 460 713 530 Μοσχίωνος.
742 491 814 501 -
836 460 1005 532 Ripa?»
1050 461 1226 515 πάντα
1266 460 1334 514 τά
1362 458 1533 530 θνητά
1557 460 1652 512 καὶ
1685 461 1848 528 γήϊνα

2019 461 2354 515 Mascliionis.
2395 491 2466 500 —
2513 460 2741 517 Cunctis
2792 463 3121 526 mortalibus
3175 478 3240 518 ac
3292 462 3534 516 terrenis

270 554 570 620 ἀπολέσας,
604 552 703 607 ἕνα
753 552 1025 608 ἀθάνατον
1075 554 1174 607 καὶ
1224 551 1475 623 οὐράνιον
1519 550 1846 622 κτήσασθαι.

342 731 655 800 Δημοκρίτ.
684 739 752 770 -ι
789 727 1137 801 Ἀνθρώπους
1172 727 1432 800 ἁρμόδιον
1485 726 1667 797 ψυχῆς
1709 691 1850 797 μέλ-

172 861 185 869 .
273 820 367 875 λον
418 820 452 891 ἦ
512 817 763 889 σώματος
784 819 944 886 λόγον
978 817 1276 873 ποιεῖσθαι.
1307 816 1469 888 Ψυχὴ
1500 817 1603 887 μὲν
1628 817 1740 887 γὰρ
1766 833 1854 870 τε-

274 912 527 980 λειοτάτη
558 911 783 983 σκήνεος
815 908 1118 980 μοχθηρίην
1144 907 1315 980 ὀρθοῖο
1351 908 1582 978 σκήνεος
1605 907 1665 960 δὲ
1699 907 1855 976 ἰσχὺς

277 1005 404 1059 ἄνευ
432 999 695 1072 λογισμοῦ
726 999 904 1071 ψυχὴν
940 999 1095 1052 οὐδέν
1122 1016 1174 1052 τι
1203 997 1412 1069 ἀμείνω
1440 998 1675 1069 τίθησιν.

342 1176 718 1247 Κλειτάρχου.
748 1206 819 1217 -
839 1177 949 1247 Τῆς
976 1175 1159 1247 ψυχῆς
1184 1176 1259 1239 ὠς
1285 1177 1552 1247 ἡγεμόνος
1570 1175 1852 1247 ἐπιμελοῦ·

275 1270 371 1325 τοῦ
399 1269 457 1323 δὲ
484 1254 835 1337 σώματος’ὡς
869 1266 1202 1338 στρατιώτου
1227 1268 1469 1337 προνόει.

350 1354 964 1426 Φιλιστίων.-Ψυχὴ
987 1354 1150 1423 σοφοῦ
1186 1354 1486 1426 ἁρμόζεται
1524 1354 1661 1423 πρὸς
1702 1352 1854 1408 Θεόν.

278 1447 475 1516 Ψυχὴν
499 1444 731 1507 θάνατος
754 1443 855 1496 οὐκ
882 1442 1198 1509 ἀπόλλυσιν,
1233 1443 1370 1497 ἀλλὰ
1391 1443 1559 1506 itaqu
1581 1443 1715 1512 βίος.

350 1537 685 1592 Ζαλεύκου.
700 1562 769 1576 -
789 1535 1065 1589 Ἕκαστον
1097 1530 1191 1588 οὖν
1212 1533 1356 1604 ἔχειν
1379 1535 1475 1588 καὶ
1505 1533 1858 1602 παρασκευά-

282 1626 398 1692 ζειν
437 1628 520 1680 δεῖ
539 1626 640 1699 τὴν
672 1622 869 1679 ἑαυτοῦ
897 1624 1078 1695 ψυχὴν
1110 1624 1331 1678 πάντων
1357 1622 1603 1692 καθαρὰν
1627 1623 1736 1676 τῶν
1761 1641 1858 1676 κα-

281 1719 416 1774 κῶν.
455 1718 550 1780 Ὠς
572 1716 682 1789 γὰρ
709 1716 771 1770 οὐ
790 1718 1019 1788 τιμᾶται
1040 1715 1173 1780 Θεὸς
1195 1715 1290 1768 ὑπ’
1309 1714 1603 1785 ἀνθρώπου
1626 1714 1857 1784 φαύλου.

174 1856 181 1859 .
279 1807 403 1862 οὐδὲ
454 1806 823 1879 θεραπεύεται
871 1807 1157 1871 δαπάναις,
1206 1807 1327 1861 οὐδὲ
1378 1805 1707 1877 τραγῳδίαις
1752 1805 1863 1859 τῶν

281 1899 657 1971 ἁλισκομένων
694 1898 795 1970 (Ii),
823 1898 940 1953 ἀλλ’
986 1900 1167 1970 ἀγαθῇ
1198 1898 1518 1971 προαιρέσει
1544 1897 1655 1951 τῶν
1682 1896 1864 1951 καλῶν

279 1990 459 2063 ῑργων
488 1989 582 2045 καὶ
607 1990 849 2045 δικαίων.

365 2084 745 2152 Ἐπικτήτου.
774 2116 842 2127 -
874 2084 1069 2156 Ψυχὴν
1129 2082 1384 2155 σώματος
1438 2081 1863 2152 ἀναγκαιότερον

286 2174 473 2231 ἰᾶσθαι
498 2192 514 2207 ο
549 2175 641 2230 τοῦ
673 2175 785 2248 γὰρ
816 2176 1004 2241 κακῶς
1035 2176 1135 2248 ζῇν
1171 2174 1537 2260 τδθτεθνάναι
1585 2176 1860 2243 κρεῖσσον.

842 2381 1060 2436 ΛΟΓΟΣ
1092 2378 1197 2435 ΝΔ¹
1230 2380 1295 2435 ⁸⁸.

846 2495 986 2564 Περὶ
1040 2497 1293 2566 φθόνου.

352 2605 539 2659 Maro.
581 2607 659 2656 κ’.
685 2629 756 2641 -—
791 2598 1076 2661 Ἐλθόντες
1115 2597 1174 2651 δὲ
1205 2599 1302 2652 καὶ
1335 2590 1391 2651 οἷ
1415 2597 1647 2670 πρῶτοι,
1681 2596 1863 2666 ἐνόμι-

286 2712 386 2748 σαν
424 2694 509 2748 ὃτι
546 2691 769 2745 πλείονα
826 2688 1118 2760 λήψονται,
1174 2691 1272 2743 καὶ
1330 2688 1521 2743 ἔλαϐον
1570 2689 1666 2742 καὶ
1706 2688 1860 2741 αὐτοὶ

284 2786 393 2840 ἀνὰ
423 2783 700 2856 δηνάριον.
721 2781 998 2845 Δαὸόντες
1021 2781 1080 2835 δὲ
1106 2772 1431 2851 ἐγόγγυζον,
1463 2797 1519 2834 κ.
1548 2798 1601 2833 τ.
1668 2780 1717 2833 ἐ.

371 2957 517 3009 Ἰακ.
561 2960 632 3025 τ’.
665 2984 738 2996 -
763 2954 939 3009 Ὅπου
971 2952 1139 3025 ζῆλος
1170 2954 1267 3009 καὶ⁹
1296 2955 1531 3028 ὲριθεία,
1570 2954 1690 3008 ἐκεῖ
1714 2954 1857 3009 άκα-

283 3048 551 3103 ταστασία
586 3048 682 3102 καὶ
705 3048 817 3102 πᾶν
840 3046 1044 3117 φαῦλον
1070 3048 1323 3118 πρᾶγμα.
1726 3030 1733 3035 ﬂ

354 3143 602 3207 Παροιμ.
639 3145 751 3209 κγ’.
785 3169 859 3179 —
904 3138 999 3209 Μὴ
1035 3139 1343 3193 συνδείπνει
1393 3138 1549 3208 ἀνδρὶ
1579 3137 1859 3210 βασκάνῳ,

288 3230 426 3302 μηδὲ
450 3229 800 3302 ἐπιθυμήσῃς
834 3229 945 3285 τῶν
974 3230 1292 3300 ἐδεσμάτων
1314 3230 1504 3286 αὐτοῦ.
1770 3212 1775 3217 ’

352 3320 555 3381 Φθόνος
591 3321 692 3375 οὐκ
728 3317 840 3374 οἶδε
871 3322 1147 3392 προτιμᾷν
1181 3321 1244 3374 τὸ
1276 3321 1578 3391 συμφέρον.

354 3413 542 3481 Σιράχ
592 3410 706 3473 λζ’.
759 3443 831 3456 -
881 3413 977 3485 Μὴ
1024 3412 1396 3483 συμϐουλεύου
1450 3412 1591 3484 μετὰ
1628 3413 1862 3467 ὑποϐλε-

285 3504 531 3573 πομένου
558 3519 656 3556 σου
674 3519 692 3537 ο
713 3503 824 3558 ἀπὸ
847 3503 959 3557 τῶν
984 3503 1290 3575 ζηλούντων
1319 3519 1379 3556 σε
1426 3503 1635 3576 κριξψον
1667 3503 1863 3575 βουλήν

286 3611 408 3649 σου.

356 3685 575 3738 Βασιλ.
612 3713 687 3724 -
721 3683 835 3756 Οὐχ
874 3686 1007 3755 ὁρᾷς
1042 3685 1234 3755 ἡλίκον
1280 3685 1430 3740 ἐστὶν
1458 3687 1493 3756 ἠ
1538 3684 1860 3756 ὐπόκρισις;

287 3775 398 3829 Καὶ
428 3774 568 3845 αὓτη
597 3774 812 3847 καρπός
853 3758 970 3829 ἐστι
1015 3775 1109 3830 τοῦ
1144 3775 1365 3846 φθόνου.
1401 3776 1476 3829 Τὸ
1504 3775 1615 3846 γὰρ
1640 3773 1864 3830 διπλοῦν

285 3862 384 3917 τοῦ
410 3863 598 3934 ἦθους,
649 3865 714 3916 ἐκ
765 3863 964 3932 φθόνου
999 3865 1238 3935 μάλιστα
1289 3866 1404 3927 τοῖς
1431 3858 1742 3935 ἀνθρώποις
1772 3864 1862 3931 γί-

288 3970 464 4008 νεται.

362 4044 430 4096 Τί
459 4041 762 4110 στενάζεις,
787 4042 1052 4114 φθονερέ;
1083 4042 1145 4096 τὸ
1175 4042 1306 4096 ἴδιον
1340 4042 1533 4108 κακὸν,
1564 4042 1597 4113 ἢ
1621 4042 1681 4095 τὺ
1710 4041 1865 4095 ἁλλό-

287 4150 441 4205 τριον
471 4134 676 4202 ἀγαθόν
695 4151 712 4196 ;

359 4227 560 4278 Φθόνου
592 4225 704 4295 γὰρ
730 4224 903 4288 πάθος
935 4224 1091 4277 οὐδὲν
1111 4223 1503 4297 ὁλεθριώτερον
1538 4223 1736 4294 ψυχαῖς
1764 4223 1857 4277 άν-

291 4318 318 4372 θ
323 4317 527 4389 ρώπων
555 4315 850 4387 ἐμφύεται.

1949 550 2187 616 amissis,
2210 566 2385 606 unum
2413 551 2780 607 immortalem
2807 568 2871 608 ac
2893 553 3178 610 caelestem
3203 566 3535 623 comparare

1950 650 2163 709 optato.

2021 728 2326 782 Democriti.
2343 760 2412 769 -—
2435 730 2606 785 Decet
2630 731 2913 787 hominem
2940 729 3111 787 animi
3140 732 3347 803 potius,
3366 746 3534 802 quam

1952 817 2203 885 corporis
2237 832 2429 871 curam
2470 833 2685 888 gerere.
2720 819 2856 874 Nam
2895 821 2989 889 qui
3037 836 3309 875 summam
3346 805 3535 889 perfe-

1954 908 2153 963 ctionis
2180 922 2363 962 arcem
2397 908 2658 977 arripuit,
2688 909 2928 973 animus,
2960 910 3305 965 tabernaculi
3336 909 3536 963 vitium

1954 998 2212 1068 corrigit;
2257 998 2603 1053 tabernaculi
2643 1014 2780 1053 vero
2826 999 3021 1066 robur,
3067 1001 3113 1055 si
3160 1000 3307 1055 desit
3356 1002 3533 1063 ratio,

1955 1089 2200 1143 animum
2231 1088 2370 1159 nihil
2400 1088 2683 1143 meliorem
2715 1090 2919 1144 reddit.

2026 1180 2296 1235 Clitore/ii.
2316 1210 2386 1219 ——
2407 1179 2592 1234 Animi
2624 1186 2884 1249 tanquam
2915 1178 3075 1233 ducis
3098 1194 3163 1233 ac
3186 1176 3541 1248 imperatoris

1956 1287 2143 1327 curam
2168 1272 2343 1336 habe;
2374 1270 2597 1340 corpori
2627 1279 2811 1324 autem
2834 1277 2904 1335 ,ιιι
2926 1270 3090 1324 militi
3118 1269 3429 1338 provideto.

1968 1421 1970 1423 ,
2026 1363 2377 1420 Philistionis.
2401 1393 2472 1402 -—
2492 1360 2692 1416 Anima
2718 1361 2990 1430 sapientis
3017 1362 3131 1414 Deo
3155 1358 3540 1430 coniungitur.

1957 1453 2205 1507 Animam
2236 1469 2348 1507 non
2377 1467 2547 1531 mors,
2574 1452 2674 1507 sed
2705 1452 2845 1506 mala
2875 1452 2988 1506 vita
3019 1451 3227 1519 perdit.

2026 1541 2262 1595 Zaleuci.
2288 1570 2358 1581 ——
2386 1539 2633 1609 Quisque
2661 1539 2831 1609 igitur
2860 1537 3104 1591 animam
3132 1550 3287 1590 suam
3316 1533 3539 1595 habeat,

1960 1649 2025 1688 ac
2070 1640 2297 1703 praestet
2345 1631 2416 1685 ab
2464 1629 2725 1685 omnibus
2770 1627 2934 1681 malis
2982 1642 3198 1697 puram.
3233 1625 3348 1679 Nec
3393 1624 3541 1679 enim

1961 1726 2109 1781 Deus
2140 1725 2211 1779 ab
2241 1725 2467 1779 homine
2501 1721 2654 1778 malo
2690 1721 2915 1784 colitur,
2947 1730 3043 1774 aut
3072 1718 3388 1788 sumptibus
3418 1717 3540 1786 pla-

1964 1828 2145 1882 catur,
2180 1819 2264 1873 vel
2310 1817 2700 1871 damnatorum
2744 1817 2970 1886 planctu
3017 1829 3080 1869 ac
3125 1811 3406 1875 lamentis,
3442 1809 3541 1865 sed

1961 1910 2132 1975 bona,
2154 1909 2432 1963 bonorum
2456 1922 2521 1961 ac
2542 1909 2820 1978 iustorum
2850 1920 3102 1975 operum,
3127 1905 3431 1958 voluntate.

2031 2089 2289 2160 Epicteti.
2307 2116 2379 2126 —
2406 2085 2579 2156 Major
2605 2083 2803 2150 animi,
2826 2097 2994 2152 quam
3025 2078 3279 2161 corporis
3309 2075 3542 2134 sanandi

1962 2180 2269 2236 necessitas
2318 2188 2431 2233 est:
2485 2176 2631 2232 mori
2682 2175 2833 2231 enim
2881 2180 3134 2244 praestat,
3177 2186 3344 2241 quam
3395 2168 3545 2226 male

1962 2287 2173 2327 Vivere.

2547 2378 2780 2435 SERMO
2815 2377 2950 2433 LIV.

2494 2484 2508 2497 ’
2588 2489 2664 2545 De
2697 2487 2919 2542 invidia.

2030 2602 2222 2657 Matth.
2243 2616 2331 2664 xx,
2352 2598 2439 2653 10.
2457 2625 2528 2637 -
2554 2595 2856 2649 Venientes
2885 2598 3068 2646 autem
3099 2598 3151 2646 et
3182 2587 3372 2661 primi,
3398 2586 3545 2642 arbi-

1964 2692 2090 2747 trati
2125 2682 2257 2747 sunt
2285 2688 2431 2760 quod
2468 2687 2594 2757 plus
2624 2694 2808 2741 essent
2841 2683 3123 2753 accepturi
3159 2701 3173 2736 :
3209 2685 3547 2749 acceperunt

1960 2792 2146 2839 autem
2177 2793 2236 2837 et
2263 2780 2367 2850 ipsi
2396 2778 2643 2849 singulos
2669 2775 2831 2847 657
2861 2775 3144 2829 denarios.
3169 2773 3240 2828 Et
3270 2770 3557 2842 accipiens,

1961 2882 2047 2927 tes
2075 2870 2518 2932 murmurabant,
2544 2874 2655 2923 etc.

2028 2965 2149 3019 Jac.
2184 2979 2263 3026 ιιι,
2304 2961 2392 3016 16.
2424 2992 2496 3000 -
2536 2958 2642 3014 Ubi
2693 2956 2978 3012 aemulatio
3023 2963 3080 3009 et
3122 2950 3432 3015 contentio,
3467 2948 3545 3003 ibi

1962 3055 2333 3112 inconstantia
2366 3062 2422 3107 et
2455 3067 2620 3106 omne
2654 3066 2799 3119 Opus
2837 3048 3065 3101 malum.
3092 3063 3095 3067 -

2033 3147 2193 3202 Prov.
2222 3160 2373 3207 XXIII,
2400 3144 2453 3198 6.
2481 3172 2553 3182 ——
2576 3141 2655 3197 Ne
2683 3155 2873 3196 comes
2896 3153 3022 3192 cum
3052 3136 3175 3191 viro
3205 3134 3416 3199 invido,
3440 3146 3547 3188 nec
3631 3156 3640 3165 -

1962 3240 2116 3296 illius
2146 3251 2302 3293 escas
2333 3242 2584 3304 appetas.

2028 3330 2219 3387 Nescit
2252 3327 2488 3390 invidia,
2517 3327 2666 3396 quod
2706 3326 2842 3380 utile
2879 3332 2968 3378 est
2999 3322 3231 3391 eligere.
3258 3340 3263 3345 ο

2030 3421 2198 3477 Eccli.
2232 3435 2433 3481 xxxv",
2459 3420 2511 3471 7.
2548 3448 2618 3457 -—-
2660 3416 2784 3472 Noli
2830 3412 3116 3469 consiliari
3157 3425 3281 3464 cum
3324 3422 3412 3469 eo,
3449 3404 3547 3475 qui

1962 3518 2018 3563 te
2059 3514 2379 3576 suspectum
2422 3504 2591 3558 habet
2638 3520 2653 3556 ι
2696 3503 3053 3556 aemulatores
3093 3500 3213 3553 cela
3250 3494 3547 3550 consilium

1962 3610 2245 3744 ωιέίῗέίιίἱ.
2275 3718 2346 3727 -—
2370 3686 2539 3743 Vides
2570 3684 2735 3753 qur-le
2772 3684 2975 3735 malum
3012 3681 3084 3735 sit
3112 3676 3452 3751 hypocrisis?
3478 3677 3552 3731 Et

1960 3785 2081 3838 haec
2128 3779 2354 3835 invidiae
2400 3777 2585 3846 proles
2632 3784 2738 3830 est.
2776 3774 2932 3838 Quod
2976 3774 3125 3826 enim
3173 3770 3299 3842 quis
3338 3770 3548 3840 duplici

1962 3873 2151 3929 animo
2185 3870 2281 3936 sit,
2311 3867 2549 3923 maxime
2585 3882 2653 3921 ex
2688 3865 2897 3920 invidia
2932 3864 3124 3919 habet.

2031 4051 2193 4119 Quid,
2227 4049 2435 4113 invide,
2464 4046 2677 4118 gemis?
2704 4053 2936 4102 tuumne
2964 4044 3194 4107 malum,
3220 4058 3289 4097 an
3316 4040 3549 4097 alterius

1962 4145 2170 4199 bonum
2186 4143 2211 4195 ?

2031 4235 2251 4290 Nullum
2311 4229 2523 4285 invidia
2573 4226 2951 4298 perniciosius
3000 4225 3289 4281 hominum
3344 4222 3547 4279 animis

1964 4325 2222 4381 inolescit
2253 4323 2477 4378 vitium.

358 4410 575 4481 Ὠσπερ
594 4408 705 4479 γὰρ
730 4406 817 4472 Ib;
861 4408 956 4462 τὸν
983 4407 1227 4479 σίδηρον,
1278 4407 1449 4471 οὕτως
1478 4409 1505 4461 ὁ
1544 4406 1739 4477 φθόνος
1762 4405 1859 4477 τὴν

2032 4417 2104 4472 Ut
2146 4429 2348 4484 aerugo'
2374 4413 2616 4474 ferrum,
2657 4410 2740 4465 sic
2788 4408 3031 4473 invidia,
3063 4423 3143 4462 ea
3198 4406 3544 4461 laborantem

290 4501 524 4569 ἔχουσαν
543 4499 711 4553 αὐτὸν
735 4498 911 4570 ψυχὴν
934 4498 1297 4565 ὲξαναλίσκει.

360 4590 426 4643 0i
457 4588 619 4651 κύνες
644 4589 973 4659 τρεφόμενοι
1018 4588 1375 4660 ἡμεροῦνται,
1416 4588 1511 4641 καὶ
1558 4589 1609 4641 οἱ
1652 4588 1867 4653 λέοντες

293 4679 601 4753 χειροήθεις
626 4679 1062 4750 θεραπευόμενοι
1099 4681 1341 4749 γίνονται
1364 4700 1378 4713 ο
1407 4686 1458 4737 οί
1504 4683 1561 4736 δὲ
1602 4684 1865 4754 βάσκανοι

295 4777 412 4838 ταῖς
449 4773 775 4845 θεραπείαις
805 4773 971 4827 πλέον
1018 4774 1478 4846 ἐξαγριαίνονται.
1638 4788 1647 4795 ’

368 4864 527 4927 Ἕθος
546 4866 615 4936 τῇ
645 4862 837 4937 Γραφῇ
870 4864 1140 4937 πολλαχοῦ
1168 4866 1311 4938 μετά
1334 4866 1430 4921 τοῦ
1458 4867 1621 4938 φόνου
1647 4869 1869 4924 τάσσειν

293 4954 385 5006 τον
419 4952 631 5021 φθόνον,
1096 4947 1101 4953 ’
1789 5011 1792 5014 .

359 5044 568 5116 Ὠσπερ
599 5047 634 5115 ἠ
674 5045 900 5117 ἑρνσίϐη
931 5045 1067 5100 ἴδιόν
1102 5047 1220 5100 ἐστι
1279 5045 1376 5100 τοῦ
1425 5048 1576 5101 σίτου
1610 5048 1862 5120 νόσημα’

293 5127 467 5193 οὕτως
495 5133 524 5184 ὀ
558 5131 751 5200 φθόνος
776 5132 961 5200 φιλίας
1004 5134 1154 5186 ἐστὶν
1183 5132 1547 5204 ἀρρώστημα.

367 5222 431 5273 Οἱ
464 5223 746 5291 μισόκαλοι
798 5223 1077 5294 δαίμονες,
1132 5223 1357 5277 ἐπειδὰν
1402 5225 1610 5289 οἰκείας
1654 5227 1867 5291 ἑαυτοῖς

295 5307 499 5381 εὕρωσι
532 5314 905 5384 προαιρέσεις,
931 5314 1200 5379 παντοίως
1231 5316 1421 5379 αὐταῖς
1453 5316 1866 5388 άποκέχρηνται

371 5448 416 5482 ’⁸
448 5449 509 5504 In
532 5448 700 5505 Gesn.
740 5450 898 5506 Stob.
945 5452 1066 5507 MO.

1968 4505 2247 4562 consumit
2278 4505 2546 4559 animum.

2038 4598 2217 4654 Canes
2264 4598 2641 4655 nutricatione
2691 4596 3043 4657 cicurantur,
3083 4590 3276 4645 leones
3324 4601 3548 4657 quoque

1969 4691 2121 4747 cultu
2151 4698 2571 4757 mansuescunt;
2609 4687 2783 4745 invidi
2811 4700 2947 4741 vero
2975 4684 3044 4738 ad
3074 4680 3340 4760 obsequia
3375 4676 3548 4748 magis

1970 4780 2297 4835 efferantur.

2043 4870 2327 4939 Scriptura
2364 4870 2552 4925 multis
2590 4870 2747 4935 locis,
2778 4868 2982 4925 eaedem
3027 4881 3092 4920 ac
3129 4861 3393 4918 invidiam
3438 4874 3546 4914 una

1966 4961 2200 5032 iungere
2235 4961 2545 5016 consuevit.

2041 5049 2515 5116 Quemadmodum
2558 5052 2757 5123 rubigo
2798 5051 3100 5122 pr0prium.
3133 5046 3304 5104 tritici
3351 5043 3545 5099 vitium

1970 5150 2088 5204 est,
2113 5142 2195 5196 sic
2228 5142 2436 5197 invidia
2469 5144 2728 5199 amicitia:
2761 5145 2915 5199 labes
2946 5142 3187 5198 exsistit.

2044 5230 2271 5286 llonesti
2295 5233 2427 5287 odio
2456 5233 2832 5304 implacabiles
2855 5235 3155 5298 darmones,
3184 5229 3276 5286 ubi
3305 5225 3549 5284 necessi-

1972 5322 2166 5377 tudine
2210 5324 2536 5394 conjunctas
2576 5340 2641 5379 ac
2677 5325 2785 5379 sibi
2833 5338 3109 5394 congruas
3142 5320 3292 5376 nacti
3336 5314 3550 5374 fuerint

1786 5524 2051 5581 norm.
2123 5604 2129 5610 γ

375 5655 451 5729 (ﬁ)
482 5655 632 5729 Οὐδὲ
664 5656 1015 5729 τραγῳδίαις
1031 5656 1467 5729 ἁλισκομένων.
1490 5728 1497 5729 7
1517 5658 1674 5728 Supl.
1710 5658 1871 5729 θερα-

1976 5661 2260 5731 ejulatibus
2281 5663 2676 5735 damnatorum.
2728 5664 2860 5721 Male
2875 5664 3040 5720 Gesn.
3073 5680 3239 5735 neque
3276 5666 3549 5735 tragtt'diis

301 5723 667 5782 πεύεταγΝοη
694 5727 962 5791 delinitur,
984 5723 1231 5799 placatur
1249 5723 1456 5783 reorum
1480 5723 1859 5800 taméntis,d'irii

1993 5723 2217 5804 'hpitur;
2251 5749 2315 5788 ac
2341 5734 2386 5787 si
2428 5733 2730 5789 ἁλίσκεται.
