4008 6194
469 318 597 388 959~

1619 310 1662 366 s
1725 302 2011 364 MAXIMI
2056 286 2562 363 CONFESSORIS

3606 298 3706 362 960
3724 296 3731 303 ’

468 433 802 495 voluntates,
827 427 1007 483 modis
1038 422 1296 478 omnibus
1328 420 1394 475 ad
1428 433 1583 475 suam
1616 417 1901 471 libidinem
1933 414 2044 469 illis

2165 414 2283 485 τρδς
2304 413 2364 466 τδ
2389 412 2519 467 ῖδιον
2546 412 2815 483 βούλημα,
2843 412 2984 466 ὥστε
3015 411 3108 466 καὶ
3132 413 3245 476 τοῖς
3274 408 3579 482 ὀφθαλμοῖς
3602 409 3707 462 τῶν

469 520 797 581 abutuntur,
825 524 884 569 ut
913 523 970 569 et
999 511 1311 567 invidorum
1343 509 1523 565 oculis
1547 506 1822 578 explendo
1847 505 2043 560 volun-

471 608 603 662 tatis
635 622 746 661 suae
776 605 1040 674 obsequio
1074 610 1319 656 utantur.

541 698 1016 766 Quemadmodum
1041 697 1189 750 bono
1212 707 1399 748 comes
1419 700 1506 746 est
1528 688 1810 745 afﬂuentia
1834 696 1887 742 ct
1906 685 2045 742 libe-

469 789 662 844 ralitas
685 802 881 842 carens
904 784 1132 850 invidia,
1157 784 1238 838 sic
1261 780 1481 836 diabolo
1504 795 1690 836 comes
1717 778 1860 832 livor
1882 785 1968 832 est
1989 786 2046 832 et

472 879 798 934 invidentia.
1334 900 1339 905 ι
1409 874 1412 878 ’

542 970 631 1027 Uti
673 970 926 1023 vultures
967 967 1034 1021 ad
1074 962 1425 1019 malcolentia
1463 976 1690 1030 corpora
1728 959 2043 1023 convolant,
2076 968 2083 975 '

472 1059 762 1127 multaque
808 1063 964 1125 prata
1011 1053 1228 1120 aliaque
1278 1051 1401 1103 leca
1448 1062 1659 1102 amcena
1708 1060 1773 1099 ac
1818 1035 2087 1097 ﬂoribus-

473 1150 731 1211 odorata,
774 1160 966 1201 eorum
1020 1142 1322 1211 cupiditate
1364 1137 1733 1200 transvolant;
1780 1142 1944 1203 atque
1986 1142 2049 1187 ut

475 1253 700 1298 muscae,
722 1235 943 1289 omissis
962 1232 1279 1286 sanioribus
1297 1226 1586 1286 membris,
1607 1224 1672 1277 ad
1691 1224 1875 1281 ulcera
1898 1219 2051 1275 festi—
2076 1236 2083 1249 ’

475 1337 641 1394 nant;
683 1328 764 1381 sic
803 1325 1000 1387 invidi,
1033 1314 1184 1379 clara
1214 1311 1350 1376 vitae
1390 1319 1610 1374 decora.
1643 1327 1949 1384 magnaque
1984 1326 2051 1366 ac

476 1418 642 1474 laude
670 1417 831 1486 digna
862 1406 1121 1475 facinora,
1150 1426 1218 1463 nc
1235 1409 1513 1478 aspiciunt
1534 1403 1763 1474 quidem
1796 1418 1809 1454 :
1844 1401 1889 1454 si
1913 1398 2048 1469 quid

477 1524 613 1564 vero
638 1507 759 1561 vitii
789 1506 980 1570 haeret,
1007 1519 1070 1557 ac
1093 1510 1253 1572 putre
1279 1501 1558 1561 videatur,
1586 1497 1856 1565 ingruunt
1883 1500 2049 1561 atque

480 1599 811 1755 Inﬁmﬁ
831 1713 902 1724 —
922 1683 1065 1739 Cave
1093 1681 1170 1736 illi
1199 1679 1469 1741 invideas,
1493 1675 1584 1731 cui
1610 1687 1875 1744 prospere
1902 1670 2049 1726 cedit

2142 505 2432 576 βασκάνων
2462 506 2543 571 είς
2578 505 2886 577 ὑπηρεσίαν
2915 501 3227 576 χρήσασθαι
3256 501 3353 555 τοῦ
3383 499 3516 554 ἰδίου
3556 499 3706 573 θελή-
3739 498 3749 515 ⁸

2187 612 2333 649 ατος.

2187 613 2333 649 avoc.

2144 613 2182 667 μ
2216 631 2426 757 Ὥσπερ
2458 684 2651 738 ἕπεται
2679 682 2759 753 τῷ
2810 681 3003 752 ἀγαθῷ
3048 682 3083 752 ἡ
3110 654 3371 751 ⁹ἀφθονία
3426 678 3510 751 (ὅ),
3542 678 3706 742 οὕτως
3746 738 3749 743 ν

2143 776 2429 832 ἀκολουθεῖ
2456 774 2535 861 τῷ
2562 773 2797 846 διαϐόλῳ
2825 774 2859 844 ή
2889 771 3179 844 βασκανία.

2216 951 2430 1021 Ὥσπερ
2479 948 2535 1001 δὲ
2566 949 2621 1001 οἱ
2662 946 2839 1016 γῦπες
2873 946 3012 1017 πρὸς
3058 945 3129 999 τά
3166 942 3379 1013 δυσώδη
3433 942 3703 1013 φέρονται,

2146 1041 2373 1101 πολλοὺς
2400 1040 2500 1109 μὲν
2529 1038 2823 1107 λειμῶνας,
2856 1036 3087 1097 πολλοὺς
3113 1034 3173 1088 δὲ
3195 1033 3345 1104 ἡδεῖς
3375 1032 3470 1085 καὶ
3500 1030 3708 1094 εὐώδεις

2144 1129 2344 1193 τόπους
2381 1110 2814 1199 ὑπεριπτάμενοι
2837 1145 2850 1158 ⁸
2899 1126 2995 1180 καὶ
3028 1127 3086 1178 αἱ
3124 1127 3300 1195 μυῖαι,
3331 1123 3394 1176 τὸ
3419 1123 3517 1192 μὲν
3539 1122 3707 1188 ὑγιαῖ-

2146 1237 2235 1274 νον
2269 1219 2692 1290 παρατρέχουσι,
2724 1217 2861 1288 πρὸς
2896 1217 2954 1269 δὲ
2978 1215 3039 1268 τὸ
3069 1216 3228 1277 ἕλκος
3252 1212 3597 1280 ὲπείγονταιτ
3624 1211 3709 1263 οῦ·
3741 1205 3753 1214 ’

2146 1329 2255 1375 τως
2294 1312 2345 1365 oi
2394 1309 2677 1381 βάσκανοι,
2712 1309 2814 1373 τάς
2850 1308 2950 1379 μὲν
3001 1306 3098 1360 τοῦ
3149 1305 3268 1376 βίου
3321 1303 3708 1374 λαμπρότητας

2147 1374 2242 1458 καῖ
2269 1403 2338 1457 τά
2370 1374 2576 1474 μεγέθη
2621 1401 2729 1455 τῶν
2776 1374 3232 1469 κατορθουμένων
3283 1396 3407 1451 οὐδὲ
3453 1393 3708 1465 προσϐλέο
3742 1374 3747 1381 ’

2149 1510 2333 1560 πουσι,
2359 1496 2475 1558 τοῖς
2499 1493 2557 1547 δὲ
2594 1492 2813 1564 σαθροῖς
2841 1488 3197 1546 ἐπιτίθενται.

2226 1672 2397 1725 080.1.
2424 1699 2496 1710 —
2522 1669 2614 1740 Μὴ
2639 1667 2929 1739 φθονήσεις
2963 1668 3041 1736 τῷ
3068 1662 3426 1737 κατορθοῦντι
3478 1661 3556 1724 ὡς
3591 1660 3712 1729 φθο-

480 1791 548 1831 ac
591 1776 688 1845 qui
735 1747 886 1829 recte
935 1773 1075 1842 agit,
1119 1780 1378 1837 tanquam
1429 1767 1521 1820 ille
1564 1764 1720 1833 prior
1762 1759 2049 1822 inviderit,

2165 1762 2360 1833 μηθεὶς,
2392 1761 2487 1815 καὶ
2515 1759 2828 1830 φθονεῖσθαι
2858 1758 3122 1825 πεισθεὶς,
3150 1757 3247 1813 καὶ
3269 1747 3357 1811 διά
3386 1753 3547 1808 τοῦτο
3590 1768 3715 1806 κατ-

484 1876 650 1936 teque
688 1865 741 1920 ei
782 1863 1117 1920 invidiosum
1163 1868 1337 1926 ratus,
1369 1872 1435 1912 ac
1477 1855 1573 1925 qui
1612 1869 1678 1909 ea
1715 1852 1933 1907 ratione
1973 1850 2079 1905 illi-

483 1957 728 2014 oﬂ'ensus
758 1957 855 2011 sis.

557 2050 751 2106 Pereat
780 2048 990 2103 utinam
1025 2061 1092 2100 ex
1121 2042 1444 2097 hominibus
1479 2036 1685 2093 invidia
1720 2049 1916 2090 eorum
1954 2032 2050 2101 qui

485 2158 552 2199 ea
587 2143 868 2198 laboranti
912 2140 1029 2209 ipsa
1072 2136 1579 2207 pernicies’eorum
1613 2129 1709 2199 qui
1745 2129 2050 2198 patiuntur,

484 2248 671 2303 aerugo
708 2248 773 2287 ac
805 2231 987 2295 virus;
1031 2229 1177 2281 inter
1207 2226 1340 2280 vitia
1378 2222 1753 2292 :equissimum
1791 2217 1955 2274 simul
1993 2232 2058 2271 ac

487 2323 925 2393 iniquissimum;
964 2320 1200 2373 alterum
1234 2314 1483 2386 quidem,
1512 2311 1661 2383 quod
1691 2309 1852 2364 bonis
1880 2306 2059 2362 omni-

485 2409 594 2467 bus
621 2410 909 2472 obtundit;
938 2408 1171 2463 altcrum
1198 2420 1353 2470 vero,
1377 2403 1526 2474 quod
1558 2403 1680 2457 illos
1703 2400 1855 2470 ipsos
1883 2396 2054 2461 lzedit,

487 2502 581 2571 qui
611 2517 733 2555 eam
764 2500 994 2554 habent.

556 2588 723 2659 658
759 2587 943 2658 Chrys.
972 2617 1044 2627 —
1079 2584 1124 2642 Ο
1168 2583 1375 2638 invidia
1417 2578 1610 2635 mortis
1653 2577 1829 2640 radix,
1869 2573 2058 2629 multi-

486 2677 614 2748 plcx
641 2678 931 2749 aegritudo,
965 2677 1149 2732 cordis
1183 2674 1496 2729 acutissime
1533 2672 1710 2725 clave!
1745 2668 1879 2735 Quis
1910 2669 2056 2721 enim

388 2820 391 2821 ν
489 2770 628 2824 adeo
659 2778 855 2823 acutus
889 2769 1099 2830 clavus,
1128 2767 1222 2837 qui
1258 2765 1340 2819 sic
1371 2772 1599 2833 pungat,
1629 2776 1693 2815 ac
1722 2759 1930 2815 invidia
1964 2773 2059 2811 cor

487 2878 554 2917 ea
587 2861 843 2917 laborans
873 2858 1116 2914 sauciat?

557 2951 773 3007 Invidet
817 2946 1042 3022 quidem
1084 2949 1331 3013 dremon,
1375 2945 1472 3002 sed
1522 2941 1874 3007 hominibus;
1920 2939 2059 2994 nulli

485 3056 619 3096 vero
648 3041 959 3095 daemonum
989 3056 1002 3092 :
1035 3048 1093 3093 tu
1124 3053 1254 3093 vero
1284 3051 1410 3090 cum
1439 3034 1516 3089 sis
1543 3032 1709 3086 homo
1740 3029 2059 3085 hominibus

488 3132 734 3198 invides;
765 3145 1123 3200 ecquamnam
1152 3128 1372 3184 veniam
1400 3122 1712 3180 obtinebis?

561 3221 714 3292 Greg.
744 3222 901 3293 Nysa.
929 3252 999 3263 --
1025 3219 1273 3283 Invidiae,
1299 3215 1666 3271 infortunium
1697 3221 1782 3268 est
1809 3228 1919 3266 non
1949 3228 2065 3266 ma-

488 3311 602 3366 lum
646 3316 960 3383 proprium,
999 3311 1094 3366 sed
1135 3310 1341 3364 bonum
1387 3307 1631 3361 alienum
1677 3322 1691 3357 :
1733 3317 2063 3371 rursumque

490 3404 764 3468 felicitas,
825 3419 934 3458 non
999 3404 1207 3457 bonum
1273 3398 1600 3471 proprium,
1659 3396 1765 3452 sed
1824 3395 2062 3467 proximi

492 3494 718 3547 lnalum.

560 3592 814 3655 Narrant,
847 3594 1115 3656 vultures,
1139 3591 1466 3647 cadaverum
1501 3605 1669 3646 vorax
1699 3588 1901 3645 animal
1920 3629 1934 3653 ,
1960 3604 2066 3643 un-
2108 3646 2122 3665 ο

490 3693 697 3755 guento
746 3684 996 3738 interire.
1033 3684 1110 3738 Ea
1160 3683 1308 3737 enim
1360 3690 1493 3737 sunt
1536 3681 1750 3747 indole,
1785 3688 1847 3736 ut
1892 3680 2066 3735 fetore

494 3774 730 3844 taboque
762 3774 1092 3829 cadaverum
1137 3783 1303 3843 alque
1346 3773 1500 3828 sanie
1538 3772 1852 3827 foveantur.
1884 3770 1977 3826 Sic
2011 3779 2070 3826 et

493 3865 588 3934 qui
612 3864 717 3919 hoc
740 3865 934 3919 morbo
961 3852 1241 3927 tenentur,
1265 3860 1571 3917 amicorum
1597 3861 1856 3917 secundis
1881 3861 2067 3926 rebus,

494 3957 645 4010 velut
681 3956 907 4010 admoto
952 3955 1189 4024 quodam
1238 3965 1541 4024 unguento,
1574 3952 1940 4008 emoriuntur.
1974 3952 2069 4008 Sin

494 4056 680 4103 autem
712 4047 926 4101 adversi
958 4045 1169 4114 aliquid
1197 4060 1356 4099 casus
1378 4044 1625 4113 'malique
1657 4044 2067 4114 conspexerint,

496 4145 696 4206 praesto
722 4136 998 4197 advolant,
1026 4150 1196 4203 osque
1230 4133 1509 4188 aduncum
1542 4132 1854 4204 inﬁgentes,
1880 4133 2070 4188 occul-

500 4236 610 4282 tam
642 4226 937 4282 extraliunt
965 4227 1335 4297 evulgantque
1362 4223 1667 4279 miseriam.

569 4317 827 4373 Philonis.
855 4349 926 4359 ——
948 4316 1079 4385 Quae
1108 4317 1340 4372 honesta
1373 4326 1524 4381 sunt,
1557 4330 1870 4385 quanquam
1894 4330 1962 4369 ex
1993 4313 2074 4366 in-

2151 1851 2411 1924 ενεχθείς.

2236 2028 2329 2091 Ὦς
2358 2027 2613 2083 ἀπόλοιτο
2666 2027 2726 2093 ἐξ
2777 2026 3082 2098 ἀνθρώπων
3126 2026 3157 2079 6
3200 2023 3415 2095 φθόνος,
3442 2023 3477 2095 ἡ
3506 2021 3716 2091 δαπάνη

2154 2118 2263 2173 τῶν
2292 2118 2547 2190 ἑχόντων,
2580 2121 2609 2173 6
2635 2118 2746 2172 τῶν
2792 2117 3111 2189 πασχόντων
3137 2116 3215 2180 ίός
3238 2131 3254 2147 σ
3309 2113 3373 2167 τὸ
3415 2112 3584 2184 μόνον
3616 2108 3718 2165 τῶν

2155 2210 2342 2265 παθῶν
2380 2208 2709 2264 ἀδικώτατὸν
2738 2226 2799 2262 τε
2828 2208 2945 2279 ἅμα
2977 2208 3074 2261 καὶ
3095 2206 3470 2261 δικαιότατονο
3503 2204 3571 2258 τὸ
3603 2205 3716 2273 μὲν,

2154 2304 2237 2355 ὅτι
2260 2304 2395 2356 πᾶσι
2430 2301 2630 2373 διοχλεῖ
2657 2300 2844 2365 καλοῖς
2869 2340 2886 2366 ,
2913 2299 2974 2354 τὸ
3001 2299 3083 2365 δὲ,
3112 2300 3195 2354 ὅτι
3223 2297 3400 2352 ἀδικεῖ
3419 2296 3548 2362 τοὺς
3586 2295 3722 2367 ἕχον-

2154 2409 2275 2455 τας.

2208 2562 2536 2635 ΔΧρυσοστ.
2570 2596 2638 2606 -
2660 2565 2725 2618 Ὢ
2757 2563 2923 2633 φθόνε
2953 2561 3079 2636 ῥίζα
3102 2562 3357 2627 θανάτου,
3384 2563 3418 2632 ή
3450 2560 3724 2615 πολύπλοο

2157 2675 2253 2720 κος
2294 2658 2469 2723 νόσος,
2508 2656 2734 2729 καρδίας
2786 2654 3016 2720 ὀξύτατε
3072 2650 3201 2727 ἦλεί
3259 2654 3419 2717 Ποῖος
3455 2652 3573 2720 γὰρ
3600 2647 3724 2724 ἧλος

2157 2747 2415 2812 ὀξύτατος
2456 2744 2629 2808 οὕτως
2682 2746 2869 2815 κεντᾷ,
2909 2744 2985 2807 ὡς
3012 2745 3041 2797 6
3078 2742 3273 2813 φθόνος
3325 2742 3424 2812 τὴν
3487 2741 3723 2813 ἔχουσαν

2159 2838 2323 2894 αὐτὸν
2349 2836 2577 2904 καρδίαν
2601 2834 2893 2906 τιτρώσκει
2915 2851 2932 2900 ;
3298 2880 3301 2883 ,

2243 2929 2301 2982 '0
2333 2912 2545 2998 δαίμων
2584 2926 2769 2995 φθονεῖ
2801 2924 2921 2997 μὲν,
2954 2908 3263 2996 ἀνθρώποις
3293 2921 3352 2977 δέ
3372 2939 3387 2954 ο
3419 2922 3643 2990 δαίμονι
3674 2920 3731 2975 δὲ

2164 3016 2362 3071 οὐδενί.
2390 3016 2463 3069 Σὺ
2488 3015 2543 3069 δὲ
2573 3014 2859 3085 ἄνθρωπος
2881 3010 2977 3081 ὢν,
3009 3010 3317 3084 ἀνθρώποις
3350 3011 3576 3081 φθονεῖς
3595 3028 3609 3042 ·
3642 3010 3732 3064 καὶ

2167 3109 2325 3171 ποίας
2356 3105 2518 3177 τεύξῃ
2556 3106 2881 3177 συγγνώμης
2906 3124 2921 3165 ;

2232 3201 2413 3266 Γρηγ.
2455 3197 2609 3251 Νύσ.
2633 3226 2704 3235 -
2728 3193 2911 3265 Φθόνῳ
2945 3195 2987 3229 ¹⁹
3017 3193 3273 3266 ἀτύχημα
3306 3193 3407 3263 μέν
3467 3192 3631 3248 ἐστιν
3676 3193 3733 3247 οὗ

2160 3291 2221 3343 τὸ
2246 3289 2376 3343 ῐδιον
2405 3287 2599 3351 κακὸν,
2651 3283 2788 3341 ἀλλά
2822 3285 2883 3339 τὸ
2915 3284 3195 3356 ἀλλότριον
3229 3284 3434 3353 ἀγαθόν
3459 3302 3474 3315 ο
3540 3285 3735 3356 κατόρ-

2163 3381 2324 3452 θωμα
2345 3380 2401 3434 δὲ
2427 3378 2608 3446 πάλιν,
2637 3379 2697 3432 οὐ
2721 3378 2782 3432 τδ
2808 3378 3008 3432 οἰκεῖον
3035 3376 3223 3445 καλὸν,
3257 3374 3394 3431 ἀλλά
3415 3375 3480 3430 τὸ
3515 3375 3615 3430 τοῦ
3646 3375 3739 3429 πέ-

2162 3472 2261 3536 λας
2292 3471 2479 3525 κακόν.
2634 3476 2639 3481 ‘

2233 3570 2555 3643 Φθείρεσθαι
2582 3568 2708 3633 τοὺς
2732 3564 3113 3640 νεκροϐόρους⁸
3130 3566 3315 3636 γῦπας
3342 3564 3421 3637 τῷ
3454 3567 3635 3638 μύρῳ
3659 3566 3741 3620 λέ·

2163 3680 2342 3733 γουσι.
2372 3661 2515 3733 Πρὸς
2546 3659 2653 3731 γάρ
2686 3658 2747 3712 τδ
2781 3657 3014 3721 δυσῶδες
3044 3660 3140 3712 καὶ
3167 3656 3451 3728 διεφθορὸς
3491 3659 3678 3711 αὐτῶν
3709 3658 3741 3727 ἠ

2166 3753 2328 3823 φύσις
2356 3749 2646 3823 ᾠκείωται.
2669 3747 2782 3802 Kal.
2808 3749 2837 3800 6
2868 3748 2934 3818 τῇ
2964 3748 3104 3816 νόσῳ
3133 3746 3308 3818 ταύτῃ
3336 3746 3741 3819 κρατούμενος,

2165 3846 2231 3916 τῇ
2266 3842 2363 3913 μὲν
2385 3838 2657 3912 εὐημερίᾳ
2684 3837 2794 3890 τῶν
2827 3836 3015 3907 φίλων,
3046 3827 3163 3891 οἶόν
3182 3840 3330 3900 τινος
3362 3834 3555 3906 μύρου
3586 3852 3746 3908 προσ.

2167 3935 2296 4005 ϐολῇ
2354 3933 2802 4003 καταφθείρεται.
2865 3931 2928 3983 Εί
2984 3930 3041 3983 δέ
3096 3945 3149 3981 τι
3201 3926 3376 3990 πάθος
3419 3928 3493 3981 ἐκ
3532 3942 3744 3996 συμφο-

2170 4023 2279 4096 ρῶν
2318 4024 2362 4055 ²⁰
2392 4022 2512 4088 ίδοι,
2550 4022 2687 4093 πρὸς
2716 4021 2875 4075 τοῦτο
2904 4019 3254 4081 καθίπταται,
3295 4016 3476 4070 καὶτὸ
3513 4016 3745 4086 ἀγκύλον

2168 4116 2364 4184 ἐπάγει
2393 4114 2591 4185 στόμα,
2638 4114 2708 4167 τὰ
2759 4111 3119 4184 κεκρυμμένα
3149 4109 3386 4175 ἐξέλκων
3413 4110 3519 4164 τοῦ
3551 4110 3745 4164 δυστυ-

2320 4224 2431 4260 τος.

2320 4224 2380 4260 το
2416 4243 2431 4259 .

2169 4208 2528 4366 χήξῗλιιξνος.
2576 4329 2645 4339 —
2693 4295 2777 4350 Τὰ
2805 4294 2967 4356 καλά,
3000 4292 3101 4347 κᾶν
3134 4290 3315 4361 φθόνῳ
3366 4290 3515 4361 πρὸς
3570 4290 3748 4357 ὀλίγον

499 4406 645 4464 vidia
675 4410 740 4465 ad
769 4411 937 4465 breve
973 4420 1188 4478 tempus
1217 4409 1514 4463 obscurata
1544 4406 1773 4469 fuerint,
1795 4420 1895 4475 per
1915 4419 2065 4459 occa-

2173 4391 2504 4458 ὲπισκιασθῇ
2540 4390 2747 4461 χρόνον,
2779 4387 2872 4439 ἐπὶ
2916 4383 3096 4455 καιρῷ
3128 4381 3380 4445 λυθέντα,
3410 4378 3579 4445 αὖθις
3615 4382 3748 4434 ἁνα-

500 4501 712 4558 sioncm
749 4515 813 4554 ac
847 4508 1159 4569 opportune
1191 4499 1393 4562 soluta,
1435 4495 1626 4550 rursus
1661 4494 2070 4564 splendescunt.

573 4591 865 4646 Plutarchi.
909 4619 978 4629 —-
1024 4588 1104 4644 Ad
1164 4588 1337 4642 solem
1394 4578 1832 4647 ambulantibus,
1879 4582 2075 4636 umbra

501 4682 818 4736 necessario
842 4695 1028 4735 comes
1053 4686 1167 4745 est;
1202 4679 1381 4748 iisque
1408 4677 1502 4745 qui
1534 4674 1841 4731 honoribus
1873 4689 1937 4728 ac
1965 4673 2078 4726 vita

500 4773 636 4826 clari
668 4772 964 4837 habentur,
990 4770 1234 4841 proclive
1270 4767 1478 4822 invidia
1504 4767 1692 4821 hzeret.

571 4891 642 4899 —
662 4859 945 4914 Claritatis
969 4859 1159 4922 decor,
1182 4857 1333 4911 velut
1360 4855 1553 4909 morbo
1582 4852 1843 4924 quodam,
1873 4849 2082 4906 invidia
2114 4919 2118 4925 ν

505 4950 616 5006 cito
646 4950 1044 5019 corrumpitur.

2175 4480 2401 4551 λάμπει.

2246 4570 2655 4640 Πλουτάρχου.
2685 4599 2757 4608 ——
2789 4568 2915 4630 Τοῖς
2944 4565 3045 4635 μὲν
3083 4554 3172 4639 διὰ
3209 4563 3302 4617 τοῦ
3330 4562 3487 4632 ἡλίου
3520 4560 3748 4634 πορευο-

2179 4663 2359 4731 μένοις
2388 4662 2581 4714 ἕπεται
2618 4657 2736 4711 κατ’
2767 4655 3013 4731 ἀνάγκην
3043 4654 3171 4708 σκιά
3197 4670 3211 4683 °
3271 4654 3383 4716 τοῖς
3426 4652 3489 4705 δὲ
3536 4651 3629 4705 διά
3655 4650 3749 4718 τῆς

2174 4753 2334 4821 δόξης
2367 4751 2672 4822 βαδίζουσιν
2695 4746 2977 4800 ἀκολουθεῖ
3006 4743 3217 4815 φθόνος.

2247 4843 2320 4895 Th
2346 4845 2442 4912 τῆς
2472 4838 2630 4909 δόξης
2667 4837 2860 4899 κάλλος
2904 4834 3095 4905 ῶσπερ
3153 4832 3258 4886 ὑπὸ
3289 4832 3448 4887 νόσου
3481 4828 3583 4884 τοῦ
3620 4828 3750 4899 φθό-

2180 4952 2274 4989 νου
2313 4934 2451 5003 ταχὺ
2479 4929 2929 5000 καταφθείρεται.

1773 5076 2011 5133 VABUE
2052 5070 2463 5132 LECTlONES.

576 5179 620 5213 "
648 5178 709 5234 Β.
736 5177 949 5248 φθόνος.
1027 5179 1071 5210 ²⁰
1092 5176 1153 5230 Β.
1178 5175 1484 5247 συμφορᾶς.

2007 5254 2246 5312 NOTAE.

584 5389 949 5461 (il'EJs-gaa
992 5384 1073 5449 τῷ
1109 5383 1307 5452 ἀγαθῷ
1334 5383 1371 5450 ἡ
1400 5381 1677 5461 ἀ-φθονιάε
1701 5378 1906 5461 _l\'imi§
1939 5376 2081 5461 forte

512 5447 802 5527 restringit
836 5456 972 5511 Bud.
1010 5447 1129 5527 eam
1159 5447 1543 5527 vocem,__d’um
1583 5449 1785 5527 reddit,
1828 5447 2079 5527 {Equitem

516 5514 686 5583 animi
711 5514 894 5581 cuarens
917 5526 1062 5580 omni
1086 5525 1306 5579 invidia.
1360 5514 1544 5575 Malim
1599 5519 1658 5571 τὸ
1715 5514 1937 5585 ἀγαθὸν,
1992 5514 2082 5585 hic

516 5596 742 5670 Basilio,
779 5596 953 5670 ipsum
979 5594 1151 5670 Deum
1177 5608 1333 5670 esse,
1359 5598 1415 5670 et
1444 5589 1647 5670 opponi
1680 5584 2080 5670 diabo-lo,quod

517 5667 666 5722 Deus
689 5654 813 5717 veré
838 5664 1072 5735 ἄφθονος
1106 5665 1197 5729 sit,
1226 5654 1342 5731 ipsa
1375 5654 1780 5732 boni-ratione,
1841 5654 2083 5710 liberalis

2186 5374 2272 5428 sui
2334 5369 2628 5425 din'usione
2681 5364 2874 5421 elsine
2931 5359 3156 5415 invidia.
3218 5354 3481 5428 Diabolus
3539 5364 3757 5428 semper

2186 5422 2775 5512 29659;}85,’__nigii1ue
2832 5438 3027 5512 auctor
3070 5427 3391 5512 hominibus
3462 5422 3761 5512 eLxsistens:

2186 5491 2556 5578 th'd‘re'ddu
2577 5491 2742 5578 Gesn.
2768 5511 2827 5578 ut
2848 5501 3075 5578 vir-viro
3102 5504 3434 5578 opponatur,
3478 5491 3666 5546 bonus
3700 5500 3760 5543 ac

2187 5565 2395 5649 probus
2431 5571 2839 5639 calumniatori,
2868 5569 3006 5625 nihil
3038 5565 3309 5639 approbo.
