4008 6194
264 267 361 337 961

1575 257 1744 320 LOCI
1783 252 2223 321 COMMUNES.

3413 255 3521 318 οδε

343 377 728 448 Ἀνάχαρσις.
751 400 824 413 -
864 371 1190 442 Ἀνάχαρσις
1214 369 1243 422 6
1273 365 1489 437 Σκύθης
1518 366 1840 439 ἐρωτηθεὶς,

2014 367 2357 421 Anacharsis.
2393 394 2462 407 -—
2491 364 2826 421 Anacharsis
2867 364 3068 436 Scytha
3092 371 3340 434 rogatus,
3386 365 3522 433 quid

261 471 358 526 Διὰ
389 469 511 523 τίνα
558 464 738 520 αἰτίαν
762 464 1046 531 ἄνθρωποι
1079 457 1387 513 λυποῦνταν
1407 456 1681 523 adivro-cs;
1710 457 1834 528 ἔφη,

262 564 386 614 Ὀτι
406 559 470 612 οὐ
504 556 666 629 μόνον
698 554 899 617 αὐτοὺς
927 552 998 606 τὰ
1026 550 1135 605 ῐδια
1173 547 1322 604 κακὰ
1356 546 1538 616 λυπεῖ,
1579 546 1717 601 ἀλλὰ
1743 548 1839 602 καὶ

259 651 328 707 τὰ
355 649 614 719 ἀλλότρια
640 644 848 715 ἀγαθά.

345 742 643 809 Ἀριστοτ.
690 766 763 780 -
802 732 1025 800 Φθόνος,
1055 732 1245 804 φησιν,
1283 731 1694 803 ἀνταγωνιστής
1724 730 1840 784 ἐστι

259 831 371 886 τῶν
401 829 790 900 εὐτυχούντων.
1461 880 1467 887 .
1510 846 1518 853 ·

330 922 648 993 Δημοκρίτ.
683 948 757 959 —
804 919 872 974 Ἦ
898 916 1007 974 τῶν
1055 915 1277 986 ἀγαθῶν
1306 916 1447 987 τέρις
1497 914 1704 970 ὠφελεῖ
1750 914 1840 969 τὸν

261 1014 550 1087 ζηλοῦντα,
596 1012 673 1084 μὴ
705 1012 1019 1082 βλάπτουσα
1046 1009 1139 1063 τὸν
1164 1007 1519 1079 ζηλούμενον.

331 1106 446 1161 Οὐκ
486 1104 556 1160 ἂν
586 1102 831 1162 ἐκώλυον
859 1102 910 1156 oi
938 1101 1094 1172 νόμοι
1136 1099 1236 1171 ζῇν
1266 1100 1519 1153 ¹ἕκαστον
1552 1099 1673 1153 κατ’
1704 1096 1841 1152 ἰδίαν

260 1196 535 1264 ἐξουσίαν,
592 1195 642 1246 εί
692 1194 768 1264 μὴ
804 1194 993 1263 ἔτερος
1043 1192 1230 1261 ἕτερον
1276 1191 1616 1262 ἐλυμαίνετο.
1643 1190 1843 1256 Φθόνος

260 1290 367 1361 γὰρ
396 1288 614 1349 στάσιος
642 1286 818 1356 ἀρχὴν
839 1283 1240 1354 ἀπεργάζεται.

343 1378 403 1430 '0
431 1374 592 1440 αὐτὸς
642 1373 736 1428 τὸν
782 1373 979 1444 φθόνον
1014 1370 1169 1426 εἶπεν
1209 1371 1368 1435 ἕλκος
1409 1368 1553 1427 εἶναι
1580 1372 1681 1443 τῆς
1707 1371 1841 1443 ἁλη-

1946 472 2126 513 causa:
2147 466 2295 513 esset
2323 473 2422 512 cur
2460 458 2716 512 homines
2757 472 2978 526 semper
3019 456 3245 510 doleant
3279 472 3293 508 :
3337 453 3521 521 Quod,

1946 548 2151 617 inquit,
2180 563 2293 602 non
2323 548 2501 603 solum
2530 564 2628 603 sua
2656 548 2801 603 mala
2838 547 3085 613 doleant,
3124 545 3223 602 sed
3250 554 3308 601 et
3344 546 3525 602 aliena

1904 664 1911 671 -
1946 638 2115 695 bona.

2021 730 2294 804 Aristoteli.
2321 760 2391 770 -—
2423 729 2634 784 Invidia
2667 729 2887 784 illorum
2917 726 3271 808 adversarius
3298 736 3403 795 est,
3432 730 3529 799 qui

1947 823 2123 877 rebus
2144 821 2409 877 secundis
2438 829 2692 875 utuntur.
3224 867 3229 871 .
3278 866 3283 870 .

2020 910 2298 963 Bonorum
2331 908 2617 961 contentio
2646 908 2802 977 juvat
2828 906 3201 973 mmulantem,
3228 922 3333 963 nec
3356 907 3410 963 ei
3439 907 3529 963 cui

1947 999 2247 1063 :emuleris,
2274 997 2485 1067 aliquid
2513 1005 2695 1051 nocet.

2019 1089 2303 1143 Democrit.
2331 1119 2402 1128 -—
2440 1088 2733 1157 Nunquam
2770 1088 2919 1158 leges
2959 1102 3061 1143 suo
3096 1104 3372 1163 quemque
3404 1090 3528 1163 jure

1949 1196 2013 1236 ac
2061 1180 2336 1235 arbitratu
2383 1180 2574 1234 vivere
2619 1187 2901 1240 vetarent,
2949 1179 3243 1247 nisilaller
3294 1182 3529 1234 alterum

1948 1273 2177 1328 lmderet
2212 1291 2225 1326 :
2266 1272 2471 1326 invidia
2508 1271 2686 1337 enim,
2721 1270 3018 1326 seditionis
3048 1270 3205 1339 origo
3236 1279 3341 1324 est.

2020 1364 2195 1433 Idem,
2231 1363 2498 1419 invidiam
2533 1363 2696 1418 ulcus
2726 1376 2849 1417 esse
2874 1361 3128 1416 veritatis
3156 1360 3380 1415 dicebat
3405 1378 3423 1411 -.

264 1467 435 1530 θείας.

333 1510 703 1627 ligendpr
733 1555 802 1609 ⁸¹.
845 1583 918 1594 —
946 1553 1157 1625 Ὠσπερ
1187 1551 1292 1605 ὐπὸ
1312 1550 1425 1611 τοῦ,
1444 1550 1652 1609 ἰοῦτὸν
1687 1552 1841 1624 σίδη-

2020 1542 2291 1599 Clitarchi.
2314 1571 2390 1608 _—
2413 1541 2486 1597 Ut
2510 1539 2791 1611 ferrugine
2814 1510 3045 1606 ferrum,
3073 1538 3155 1593 sic
3184 1536 3404 1592 invidos
3432 1552 3532 1593 sua

271 1665 383 1721 ρον,
411 1645 556 1711 οὕτω
579 1645 710 1710 τούς
733 1642 1029 1715 φθονεροὺς
1060 1641 1173 1696 ὐπὸ
1194 1640 1292 1695 τοῦ
1342 1641 1477 1697 ἰδίου
1516 1642 1679 1713 ἤθους
1710 1658 1840 1696 κατ’

1983 1650 2101 1705 psos
2126 1633 2311 1689 indole
2339 1630 2635 1688 consumis

264 1737 570 1793 εσθίεσθαι.
1492 1790 1497 1803 1
1879 1725 1921 1780 Β

330 1827 668 1901 Σωκράτης.
713 1856 786 1868 -—-
839 1826 1038 1895 Πολλοὶ
1091 1824 1356 1889 θανόντας
1407 1823 1700 1895 ἀμείϐουσι
1730 1823 1845 1886 τοῖς

261 1922 477 1992 τάφοις,
515 1919 610 1984 οὒς
637 1918 716 1991 τῷ
739 1918 920 1991 φθόνῳ
946 1917 1214 1990 πρότερον
1244 1917 1486 1988 ήλγυναν
1515 1914 1746 1980 ζῶντας.

1966 1823 1971 1827 ·
2016 1804 2284 1861 Socrates.
2325 1835 2397 1845 —
2436 1803 2593 1858 Multi
2640 1802 2797 1872 quasi
2846 1802 2984 1872 grati
3024 1785 3205 1856 animi
3253 1802 3531 1874 signiﬁca-

1948 1899 2120 1964 tione,
2152 1886 2429 1953 defunctis
2461 1904 2817 1969 monumenta
2852 1903 3085 1964 ponunt,
3116 1910 3256 1964 quos
3287 1896 3444 1965 prius
3474 1899 3531 1951 in

1946 1989 2090 2045 vivis
2115 1998 2341 2060 agentes
2369 2001 2607 2042 maerore
2640 1986 3017 2041 confecerant.
3240 2044 3243 2051 I

2016 2077 2166 2132 Idem
2196 2077 2378 2132 aiebat
2405 2075 2669 2143 invidiam
2701 2077 2875 2130 animi.
2919 2092 3041 2132 esse
3069 2092 3303 2147 serram.

2015 2168 2313 2239 Leucippis.
2336 2198 2407 2207 —
2428 2166 2727 2231 [Emulatio
2755 2167 2901 2233 enim
2935 2183 3062 2222 cum
3088 2168 3337 2240 animum
3361 2170 3531 2226 semel

1949 2260 2235 2331 invaserit,
2257 2275 2401 2332 aegre
2432 2267 2618 2329 potest
2647 2259 2879 2314 aboleri.
2954 2306 2958 2310 .

296 2094 302 2101 ’
343 2098 405 2150 '0
435 2096 596 2161 αὐτὸς
638 2097 730 2151 τὸν
757 2096 952 2167 φθόνον
988 2095 1092 2167 ἔφη
1120 2094 1223 2166 τῆς
1247 2093 1427 2166 ψυχῆς
1450 2089 1590 2148 εἷναι
1621 2095 1863 2164 πρίονα.

353 2187 605 2240 Λευκίπ.
649 2215 733 2255 --,
786 2184 1101 2253 Ζηλοτυπία
1139 2184 1248 2255 γὰρ
1317 2182 1465 2250 ἅπαξ
1525 2182 1847 2255 ἐμπεσοῦσα

264 2276 434 2349 ψυχῇ,
460 2258 850 2329 δυσὲκλειπτον
879 2274 1017 2328 ἐστί.
1604 2316 1613 2323 .

304 2355 308 2358 ⁴
339 2368 667 2422 Κλεόϐουλ.
698 2395 772 2406 ——
828 2366 1165 2430 Κλεόϐουλος
1197 2367 1227 2421 6
1276 2364 1512 2431 Λίνδιος,
1547 2363 1848 2436 ἐρωτηθεὶς

2018 2351 2316 2407 Cleobulus.
2343 2382 2412 2391 —
2434 2351 2734 2407 Cleobulus
2762 2351 3168 2435 Lindius,cum
3198 2367 3265 2407 ex
3288 2368 3355 2408 eo
3383 2369 3535 2423 quae-

267 2459 375 2512 ὐπό
404 2442 573 2524 τινος,
610 2456 748 2511 Τίνα
800 2456 885 2510 δεῖ
941 2457 1177 2528 μάλιστα
1224 2456 1639 2526 φυλάττεσθαι;
1671 2451 1845 2530 εἶπεν,

1983 2450 2165 2495 eretur
2201 2458 2213 2494 :
2247 2440 2413 2511 659
2442 2440 2572 2506 Quae
2604 2441 2843 2494 maxime
2866 2439 3092 2493 vitanda
3120 2449 3365 2508 putaret;
3388 2439 3536 2496 Ami-

266 2547 387 2600 Τῶν
423 2547 526 2617 μὲν
576 2545 748 2615 φίλων
798 2544 891 2600 τὸν
962 2546 1191 2615 φθόνον,
1239 2545 1350 2599 τῶν
1395 2545 1452 2599 δὲ
1502 2543 1715 2616 ἐχθρῶν
1748 2546 1849 2616 τὴν

1983 2548 2161 2598 orum,
2181 2533 2384 2603 inquit,
2405 2532 2693 2597 invidiam,
2716 2540 2774 2587 et
2796 2530 3149 2586 inimicorum
3176 2531 3424 2593 insidias.

270 2637 588 2710 ἐπιϐουλήν.

341 2728 589 2794 Βίωνος.
616 2758 689 2769 —
725 2727 868 2782 Βίων
892 2730 924 2782 6
960 2727 1244 2801 σοφιστὴς,
1282 2726 1406 2782 ἰδών
1433 2744 1556 2781 τινα
1587 2725 1850 2797 φθονερὸν

272 2817 477 2888 σφόδρα
509 2818 805 2887 κεκυφότα,
842 2815 1019 2881 εἶπεν,
1053 2818 1125 2871 Ἢ
1147 2819 1322 2889 τούτῳ
1358 2819 1499 2890 μέγα
1521 2817 1691 2873 κακὸν
1722 2834 1853 2894 συμ-

273 2906 527 2980 εέϐηκεν,
566 2909 599 2980 ἢ
631 2909 779 2981 ἄλλῳ
813 2911 956 2981 μέγα
988 2908 1217 2978 ἀγαθόν.

2019 2731 2223 2786 Bionis.
2250 2761 2319 2770 —
2357 2730 2491 2783 Bion
2533 2730 2811 2799 sophista,
2845 2744 2969 2783 cum
3005 2730 3246 2800 aliquem
3281 2731 3530 2789 invidum

1952 2823 2097 2878 tristi
2126 2823 2285 2877 valde
2319 2837 2385 2877 ac
2413 2821 2655 2876 demisso
2688 2822 2845 2875 vultu
2882 2821 3231 2876 incedentem
3262 2823 3526 2879 vidisset:

1838 2920 1845 2925 '
1949 2913 2081 2978 Aut,
2103 2914 2307 2982 inquit,
2332 2913 2464 2968 huic
2495 2913 2689 2983 ingens
2722 2913 2928 2967 malum
2962 2911 3178 2977 accidit,
3243 2923 3338 2968 aut
3367 2915 3530 2971 alteri

1873 3053 1917 3112 ο
1950 3006 2145 3077 ingens
2176 3005 2406 3059 bonum.

894 3103 1239 3174 Ἀγάθωνος.

413 3199 536 3252 Οὐκ
555 3194 637 3267 ἦν
664 3195 742 3250 ἂν
776 3194 1185 3267 ᾀνθρώποισιν
1211 3196 1283 3250 ἐν
1308 3196 1428 3261 ,βίῳ
1459 3199 1704 3267 φθόνος,

405 3270 477 3321 El
507 3264 733 3332 πάντες
768 3265 922 3335 ᾖμεν
949 3264 1018 3330 ἐξ
1046 3266 1188 3321 ισου
1220 3264 1582 3337 πεφυκότες.
1658 3264 1699 3267 ’⁷

1983 3274 2108 3328 labis
2136 3276 2217 3328 ita
2241 3276 2586 3346 comparatis,
2604 3284 2669 3327 at
2703 3289 2881 3327 omnes
2912 3264 3144 3343 aequales
3177 3289 3423 3329 essemus.

345 3360 676 3430 Θεόφραστ.
713 3388 791 3416 -—_
833 3357 1182 3428 Θεόφραστος
1245 3353 1405 3424 εἷπε,
1451 3361 1579 3425 τοὺς
1645 3362 1852 3434 μοχθηε

2002 3366 2363 3437 λΤΙιεορΙιταεε.
2381 3394 2449 3407 —
2472 3366 2839 3436 Theophrasti
2869 3366 3147 3421 sententia
3173 3376 3293 3422 erat
3318 3385 3332 3421 :
3360 3369 3531 3425 Malos

274 3453 403 3526 ρούς
431 3454 541 3507 τῶν
576 3452 903 3524 ἀνθρώπων,
956 3453 1057 3523 οὐχ
1101 3452 1276 3517 οὕτως
1317 3453 1545 3525 ἥδεσθαι
1598 3455 1694 3509 ἐπὶ
1734 3458 1852 3520 τοῖς

1983 3460 2205 3514 ιοιηίηοε
2253 3475 2319 3514 ac
2366 3473 2637 3522 morosos,
2677 3465 2788 3512 non
2834 3466 2946 3512 tam
2988 3457 3105 3513 suis
3149 3458 3331 3525 bonis,
3366 3476 3529 3531 quam

274 3541 425 3605 ίδίοις
446 3540 692 3609 ἀγαθοῖς,
723 3538 813 3604 ὡς
836 3541 930 3593 ἐπὶ
961 3543 1077 3604 τοῖς
1107 3540 1413 3611 ἀλλοτρίοις
1441 3545 1656 3622 κακοῖς.

1983 3551 2150 3606 lienis
2177 3543 2341 3607 lnalis
2371 3548 2658 3605 delectari.
3296 3596 3301 3601 _

338 3632 609 3687 Πλάτων.
633 3661 705 3671 —
737 3628 1095 3703 ’Δγαθδςιῆνο
1154 3632 1347 3704 ἀγαθῷ
1396 3634 1454 3686 δὲ
1503 3634 1678 3698 οὐδεὶς
1724 3637 1852 3708 περὶ

2020 3639 2200 3694 Plato.
2233 3669 2302 3679 -—
2332 3638 2518 3693 Bonus
2556 3646 2679 3692 erat
2712 3655 2725 3690 :
2765 3637 2818 3692 ei
2858 3643 3044 3692 autem
3082 3636 3178 3707 qui
3217 3636 3398 3696 bonus
3434 3641 3528 3705 sit,

273 3723 487 3795 οὐδενὸς
516 3722 772 3794 οὐδέποτε
796 3723 1013 3792 γίνεται
1043 3722 1260 3792 φθόνος.
1344 3758 1351 3781 ς
1452 3740 1455 3743 ·
1526 3748 1552 3767 ο

1983 3730 2103 3785 ιιιιιο
2139 3744 2204 3783 ex
2243 3743 2408 3783 causa
2444 3728 2589 3783 ullus
2617 3726 2902 3781 suboritur
2929 3726 3092 3780 livor.

358 3808 831 3885 Ἀριστωνύμέ-
866 3812 925 3867 '0
959 3812 1174 3882 φθόνος,
1218 3812 1411 3885 ὥσπερ
1439 3814 1643 3882 φαῦλος
1674 3815 1852 3887 δημαη

2022 3820 2368 3890 Aristonymi.
2396 3849 2465 3858 —
2496 3817 2725 3880 Invidia,
2756 3817 2900 3871 sicut
2925 3816 3106 3871 malus
3135 3826 3325 3873 orator
3351 3835 3530 3891 popu-

274 3906 477 3975 γωγδς,
515 3907 638 3969 ταῖς
668 3905 866 3973 καλαῖς
894 3904 1366 3959 ἀντιπολιτεύεται
1401 3907 1697 3978 πράξεσιν.

1983 3909 2104 3978 ique
2133 3908 2353 3973 ductor,
2380 3906 2628 3961 honestis
2659 3906 2874 3960 actibus
2904 3906 3248 3960 adversatur.

334 3996 719 4081 Θουκυδίδου.
749 4026 820 4077 -ς
846 3996 1044 4062 Φθόνος
1072 4000 1187 4061 τοῖς
1210 3997 1348 4081 Δζῶσι
1379 3999 1515 4080 πρὸς
1542 3982 1602 4052 τδ
1634 3999 1852 4053 ἀντίπα-

1993 3984 2337 4076 ’Τὴεηεῃάὶὠ
2361 4027 2432 4036 --
2466 3996 2735 4051 Invidiam
2774 3995 3037 4050 mortales
3072 4004 3350 4062 exercent,
3381 3996 3438 4052 in
3473 3997 3532 4053 id

275 4087 396 4141 λονο
426 4087 487 4141 τὸ
518 4076 585 4142 δὲ’
606 4085 682 4160 μὴ
711 4076 988 4160 ιμποδὼν,
1011 4076 1485 4160 ἀνανταγωνίστῳ
1505 4089 1689 4162 εὐνοίᾳ
1709 4089 1852 4145 τετί-

1983 4090 2103 4160 [uod
2147 4090 2470 4144 adversatur
2516 4107 2530 4142 :
2573 4088 2723 4158 quod
2759 4102 2892 4143 vero
2927 4087 3065 4142 nulli
3103 4088 3388 4145 obstaculo
3423 4101 3531 4159 est,

282 4190 472 4251 μηται.
704 4190 709 4193 ’
850 4187 856 4211 ί
1033 4184 1037 4189 ’
1332 4250 1341 4251 7
1502 4180 1507 4181 “
1574 4246 1587 4254 .
1785 4176 1793 4183 ’

1983 4181 2088 4235 ιίιιίι
2127 4181 2296 4235 invita
2333 4173 2719 4236 benevolentia
2750 4179 2957 4234 colunt.

369 4268 697 4339 Ἀναξιμέν.
748 4299 821 4310 -
845 4269 1003 4324 Ὅσοι
1036 4269 1145 4343 γὰρ
1182 4268 1252 4324 τὰ
1284 4256 1467 4336 καλῶς
1522 4270 1759 4343 ρηθέντα
1811 4272 1847 4342 ἦ

2023 4269 2342 4325 Anaximen.
2372 4270 2584 4335 ——~Qui
2629 4285 2730 4338 per
2773 4268 3038 4323 invidiam
3076 4284 3199 4339 quae
3240 4270 3345 4327 rite
3387 4271 3531 4328 dicta.

276 4361 593 4436 πραχθέντα
617 4362 705 4417 διὰ
736 4364 931 4432 φθόνον
959 4365 1061 4418 οὐκ
1098 4363 1408 4430 ἐπαινοῦσι,
1443 4362 1563 4429 πῶς
1608 4358 1757 4448 οὗτοι
1783 4364 1851 4420 ἂν

1983 4372 2053 4417 λιιι
2081 4371 2233 4434 gesta
2267 4362 2377 4416 sint
2405 4376 2518 4415 non
2550 4360 2807 4426 laudant;
2841 4359 2931 4427 hi,
2962 4374 3077 4431 quo
3112 4360 3331 4416 tandem
3367 4343 3531 4420 modo

217 4495 221 4503 .
275 4456 387 4516 τοῖς
414 4452 600 4525 ἔργοις
623 4448 968 4524 ὠφελήσειαν
987 4450 1013 4520 ;“
1530 4456 1533 4461 ’
1700 4443 1710 4449 ’

1983 4470 2078 4525 psa
2108 4469 2166 4508 re
2190 4453 2465 4524 juverint?
2548 4509 2556 4521 ξ

347 4544 642 4610 Κάτωνος.
673 4575 746 4585 -
768 4545 1011 4600 Ἥκιστα
1072 4544 1389 4617 φθονεῖσθαι
1442 4546 1596 4618 ἔλεγε
1624 4549 1752 4614 τοὺς
1781 4552 1848 4621 τῇ

2028 4543 2266 4600 Catonis.
2290 4575 2361 4584 —
2390 4543 2549 4605 Haud
2579 4556 2710 4599 sane
2745 4540 2965 4596 invidiae
2993 4529 3261 4596 obnoxios
3294 4555 3414 4597 esse
3445 4542 3528 4599 di-

274 4634 416 4709 τύχῃ
465 4635 785 4707 χρωμένους
836 4637 1097 4715 ἐπιεικῶς
1134 4638 1230 4691 καὶ
1292 4637 1551 4710 μετρίως.
1606 4640 1682 4694 Οὐ
1738 4640 1848 4712 γὰρ

1983 4634 2138 4699 :ebat,
2165 4635 2257 4704 qui
2292 4634 2540 4690 modeste
2577 4649 2643 4689 ac
2681 4641 2985 4702 temperate
3022 4634 3242 4687 fortuna
3282 4639 3531 4689 utantur.

279 4727 428 4795 ἡμῖν,
461 4724 600 4779 ἀλλὰ
634 4727 748 4790 τοῖς
781 4726 910 4797 περὶ
947 4728 1096 4799 ἡμᾶς
1124 4725 1436 4796 φθονοῦσιν.

1983 4725 2078 4779 ion
2110 4722 2256 4779 enim
2289 4740 2393 4780 nos
2425 4725 2687 4779 invidiam
2723 4732 2935 4800 petere,
2966 4723 3063 4779 sed
3095 4738 3189 4779 res
3219 4731 3437 4780 nostras
3468 4740 3531 4781 ac

419 4829 435 4843 ο
827 4826 833 4834 ι
1462 4826 1469 4829 ·
1960 4831 2082 4886 qua:
2115 4815 2263 4870 circa
2296 4829 2400 4870 nos
2430 4814 2718 4870 exsistant.

2027 4906 2243 4961 Incerti.
2282 4935 2353 4946 —
2391 4907 2565 4962 Nemo
2614 4906 3034 4977 prosequendus
3079 4895 3282 4961 invidia
3332 4920 3345 4957 :
3398 4892 3598 4987 boni".

1958 4995 2127 5060 enim,
2157 4995 2305 5065 digni
2341 5005 2470 5050 sunt
2500 4997 2594 5065 qui
2626 4996 2796 5050 rebus
2822 4995 3078 5051 secundis
3107 5002 3330 5049 utantur
3359 5009 3373 5047 :
3403 4990 3567 5078 malig
3585 5013 3606 5078 ,Α

1958 5086 2006 5140 si
2038 5095 2289 5148 utuntur,
2315 5085 2692 5140 malevivunt.
2770 5081 2781 5088 ’
2868 5102 2875 5107 '
2990 5098 2999 5103 ’
3540 5070 3596 5098 Ἴ

2032 5174 2431 5228 Themistocles
2472 5174 2655 5228 adhuc
2698 5172 3100 5229 adolescentior
3131 5205 3147 5232 ,
3220 5170 3355 5224 nihil
3401 5171 3530 5226 dum
3588 5223 3597 5235 ,

1956 5283 2016 5323 se
2062 5268 2411 5338 splendidum
2453 5282 2615 5337 agere
2655 5265 2900 5330 dicebat;
2946 5266 3148 5334 quippe
3177 5263 3284 5334 ‘qui
3326 5262 3533 5323 invidia

277 5345 600 5419 νανθαρίδες
630 5347 932 5418 ἐμφύονται
976 5346 1214 5417 μάλιστα
1249 5346 1330 5417 τῷ
1359 5347 1665 5417 ἀκμάζοντι
1696 5351 1849 5421 σίτῳ,

1983 5356 2182 5410 ninime
2227 5364 2529 5429 peteretur.
2565 5356 2700 5409 Nam
2745 5353 2888 5408 sicut
2927 5353 3175 5407 canthari
3225 5352 3536 5425 (scarabeos

280 5435 374 5489 ιιαὶ
398 5438 516 5500 τοῖς
566 5437 822 5492 εὐθαλέσι
870 5438 1075 5509 ῥόδοις·
1135 5432 1281 5489 οὕτω
1312 5437 1341 5489 6
1386 5436 1581 5507 φθόνος
1619 5439 1849 5494 ἅπτεται

1983 5446 2175 5515 'ocanl)
2230 5448 2457 5503 robusto
2509 5447 2742 5500 maxime
2796 5445 3157 5500 innascuntur
3209 5445 3426 5512 tritico,
3460 5438 3534 5502 ac

1552 5555 1782 5612 VARIAB
1820 5556 2223 5615 LECTIONES.

2581 3090 2892 3184 Agathonis.

1950 3204 2142 3259 Nullus
2176 3205 2229 3258 in
2262 3205 2369 3258 vita
2403 3204 2536 3257 livor
2568 3211 2701 3257 esset
2735 3202 3071 3266 mortalibus,

362 4900 716 4970 Ἀνωνύμου.
749 4931 823 4940 -
874 4901 1066 4955 υύδενὶ
1120 4903 1452 4973 φθονητέονο
1507 4903 1704 4973 ἀγαθοὶ
1753 4904 1853 4976 μὲν

280 4990 389 5061 γὰρ
425 4992 599 5056 ἄξιοιο
639 4993 803 5048 κακοὶ
838 4992 884 5046 δ’
923 4993 990 5048 ἂν
1018 4994 1343 5065 εὐτυχῶσιν,
1374 4996 1562 5061 κακῶς
1591 4996 1778 5061 ζῶσιν.

350 5164 727 5237 Θεμιστοκλῆς
783 5167 1069 5239 μειράκιον
1100 5165 1197 5233 ὢν,
1241 5167 1395 5220 οὐδὲν
1440 5166 1545 5239 ἔφη
1589 5168 1854 5240 πράττειν

277 5254 568 5324 λαμπρόν·
598 5254 754 5310 οὐπω
789 5256 899 5326 γὰρ
948 5254 1284 5323 φθονεῖσθαι.
1325 5254 1594 5329 Καθάπερ
1642 5259 1750 5330 γὰρ
1793 5260 1851 5313 αἱ

347 5620 394 5661 ³³
424 5618 542 5674 ἄλλ.
586 5619 951 5691 Πλουτάρχου.
