4008 6194
254 139 259 145 .
403 151 436 183 ψ

281 189 378 255 9εὸ

1582 182 1753 242 LOCI
1792 179 2229 241 COMMUNES.

3420 166 3527 231 966

333 298 550 366 Ὠσπερ
585 293 664 365 τῷ
711 290 958 365 στρουθῷ
1011 290 1122 345 τῶν
1174 290 1390 363 πτερῶν
1446 290 1637 361 ὄφελος
1675 293 1848 358 οὐδὲν,

2022 290 2093 346 Ut
2138 286 2452 359 passerculo
2495 285 2633 340 nihil
2677 281 2900 354 prodest
2936 280 3082 351 quod
3128 279 3230 334 alis
3272 277 3531 347 praeditus

276 387 378 442 ὑπὸ
408 387 508 457 τῆς
538 384 768 454 παγίδος
802 384 1005 450 ἁλόντι,
1037 382 1154 437 ἀλλ’
1189 384 1313 453 είκῆ
1354 383 1451 437 καὶ
1495 383 1672 454 μάτην
1716 401 1851 437 πτε-

279 479 545 551 ρύσσεται
567 492 580 508 ο
630 473 775 529 οὕτω
804 473 901 528 καὶ
945 474 1032 527 σοὶ
1074 474 1183 528 τῶν
1221 473 1500 544 λογισμῶν
1535 473 1688 527 οὐδὲν
1722 473 1850 543 ὀφε-

275 568 387 631 λος,
418 567 515 620 ἐὰν
566 562 913 636 κατακράτος
955 562 1063 615 ὑπὸ
1108 563 1209 632 τῆς
1261 563 1506 633 πονηρᾶς
1558 560 1854 631 ἐπιθυμίας

277 655 443 727 ἁλῷς.

347 743 692 801 Διονυσίου.
724 771 798 783 -
827 741 943 796 Ούκ
988 741 1415 812 ἡναγκασμένην
1463 740 1607 811 ζωὴν
1659 740 1854 810 ἔχομεν

278 837 328 889 οἱ
358 835 660 905 ἄνθρωποι.
712 829 850 884 Οὔτε
882 830 993 900 γὰρ
1023 830 1113 883 διὰ
1157 830 1258 900 τὴν
1297 828 1407 882 τῶν
1440 829 1856 899 προνοουμένων

277 922 838 995 αὖτεξουσιότητα“τά
876 921 997 976 θεῖα
1025 920 1183 990 φῶτα
1236 921 1338 992 τῆς
1376 921 1743 992 προνοητικῆς
1771 922 1857 974 ὲλ-

277 1016 538 1089 πᾶμψεως
569 1013 1005 1086 ἀπαμϐλύνεται.

345 1106 628 1175 Διδύμου.
676 1133 748 1144 --
793 1103 874 1155 Τὰ
908 1102 1011 1173 μὲν
1059 1101 1292 1155 ἀκούσια
1341 1103 1717 1173 ἁμαρτήματα
1765 1102 1858 1155 καὶ

279 1198 445 1269 νόμος
479 1198 780 1266 συγχωρεῖ,
822 1195 918 1247 καὶ
946 1193 1078 1256 Θεὸς
1104 1197 1323 1266 παρορᾷ
1349 1195 1732 1268 φιλάνθρωπος
1758 1194 1853 1261 ὢν,

280 1290 377 1345 καὶ
400 1291 502 1345 οὐκ
526 1288 743 1358 ἀπηνὴς
770 1286 864 1339 καὶ
888 1285 997 1338 τῶν
1023 1286 1309 1340 ἑκουσίων.

350 1468 567 1551 Φίλων.
594 1495 667 1505 -
690 1464 804 1533 Οὐχ
831 1462 909 1527 ὡς
936 1463 1000 1516 τὸ
1032 1462 1297 1526 ἑκουσίως
1323 1462 1666 1535 ἁμαρτάνειν
1712 1465 1861 1519 ἐστὶν

279 1557 465 1612 ἄδικον
483 1596 499 1621 ,
535 1553 678 1608 οὓτω
702 1552 797 1605 καὶ
825 1551 1100 1614 ἀκουσίως
1128 1552 1223 1604 καὶ
1246 1552 1388 1605 κατὰ
1411 1553 1661 1622 ἄγνοιαν,
1692 1554 1861 1619 εὐθὺς

279 1616 524 1698 δίκαιονλ
566 1638 705 1694 ἀλλὰ
742 1639 889 1709 τάχα
940 1655 1043 1693 που
1074 1638 1327 1710 μεθόριον
1379 1616 1606 1711 ἀμφοῖν,
1643 1616 1857 1697 δικαίου
1894 1616 1940 1676 Β

281 1736 379 1791 καὶ
424 1734 640 1800 ἀδίκου,
682 1732 743 1786 τὸ
789 1731 896 1786 ὑπό
946 1749 1110 1786 τινων
1160 1731 1497 1804 καλούμενον
1546 1735 1856 1807 ἀδιάφορον.

292 1826 629 1899 ’Δμάρτημα
659 1822 770 1896 γὰρ
800 1822 959 1878 οὐδὲν
988 1823 1153 1895 ἔργον
1183 1823 1555 1897 δικαιοσύνης.

357 2097 726 2167 Κλήμεντος.
755 2127 826 2139 —-
845 2095 1095 2152 Μάλιστα
1132 2097 1352 2151 πάντων
1381 2099 1733 2168 Χριστιανοῖς
1762 2101 1865 2155 οὐκ

288 2188 499 2258 ἐφίεται
531 2187 592 2241 τὸ
619 2187 756 2260 πρὸς
783 2186 904 2257 βίαν
939 2187 1279 2257 ἐπανορθοῦν
1301 2187 1370 2241 τά
1389 2188 1498 2243 τῶν
1530 2190 1864 2262 ἁμαρτημά-

286 2291 394 2327 των
438 2274 779 2344 πταίσματα.
821 2274 895 2327 Ού
939 2265 1052 2345 γάρ’
1090 2276 1220 2339 τοὺς
1274 2276 1488 2349 ἀνάγκῃ
1529 2278 1631 2349 τῆς
1666 2282 1864 2346 κακίας

287 2362 682 2434 ἀπεχομένους,
722 2362 860 2416 ἀλλὰ
885 2363 1014 2426 τοὺς
1048 2364 1369 2434 προαιρέσει
1389 2370 1645 2437 στεφανοῖ
1662 2369 1689 2421 ὁ
1707 2370 1861 2432 Θεός.

358 2456 433 2509 οὐ
462 2453 687 2508 δυνατόν
712 2469 833 2506 τινα
864 2453 1072 2521 ἀγαθὸν
1096 2450 1235 2508 εἶναι
1266 2455 1522 2525 βεϐαίως,
1549 2460 1598 2511 εί
1622 2459 1697 2530 μὴ
1726 2464 1867 2515 κατὰ

290 2547 611 2619 προαίρεσιν
640 2544 868 2599 οἰκείαν.
911 2546 967 2599 '0
989 2546 1100 2616 γὰρ
1123 2547 1213 2616 ὑφ’
1245 2548 1437 2620 ἑτέρου
1462 2551 1706 2623 ἀνάγκης
1735 2556 1863 2622 ἁγα-

293 2636 382 2700 θὸς
407 2636 713 2705 γινόμενος,
750 2634 850 2687 οὐκ
882 2633 1087 2702 ἀγαθός
1112 2650 1126 2665 ·
1166 2636 1249 2688 ὅτι
1295 2638 1371 2708 μὴ
1407 2637 1514 2709 ίδίᾳ
1546 2644 1868 2713 προαιρέσει

292 2729 443 2782 ἐστὶν
479 2726 508 2780 ὃ
545 2725 714 2779 ἐστιν.
746 2723 820 2778 Τὸ
854 2725 964 2797 γὰρ
997 2727 1229 2780 ἑκάστου
1269 2728 1576 2801 ἐλεύθερον,
1618 2734 1871 2787 ἀποτελεῖ

293 2820 356 2873 τὸ
406 2819 574 2881 δντως
624 2815 855 2884 ἀγαθὸν,
902 2818 999 2871 καὶ
1057 2819 1294 2874 δεικνύει
1348 2802 1631 2889 *ιδ’δντως
1679 2827 1866 2881 κακόν.

1955 389 2060 446 est,
2091 381 2137 434 si
2172 381 2369 449 laqueo
2404 378 2653 432 irretitus
2686 382 2969 440 teneatur;
3001 373 3097 429 sed
3123 371 3328 426 frustra
3351 368 3532 423 nullo-

1955 486 2065 542 que
2106 470 2399 525 commodo
2436 468 2682 523 concutit
2720 466 2982 532 alas;‘sic
3020 473 3077 519 et
3118 464 3220 518 tibi
3257 462 3533 516 rationum

1956 562 2158 616 mentis
2205 562 2358 615 nulla
2403 560 2593 614 futura
2629 558 2859 622 utilitas,
2909 556 2956 611 si
2997 570 3165 625 prava
3235 551 3537 623 cupiditate

1963 655 2191 708 omnino
2234 662 2430 722 captus
2462 650 2719 706 tenearis.

2025 745 2285 816 Dionysii.
2323 774 2394 783 —
2438 742 2558 797 Non
2601 758 2665 797 ea
2709 747 2898 795 nostra
2941 738 3230 792 hominum
3273 737 3384 790 vita
3429 744 3536 799 est,

1957 845 2080 903 quae
2108 830 2435 886 necessitate
2465 838 2675 898 agatur.
2701 829 2820 882 Non
2852 827 2998 881 enim
3031 826 3240 880 idcirco
3262 824 3411 893 quod
3443 822 3536 891 qui

1958 922 2307 995 providentia
2330 928 2614 991 reguntur,
2633 918 2887 972 libertate
2910 917 3126 970 arbitrii
3149 915 3361 985 prmditi
3387 922 3537 979 sunt,

1958 1015 2144 1069 divina
2175 1013 2382 1067 lumina
2409 1009 2739 1065 illustrantis
2764 1007 3126 1077 providentia":
3149 1007 3537 1060 obscurantur.

2025 1104 2260 1176 Didymi.
2286 1134 2353 1145 ——-
2383 1103 2613 1156 Peccata
2645 1114 2753 1152 non
2785 1114 2851 1152 ex
2876 1098 3181 1161 voluntate,
3206 1104 3263 1151 et
3292 1096 3376 1170 lex
3410 1110 3541 1148 con-

1960 1196 2149 1260 donat,
2174 1203 2230 1249 et
2261 1194 2404 1247 Deus
2436 1206 2574 1261 pene
2604 1188 2857 1258 despicit,
2889 1196 2947 1241 ut
2973 1189 3065 1256 qui
3102 1188 3172 1240 sit
3204 1187 3446 1240 clemens
3477 1201 3544 1241 ac

1961 1285 2298 1350 misericors,
2325 1298 2425 1338 nec
2451 1282 2534 1336 vel
2559 1295 2752 1335 eorum
2780 1294 2901 1347 qua:
2928 1277 3237 1333 voluntaria
3266 1282 3416 1342 sunt,
3443 1275 3544 1329 im-

1963 1377 2112 1431 mitis
2138 1376 2282 1430 ultor
2304 1374 2553 1430 exsistat.

2037 1467 2288 1521 Philonis.
2321 1497 2390 1505 —
2420 1466 2541 1520 Non
2576 1474 2637 1520 ut
2666 1463 2979 1519 voluntarie
3013 1475 3245 1531 peccare
3277 1459 3545 1530 iniustum

1965 1567 2069 1625 est,
2094 1558 2174 1613 sic
2204 1572 2316 1612 non
2345 1557 2657 1612 voluntarie
2690 1565 2748 1610 et
2777 1570 2877 1625 per
2909 1550 3355 1622 imprudentiam,
3381 1550 3540 1620 661

1967 1649 2232 1704 continuo
2266 1651 2508 1719 justum;
2550 1647 2647 1703 sed
2686 1647 2827 1701 forte
2866 1645 3154 1699 amborum
3192 1643 3410 1696 confine
3446 1644 3547 1694 ali-

1968 1743 2097 1813 quid
2125 1742 2275 1813 (justi
2306 1740 2519 1796 scilicet
2543 1755 2607 1794 ae
2639 1736 2849 1809 iniusti)
2874 1735 3021 1805 quod
3048 1733 3322 1797 nonnulli,
3345 1733 3546 1787 horum

1969 1831 2213 1887 medium
2259 1846 2323 1885 ac
2369 1828 2951 1885 indiiferensovocant.
2988 1825 3190 1880 Eorum
3235 1823 3382 1878 enim
3427 1837 3550 1890 quae

1971 1933 2101 1979 sunt
2133 1930 2418 1993 peccatum
2451 1935 2515 1976 ac
2547 1934 2736 1985 error,
2769 1918 2984 1972 nullum
3013 1915 3242 1988 justitia:
3274 1929 3414 1984 opus
3449 1913 3549 1969 ha-

1970 2016 2189 2071 beatur.

2043 2106 2347 2163 Clementis.
2370 2136 2444 2146 —
2468 2104 2608 2162 Cum
2638 2103 2837 2176 primis
2870 2101 3022 2158 haud
3047 2101 3183 2156 licet
3215 2098 3550 2156 Christianis

1970 2215 2071 2270 per
2093 2199 2207 2254 vim
2234 2198 2532 2254 emendare
2555 2238 2571 2263 ,
2601 2197 2647 2252 si
2674 2196 2807 2267 quaid
2840 2202 3235 2267 peccaverunt.
3259 2192 3381 2247 Non
3400 2190 3552 2246 enim

1972 2292 2069 2362 qui
2101 2291 2434 2347 necessitate
2475 2306 2506 2346 a
2531 2290 2677 2345 malo
2707 2304 2766 2344 se
2793 2287 3098 2351 abstinent,
3124 2286 3270 2340 Deus
3294 2291 3549 2346 coronat,

1975 2382 2071 2438 sed
2095 2382 2192 2452 qui
2230 2382 2433 2438 mentis
2467 2382 2755 2451 proposito
2787 2388 2844 2435 et
2873 2379 3176 2433 voluntate.

2043 2474 2192 2530 Fieri
2228 2488 2344 2529 non
2383 2481 2567 2543 potest
2596 2482 2659 2527 ut
2682 2471 2808 2542 quis
2853 2470 3016 2525 aliter
3052 2468 3212 2522 firma
3235 2464 3554 2521 constantia

1972 2565 2155 2621 bonus
2172 2569 2243 2623 sit
2266 2605 2280 2630 ,
2315 2580 2482 2635 quam
2510 2579 2608 2619 sua
2647 2562 2766 2633 ipse
2789 2562 3098 2617 voluntate.
3143 2560 3283 2613 Nam
3312 2557 3413 2627 qui
3438 2557 3552 2613 alio

1973 2667 2204 2728 cogente
2234 2656 2414 2710 bonus
2446 2654 2719 2718 nedditur,
2760 2653 2940 2707 bonus
2964 2667 3075 2705 non
3099 2660 3186 2706 est
3211 2669 3226 2718 ;
3247 2651 3397 2721 quod
3431 2665 3542 2705 non
3580 2645 3593 2658 '

1974 2750 2193 2820 propria
2224 2749 2511 2802 voluntate
2536 2747 2628 2813 sit,
2657 2746 2712 2800 id
2738 2745 2889 2815 quod
2919 2753 3026 2799 est.
3073 2744 3192 2810 Qua
3217 2745 3368 2798 enim
3402 2742 3556 2813 quis-

1974 2856 2082 2912 que
2116 2841 2289 2911 pollet
2312 2837 2681 2903 libertate,’id
2707 2844 2954 2907 praestat,
2984 2836 3132 2906 quod
3174 2851 3308 2891 vere
3344 2825 3555 2891 bonum

295 2909 460 2964 Ὅθεν
501 2908 590 2962 διὰ
638 2908 750 2961 τῶν
801 2907 1116 2963 ὑποθέσεων
1158 2911 1361 2967 τούτων
1410 2914 1797 2989 ἐμηχανήσατο
1841 2919 1870 2970 ὁ

295 2999 425 3025 φλ-
456 2998 765 3025 “una--.
796 3000 897 3025 -~_..
938 3000 1164 3025 x-.L__-_,
1207 3003 1443 3025 man--.“

1984 2907 2080 2996 est,
2116 2907 2427 3002 proditque
2477 2930 2626 3000 quod
2682 2945 2814 2985 vere
2857 2930 3064 2984 malum
3111 2937 3218 2983 est.
3284 2928 3557 2995 Quocirca

291 2999 425 3064 Θεὸς
454 2998 769 3074 φανερῶσαι
795 3000 897 3069 τὴν
936 3000 1168 3056 ἑκάστου
1202 3003 1465 3059 διάθεσιν.

365 3192 662 3263 Χορικίου.
684 3223 757 3236 —
788 3195 862 3248 Τδ
914 3196 979 3249 ὲκ
1030 3196 1245 3267 φύσεως
1274 3199 1458 3267 καλὸν,
1494 3202 1783 3274 ἀδόκιμον*
1815 3203 1875 3257 τδ

294 3286 350 3340 δὲ
375 3288 438 3339 ὲκ
476 3285 871 3358 προαιρέσεως,
903 3289 1213 3343 ἐπαινετόν.

379 3465 927 3533 Ἐπικτήτου.-Εί
979 3465 1159 3538 βούλει
1206 3470 1497 3541 ἀταράχως
1539 3474 1634 3528 καὶ
1679 3475 1875 3547 εύαρέ-

300 3574 439 3619 στως
483 3558 606 3630 ζῇν,
640 3556 816 3629 πειρῶ
853 3559 979 3622 τοὺς
1023 3558 1407 3624 συνοικοῦντάς
1448 3580 1530 3615 σοι
1555 3563 1878 3635 σύμπαντας

297 3648 537 3717 ἀγαθοὺς
573 3649 739 3720 ἔχειν.
767 3648 950 3717 Ἕξεις
979 3650 1037 3702 δὲ
1066 3650 1328 3718 ἀγαθοὺς,
1359 3654 1408 3705 εί
1452 3656 1577 3718 τοὺς
1622 3655 1698 3727 μὴ
1729 3658 1878 3712 ἑκόν-

296 3757 396 3803 τας
439 3739 735 3805 παιδεύεις,
781 3741 908 3804 τοὺς
935 3739 993 3793 δὲ
1033 3739 1267 3805 ἄκοντας
1301 3741 1513 3814 [ἔπειτα
1546 3747 1878 3819 κεχειρωμέ-

298 3847 421 3894 νους
449 3829 560 3902 (k)]
586 3830 864 3894 ἀπολύεις.
902 3830 1281 3901 Συμφεύξεται
1307 3834 1414 3906 γὰρ
1441 3838 1553 3898 τοῖς
1584 3837 1877 3906 φεύγουσιν

297 3923 332 3992 ἠ
371 3920 641 3992 μοχθηρία
676 3922 795 3992 ἅμα
828 3920 923 3975 καὶ
952 3923 985 3992 ή
1037 3922 1285 3978 δουλεία·
1321 3922 1878 4000 συναπολειφθήσεται

295 4011 357 4141 δῖ
380 4015 493 4076 τοῖς
520 4012 877 4084 συμϐαίνουσι
918 4028 1001 4066 σοι
1052 4015 1086 4085 ἡ
1115 4016 1423 4089 χρηστότης
1467 4019 1561 4072 καὶ
1594 4021 1629 4091 ἠ
1658 4019 1877 4075 ἐλευθε-

303 4118 417 4171 ρια.

373 4281 635 4351 Σωκράτ.
673 4312 745 4323 -
801 4284 863 4337 '0
907 4284 1005 4356 μὲν
1052 4285 1318 4349 ἑκουσίως
1358 4285 1748 4358 ταλαιπωρῶν,
1793 4287 1880 4339 ἐπ’

301 4368 482 4441 ἀγαθῇ
507 4369 682 4423 ἑλπίδι
712 4370 891 4425 πονῶν
920 4371 1269 4445 εὐφραίνεται
1295 4388 1310 4405 ο
1337 4374 1393 4427 αἱ
1433 4373 1490 4427 δὲ
1534 4375 1881 4447 ῥᾳδιουργίαι

300 4463 398 4514 καὶ
430 4462 494 4514 ὲκ
544 4458 641 4514 τοῦ
683 4462 1029 4535 παραχρῆμα
1064 4462 1270 4535 ἡδοναὶ,
1324 4461 1450 4517 οὗτε
1502 4462 1753 4536 σώματος
1793 4466 1880 4518 εύ-

301 4551 455 4618 εξίαν
498 4551 681 4605 ἱκαναί
709 4553 849 4605 εἰσιν
888 4552 1241 4624 ἐργάξεσθαι,
1273 4552 1399 4607 οὔτε
1439 4553 1620 4625 ψυχῆς
1654 4556 1885 4627 ὲπιστήυ

306 4659 419 4713 μην
440 4640 722 4710 ἀξιόλογον
752 4641 1013 4713 οὐδεμίαν
1044 4643 1391 4713 ἐμποιοῦσιν.

379 4821 640 4892 Θεατοῧς
670 4822 1101 4892 Πυθαγορείου.
1136 4852 1207 4863 -
1234 4823 1308 4876 Τὸ
1344 4824 1443 4893 μὲν
1473 4823 1752 4891 ἀκούσιον,
1785 4826 1885 4881 ούκ

296 4912 437 4968 ἄνευ
457 4910 635 4984 λύπης
651 4913 746 4966 καὶ
767 4912 954 4982 φόϐουο
978 4913 1039 4967 τὸ
1062 4913 1119 4968 δὲ
1138 4914 1409 4978 ἑκούσιον,
1431 4915 1533 4968 οὐκ
1549 4913 1675 4968 ἄνευ
1695 4916 1886 4987 ἡδονῆς

297 5005 405 5059 καὶ
435 5001 859 5075 φιλοφροσύνης.

1974 3025 2257 3093 sapienter
2304 3022 2584 3092 disposuit
2653 3023 2800 3077 Deus
2846 3030 2907 3076 ut
2940 3020 3029 3076 his
3073 3020 3415 3090 argumentis
3440 3034 3558 3090 quo

1974 3115 2207 3185 quisque
2247 3113 2432 3184 animo
2459 3113 2548 3176 sit,
2583 3122 3003 3168 monstraretur.
3122 3104 3125 3107 ’

2048 3206 2295 3261 ΟΙιονίεἰί.
2324 3236 2392 3245 ——
2417 3204 2574 3272 Quod
2596 3220 2664 3261 ex
2694 3213 2893 3259 natura
2916 3206 3123 3259 bonum
3148 3212 3254 3268 est,
3287 3218 3400 3258 non
3425 3218 3556 3273 pro-

1975 3295 2173 3362 batur;
2220 3294 2367 3364 quod
2419 3304 2604 3349 autem
2650 3310 2720 3349 ex
2758 3295 3046 3349 voluntate
3104 3294 3389 3364 animique
3434 3308 3562 3364 pro-
3621 3339 3624 3343 .

1974 3382 2179 3452 posito,
2204 3381 2260 3434 id
2292 3397 2424 3435 vero
2447 3381 2676 3451 dignum
2698 3382 2864 3436 laude
2888 3382 3142 3436 habetur.

2048 3473 2297 3542 Epicteti.
2325 3500 2395 3511 —-
2428 3473 2484 3526 Si
2524 3474 2606 3527 vis
2641 3473 2760 3527 sine
2792 3473 3216 3542 perturbatione
3253 3488 3317 3528 ac
3344 3470 3563 3542 placide

1976 3563 2188 3625 vivere,
2225 3561 2333 3615 hoc
2381 3561 2565 3623 stude,
2611 3568 2671 3613 ut
2704 3575 2846 3629 quos
2880 3559 3220 3613 domesticos
3254 3572 3564 3627 vernasque

1979 3650 2325 3713 adhibueris,
2361 3664 2556 3703 omnes
2591 3649 2721 3703 boni
2758 3649 2889 3702 sint.
2934 3647 2994 3702 ld
3024 3656 3209 3703 autem
3245 3646 3561 3716 contigerit,

1978 3742 2026 3797 si
2056 3756 2154 3797 eos
2183 3740 2277 3811 qui
2314 3739 2519 3804 velint,
2557 3738 2818 3802 erudias;
2869 3752 2966 3792 eos
2998 3745 3184 3792 autem
3241 3737 3337 3807 qui
3381 3738 3565 3793 nolint

1979 3848 2044 3887 ac
2093 3833 2434 3886 reluctantes
2480 3829 2599 3899 (ubi
2657 3828 2861 3884 deinde
2910 3827 3248 3899 edomueris)
3292 3828 3560 3882 dimittas.

1978 3924 2097 3980 Una
2133 3922 2285 3979 enim
2324 3937 2453 3978 cum
2505 3922 2618 3976 illis
2677 3902 3025 3992 fugie’ntibus
3078 3919 3409 3990 improbitas
3445 3920 3561 3989 ipsa

1982 4016 2417 4086 aufugietatque
2464 4015 2740 4081 servitus;
2782 4029 3002 4084 unaque
3053 4027 3178 4068 cum
3208 4012 3323 4067 illis
3354 4013 3565 4083 quibus

1910 4124 1955 4181 ι)
1987 4116 2169 4162 tecum
2208 4107 2494 4173 convenit,
2521 4107 2772 4177 probitas
2798 4116 2964 4177 atque
3013 4107 3248 4163 libertas
3296 4108 3397 4161 tibi
3443 4122 3564 4162 ma-

1986 4198 2163 4253 nebit.

2059 4286 2267 4343 Socr’at.
2298 4318 2364 4328 —
2388 4287 2495 4354 Qui
2543 4296 2742 4355 sponte
2781 4286 2835 4340 in
2866 4286 3133 4341 aerumnis
3166 4294 3422 4340 versatur
3457 4302 3565 4357 qua

1989 4394 2085 4448 spe
2109 4378 2254 4433 bona
2296 4377 2547 4442 fulcitur,
2600 4376 2655 4430 in
2708 4369 2998 4430 laboribus
3020 4376 3256 4430 laetatur.
3305 4375 3427 4429 Otia
3465 4391 3569 4429 au-

1991 4472 2104 4520 tem
2139 4473 2196 4519 et
2238 4463 2616 4519 tumultuaria:
2652 4464 2968 4532 voluptates
3015 4477 3079 4516 ac
3126 4461 3412 4525 libidines,
3464 4476 3569 4516 nec

1993 4556 2198 4612 bonam
2249 4556 2502 4627 corporis
2558 4555 2943 4609 habitudinem
3005 4564 3267 4624 praestare
3313 4565 3564 4623 possunt,

1992 4662 2097 4702 nec
2128 4647 2617 4702 animi'scientiam
2660 4646 2829 4700 ullam
2859 4645 3205 4716 ingenerant,
3239 4659 3361 4714 quae
3389 4643 3568 4698 alicu-

1988 4739 2081 4810 jus
2109 4739 2277 4808 pretii
2310 4738 2587 4792 videatur.
2963 4752 2970 4759 '

2068 4830 2286 4901 Theagis
2313 4830 2654 4900 Pythagorei.
2674 4827 2913 4894 ——Quod
2942 4826 3395 4891 involuntarium,
3420 4821 3566 4878 haud

1993 4918 2186 4975 dolore
2213 4928 2478 4989 metuque
2524 4927 2713 4983 caret;
2769 4919 2916 4988 quod
2947 4928 3129 4972 autem
3167 4916 3565 4980 voluntarium,

1996 5014 2336 5082 voluptatem
2365 5026 2429 5066 ac
2460 5012 2706 5066 laetitiam
2730 5012 2990 5066 comitem
3028 5009 3219 5065 habet.

1846 5118 2079 5177 NOTAE.

381 5207 455 5277 (k)
504 5208 747 5282 Ἔπειτα
809 5208 1529 5282 κεχειρωμένουςηηςεείι
1578 5212 1669 5267 hic
1736 5229 1876 5282 aqua

283 5277 471 5349 Gesn.
508 5292 614 5349 nec
639 5277 800 5332 aliter
822 5277 1066 5349 expedit,
1092 5294 1258 5348 quam
1301 5278 1560 5343 dicendo,
1593 5283 1647 5335 in
1695 5277 1877 5338 Grd’ca

286 5347 547 5419 additur,
573 5347 765 5419 ἔπειτα
793 5347 1309 5418 καὶχειρωμένουςο
1361 5365 1463 5404 nos
1497 5351 1659 5419 paulo
1683 5367 1876 5407 emen-

282 5417 491 5488 datius
522 5432 607 5488 ex,
639 5416 775 5488 Ball.
840 5416 1276 5488 κεχειρωμένους
1325 5434 1432 5474 nec
1481 5416 1678 5475 sensus
1741 5423 1881 5476 adeo
1921 5456 1931 5464 -

280 5485 536 5557 arduus.
572 5487 699 5540 Vult
723 5485 1010 5557 nimirum,
1041 5485 1184 5557 quos
1236 5488 1319 5542 sic
1353 5489 1409 5541 in
1439 5489 1704 5543 familiam
1737 5495 1880 5547 asei-

278 5556 457 5612 veris
483 5557 701 5627 sintque
735 5556 860 5611 duri
892 5573 955 5613 ac
983 5556 1291 5628 pervicacis
1334 5558 1561 5630 ingenii,
1599 5562 1692 5617 ubi
1747 5563 1882 5619 edo-

1985 5218 2216 5297 mueris,
2263 5234 2327 5297 ac
2382 5220 2678 5297 tantispen
2708 5219 3019 5297 deﬁnieris,
3077 5226 3207 5297 tunc
3258 5216 3473 5288 placide
3500 5232 3568 5297 ac

1985 5287 2103 5341 sine
2129 5289 2363 5356 strepitu
2389 5287 2749 5344 dimittendos
2779 5305 2919 5343 esse.
2950 5289 3026 5341 Eo
3049 5288 3197 5340 enim
3254 5299 3462 5354 speetat
3485 5287 3566 5349 τὸ,

1987 5359 2445 5436 κεχειρωμένους.
2486 5358 2599 5436 Hoc
2626 5357 3223 5436 sane__philosophu_m,
3250 5368 3310 5410 ut
3356 5373 3469 5436 nec
3513 5356 3565 5412 in

1993 5427 2390 5501 ipso‘discessu
2428 5429 2701 5501 gravioris
2732 5427 2943 5501 aliquid
2978 5428 3246 5482 tumultus
3270 5439 3365 5483 aut
3388 5427 3568 5483 offen-

1992 5497 2164 5552 sionis
2196 5497 2341 5552 domi
2374 5497 2609 5553 accidat.
