  <div class='ocr_page' id='page_1' title='image "/cluster/home/n/w/nwhite01/storage/ocr_20150623/91/hvd.32044052742962/489.png"; bbox 0 0 3994 6172; ppageno 0'>
   <div class='ocr_carea' id='block_1_1' title="bbox 493 234 594 297">
    <p class='ocr_par' dir='ltr' id='par_1_1' title="bbox 493 234 594 297">
     <span class='ocr_line' id='line_1_1' title="bbox 493 234 594 297; baseline -0.02 -1"><span class='ocrx_word' id='word_1_1' title='bbox 493 234 594 297; x_wconf 73' lang='lat'><strong>937</strong></span> 
     </span>
    </p>
   </div>
   <div class='ocr_carea' id='block_1_2' title="bbox 559 326 2136 397">
    <p class='ocr_par' dir='ltr' id='par_1_2' title="bbox 559 326 2136 397">
     <span class='ocr_line' id='line_1_2' title="bbox 559 326 2136 397; baseline -0.015 0"><span class='ocrx_word' id='word_1_2' title='bbox 559 342 644 397; x_wconf 67' lang='lat' dir='ltr'><strong>Ea:</strong></span> <span class='ocrx_word' id='word_1_3' title='bbox 670 337 880 394; x_wconf 68' lang='grc' dir='ltr'>Νῖσοίαὶ</span> <span class='ocrx_word' id='word_1_4' title='bbox 912 334 1255 394; x_wconf 74' lang='lat' dir='ltr'><strong>Collectaneis</strong></span> <span class='ocrx_word' id='word_1_5' title='bbox 1275 332 1335 385; x_wconf 81' lang='lat' dir='ltr'><strong>de</strong></span> <span class='ocrx_word' id='word_1_6' title='bbox 1359 329 1586 384; x_wconf 76' lang='lat' dir='ltr'><strong>moribus</strong></span> <span class='ocrx_word' id='word_1_7' title='bbox 1607 357 1678 366; x_wconf 88' lang='lat'><strong>—-</strong></span> <span class='ocrx_word' id='word_1_8' title='bbox 1697 326 1902 397; x_wconf 88' lang='lat' dir='ltr'><strong>Thyni,</strong></span> <span class='ocrx_word' id='word_1_9' title='bbox 1930 339 2068 377; x_wconf 87' lang='lat' dir='ltr'><strong>nau-</strong></span> <span class='ocrx_word' id='word_1_10' title='bbox 2097 335 2136 380; x_wconf 77' lang='grc' dir='ltr'>Α</span> 
     </span>
    </p>
   </div>
   <div class='ocr_carea' id='block_1_3' title="bbox 492 419 2065 501">
    <p class='ocr_par' dir='ltr' id='par_1_3' title="bbox 492 419 2065 501">
     <span class='ocr_line' id='line_1_3' title="bbox 492 419 2065 501; baseline -0.012 -14"><span class='ocrx_word' id='word_1_11' title='bbox 492 433 675 501; x_wconf 81' lang='lat' dir='ltr'><strong>fragos</strong></span> <span class='ocrx_word' id='word_1_12' title='bbox 712 429 1030 484; x_wconf 82' lang='lat' dir='ltr'><strong>humaniter</strong></span> <span class='ocrx_word' id='word_1_13' title='bbox 1077 425 1466 493; x_wconf 76' lang='lat' dir='ltr'><strong>suscipientes,</strong></span> <span class='ocrx_word' id='word_1_14' title='bbox 1517 419 1626 475; x_wconf 87' lang='lat' dir='ltr'><strong>sibi</strong></span> <span class='ocrx_word' id='word_1_15' title='bbox 1677 419 1888 473; x_wconf 91' lang='lat' dir='ltr'><strong>amicos</strong></span> <span class='ocrx_word' id='word_1_16' title='bbox 1929 432 2065 470; x_wconf 89' lang='lat' dir='ltr'><strong>con-</strong></span> 
     </span>
    </p>
   </div>
   <div class='ocr_carea' id='block_1_4' title="bbox 493 512 2070 589">
    <p class='ocr_par' dir='ltr' id='par_1_4' title="bbox 493 512 2070 589">
     <span class='ocr_line' id='line_1_4' title="bbox 493 512 2070 589; baseline -0.011 -10"><span class='ocrx_word' id='word_1_17' title='bbox 493 526 771 588; x_wconf 87' lang='lat' dir='ltr'><strong>stituunt;</strong></span> <span class='ocrx_word' id='word_1_18' title='bbox 809 520 1060 589; x_wconf 77' lang='lat' dir='ltr'><strong>hOSpites</strong></span> <span class='ocrx_word' id='word_1_19' title='bbox 1089 534 1244 581; x_wconf 90' lang='lat' dir='ltr'><strong>vero,</strong></span> <span class='ocrx_word' id='word_1_20' title='bbox 1286 518 1383 585; x_wconf 86' lang='lat' dir='ltr'><strong>qui</strong></span> <span class='ocrx_word' id='word_1_21' title='bbox 1431 529 1531 568; x_wconf 90' lang='lat' dir='ltr'><strong>sua</strong></span> <span class='ocrx_word' id='word_1_22' title='bbox 1581 512 1866 566; x_wconf 75' lang='lat' dir='ltr'><strong>voluntate</strong></span> <span class='ocrx_word' id='word_1_23' title='bbox 1915 523 2070 564; x_wconf 90' lang='lat' dir='ltr'><strong>acce-</strong></span> 
     </span>
    </p>
   </div>
   <div class='ocr_carea' id='block_1_5' title="bbox 492 599 2070 681">
    <p class='ocr_par' dir='ltr' id='par_1_5' title="bbox 492 599 2070 681">
     <span class='ocr_line' id='line_1_5' title="bbox 492 599 2070 681; baseline -0.009 -13"><span class='ocrx_word' id='word_1_24' title='bbox 492 615 665 674; x_wconf 87' lang='lat' dir='ltr'><strong>dant,</strong></span> <span class='ocrx_word' id='word_1_25' title='bbox 705 611 992 681; x_wconf 74' lang='lat' dir='ltr'><strong>magnifice</strong></span> <span class='ocrx_word' id='word_1_26' title='bbox 1046 609 1240 663; x_wconf 89' lang='lat' dir='ltr'><strong>colunt</strong></span> <span class='ocrx_word' id='word_1_27' title='bbox 1297 605 1462 675; x_wconf 67' lang='lat' dir='ltr'><strong>:‘qui</strong></span> <span class='ocrx_word' id='word_1_28' title='bbox 1520 610 1708 658; x_wconf 90' lang='lat' dir='ltr'><strong>autem</strong></span> <span class='ocrx_word' id='word_1_29' title='bbox 1759 600 1962 665; x_wconf 88' lang='lat' dir='ltr'><strong>inviti,</strong></span> <span class='ocrx_word' id='word_1_30' title='bbox 2001 599 2070 654; x_wconf 90' lang='lat' dir='ltr'><strong>iis</strong></span> 
     </span>
    </p>
   </div>
   <div class='ocr_carea' id='block_1_6' title="bbox 492 704 1021 776">
    <p class='ocr_par' dir='ltr' id='par_1_6' title="bbox 492 704 1021 776">
     <span class='ocr_line' id='line_1_6' title="bbox 492 704 1021 776; baseline -0.021 -12"><span class='ocrx_word' id='word_1_31' title='bbox 492 720 686 776; x_wconf 63' lang='lat' dir='ltr'><strong>poenas</strong></span> <span class='ocrx_word' id='word_1_32' title='bbox 751 704 1021 772; x_wconf 77' lang='lat' dir='ltr'><strong>irrogant.</strong></span> 
     </span>
    </p>
   </div>
   <div class='ocr_carea' id='block_1_7' title="bbox 1075 805 1484 864">
    <p class='ocr_par' dir='ltr' id='par_1_7' title="bbox 1075 805 1484 864">
     <span class='ocr_line' id='line_1_7' title="bbox 1075 805 1484 864; baseline -0.015 0"><span class='ocrx_word' id='word_1_33' title='bbox 1075 805 1308 864; x_wconf 80' lang='lat' dir='ltr'><strong>SERMO</strong></span> <span class='ocrx_word' id='word_1_34' title='bbox 1347 805 1484 860; x_wconf 82' lang='lat' dir='ltr'><strong>LVI.</strong></span> 
     </span>
    </p>
   </div>
   <div class='ocr_carea' id='block_1_8' title="bbox 491 908 2063 998">
    <p class='ocr_par' dir='ltr' id='par_1_8' title="bbox 491 908 2063 998">
     <span class='ocr_line' id='line_1_8' title="bbox 491 908 2063 998; baseline -0.012 -14"><span class='ocrx_word' id='word_1_35' title='bbox 491 928 654 998; x_wconf 76' lang='lat'><strong>662</strong></span> <span class='ocrx_word' id='word_1_36' title='bbox 678 926 754 979; x_wconf 82' lang='lat' dir='ltr'><strong>De</strong></span> <span class='ocrx_word' id='word_1_37' title='bbox 779 925 872 980; x_wconf 81' lang='lat' dir='ltr'><strong>illo</strong></span> <span class='ocrx_word' id='word_1_38' title='bbox 902 908 1041 995; x_wconf 81' lang='lat' dir='ltr'><strong>quod</strong></span> <span class='ocrx_word' id='word_1_39' title='bbox 1061 923 1317 990; x_wconf 86' lang='lat' dir='ltr'><strong>scriptum</strong></span> <span class='ocrx_word' id='word_1_40' title='bbox 1342 924 1458 972; x_wconf 81' lang='lat' dir='ltr'><strong>est:</strong></span> <span class='ocrx_word' id='word_1_41' title='bbox 1491 936 1508 970; x_wconf 82' lang='grc' dir='ltr'>ι</span> <span class='ocrx_word' id='word_1_42' title='bbox 1546 917 1724 971; x_wconf 87' lang='lat' dir='ltr'><strong>Nosce</strong></span> <span class='ocrx_word' id='word_1_43' title='bbox 1752 914 2011 984; x_wconf 89' lang='lat' dir='ltr'><strong>teipsum.</strong></span> <span class='ocrx_word' id='word_1_44' title='bbox 2044 931 2063 964; x_wconf 84' lang='grc'><strong>»</strong></span> 
     </span>
    </p>
   </div>
   <div class='ocr_carea' id='block_1_9' title="bbox 561 1025 2072 1102">
    <p class='ocr_par' dir='ltr' id='par_1_9' title="bbox 561 1025 2072 1102">
     <span class='ocr_line' id='line_1_9' title="bbox 561 1025 2072 1102; baseline -0.009 -9"><span class='ocrx_word' id='word_1_45' title='bbox 561 1044 694 1093; x_wconf 87' lang='lat' dir='ltr'><strong>Luc.</strong></span> <span class='ocrx_word' id='word_1_46' title='bbox 729 1053 803 1102; x_wconf 76' lang='lat' dir='ltr'><strong>v1,</strong></span> <span class='ocrx_word' id='word_1_47' title='bbox 834 1037 926 1090; x_wconf 67' lang='grc'><strong>41.</strong></span> <span class='ocrx_word' id='word_1_48' title='bbox 972 1063 1058 1074; x_wconf 77' lang='grc' dir='ltr'><strong>-ο</strong></span> <span class='ocrx_word' id='word_1_49' title='bbox 1092 1032 1232 1100; x_wconf 85' lang='lat' dir='ltr'><strong>Quid</strong></span> <span class='ocrx_word' id='word_1_50' title='bbox 1273 1030 1432 1086; x_wconf 80' lang='lat' dir='ltr'><strong>vides</strong></span> <span class='ocrx_word' id='word_1_51' title='bbox 1484 1029 1753 1084; x_wconf 80' lang='lat' dir='ltr'><strong>festucam</strong></span> <span class='ocrx_word' id='word_1_52' title='bbox 1806 1028 1865 1080; x_wconf 90' lang='lat' dir='ltr'><strong>in</strong></span> <span class='ocrx_word' id='word_1_53' title='bbox 1911 1025 2072 1081; x_wconf 92' lang='lat' dir='ltr'><strong>oculo</strong></span> 
     </span>
    </p>
   </div>
   <div class='ocr_carea' id='block_1_10' title="bbox 492 1121 2069 1194">
    <p class='ocr_par' dir='ltr' id='par_1_10' title="bbox 492 1121 2069 1194">
     <span class='ocr_line' id='line_1_10' title="bbox 492 1121 2069 1194; baseline -0.009 -9"><span class='ocrx_word' id='word_1_54' title='bbox 492 1131 682 1186; x_wconf 79' lang='lat' dir='ltr'><strong>fratris</strong></span> <span class='ocrx_word' id='word_1_55' title='bbox 721 1129 840 1194; x_wconf 88' lang='lat' dir='ltr'><strong>tui;</strong></span> <span class='ocrx_word' id='word_1_56' title='bbox 875 1127 1090 1180; x_wconf 89' lang='lat' dir='ltr'><strong>trabem</strong></span> <span class='ocrx_word' id='word_1_57' title='bbox 1127 1133 1334 1188; x_wconf 90' lang='lat' dir='ltr'><strong>autem,</strong></span> <span class='ocrx_word' id='word_1_58' title='bbox 1385 1137 1513 1191; x_wconf 66' lang='lat' dir='ltr'><strong>qua)</strong></span> <span class='ocrx_word' id='word_1_59' title='bbox 1539 1121 1594 1175; x_wconf 90' lang='lat' dir='ltr'><strong>in</strong></span> <span class='ocrx_word' id='word_1_60' title='bbox 1637 1121 1799 1174; x_wconf 92' lang='lat' dir='ltr'><strong>oculo</strong></span> <span class='ocrx_word' id='word_1_61' title='bbox 1831 1126 1927 1173; x_wconf 93' lang='lat' dir='ltr'><strong>tuo</strong></span> <span class='ocrx_word' id='word_1_62' title='bbox 1952 1125 2069 1183; x_wconf 86' lang='lat' dir='ltr'><strong>est,</strong></span> 
     </span>
    </p>
   </div>
   <div class='ocr_carea' id='block_1_11' title="bbox 491 1217 1012 1276">
    <p class='ocr_par' dir='ltr' id='par_1_11' title="bbox 491 1217 1012 1276">
     <span class='ocr_line' id='line_1_11' title="bbox 491 1217 1012 1276; baseline -0.012 0"><span class='ocrx_word' id='word_1_63' title='bbox 491 1238 606 1276; x_wconf 88' lang='lat' dir='ltr'><strong>non</strong></span> <span class='ocrx_word' id='word_1_64' title='bbox 639 1219 962 1276; x_wconf 78' lang='lat' dir='ltr'><strong>consideras</strong></span> <span class='ocrx_word' id='word_1_65' title='bbox 988 1217 1012 1270; x_wconf 88' lang='lat'><strong>?</strong></span> 
     </span>
    </p>
   </div>
   <div class='ocr_carea' id='block_1_12' title="bbox 565 1301 2071 1375">
    <p class='ocr_par' dir='ltr' id='par_1_12' title="bbox 565 1301 2071 1375">
     <span class='ocr_line' id='line_1_12' title="bbox 565 1301 2071 1375; baseline -0.008 -10"><span class='ocrx_word' id='word_1_66' title='bbox 565 1311 718 1365; x_wconf 86' lang='lat' dir='ltr'><strong>Rom.</strong></span> <span class='ocrx_word' id='word_1_67' title='bbox 745 1325 853 1374; x_wconf 79' lang='lat' dir='ltr'><strong>xw,</strong></span> <span class='ocrx_word' id='word_1_68' title='bbox 884 1309 936 1362; x_wconf 72' lang='grc'>4.</span> <span class='ocrx_word' id='word_1_69' title='bbox 964 1307 1135 1361; x_wconf 90' lang='lat' dir='ltr'><strong>—-Tu</strong></span> <span class='ocrx_word' id='word_1_70' title='bbox 1169 1307 1294 1375; x_wconf 89' lang='lat' dir='ltr'><strong>quis</strong></span> <span class='ocrx_word' id='word_1_71' title='bbox 1320 1320 1403 1370; x_wconf 90' lang='lat' dir='ltr'><strong>es,</strong></span> <span class='ocrx_word' id='word_1_72' title='bbox 1440 1303 1535 1374; x_wconf 91' lang='lat' dir='ltr'><strong>qui</strong></span> <span class='ocrx_word' id='word_1_73' title='bbox 1571 1303 1794 1375; x_wconf 88' lang='lat' dir='ltr'><strong>judicas</strong></span> <span class='ocrx_word' id='word_1_74' title='bbox 1825 1301 2071 1356; x_wconf 88' lang='lat' dir='ltr'><strong>alienum</strong></span> 
     </span>
    </p>
   </div>
   <div class='ocr_carea' id='block_1_13' title="bbox 491 1389 2068 1461">
    <p class='ocr_par' dir='ltr' id='par_1_13' title="bbox 491 1389 2068 1461">
     <span class='ocr_line' id='line_1_13' title="bbox 491 1389 2068 1461; baseline -0.008 -5"><span class='ocrx_word' id='word_1_75' title='bbox 491 1417 713 1457; x_wconf 87' lang='lat' dir='ltr'><strong>servum</strong></span> <span class='ocrx_word' id='word_1_76' title='bbox 736 1402 759 1454; x_wconf 88' lang='lat'><strong>?</strong></span> <span class='ocrx_word' id='word_1_77' title='bbox 780 1400 1008 1454; x_wconf 89' lang='lat' dir='ltr'><strong>domino</strong></span> <span class='ocrx_word' id='word_1_78' title='bbox 1039 1414 1140 1452; x_wconf 92' lang='lat' dir='ltr'><strong>suo</strong></span> <span class='ocrx_word' id='word_1_79' title='bbox 1161 1405 1290 1461; x_wconf 88' lang='lat' dir='ltr'><strong>stat,</strong></span> <span class='ocrx_word' id='word_1_80' title='bbox 1326 1396 1616 1461; x_wconf 88' lang='lat' dir='ltr'><strong>autcadit;</strong></span> <span class='ocrx_word' id='word_1_81' title='bbox 1648 1393 1818 1449; x_wconf 85' lang='lat' dir='ltr'><strong>stabit</strong></span> <span class='ocrx_word' id='word_1_82' title='bbox 1847 1389 2068 1447; x_wconf 83' lang='lat' dir='ltr'><strong>autem:</strong></span> 
     </span>
    </p>
   </div>
   <div class='ocr_carea' id='block_1_14' title="bbox 492 1485 1660 1568">
    <p class='ocr_par' dir='ltr' id='par_1_14' title="bbox 492 1485 1660 1568">
     <span class='ocr_line' id='line_1_14' title="bbox 492 1485 1660 1568; baseline -0.011 -17"><span class='ocrx_word' id='word_1_83' title='bbox 492 1505 692 1568; x_wconf 88' lang='lat' dir='ltr'><strong>potens</strong></span> <span class='ocrx_word' id='word_1_84' title='bbox 722 1492 870 1548; x_wconf 88' lang='lat' dir='ltr'><strong>enim</strong></span> <span class='ocrx_word' id='word_1_85' title='bbox 901 1500 986 1545; x_wconf 91' lang='lat' dir='ltr'><strong>est</strong></span> <span class='ocrx_word' id='word_1_86' title='bbox 1020 1491 1167 1544; x_wconf 87' lang='lat' dir='ltr'><strong>Deus</strong></span> <span class='ocrx_word' id='word_1_87' title='bbox 1198 1495 1449 1542; x_wconf 87' lang='lat' dir='ltr'><strong>statuere</strong></span> <span class='ocrx_word' id='word_1_88' title='bbox 1483 1485 1660 1538; x_wconf 91' lang='lat' dir='ltr'><strong>illum.</strong></span> 
     </span>
    </p>
   </div>
   <div class='ocr_carea' id='block_1_15' title="bbox 557 1575 2072 1650">
    <p class='ocr_par' dir='ltr' id='par_1_15' title="bbox 557 1575 2072 1650">
     <span class='ocr_line' id='line_1_15' title="bbox 557 1575 2072 1650; baseline -0.007 -10"><span class='ocrx_word' id='word_1_89' title='bbox 557 1585 733 1642; x_wconf 86' lang='lat' dir='ltr'><strong>Eccle.</strong></span> <span class='ocrx_word' id='word_1_90' title='bbox 762 1600 834 1650; x_wconf 69' lang='grc' dir='ltr'>ιι,</span> <span class='ocrx_word' id='word_1_91' title='bbox 865 1583 918 1637; x_wconf 93' lang='grc'><strong>9.</strong></span> <span class='ocrx_word' id='word_1_92' title='bbox 950 1612 1023 1622; x_wconf 92' lang='grc'><strong><em>--</em></strong></span> <span class='ocrx_word' id='word_1_93' title='bbox 1056 1580 1290 1636; x_wconf 83' lang='lat' dir='ltr'><strong>Ambula</strong></span> <span class='ocrx_word' id='word_1_94' title='bbox 1312 1579 1370 1633; x_wconf 90' lang='lat' dir='ltr'><strong>in</strong></span> <span class='ocrx_word' id='word_1_95' title='bbox 1402 1576 1508 1632; x_wconf 86' lang='lat' dir='ltr'><strong>viis</strong></span> <span class='ocrx_word' id='word_1_96' title='bbox 1539 1575 1732 1632; x_wconf 88' lang='lat' dir='ltr'><strong>cordis</strong></span> <span class='ocrx_word' id='word_1_97' title='bbox 1756 1577 1837 1629; x_wconf 87' lang='lat' dir='ltr'><strong>tui</strong></span> <span class='ocrx_word' id='word_1_98' title='bbox 1872 1576 2072 1630; x_wconf 89' lang='lat' dir='ltr'><strong>imma-</strong></span> 
     </span>
    </p>
   </div>
   <div class='ocr_carea' id='block_1_16' title="bbox 493 1663 2074 1737">
    <p class='ocr_par' dir='ltr' id='par_1_16' title="bbox 493 1663 2074 1737">
     <span class='ocr_line' id='line_1_16' title="bbox 493 1663 2074 1737; baseline -0.006 -10"><span class='ocrx_word' id='word_1_99' title='bbox 493 1673 730 1736; x_wconf 89' lang='lat' dir='ltr'><strong>culatus,</strong></span> <span class='ocrx_word' id='word_1_100' title='bbox 792 1681 849 1725; x_wconf 91' lang='lat' dir='ltr'><strong>et</strong></span> <span class='ocrx_word' id='word_1_101' title='bbox 875 1684 1041 1724; x_wconf 88' lang='lat' dir='ltr'><strong>nosce</strong></span> <span class='ocrx_word' id='word_1_102' title='bbox 1073 1668 1342 1737; x_wconf 90' lang='lat' dir='ltr'><strong>teipsum;</strong></span> <span class='ocrx_word' id='word_1_103' title='bbox 1396 1665 1527 1735; x_wconf 83' lang='lat' dir='ltr'><strong>quia</strong></span> <span class='ocrx_word' id='word_1_104' title='bbox 1574 1663 1630 1718; x_wconf 90' lang='lat' dir='ltr'><strong>in</strong></span> <span class='ocrx_word' id='word_1_105' title='bbox 1669 1665 1932 1720; x_wconf 79' lang='lat' dir='ltr'><strong>omnibus</strong></span> <span class='ocrx_word' id='word_1_106' title='bbox 1985 1663 2074 1718; x_wconf 87' lang='lat' dir='ltr'><strong>his</strong></span> 
     </span>
    </p>
   </div>
   <div class='ocr_carea' id='block_1_17' title="bbox 493 1761 1318 1833">
    <p class='ocr_par' dir='ltr' id='par_1_17' title="bbox 493 1761 1318 1833">
     <span class='ocr_line' id='line_1_17' title="bbox 493 1761 1318 1833; baseline -0.011 -12"><span class='ocrx_word' id='word_1_107' title='bbox 493 1765 662 1821; x_wconf 88' lang='lat' dir='ltr'><strong>ducet</strong></span> <span class='ocrx_word' id='word_1_108' title='bbox 687 1774 739 1819; x_wconf 92' lang='lat' dir='ltr'><strong>te</strong></span> <span class='ocrx_word' id='word_1_109' title='bbox 767 1764 915 1818; x_wconf 90' lang='lat' dir='ltr'><strong>Deus</strong></span> <span class='ocrx_word' id='word_1_110' title='bbox 945 1763 999 1817; x_wconf 93' lang='lat' dir='ltr'><strong>in</strong></span> <span class='ocrx_word' id='word_1_111' title='bbox 1019 1761 1318 1833; x_wconf 84' lang='lat' dir='ltr'><strong>judicium.</strong></span> 
     </span>
    </p>
   </div>
   <div class='ocr_carea' id='block_1_18' title="bbox 564 1850 2172 1942">
    <p class='ocr_par' dir='ltr' id='par_1_18' title="bbox 564 1850 2172 1942">
     <span class='ocr_line' id='line_1_18' title="bbox 564 1850 2172 1942; baseline -0.009 -10"><span class='ocrx_word' id='word_1_112' title='bbox 564 1878 722 1932; x_wconf 84' lang='lat' dir='ltr'><strong>Prov.</strong></span> <span class='ocrx_word' id='word_1_113' title='bbox 755 1893 868 1940; x_wconf 81' lang='lat' dir='ltr'><strong>xm,</strong></span> <span class='ocrx_word' id='word_1_114' title='bbox 898 1877 986 1930; x_wconf 80' lang='grc'><strong>10.</strong></span> <span class='ocrx_word' id='word_1_115' title='bbox 1009 1907 1080 1914; x_wconf 92' lang='grc'><strong><em>-</em></strong></span> <span class='ocrx_word' id='word_1_116' title='bbox 1109 1874 1215 1941; x_wconf 84' lang='lat' dir='ltr'><strong>Qui</strong></span> <span class='ocrx_word' id='word_1_117' title='bbox 1256 1872 1360 1942; x_wconf 87' lang='lat' dir='ltr'><strong>ipsi</strong></span> <span class='ocrx_word' id='word_1_118' title='bbox 1386 1871 1602 1940; x_wconf 90' lang='lat' dir='ltr'><strong>seipsos</strong></span> <span class='ocrx_word' id='word_1_119' title='bbox 1648 1850 1953 1940; x_wconf 70' lang='lat' dir='ltr'><strong>agnoscunt</strong></span> <span class='ocrx_word' id='word_1_120' title='bbox 1991 1884 2079 1925; x_wconf 84' lang='lat' dir='ltr'><strong>sa-</strong></span> <span class='ocrx_word' id='word_1_121' title='bbox 2167 1915 2172 1918; x_wconf 89' lang='lat'><strong>.</strong></span> 
     </span>
    </p>
   </div>
   <div class='ocr_carea' id='block_1_19' title="bbox 495 1970 901 2039">
    <p class='ocr_par' dir='ltr' id='par_1_19' title="bbox 495 1970 901 2039">
     <span class='ocr_line' id='line_1_19' title="bbox 495 1970 901 2039; baseline -0.002 -16"><span class='ocrx_word' id='word_1_122' title='bbox 495 1970 715 2039; x_wconf 83' lang='lat' dir='ltr'><strong>pientes</strong></span> <span class='ocrx_word' id='word_1_123' title='bbox 752 1976 901 2022; x_wconf 91' lang='lat' dir='ltr'><strong>sunt.</strong></span> 
     </span>
    </p>
   </div>
   <div class='ocr_carea' id='block_1_20' title="bbox 566 2047 2078 2121">
    <p class='ocr_par' dir='ltr' id='par_1_20' title="bbox 566 2047 2078 2121">
     <span class='ocr_line' id='line_1_20' title="bbox 566 2047 2078 2121; baseline -0.006 -8"><span class='ocrx_word' id='word_1_124' title='bbox 566 2058 733 2113; x_wconf 81' lang='lat' dir='ltr'><strong>Eccli.</strong></span> <span class='ocrx_word' id='word_1_125' title='bbox 767 2073 879 2121; x_wconf 80' lang='lat' dir='ltr'><strong>xui,</strong></span> <span class='ocrx_word' id='word_1_126' title='bbox 942 2057 1029 2110; x_wconf 80' lang='grc'><strong>16.</strong></span> <span class='ocrx_word' id='word_1_127' title='bbox 1083 2086 1156 2095; x_wconf 89' lang='grc'><strong><em>-</em></strong></span> <span class='ocrx_word' id='word_1_128' title='bbox 1201 2054 1368 2118; x_wconf 85' lang='lat' dir='ltr'><strong>Cave,</strong></span> <span class='ocrx_word' id='word_1_129' title='bbox 1404 2060 1462 2106; x_wconf 91' lang='lat' dir='ltr'><strong>et</strong></span> <span class='ocrx_word' id='word_1_130' title='bbox 1499 2050 1722 2105; x_wconf 88' lang='lat' dir='ltr'><strong>attende</strong></span> <span class='ocrx_word' id='word_1_131' title='bbox 1771 2047 2078 2121; x_wconf 77' lang='lat' dir='ltr'><strong>diligenter</strong></span> 
     </span>
    </p>
   </div>
   <div class='ocr_carea' id='block_1_21' title="bbox 493 2141 2075 2220">
    <p class='ocr_par' dir='ltr' id='par_1_21' title="bbox 493 2141 2075 2220">
     <span class='ocr_line' id='line_1_21' title="bbox 493 2141 2075 2220; baseline -0.007 -14"><span class='ocrx_word' id='word_1_132' title='bbox 493 2151 624 2220; x_wconf 85' lang='lat' dir='ltr'><strong>quia</strong></span> <span class='ocrx_word' id='word_1_133' title='bbox 656 2164 784 2204; x_wconf 87' lang='lat' dir='ltr'><strong>cum</strong></span> <span class='ocrx_word' id='word_1_134' title='bbox 816 2163 947 2202; x_wconf 90' lang='lat' dir='ltr'><strong>casu</strong></span> <span class='ocrx_word' id='word_1_135' title='bbox 999 2157 1095 2202; x_wconf 91' lang='lat' dir='ltr'><strong>tuo</strong></span> <span class='ocrx_word' id='word_1_136' title='bbox 1146 2145 1348 2218; x_wconf 89' lang='lat' dir='ltr'><strong>(morte</strong></span> <span class='ocrx_word' id='word_1_137' title='bbox 1402 2141 1618 2198; x_wconf 87' lang='lat' dir='ltr'><strong>scilicet</strong></span> <span class='ocrx_word' id='word_1_138' title='bbox 1670 2141 1896 2211; x_wconf 89' lang='lat' dir='ltr'><strong>comite)</strong></span> <span class='ocrx_word' id='word_1_139' title='bbox 1955 2156 2075 2195; x_wconf 90' lang='lat' dir='ltr'><strong>am-</strong></span> 
     </span>
    </p>
   </div>
   <div class='ocr_carea' id='block_1_22' title="bbox 494 2243 672 2298">
    <p class='ocr_par' dir='ltr' id='par_1_22' title="bbox 494 2243 672 2298">
     <span class='ocr_line' id='line_1_22' title="bbox 494 2243 672 2298; baseline -0.006 0"><span class='ocrx_word' id='word_1_140' title='bbox 494 2243 672 2298; x_wconf 84' lang='lat' dir='ltr'><strong>bulas.</strong></span> 
     </span>
    </p>
   </div>
   <div class='ocr_carea' id='block_1_23' title="bbox 562 2323 2131 2402">
    <p class='ocr_par' dir='ltr' id='par_1_23' title="bbox 562 2323 2131 2402">
     <span class='ocr_line' id='line_1_23' title="bbox 562 2323 2131 2402; baseline -0.008 -13"><span class='ocrx_word' id='word_1_141' title='bbox 562 2333 774 2389; x_wconf 77' lang='lat' dir='ltr'><strong>Basilii.</strong></span> <span class='ocrx_word' id='word_1_142' title='bbox 804 2333 1171 2386; x_wconf 83' lang='lat' dir='ltr'><strong>——Accurata</strong></span> <span class='ocrx_word' id='word_1_143' title='bbox 1217 2330 1299 2386; x_wconf 86' lang='lat' dir='ltr'><strong>tui</strong></span> <span class='ocrx_word' id='word_1_144' title='bbox 1345 2329 1610 2402; x_wconf 79' lang='lat' dir='ltr'><strong>cognitio,</strong></span> <span class='ocrx_word' id='word_1_145' title='bbox 1651 2333 1920 2398; x_wconf 89' lang='lat' dir='ltr'><strong>quantum</strong></span> <span class='ocrx_word' id='word_1_146' title='bbox 1957 2323 2076 2379; x_wconf 85' lang='lat' dir='ltr'><strong>suf-</strong></span> <span class='ocrx_word' id='word_1_147' title='bbox 2127 2366 2131 2369; x_wconf 90' lang='lat'><strong>.</strong></span> 
     </span>
    </p>
   </div>
   <div class='ocr_carea' id='block_1_24' title="bbox 494 2418 2075 2494">
    <p class='ocr_par' dir='ltr' id='par_1_24' title="bbox 494 2418 2075 2494">
     <span class='ocr_line' id='line_1_24' title="bbox 494 2418 2075 2494; baseline -0.007 -11"><span class='ocrx_word' id='word_1_148' title='bbox 494 2426 644 2483; x_wconf 81' lang='lat' dir='ltr'><strong>ﬁciat</strong></span> <span class='ocrx_word' id='word_1_149' title='bbox 677 2425 777 2480; x_wconf 91' lang='lat' dir='ltr'><strong>tibi</strong></span> <span class='ocrx_word' id='word_1_150' title='bbox 808 2425 1071 2480; x_wconf 88' lang='lat' dir='ltr'><strong>viaticum</strong></span> <span class='ocrx_word' id='word_1_151' title='bbox 1106 2423 1416 2494; x_wconf 82' lang='lat' dir='ltr'><strong>praebebit,</strong></span> <span class='ocrx_word' id='word_1_152' title='bbox 1454 2433 1518 2478; x_wconf 90' lang='lat' dir='ltr'><strong>ut</strong></span> <span class='ocrx_word' id='word_1_153' title='bbox 1540 2423 1608 2478; x_wconf 91' lang='lat' dir='ltr'><strong>ad</strong></span> <span class='ocrx_word' id='word_1_154' title='bbox 1639 2422 1738 2477; x_wconf 90' lang='lat' dir='ltr'><strong>Dei</strong></span> <span class='ocrx_word' id='word_1_155' title='bbox 1771 2418 2075 2475; x_wconf 88' lang='lat' dir='ltr'><strong>adducaris</strong></span> 
     </span>
    </p>
   </div>
   <div class='ocr_carea' id='block_1_25' title="bbox 496 2516 952 2587">
    <p class='ocr_par' dir='ltr' id='par_1_25' title="bbox 496 2516 952 2587">
     <span class='ocr_line' id='line_1_25' title="bbox 496 2516 952 2587; baseline -0.004 -16"><span class='ocrx_word' id='word_1_156' title='bbox 496 2516 952 2587; x_wconf 79' lang='lat' dir='ltr'><strong>intelligentiam.</strong></span> 
     </span>
    </p>
   </div>
   <div class='ocr_carea' id='block_1_26' title="bbox 563 2595 2073 2671">
    <p class='ocr_par' dir='ltr' id='par_1_26' title="bbox 563 2595 2073 2671">
     <span class='ocr_line' id='line_1_26' title="bbox 563 2595 2073 2671; baseline -0.007 -12"><span class='ocrx_word' id='word_1_157' title='bbox 563 2605 785 2660; x_wconf 80' lang='lat' dir='ltr'><strong>Naturae</strong></span> <span class='ocrx_word' id='word_1_158' title='bbox 813 2604 859 2658; x_wconf 88' lang='lat' dir='ltr'><strong>si</strong></span> <span class='ocrx_word' id='word_1_159' title='bbox 886 2601 1227 2665; x_wconf 90' lang='lat' dir='ltr'><strong>memineris,</strong></span> <span class='ocrx_word' id='word_1_160' title='bbox 1257 2614 1542 2671; x_wconf 86' lang='lat' dir='ltr'><strong>nunquam</strong></span> <span class='ocrx_word' id='word_1_161' title='bbox 1568 2599 1715 2654; x_wconf 87' lang='lat' dir='ltr'><strong>fastu</strong></span> <span class='ocrx_word' id='word_1_162' title='bbox 1745 2595 2073 2660; x_wconf 87' lang='lat' dir='ltr'><strong>extolleris;</strong></span> 
     </span>
    </p>
   </div>
   <div class='ocr_carea' id='block_1_27' title="bbox 496 2688 2002 2759">
    <p class='ocr_par' dir='ltr' id='par_1_27' title="bbox 496 2688 2002 2759">
     <span class='ocr_line' id='line_1_27' title="bbox 496 2688 2002 2759; baseline -0.005 -11"><span class='ocrx_word' id='word_1_163' title='bbox 496 2695 647 2748; x_wconf 90' lang='lat' dir='ltr'><strong>illius</strong></span> <span class='ocrx_word' id='word_1_164' title='bbox 677 2703 862 2748; x_wconf 88' lang='lat' dir='ltr'><strong>autem</strong></span> <span class='ocrx_word' id='word_1_165' title='bbox 899 2706 1112 2745; x_wconf 88' lang='lat' dir='ltr'><strong>memor</strong></span> <span class='ocrx_word' id='word_1_166' title='bbox 1141 2692 1276 2756; x_wconf 88' lang='lat' dir='ltr'><strong>eris,</strong></span> <span class='ocrx_word' id='word_1_167' title='bbox 1303 2691 1350 2745; x_wconf 89' lang='lat' dir='ltr'><strong>si</strong></span> <span class='ocrx_word' id='word_1_168' title='bbox 1384 2689 1486 2746; x_wconf 88' lang='lat' dir='ltr'><strong>tibi</strong></span> <span class='ocrx_word' id='word_1_169' title='bbox 1517 2691 1636 2759; x_wconf 62' lang='lat' dir='ltr'><strong>ipse</strong></span> <span class='ocrx_word' id='word_1_170' title='bbox 1668 2688 2002 2744; x_wconf 89' lang='lat' dir='ltr'><strong>attenderis.</strong></span> 
     </span>
    </p>
   </div>
   <div class='ocr_carea' id='block_1_28' title="bbox 565 2776 2078 2853">
    <p class='ocr_par' dir='ltr' id='par_1_28' title="bbox 565 2776 2078 2853">
     <span class='ocr_line' id='line_1_28' title="bbox 565 2776 2078 2853; baseline -0.006 -14"><span class='ocrx_word' id='word_1_171' title='bbox 565 2785 648 2839; x_wconf 89' lang='lat' dir='ltr'><strong>Tu</strong></span> <span class='ocrx_word' id='word_1_172' title='bbox 684 2785 822 2853; x_wconf 90' lang='lat' dir='ltr'><strong>ipse,</strong></span> <span class='ocrx_word' id='word_1_173' title='bbox 855 2783 1043 2848; x_wconf 88' lang='lat' dir='ltr'><strong>homo,</strong></span> <span class='ocrx_word' id='word_1_174' title='bbox 1073 2782 1180 2836; x_wconf 91' lang='lat' dir='ltr'><strong>hoc</strong></span> <span class='ocrx_word' id='word_1_175' title='bbox 1230 2781 1476 2850; x_wconf 87' lang='lat' dir='ltr'><strong>pateris,</strong></span> <span class='ocrx_word' id='word_1_176' title='bbox 1507 2779 1658 2849; x_wconf 88' lang='lat' dir='ltr'><strong>quod</strong></span> <span class='ocrx_word' id='word_1_177' title='bbox 1706 2778 1868 2834; x_wconf 85' lang='lat' dir='ltr'><strong>alteri</strong></span> <span class='ocrx_word' id='word_1_178' title='bbox 1906 2776 2078 2832; x_wconf 87' lang='lat' dir='ltr'><strong>vertis</strong></span> 
     </span>
    </p>
   </div>
   <div class='ocr_carea' id='block_1_29' title="bbox 497 2868 2074 2941">
    <p class='ocr_par' dir='ltr' id='par_1_29' title="bbox 497 2868 2074 2941">
     <span class='ocr_line' id='line_1_29' title="bbox 497 2868 2074 2941; baseline -0.006 -11"><span class='ocrx_word' id='word_1_179' title='bbox 497 2875 720 2930; x_wconf 86' lang='lat' dir='ltr'><strong>crimini</strong></span> <span class='ocrx_word' id='word_1_180' title='bbox 756 2891 770 2927; x_wconf 87' lang='lat'><strong>:</strong></span> <span class='ocrx_word' id='word_1_181' title='bbox 809 2881 866 2927; x_wconf 89' lang='lat' dir='ltr'><strong>et</strong></span> <span class='ocrx_word' id='word_1_182' title='bbox 903 2872 1147 2926; x_wconf 89' lang='lat' dir='ltr'><strong>alienum</strong></span> <span class='ocrx_word' id='word_1_183' title='bbox 1177 2871 1405 2941; x_wconf 85' lang='lat' dir='ltr'><strong>quidem</strong></span> <span class='ocrx_word' id='word_1_184' title='bbox 1435 2871 1641 2925; x_wconf 90' lang='lat' dir='ltr'><strong>malum</strong></span> <span class='ocrx_word' id='word_1_185' title='bbox 1687 2877 1847 2924; x_wconf 84' lang='lat' dir='ltr'><strong>acute</strong></span> <span class='ocrx_word' id='word_1_186' title='bbox 1896 2868 2074 2932; x_wconf 87' lang='lat' dir='ltr'><strong>vides,</strong></span> 
     </span>
    </p>
   </div>
   <div class='ocr_carea' id='block_1_30' title="bbox 499 2961 1495 3021">
    <p class='ocr_par' dir='ltr' id='par_1_30' title="bbox 499 2961 1495 3021">
     <span class='ocr_line' id='line_1_30' title="bbox 499 2961 1495 3021; baseline -0.007 0"><span class='ocrx_word' id='word_1_187' title='bbox 499 2973 658 3021; x_wconf 86' lang='lat' dir='ltr'><strong>tuum</strong></span> <span class='ocrx_word' id='word_1_188' title='bbox 690 2981 828 3021; x_wconf 86' lang='lat' dir='ltr'><strong>vero</strong></span> <span class='ocrx_word' id='word_1_189' title='bbox 854 2963 1103 3019; x_wconf 89' lang='lat' dir='ltr'><strong>dedecus</strong></span> <span class='ocrx_word' id='word_1_190' title='bbox 1131 2962 1296 3017; x_wconf 89' lang='lat' dir='ltr'><strong>nihili</strong></span> <span class='ocrx_word' id='word_1_191' title='bbox 1333 2961 1495 3016; x_wconf 85' lang='lat' dir='ltr'><strong>facis.</strong></span> 
     </span>
    </p>
   </div>
   <div class='ocr_carea' id='block_1_31' title="bbox 567 3071 2078 3137">
    <p class='ocr_par' dir='ltr' id='par_1_31' title="bbox 567 3071 2078 3137">
     <span class='ocr_line' id='line_1_31' title="bbox 567 3071 2078 3137; baseline -0.007 -2"><span class='ocrx_word' id='word_1_192' title='bbox 567 3078 739 3135; x_wconf 90' lang='lat' dir='ltr'><strong>Plane</strong></span> <span class='ocrx_word' id='word_1_193' title='bbox 764 3077 914 3133; x_wconf 89' lang='lat' dir='ltr'><strong>enim</strong></span> <span class='ocrx_word' id='word_1_194' title='bbox 952 3092 1044 3131; x_wconf 90' lang='lat' dir='ltr'><strong>res</strong></span> <span class='ocrx_word' id='word_1_195' title='bbox 1083 3077 1335 3131; x_wconf 90' lang='lat' dir='ltr'><strong>omnium</strong></span> <span class='ocrx_word' id='word_1_196' title='bbox 1373 3089 1588 3130; x_wconf 89' lang='lat' dir='ltr'><strong>summe</strong></span> <span class='ocrx_word' id='word_1_197' title='bbox 1631 3073 1802 3128; x_wconf 90' lang='lat' dir='ltr'><strong>ardua</strong></span> <span class='ocrx_word' id='word_1_198' title='bbox 1835 3071 2078 3137; x_wconf 86' lang='lat' dir='ltr'><strong>videtur,</strong></span> 
     </span>
    </p>
   </div>
   <div class='ocr_carea' id='block_1_32' title="bbox 497 3163 2083 3245">
    <p class='ocr_par' dir='ltr' id='par_1_32' title="bbox 497 3163 2083 3245">
     <span class='ocr_line' id='line_1_32' title="bbox 497 3163 2083 3245; baseline -0.007 -19"><span class='ocrx_word' id='word_1_199' title='bbox 497 3184 664 3245; x_wconf 87' lang='lat' dir='ltr'><strong>nosse</strong></span> <span class='ocrx_word' id='word_1_200' title='bbox 709 3169 974 3237; x_wconf 88' lang='lat' dir='ltr'><strong>seipsum.</strong></span> <span class='ocrx_word' id='word_1_201' title='bbox 1003 3165 1125 3220; x_wconf 89' lang='lat' dir='ltr'><strong>Non</strong></span> <span class='ocrx_word' id='word_1_202' title='bbox 1157 3165 1307 3220; x_wconf 91' lang='lat' dir='ltr'><strong>enim</strong></span> <span class='ocrx_word' id='word_1_203' title='bbox 1354 3164 1510 3218; x_wconf 88' lang='lat' dir='ltr'><strong>solus</strong></span> <span class='ocrx_word' id='word_1_204' title='bbox 1563 3164 1782 3229; x_wconf 90' lang='lat' dir='ltr'><strong>oculus,</strong></span> <span class='ocrx_word' id='word_1_205' title='bbox 1841 3163 1937 3232; x_wconf 91' lang='lat' dir='ltr'><strong>qui</strong></span> <span class='ocrx_word' id='word_1_206' title='bbox 1992 3177 2083 3216; x_wconf 89' lang='lat' dir='ltr'><strong>res</strong></span> 
     </span>
    </p>
   </div>
   <div class='ocr_carea' id='block_1_33' title="bbox 498 3252 2084 3325">
    <p class='ocr_par' dir='ltr' id='par_1_33' title="bbox 498 3252 2084 3325">
     <span class='ocr_line' id='line_1_33' title="bbox 498 3252 2084 3325; baseline -0.004 -12"><span class='ocrx_word' id='word_1_207' title='bbox 498 3267 656 3314; x_wconf 82' lang='lat' dir='ltr'><strong>extra</strong></span> <span class='ocrx_word' id='word_1_208' title='bbox 682 3257 889 3319; x_wconf 86' lang='lat' dir='ltr'><strong>videat,</strong></span> <span class='ocrx_word' id='word_1_209' title='bbox 922 3256 1040 3325; x_wconf 90' lang='lat' dir='ltr'><strong>ipse</strong></span> <span class='ocrx_word' id='word_1_210' title='bbox 1069 3252 1454 3324; x_wconf 81' lang='lat' dir='ltr'><strong>seipsum&#39;non</strong></span> <span class='ocrx_word' id='word_1_211' title='bbox 1471 3252 1684 3319; x_wconf 90' lang='lat' dir='ltr'><strong>cernit;</strong></span> <span class='ocrx_word' id='word_1_212' title='bbox 1720 3252 1817 3308; x_wconf 92' lang='lat' dir='ltr'><strong>sed</strong></span> <span class='ocrx_word' id='word_1_213' title='bbox 1843 3260 1900 3307; x_wconf 92' lang='lat' dir='ltr'><strong>et</strong></span> <span class='ocrx_word' id='word_1_214' title='bbox 1925 3265 2084 3306; x_wconf 88' lang='lat' dir='ltr'><strong>mens</strong></span> 
     </span>
    </p>
   </div>
   <div class='ocr_carea' id='block_1_34' title="bbox 501 3343 2084 3412">
    <p class='ocr_par' dir='ltr' id='par_1_34' title="bbox 501 3343 2084 3412">
     <span class='ocr_line' id='line_1_34' title="bbox 501 3343 2084 3412; baseline -0.004 -7"><span class='ocrx_word' id='word_1_215' title='bbox 501 3359 692 3406; x_wconf 90' lang='lat' dir='ltr'><strong>nostra</strong></span> <span class='ocrx_word' id='word_1_216' title='bbox 718 3355 880 3403; x_wconf 88' lang='lat' dir='ltr'><strong>acute</strong></span> <span class='ocrx_word' id='word_1_217' title='bbox 905 3347 1084 3402; x_wconf 90' lang='lat' dir='ltr'><strong>aliena</strong></span> <span class='ocrx_word' id='word_1_218' title='bbox 1111 3355 1296 3402; x_wconf 90' lang='lat' dir='ltr'><strong>errata</strong></span> <span class='ocrx_word' id='word_1_219' title='bbox 1330 3345 1635 3412; x_wconf 89' lang='lat' dir='ltr'><strong>videns,ad</strong></span> <span class='ocrx_word' id='word_1_220' title='bbox 1666 3360 1899 3401; x_wconf 89' lang='lat' dir='ltr'><strong>suorum</strong></span> <span class='ocrx_word' id='word_1_221' title='bbox 1927 3343 2084 3399; x_wconf 88' lang='lat' dir='ltr'><strong>tarda</strong></span> 
     </span>
    </p>
   </div>
   <div class='ocr_carea' id='block_1_35' title="bbox 500 3435 1155 3512">
    <p class='ocr_par' dir='ltr' id='par_1_35' title="bbox 500 3435 1155 3512">
     <span class='ocr_line' id='line_1_35' title="bbox 500 3435 1155 3512; baseline -0.012 -16"><span class='ocrx_word' id='word_1_222' title='bbox 500 3437 882 3512; x_wconf 80' lang='lat' dir='ltr'><strong>cognitionem</strong></span> <span class='ocrx_word' id='word_1_223' title='bbox 909 3435 1155 3492; x_wconf 82' lang='lat' dir='ltr'><strong>exsistit.</strong></span> 
     </span>
    </p>
   </div>
   <div class='ocr_carea' id='block_1_36' title="bbox 1136 3630 1404 3704">
    <p class='ocr_par' dir='ltr' id='par_1_36' title="bbox 1136 3630 1404 3704">
     <span class='ocr_line' id='line_1_36' title="bbox 1136 3630 1404 3704; baseline -0.011 -16"><span class='ocrx_word' id='word_1_224' title='bbox 1136 3630 1404 3704; x_wconf 78' lang='lat' dir='ltr'><strong>Theologi.</strong></span> 
     </span>
    </p>
   </div>
   <div class='ocr_carea' id='block_1_37' title="bbox 502 3734 1764 3808">
    <p class='ocr_par' dir='ltr' id='par_1_37' title="bbox 502 3734 1764 3808">
     <span class='ocr_line' id='line_1_37' title="bbox 502 3734 1764 3808; baseline -0.004 -15"><span class='ocrx_word' id='word_1_225' title='bbox 502 3738 754 3793; x_wconf 80' lang='lat' dir='ltr'><strong>Scrutare</strong></span> <span class='ocrx_word' id='word_1_226' title='bbox 786 3737 1008 3806; x_wconf 79' lang='lat' dir='ltr'><strong>teipsum</strong></span> <span class='ocrx_word' id='word_1_227' title='bbox 1041 3738 1212 3808; x_wconf 80' lang='lat' dir='ltr'><strong>magis</strong></span> <span class='ocrx_word' id='word_1_228' title='bbox 1259 3751 1420 3808; x_wconf 82' lang='lat' dir='ltr'><strong>quam</strong></span> <span class='ocrx_word' id='word_1_229' title='bbox 1459 3734 1764 3808; x_wconf 69' lang='lat' dir='ltr'><strong>proximos;</strong></span> 
     </span>
    </p>
   </div>
   <div class='ocr_carea' id='block_1_38' title="bbox 507 3803 1572 3877">
    <p class='ocr_par' dir='ltr' id='par_1_38' title="bbox 507 3803 1572 3877">
     <span class='ocr_line' id='line_1_38' title="bbox 507 3803 1572 3877; baseline -0.007 -15"><span class='ocrx_word' id='word_1_230' title='bbox 507 3810 606 3863; x_wconf 85' lang='lat' dir='ltr'><strong>Illo</strong></span> <span class='ocrx_word' id='word_1_231' title='bbox 631 3812 769 3863; x_wconf 87' lang='lat' dir='ltr'><strong>enim</strong></span> <span class='ocrx_word' id='word_1_232' title='bbox 791 3803 1034 3877; x_wconf 80' lang='lat' dir='ltr'><strong>teipsum,</strong></span> <span class='ocrx_word' id='word_1_233' title='bbox 1067 3803 1161 3861; x_wconf 73' lang='lat' dir='ltr'><strong>hoc</strong></span> <span class='ocrx_word' id='word_1_234' title='bbox 1184 3803 1335 3877; x_wconf 75' lang='lat' dir='ltr'><strong>ipsos</strong></span> <span class='ocrx_word' id='word_1_235' title='bbox 1339 3803 1572 3877; x_wconf 75' lang='lat' dir='ltr'><strong>juvabis.</strong></span> 
     </span>
    </p>
   </div>
   <div class='ocr_carea' id='block_1_39' title="bbox 507 3871 1990 3949">
    <p class='ocr_par' dir='ltr' id='par_1_39' title="bbox 507 3871 1990 3949">
     <span class='ocr_line' id='line_1_39' title="bbox 507 3871 1990 3949; baseline -0.007 -16"><span class='ocrx_word' id='word_1_236' title='bbox 507 3879 633 3949; x_wconf 72' lang='lat' dir='ltr'><strong>Fac,</strong></span> <span class='ocrx_word' id='word_1_237' title='bbox 665 3871 871 3949; x_wconf 62' lang='lat' dir='ltr'><strong>quaeso,</strong></span> <span class='ocrx_word' id='word_1_238' title='bbox 895 3894 1076 3949; x_wconf 68' lang='lat' dir='ltr'><strong>noscas</strong></span> <span class='ocrx_word' id='word_1_239' title='bbox 1104 3886 1152 3949; x_wconf 77' lang='lat' dir='ltr'><strong>te</strong></span> <span class='ocrx_word' id='word_1_240' title='bbox 1183 3871 1386 3949; x_wconf 59' lang='lat' dir='ltr'><strong>quisic,</strong></span> <span class='ocrx_word' id='word_1_241' title='bbox 1423 3874 1668 3949; x_wconf 67' lang='lat' dir='ltr'><strong>undaque</strong></span> <span class='ocrx_word' id='word_1_242' title='bbox 1705 3871 1990 3949; x_wconf 64' lang='lat' dir='ltr'><strong>profectus.</strong></span> 
     </span>
    </p>
   </div>
   <div class='ocr_carea' id='block_1_40' title="bbox 506 3941 2080 4017">
    <p class='ocr_par' dir='ltr' id='par_1_40' title="bbox 506 3941 2080 4017">
     <span class='ocr_line' id='line_1_40' title="bbox 506 3941 2080 4017; baseline -0.006 -15"><span class='ocrx_word' id='word_1_243' title='bbox 506 3948 594 4003; x_wconf 86' lang='lat' dir='ltr'><strong>Sic</strong></span> <span class='ocrx_word' id='word_1_244' title='bbox 619 3941 757 4002; x_wconf 73' lang='lat' dir='ltr'><strong>enim</strong></span> <span class='ocrx_word' id='word_1_245' title='bbox 789 3947 943 4017; x_wconf 79' lang='lat' dir='ltr'><strong>facile</strong></span> <span class='ocrx_word' id='word_1_246' title='bbox 974 3941 1224 4015; x_wconf 73' lang='lat' dir='ltr'><strong>principis</strong></span> <span class='ocrx_word' id='word_1_247' title='bbox 1257 3944 1442 4012; x_wconf 70' lang='lat' dir='ltr'><strong>forma:</strong></span> <span class='ocrx_word' id='word_1_248' title='bbox 1473 3943 1712 3994; x_wconf 83' lang='lat' dir='ltr'><strong>decorem</strong></span> <span class='ocrx_word' id='word_1_249' title='bbox 1742 3941 2080 3994; x_wconf 73' lang='lat' dir='ltr'><strong>nancisceris.</strong></span> 
     </span>
    </p>
   </div>
   <div class='ocr_carea' id='block_1_41' title="bbox 575 4044 2133 4126">
    <p class='ocr_par' dir='ltr' id='par_1_41' title="bbox 575 4044 2133 4126">
     <span class='ocr_line' id='line_1_41' title="bbox 575 4044 2133 4126; baseline -0.009 -16"><span class='ocrx_word' id='word_1_250' title='bbox 575 4056 811 4126; x_wconf 80' lang='lat' dir='ltr'><strong>Didymi.</strong></span> <span class='ocrx_word' id='word_1_251' title='bbox 831 4082 906 4092; x_wconf 91' lang='lat'><strong>—-</strong></span> <span class='ocrx_word' id='word_1_252' title='bbox 926 4051 1081 4106; x_wconf 89' lang='lat' dir='ltr'><strong>Scire</strong></span> <span class='ocrx_word' id='word_1_253' title='bbox 1123 4051 1367 4119; x_wconf 90' lang='lat' dir='ltr'><strong>aliquem</strong></span> <span class='ocrx_word' id='word_1_254' title='bbox 1399 4045 1548 4116; x_wconf 92' lang='lat' dir='ltr'><strong>quod</strong></span> <span class='ocrx_word' id='word_1_255' title='bbox 1579 4045 1790 4099; x_wconf 89' lang='lat' dir='ltr'><strong>nesciat</strong></span> <span class='ocrx_word' id='word_1_256' title='bbox 1815 4085 1828 4110; x_wconf 95' lang='lat'><strong>,</strong></span> <span class='ocrx_word' id='word_1_257' title='bbox 1862 4044 2084 4114; x_wconf 87' lang='lat' dir='ltr'><strong>sapien-</strong></span> <span class='ocrx_word' id='word_1_258' title='bbox 2126 4097 2133 4104; x_wconf 78' lang='grc'><strong>,</strong></span> 
     </span>
    </p>
   </div>
   <div class='ocr_carea' id='block_1_42' title="bbox 509 4131 2087 4208">
    <p class='ocr_par' dir='ltr' id='par_1_42' title="bbox 509 4131 2087 4208">
     <span class='ocr_line' id='line_1_42' title="bbox 509 4131 2087 4208; baseline -0.01 -9"><span class='ocrx_word' id='word_1_259' title='bbox 509 4146 598 4199; x_wconf 65' lang='lat' dir='ltr'><strong>tiae</strong></span> <span class='ocrx_word' id='word_1_260' title='bbox 630 4153 750 4208; x_wconf 88' lang='lat' dir='ltr'><strong>est;</strong></span> <span class='ocrx_word' id='word_1_261' title='bbox 775 4148 838 4195; x_wconf 90' lang='lat' dir='ltr'><strong>ut</strong></span> <span class='ocrx_word' id='word_1_262' title='bbox 865 4147 923 4196; x_wconf 90' lang='lat' dir='ltr'><strong>et</strong></span> <span class='ocrx_word' id='word_1_263' title='bbox 960 4138 1103 4194; x_wconf 90' lang='lat' dir='ltr'><strong>scire</strong></span> <span class='ocrx_word' id='word_1_264' title='bbox 1134 4136 1284 4207; x_wconf 86' lang='lat' dir='ltr'><strong>quod</strong></span> <span class='ocrx_word' id='word_1_265' title='bbox 1328 4134 1588 4206; x_wconf 70' lang='lat' dir='ltr'><strong>iniuriam</strong></span> <span class='ocrx_word' id='word_1_266' title='bbox 1628 4132 1846 4199; x_wconf 84' lang='lat' dir='ltr'><strong>fecerit,</strong></span> <span class='ocrx_word' id='word_1_267' title='bbox 1878 4141 1964 4188; x_wconf 89' lang='lat' dir='ltr'><strong>est</strong></span> <span class='ocrx_word' id='word_1_268' title='bbox 1994 4131 2087 4200; x_wconf 41' lang='lat' dir='ltr'><strong>jus</strong></span> 
     </span>
    </p>
   </div>
   <div class='ocr_carea' id='block_1_43' title="bbox 507 4236 694 4292">
    <p class='ocr_par' dir='ltr' id='par_1_43' title="bbox 507 4236 694 4292">
     <span class='ocr_line' id='line_1_43' title="bbox 507 4236 694 4292; baseline -0.011 0"><span class='ocrx_word' id='word_1_269' title='bbox 507 4236 694 4292; x_wconf 63' lang='lat' dir='ltr'><strong>stitia.</strong></span> 
     </span>
    </p>
   </div>
   <div class='ocr_carea' id='block_1_44' title="bbox 577 4357 2088 4436">
    <p class='ocr_par' dir='ltr' id='par_1_44' title="bbox 577 4357 2088 4436">
     <span class='ocr_line' id='line_1_44' title="bbox 577 4357 2088 4436; baseline 0.004 -23"><span class='ocrx_word' id='word_1_270' title='bbox 577 4357 850 4431; x_wconf 77' lang='lat' dir='ltr'><strong>Chrysost.</strong></span> <span class='ocrx_word' id='word_1_271' title='bbox 883 4393 954 4404; x_wconf 95' lang='lat'><strong>—</strong></span> <span class='ocrx_word' id='word_1_272' title='bbox 981 4363 1030 4418; x_wconf 92' lang='lat' dir='ltr'><strong>ls</strong></span> <span class='ocrx_word' id='word_1_273' title='bbox 1056 4362 1290 4419; x_wconf 79' lang='lat' dir='ltr'><strong>maxime</strong></span> <span class='ocrx_word' id='word_1_274' title='bbox 1319 4378 1379 4420; x_wconf 88' lang='lat' dir='ltr'><strong>se</strong></span> <span class='ocrx_word' id='word_1_275' title='bbox 1409 4365 1562 4420; x_wconf 86' lang='lat' dir='ltr'><strong>novit</strong></span> <span class='ocrx_word' id='word_1_276' title='bbox 1589 4363 1684 4436; x_wconf 90' lang='lat' dir='ltr'><strong>qui</strong></span> <span class='ocrx_word' id='word_1_277' title='bbox 1716 4379 1776 4421; x_wconf 89' lang='lat' dir='ltr'><strong>se</strong></span> <span class='ocrx_word' id='word_1_278' title='bbox 1805 4364 1938 4419; x_wconf 91' lang='lat' dir='ltr'><strong>nihil</strong></span> <span class='ocrx_word' id='word_1_279' title='bbox 1964 4377 2088 4420; x_wconf 84' lang='lat' dir='ltr'><strong>esse</strong></span> 
     </span>
    </p>
   </div>
   <div class='ocr_carea' id='block_1_45' title="bbox 507 4461 678 4523">
    <p class='ocr_par' dir='ltr' id='par_1_45' title="bbox 507 4461 678 4523">
     <span class='ocr_line' id='line_1_45' title="bbox 507 4461 678 4523; baseline 0.006 -17"><span class='ocrx_word' id='word_1_280' title='bbox 507 4461 678 4523; x_wconf 74' lang='lat' dir='ltr'><strong>putat.</strong></span> 
     </span>
    </p>
   </div>
   <div class='ocr_carea' id='block_1_46' title="bbox 578 4570 1236 4630">
    <p class='ocr_par' dir='ltr' id='par_1_46' title="bbox 578 4570 1236 4630">
     <span class='ocr_line' id='line_1_46' title="bbox 578 4570 1236 4630; baseline -0.011 1"><span class='ocrx_word' id='word_1_281' title='bbox 578 4578 624 4610; x_wconf 73' lang='lat'>“</span> <span class='ocrx_word' id='word_1_282' title='bbox 647 4576 704 4630; x_wconf 91' lang='lat' dir='ltr'><strong>ln</strong></span> <span class='ocrx_word' id='word_1_283' title='bbox 736 4575 880 4629; x_wconf 87' lang='lat' dir='ltr'><strong>Gesn</strong></span> <span class='ocrx_word' id='word_1_284' title='bbox 933 4570 1086 4625; x_wconf 68' lang='lat' dir='ltr'><strong>Stcb.</strong></span> <span class='ocrx_word' id='word_1_285' title='bbox 1117 4571 1236 4624; x_wconf 77' lang='grc'><strong>105.</strong></span> 
     </span>
    </p>
   </div>
   <div class='ocr_carea' id='block_1_47' title="bbox 1626 205 2575 283">
    <p class='ocr_par' dir='ltr' id='par_1_47' title="bbox 1626 205 2575 283">
     <span class='ocr_line' id='line_1_47' title="bbox 1626 205 2575 283; baseline -0.014 -4"><span class='ocrx_word' id='word_1_286' title='bbox 1626 219 1708 279; x_wconf 77' lang='grc'><strong>’5.</strong></span> <span class='ocrx_word' id='word_1_287' title='bbox 1752 214 2034 277; x_wconf 84' lang='grc' dir='ltr'><strong>ΜΑΧΙΜΙ</strong></span> <span class='ocrx_word' id='word_1_288' title='bbox 2070 205 2575 283; x_wconf 68' lang='lat' dir='ltr'><strong>CONFESSORIS</strong></span> 
     </span>
    </p>
   </div>
   <div class='ocr_carea' id='block_1_48' title="bbox 2251 299 3761 372">
    <p class='ocr_par' dir='ltr' id='par_1_48' title="bbox 2251 299 3761 372">
     <span class='ocr_line' id='line_1_48' title="bbox 2251 299 3761 372; baseline -0.008 1"><span class='ocrx_word' id='word_1_289' title='bbox 2251 321 2354 372; x_wconf 82' lang='grc' dir='ltr'>Ἐκ</span> <span class='ocrx_word' id='word_1_290' title='bbox 2377 317 2495 372; x_wconf 74' lang='grc' dir='ltr'>τῶν</span> <span class='ocrx_word' id='word_1_291' title='bbox 2537 313 2839 371; x_wconf 78' lang='grc' dir='ltr'><strong>Νικολάου</strong></span> <span class='ocrx_word' id='word_1_292' title='bbox 2882 311 3054 366; x_wconf 70' lang='grc' dir='ltr'>ἐθῶν.</span> <span class='ocrx_word' id='word_1_293' title='bbox 3088 308 3335 361; x_wconf 82' lang='grc' dir='ltr'>-Θύνοι</span> <span class='ocrx_word' id='word_1_294' title='bbox 3367 304 3428 372; x_wconf 79' lang='grc' dir='ltr'><strong>(ί)</strong></span> <span class='ocrx_word' id='word_1_295' title='bbox 3467 306 3592 368; x_wconf 70' lang='grc' dir='ltr'><strong>τοῦς</strong></span> <span class='ocrx_word' id='word_1_296' title='bbox 3625 299 3761 361; x_wconf 76' lang='grc' dir='ltr'>ναυ-</span> 
     </span>
    </p>
   </div>
   <div class='ocr_carea' id='block_1_49' title="bbox 2179 396 3756 477">
    <p class='ocr_par' dir='ltr' id='par_1_49' title="bbox 2179 396 3756 477">
     <span class='ocr_line' id='line_1_49' title="bbox 2179 396 3756 477; baseline -0.008 -14"><span class='ocrx_word' id='word_1_297' title='bbox 2179 411 2347 477; x_wconf 70' lang='grc' dir='ltr'>αγοὺς</span> <span class='ocrx_word' id='word_1_298' title='bbox 2416 403 2816 477; x_wconf 83' lang='grc' dir='ltr'><strong>φιλανθρώπως</strong></span> <span class='ocrx_word' id='word_1_299' title='bbox 2862 402 3149 472; x_wconf 86' lang='grc' dir='ltr'>δεχόμενοι</span> <span class='ocrx_word' id='word_1_300' title='bbox 3190 399 3379 468; x_wconf 81' lang='grc' dir='ltr'>φίλους</span> <span class='ocrx_word' id='word_1_301' title='bbox 3429 396 3756 450; x_wconf 81' lang='grc' dir='ltr'>ποιοῦνται’</span> 
     </span>
    </p>
   </div>
   <div class='ocr_carea' id='block_1_50' title="bbox 2175 489 3757 566">
    <p class='ocr_par' dir='ltr' id='par_1_50' title="bbox 2175 489 3757 566">
     <span class='ocr_line' id='line_1_50' title="bbox 2175 489 3757 566; baseline -0.008 -12"><span class='ocrx_word' id='word_1_302' title='bbox 2175 503 2284 554; x_wconf 89' lang='grc' dir='ltr'><strong>τῶν</strong></span> <span class='ocrx_word' id='word_1_303' title='bbox 2311 501 2368 553; x_wconf 85' lang='grc' dir='ltr'>δὲ</span> <span class='ocrx_word' id='word_1_304' title='bbox 2399 501 2587 565; x_wconf 81' lang='grc' dir='ltr'>ξένων,</span> <span class='ocrx_word' id='word_1_305' title='bbox 2629 497 2755 558; x_wconf 77' lang='grc' dir='ltr'>τοὺς</span> <span class='ocrx_word' id='word_1_306' title='bbox 2805 495 2900 566; x_wconf 82' lang='grc' dir='ltr'>μὲν</span> <span class='ocrx_word' id='word_1_307' title='bbox 2931 492 3194 554; x_wconf 76' lang='grc' dir='ltr'><strong>ἑκουσίως</strong></span> <span class='ocrx_word' id='word_1_308' title='bbox 3241 490 3519 554; x_wconf 85' lang='grc' dir='ltr'>ἐλθόντας,</span> <span class='ocrx_word' id='word_1_309' title='bbox 3549 489 3757 561; x_wconf 72' lang='grc' dir='ltr'>σφόδρα</span> 
     </span>
    </p>
   </div>
   <div class='ocr_carea' id='block_1_51' title="bbox 2174 581 3351 664">
    <p class='ocr_par' dir='ltr' id='par_1_51' title="bbox 2174 581 3351 664">
     <span class='ocr_line' id='line_1_51' title="bbox 2174 581 3351 664; baseline -0.01 -18"><span class='ocrx_word' id='word_1_310' title='bbox 2174 592 2408 664; x_wconf 84' lang='grc' dir='ltr'>τιμῶσι·</span> <span class='ocrx_word' id='word_1_311' title='bbox 2442 591 2568 653; x_wconf 82' lang='grc' dir='ltr'>τοὺς</span> <span class='ocrx_word' id='word_1_312' title='bbox 2589 588 2646 642; x_wconf 84' lang='grc' dir='ltr'><strong>δέ</strong></span> <span class='ocrx_word' id='word_1_313' title='bbox 2679 586 2969 648; x_wconf 88' lang='grc' dir='ltr'>ἀκουσίως,</span> <span class='ocrx_word' id='word_1_314' title='bbox 3001 581 3351 645; x_wconf 79' lang='grc' dir='ltr'>κολάζουσιν.</span> 
     </span>
    </p>
   </div>
   <div class='ocr_carea' id='block_1_52' title="bbox 2714 775 3206 845">
    <p class='ocr_par' dir='ltr' id='par_1_52' title="bbox 2714 775 3206 845">
     <span class='ocr_line' id='line_1_52' title="bbox 2714 775 3206 845; baseline -0.01 -9"><span class='ocrx_word' id='word_1_315' title='bbox 2714 781 2934 837; x_wconf 78' lang='grc' dir='ltr'>ΑυΓοΣ</span> <span class='ocrx_word' id='word_1_316' title='bbox 2983 775 3106 845; x_wconf 67' lang='lat' dir='ltr'><strong>nc.&quot;</strong></span> <span class='ocrx_word' id='word_1_317' title='bbox 3139 777 3206 831; x_wconf 65' lang='grc' dir='ltr'>ιι.</span> 
     </span>
    </p>
   </div>
   <div class='ocr_carea' id='block_1_53' title="bbox 2514 889 3397 966">
    <p class='ocr_par' dir='ltr' id='par_1_53' title="bbox 2514 889 3397 966">
     <span class='ocr_line' id='line_1_53' title="bbox 2514 889 3397 966; baseline -0.014 -14"><span class='ocrx_word' id='word_1_318' title='bbox 2514 895 2655 966; x_wconf 77' lang='grc' dir='ltr'>Περὶ</span> <span class='ocrx_word' id='word_1_319' title='bbox 2703 895 2832 960; x_wconf 85' lang='grc' dir='ltr'>τοῦ,</span> <span class='ocrx_word' id='word_1_320' title='bbox 2871 891 3090 946; x_wconf 81' lang='grc' dir='ltr'>«Γνῶθι</span> <span class='ocrx_word' id='word_1_321' title='bbox 3133 889 3350 943; x_wconf 87' lang='grc' dir='ltr'>σαυτόν.</span> <span class='ocrx_word' id='word_1_322' title='bbox 3379 906 3397 940; x_wconf 74' lang='grc' dir='ltr'><strong>ι</strong></span> 
     </span>
    </p>
   </div>
   <div class='ocr_carea' id='block_1_54' title="bbox 2249 999 3750 1079">
    <p class='ocr_par' dir='ltr' id='par_1_54' title="bbox 2249 999 3750 1079">
     <span class='ocr_line' id='line_1_54' title="bbox 2249 999 3750 1079; baseline -0.013 -9"><span class='ocrx_word' id='word_1_323' title='bbox 2249 1020 2431 1070; x_wconf 84' lang='grc' dir='ltr'>Λουκ.</span> <span class='ocrx_word' id='word_1_324' title='bbox 2490 1011 2745 1079; x_wconf 82' lang='grc' dir='ltr'>ς’.-Τί</span> <span class='ocrx_word' id='word_1_325' title='bbox 2785 1009 3003 1077; x_wconf 79' lang='grc' dir='ltr'><strong>βλέπεις</strong></span> <span class='ocrx_word' id='word_1_326' title='bbox 3048 1005 3112 1058; x_wconf 83' lang='grc' dir='ltr'><strong>τὸ</strong></span> <span class='ocrx_word' id='word_1_327' title='bbox 3158 1005 3369 1076; x_wconf 83' lang='grc' dir='ltr'><strong>κάρφος</strong></span> <span class='ocrx_word' id='word_1_328' title='bbox 3425 1000 3484 1054; x_wconf 70' lang='grc' dir='ltr'>τὺ</span> <span class='ocrx_word' id='word_1_329' title='bbox 3547 1001 3602 1053; x_wconf 85' lang='grc' dir='ltr'><strong>ἐν</strong></span> <span class='ocrx_word' id='word_1_330' title='bbox 3667 999 3750 1070; x_wconf 79' lang='grc' dir='ltr'>τῷ</span> 
     </span>
    </p>
   </div>
   <div class='ocr_carea' id='block_1_55' title="bbox 2177 1089 3747 1175">
    <p class='ocr_par' dir='ltr' id='par_1_55' title="bbox 2177 1089 3747 1175">
     <span class='ocr_line' id='line_1_55' title="bbox 2177 1089 3747 1175; baseline -0.013 -14"><span class='ocrx_word' id='word_1_331' title='bbox 2177 1103 2445 1175; x_wconf 69' lang='grc' dir='ltr'>ὀφθαλμῷ</span> <span class='ocrx_word' id='word_1_332' title='bbox 2469 1102 2564 1156; x_wconf 86' lang='grc' dir='ltr'><strong>τοῦ</strong></span> <span class='ocrx_word' id='word_1_333' title='bbox 2597 1099 2830 1168; x_wconf 81' lang='grc' dir='ltr'>ἀδελφοῦ</span> <span class='ocrx_word' id='word_1_334' title='bbox 2865 1115 2984 1164; x_wconf 92' lang='grc' dir='ltr'>σου,</span> <span class='ocrx_word' id='word_1_335' title='bbox 3012 1095 3113 1168; x_wconf 75' lang='grc' dir='ltr'>τὴν</span> <span class='ocrx_word' id='word_1_336' title='bbox 3129 1094 3187 1148; x_wconf 84' lang='grc' dir='ltr'><strong>δὲ</strong></span> <span class='ocrx_word' id='word_1_337' title='bbox 3204 1097 3261 1148; x_wconf 82' lang='grc' dir='ltr'><strong>ἐν</strong></span> <span class='ocrx_word' id='word_1_338' title='bbox 3276 1092 3356 1162; x_wconf 82' lang='grc' dir='ltr'><strong>τῷ</strong></span> <span class='ocrx_word' id='word_1_339' title='bbox 3385 1089 3464 1161; x_wconf 83' lang='grc' dir='ltr'><strong>σῷ</strong></span> <span class='ocrx_word' id='word_1_340' title='bbox 3489 1089 3747 1159; x_wconf 76' lang='grc' dir='ltr'><strong>ὀφθαλμῷ</strong></span> 
     </span>
    </p>
   </div>
   <div class='ocr_carea' id='block_1_56' title="bbox 2176 1195 2762 1258">
    <p class='ocr_par' dir='ltr' id='par_1_56' title="bbox 2176 1195 2762 1258">
     <span class='ocr_line' id='line_1_56' title="bbox 2176 1195 2762 1258; baseline -0.017 -4"><span class='ocrx_word' id='word_1_341' title='bbox 2176 1198 2333 1254; x_wconf 80' lang='grc' dir='ltr'>δοκὸν</span> <span class='ocrx_word' id='word_1_342' title='bbox 2354 1198 2414 1251; x_wconf 78' lang='grc' dir='ltr'><strong>οὐ</strong></span> <span class='ocrx_word' id='word_1_343' title='bbox 2443 1195 2762 1258; x_wconf 86' lang='grc' dir='ltr'>κατανοεῖς;</span> 
     </span>
    </p>
   </div>
   <div class='ocr_carea' id='block_1_57' title="bbox 2261 1270 3747 1358">
    <p class='ocr_par' dir='ltr' id='par_1_57' title="bbox 2261 1270 3747 1358">
     <span class='ocr_line' id='line_1_57' title="bbox 2261 1270 3747 1358; baseline -0.014 -14"><span class='ocrx_word' id='word_1_344' title='bbox 2261 1289 2433 1358; x_wconf 84' lang='grc' dir='ltr'>Ῥωμ.</span> <span class='ocrx_word' id='word_1_345' title='bbox 2468 1285 2559 1341; x_wconf 82' lang='grc' dir='ltr'>ιδ’.</span> <span class='ocrx_word' id='word_1_346' title='bbox 2589 1314 2660 1327; x_wconf 88' lang='lat'><strong>--</strong></span> <span class='ocrx_word' id='word_1_347' title='bbox 2691 1283 2764 1336; x_wconf 83' lang='grc' dir='ltr'><strong>Σὺ</strong></span> <span class='ocrx_word' id='word_1_348' title='bbox 2787 1281 2871 1344; x_wconf 88' lang='grc' dir='ltr'><strong>τίς</strong></span> <span class='ocrx_word' id='word_1_349' title='bbox 2915 1275 2969 1332; x_wconf 79' lang='grc' dir='ltr'><strong>εἴ</strong></span> <span class='ocrx_word' id='word_1_350' title='bbox 3010 1281 3038 1332; x_wconf 89' lang='grc' dir='ltr'>ὁ</span> <span class='ocrx_word' id='word_1_351' title='bbox 3069 1277 3273 1348; x_wconf 87' lang='grc' dir='ltr'>κρίνων</span> <span class='ocrx_word' id='word_1_352' title='bbox 3305 1274 3585 1344; x_wconf 82' lang='grc' dir='ltr'>ἀλλότριον</span> <span class='ocrx_word' id='word_1_353' title='bbox 3612 1270 3747 1324; x_wconf 81' lang='grc' dir='ltr'>οίκέ-</span> 
     </span>
    </p>
   </div>
   <div class='ocr_carea' id='block_1_58' title="bbox 2177 1363 3738 1452">
    <p class='ocr_par' dir='ltr' id='par_1_58' title="bbox 2177 1363 3738 1452">
     <span class='ocr_line' id='line_1_58' title="bbox 2177 1363 3738 1452; baseline -0.013 -16"><span class='ocrx_word' id='word_1_354' title='bbox 2177 1398 2310 1452; x_wconf 74' lang='grc' dir='ltr'>τηνς</span> <span class='ocrx_word' id='word_1_355' title='bbox 2347 1381 2423 1451; x_wconf 83' lang='grc' dir='ltr'>τῷ</span> <span class='ocrx_word' id='word_1_356' title='bbox 2457 1379 2570 1449; x_wconf 77' lang='grc' dir='ltr'>ἰδίῳ</span> <span class='ocrx_word' id='word_1_357' title='bbox 2596 1376 2770 1447; x_wconf 85' lang='grc' dir='ltr'>κυρίῳ</span> <span class='ocrx_word' id='word_1_358' title='bbox 2800 1374 2990 1444; x_wconf 81' lang='grc' dir='ltr'>στήκει</span> <span class='ocrx_word' id='word_1_359' title='bbox 3016 1371 3049 1441; x_wconf 75' lang='grc' dir='ltr'>ἢ</span> <span class='ocrx_word' id='word_1_360' title='bbox 3074 1372 3282 1423; x_wconf 86' lang='grc' dir='ltr'>πίττει·</span> <span class='ocrx_word' id='word_1_361' title='bbox 3313 1365 3644 1436; x_wconf 82' lang='grc' dir='ltr'>σταθήσεται</span> <span class='ocrx_word' id='word_1_362' title='bbox 3661 1363 3738 1416; x_wconf 84' lang='grc' dir='ltr'>δέ·</span> 
     </span>
    </p>
   </div>
   <div class='ocr_carea' id='block_1_59' title="bbox 2180 1460 3358 1540">
    <p class='ocr_par' dir='ltr' id='par_1_59' title="bbox 2180 1460 3358 1540">
     <span class='ocr_line' id='line_1_59' title="bbox 2180 1460 3358 1540; baseline -0.011 -15"><span class='ocrx_word' id='word_1_363' title='bbox 2180 1471 2402 1533; x_wconf 82' lang='grc' dir='ltr'>δυνατὸς</span> <span class='ocrx_word' id='word_1_364' title='bbox 2431 1470 2540 1540; x_wconf 81' lang='grc' dir='ltr'>γάρ</span> <span class='ocrx_word' id='word_1_365' title='bbox 2568 1470 2714 1521; x_wconf 84' lang='grc' dir='ltr'>ἐστιν</span> <span class='ocrx_word' id='word_1_366' title='bbox 2737 1467 2766 1518; x_wconf 89' lang='grc' dir='ltr'><strong>ὀ</strong></span> <span class='ocrx_word' id='word_1_367' title='bbox 2787 1464 2923 1527; x_wconf 76' lang='grc' dir='ltr'>Θεὸς</span> <span class='ocrx_word' id='word_1_368' title='bbox 2949 1463 3145 1532; x_wconf 76' lang='grc' dir='ltr'>στῆσαι</span> <span class='ocrx_word' id='word_1_369' title='bbox 3171 1460 3358 1516; x_wconf 75' lang='grc' dir='ltr'>αὐτόν,</span> 
     </span>
    </p>
   </div>
   <div class='ocr_carea' id='block_1_60' title="bbox 2253 1551 3741 1630">
    <p class='ocr_par' dir='ltr' id='par_1_60' title="bbox 2253 1551 3741 1630">
     <span class='ocr_line' id='line_1_60' title="bbox 2253 1551 3741 1630; baseline -0.01 -13"><span class='ocrx_word' id='word_1_370' title='bbox 2253 1565 2469 1630; x_wconf 83' lang='grc' dir='ltr'>Σολομ.</span> <span class='ocrx_word' id='word_1_371' title='bbox 2506 1557 2976 1627; x_wconf 85' lang='grc' dir='ltr'>ια⁹.-Περιπὰτει</span> <span class='ocrx_word' id='word_1_372' title='bbox 3005 1555 3064 1606; x_wconf 88' lang='grc' dir='ltr'><strong>ἐν</strong></span> <span class='ocrx_word' id='word_1_373' title='bbox 3080 1553 3220 1615; x_wconf 82' lang='grc' dir='ltr'>ὁδοῖς</span> <span class='ocrx_word' id='word_1_374' title='bbox 3244 1551 3476 1622; x_wconf 81' lang='grc' dir='ltr'>καρδίας</span> <span class='ocrx_word' id='word_1_375' title='bbox 3495 1568 3588 1603; x_wconf 88' lang='grc' dir='ltr'><strong>σου</strong></span> <span class='ocrx_word' id='word_1_376' title='bbox 3605 1551 3741 1620; x_wconf 77' lang='grc' dir='ltr'>ἄμω-</span> 
     </span>
    </p>
   </div>
   <div class='ocr_carea' id='block_1_61' title="bbox 2186 1640 3744 1724">
    <p class='ocr_par' dir='ltr' id='par_1_61' title="bbox 2186 1640 3744 1724">
     <span class='ocr_line' id='line_1_61' title="bbox 2186 1640 3744 1724; baseline -0.009 -17"><span class='ocrx_word' id='word_1_377' title='bbox 2186 1671 2303 1724; x_wconf 92' lang='grc' dir='ltr'>μος,</span> <span class='ocrx_word' id='word_1_378' title='bbox 2333 1652 2430 1705; x_wconf 74' lang='grc' dir='ltr'>καὶ</span> <span class='ocrx_word' id='word_1_379' title='bbox 2457 1649 2623 1720; x_wconf 84' lang='grc' dir='ltr'>γνῶθι</span> <span class='ocrx_word' id='word_1_380' title='bbox 2657 1648 2852 1702; x_wconf 89' lang='grc' dir='ltr'>σαυτόν</span> <span class='ocrx_word' id='word_1_381' title='bbox 2882 1647 2979 1716; x_wconf 87' lang='lat' dir='ltr'><strong>(m)</strong></span> <span class='ocrx_word' id='word_1_382' title='bbox 3000 1661 3014 1676; x_wconf 87' lang='grc'><strong>·</strong></span> <span class='ocrx_word' id='word_1_383' title='bbox 3040 1644 3120 1698; x_wconf 83' lang='grc' dir='ltr'>ὅτι</span> <span class='ocrx_word' id='word_1_384' title='bbox 3161 1645 3217 1695; x_wconf 88' lang='grc' dir='ltr'><strong>ἐν</strong></span> <span class='ocrx_word' id='word_1_385' title='bbox 3247 1643 3383 1695; x_wconf 80' lang='grc' dir='ltr'>πᾶσι</span> <span class='ocrx_word' id='word_1_386' title='bbox 3408 1641 3619 1704; x_wconf 81' lang='grc' dir='ltr'>τούτοις</span> <span class='ocrx_word' id='word_1_387' title='bbox 3635 1640 3744 1703; x_wconf 76' lang='grc' dir='ltr'>ἄξει</span> 
     </span>
    </p>
   </div>
   <div class='ocr_carea' id='block_1_62' title="bbox 2129 1739 2792 1811">
    <p class='ocr_par' dir='ltr' id='par_1_62' title="bbox 2129 1739 2792 1811">
     <span class='ocr_line' id='line_1_62' title="bbox 2129 1739 2792 1811; baseline -0.002 -15"><span class='ocrx_word' id='word_1_388' title='bbox 2129 1739 2149 1772; x_wconf 63' lang='lat'><strong><em>&quot;</em></strong></span> <span class='ocrx_word' id='word_1_389' title='bbox 2179 1760 2238 1797; x_wconf 86' lang='grc' dir='ltr'><strong>σε</strong></span> <span class='ocrx_word' id='word_1_390' title='bbox 2271 1746 2299 1798; x_wconf 87' lang='grc' dir='ltr'><strong>ὀ</strong></span> <span class='ocrx_word' id='word_1_391' title='bbox 2326 1743 2459 1805; x_wconf 86' lang='grc' dir='ltr'>Θεὸς</span> <span class='ocrx_word' id='word_1_392' title='bbox 2483 1741 2565 1803; x_wconf 83' lang='grc' dir='ltr'>εἰς</span> <span class='ocrx_word' id='word_1_393' title='bbox 2587 1739 2792 1811; x_wconf 81' lang='grc' dir='ltr'><strong>κρίσιν.</strong></span> 
     </span>
    </p>
   </div>
   <div class='ocr_carea' id='block_1_63' title="bbox 2247 1827 3682 1926">
    <p class='ocr_par' dir='ltr' id='par_1_63' title="bbox 2247 1827 3682 1926">
     <span class='ocr_line' id='line_1_63' title="bbox 2247 1827 3682 1926; baseline -0.009 -14"><span class='ocrx_word' id='word_1_394' title='bbox 2247 1860 2493 1926; x_wconf 77' lang='grc' dir='ltr'>Παροιμ.</span> <span class='ocrx_word' id='word_1_395' title='bbox 2526 1853 2622 1925; x_wconf 78' lang='grc' dir='ltr'>ιγ’.</span> <span class='ocrx_word' id='word_1_396' title='bbox 2651 1883 2723 1893; x_wconf 92' lang='grc'><strong><em>--</em></strong></span> <span class='ocrx_word' id='word_1_397' title='bbox 2749 1852 2814 1906; x_wconf 86' lang='grc' dir='ltr'><strong>Οἱ</strong></span> <span class='ocrx_word' id='word_1_398' title='bbox 2841 1827 3053 1903; x_wconf 76' lang='grc' dir='ltr'>ἑαυτῶν</span> <span class='ocrx_word' id='word_1_399' title='bbox 3082 1845 3475 1916; x_wconf 82' lang='grc' dir='ltr'>ἐπιγνώμονες,</span> <span class='ocrx_word' id='word_1_400' title='bbox 3511 1842 3682 1913; x_wconf 77' lang='grc' dir='ltr'>σοφοί.</span> 
     </span>
    </p>
   </div>
   <div class='ocr_carea' id='block_1_64' title="bbox 2247 2018 3748 2103">
    <p class='ocr_par' dir='ltr' id='par_1_64' title="bbox 2247 2018 3748 2103">
     <span class='ocr_line' id='line_1_64' title="bbox 2247 2018 3748 2103; baseline -0.011 -15"><span class='ocrx_word' id='word_1_401' title='bbox 2247 2039 2372 2102; x_wconf 83' lang='grc' dir='ltr'>Σιρ.</span> <span class='ocrx_word' id='word_1_402' title='bbox 2405 2037 2497 2103; x_wconf 65' lang='grc' dir='ltr'>ιγθ.</span> <span class='ocrx_word' id='word_1_403' title='bbox 2519 2061 2585 2085; x_wconf 90' lang='lat'><strong>—.-</strong></span> <span class='ocrx_word' id='word_1_404' title='bbox 2611 2029 2958 2100; x_wconf 81' lang='grc' dir='ltr'>Συντήρησον</span> <span class='ocrx_word' id='word_1_405' title='bbox 2985 2024 3081 2078; x_wconf 75' lang='grc' dir='ltr'><strong>καὶ</strong></span> <span class='ocrx_word' id='word_1_406' title='bbox 3109 2023 3346 2094; x_wconf 82' lang='grc' dir='ltr'>πρόσεχε</span> <span class='ocrx_word' id='word_1_407' title='bbox 3385 2018 3655 2090; x_wconf 79' lang='grc' dir='ltr'>σφοδρῶς,</span> <span class='ocrx_word' id='word_1_408' title='bbox 3677 2019 3748 2072; x_wconf 74' lang='grc' dir='ltr'>ὅτι</span> 
     </span>
    </p>
   </div>
   <div class='ocr_carea' id='block_1_65' title="bbox 2181 2119 3245 2196">
    <p class='ocr_par' dir='ltr' id='par_1_65' title="bbox 2181 2119 3245 2196">
     <span class='ocr_line' id='line_1_65' title="bbox 2181 2119 3245 2196; baseline -0.008 -17"><span class='ocrx_word' id='word_1_409' title='bbox 2181 2126 2318 2196; x_wconf 82' lang='grc' dir='ltr'>μετὰ</span> <span class='ocrx_word' id='word_1_410' title='bbox 2350 2125 2450 2194; x_wconf 79' lang='grc' dir='ltr'>τῆς</span> <span class='ocrx_word' id='word_1_411' title='bbox 2482 2121 2742 2186; x_wconf 85' lang='grc' dir='ltr'>πτώσεώς</span> <span class='ocrx_word' id='word_1_412' title='bbox 2765 2137 2858 2173; x_wconf 92' lang='grc' dir='ltr'><strong>σου</strong></span> <span class='ocrx_word' id='word_1_413' title='bbox 2895 2119 3245 2190; x_wconf 78' lang='grc' dir='ltr'>περιπατεῖς.</span> 
     </span>
    </p>
   </div>
   <div class='ocr_carea' id='block_1_66' title="bbox 2255 2284 3759 2366">
    <p class='ocr_par' dir='ltr' id='par_1_66' title="bbox 2255 2284 3759 2366">
     <span class='ocr_line' id='line_1_66' title="bbox 2255 2284 3759 2366; baseline -0.013 -12"><span class='ocrx_word' id='word_1_414' title='bbox 2255 2299 2599 2355; x_wconf 73' lang='grc' dir='ltr'>Βασιλείου.</span> <span class='ocrx_word' id='word_1_415' title='bbox 2621 2295 2770 2348; x_wconf 87' lang='grc' dir='ltr'><strong><em>-Ἦ</em></strong></span> <span class='ocrx_word' id='word_1_416' title='bbox 2795 2292 3029 2366; x_wconf 74' lang='grc' dir='ltr'>ἀκριϐὴς</span> <span class='ocrx_word' id='word_1_417' title='bbox 3076 2290 3274 2345; x_wconf 91' lang='grc' dir='ltr'>σαυτοῦ</span> <span class='ocrx_word' id='word_1_418' title='bbox 3305 2286 3639 2354; x_wconf 79' lang='grc' dir='ltr'>κατανόησις</span> <span class='ocrx_word' id='word_1_419' title='bbox 3668 2284 3759 2336; x_wconf 78' lang='grc' dir='ltr'><strong>αὖ·</strong></span> 
     </span>
    </p>
   </div>
   <div class='ocr_carea' id='block_1_67' title="bbox 2175 2375 3760 2464">
    <p class='ocr_par' dir='ltr' id='par_1_67' title="bbox 2175 2375 3760 2464">
     <span class='ocr_line' id='line_1_67' title="bbox 2175 2375 3760 2464; baseline -0.013 -16"><span class='ocrx_word' id='word_1_420' title='bbox 2175 2395 2352 2464; x_wconf 79' lang='grc' dir='ltr'>τάρκη</span> <span class='ocrx_word' id='word_1_421' title='bbox 2384 2407 2467 2444; x_wconf 88' lang='grc' dir='ltr'><strong>σοι</strong></span> <span class='ocrx_word' id='word_1_422' title='bbox 2489 2388 2714 2461; x_wconf 85' lang='grc' dir='ltr'>παρέχει</span> <span class='ocrx_word' id='word_1_423' title='bbox 2740 2385 3110 2460; x_wconf 87' lang='grc' dir='ltr'>χειραγωγίαν</span> <span class='ocrx_word' id='word_1_424' title='bbox 3144 2383 3282 2454; x_wconf 78' lang='grc' dir='ltr'>πρὸς</span> <span class='ocrx_word' id='word_1_425' title='bbox 3309 2381 3408 2440; x_wconf 73' lang='grc' dir='ltr'>τὴν</span> <span class='ocrx_word' id='word_1_426' title='bbox 3435 2379 3651 2432; x_wconf 73' lang='grc' dir='ltr'>ἔννοιαν</span> <span class='ocrx_word' id='word_1_427' title='bbox 3674 2375 3760 2430; x_wconf 84' lang='grc' dir='ltr'><strong>τοῦ</strong></span> 
     </span>
    </p>
   </div>
   <div class='ocr_carea' id='block_1_68' title="bbox 2175 2483 2332 2541">
    <p class='ocr_par' dir='ltr' id='par_1_68' title="bbox 2175 2483 2332 2541">
     <span class='ocr_line' id='line_1_68' title="bbox 2175 2483 2332 2541; baseline 0.013 -2"><span class='ocrx_word' id='word_1_428' title='bbox 2175 2483 2332 2541; x_wconf 86' lang='grc' dir='ltr'>Θεοῦ.</span> 
     </span>
    </p>
   </div>
   <div class='ocr_carea' id='block_1_69' title="bbox 2236 2561 3760 2649">
    <p class='ocr_par' dir='ltr' id='par_1_69' title="bbox 2236 2561 3760 2649">
     <span class='ocr_line' id='line_1_69' title="bbox 2236 2561 3760 2649; baseline -0.012 -17"><span class='ocrx_word' id='word_1_429' title='bbox 2236 2576 2609 2649; x_wconf 80' lang='grc' dir='ltr'>Μεμνημένος</span> <span class='ocrx_word' id='word_1_430' title='bbox 2655 2572 2756 2642; x_wconf 82' lang='grc' dir='ltr'>τῆς</span> <span class='ocrx_word' id='word_1_431' title='bbox 2809 2569 3046 2640; x_wconf 76' lang='grc' dir='ltr'>φύσεως,</span> <span class='ocrx_word' id='word_1_432' title='bbox 3103 2567 3203 2621; x_wconf 78' lang='grc' dir='ltr'><strong>οὐκ</strong></span> <span class='ocrx_word' id='word_1_433' title='bbox 3257 2564 3548 2636; x_wconf 80' lang='grc' dir='ltr'>ἐπαρθήσῃ</span> <span class='ocrx_word' id='word_1_434' title='bbox 3604 2561 3760 2615; x_wconf 79' lang='grc' dir='ltr'>ποτέ·</span> 
     </span>
    </p>
   </div>
   <div class='ocr_carea' id='block_1_70' title="bbox 2181 2653 3442 2740">
    <p class='ocr_par' dir='ltr' id='par_1_70' title="bbox 2181 2653 3442 2740">
     <span class='ocr_line' id='line_1_70' title="bbox 2181 2653 3442 2740; baseline -0.012 -18"><span class='ocrx_word' id='word_1_435' title='bbox 2181 2667 2436 2740; x_wconf 81' lang='grc' dir='ltr'>μεμνήσῃ</span> <span class='ocrx_word' id='word_1_436' title='bbox 2467 2666 2523 2718; x_wconf 85' lang='grc' dir='ltr'><strong>δέ</strong></span> <span class='ocrx_word' id='word_1_437' title='bbox 2554 2662 2747 2717; x_wconf 85' lang='grc' dir='ltr'>ἐαυτοῦ</span> <span class='ocrx_word' id='word_1_438' title='bbox 2774 2660 2868 2712; x_wconf 84' lang='grc' dir='ltr'>ἐὰν</span> <span class='ocrx_word' id='word_1_439' title='bbox 2899 2658 3179 2729; x_wconf 79' lang='grc' dir='ltr'>προσέχῃς</span> <span class='ocrx_word' id='word_1_440' title='bbox 3223 2653 3442 2708; x_wconf 82' lang='grc' dir='ltr'>σαυτόν.</span> 
     </span>
    </p>
   </div>
   <div class='ocr_carea' id='block_1_71' title="bbox 2251 2739 3767 2823">
    <p class='ocr_par' dir='ltr' id='par_1_71' title="bbox 2251 2739 3767 2823">
     <span class='ocr_line' id='line_1_71' title="bbox 2251 2739 3767 2823; baseline -0.015 -10"><span class='ocrx_word' id='word_1_441' title='bbox 2251 2757 2512 2821; x_wconf 86' lang='grc' dir='ltr'>Ἐπαθες,</span> <span class='ocrx_word' id='word_1_442' title='bbox 2545 2753 2821 2823; x_wconf 81' lang='grc' dir='ltr'>ἄνθρωπε,</span> <span class='ocrx_word' id='word_1_443' title='bbox 2872 2748 2900 2801; x_wconf 80' lang='grc' dir='ltr'>ὃ</span> <span class='ocrx_word' id='word_1_444' title='bbox 2932 2749 3211 2816; x_wconf 82' lang='grc' dir='ltr'>ἐγκαλεῖς·</span> <span class='ocrx_word' id='word_1_445' title='bbox 3254 2744 3352 2796; x_wconf 75' lang='grc' dir='ltr'>καὶ</span> <span class='ocrx_word' id='word_1_446' title='bbox 3383 2741 3444 2795; x_wconf 82' lang='grc' dir='ltr'>τὺ</span> <span class='ocrx_word' id='word_1_447' title='bbox 3479 2741 3590 2811; x_wconf 82' lang='grc' dir='ltr'><strong>μὲν</strong></span> <span class='ocrx_word' id='word_1_448' title='bbox 3614 2739 3767 2794; x_wconf 80' lang='grc' dir='ltr'>ἀλλό-</span> 
     </span>
    </p>
   </div>
   <div class='ocr_carea' id='block_1_72' title="bbox 2177 2827 3767 2920">
    <p class='ocr_par' dir='ltr' id='par_1_72' title="bbox 2177 2827 3767 2920">
     <span class='ocr_line' id='line_1_72' title="bbox 2177 2827 3767 2920; baseline -0.015 -17"><span class='ocrx_word' id='word_1_449' title='bbox 2177 2865 2328 2920; x_wconf 88' lang='grc' dir='ltr'>τριον</span> <span class='ocrx_word' id='word_1_450' title='bbox 2358 2847 2526 2901; x_wconf 83' lang='grc' dir='ltr'>κακὸν</span> <span class='ocrx_word' id='word_1_451' title='bbox 2548 2841 2825 2914; x_wconf 77' lang='grc' dir='ltr'>ἐπιμελῶς</span> <span class='ocrx_word' id='word_1_452' title='bbox 2857 2839 3100 2910; x_wconf 81' lang='grc' dir='ltr'>βλέπεις,</span> <span class='ocrx_word' id='word_1_453' title='bbox 3131 2835 3193 2890; x_wconf 77' lang='grc' dir='ltr'><strong>τὸ</strong></span> <span class='ocrx_word' id='word_1_454' title='bbox 3219 2833 3279 2888; x_wconf 79' lang='grc' dir='ltr'>δὲ</span> <span class='ocrx_word' id='word_1_455' title='bbox 3304 2830 3509 2887; x_wconf 81' lang='grc' dir='ltr'>σαυτοῦ</span> <span class='ocrx_word' id='word_1_456' title='bbox 3536 2827 3767 2900; x_wconf 82' lang='grc' dir='ltr'>αίσχρδν</span> 
     </span>
    </p>
   </div>
   <div class='ocr_carea' id='block_1_73' title="bbox 2178 2935 2724 3010">
    <p class='ocr_par' dir='ltr' id='par_1_73' title="bbox 2178 2935 2724 3010">
     <span class='ocr_line' id='line_1_73' title="bbox 2178 2935 2724 3010; baseline -0.011 -17"><span class='ocrx_word' id='word_1_457' title='bbox 2178 2937 2422 3010; x_wconf 82' lang='grc' dir='ltr'>οὐδαμοῦ</span> <span class='ocrx_word' id='word_1_458' title='bbox 2455 2935 2646 2998; x_wconf 83' lang='grc' dir='ltr'>τιθεῖς.</span> <span class='ocrx_word' id='word_1_459' title='bbox 2722 2958 2724 2960; x_wconf 59' lang='grc' dir='ltr'><strong><em>τ</em></strong></span> 
     </span>
    </p>
   </div>
   <div class='ocr_carea' id='block_1_74' title="bbox 2109 3031 3766 3120">
    <p class='ocr_par' dir='ltr' id='par_1_74' title="bbox 2109 3031 3766 3120">
     <span class='ocr_line' id='line_1_74' title="bbox 2109 3031 3766 3120; baseline -0.012 -18"><span class='ocrx_word' id='word_1_460' title='bbox 2109 3045 2151 3102; x_wconf 88' lang='lat' dir='ltr'><strong><em>C</em></strong></span> <span class='ocrx_word' id='word_1_461' title='bbox 2255 3050 2346 3120; x_wconf 86' lang='grc' dir='ltr'>Τῷ</span> <span class='ocrx_word' id='word_1_462' title='bbox 2377 3050 2490 3103; x_wconf 72' lang='grc' dir='ltr'>ὄντι</span> <span class='ocrx_word' id='word_1_463' title='bbox 2525 3045 2634 3118; x_wconf 86' lang='grc' dir='ltr'>γὰρ</span> <span class='ocrx_word' id='word_1_464' title='bbox 2677 3045 2822 3098; x_wconf 74' lang='grc' dir='ltr'>ἔοικε</span> <span class='ocrx_word' id='word_1_465' title='bbox 2879 3040 3098 3096; x_wconf 82' lang='grc' dir='ltr'>πάντων</span> <span class='ocrx_word' id='word_1_466' title='bbox 3163 3032 3303 3091; x_wconf 72' lang='grc' dir='ltr'>εἶναι</span> <span class='ocrx_word' id='word_1_467' title='bbox 3356 3031 3766 3104; x_wconf 83' lang='grc' dir='ltr'>χαλεπώτατον,</span> 
     </span>
    </p>
   </div>
   <div class='ocr_carea' id='block_1_75' title="bbox 2187 3123 3770 3208">
    <p class='ocr_par' dir='ltr' id='par_1_75' title="bbox 2187 3123 3770 3208">
     <span class='ocr_line' id='line_1_75' title="bbox 2187 3123 3770 3208; baseline -0.015 -11"><span class='ocrx_word' id='word_1_468' title='bbox 2187 3144 2380 3197; x_wconf 79' lang='grc' dir='ltr'>ἑαυτὸν</span> <span class='ocrx_word' id='word_1_469' title='bbox 2413 3137 2732 3208; x_wconf 87' lang='grc' dir='ltr'>ἐπιγνῶναι.</span> <span class='ocrx_word' id='word_1_470' title='bbox 2775 3137 2849 3191; x_wconf 81' lang='grc' dir='ltr'><strong>Οὐ</strong></span> <span class='ocrx_word' id='word_1_471' title='bbox 2894 3134 3004 3203; x_wconf 86' lang='grc' dir='ltr'>γὰρ</span> <span class='ocrx_word' id='word_1_472' title='bbox 3054 3131 3213 3203; x_wconf 88' lang='grc' dir='ltr'>μόνος</span> <span class='ocrx_word' id='word_1_473' title='bbox 3247 3125 3527 3198; x_wconf 80' lang='grc' dir='ltr'>ὀφθαλμὸς</span> <span class='ocrx_word' id='word_1_474' title='bbox 3570 3126 3646 3178; x_wconf 82' lang='grc' dir='ltr'>τὰ</span> <span class='ocrx_word' id='word_1_475' title='bbox 3672 3123 3770 3186; x_wconf 78' lang='grc' dir='ltr'><strong>ἔξω</strong></span> 
     </span>
    </p>
   </div>
   <div class='ocr_carea' id='block_1_76' title="bbox 2188 3221 3771 3308">
    <p class='ocr_par' dir='ltr' id='par_1_76' title="bbox 2188 3221 3771 3308">
     <span class='ocr_line' id='line_1_76' title="bbox 2188 3221 3771 3308; baseline -0.013 -17"><span class='ocrx_word' id='word_1_476' title='bbox 2188 3237 2402 3308; x_wconf 84' lang='grc' dir='ltr'>βλέπων</span> <span class='ocrx_word' id='word_1_477' title='bbox 2433 3233 2518 3303; x_wconf 84' lang='grc' dir='ltr'><strong>ἐφ’</strong></span> <span class='ocrx_word' id='word_1_478' title='bbox 2550 3232 2742 3286; x_wconf 88' lang='grc' dir='ltr'>ἐαυτὸν</span> <span class='ocrx_word' id='word_1_479' title='bbox 2781 3231 2843 3284; x_wconf 81' lang='grc' dir='ltr'><strong>οὐ</strong></span> <span class='ocrx_word' id='word_1_480' title='bbox 2895 3229 3162 3300; x_wconf 81' lang='grc' dir='ltr'>κέχρηται</span> <span class='ocrx_word' id='word_1_481' title='bbox 3191 3224 3270 3294; x_wconf 81' lang='grc' dir='ltr'><strong>τῷ</strong></span> <span class='ocrx_word' id='word_1_482' title='bbox 3305 3224 3439 3294; x_wconf 78' lang='grc' dir='ltr'>ὀρᾷν</span> <span class='ocrx_word' id='word_1_483' title='bbox 3460 3237 3474 3251; x_wconf 82' lang='lat'><strong><em>°</em></strong></span> <span class='ocrx_word' id='word_1_484' title='bbox 3503 3221 3654 3275; x_wconf 84' lang='grc' dir='ltr'>ἀλλὰ</span> <span class='ocrx_word' id='word_1_485' title='bbox 3683 3221 3771 3274; x_wconf 68' lang='grc' dir='ltr'><strong>καὶ</strong></span> 
     </span>
    </p>
   </div>
   <div class='ocr_carea' id='block_1_77' title="bbox 2184 3312 3771 3396">
    <p class='ocr_par' dir='ltr' id='par_1_77' title="bbox 2184 3312 3771 3396">
     <span class='ocr_line' id='line_1_77' title="bbox 2184 3312 3771 3396; baseline -0.012 -14"><span class='ocrx_word' id='word_1_486' title='bbox 2184 3327 2348 3392; x_wconf 80' lang='grc' dir='ltr'>αὐτὸς</span> <span class='ocrx_word' id='word_1_487' title='bbox 2377 3326 2532 3396; x_wconf 78' lang='grc' dir='ltr'>ἡμῶν</span> <span class='ocrx_word' id='word_1_488' title='bbox 2569 3325 2598 3377; x_wconf 90' lang='grc' dir='ltr'><strong>ὀ</strong></span> <span class='ocrx_word' id='word_1_489' title='bbox 2638 3322 2788 3388; x_wconf 87' lang='grc' dir='ltr'>νοῦς,</span> <span class='ocrx_word' id='word_1_490' title='bbox 2819 3321 2988 3388; x_wconf 84' lang='grc' dir='ltr'>ὀξέως</span> <span class='ocrx_word' id='word_1_491' title='bbox 3029 3319 3091 3372; x_wconf 85' lang='grc' dir='ltr'><strong>τδ</strong></span> <span class='ocrx_word' id='word_1_492' title='bbox 3136 3316 3420 3386; x_wconf 81' lang='grc' dir='ltr'>ἀλλότριον</span> <span class='ocrx_word' id='word_1_493' title='bbox 3454 3312 3771 3384; x_wconf 75' lang='grc' dir='ltr'>ἁμάρτημα</span> 
     </span>
    </p>
   </div>
   <div class='ocr_carea' id='block_1_78' title="bbox 2183 3405 3774 3487">
    <p class='ocr_par' dir='ltr' id='par_1_78' title="bbox 2183 3405 3774 3487">
     <span class='ocr_line' id='line_1_78' title="bbox 2183 3405 3774 3487; baseline -0.013 -13"><span class='ocrx_word' id='word_1_494' title='bbox 2183 3419 2562 3482; x_wconf 76' lang='grc' dir='ltr'>καταϐλέπων,</span> <span class='ocrx_word' id='word_1_495' title='bbox 2587 3415 2787 3487; x_wconf 87' lang='grc' dir='ltr'>βραδύς</span> <span class='ocrx_word' id='word_1_496' title='bbox 2802 3415 2918 3467; x_wconf 86' lang='grc' dir='ltr'>ἐστι</span> <span class='ocrx_word' id='word_1_497' title='bbox 2945 3411 3082 3484; x_wconf 85' lang='grc' dir='ltr'>πρὸς</span> <span class='ocrx_word' id='word_1_498' title='bbox 3109 3409 3208 3481; x_wconf 77' lang='grc' dir='ltr'>τὴν</span> <span class='ocrx_word' id='word_1_499' title='bbox 3237 3407 3344 3462; x_wconf 88' lang='grc' dir='ltr'><strong>τῶν</strong></span> <span class='ocrx_word' id='word_1_500' title='bbox 3366 3405 3596 3459; x_wconf 77' lang='grc' dir='ltr'>οἰκείων</span> <span class='ocrx_word' id='word_1_501' title='bbox 3622 3405 3774 3457; x_wconf 82' lang='grc' dir='ltr'>ἐλατ-</span> 
     </span>
    </p>
   </div>
   <div class='ocr_carea' id='block_1_79' title="bbox 2184 3507 2805 3583">
    <p class='ocr_par' dir='ltr' id='par_1_79' title="bbox 2184 3507 2805 3583">
     <span class='ocr_line' id='line_1_79' title="bbox 2184 3507 2805 3583; baseline -0.013 -17"><span class='ocrx_word' id='word_1_502' title='bbox 2184 3511 2454 3583; x_wconf 86' lang='grc' dir='ltr'>τωμάτων</span> <span class='ocrx_word' id='word_1_503' title='bbox 2489 3507 2805 3576; x_wconf 87' lang='grc' dir='ltr'>ἐπίγνωσιν.</span> 
     </span>
    </p>
   </div>
   <div class='ocr_carea' id='block_1_80' title="bbox 2855 3614 3100 3684">
    <p class='ocr_par' dir='ltr' id='par_1_80' title="bbox 2855 3614 3100 3684">
     <span class='ocr_line' id='line_1_80' title="bbox 2855 3614 3100 3684; baseline -0.012 -13"><span class='ocrx_word' id='word_1_504' title='bbox 2855 3614 3100 3684; x_wconf 70' lang='grc' dir='ltr'>Θεολόγ.</span> 
     </span>
    </p>
   </div>
   <div class='ocr_carea' id='block_1_81' title="bbox 2199 3717 3517 3808">
    <p class='ocr_par' dir='ltr' id='par_1_81' title="bbox 2199 3717 3517 3808">
     <span class='ocr_line' id='line_1_81' title="bbox 2199 3717 3517 3808; baseline -0.011 -22"><span class='ocrx_word' id='word_1_505' title='bbox 2199 3731 2446 3808; x_wconf 50' lang='lat' dir='ltr'><strong>Epirum</strong></span> <span class='ocrx_word' id='word_1_506' title='bbox 2466 3727 2702 3808; x_wconf 57' lang='grc' dir='ltr'><strong>ᾳαυζὸη</strong></span> <span class='ocrx_word' id='word_1_507' title='bbox 2725 3725 2957 3808; x_wconf 51' lang='grc' dir='ltr'>πλεῖος,</span> <span class='ocrx_word' id='word_1_508' title='bbox 2989 3721 3132 3804; x_wconf 41' lang='lat' dir='ltr'><strong>ego</strong></span> <span class='ocrx_word' id='word_1_509' title='bbox 3161 3717 3517 3808; x_wconf 51' lang='grc' dir='ltr'>τῶζπέλαςζ</span> 
     </span>
    </p>
   </div>
   <div class='ocr_carea' id='block_1_82' title="bbox 2191 3788 3632 3879">
    <p class='ocr_par' dir='ltr' id='par_1_82' title="bbox 2191 3788 3632 3879">
     <span class='ocr_line' id='line_1_82' title="bbox 2191 3788 3632 3879; baseline -0.01 -24"><span class='ocrx_word' id='word_1_510' title='bbox 2191 3788 2274 3879; x_wconf 59' lang='grc' dir='ltr'><strong>ζῷ’</strong></span> <span class='ocrx_word' id='word_1_511' title='bbox 2289 3799 2408 3879; x_wconf 62' lang='grc' dir='ltr'>μέν</span> <span class='ocrx_word' id='word_1_512' title='bbox 2430 3800 2537 3868; x_wconf 71' lang='grc' dir='ltr'>γὰρ</span> <span class='ocrx_word' id='word_1_513' title='bbox 2562 3797 2744 3879; x_wconf 61' lang='grc' dir='ltr'>αρτός</span> <span class='ocrx_word' id='word_1_514' title='bbox 2773 3788 3102 3879; x_wconf 59' lang='grc' dir='ltr'>κερδανεῖς,</span> <span class='ocrx_word' id='word_1_515' title='bbox 3138 3789 3214 3855; x_wconf 81' lang='grc' dir='ltr'>τῷ</span> <span class='ocrx_word' id='word_1_516' title='bbox 3239 3789 3379 3879; x_wconf 60' lang='grc' dir='ltr'>δήοί</span> <span class='ocrx_word' id='word_1_517' title='bbox 3408 3788 3632 3872; x_wconf 45' lang='grc' dir='ltr'>στέξας.</span> 
     </span>
    </p>
   </div>
   <div class='ocr_carea' id='block_1_83' title="bbox 2183 3857 3766 3934">
    <p class='ocr_par' dir='ltr' id='par_1_83' title="bbox 2183 3857 3766 3934">
     <span class='ocr_line' id='line_1_83' title="bbox 2183 3857 3766 3934; baseline -0.01 -11"><span class='ocrx_word' id='word_1_518' title='bbox 2183 3857 2380 3922; x_wconf 54' lang='grc' dir='ltr'>Γίθῶθι</span> <span class='ocrx_word' id='word_1_519' title='bbox 2396 3857 2677 3934; x_wconf 56' lang='lat' dir='ltr'><strong>dedamur,</strong></span> <span class='ocrx_word' id='word_1_520' title='bbox 2690 3885 2694 3889; x_wconf 91' lang='grc'><strong>·</strong></span> <span class='ocrx_word' id='word_1_521' title='bbox 2708 3857 2934 3934; x_wconf 59' lang='lat' dir='ltr'><strong>aptate,</strong></span> <span class='ocrx_word' id='word_1_522' title='bbox 2951 3857 3142 3934; x_wconf 69' lang='grc' dir='ltr'>πόθεν</span> <span class='ocrx_word' id='word_1_523' title='bbox 3171 3858 3269 3934; x_wconf 64' lang='grc' dir='ltr'>καὶ</span> <span class='ocrx_word' id='word_1_524' title='bbox 3295 3857 3465 3934; x_wconf 54' lang='grc' dir='ltr'>ὅστις</span> <span class='ocrx_word' id='word_1_525' title='bbox 3483 3857 3766 3925; x_wconf 82' lang='grc' dir='ltr'>ἑτύχθης.</span> 
     </span>
    </p>
   </div>
   <div class='ocr_carea' id='block_1_84' title="bbox 2178 3929 3534 4009">
    <p class='ocr_par' dir='ltr' id='par_1_84' title="bbox 2178 3929 3534 4009">
     <span class='ocr_line' id='line_1_84' title="bbox 2178 3929 3534 4009; baseline -0.012 -15"><span class='ocrx_word' id='word_1_526' title='bbox 2178 3939 2354 4009; x_wconf 14' lang='grc' dir='ltr'><strong>’Ῥεῐά</strong></span> <span class='ocrx_word' id='word_1_527' title='bbox 2379 3955 2487 3993; x_wconf 81' lang='grc' dir='ltr'>κεν</span> <span class='ocrx_word' id='word_1_528' title='bbox 2522 3932 2638 3990; x_wconf 84' lang='grc' dir='ltr'>ὦδε</span> <span class='ocrx_word' id='word_1_529' title='bbox 2664 3929 2857 4004; x_wconf 52' lang='grc' dir='ltr'>τύχῃς</span> <span class='ocrx_word' id='word_1_530' title='bbox 2886 3933 3146 3997; x_wconf 70' lang='grc' dir='ltr'>κάλλεος</span> <span class='ocrx_word' id='word_1_531' title='bbox 3171 3929 3534 3998; x_wconf 82' lang='grc' dir='ltr'>ἀρχετύπου.</span> 
     </span>
    </p>
   </div>
   <div class='ocr_carea' id='block_1_85' title="bbox 2254 4038 3768 4120">
    <p class='ocr_par' dir='ltr' id='par_1_85' title="bbox 2254 4038 3768 4120">
     <span class='ocr_line' id='line_1_85' title="bbox 2254 4038 3768 4120; baseline -0.009 -16"><span class='ocrx_word' id='word_1_532' title='bbox 2254 4049 2719 4120; x_wconf 82' lang='grc' dir='ltr'>Διδύμου.-Τὸ</span> <span class='ocrx_word' id='word_1_533' title='bbox 2755 4047 2956 4101; x_wconf 80' lang='grc' dir='ltr'>εἰδέναι</span> <span class='ocrx_word' id='word_1_534' title='bbox 2999 4045 3123 4099; x_wconf 84' lang='grc' dir='ltr'>τινὰ</span> <span class='ocrx_word' id='word_1_535' title='bbox 3151 4055 3154 4058; x_wconf 82' lang='grc'><strong>’</strong></span> <span class='ocrx_word' id='word_1_536' title='bbox 3178 4043 3261 4096; x_wconf 82' lang='grc' dir='ltr'><strong>ὅτι</strong></span> <span class='ocrx_word' id='word_1_537' title='bbox 3314 4042 3517 4109; x_wconf 85' lang='grc' dir='ltr'>ἀγνοεῖ,</span> <span class='ocrx_word' id='word_1_538' title='bbox 3579 4038 3768 4109; x_wconf 72' lang='grc' dir='ltr'>σοφίας</span> 
     </span>
    </p>
   </div>
   <div class='ocr_carea' id='block_1_86' title="bbox 2185 4131 3700 4206">
    <p class='ocr_par' dir='ltr' id='par_1_86' title="bbox 2185 4131 3700 4206">
     <span class='ocr_line' id='line_1_86' title="bbox 2185 4131 3700 4206; baseline -0.007 -9"><span class='ocrx_word' id='word_1_539' title='bbox 2185 4144 2362 4197; x_wconf 89' lang='grc' dir='ltr'>ἐστίν·</span> <span class='ocrx_word' id='word_1_540' title='bbox 2396 4144 2473 4206; x_wconf 84' lang='grc' dir='ltr'>ὡς</span> <span class='ocrx_word' id='word_1_541' title='bbox 2503 4141 2598 4195; x_wconf 75' lang='grc' dir='ltr'><strong>καὶ</strong></span> <span class='ocrx_word' id='word_1_542' title='bbox 2628 4139 2688 4194; x_wconf 81' lang='grc' dir='ltr'><strong>τὸ</strong></span> <span class='ocrx_word' id='word_1_543' title='bbox 2711 4140 2910 4194; x_wconf 79' lang='grc' dir='ltr'>εἰδέναι</span> <span class='ocrx_word' id='word_1_544' title='bbox 2931 4139 3011 4192; x_wconf 83' lang='grc' dir='ltr'>ὅτι</span> <span class='ocrx_word' id='word_1_545' title='bbox 3042 4135 3290 4206; x_wconf 70' lang='grc' dir='ltr'>ἠδίκησε,</span> <span class='ocrx_word' id='word_1_546' title='bbox 3321 4131 3700 4202; x_wconf 78' lang='grc' dir='ltr'>δικαιοσύνης.</span> 
     </span>
    </p>
   </div>
   <div class='ocr_carea' id='block_1_87' title="bbox 2252 4310 3764 4412">
    <p class='ocr_par' dir='ltr' id='par_1_87' title="bbox 2252 4310 3764 4412">
     <span class='ocr_line' id='line_1_87' title="bbox 2252 4310 3764 4412; baseline -0.005 -15"><span class='ocrx_word' id='word_1_547' title='bbox 2252 4346 2554 4412; x_wconf 82' lang='grc' dir='ltr'>Χρυσοστ.</span> <span class='ocrx_word' id='word_1_548' title='bbox 2579 4370 2650 4384; x_wconf 92' lang='lat'><strong>-——</strong></span> <span class='ocrx_word' id='word_1_549' title='bbox 2672 4334 2841 4403; x_wconf 77' lang='grc' dir='ltr'>Οὗτος</span> <span class='ocrx_word' id='word_1_550' title='bbox 2873 4340 3110 4411; x_wconf 85' lang='grc' dir='ltr'>μάλιστά</span> <span class='ocrx_word' id='word_1_551' title='bbox 3129 4341 3272 4393; x_wconf 81' lang='grc' dir='ltr'>ἐστιν</span> <span class='ocrx_word' id='word_1_552' title='bbox 3293 4337 3322 4390; x_wconf 85' lang='grc' dir='ltr'><strong>ὀ</strong></span> <span class='ocrx_word' id='word_1_553' title='bbox 3355 4310 3545 4391; x_wconf 75' lang='grc' dir='ltr'>ἐαυτὸν</span> <span class='ocrx_word' id='word_1_554' title='bbox 3590 4332 3764 4399; x_wconf 82' lang='grc' dir='ltr'>εἰδὼς,</span> 
     </span>
    </p>
   </div>
   <div class='ocr_carea' id='block_1_88' title="bbox 2115 4427 3081 4506">
    <p class='ocr_par' dir='ltr' id='par_1_88' title="bbox 2115 4427 3081 4506">
     <span class='ocr_line' id='line_1_88' title="bbox 2115 4427 3081 4506; baseline -0.004 -16"><span class='ocrx_word' id='word_1_555' title='bbox 2115 4429 2157 4482; x_wconf 78' lang='grc' dir='ltr'><strong>Ι)</strong></span> <span class='ocrx_word' id='word_1_556' title='bbox 2190 4437 2218 4490; x_wconf 89' lang='grc' dir='ltr'><strong>ὀ</strong></span> <span class='ocrx_word' id='word_1_557' title='bbox 2251 4435 2416 4506; x_wconf 81' lang='grc' dir='ltr'>μηδὲν</span> <span class='ocrx_word' id='word_1_558' title='bbox 2440 4433 2631 4488; x_wconf 77' lang='grc' dir='ltr'>ἐαυτὸν</span> <span class='ocrx_word' id='word_1_559' title='bbox 2657 4427 2795 4486; x_wconf 82' lang='grc' dir='ltr'>εἶναι</span> <span class='ocrx_word' id='word_1_560' title='bbox 2819 4431 3081 4503; x_wconf 78' lang='grc' dir='ltr'>νομίζων.</span> 
     </span>
    </p>
   </div>
   <div class='ocr_carea' id='block_1_89' title="bbox 2017 4639 2252 4695">
    <p class='ocr_par' dir='ltr' id='par_1_89' title="bbox 2017 4639 2252 4695">
     <span class='ocr_line' id='line_1_89' title="bbox 2017 4639 2252 4695; baseline 0 -1"><span class='ocrx_word' id='word_1_561' title='bbox 2017 4639 2252 4695; x_wconf 63' lang='grc' dir='ltr'><strong>ΝΟΤΛΕ.</strong></span> 
     </span>
    </p>
   </div>
   <div class='ocr_carea' id='block_1_90' title="bbox 582 4774 2074 4848">
    <p class='ocr_par' dir='ltr' id='par_1_90' title="bbox 582 4774 2074 4848">
     <span class='ocr_line' id='line_1_90' title="bbox 582 4774 2074 4848; baseline 0 -17"><span class='ocrx_word' id='word_1_562' title='bbox 582 4776 890 4848; x_wconf 49' lang='lat' dir='ltr'><strong>(“Sciron</strong></span> <span class='ocrx_word' id='word_1_563' title='bbox 938 4774 1054 4827; x_wconf 75' lang='lat' dir='ltr'><strong>Alia</strong></span> <span class='ocrx_word' id='word_1_564' title='bbox 1109 4775 1351 4848; x_wconf 88' lang='lat' dir='ltr'><strong>editione</strong></span> <span class='ocrx_word' id='word_1_565' title='bbox 1405 4790 1616 4840; x_wconf 88' lang='lat' dir='ltr'><strong>errore,</strong></span> <span class='ocrx_word' id='word_1_566' title='bbox 1653 4775 1865 4848; x_wconf 52' lang='lat' dir='ltr'><strong>[Guyet&#39;</strong></span> <span class='ocrx_word' id='word_1_567' title='bbox 1919 4775 2074 4831; x_wconf 83' lang='lat' dir='ltr'><strong>Suid.</strong></span> 
     </span>
    </p>
   </div>
   <div class='ocr_carea' id='block_1_91' title="bbox 509 4847 2078 4914">
    <p class='ocr_par' dir='ltr' id='par_1_91' title="bbox 509 4847 2078 4914">
     <span class='ocr_line' id='line_1_91' title="bbox 509 4847 2078 4914; baseline -0.001 -13"><span class='ocrx_word' id='word_1_568' title='bbox 509 4848 700 4901; x_wconf 81' lang='grc' dir='ltr'>Θύννοι</span> <span class='ocrx_word' id='word_1_569' title='bbox 721 4866 735 4910; x_wconf 84' lang='lat'><strong>;</strong></span> <span class='ocrx_word' id='word_1_570' title='bbox 759 4847 946 4913; x_wconf 83' lang='lat' dir='ltr'><strong>aitque</strong></span> <span class='ocrx_word' id='word_1_571' title='bbox 979 4861 1099 4898; x_wconf 91' lang='lat' dir='ltr'><strong>esse</strong></span> <span class='ocrx_word' id='word_1_572' title='bbox 1121 4847 1300 4914; x_wconf 82' lang='lat' dir='ltr'><strong>gentis</strong></span> <span class='ocrx_word' id='word_1_573' title='bbox 1338 4860 1539 4900; x_wconf 89' lang='lat' dir='ltr'><strong>nomen</strong></span> <span class='ocrx_word' id='word_1_574' title='bbox 1565 4864 1578 4912; x_wconf 94' lang='lat'>;</span> <span class='ocrx_word' id='word_1_575' title='bbox 1608 4863 1677 4899; x_wconf 81' lang='lat' dir='ltr'><strong>ex</strong></span> <span class='ocrx_word' id='word_1_576' title='bbox 1703 4847 1936 4901; x_wconf 68' lang='lat' dir='ltr'><strong>Maximo</strong></span> <span class='ocrx_word' id='word_1_577' title='bbox 1965 4847 2078 4900; x_wconf 82' lang='lat' dir='ltr'><strong>for-</strong></span> 
     </span>
    </p>
   </div>
   <div class='ocr_carea' id='block_1_92' title="bbox 511 4914 2077 4985">
    <p class='ocr_par' dir='ltr' id='par_1_92' title="bbox 511 4914 2077 4985">
     <span class='ocr_line' id='line_1_92' title="bbox 511 4914 2077 4985; baseline 0 -14"><span class='ocrx_word' id='word_1_578' title='bbox 511 4917 654 4972; x_wconf 87' lang='lat' dir='ltr'><strong>sitan</strong></span> <span class='ocrx_word' id='word_1_579' title='bbox 706 4917 792 4970; x_wconf 90' lang='lat' dir='ltr'><strong>vel</strong></span> <span class='ocrx_word' id='word_1_580' title='bbox 841 4916 1006 4969; x_wconf 80' lang='lat' dir='ltr'><strong>etiam</strong></span> <span class='ocrx_word' id='word_1_581' title='bbox 1056 4914 1292 4985; x_wconf 75' lang='lat' dir='ltr'><strong>Stobteo,</strong></span> <span class='ocrx_word' id='word_1_582' title='bbox 1343 4914 1518 4970; x_wconf 86' lang='lat' dir='ltr'><strong>Serm.</strong></span> <span class='ocrx_word' id='word_1_583' title='bbox 1594 4916 1713 4969; x_wconf 79' lang='grc'><strong>156.</strong></span> <span class='ocrx_word' id='word_1_584' title='bbox 1764 4915 2077 4985; x_wconf 86' lang='lat' dir='ltr'><strong>Stephanus</strong></span> 
     </span>
    </p>
   </div>
   <div class='ocr_carea' id='block_1_93' title="bbox 510 4984 2079 5056">
    <p class='ocr_par' dir='ltr' id='par_1_93' title="bbox 510 4984 2079 5056">
     <span class='ocr_line' id='line_1_93' title="bbox 510 4984 2079 5056; baseline -0.001 -16"><span class='ocrx_word' id='word_1_585' title='bbox 510 4987 675 5056; x_wconf 87' lang='lat' dir='ltr'><strong>paulo</strong></span> <span class='ocrx_word' id='word_1_586' title='bbox 696 4986 896 5040; x_wconf 87' lang='lat' dir='ltr'><strong>clarius</strong></span> <span class='ocrx_word' id='word_1_587' title='bbox 920 4985 1165 5056; x_wconf 76' lang='lat' dir='ltr'><strong>exponit,</strong></span> <span class='ocrx_word' id='word_1_588' title='bbox 1191 4984 1334 5056; x_wconf 64' lang='lat' dir='ltr'><strong>@jjvq</strong></span> <span class='ocrx_word' id='word_1_589' title='bbox 1361 4986 1516 5056; x_wconf 78' lang='grc' dir='ltr'>πόλις</span> <span class='ocrx_word' id='word_1_590' title='bbox 1545 4985 1772 5054; x_wconf 72' lang='grc' dir='ltr'>Λιϐύης.</span> <span class='ocrx_word' id='word_1_591' title='bbox 1809 4984 1884 5047; x_wconf 59' lang='grc' dir='ltr'>ὡς</span> <span class='ocrx_word' id='word_1_592' title='bbox 1909 4988 2079 5056; x_wconf 83' lang='grc' dir='ltr'>Πολυ-</span> 
     </span>
    </p>
   </div>
   <div class='ocr_carea' id='block_1_94' title="bbox 514 5055 2077 5127">
    <p class='ocr_par' dir='ltr' id='par_1_94' title="bbox 514 5055 2077 5127">
     <span class='ocr_line' id='line_1_94' title="bbox 514 5055 2077 5127; baseline 0 -19"><span class='ocrx_word' id='word_1_593' title='bbox 514 5055 682 5125; x_wconf 80' lang='grc' dir='ltr'>ίστωρ</span> <span class='ocrx_word' id='word_1_594' title='bbox 712 5055 1065 5127; x_wconf 54' lang='grc' dir='ltr'>ΪΑλέξανδρος</span> <span class='ocrx_word' id='word_1_595' title='bbox 1113 5055 1138 5107; x_wconf 84' lang='grc' dir='ltr'><strong>ὀ</strong></span> <span class='ocrx_word' id='word_1_596' title='bbox 1158 5055 1660 5127; x_wconf 51' lang='grc' dir='ltr'>πολίτηςβυναῖος,</span> <span class='ocrx_word' id='word_1_597' title='bbox 1678 5056 1844 5108; x_wconf 84' lang='grc' dir='ltr'>Θυνία</span> <span class='ocrx_word' id='word_1_598' title='bbox 1870 5058 1901 5124; x_wconf 79' lang='grc' dir='ltr'>ἡ</span> <span class='ocrx_word' id='word_1_599' title='bbox 1927 5055 2077 5127; x_wconf 83' lang='grc' dir='ltr'>χώρα</span> 
     </span>
    </p>
   </div>
   <div class='ocr_carea' id='block_1_95' title="bbox 510 5125 2074 5180">
    <p class='ocr_par' dir='ltr' id='par_1_95' title="bbox 510 5125 2074 5180">
     <span class='ocr_line' id='line_1_95' title="bbox 510 5125 2074 5180; baseline 0 -1"><span class='ocrx_word' id='word_1_600' title='bbox 510 5127 619 5179; x_wconf 84' lang='grc' dir='ltr'><strong>τῶν</strong></span> <span class='ocrx_word' id='word_1_601' title='bbox 650 5125 855 5178; x_wconf 81' lang='grc' dir='ltr'>Θύνων.</span> <span class='ocrx_word' id='word_1_602' title='bbox 883 5125 960 5178; x_wconf 85' lang='lat' dir='ltr'><strong>Ac</strong></span> <span class='ocrx_word' id='word_1_603' title='bbox 983 5140 1112 5178; x_wconf 72' lang='lat' dir='ltr'><strong>nun.</strong></span> <span class='ocrx_word' id='word_1_604' title='bbox 1165 5125 1441 5178; x_wconf 88' lang='lat' dir='ltr'><strong>Tunetum</strong></span> <span class='ocrx_word' id='word_1_605' title='bbox 1497 5138 1553 5180; x_wconf 90' lang='lat' dir='ltr'><strong>et</strong></span> <span class='ocrx_word' id='word_1_606' title='bbox 1585 5125 1955 5179; x_wconf 27' lang='lat' dir='ltr'><strong>Tunetanum&quot;</strong></span> <span class='ocrx_word' id='word_1_607' title='bbox 1983 5125 2074 5179; x_wconf 82' lang='lat' dir='ltr'><strong>re-</strong></span> 
     </span>
    </p>
   </div>
   <div class='ocr_carea' id='block_1_96' title="bbox 509 5195 2075 5266">
    <p class='ocr_par' dir='ltr' id='par_1_96' title="bbox 509 5195 2075 5266">
     <span class='ocr_line' id='line_1_96' title="bbox 509 5195 2075 5266; baseline -0.001 -16"><span class='ocrx_word' id='word_1_608' title='bbox 509 5212 677 5266; x_wconf 73' lang='lat' dir='ltr'><strong>gnum</strong></span> <span class='ocrx_word' id='word_1_609' title='bbox 706 5196 760 5248; x_wconf 89' lang='lat' dir='ltr'><strong>in</strong></span> <span class='ocrx_word' id='word_1_610' title='bbox 791 5195 1002 5248; x_wconf 84' lang='lat' dir='ltr'><strong>Africa:</strong></span> <span class='ocrx_word' id='word_1_611' title='bbox 1055 5195 1304 5250; x_wconf 67' lang='lat' dir='ltr'><strong>Stobaeus</strong></span> <span class='ocrx_word' id='word_1_612' title='bbox 1343 5195 1525 5266; x_wconf 80' lang='lat' dir='ltr'><strong>jungit</strong></span> <span class='ocrx_word' id='word_1_613' title='bbox 1573 5195 1815 5266; x_wconf 87' lang='lat' dir='ltr'><strong>Pransiis</strong></span> <span class='ocrx_word' id='word_1_614' title='bbox 1844 5235 1858 5258; x_wconf 93' lang='lat'><strong>,</strong></span> <span class='ocrx_word' id='word_1_615' title='bbox 1915 5204 1970 5249; x_wconf 90' lang='lat' dir='ltr'><strong>et</strong></span> <span class='ocrx_word' id='word_1_616' title='bbox 2020 5197 2075 5249; x_wconf 89' lang='lat' dir='ltr'><strong>in</strong></span> 
     </span>
    </p>
   </div>
   <div class='ocr_carea' id='block_1_97' title="bbox 511 5265 2073 5347">
    <p class='ocr_par' dir='ltr' id='par_1_97' title="bbox 511 5265 2073 5347">
     <span class='ocr_line' id='line_1_97' title="bbox 511 5265 2073 5347; baseline 0 -28"><span class='ocrx_word' id='word_1_617' title='bbox 511 5265 746 5347; x_wconf 79' lang='lat' dir='ltr'><strong>utraque</strong></span> <span class='ocrx_word' id='word_1_618' title='bbox 772 5273 932 5335; x_wconf 81' lang='lat' dir='ltr'><strong>gente</strong></span> <span class='ocrx_word' id='word_1_619' title='bbox 987 5265 1354 5336; x_wconf 77' lang='grc' dir='ltr'>χρηστότητος</span> <span class='ocrx_word' id='word_1_620' title='bbox 1399 5265 1791 5336; x_wconf 72' lang='lat' dir='ltr'><strong>(humanitatis)</strong></span> <span class='ocrx_word' id='word_1_621' title='bbox 1823 5266 2073 5335; x_wconf 80' lang='lat' dir='ltr'><strong>exempla</strong></span> 
     </span>
    </p>
   </div>
   <div class='ocr_carea' id='block_1_98' title="bbox 511 5344 687 5407">
    <p class='ocr_par' dir='ltr' id='par_1_98' title="bbox 511 5344 687 5407">
     <span class='ocr_line' id='line_1_98' title="bbox 511 5344 687 5407; baseline -0.011 -17"><span class='ocrx_word' id='word_1_622' title='bbox 511 5344 687 5407; x_wconf 81' lang='lat' dir='ltr'><strong>ponit.</strong></span> 
     </span>
    </p>
   </div>
   <div class='ocr_carea' id='block_1_99' title="bbox 514 5403 2075 5485">
    <p class='ocr_par' dir='ltr' id='par_1_99' title="bbox 514 5403 2075 5485">
     <span class='ocr_line' id='line_1_99' title="bbox 514 5403 2075 5485; baseline -0.001 -26"><span class='ocrx_word' id='word_1_623' title='bbox 514 5403 527 5483; x_wconf 55' lang='grc' dir='ltr'><em>ξ</em></span> <span class='ocrx_word' id='word_1_624' title='bbox 584 5406 679 5485; x_wconf 59' lang='grc' dir='ltr'><strong>(ηιξ</strong></span> <span class='ocrx_word' id='word_1_625' title='bbox 706 5405 812 5459; x_wconf 75' lang='grc' dir='ltr'><strong>Καὶ</strong></span> <span class='ocrx_word' id='word_1_626' title='bbox 845 5403 1024 5485; x_wconf 34' lang='grc' dir='ltr'>γηῶθσι</span> <span class='ocrx_word' id='word_1_627' title='bbox 1053 5405 1299 5485; x_wconf 72' lang='grc' dir='ltr'>σαυτόν.</span> <span class='ocrx_word' id='word_1_628' title='bbox 1359 5405 1592 5485; x_wconf 82' lang='lat' dir='ltr'><strong>Videtur</strong></span> <span class='ocrx_word' id='word_1_629' title='bbox 1620 5420 1726 5485; x_wconf 81' lang='lat' dir='ltr'><strong>vo_x.</strong></span> <span class='ocrx_word' id='word_1_630' title='bbox 1752 5403 1946 5485; x_wconf 72' lang='grc' dir='ltr'>σαυτὸν</span> <span class='ocrx_word' id='word_1_631' title='bbox 1979 5404 2075 5458; x_wconf 87' lang='lat' dir='ltr'><strong>ad-</strong></span> 
     </span>
    </p>
   </div>
   <div class='ocr_carea' id='block_1_100' title="bbox 505 5474 2073 5544">
    <p class='ocr_par' dir='ltr' id='par_1_100' title="bbox 505 5474 2073 5544">
     <span class='ocr_line' id='line_1_100' title="bbox 505 5474 2073 5544; baseline 0.001 -17"><span class='ocrx_word' id='word_1_632' title='bbox 505 5474 741 5543; x_wconf 81' lang='lat' dir='ltr'><strong>jectitia,</strong></span> <span class='ocrx_word' id='word_1_633' title='bbox 782 5490 850 5528; x_wconf 81' lang='lat' dir='ltr'><strong>ex</strong></span> <span class='ocrx_word' id='word_1_634' title='bbox 908 5474 1014 5528; x_wconf 90' lang='lat' dir='ltr'><strong>loci</strong></span> <span class='ocrx_word' id='word_1_635' title='bbox 1060 5483 1115 5528; x_wconf 87' lang='lat' dir='ltr'><strong>et</strong></span> <span class='ocrx_word' id='word_1_636' title='bbox 1165 5477 1469 5544; x_wconf 79' lang='lat' dir='ltr'><strong>argumenti</strong></span> <span class='ocrx_word' id='word_1_637' title='bbox 1521 5476 1833 5544; x_wconf 74' lang='lat' dir='ltr'><strong>occasione,</strong></span> <span class='ocrx_word' id='word_1_638' title='bbox 1886 5474 2073 5543; x_wconf 87' lang='lat' dir='ltr'><strong>sicque</strong></span> 
     </span>
    </p>
   </div>
   <div class='ocr_carea' id='block_1_101' title="bbox 514 5542 2064 5613">
    <p class='ocr_par' dir='ltr' id='par_1_101' title="bbox 514 5542 2064 5613">
     <span class='ocr_line' id='line_1_101' title="bbox 514 5542 2064 5613; baseline 0.001 -18"><span class='ocrx_word' id='word_1_639' title='bbox 514 5542 847 5613; x_wconf 73' lang='lat' dir='ltr'><strong>iungendum</strong></span> <span class='ocrx_word' id='word_1_640' title='bbox 870 5559 994 5613; x_wconf 88' lang='lat' dir='ltr'><strong>cum</strong></span> <span class='ocrx_word' id='word_1_641' title='bbox 1025 5542 1272 5611; x_wconf 76' lang='lat' dir='ltr'><strong>reliquis,</strong></span> <span class='ocrx_word' id='word_1_642' title='bbox 1299 5545 1471 5596; x_wconf 83' lang='grc' dir='ltr'>Γνῶθι</span> <span class='ocrx_word' id='word_1_643' title='bbox 1502 5544 1603 5605; x_wconf 82' lang='grc' dir='ltr'>ὅτι,</span> <span class='ocrx_word' id='word_1_644' title='bbox 1636 5542 1776 5596; x_wconf 81' lang='lat' dir='ltr'><strong>Scito</strong></span> <span class='ocrx_word' id='word_1_645' title='bbox 1803 5542 2064 5613; x_wconf 78' lang='lat' dir='ltr'><strong>quia,etc.</strong></span> 
     </span>
    </p>
   </div>
   <div class='ocr_carea' id='block_1_102' title="bbox 515 5612 2073 5684">
    <p class='ocr_par' dir='ltr' id='par_1_102' title="bbox 515 5612 2073 5684">
     <span class='ocr_line' id='line_1_102' title="bbox 515 5612 2073 5684; baseline 0.006 -24"><span class='ocrx_word' id='word_1_646' title='bbox 515 5612 669 5677; x_wconf 66' lang='lat' dir='ltr'><strong>Quod</strong></span> <span class='ocrx_word' id='word_1_647' title='bbox 694 5622 876 5667; x_wconf 89' lang='lat' dir='ltr'><strong>autem</strong></span> <span class='ocrx_word' id='word_1_648' title='bbox 913 5612 1117 5668; x_wconf 81' lang='lat' dir='ltr'><strong>habent</strong></span> <span class='ocrx_word' id='word_1_649' title='bbox 1147 5613 1286 5667; x_wconf 77' lang='lat' dir='ltr'><strong>Sixt.</strong></span> <span class='ocrx_word' id='word_1_650' title='bbox 1315 5613 1479 5668; x_wconf 91' lang='lat' dir='ltr'><strong>Basil.</strong></span> <span class='ocrx_word' id='word_1_651' title='bbox 1514 5614 1737 5683; x_wconf 76' lang='lat' dir='ltr'><strong>Argent.</strong></span> <span class='ocrx_word' id='word_1_652' title='bbox 1785 5616 1878 5666; x_wconf 74' lang='grc' dir='ltr'><strong>καὶ</strong></span> <span class='ocrx_word' id='word_1_653' title='bbox 1913 5613 1985 5684; x_wconf 76' lang='grc' dir='ltr'><strong>μὴ</strong></span> <span class='ocrx_word' id='word_1_654' title='bbox 2018 5616 2073 5667; x_wconf 82' lang='grc' dir='ltr'><strong>ἐν</strong></span> 
     </span>
    </p>
   </div>
   <div class='ocr_carea' id='block_1_103' title="bbox 2187 4775 3755 4848">
    <p class='ocr_par' dir='ltr' id='par_1_103' title="bbox 2187 4775 3755 4848">
     <span class='ocr_line' id='line_1_103' title="bbox 2187 4775 3755 4848; baseline 0.003 -17"><span class='ocrx_word' id='word_1_655' title='bbox 2187 4779 2371 4848; x_wconf 77' lang='grc' dir='ltr'>ὁράσει</span> <span class='ocrx_word' id='word_1_656' title='bbox 2414 4776 2541 4848; x_wconf 69' lang='grc' dir='ltr'><strong>τῶν</strong></span> <span class='ocrx_word' id='word_1_657' title='bbox 2574 4775 2875 4848; x_wconf 77' lang='grc' dir='ltr'>ὀφθαλμῶν</span> <span class='ocrx_word' id='word_1_658' title='bbox 2917 4775 3210 4848; x_wconf 75' lang='grc' dir='ltr'>σου,ψιο(ἰ</span> <span class='ocrx_word' id='word_1_659' title='bbox 3265 4787 3323 4832; x_wconf 91' lang='lat' dir='ltr'><strong>et</strong></span> <span class='ocrx_word' id='word_1_660' title='bbox 3367 4789 3643 4846; x_wconf 74' lang='lat' dir='ltr'><strong>expressut</strong></span> <span class='ocrx_word' id='word_1_661' title='bbox 3677 4786 3755 4836; x_wconf 44' lang='lat' dir='ltr'><strong>ius</strong></span> 
     </span>
    </p>
   </div>
   <div class='ocr_carea' id='block_1_104' title="bbox 2185 4846 3752 4917">
    <p class='ocr_par' dir='ltr' id='par_1_104' title="bbox 2185 4846 3752 4917">
     <span class='ocr_line' id='line_1_104' title="bbox 2185 4846 3752 4917; baseline 0.002 -16"><span class='ocrx_word' id='word_1_662' title='bbox 2185 4846 2397 4917; x_wconf 82' lang='lat' dir='ltr'><strong>terpres</strong></span> <span class='ocrx_word' id='word_1_663' title='bbox 2420 4846 2708 4910; x_wconf 88' lang='lat' dir='ltr'><strong>Arabicus,</strong></span> <span class='ocrx_word' id='word_1_664' title='bbox 2733 4847 2879 4901; x_wconf 89' lang='lat' dir='ltr'><strong>haud</strong></span> <span class='ocrx_word' id='word_1_665' title='bbox 2901 4846 3101 4902; x_wconf 91' lang='lat' dir='ltr'><strong>mendo</strong></span> <span class='ocrx_word' id='word_1_666' title='bbox 3128 4862 3316 4902; x_wconf 82' lang='lat' dir='ltr'><strong>carere</strong></span> <span class='ocrx_word' id='word_1_667' title='bbox 3339 4848 3583 4914; x_wconf 87' lang='lat' dir='ltr'><strong>videtur,</strong></span> <span class='ocrx_word' id='word_1_668' title='bbox 3612 4853 3752 4904; x_wconf 83' lang='lat' dir='ltr'><strong>male</strong></span> 
     </span>
    </p>
   </div>
   <div class='ocr_carea' id='block_1_105' title="bbox 2183 4917 3748 4998">
    <p class='ocr_par' dir='ltr' id='par_1_105' title="bbox 2183 4917 3748 4998">
     <span class='ocr_line' id='line_1_105' title="bbox 2183 4917 3748 4998; baseline 0.001 -27"><span class='ocrx_word' id='word_1_669' title='bbox 2183 4918 2395 4998; x_wconf 76' lang='lat' dir='ltr'><strong>adjecta</strong></span> <span class='ocrx_word' id='word_1_670' title='bbox 2427 4924 2814 4998; x_wconf 41' lang='lat' dir='ltr'><strong>negat.ﬁqu.am</strong></span> <span class='ocrx_word' id='word_1_671' title='bbox 2843 4932 2952 4972; x_wconf 87' lang='lat' dir='ltr'><strong>nec</strong></span> <span class='ocrx_word' id='word_1_672' title='bbox 2975 4917 3154 4998; x_wconf 57' lang='lat' dir='ltr'><strong>Hebr.</strong></span> <span class='ocrx_word' id='word_1_673' title='bbox 3193 4917 3422 4998; x_wconf 74' lang='lat' dir='ltr'><strong>habent,</strong></span> <span class='ocrx_word' id='word_1_674' title='bbox 3456 4934 3560 4998; x_wconf 76' lang='lat' dir='ltr'><strong>nec</strong></span> <span class='ocrx_word' id='word_1_675' title='bbox 3590 4919 3748 4998; x_wconf 78' lang='lat' dir='ltr'><strong>Vulg.</strong></span> 
     </span>
    </p>
   </div>
   <div class='ocr_carea' id='block_1_106' title="bbox 2184 4986 3747 5057">
    <p class='ocr_par' dir='ltr' id='par_1_106' title="bbox 2184 4986 3747 5057">
     <span class='ocr_line' id='line_1_106' title="bbox 2184 4986 3747 5057; baseline -0.001 -17"><span class='ocrx_word' id='word_1_676' title='bbox 2184 4988 2473 5055; x_wconf 76' lang='lat' dir='ltr'><strong>interpret.</strong></span> <span class='ocrx_word' id='word_1_677' title='bbox 2497 4996 2593 5040; x_wconf 88' lang='lat' dir='ltr'><strong>aut</strong></span> <span class='ocrx_word' id='word_1_678' title='bbox 2615 4986 2821 5056; x_wconf 81' lang='lat' dir='ltr'><strong>Syriae.</strong></span> <span class='ocrx_word' id='word_1_679' title='bbox 2841 4995 3272 5057; x_wconf 76' lang='lat' dir='ltr'><strong>expunguntque</strong></span> <span class='ocrx_word' id='word_1_680' title='bbox 3299 4987 3423 5042; x_wconf 89' lang='lat' dir='ltr'><strong>cod.</strong></span> <span class='ocrx_word' id='word_1_681' title='bbox 3447 4986 3747 5057; x_wconf 71' lang='lat' dir='ltr'><strong>Alexandr.</strong></span> 
     </span>
    </p>
   </div>
   <div class='ocr_carea' id='block_1_107' title="bbox 2183 5055 3749 5125">
    <p class='ocr_par' dir='ltr' id='par_1_107' title="bbox 2183 5055 3749 5125">
     <span class='ocr_line' id='line_1_107' title="bbox 2183 5055 3749 5125; baseline 0 -15"><span class='ocrx_word' id='word_1_682' title='bbox 2183 5066 2239 5110; x_wconf 92' lang='lat' dir='ltr'><strong>et</strong></span> <span class='ocrx_word' id='word_1_683' title='bbox 2261 5057 2472 5110; x_wconf 81' lang='lat' dir='ltr'><strong>Vatabl.</strong></span> <span class='ocrx_word' id='word_1_684' title='bbox 2531 5055 2887 5124; x_wconf 84' lang='lat' dir='ltr'><strong>Paraphrasis</strong></span> <span class='ocrx_word' id='word_1_685' title='bbox 2935 5055 3155 5125; x_wconf 82' lang='lat' dir='ltr'><strong>quoque</strong></span> <span class='ocrx_word' id='word_1_686' title='bbox 3191 5055 3502 5112; x_wconf 86' lang='lat' dir='ltr'><strong>Chaldaica.</strong></span> <span class='ocrx_word' id='word_1_687' title='bbox 3538 5056 3608 5110; x_wconf 85' lang='lat' dir='ltr'><strong>Et</strong></span> <span class='ocrx_word' id='word_1_688' title='bbox 3643 5067 3749 5110; x_wconf 75' lang='lat' dir='ltr'><strong>esto</strong></span> 
     </span>
    </p>
   </div>
   <div class='ocr_carea' id='block_1_108' title="bbox 2183 5125 3742 5181">
    <p class='ocr_par' dir='ltr' id='par_1_108' title="bbox 2183 5125 3742 5181">
     <span class='ocr_line' id='line_1_108' title="bbox 2183 5125 3742 5181; baseline 0 -2"><span class='ocrx_word' id='word_1_689' title='bbox 2183 5135 2366 5179; x_wconf 79' lang='lat' dir='ltr'><strong>cautus</strong></span> <span class='ocrx_word' id='word_1_690' title='bbox 2394 5128 2446 5179; x_wconf 83' lang='lat' dir='ltr'><strong>in</strong></span> <span class='ocrx_word' id='word_1_691' title='bbox 2481 5126 2595 5179; x_wconf 80' lang='lat' dir='ltr'><strong>visu</strong></span> <span class='ocrx_word' id='word_1_692' title='bbox 2641 5125 2912 5179; x_wconf 87' lang='lat' dir='ltr'><strong>oculorum</strong></span> <span class='ocrx_word' id='word_1_693' title='bbox 2969 5133 3232 5179; x_wconf 83' lang='lat' dir='ltr'><strong>tuorum:</strong></span> <span class='ocrx_word' id='word_1_694' title='bbox 3281 5141 3382 5180; x_wconf 87' lang='lat' dir='ltr'><strong>nec</strong></span> <span class='ocrx_word' id='word_1_695' title='bbox 3432 5126 3592 5181; x_wconf 86' lang='lat' dir='ltr'><strong>Amh.</strong></span> <span class='ocrx_word' id='word_1_696' title='bbox 3649 5128 3742 5179; x_wconf 91' lang='lat' dir='ltr'><strong>lib.</strong></span> 
     </span>
    </p>
   </div>
   <div class='ocr_carea' id='block_1_109' title="bbox 2181 5194 3747 5276">
    <p class='ocr_par' dir='ltr' id='par_1_109' title="bbox 2181 5194 3747 5276">
     <span class='ocr_line' id='line_1_109' title="bbox 2181 5194 3747 5276; baseline 0.001 -28"><span class='ocrx_word' id='word_1_697' title='bbox 2181 5196 2259 5248; x_wconf 87' lang='lat' dir='ltr'><strong>De</strong></span> <span class='ocrx_word' id='word_1_698' title='bbox 2289 5195 2449 5266; x_wconf 65' lang='lat' dir='ltr'><strong>:Virg.</strong></span> <span class='ocrx_word' id='word_1_699' title='bbox 2497 5196 2659 5276; x_wconf 72' lang='lat' dir='ltr'><strong>aliter</strong></span> <span class='ocrx_word' id='word_1_700' title='bbox 2691 5194 3006 5276; x_wconf 49' lang='lat' dir='ltr'><strong>legeritLEt</strong></span> <span class='ocrx_word' id='word_1_701' title='bbox 3048 5197 3104 5249; x_wconf 81' lang='lat' dir='ltr'><strong>in</strong></span> <span class='ocrx_word' id='word_1_702' title='bbox 3128 5203 3424 5276; x_wconf 49' lang='lat' dir='ltr'><strong>conspectu</strong></span> <span class='ocrx_word' id='word_1_703' title='bbox 3475 5196 3747 5276; x_wconf 54' lang='lat' dir='ltr'><strong>ocuiornm</strong></span> 
     </span>
    </p>
   </div>
   <div class='ocr_carea' id='block_1_110' title="bbox 2184 5264 3744 5346">
    <p class='ocr_par' dir='ltr' id='par_1_110' title="bbox 2184 5264 3744 5346">
     <span class='ocr_line' id='line_1_110' title="bbox 2184 5264 3744 5346; baseline 0 -28"><span class='ocrx_word' id='word_1_704' title='bbox 2184 5264 2429 5346; x_wconf 56' lang='lat' dir='ltr'><strong>tuorum}</strong></span> <span class='ocrx_word' id='word_1_705' title='bbox 2453 5265 2662 5346; x_wconf 74' lang='lat' dir='ltr'><strong>reliqua</strong></span> <span class='ocrx_word' id='word_1_706' title='bbox 2687 5264 2855 5346; x_wconf 74' lang='lat' dir='ltr'><strong>enim,</strong></span> <span class='ocrx_word' id='word_1_707' title='bbox 2887 5264 2964 5346; x_wconf 58' lang='lat' dir='ltr'><strong>Et</strong></span> <span class='ocrx_word' id='word_1_708' title='bbox 2986 5281 3088 5319; x_wconf 84' lang='lat' dir='ltr'><strong>non</strong></span> <span class='ocrx_word' id='word_1_709' title='bbox 3121 5267 3176 5346; x_wconf 72' lang='lat' dir='ltr'><strong>in</strong></span> <span class='ocrx_word' id='word_1_710' title='bbox 3203 5264 3430 5320; x_wconf 77' lang='lat' dir='ltr'><strong>audacia</strong></span> <span class='ocrx_word' id='word_1_711' title='bbox 3474 5266 3744 5346; x_wconf 68' lang='lat' dir='ltr'><strong>oculorum</strong></span> 
     </span>
    </p>
   </div>
   <div class='ocr_carea' id='block_1_111' title="bbox 2184 5335 3740 5403">
    <p class='ocr_par' dir='ltr' id='par_1_111' title="bbox 2184 5335 3740 5403">
     <span class='ocr_line' id='line_1_111' title="bbox 2184 5335 3740 5403; baseline 0.001 -17"><span class='ocrx_word' id='word_1_712' title='bbox 2184 5344 2417 5400; x_wconf 80' lang='lat' dir='ltr'><strong>tuorum,</strong></span> <span class='ocrx_word' id='word_1_713' title='bbox 2473 5335 2646 5403; x_wconf 87' lang='lat' dir='ltr'><strong>ipsius</strong></span> <span class='ocrx_word' id='word_1_714' title='bbox 2692 5335 2967 5390; x_wconf 81' lang='lat' dir='ltr'><strong>Ambrosii</strong></span> <span class='ocrx_word' id='word_1_715' title='bbox 3027 5335 3193 5390; x_wconf 89' lang='lat' dir='ltr'><strong>verba</strong></span> <span class='ocrx_word' id='word_1_716' title='bbox 3245 5343 3392 5398; x_wconf 90' lang='lat' dir='ltr'><strong>sunt,</strong></span> <span class='ocrx_word' id='word_1_717' title='bbox 3435 5351 3544 5389; x_wconf 90' lang='lat' dir='ltr'><strong>non</strong></span> <span class='ocrx_word' id='word_1_718' title='bbox 3598 5335 3740 5389; x_wconf 81' lang='lat' dir='ltr'><strong>sacri</strong></span> 
     </span>
    </p>
   </div>
   <div class='ocr_carea' id='block_1_112' title="bbox 2183 5404 3738 5475">
    <p class='ocr_par' dir='ltr' id='par_1_112' title="bbox 2183 5404 3738 5475">
     <span class='ocr_line' id='line_1_112' title="bbox 2183 5404 3738 5475; baseline -0.001 -18"><span class='ocrx_word' id='word_1_719' title='bbox 2183 5412 2394 5475; x_wconf 78' lang='lat' dir='ltr'><strong>textus;</strong></span> <span class='ocrx_word' id='word_1_720' title='bbox 2465 5405 2612 5475; x_wconf 5' lang='lat' dir='ltr'><strong>male,</strong></span> <span class='ocrx_word' id='word_1_721' title='bbox 2656 5404 2892 5475; x_wconf 82' lang='lat' dir='ltr'><strong>proinde</strong></span> <span class='ocrx_word' id='word_1_722' title='bbox 2942 5404 3176 5475; x_wconf 84' lang='lat' dir='ltr'><strong>adducta</strong></span> <span class='ocrx_word' id='word_1_723' title='bbox 3215 5421 3245 5459; x_wconf 87' lang='lat' dir='ltr'><strong>a</strong></span> <span class='ocrx_word' id='word_1_724' title='bbox 3293 5405 3532 5469; x_wconf 83' lang='lat' dir='ltr'><strong>Nobilio,</strong></span> <span class='ocrx_word' id='word_1_725' title='bbox 3570 5405 3738 5472; x_wconf 89' lang='lat' dir='ltr'><strong>&#39;quasi</strong></span> 
     </span>
    </p>
   </div>
   <div class='ocr_carea' id='block_1_113' title="bbox 2180 5473 3738 5554">
    <p class='ocr_par' dir='ltr' id='par_1_113' title="bbox 2180 5473 3738 5554">
     <span class='ocr_line' id='line_1_113' title="bbox 2180 5473 3738 5554; baseline 0 -27"><span class='ocrx_word' id='word_1_726' title='bbox 2180 5474 2399 5554; x_wconf 78' lang='lat' dir='ltr'><strong>faveant</strong></span> <span class='ocrx_word' id='word_1_727' title='bbox 2442 5474 2620 5530; x_wconf 85' lang='lat' dir='ltr'><strong>codici</strong></span> <span class='ocrx_word' id='word_1_728' title='bbox 2658 5473 2939 5531; x_wconf 43' lang='lat' dir='ltr'><strong>&#39;Vaticano</strong></span> <span class='ocrx_word' id='word_1_729' title='bbox 2989 5474 3098 5530; x_wconf 84' lang='grc' dir='ltr'><strong>τῶν</strong></span> <span class='ocrx_word' id='word_1_730' title='bbox 3151 5475 3296 5531; x_wconf 84' lang='lat' dir='ltr'><strong>LXX</strong></span> <span class='ocrx_word' id='word_1_731' title='bbox 3343 5475 3400 5530; x_wconf 90' lang='lat' dir='ltr'><strong>in</strong></span> <span class='ocrx_word' id='word_1_732' title='bbox 3443 5476 3534 5531; x_wconf 88' lang='lat' dir='ltr'><strong>illa</strong></span> <span class='ocrx_word' id='word_1_733' title='bbox 3566 5489 3738 5544; x_wconf 83' lang='lat' dir='ltr'><strong>nega-</strong></span> 
     </span>
    </p>
   </div>
   <div class='ocr_carea' id='block_1_114' title="bbox 2185 5553 2349 5598">
    <p class='ocr_par' dir='ltr' id='par_1_114' title="bbox 2185 5553 2349 5598">
     <span class='ocr_line' id='line_1_114' title="bbox 2185 5553 2349 5598; baseline -0.012 0"><span class='ocrx_word' id='word_1_734' title='bbox 2185 5553 2349 5598; x_wconf 78' lang='lat' dir='ltr'><strong>tione.</strong></span> 
     </span>
    </p>
   </div>
  </div>
