3994 6172
459 257 554 320 971

1626 256 1684 313 S.
1726 255 2010 314 MAXIMI
2052 255 2558 316 CONFESSORIS
3615 252 3725 321 Ξῖτῖ

458 370 868 440 Cogitationum
916 385 1070 433 usus,
1110 367 1203 437 qui
1241 368 1284 421 si
1345 382 1410 420 ex
1468 375 1680 419 natura:
1722 365 2029 420 rationibus

2157 366 2437 437 ιπάρθητιο
2461 368 2575 420 τότε
2601 366 2705 440 γὰρ
2738 368 2830 419 ἐπὶ
2857 367 2934 437 τῷ
2970 367 3047 436 σῷ
3079 366 3511 436 πλεονεκτήματι
3542 367 3722 438 ἐπαρ-

429 463 648 527 ‘fuerit,
685 461 801 530 ipse
832 469 882 515 te
912 459 1127 516 efferto.
1171 459 1329 513 Tunc
1378 457 1527 510 enim
1595 457 1877 525 praeclara,
1924 472 2032 526 qua

436 554 654 623 polles,
690 552 819 606 dote
855 561 906 605 te
940 552 1057 621 ipse
1090 550 1372 605 extuleris.

514 638 916 694 Chilo.—-Chilo
931 640 1298 708 interrogatus
1312 635 1442 707 quid
1457 634 1994 690 essetdiﬂicillimum
2016 654 2028 689 :

458 729 654 792 Nosse,
691 727 892 798 inquit,
921 729 1186 798 seipsum.
1225 728 1338 782 llac
1369 727 1518 782 enim
1551 726 1902 782 commodum
1934 726 2033 780 ad-

459 820 760 875 monitione
791 819 1020 888 superbi
1051 819 1416 888 castigantur,
1450 817 1548 887 qui
1575 832 1744 888 supra
1765 816 2030 872 virtutem

460 913 643 982 inepte
671 911 982 983 gloriantur
1015 920 1183 980 atque
1215 909 1484 980 gestiunt.

1038 1040 1268 1094 SERMO
1310 1038 1472 1094 LVII.

633 1157 715 1222 De.
742 1157 974 1211 bonitate
1000 1171 1087 1210 seu
1115 1155 1438 1223 benignitate
1485 1169 1548 1206 ac
1577 1152 1815 1208 lenitate.

527 1267 660 1324 Luc.
685 1283 760 1331 vi,
791 1265 888 1319 35.
907 1296 976 1305 -—
998 1262 1334 1327 Benefacite,
1358 1269 1415 1316 et
1438 1270 1692 1316 mutuum
1715 1261 1862 1324 date,
1895 1259 2033 1316 nihil

2135 457 2293 528 θήσῃ.

2203 637 2447 690 Χείλων.
2468 666 2536 675 -
2559 636 2766 689 Χείλων
2797 636 3110 708 ἐρωτηθεὶς,
3141 636 3194 688 τί
3217 635 3276 688 τὸ
3306 634 3720 705 χαλεπώτατον,

2149 725 2223 778 Τὸ
2248 726 2536 793 γινώσκειν
2579 727 2788 790 ἑαυτὸν,
2821 727 2945 796 ἔφη.
2978 727 3259 796 Χρήσιμον
3287 726 3395 794 γὰρ
3425 725 3506 787 είς
3533 727 3721 779 νουθε-

2137 816 2258 870 σίαν
2299 815 2410 868 τῶν
2454 815 2749 880 ἀλαζόνων,
2791 815 2841 868 οἶ
2875 815 3013 886 ὑπὲρ
3051 814 3146 885 τὴν
3207 814 3417 866 ἑαυτῶν
3472 813 3712 884 δύναμιν

2136 905 2484 981 φλυαροῦσιν.

2701 1044 2918 1098 ΛΟΓΟΣ
2953 1045 3057 1098 NZ'
3091 1043 3158 1096 ’³.

2620 1157 2757 1224 Περὶ
2793 1158 3223 1226 χρηστότητος.

2209 1266 2393 1316 Λουκ.
2427 1269 2502 1327 ς’.
2528 1293 2600 1304 -—-
2635 1265 3041 1332 ’Δγαθοποιεῖτε
3089 1266 3180 1318 καί
3211 1264 3512 1331 δανείζετε,
3542 1265 3721 1337 μηδὲν

461 1356 592 1410 inde
625 1366 945 1425 sperantes;
983 1364 1038 1408 ct
1096 1353 1204 1408 erit
1240 1366 1453 1407 merces
1497 1358 1683 1405 vestra
1724 1351 1934 1416 multa;
1979 1361 2029 1406 et

2157 1351 2560 1420 ίπελπίζοντες,
2591 1356 2687 1408 καὶ
2720 1355 2874 1410 ἔσται
2899 1358 2927 1409 ὁ
2963 1356 3156 1427 μισθὸς
3193 1357 3346 1428 ὑμῶν
3390 1357 3581 1422 πολὺς,
3615 1360 3718 1412 καὶ

459 1449 617 1502 eritis
640 1447 740 1501 filii
769 1446 1066 1509 Altissimi,
1101 1443 1230 1514 quia
1269 1443 1384 1512 ipse
1431 1441 1704 1511 benignus
1734 1449 1820 1494 est
1868 1454 2029 1510 super

2157 1444 2323 1497 ἱσεσθε
2372 1447 2478 1499 υἱοὶ
2515 1447 2794 1516 Ὑψίστου,
2826 1447 3112 1514 ὃτι,αὐτδς
3154 1448 3392 1518 χρηστός
3439 1450 3590 1504 ἐστιν
3617 1452 3713 1504 ἐπὶ

438 1541 710 1611 ingratos
747 1547 803 1593 et
834 1537 1027 1590 malos.
2023 1609 2029 1611 _

2157 1535 2261 1599 τοὺς
2293 1537 2620 1607 ἀχαρίστους
2657 1539 2752 1593 καί
2783 1538 3073 1610 πονηρούς.

533 1609 824 1701 Ephes.1v,
853 1628 940 1683 52.
975 1657 1042 1670 ——
1066 1626 1254 1681 Estote
1293 1624 1530 1679 invicem
1563 1621 1788 1692 benigni
1825 1629 1883 1675 et
1927 1609 2029 1674 mil

2226 1629 2353 1698 Ἐφ.
2391 1629 2462 1683 δ’.
2491 1659 2562 1669 —
2590 1613 2808 1684 Γίνεσθε
2867 1609 2948 1695 sic
3005 1630 3267 1701 ἀλλήλους
3336 1633 3568 1703 χρηστοί
3617 1636 3712 1687 καὶ

438 1721 796 1786 ~sericordes,
854 1720 1127 1773 donantes
1179 1716 1452 1781 invicem,
1507 1722 1652 1769 sxcut
1699 1722 1756 1767 et
1805 1712 1951 1766 Deus
1979 1712 2029 1766 in

2157 1717 2524 1790 εὔσπλαγχνοι,
2560 1722 2906 1792 χαριζόμενοι
2933 1723 3167 1787 ἑαυτοῖς,
3197 1719 3381 1780 καθὼς
3405 1724 3498 1775 καί
3525 1725 3553 1776 ό
3580 1724 3714 1788 Θεὸς

460 1814 682 1870 Christo
715 1811 939 1868 donavit
974 1810 1153 1866 vobis.

516 1903 734 1960 Coloss.
771 1919 850 1969 ιιι,
884 1902 971 1956 12.
1005 1900 1308 1956 —lnduite
1337 1915 1436 1954 vos
1465 1899 1676 1955 viscera
1713 1899 2033 1955 misericor-

461 1995 587 2062 dire,
615 1993 1048 2064 benignitatem,
1099 1991 1430 2046 modestiam
1473 1990 1669 2056 animi,
1718 1990 2028 2055 lenitatem,

442 2081 974 2138 mansuetudinem.

529 2173 692 2228 Prov.
721 2191 778 2240 ιι,
813 2174 903 2227 21.
934 2192 1008 2214 --'
1037 2171 1172 2227 Boni
1198 2179 1361 2226 erunt
1391 2169 1733 2226 habitatores
1767 2177 1951 2236 terra},
1976 2179 2032 2224 et

461 2265 788 2321 innocentes
814 2264 1180 2321 remanebunt
1206 2263 1260 2317 in
1283 2277 1366 2317 ea.

528 2357 805 2423 Christus,
834 2358 930 2428 qui
960 2357 1140 2412 bonus
1171 2365 1256 2412 est
1289 2371 1355 2411 ac
1402 2355 1607 2419 suavis,
1666 2354 1784 2408 viso
1808 2353 2031 2410 homine

446 2461 631 2516 quem
691 2447 1060 2511 formaverat,
1114 2463 1225 2501 non
1271 2446 1482 2501 dimisit
1529 2460 1626 2500 eos
1665 2459 1844 2514 neque
1877 2445 2035 2500 dere-

446 2537 651 2606 liquit,
682 2538 984 2592 clementer
1010 2538 1090 2591 eis
1120 2544 1304 2592 utens.

449 2633 460 2640 ‘
525 2628 1092 2700 Basilii.-—Imagiue
1117 2628 1350 2700 fulgeo',
1403 2626 1551 2698 quod
1595 2641 1718 2682 sum
1770 2623 2037 2696 praeditus

444 2721 704 2787 ratione;
744 2722 1037 2777 nanciscor
1066 2736 1198 2776 vero
1238 2721 1685 2787 similitudinem,
1739 2721 1891 2791 quod
1933 2720 2033 2776 be-

445 2813 661 2884 nignus
693 2827 758 2868 ac
786 2813 960 2867 comis
990 2813 1086 2867 lio.

527 2903 894 2959 Adversarios
947 2903 1241 2973 subjugare
1267 2942 1282 2966 ,
1323 2900 1429 2957 viri
1477 2900 1640 2955 fortis
1681 2902 1754 2956 sit
1778 2901 1857 2956 'ac
1904 2916 2034 2956 vere

467 2995 770 3066 principis;
796 2994 959 3051 victis
978 3001 1163 3049 autem
1185 2994 1492 3065 jugumque
1542 2992 1919 3048 subeuntibus
1953 2993 2032 3047 le-

463 3101 590 3140 nem
607 3101 668 3141 se
691 3094 748 3140 et
775 3094 1120 3141 mansuetum
1153 3083 1400 3154 praebere
1419 3123 1433 3148 ,
1481 3083 1604 3154 ejus
1619 3081 1713 3152 qui
1754 3083 2027 3152 magnitu-

465 3178 594 3233 dine
617 3177 785 3232 animi
816 3192 878 3233 ac
896 3176 1212 3247 placiditate
1242 3173 1502 3229 omnibus
1537 3180 1779 3243 praestet.

541 3269 786 3340 Dionysii
836 3268 1186 3338 Areopagitae.
1237 3298 1309 3308 ——
1341 3265 1499 3333 Quod
1542 3262 1723 3319 modis
1774 3263 2032 3319 omnibus

459 3357 590 3414 boni
620 3373 818 3427 expers
873 3364 978 3421 est,
1028 3357 1082 3411 id
1131 3371 1399 3427 nusquam
1439 3369 1691 3426 prorsus,
1754 3354 1843 3408 vel
1886 3362 2028 3418 erat,

457 3450 546 3505 vel
577 3458 681 3514 est,
706 3450 792 3504 vel
817 3449 944 3513 erit,
965 3449 1048 3503 vel
1077 3464 1198 3504 esse
1231 3454 1433 3519 potest.

540 3627 810 3700 Theologi.
851 3658 920 3670 —
948 3629 1219 3683 Bonitatis
1275 3626 1445 3681 habet
1488 3625 1706 3680 laudem
1737 3623 2030 3693 feritatem

452 3721 693 3777 lenitate
730 3720 984 3787 vincere;
1016 3736 1081 3775 ac
1127 3720 1329 3790 quibus
1357 3719 1521 3774 malis
1553 3717 1736 3773 aﬂ'ecti
1761 3718 2034 3788 patienter

454 3811 742 3878 ferimus,
795 3811 1010 3882 injuriae
1077 3819 1333 3866 auctores
1385 3808 1633 3864 melioris
1689 3808 1864 3879 frugis
1913 3807 2027 3862 eili-

461 3919 610 3960 cere.

464 4017 675 4072 Cunctis
701 4018 953 4087 benignus
983 4015 1512 4087 esto,_sed_ma_xime
1543 4013 1816 4087 proximis.

462 4088 560 4141 Dei
579 4087 669 4140 tibi
694 4079 1088 4155 benignitatem,
1119 4085 1231 4152 ipse
1253 4083 1505 4155 benignus
1526 4079 1768 4155 mitisque
1787 4079 2026 4155 concilio.

465 4156 745 4221 Quodnam
777 4148 1006 4206 lenitatis
1032 4148 1338 4205 documento
1356 4148 1722 4204 documentum
1743 4148 1944 4202 brevius
1973 4149 1997 4202 ?

461 4225 624 4358 86?
657 4223 797 4277 Talis
821 4231 928 4276 esto
956 4223 1140 4276 amicis
1162 4230 1210 4274 et
1250 4222 1528 4290 proximis,

515 4311 579 4346 na
609 4309 659 4345 es
687 4293 777 4346 tibi
809 4293 910 4358 ipsi
941 4291 1061 4345 illos
1084 4308 1190 4345 esse
1213 4291 1307 4345 vis.

515 4291 659 4346 nales
687 4293 777 4346 tibi
809 4293 910 4364 ipsi
941 4291 1061 4345 illos
1084 4308 1190 4345 esse
1213 4291 1307 4345 vis.

2140 1812 2197 1866 ὲν
2228 1811 2449 1883 Χριστῷ
2485 1812 2777 1882 ἐχαρίσατο
2811 1814 2960 1883 ὑμῖν.

2205 1905 2472 1958 Κολοσσ.
2502 1908 2571 1973 γ’.
2604 1933 2677 1942 —
2719 1903 3045 1958 Ἐνδύσασθε
3086 1903 3370 1975 σπλάγχνα
3396 1904 3710 1975 οἰκτιρμοῦ,

2134 1994 2502 2066 χρηστότητα,
2533 1995 3063 2067 ταπεινοφροσύνην,
3108 1995 3510 2068 μακροθυμίαν,
3543 1998 3716 2070 apud-

2131 2101 2294 2156 τητα.
3264 2148 3267 2149 ν

2204 2181 2448 2248 Παροιμ.
2473 2179 2560 2243 β’.
2586 2209 2654 2221 —-
2681 2179 2926 2251 Χρηστοὶ
2981 2179 3195 2235 ἔσονται
3247 2182 3532 2251 οἰκήτορες
3569 2180 3672 2252 γῆς
3690 2192 3712 2212 ⁸

2134 2265 2336 2321 ἄκακοι
2365 2268 2423 2322 δὲ
2455 2269 2950 2340 ύπολειφθήσονται
2979 2272 3037 2325 ὲν
3066 2271 3226 2343 αὐτῇ.

2200 2359 2432 2430 Χριστὸς
2488 2361 2724 2431 χρηστὸς
2769 2361 2969 2433 ὣν(η),
3019 2363 3115 2417 καὶ
3179 2363 3304 2417 ίδὼν
3354 2362 3419 2418 τὸ
3477 2364 3712 2436 πλάσμα

2133 2448 2322 2514 αὐτοῦ,
2356 2450 2478 2504 οὕτε
2525 2451 2728 2522 ἀνῆκεν
2755 2453 2974 2521 αὐτοὺς,
2999 2452 3124 2508 οὔτε
3159 2454 3418 2509 κατέλιπε
3450 2455 3710 2527 φειδόμεο

2133 2558 2220 2605 νος
2252 2541 2442 2600 αὐτῶν.

2208 2633 2418 2684 Βασιλ.
2446 2661 2518 2670 --
2567 2631 2642 2684 Τὸ
2691 2634 2812 2686 κατ’
2865 2633 3050 2687 εἰκόνα
3099 2633 3229 2703 ἔχω,
3279 2635 3337 2687 ὲν
3373 2633 3450 2698 τῷ
3490 2634 3712 2702 λογικὸς

2135 2717 2312 2774 εἶναι*
2346 2723 2405 2774 τὸ
2442 2721 2501 2775 δὲ
2535 2722 2659 2777 καθ’
2690 2724 2954 2795 ὁμοίωσιν
2975 2724 3222 2794 γίνομαι,
3265 2725 3327 2778 ὲν
3367 2724 3443 2794 τῷ
3473 2727 3710 2797 χρηστὸς

2137 2809 2410 2879 γενέσθαι.

2205 2899 2279 2954 Τὸ
2306 2901 2406 2970 μὲν
2434 2901 2543 2971 γὰρ
2578 2900 2705 2965 τοὺς
2735 2901 3133 2964 ἀντιτείνοντας
3172 2901 3278 2955 ὑπὸ
3305 2904 3462 2974 χεῖρα
3493 2903 3708 2973 λαμϐά-

2137 3008 2268 3056 νειν,
2313 2992 2558 3063 ἀνδρείου
2609 3008 2668 3044 τε
2716 2992 2809 3045 καὶ
2851 2991 3111 3063 ἄρχοντος
3131 2991 3206 3055 ὡς
3231 2992 3479 3063 ἀληθῶς·
3512 2995 3620 3055 τοῖς
3643 2993 3706 3046 δὲ

2133 3082 2554 3136 ύποπεπτωκόσι
2582 3082 2819 3154 χρηστὸν
2847 3077 2985 3136 εῖναι
3008 3083 3103 3134 καὶ
3133 3083 3328 3154 πρᾶον,
3364 3082 3708 3154 μεγαλοφροο

2134 3175 2265 3245 σύνῃ
2291 3175 2507 3228 πάντων
2541 3177 2636 3227 καὶ
2663 3175 2962 3246 ἡμερότητι
2993 3173 3359 3244 διαφέροντος.

2203 3266 2522 3319 Διονυσίου
2549 3265 2656 3320 τοῦ
2704 3258 3151 3340 Ἆρςιοπαγίτου.
3171 3294 3236 3303 -
3260 3264 3333 3316 Τὸ
3365 3265 3504 3318 κατὰ
3526 3266 3708 3321 πάντα

2133 3356 2332 3426 τρόπον
2377 3355 2471 3408 τοῦ
2515 3357 2724 3425 ἀγαθοῦ
2776 3356 3160 3427 ἐστερημένον,
3194 3356 3404 3427 οὐδαμῆ
3452 3357 3710 3428 οὐδαμῶς

2133 3447 2256 3500 οὔτε
2289 3443 2380 3518 ἦν,
2413 3446 2537 3502 οὔτε
2579 3448 2754 3516 ἐστιν,
2795 3447 2919 3502 οὔτε
2968 3447 3145 3514 ἔσται,
3194 3447 3315 3501 οὔτε
3357 3443 3496 3502 εἶναι
3538 3447 3706 3501 δύναο

2133 3557 2240 3595 ται.

2204 3631 2529 3701 Θεολόγου.
2559 3660 2629 3670 -
2669 3629 2897 3698 Ἀγαθὸν
2928 3629 3255 3700 χρηστότητι
3291 3630 3448 3701 νικᾷν
3501 3627 3709 3699 θρασύ-

2132 3737 2292 3790 τητα,
2326 3720 2422 3773 καὶ
2461 3719 2704 3789 βελτίους
2733 3721 2905 3774 ποιεῖν
2942 3719 3069 3782 τοὺς
3097 3716 3434 3785 ἀδικοῦντας,
3465 3711 3542 3782 οἷς
3569 3734 3707 3790 καρ-

2133 3829 2190 3866 τε
2198 3812 2293 3883 ροῦ
2302 3829 2402 3884 μεν
2441 3812 2762 3883 πάσχοντες.

2133 4016 2291 4072 Πᾶσι
2313 4017 2431 4085 μὲν
2453 4015 2577 4070 ἴσθι
2610 4013 2894 4084 χρηστὸς,
2921 4012 3110 4068 πλέον
3141 4013 3209 4068 δὲ
3247 4009 3666 4085 τοῖς-Αὲγτιστα.

2133 4081 2486 4151 Ζήτείθεοῦ
2511 4081 3040 4153 σοίᾶρὴστότητα,
3071 4082 3328 4152 χρηστὸς
3357 4081 3461 4136 ὢν.

2138 4158 2197 4208 Τί
2222 4156 2627 4224 χρηστότητος
2652 4155 2840 4224 δόγμα
2867 4153 3355 4224 συντομώτ-εροκ;
3494 4163 3502 4172 ’

2138 4221 2408 4289 Τοιοῦτος
2437 4224 2563 4277 ἴσθι
2592 4223 2714 4288 τοῖς
2734 4221 2942 4289 φίλοις
2967 4221 3067 4275 καί
3095 4222 3219 4287 τοῖς
3247 4221 3454 4287 πέλας,

2135 4295 2310 4360 Οῖους
2338 4291 2571 4358 σεαυτῷ
2594 4292 2812 4346 τούσδε
2839 4291 3157 4361 τυγχάνειν
3183 4291 3398 4357 θέλεις.

531 4403 795 4475 Chrysost.
819 4433 890 4444 —
911 4404 1059 4459 Deus
1081 4419 1193 4457 non
1218 4403 1397 4457 solum
1419 4416 1648 4457 munera
1665 4399 2023 4464 conferendo,

2202 4401 2692 4470 Χρυσοστ.-ούκ
2716 4399 3020 4470 εὐεργετῶν
3052 4399 3234 4470 μόνον,
3261 4399 3400 4453 ἀλλὰ
3418 4398 3512 4451 καὶ
3540 4397 3711 4451 κολά-

462 4511 652 4552 verum
683 4495 849 4551 etiam
873 4510 1064 4565 poenas
1100 4493 1417 4564 irrogando,
1445 4493 1626 4549 bonus
1666 4499 1723 4546 et
1756 4491 2027 4561 benignus

459 4604 523 4643 ac
547 4589 792 4643 clemens
836 4597 942 4641 est.
973 4586 1106 4656 Ejus
1134 4585 1281 4639 enim
1310 4583 1806 4638 animadversionis
1837 4599 1903 4638 ac
1928 4598 2024 4638 ca-

460 4681 769 4751 stigationis
793 4680 912 4748 ipse
945 4676 1063 4747 rigo
1084 4692 1132 4741 r,
1167 4675 1419 4730 beneﬁcii
1437 4681 1602 4743 atque
1629 4672 1873 4727 muneris
1901 4687 2029 4741 pars

459 4771 697 4826 maxima
745 4779 850 4824 est.
905 4767 1040 4822 Nam
1082 4774 1138 4820 et
1200 4766 1471 4830 medicus,
1523 4778 1634 4818 non
1677 4771 1810 4817 tunc
1849 4761 2024 4816 solum

460 4862 669 4935 cumin
699 4860 988 4915 hortorum
1016 4865 1410 4928 pratorumque
1438 4867 1675 4918 amoma,
1707 4860 1802 4906 aut
1825 4852 1880 4906 in
1911 4851 2026 4905 bal-

2134 4493 2240 4557 ζων
2265 4492 2468 4561 ἀγαθός
2489 4494 2607 4545 ἐστι
2628 4491 2724 4545 καὶ
2739 4490 3123 4562 φιλάνθρωπος
3151 4493 3180 4544 ὁ
3207 4491 3360 4554 Θεός.
3381 4491 3492 4544 Καὶ
3511 4489 3618 4558 γὰρ
3647 4491 3706 4541 αἱ

2135 4581 2385 4642 κολάσεις
2407 4579 2572 4634 αὐτοῦ
2594 4579 2685 4632 καὶ
2707 4579 2767 4632 αἱ
2793 4577 3079 4648 τιμωρίαι,
3107 4579 3361 4648 μέγιστον
3383 4578 3702 4650 εὐεργεσίας

2139 4672 2305 4742 μέρος
2333 4670 2473 4724 εἰσίν
2498 4687 2514 4704 ο
2532 4671 2656 4724 ἐπεὶ
2681 4670 2774 4724 καὶ
2802 4669 3006 4738 ίατρδς,
3025 4669 3125 4739 οὐχ
3165 4669 3295 4724 ὅταν
3326 4671 3406 4732 είς
3445 4667 3679 4738 παραδεί

2138 4777 2265 4822 σους
2304 4762 2400 4813 καὶ
2433 4759 2705 4830 λειμῶνας
2741 4759 2910 4830 ἐξάγῃ
2941 4759 3031 4812 τὸν
3059 4759 3336 4829 κάμνοντα
3379 4760 3557 4828 μόνον,
3593 4757 3708 4810 οὐδ’

2131 4845 2257 4899 ὅταν
2284 4846 2364 4910 είς
2398 4846 2655 4916 βαλανεῖα
2678 4848 2774 4900 καὶ
2791 4846 3172 4918 κολυμεήθρας
3193 4847 3417 4911 ὑδάτων,
3448 4847 3583 4900 ἀλλά
3609 4849 3708 4900 καὶ

459 4939 594 5009 neas
650 4967 714 5007 ac
760 4949 1000 5021 piscinas
1041 4947 1523 5026 educitaagrotum
1549 4985 1564 5009 ,
1620 4944 1716 4999 Sed
1745 4952 1959 5011 et_cum
1992 4959 2023 4998 a

2157 4954 2258 4992 ταν
2281 4938 2467 4993 ἄσιτον
2497 4939 2699 5011 κελεύῃ
2727 4940 3027 5010 διαμεῖναι,
3065 4940 3192 4994 ὅταν
3214 4939 3410 5010 τέμνῃ,
3444 4940 3573 4991 ὅταν
3607 4956 3702 4990 πι-

459 5045 602 5100 cibis
625 5040 1020 5099 abstinentiam
1064 5039 1240 5110 jubet,
1274 5052 1400 5094 cum
1435 5045 1605 5102 secat,
1659 5051 1783 5090 cum
1833 5050 2019 5090 amara

505 5195 852 5254 ’⁸⁸1ηϐεειι.
902 5193 1055 5249 Stob.
1097 5193 1214 5248 1'57.

2130 5029 2241 5102 κρά
2307 5031 2570 5114 προσάγει
2622 5031 2891 5104 φάρμακα
2917 5071 2933 5098 ,
2999 5032 3124 5084 τότε
3181 5030 3279 5084 καὶ
3328 5029 3509 5099 ἰατρός
3557 5030 3711 5080 ἐστιν

1951 5251 2180 5312 NOTAE.

531 5407 618 5479 (η)
647 5404 897 5481 Χριστὸς
920 5401 1191 5481 χρηστόςί
1221 5397 1324 5452 ὢν.
1357 5371 2033 5481 Ῑξίτιιιιυτε-εέίίίο-ῐιεῴαιίῖ

458 5463 575 5535 dita
597 5463 706 5530 vui
740 5463 972 5543 Σειρᾶχῖ
997 5463 1332 5543 (ᾑυεεῖιοειιδ
1359 5467 1428 5520 sit
1459 5463 1730 5543 eerelcli‘.
1763 5471 2035 5543 sumptus,

459 5532 605 5628 ἐριιύ
632 5559 795 5628 quem
816 5532 1180 5628 ιίοιίῖζςέεᾟικ
1218 5538 1344 5628 5.“.9;
1386 5535 1576 5628 Et}:
1625 5532 1758 5628 ἓξὲξ
1807 5532 2039 5628 ξ.ξὲῗίῨὲ

460 5601 687 5682 dicitur,
718 5613 910 5681 hisque
934 5611 1011 5665 illi
1041 5609 1219 5666 aﬂinia
1248 5601 1588 5660 tribuuntur.
1630 5601 1773 5657 Ball.
1818 5616 2037 5669 quoque

2141 5391 2347 5460 Κύριος
2365 5380 2634 5460 χρηστὸς,
2662 5386 2770 5460 etsi
2792 5386 3062 5460 b_r_evi_tate
3099 5383 3330 5460 Χριστὸς
3359 5382 3540 5460 potius
3559 5383 3708 5460 scri-

2148 5453 2442 5529 ptumes't.
2472 5453 2598 5529 Nec
2621 5453 2804 5529 aliter
2821 5455 3086 5529 Maximus
3139 5453 3438 5529 εεζὶρεειῆι⁸
3478 5468 3544 5506 ex
3581 5453 3706 5507 lau-

2148 5522 2276 5583 dato
2299 5528 2394 5582 illo
2423 5528 2550 5597 Sap.
2583 5527 2742 5597 Illud,
2764 5526 2996 5595 Χριστὸς
3035 5522 3285 5597 mna-cas,
3317 5522 3509 5576 durius
3533 5537 3708 5589 quam

2148 5615 2248 5668 pro
2275 5600 2395 5668 ejus
2423 5594 2560 5652 vena
2592 5594 2878 5664 videatur,
2912 5608 3003 5649 nec
3044 5594 3388 5648 affectatione
3414 5606 3629 5646 carens.
