3994 6172
452 225 559 285 9ἶὸ

1587 228 1647 289 S.
1693 226 1981 288 MAXIMI
2022 229 2529 295 CONFESSORIS

3607 249 3747 315 976

524 341 731 396 Basilii.
767 341 993 397 -—-Cum
1051 340 1207 395 bruta
1256 351 1517 411 mutaque
1564 343 1863 398 animantia
1917 360 2004 398 sua

2202 351 2418 404 Βασιλ.
2451 383 2520 392 -
2551 354 2612 407 Εἰ
2647 354 2714 409 τά
2744 356 2914 426 ἄλογα
2938 359 3263 431 ἐπινοητικά
3284 363 3378 418 καὶ
3400 366 3746 433 φυλακτικὰ

451 433 743 488 consulant
772 431 936 486 saluti
966 431 1182 499 sibique
1214 433 1437 487 solertia
1467 442 1807 500 caveant,ac
1830 434 2020 504 piscis,

451 522 586 593 quid
617 523 722 577 sibi
755 520 1202 592 prosequendum
1229 562 1244 587 ,
1304 523 1510 592 quidve
1556 522 1878 594 fugiendum
1910 524 2021 590 sit,

449 630 562 670 non
590 614 828 679 nesciat;
877 613 1010 683 quid
1043 629 1144 669 nos
1171 614 1376 669 dicturi
1413 631 1625 681 sumus,
1677 616 1771 686 qui
1814 617 2022 671 doctri-

400 740 413 746 ς
448 705 537 759 nis
571 704 797 767 exculti,
855 704 1071 774 legibus
1120 706 1357 760 instituti
1389 747 1403 771 ,
1456 706 1745 776 promissis
1782 707 2020 775 invitati,

448 787 657 864 Spiritu
683 794 888 859 edocti,
922 797 1091 850 mutis
1124 803 1307 850 tamen
1330 795 1576 864 piscibus
1601 811 1632 849 a
1656 796 1871 851 ratione
1906 813 2024 852 ser-

445 885 738 953 monisque
777 886 930 940 cultu
979 887 1154 957 magis
1198 886 1387 951 alieni,
1445 886 1555 957 legi
1607 887 1809 943 cedere
1843 904 2021 956 .recu-

444 983 631 1029 Samus
660 974 684 1027 ?

510 1061 664 1115 Fieri
695 1076 807 1115 non
847 1070 1033 1131 potest
1060 1070 1121 1116 ut
1144 1063 1191 1117 is
1211 1063 1447 1118 salutem
1492 1074 1868 1136 consequatur
1921 1068 2017 1137 qui

443 1150 541 1206 Dei
558 1152 814 1206 mandata
843 1168 952 1207 non
976 1155 1315 1221 servaverit;
1340 1171 1443 1211 nec
1462 1166 1621 1211 vacat
1638 1159 1906 1228 periculo.
1930 1160 2017 1214 vel

442 1260 615 1299 unum
640 1246 773 1315 quid
797 1261 989 1300 eorum
1021 1262 1142 1315 qua:
1167 1245 1329 1301 nobis
1349 1247 1459 1301 sint
1478 1258 1750 1319 praecepta
1770 1251 2016 1320 neglige-

443 1351 521 1390 re.
540 1334 736 1390 Gravis
756 1337 903 1390 enim
926 1336 1091 1392 elatio
1112 1344 1216 1402 est,
1234 1343 1297 1390 ut
1314 1338 1432 1407 ers
1455 1338 1551 1407 qui
1568 1339 1744 1408 legem
1769 1339 1894 1393 tulit
1911 1339 2012 1409 ipsi

436 1426 653 1496 judiees
669 1414 976 1493 sedeamus,
990 1427 1203 1496 aliaque
1220 1429 1339 1497 ejus
1355 1429 1490 1483 scita
1501 1430 1888 1498 approbemus,
1907 1430 2015 1485 alia

441 1516 818 1585 improbemus
838 1515 901 1571 ac
920 1517 1257 1586 rejiciamus.
1286 1518 1423 1572 Cum
1456 1519 1604 1573 enim
1637 1529 1889 1590 oporteat
1912 1521 2011 1575 Dei

439 1606 717 1660 hominem
739 1606 1043 1676 perfectum
1063 1622 1206 1673 esse,
1231 1610 1458 1663 omnino
1479 1626 1705 1665 necesse
1729 1619 1886 1666 estut
1912 1627 2010 1681 per

2134 440 2236 511 τῆς
2267 443 2447 498 αὐτῶν
2474 449 2750 517 σωτηρίας
2778 452 2907 513 εἰσὶ,
2940 454 3033 509 καὶ
3065 448 3173 507 οἶδε
3202 457 3263 509 τὸ
3291 458 3511 528 αἱρετὸν
3542 460 3742 514 αὑτοῦ

2133 534 2230 587 καὶ
2270 537 2332 589 τὸ
2380 540 2614 606 φευκτὸν
2663 542 2817 612 ἰχθύς
2843 560 2856 574 ⁸
2886 546 2942 599 τί
2977 547 3214 618 ἐροῦμεν
3260 551 3421 621 ἡμεῖς
3451 554 3502 605 οί
3526 555 3740 622 λόγοις

2129 630 2502 697 τετιμημένοι.
2541 632 2635 686 καὶ
2664 634 2849 705 νόμοις
2877 639 3323 709 πεπαιδευμένοι,
3352 643 3738 713 ἐπαγγελίαις

2130 720 2579 788 προτραπέντες,
2643 725 2924 794 Πνεύματι
2975 730 3366 797 σοφισθέντεςο
3419 729 3541 787 εἶτα
3597 736 3731 788 τῶν

2130 808 2339 877 ἀλόγων
2371 811 2570 881 ἰχθύων
2597 814 2936 884 ἀλογώτερον
2968 818 3038 871 τὰ
3071 820 3192 872 καθ’
3217 822 3444 886 ἑαυτοὺς
3468 823 3733 879 διατιθέ-

2132 915 2303 968 μενοι,
2341 903 2418 973 μὴ
2446 904 2756 973 πειθόμενοι
2784 908 2861 978 τῷ
2885 909 3037 982 νόμῳ
3063 911 3311 967 ὑπείκειν
3337 930 3353 979 ;

2199 1051 2273 1104 Οὐ
2303 1051 2531 1107 δυνατὸν
2561 1055 2800 1126 σωθῆναι
2833 1058 2908 1128 μὴ
2939 1058 3199 1113 ποιοῦντα
3225 1060 3296 1114 τὰ
3328 1069 3459 1115 κατ’
3479 1064 3720 1135 ἐντολὴν

2123 1141 2220 1195 τοῦ
2259 1143 2395 1197 Θεοῦ
2439 1145 2577 1215 ἔργα
2615 1162 2627 1175 ⁸
2653 1146 2779 1200 οὔτε
2819 1148 2882 1200 τὸ
2922 1150 3171 1220 παριδεῖν
3214 1168 3267 1204 τι
3306 1153 3416 1205 τῶν
3460 1171 3714 1224 προστε-

2124 1228 2417 1305 ταγμένων
2456 1238 2759 1292 ἀκίνδυνον.
2787 1240 2945 1311 Δεινὴ
2994 1240 3103 1312 γὰρ
3140 1244 3174 1312 ἡ
3216 1242 3469 1315 ἔπαρσις,
3507 1248 3718 1316 κριτὰς

2124 1325 2273 1396 ἡμᾶς
2301 1324 2395 1378 τοῦ
2439 1326 2727 1396 νομοθέτου
2769 1327 3117 1392 καθέζεσθαι,
3162 1330 3259 1383 καὶ
3300 1332 3430 1395 τοὺς
3463 1334 3566 1403 μὲν
3607 1336 3712 1401 ἐγ-

2123 1415 2331 1485 κρίνειν
2363 1415 2473 1470 τῶν
2503 1417 2703 1487 νόμων,
2735 1420 2862 1481 τοὺς
2887 1419 2944 1472 δὲ
2969 1420 3463 1491 παραπέμπεσθαι.
3490 1425 3557 1476 Et
3592 1426 3708 1496 γὰρ

2121 1505 2203 1558 δεῖ
2246 1505 2453 1561 τέλειον
2486 1503 2627 1561 εἶναι
2664 1508 2755 1562 τὸν
2806 1509 2902 1563 τοῦ
2945 1509 3082 1564 Θεοῦ
3137 1511 3449 1581 ἄνθρωπον,
3477 1516 3703 1586 ἀνάγκη

2123 1599 2275 1651 πᾶσα
2310 1597 2399 1653 διὰ
2433 1598 2616 1670 πάσης
2642 1599 2865 1670 ἐντολῆς
2899 1602 3350 1674 καταρτισθῆναι,
3378 1606 3460 1669 είς
3493 1606 3703 1676 μέτρον

438 1707 601 1750 omne
629 1696 970 1763 mandatum,
1006 1698 1063 1753 in
1084 1715 1396 1755 mensuram
1418 1711 1640 1757 statura:
1657 1703 2004 1772 plenitudinis

2122 1686 2337 1757 ἡλικίας
2377 1687 2470 1741 τοῦ
2521 1687 2896 1759 πληρώματος
2931 1690 3025 1743 τοῦ
3068 1692 3312 1761 Χριστοῦ
3344 1709 3362 1725 ο
3394 1696 3521 1749 ἐπεὶ
3557 1698 3704 1750 κατὰ

433 1784 641 1840 Christi
686 1785 901 1857 (Ephes.
964 1804 1040 1852 tv,
1087 1789 1153 1842 l3
1180 1787 1222 1859 ),
1263 1790 1636 1859 perﬁciatur:
1677 1792 1899 1861 quando
1946 1807 2014 1847 ex

435 1873 622 1929 divina
645 1874 786 1944 lege,
842 1891 1158 1947 quanquam
1191 1874 1461 1934 mundum
1489 1890 1575 1935 est
1608 1881 1758 1950 quod
1810 1882 2014 1937 immo-

436 1966 580 2020 latur
611 1965 739 2038 [nisi
774 1967 1083 2036 perfectum
1117 1985 1181 2024 ac
1242 1969 1544 2043 integrum]
1586 1981 1872 2042 acceptum
1902 1973 2013 2028 Deo

436 2058 491 2113 in
518 2056 852 2113 sacriﬁcium
879 2074 989 2114 non
1021 2060 1293 2117 habeatur
1328 2060 1515 2133 (Leuit.
1559 2077 1689 2128 xxn,
1720 2064 1835 2136 29).

508 2145 769 2218 Thcologi.
800 2178 872 2187 —
896 2148 954 2203 Si
978 2150 1127 2219 quod
1159 2166 1403 2218 eramus,
1457 2167 1973 2221 persevaressemus
1993 2194 2008 2220 ,

433 2246 599 2307 atque
628 2238 948 2294 mandatum
972 2255 1369 2309 servassemus,
1397 2242 1452 2298 id
1474 2242 1622 2314 quod
1656 2259 1767 2300 non
1789 2259 2010 2300 eramus

434 2329 622 2398 utique
655 2330 992 2385 exstitissem
1002 2346 1084 2387 us.
1130 2394 1149 2401 ι

501 2420 730 2477 Dulcius
756 2420 891 2492 quid
937 2431 1022 2478 est
1054 2422 1244 2479 doceri
1291 2423 1360 2480 de
1390 2423 1527 2490 Deo,
1577 2441 1745 2497 quam
1781 2426 2004 2483 docere.

502 2604 699 2659 Verbis
741 2605 965 2675 quidem
1005 2623 1191 2677 parce,
1245 2608 1510 2678 operibus
1559 2618 1743 2665 autem
1786 2610 2007 2666 abunde

424 2695 691 2765 pietatem
708 2695 1005 2764 prodentes
1028 2714 1043 2764 ;
1072 2699 1369 2768 legumque
1385 2699 1572 2768 potius
1593 2701 2005 2771 observatione,

429 2801 597 2856 quam
648 2785 797 2855 quod
846 2786 1218 2856 legislatorem
1270 2788 1653 2857 admiremur,
1703 2792 1913 2847 amoris
1948 2793 2006 2847 in

426 2893 556 2934 eum
583 2877 839 2932 affectum
868 2878 1247 2934 ostendamus.

497 2968 739 3041 Legibus
786 2969 1068 3040 subjectus
1114 2986 1176 3025 es
1206 2985 1270 3027 ac
1313 2971 1618 3027 Dominicis
1652 2975 1882 3044 regulis,
1934 2992 2005 3032 ex

428 3080 662 3136 quarum
688 3080 883 3119 norma
916 3064 1084 3118 vitam
1127 3072 1178 3118 te
1205 3078 1537 3134 componere
1583 3069 1879 3123 convenit.-
1900 3071 2001 3124 Λι-

427 3171 538 3226 que
576 3156 630 3210 id
662 3156 905 3225 primum
930 3171 998 3210 ex
1030 3156 1207 3225 teipso
1233 3156 1546 3222 considera,
1576 3158 1755 3227 ipsum
1782 3175 2001 3231 quoque

428 3247 673 3301 animum
708 3255 865 3301 tuum
897 3245 1121 3301 virtutis
1154 3248 1446 3317 przeceptis
1477 3248 1724 3319 undique
1747 3266 1868 3306 esse
1899 3252 2001 3307 ob-

427 3335 677 3390 noxium.
707 3333 921 3406 Corpus
946 3336 1112 3391 etiam
1171 3337 1291 3407 ejus
1319 3338 1414 3408 qui
1446 3340 1715 3405 condidit,
1746 3357 1978 3398 munere

427 3424 708 3494 accepisti,
748 3425 993 3495 quinque
1016 3426 1280 3481 sensibus
1329 3427 1399 3481 ad
1448 3428 1577 3483 vitae
1618 3430 1807 3485 munia
1845 3447 2000 3487 com-

427 3516 724 3570 munitum.
760 3517 839 3571 Ac
863 3532 932 3571 ne
954 3517 991 3571 ii
1030 3518 1256 3588 quidem
1291 3518 1453 3574 liberi
1481 3528 1635 3586 sunt,
1668 3522 1867 3592 suique
1898 3540 1998 3594 pe-

424 3606 576 3660 nitus
595 3606 757 3677 juris,
789 3606 885 3662 sed
911 3608 1112 3679 singuli
1151 3609 1371 3680 legibus
1401 3612 1720 3681 mancipati.
1749 3614 2000 3670 Primus-

423 3712 531 3766 que
562 3696 617 3751 in
637 3698 719 3753 eis
738 3698 894 3753 audit
925 3701 1160 3755 oculus:
1195 3701 1352 3767 Vide,
1382 3703 1585 3772 inquit,
1632 3712 1690 3759 et
1728 3715 1998 3762 contuere

423 3804 545 3857 quas
569 3790 689 3844 visu
713 3791 943 3846 honesta
969 3792 1108 3858 sint;
1132 3802 1392 3862 praestare
1416 3795 1547 3849 item
1576 3796 1754 3865 ipsum
1773 3812 1993 3863 eruere,

424 3879 517 3934 ubi
551 3880 840 3936 inhoneste
862 3890 920 3936 et
949 3898 1073 3951 quae
1104 3884 1268 3939 noxia
1298 3885 1434 3950 sint,
1468 3888 1750 3956 aspexerit
1781 3889 1993 3959 (Matth.

419 3984 570 4034 xvm,
591 3969 667 4039 9).
711 3971 876 4025 Auris
914 3986 1135 4041 quoque
1178 3973 1235 4025 in
1275 3972 1555 4028 mandatis
1584 3975 1795 4042 habet;
1827 3976 1997 4034 habet

419 4066 477 4114 et
502 4060 664 4131 667
696 4061 885 4129 lingua
918 4075 983 4114 ac
1005 4061 1263 4116 similiter
1285 4077 1483 4118 sensus
1514 4064 1736 4134 reliqui.

485 4150 601 4205 Nec
616 4152 934 4220 navigantes
954 4156 1132 4203 tutum
1150 4159 1235 4206 est
1265 4161 1418 4207 extra
1444 4162 1666 4222 portum
1692 4157 1990 4227 appellere,

418 4254 523 4294 nec
595 4251 746 4294 caret
798 4241 1067 4310 periculo,
1102 4242 1196 4313 qui
1227 4243 1432 4311 vivant,
1463 4253 1616 4302 extra
1643 4246 1992 4320 disciplinam

416 4330 624 4387 vivere.

489 4422 650 4495 Leges
677 4421 976 4495 obseruans,
1008 4430 1203 4477 metum
1229 4424 1376 4495 foras
1417 4428 1613 4493 mittes;

484 4493 574 4549 ΔΗ
610 4508 670 4546 eo
688 4494 827 4546 enim
849 4494 1096 4547 immunis
1129 4493 1237 4560 est,
1253 4497 1489 4566 quisquis
1518 4497 1655 4568 leges
1684 4506 1876 4555 servat.

484 4607 605 4661 Duo
627 4616 759 4661 sunt
799 4607 1005 4677 quibus
1046 4609 1307 4678 regimur,
1347 4618 1545 4665 natura
1568 4619 1623 4666 et
1648 4610 1771 4679 lex;
1810 4614 1985 4673 vincit

415 4707 599 4755 autem
631 4702 809 4773 legem
842 4712 1059 4758 natura.
1284 4726 1287 4731 ν
1736 4710 1741 4715 ”

481 4789 670 4865 Chrys.
689 4824 760 4835 —-
778 4794 1007 4849 Peccata
1034 4810 1104 4849 ex
1133 4796 1463 4852 necessitate
1485 4800 1782 4855 commissa
1810 4800 1982 4856 etiam

411 4883 562 4955 leges
586 4886 765 4941 solent
798 4886 1137 4943 condonare.
1644 4950 1655 4957 ,
1775 4967 1780 4971 .

479 4975 688 5048 Legum
717 4994 891 5049 genus
918 4980 1137 5051 triplex:
1184 4980 1273 5036 lex
1332 4991 1561 5047 naturae,
1625 4983 1714 5039 lex
1771 4986 1979 5055 scripta

412 5067 579 5141 Moysi
612 5069 829 5139 tradita,
861 5067 1025 5127 etlex
1057 5072 1266 5143 gratize.

2113 1776 2206 1831 τὸν
2253 1775 2400 1831 θεῖον
2441 1776 2606 1848 νόμον
2645 1777 2751 1831 κᾶν
2775 1775 3073 1853 καθαρδνῇ
3100 1780 3193 1835 τὸν
3219 1782 3572 1853 τελούμενον,
3604 1784 3703 1857 [ἂν

2116 1867 2193 1939 μὴ
2214 1869 2416 1922 τέλειον
2441 1869 2535 1925 καὶ
2554 1868 2746 1941 όλόκλη
2755 1868 2896 1941 ρον,]
2909 1870 3273 1940 άπρόσδεκτον
3293 1874 3374 1944 (q)
3401 1874 3480 1939 είς
3498 1875 3702 1931 θυσίαν

2111 1957 2190 2029 τῷ
2217 1958 2357 2030 Θεῷ.

2184 2129 2499 2199 Θεολότου.
2530 2160 2600 2172 --
2626 2131 2692 2184 Et
2727 2130 2828 2202 μὲν
2859 2129 2955 2185 οῦν
2987 2130 3284 2203 ἐμείναμεν
3330 2135 3470 2206 ὅπερ
3520 2130 3699 2207 ἦμεν,

2112 2220 2206 2273 καὶ
2233 2221 2335 2292 τὴν
2363 2221 2585 2292 ἐντολὴν
2609 2222 2977 2294 ὲφυλάξαμεν,
3000 2222 3303 2294 ἐγενόμεθα
3323 2226 3389 2279 ἂν
3414 2228 3556 2298 ὅπερ
3587 2230 3699 2282 οὐκ

2194 2331 2273 2368 εν.

2194 2331 2273 2368 εν.

2108 2308 2277 2468 ἦμὪς
2340 2403 2489 2479 ἥδιόν
2557 2423 2609 2461 τι
2681 2409 2981 2480 μανθάνειν
3013 2453 3030 2479 ,
3095 2410 3128 2484 ἢ
3195 2414 3471 2469 διδάσκειν
3551 2417 3694 2487 περὶ

2107 2495 2267 2551 Θεοῦ.

2178 2588 2337 2661 Λόγῳ
2390 2587 2492 2662 μὲν
2553 2591 2906 2658 εὐσεϐοῦντες
2964 2594 3143 2664 ὀλίγα,
3177 2596 3326 2669 ἔργῳ
3378 2598 3437 2651 δὲ
3490 2599 3686 2654 πλείοι-

2106 2699 2173 2736 να
2202 2698 2216 2712 ·
2287 2684 2383 2738 καὶ
2436 2687 2504 2755 τῇ
2564 2686 2797 2756 τηρήσει
2850 2686 2959 2741 τῶν
3010 2689 3191 2759 νόμων
3255 2691 3477 2760 μᾶλλον,
3513 2693 3547 2762 ἢ
3599 2694 3689 2764 τῷ

2108 2773 2410 2845 θαυμάζειν
2456 2776 2549 2829 τὸν
2600 2777 2918 2849 νομοθέτην,
2938 2779 2998 2833 τὸ
3042 2781 3172 2851 περ).
3222 2782 3387 2836 αὑτὸν
3444 2783 3675 2855 φίλτρον

2106 2865 2378 2919 ὲπιδεικνύ
2386 2883 2561 2936 μενοι.

2175 2957 2381 3027 Νόμοις
2440 2958 2732 3012 ὑπόκεισαι
2777 2959 2872 3013 καὶ
2917 2962 3110 3014 κανόσι
3145 2948 3515 3029 Δεσποτικοῖς,
3555 2946 3683 3021 καθ’

2107 3048 2201 3114 οὖς
2254 3066 2313 3102 σε
2351 3051 2618 3121 προσήκει
2660 3048 2778 3122 ζῇν.
2808 3052 2923 3106 Καὶ
2955 3053 3112 3107 τοῦτο
3150 3054 3257 3108 ἀπὸ
3286 3057 3487 3111 σαυτοῦ
3519 3060 3678 3130 πρῶ-

2056 3162 2065 3171 ·
2101 3158 2195 3196 τον
2258 3143 2619 3212 κατανόησον,
2652 3145 2735 3198 ὅτι
2790 3144 2886 3197 καὶ⁵
2938 3146 2972 3215 ἡ
3017 3146 3162 3217 ψυχή
3195 3164 3288 3201 σου
3335 3152 3682 3221 πανταχόθεν

2100 3237 2210 3298 τοῖς
2241 3235 2343 3305 τῆς
2378 3234 2582 3306 ἀρετῆς
2606 3235 2891 3289 ὑπόκειται
2932 3237 3406 3308 παραγγέλμασιν.
3439 3242 3681 3308 Ἕλαϐες

2102 3326 2196 3379 καὶ
2225 3325 2388 3396 σῶμα
2414 3331 2567 3397 παρὰ
2588 3325 2680 3379 τοῦ
2708 3327 3027 3394 Κτίσαντος,
3053 3329 3213 3382 πέντε
3241 3330 3563 3402 αἰσθήσεσιν
3588 3334 3679 3399 είς

2099 3414 2199 3479 τὰς
2244 3416 2345 3487 τῆς
2399 3417 2544 3488 ζωῆς
2583 3417 2770 3489 χρείας
2796 3419 3271 3490 οίκονομούμενον.
3310 3422 3432 3476 Εἰσὶ
3456 3424 3514 3476 δὲ
3541 3426 3673 3480 οὐδὲ

2101 3504 2270 3563 αὗται
2317 3507 2594 3581 ἐλεύθεροι
2639 3513 2733 3565 καὶ
2765 3513 3054 3584 αὐτόνομοι
3078 3530 3092 3545 ·
3126 3516 3239 3569 ἀλλ’
3273 3517 3474 3589 ἑκάστη
3508 3520 3677 3593 δούλη

2098 3601 2281 3671 νόμών
2305 3602 2443 3658 ἐστί.
2479 3603 2589 3658 Καὶ
2618 3604 2835 3675 πρῶτος
2868 3605 3060 3659 ἀκούει
3086 3609 3115 3660 ό
3143 3608 3445 3679 ὀφθαλμός.
3470 3611 3671 3678 Βλέπε,

2101 3694 2287 3764 φησὶν,
2321 3695 2415 3748 καὶ
2464 3695 2661 3766 θεώρει
2703 3695 2740 3750 ἃ
2799 3696 3020 3766 βλέπειν
3066 3698 3232 3751 καλόν
3264 3716 3276 3729 ·
3312 3701 3427 3763 καὶ,
3455 3700 3674 3770 βέλτιον

2098 3786 2390 3839 ἐκκόπτειν
2418 3786 2602 3850 αὐτὸν,
2635 3787 2763 3840 ὅταν
2782 3784 2995 3841 ἄτακτα
3032 3787 3204 3861 βλέπῃ
3228 3790 3321 3843 καὶ
3370 3791 3669 3863 ἐπιζήμια.

2104 3875 2257 3945 Ἔχει
2289 3877 2384 3930 καί⁸
2407 3877 2440 3948 ἡ
2464 3875 2602 3947 άκοὴ
2633 3877 3030 3949 παράγγελμα,
3059 3880 3155 3933 καὶ
3181 3881 3214 3951 ἠ
3240 3880 3460 3950 γλῶσσα
3488 3885 3583 3937 καὶ
3608 3888 3672 3939 αξ

2097 3968 2284 4023 λοιπαὶ
2306 3969 2532 4041 ὁμοίως.
2554 3960 2560 3967 ’

2165 4150 2305 4205 Οὔτε
2349 4151 2613 4216 πλέοντας
2643 4150 2797 4223 παρὰ
2840 4153 3005 4206 τόπον
3029 4152 3221 4223 ὁρμεῖν
3258 4154 3517 4223 ἀσφαλὲς,
3539 4155 3672 4211 οὔτε

2096 4244 2303 4310 ζῶντας
2324 4244 2477 4316 παρὰ
2502 4244 2668 4315 νόμον
2697 4243 2849 4316 βιοῦν
2876 4243 3177 4300 ἀκίνδυνον.

2169 4417 2408 4485 Νόμους
2433 4413 2771 4486 φυᾷᾴττωτ,
2799 4413 3184 4486 τοὺς-’φόϐους
3203 4414 3319 4478 ἔξω
3342 4415 3591 4486 βαλείςο

2173 4483 2365 4542 Φόϐου
2386 4483 2498 4555 γὰρ
2516 4484 2632 4550 ἔξω
2654 4483 2772 4550 πᾶς
2793 4486 2827 4538 ό
2856 4483 2962 4537 τοῦ
2992 4484 3181 4553 νόμον
3210 4485 3435 4552 φύλαξ,

2162 4599 2266 4653 Δύο
2305 4599 2402 4670 μὲν
2450 4598 2520 4651 τά
2555 4596 2812 4666 διάγοντα
2840 4597 2989 4667 ἡμᾶς
3018 4597 3134 4650 ἐστι
3162 4612 3176 4625 ’
3223 4595 3386 4666 φύσις
3419 4599 3511 4651 καὶ
3570 4598 3667 4651 νό-

2095 4706 2197 4760 μος
2226 4705 2242 4719 ’
2272 4691 2466 4761 κρατεῖ
2489 4688 2546 4742 δὲ
2572 4687 2667 4741 τοῦ
2697 4686 2864 4758 νόμου
2894 4687 2928 4757 ἡ
2960 4686 3142 4755 φύσις.

2163 4783 2463 4851 Χρυσοστ.
2498 4809 2569 4819 -—
2604 4781 2782 4833 Ἰσασι
2810 4778 2901 4832 καὶ
2934 4778 2984 4831 οί
3028 4776 3182 4848 νόμοι
3225 4779 3295 4831 τὰ
3322 4778 3383 4843 ἐξ
3423 4780 3666 4852 ἀνάγκης

2096 4864 2489 4935 συγγινώσκειν
2515 4867 2738 4938 ἁμαρτή
2748 4883 2913 4936 ματα.

2161 4970 2290 5043 Εῖδη
2322 4973 2427 5025 τῶν
2453 4962 2632 5042 νόμων
2656 4972 2804 5043 τρία·
2831 4970 2993 5042 νόμος
3017 4974 3047 5025 ό
3069 4971 3167 5042 τῆς
3190 4970 3425 5041 φύσεως,
3452 4972 3612 5043 νόμος
3633 4974 3666 5025 ὁ

2092 5062 2186 5117 τοῦ
2237 5063 2584 5135 γράμματος,
2607 5065 2636 5118 ό
2677 5063 2756 5135 τῷ
2798 5064 3025 5118 Μωῡσεῖ
3067 5061 3245 5128 δοθεὶς
3268 5103 3283 5130 ,
3312 5067 3473 5135 νόμος
3499 5065 3528 5117 ό
3563 5063 3665 5134 τῆς

2092 5158 2337 5230 χάριτος.

1915 5289 2146 5347 NOTAE.

479 5404 555 5477 ((1)
604 5405 1035 5475 Κᾶνηκαθαρὸν,
1089 5405 1523 5475 ἁπρόσδεκτον.
1577 5406 1736 5476 Quod
1767 5410 1853 5464 vel
1882 5410 1980 5465 de-

2046 5412 2047 5415 “
2087 5419 2333 5482 accepta,
2358 5410 2720 5482 describitur,
2758 5411 3102 5482 przeter‘ejus
3129 5411 3380 5482 ἄμωμον,
3406 5410 3553 5482 quod
3570 5420 3659 5465 est

408 5474 701 5560 sideretnr,
757 5478 846 5532 vel
874 5474 1236 5560 insinuatum
1284 5478 1487 5560 Basilio
1542 5474 1636 5543 sit,
1685 5478 1882 5560 adjeei,
1912 5496 1975 5535 ac
2081 5474 2326 5549 puritas.
2357 5481 2537 5560 thue
2578 5483 2651 5560 in_
2691 5474 2941 5542 victima.
2988 5474 3390 5560 sic_in'_no'stra
3417 5474 3657 5560 justitia,

409 5545 654 5622 clausum
720 5557 1072 5622 repraesento.
1144 5548 1329 5622 Palam
1388 5549 1537 5622 enim
1588 5557 1711 5622 est,
1755 5545 1973 5622 referre
2080 5545 2306 5622 necesse
2330 5559 2391 5604 ut
2411 5545 2572 5621 plena
2609 5552 2702 5619 sit,
2735 5563 3043 5621 cunctaque
3069 5545 3552 5622 impleat,ut'Deo
3581 5550 3658 5605 sit

409 5612 587 5669 Levit.
619 5629 749 5681 χχιι,
780 5612 870 5680 93,
906 5617 998 5670 ubi
1035 5617 1318 5688 integritas
1361 5619 1542 5685 vituli,
1581 5629 1639 5673 ut
1671 5612 1743 5674 sit
1773 5620 1970 5675 'hostia
2079 5618 2302 5689 placita.
