4008 6194
430 301 531 365 ινιτ
806 304 809 307 ’
1732 308 1899 367 LOCI
1940 307 2149 368 COMM
2161 311 2379 372 U‘NES‘.
3573 310 3677 374 θ’ξὸ

499 412 825 480 Ζατὶεύκου.
862 445 930 456 --
956 413 1222 479 Ζάλευκος
1252 416 1281 468 ό
1314 416 1422 470 τῶν
1454 417 1679 489 Λοκρῶν
1710 419 1993 490 νομοθέτης

2086 424 2105 482 ι
2200 426 2478 494 Zaleucus.
2511 459 2580 468 —
2637 430 2902 484 Zaleucus
2953 426 3308 482 Locrensium
3378 426 3677 495 legislator,

427 504 553 567 τοὺς
573 504 770 573 νόμους
782 506 890 567 τοῖς
907 505 1181 575 ἀραχνίοις
1197 502 1349 559 εἶπεν
1367 507 1584 578 ὁμοίους
1597 504 1755 571 εἶναι.
1779 511 1886 564 Καὶ
1902 510 1993 583 γὰρ

2111 516 2261 588 leges
2292 518 2470 573 aiebat
2492 535 2819 575 aranearum
2846 520 2971 575 telis
2990 520 3199 574 similes
3225 533 3368 575 esse.
3393 518 3508 573 illis
3528 521 3679 575 enim

428 594 510 658 εις
532 589 714 648 ἐκεῖνα
747 593 843 648 ἐὰν
860 596 1073 666 ἐμπέσῃ
1110 596 1289 666 μυῖαῆ
1312 595 1534 668 κώνωψ,
1561 599 1850 670 κατέχεται
1875 615 1888 628 ⁸
1915 599 1993 652 ean

2111 608 2157 661 si
2200 624 2387 664 musca
2427 610 2698 665 vel.culex
2730 610 3014 674 inciderit,
3051 610 3367 674 detinetur;
3401 609 3485 663 sin
3516 625 3677 678 vespa

427 685 488 738 δὲ
523 683 719 756 σφὴξῆ
752 683 1006 755 μέλισσα,
1038 686 1380 758 διαρρήξασα
1414 688 1730 757 ἀφίσταται.
1781 689 1869 743 Ἐν
1892 691 1993 752 τοῖς

2108 707 2204 753 aut
2229 700 2364 769 apis,
2388 701 2591 755 lacerat
2620 701 2782 755 telam
2800 709 2854 754 et
2879 701 3077 753 avolat.
3106 699 3175 753 Et
3198 698 3254 752 in
3284 698 3449 767 leges,
3475 698 3516 752 si
3547 714 3682 767 pau-

429 778 617 846 νόμοις
677 776 772 830 ἐὰν
836 777 1055 848 ἐμπέσῃ
1119 779 1337 849 πένης,
1402 780 1727 850 συνέχεται·
1799 780 1896 834 ἐὰν
1949 780 1993 835 δὲ

2107 804 2208 859 per
2236 780 2527 859 inciderit,
2560 791 2862 857 detinetur;
2888 791 2975 846 sin
2999 790 3163 859 dives
3175 790 3449 860 quispiam
3471 798 3568 844 aut
3599 789 3683 844 di-

428 866 694 930 πλούσιος
747 867 781 938 ἢ
841 868 1065 933 δυνατὸς
1122 869 1303 939 λέγειν
1332 914 1349 939 ,
1406 871 1708 944 διαρρήξας
1770 872 1993 944 ἀποτρέ-

2107 889 2310 947 sertus,
2347 897 2713 951 perrumpens
2754 882 2959 938 evadit.

425 973 532 1029 χει.

496 1049 976 1104 Σόλων.-Σόλων
1000 1051 1298 1123 ἐρωτηθεὶς
1326 1053 1429 1106 ὑπό
1455 1068 1619 1118 τινος,
1658 1053 1777 1115 πῶς
1805 1052 1993 1123 ἄριστα

2194 1058 2377 1115 Soton.
2411 1088 2481 1099 —-
2514 1057 2705 1124 Solon,
2734 1059 3110 1128 interrogante
3138 1056 3398 1127 quodam,
3433 1053 3693 1120 Quomo~

317 1186 321 1189 τ
426 1139 483 1191 αἱ
531 1138 716 1202 πόλεις
763 1139 1076 1205 οἰκοῦνται,
1137 1142 1277 1214 ἔφη’
1344 1142 1471 1196 Ἐὰν
1530 1143 1629 1213 μὲν
1681 1144 1733 1195 οἱ
1789 1143 1993 1197 πολῖται

2103 1149 2175 1205 do
2230 1149 2488 1207 civitates
2525 1150 2734 1219 optime
2782 1148 3189 1211 habitarentur,
3223 1146 3402 1201 dixit:
3439 1144 3496 1199 Si
3528 1143 3724 1197 cives'

426 1230 541 1292 τοῖς
602 1228 832 1300 ἄρχουσι
886 1231 1228 1298 πείθωνται,
1286 1233 1337 1288 οι
1381 1233 1438 1287 δὲ
1490 1233 1751 1305 ἄρχοντες
1779 1236 1993 1297 τοῖςνό-

2102 1241 2533 1312 magistratibus,
2568 1241 2923 1312 magistratus
2952 1253 3085 1294 vero
3112 1237 3327 1307 legibus
3365 1235 3677 1303 obsequan-

431 1337 573 1390 μοις.
2103 1339 2217 1385 tur.

494 1410 823 1479 Δημάδους.
845 1415 1050 1479 -Τοῖς
1082 1414 1181 1485 μὲν
1211 1414 1439 1480 δούλοις,
1471 1417 1505 1487 ὴ
1527 1415 1743 1487 ἀνάγκη
1781 1415 1946 1486 νόμος
1980 1432 1993 1446 ·

2169 1423 2514 1477 Demadis.—-
2541 1421 2726 1478 Servis
2747 1421 2972 1492 quidem
2999 1420 3304 1477 necessitas
3333 1419 3420 1474 lex
3453 1428 3572 1483 est;
3610 1418 3679 1475 li-

428 1504 539 1565 τοῖς
565 1502 621 1555 δὲ
645 1502 970 1575 ἐλευθέροις,
995 1508 1023 1559 ό
1044 1507 1208 1576 νόμος
1227 1507 1463 1576 ἀνάγκη.

2098 1512 2248 1568 beris
2288 1513 2610 1578 antem,lex
2664 1513 2965 1567 necessitas
2993 1512 3230 1567 exsistit.

508 1593 889 1661 Ἐπικτήτου.
928 1626 990 1641 --
1014 1597 1199 1667 Νόμος
1253 1579 1505 1668 βούλεται
1541 1596 1641 1667 μὲν
1682 1597 1993 1667 εὐεργετεῖν

2164 1604 2495 1675 Epicteti.—
2525 1604 2690 1674 Legis
2711 1618 2915 1674 scopus
2943 1609 3050 1667 est,
3076 1609 3139 1656 ut
3161 1601 3230 1656 de
3270 1601 3562 1656 hominum
3582 1600 3666 1652 vi-

425 1680 540 1751 βίον
578 1683 883 1755 ἀνθρώπων
920 1705 934 1720 ·
969 1688 1029 1740 οὐ
1055 1687 1283 1741 δύναται
1308 1687 1365 1741 δὲ
1388 1688 1516 1741 ὅταν
1540 1688 1718 1760 αὐτοὶ.
1744 1686 1982 1757 βούλων-

2101 1703 2153 1749 ta
2183 1695 2325 1751 bene
2357 1703 2663 1761 mereatur;
2690 1710 2795 1750 nec
2838 1703 3021 1749 tamen
3061 1698 3265 1763 potest,
3300 1706 3427 1745 cum
3458 1690 3538 1744 illi
3568 1689 3670 1759 ipsi

422 1791 512 1828 ται
544 1776 771 1848 πάσχειν
795 1777 888 1851 (ν).
925 1781 1013 1834 Ἐν
1041 1780 1152 1851 γὰρ
1181 1783 1294 1845 τοῖς
1335 1781 1683 1852 πειθομένοις
1727 1780 1993 1835 ἐνδείκνυ-

2096 1786 2240 1840 male
2270 1786 2474 1840 habere
2505 1786 2697 1840 velint.
2722 1785 2864 1851 Quid
2894 1785 3040 1839 enim
3062 1781 3379 1852 valeatejus
3398 1780 3576 1835 virtus
3611 1777 3667 1835 in

420 1881 512 1919 ται
539 1868 640 1935 τὴν
671 1868 810 1923 ίδίαν
832 1871 1054 1942 ἀρετήν.

2095 1877 2205 1932 illis
2233 1876 2498 1941 ostendit,
2529 1876 2624 1946 qui
2651 1877 2702 1931 ei
2735 1891 2944 1930 morem
2971 1881 3189 1944 gerunt.

495 1958 705 2028 Ὠσπερ
749 1963 864 2025 τοῖς
915 1961 1163 2017 νοσοῦσιν
1198 1963 1377 2035 ἰατροὶ
1416 1966 1683 2038 σωτῆρες,
1713 1967 1856 2021 οὕτω
1899 1970 1993 2023 καὶ

2163 1968 2636 2036 Quemadmodum
2694 1967 2885 2037 aegris.
2921 1965 3119 2019 medici
3185 1972 3514 2027 servatores,
3587 1961 3671 2016 sic

421 2050 532 2112 τοῖς
558 2049 935 2121 ἀδικουμένοις
961 2054 1010 2107 οἱ
1034 2055 1212 2124 νόμοι.

2092 2071 2148 2117 et
2186 2061 2255 2116 iis
2287 2060 2383 2130 qui
2417 2060 2625 2130 injuria
2655 2057 2993 2123 amciuntur,
3019 2057 3190 2127 leges.

490 2140 665 2211 Νόμοι
691 2142 1051 2214 ἁληθέστατοι
1074 2148 1120 2199 οἱ
1150 2147 1486 2203 δικαιότατοι
1505 2186 1521 2204 .

2163 2152 2339 2224 Leges
2397 2151 2698 2206 verissima:
2749 2159 2901 2216 sunt,
2961 2165 3083 2220 qua:
3149 2162 3362 2203 summa
3412 2147 3669 2201 nituntur

2090 2244 2373 2312 aequitate.

490 2319 662 2390 Νόμῳ
692 2320 790 2374 καὶ
824 2321 1049 2393 ἄρχοντι
1090 2322 1187 2376 καὶ
1231 2323 1309 2394 τῷ
1354 2326 1648 2398 σοφωτέρῳ
1680 2329 1848 2384 εἴκειν
1896 2332 1989 2385 κό-

2160 2332 2292 2404 Legi
2331 2340 2388 2387 et
2434 2331 2695 2404 principi,
2722 2345 2786 2386 ac
2807 2331 2856 2385 ei
2898 2329 2992 2400 qui
3015 2328 3301 2400 sapientiae
3336 2327 3501 2383 laude
3528 2342 3675 2397 ρι’ωε

419 2426 601 2479 σμιον·
2089 2424 2279 2497 pollet,
2297 2423 2518 2489 cedere,
2544 2422 2815 2477 modestia
2855 2430 2912 2478 et
2941 2422 3203 2476 honestas
3239 2419 3491 2474 suadent.

489 2499 571 2555 Τὰ
616 2501 767 2574 παρὰ
809 2502 973 2575 νόμον
1004 2505 1290 2577 γινόμενα,
1318 2507 1440 2561 ἀντὶ
1465 2508 1541 2579 μὴ
1573 2511 1877 2582 γινομένων
1909 2514 1989 2567 εί-

2159 2517 2291 2584 Qua:
2316 2514 2455 2569 ﬁunt
2476 2522 2679 2584 praeter
2707 2515 2904 2585 legem,
2949 2523 3209 2583 tauquam
3234 2528 3345 2566 non
3372 2510 3514 2565 facta
3562 2508 3632 2564 ba
3650 2539 3694 2553 --

419 2591 526 2647 σίν.
1352 2624 1357 2627 ν

2091 2605 2273 2660 benda
2305 2614 2453 2660 sunt.

494 2684 757 2752 Δημοσθ.
797 2714 865 2727 —-
911 2687 1263 2759 Δημοσθένης
1299 2689 1329 2742 δ
1366 2688 1555 2761 ῥήτωρ
1606 2691 1734 2763 ἔφη,
1780 2677 1988 2757 πόλεως

2165 2697 2512 2753 Demosth.—
2539 2679 2937 2752 Demosthenes
2980 2702 3189 2757 orator,
3251 2690 3496 2760 civitatis
3549 2690 3666 2744 ani-

417 2770 556 2831 εἷναι
584 2775 683 2847 τὴν
698 2776 897 2848 ψυχὴν,
924 2781 1049 2843 τοὺς
1076 2781 1513 2854 νόμους.⁹Ὠσπερ
1541 2785 1649 2857 γὰρ
1679 2785 1840 2857 σῶμα
1870 2805 1988 2841 στε-

2092 2802 2236 2842 mam
2288 2787 2438 2857 leges
2477 2800 2598 2841 esse
2636 2785 2875 2839 dicebat.
2933 2784 3005 2839 Ut
3040 2782 3185 2853 enim
3245 2794 3468 2850 corpus,
3516 2778 3662 2848 quod

419 2863 582 2935 ρηθὲν
602 2864 783 2936 ψυχῆς
803 2866 1013 2935 πίπτει,
1035 2866 1176 2923 οὕτω
1199 2870 1292 2924 καὶ
1316 2871 1491 2939 πόλις,
1521 2873 1597 2945 μὴ
1617 2875 1786 2930 ὄντων
1808 2878 1988 2949 νόμων

2089 2879 2271 2936 anima
2297 2886 2503 2943 careat,
2525 2878 2795 2934 emoritur
2817 2918 2831 2943 ,
2872 2877 2954 2932 sic
2992 2883 3049 2930 et
3085 2874 3281 2929 civitas
3317 2872 3489 2927 nullis
3516 2887 3665 2926 com-

418 2956 768 3013 καταλύεται.

2089 2972 2302 3027 munita
2330 2960 2542 3042 legibus
2566 2970 2908 3025 dissolvitur.

487 3049 803 3116 Κύρου.--
842 3049 901 3105 '0
964 3053 1127 3118 αὐτὸς
1181 3053 1502 3125 ἐρωτηθεὶς,
1557 3056 1721 3121 Τίνας
1766 3058 1987 3123 ἀδίκους

2163 3061 2308 3134 Cyri.
2335 3093 2403 3103 -—
2430 3061 2578 3117 Idem
2601 3062 2995 3132 interrogatus,
3029 3058 3307 3126 Quosnam
3359 3056 3662 3112 arbitrare-

414 3135 654 3205 νομίζεις
700 3133 886 3200 εἶναις
935 3142 1071 3206 Τοὺς
1144 3142 1218 3214 μὴ
1275 3145 1621 3215 χρωμένους,
1681 3141 1803 3201 εἷπε
1833 3190 1848 3215 ,
1904 3147 1982 3219 τῷ

2086 3163 2171 3208 tur
2198 3133 2432 3222 injustos
2456 3136 2612 3218 esse;
2638 3152 2767 3217 Eos,
2793 3150 3098 3222 reSpoudit,
3140 3150 3236 3220 qui
3286 3164 3397 3204 non
3428 3155 3661 3202 utantur

415 3222 585 3292 νόμῳ.
1339 3296 1346 3302 .

2086 3243 2232 3313 lege.

486 3314 815 3404 Θεοφράστ.
848 3346 912 3359 --
952 3318 1180 3389 Ὀλίγων
1211 3324 1259 3374 οἱ
1290 3322 1486 3392 ἀγαθοὶ
1508 3325 1689 3396 νόμων
1716 3328 1928 3384 δέονται
1961 3348 1975 3363 ·

2156 3332 2707 3404 Tlteaphrast.—Qui
2759 3333 2889 3386 boni
2942 3347 3007 3386 ac
3060 3330 3222 3402 probi
3287 3341 3442 3394 sunt,
3474 3328 3666 3399 paucis

414 3401 476 3457 οὐ
505 3403 713 3498 γὰρ-τὰ
734 3406 1035 3498 πράγματα
1085 3412 1221 3482 πρὸς
1247 3414 1374 3476 τοὺς
1401 3414 1622 3485 νόμους,
1651 3417 1767 3471 ἀλλ’
1797 3421 1844 3472 οἱ
1894 3422 1982 3474 νό-

2086 3433 2246 3498 egent
2274 3401 2515 3495 legibus:
2558 3439 2666 3478 non
2704 3423 2850 3478 enim
2884 3401 3101 3494 negotia
3140 3438 3238 3493 pro
3286 3421 3468 3491 legum
3499 3419 3669 3474 ratio-

418 3508 510 3585 μοι
542 3494 677 3567 πρὸς
697 3496 765 3549 τὰ
796 3499 1096 3571 πράγματα
1126 3501 1389 3559 τίθενται.

2086 3494 2175 3580 ne,
2201 3514 2297 3570 sed
2324 3494 2489 3585 prout
2515 3513 2735 3583 negotia
2767 3513 3014 3583 exigunt,
3040 3510 3308 3581 ponendae
3341 3517 3469 3563 sunt
3497 3509 3663 3578 leges.

498 3583 848 3674 ’Afwrtﬁjuov.
910 3620 982 3634 ---
1026 3593 1340 3665 Κρατίστην
1386 3591 1525 3650 εἶναι
1581 3599 1979 3674 δημοκρατίαν,

2156 3606 2376 3661 Incerti.
2407 3635 2478 3646 --
2500 3605 3023 3661 Praestantissimum
3059 3619 3179 3659 esse
3218 3603 3669 3673 popularemsta-

415 3671 473 3725 ὲν
615 3677 665 3730 οἱ
723 3680 924 3745 πάντες
974 3682 1051 3750 ὡς
1100 3683 1362 3756 τύραννον
1405 3667 1696 3756 φοϐοῦνται
1751 3667 1844 3749 τὸν
1895 3667 1981 3749 ws;

2086 3708 2223 3763 tum,
2288 3698 2344 3753 in
2405 3709 2516 3767 quo
2549 3712 2741 3752 omnes
2776 3696 2952 3768 legem
3010 3694 3163 3749 velut
3204 3705 3493 3765 tyrannum
3547 3709 3666 3750 me-

418 3781 537 3835 μον.
744 3834 751 3843 ”

2086 3799 2140 3847 tu
2149 3797 2267 3846 unt.

498 3859 893 3953 Ἀρκεσίλαος.
950 3898 1022 3909 -
1096 3870 1444 3943 Ἀρκεσίλαος
1498 3879 1687 3953 ἔλεγεν
1719 3895 1733 3910 ⁸
1769 3880 1980 3952 Ὥσπερ

2151 3881 2320 3953 668
2345 3879 2664 3936 Arcesilam.
2697 3910 2765 3920 —
2792 3878 2989 3934 Aiebat
3010 3877 3359 3932 Arcesilaus:
3389 3877 3546 3933 Sicut
3571 3876 3664 3932 ubi

417 3946 548 4039 ὅπου
585 3950 851 4022 φάρμακα
900 3958 1071 4012 πολλὰ
1127 3964 1221 4020 καὶ
1271 3964 1444 4035 ἰατροὶ
1493 3944 1700 4031 πολλοὶ,
1750 3944 1982 4022 ἐνταῦθα

2086 3974 2613 4031 medicamentorum
2657 3987 2721 4027 ac
2762 3971 3102 4031 medicorum
3156 3970 3314 4039 cupia
3342 3978 3446 4035 est,
3474 3970 3550 4026 ibi
3610 3979 3667 4025 et

416 4038 559 4137 νόσοι
586 4042 860 4137 ,πλεῖσται
890 4062 904 4077 ’
943 4048 1085 4103 οὕτω
1118 4051 1183 4122 δὴ
1221 4055 1316 4108 καὶ
1355 4055 1488 4109 ὅπου
1519 4056 1672 4126 νόμοι
1706 4056 1981 4125 πλεῖστοι,

2086 4067 2406 4122 morborum
2424 4044 2665 4137 plurima
2683 4066 2870 4130 labes;
2906 4065 2987 4120 sic
3020 4074 3077 4119 et
3100 4064 3204 4119 ubi,
3222 4064 3473 4135 plurima:
3492 4064 3661 4134 leges,

416 4126 532 4179 ἐκεῖ
557 4124 695 4183 εἶναι
725 4134 819 4187 καὶ
844 4135 1057 4192 ἀδικίαν
1086 4144 1370 4214 μεγίστην.

981 4273 1198 4326 ΛΟΓΟΣ
1221 4276 1327 4329 ΝΘ¹
1365 4280 1429 4333 ³⁷.

763 4359 902 4427 Περὶ
929 4363 1175 4430 λογικοῦ
1197 4367 1293 4419 καὶ
1317 4370 1631 4439 λογισμοῦ.

491 4466 770 4556 onxrq'.
798 4500 869 4513 -ς
903 4471 962 4526 '0
991 4475 1194 4543 ἀγαθὸς
1213 4477 1521 4550 ἄνθρωπος,
1551 4486 1615 4537 ὲκ
1649 4487 1744 4539 τοῦ
1778 4490 1985 4556 ἀγαθοῦ

416 4551 689 4626 θησαυροῦ
725 4560 824 4629 τῆς
848 4563 1071 4633 καρδίας
1089 4568 1351 4642 ⁴ἐκϐάλλει
1400 4573 1581 4641 ἀγαθά
1608 4590 1620 4604 ·
1661 4578 1755 4630 καὶ
1887 4598 1985 4634 πο-

2087 4160 2200 4217 illic
2229 4161 2520 4215 maximam
2548 4148 2736 4229 vigere
2770 4158 3136 4228 iniquitatem.

2672 4290 2904 4346 SERMO
2940 4290 3077 4344 LIX.

2016 4396 2064 4450 ι)
2090 4382 2168 4438 De
2199 4391 2350 4453 parte
2379 4384 2597 4437 rationis
2625 4384 2893 4452 animique
2919 4382 3208 4436 rationibus
3239 4398 3301 4435 ac
3329 4383 3661 4453 cogitatione.

2156 4494 2280 4549 Luc.
2315 4511 2389 4559 v1,
2421 4493 2780 4549 45.——Bonus
2809 4494 2975 4548 homo
3001 4493 3070 4549 de
3090 4493 3237 4549 bono
3254 4494 3516 4550 thesauro
3542 4510 3663 4549 cor-

2086 4586 2171 4642 dis
2208 4585 2417 4654 profert
2443 4586 2618 4653 bona;
2652 4594 2707 4641 et
2738 4587 2916 4644 malus
2944 4587 3110 4645 homo
3132 4586 3202 4643 de
3226 4587 3370 4642 malo
3398 4586 3662 4642 thesauro

415 4646 576 4716 νηρδς
604 4648 891 4746 δίνθρωπος
932 4656 996 4708 ὲκ
1023 4656 1117 4710 τοῦ
1157 4662 1392 4732 πονηροῦ
1422 4665 1700 4737 θησαυροῦ
1731 4671 1979 4728 ἐκϐάλλει

2086 4646 2294 4746 profert
2317 4677 2477 4732 mala.

415 4741 647 4805 πονηρά.
1660 4758 1663 4761 '

487 4758 550 4805 νη
592 4759 647 4795 α.
1660 4758 1663 4761 ’

486 4758 803 4901 Βθίίιόρινθ.
849 4842 999 4891 ι’.-
1029 4838 1113 4892 Τὰ
1164 4824 1272 4912 γὰρ
1323 4843 1474 4897 ’ὅπλα
1526 4848 1625 4916 τῆς
1693 4856 1980 4922 στρατείας

415 4921 572 4991 ἡμῶν
603 4924 663 4976 οὐ
694 4929 955 4997 σαρκικὰ,
983 4930 1122 4984 ἀλλὰ
1147 4932 1352 4989 δυνατὰ
1379 4935 1454 5006 τῷ
1477 4937 1597 5009 Θεῷ
1626 4942 1762 5012 πρὸς
1784 4946 1975 5003 καθαί-

2161 4853 2208 4909 ιι
2231 4852 2353 4907 Cor.
2396 4875 2424 4913 χ
2455 4894 2468 4918 ,
2497 4855 2550 4908 4.
2576 4883 2645 4892 —-
2671 4853 2834 4908 Arma
2871 4855 3021 4908 enim
3062 4854 3274 4911 militiae
3319 4863 3521 4911 nostra:
3547 4869 3660 4912 non

2092 4942 2333 5000 carnalia
2373 4950 2519 5008 sunt,
2560 4943 2655 4998 sed
2695 4944 2940 5011 potentia
2970 4944 3100 5010 Deo,
3126 4944 3196 5001 ad
3240 4945 3657 5004 demolitionem

482 5080 526 5112 "’
549 5080 611 5137 ln
638 5080 805 5144 Gesn.
828 5087 1046 5148 Stobaeo
1075 5094 1166 5149 26.

1919 5172 2127 5229 NOT/E

2061 5176 2151 5230 ΑΞ.

489 5285 560 5371 (τ’)
583 5288 772 5344 Ὅταν
797 5294 967 5349 αὐτοὶ
983 5296 1337 5371 ’βούλωνται
1368 5301 1651 5371 πάσχειν.
1670 5304 1826 5360 Clara
1850 5321 1979 5361 sen—

416 5366 583 5441 tentia
603 5375 625 5441 Δς
664 5376 771 5414 non
803 5377 962 5431 posse
983 5366 1179 5435 legem,
1206 5385 1384 5441 quam
1426 5366 1760 5441 propositam
1789 5376 1975 5441 habet,

416 5428 707 5508 ittilitatem
734 5428 1013 5499 priestare,
1037 5428 1176 5490 'cutn
1204 5428 1262 5502 ii,
1308 5428 1674 5508 quibus'lata,
1721 5428 1862 5499 male
1878 5428 1979 5502 ba:

415 5496 545 5579 bere
594 5496 789 5579 volunt
818 5512 874 5555 et
904 5496 1219 5579 aegrotare;
1251 5496 1431 5578 eoque
1485 5511 1604 5577 ejus
1648 5496 1977 5570 medicinam

414 5573 703 5654 respuunt2
748 5586 869 5652 qua:
904 5573 984 5626 in
1012 5575 1143 5654 illis
1178 5573 1446 5632 duntaxat
1476 5573 1598 5654 vim
1640 5582 1822 5646 habet,
1881 5586 1973 5654 qui

417 5644 845 5718 sunt-morigeri,
870 5657 1034 5718 seque
1067 5644 1143 5698 illi
1173 5658 1365 5718 sponte
1394 5650 1668 5707 curandus
1708 5644 1972 5709 subdunt.

418 5705 709 5776 Nlltilapte
757 5705 1078 5767 Gesn.'.‘\'on
1140 5705 1303 5785 parcet
1364 5720 1524 5773 cuit-is
1577 5705 1804 5790 [ιωὶυῇὶά

2087 5321 2269 5382 cantet
2300 5308 2605 5378 beneﬁcium
2634 5311 3143 5382 accipere-voluerit.
3172 5312 3331 5378 Quod
3353 5322 3409 5368 et
3438 5312 3658 5379 falsum,

2088 5381 2664 5452 nihilqueargutum.
2704 5382 2842 5435 Lex
2913 5382 3062 5436 enim
3116 5398 3239 5452 quae
3304 5384 3357 5438 in
3412 5398 3661 5438 commu-

2087 5465 2211 5523 nem
2247 5450 2540 5523 utilitatem
2569 5452 2958 5523 instgitutavsit,
2987 5450 3180 5523 omnes
3237 5455 3393 5523 juvat
3422 5453 3515 5522 qni
3557 5470 3655 5509 ve-

2086 5520 2207 5594 lint,
2244 5519 2492 5588 nihilque
2522 5521 2625 5590 ipsi
2675 5521 2997 5594 impediant.
3044 5519 3317 5594 Caeterum
3350 5519 3656 5594 ὀ’.πάσχων

2085 5590 2343 5664 llippocr.
2375 5604 2489 5664 pro.
2526 5601 2756 5658 ingrato,
2818 5593 3045 5664 haecque
3084 5608 3191 5646 una
3228 5593 3319 5648 hic
3366 5604 3490 5664 apta
3536 5590 3661 5662 ejus

2083 5661 2552 5781 Foeis‘at‘ceeptiu:
2592 5678 2697 5714 non
2757 5662 2905 5731 quod
2947 5663 3081 5718 alias
3122 5661 3436 5733 exponitur,
3486 5661 3657 5718 bene»

2102 5745 2205 5781 lClO
2232 5745 2259 5781 a
2304 5746 2389 5781 ICI.

2083 5730 2205 5785 licio
2232 5730 2389 5783 allici.
