3994 6172
461 341 566 405 979

1615 351 1678 412 S.
1721 350 2010 411 MAXIMI
2057 350 2568 412 CONFESSORIS

3598 359 3699 421 980

454 451 828 507 munitionum
854 469 867 504 :
904 452 1106 522 quibus
1131 454 1359 510 consilia
1383 455 1730 522 demolimur,
1745 468 1801 513 et
1823 473 2030 514 omnem

2144 475 2296 530 ρεσιν
2337 459 2712 530 ὀχυρωμάτων
2749 476 2762 490 ·
2817 458 3114 532 λογισμοὺς
3160 463 3584 534 καθαιροῦντες,
3613 471 3698 528 καὶ

455 542 812 597 altitudinem
843 543 1199 598 extollentem
1228 561 1286 600 se
1313 547 1579 603 adversus
1600 550 1886 604 scientiam
1909 550 2030 615 Dei;

454 642 513 686 et
540 634 595 686 in
629 631 1003 701 captivitatem
1037 634 1340 706 redigimus
1361 653 1582 694 omnem
1637 640 1935 711 cogitatum
1977 641 2034 696 in

457 721 790 789 obsequium
818 720 1047 777 Christi.

531 810 693 864 Prov.
718 826 808 876 xv,
829 811 929 878 εις
967 827 1063 878 xu,
1110 812 1198 869 ιι.
1227 844 1298 854 -—
1326 815 1438 870 Via:
1487 816 1614 871 vita:
1674 817 2036 889 cogitationes

453 900 748 970 prudentis
769 902 864 957 :de
889 904 1320 974 cogitationibus
1349 907 1468 961 suis
1497 907 1805 978 replebitur
1825 911 1912 965 vir
1933 912 2033 967 bo-

453 1006 580 1044 uus.

524 1081 684 1136 Prov.
754 1098 848 1148 xu,
873 1082 925 1137 5.
943 1112 1016 1124 --
1045 1083 1422 1156 Cogitationes
1435 1083 1710 1158 justorum
1733 1088 1962 1158 judicia.

527 1171 686 1227 Prov.
725 1186 834 1238 XIX,
855 1174 945 1228 2|.
965 1175 1227 1232 ~Multa
1255 1177 1686 1248 cogitationesin
1702 1181 1866 1237 corde
1898 1183 2032 1250 viri;

455 1266 756 1320 consilium
792 1277 979 1324 autem
1005 1269 1103 1324 Dei
1128 1269 1315 1326 vincet
1345 1272 1403 1326 in
1423 1282 1713 1329 aeternum.

526 1353 866 1422 Exitum,
895 1359 948 1414 5.
973 1390 1046 1399 -
1074 1360 1134 1414 ln
1162 1364 1524 1418 concussione
1549 1366 1716 1420 cribri
1752 1377 2037 1424 remanent

453 1445 648 1501 sordes
683 1464 696 1501 :
725 1448 806 1504 sic
829 1449 1144 1520 quisquilia
1174 1452 1414 1515 hominis
1445 1455 1502 1510 in
1531 1459 1864 1528 cogitatione
1892 1462 2033 1531 ejus.

525 1637 810 1694 Basilii.—
837 1641 917 1696 Ex
953 1643 1214 1700 rationali
1243 1646 1390 1702 enim
1411 1657 1468 1704 et
1496 1658 1650 1719 parte
1679 1649 1913 1706 rationis
1942 1667 2037 1707 ex-

459 1737 638 1796 perte,
661 1730 816 1786 velut
848 1730 1186 1790 Centaurum
1209 1738 1503 1807 quemdam
1534 1740 1944 1807 (utCrarcorum
1975 1743 2035 1798 li;

453 1817 566 1872 ctio
591 1817 759 1875 habet
795 1820 964 1878 relata
1002 1824 1070 1879 ad
1099 1841 1286 1882 rerum
1331 1829 1712 1900 explicandam
1749 1835 2026 1905 naturam)

455 1919 641 1960 rerum
675 1907 930 1964 conditor
958 1911 1126 1980 Deus,
1149 1914 1428 1972 hominem
1461 1926 1634 1977 totum
1659 1921 2027 1987 constituens,

454 1993 709 2052 humana:
738 1998 947 2066 forma,
979 1999 1033 2055 id
1067 2011 1172 2070 est,
1201 2020 1230 2058 a
1279 2005 1459 2075 capite
1491 2021 1664 2076 usque
1687 2009 1756 2066 ad
1813 2020 2027 2080 pectus,

453 2089 727 2156 superiori
760 2091 926 2161 parti,
959 2107 1080 2147 eam
1111 2110 1233 2164 qua:
1261 2103 1348 2150 est
1378 2097 1448 2151 ab
1471 2099 1736 2155 umbilico
1763 2117 1937 2172 usque
1960 2102 2029 2157 ad

453 2178 692 2244 lumbos,
736 2182 892 2252 quasi
916 2183 1048 2254 equi
1073 2193 1325 2242 naturam
1365 2187 1454 2258 (ad
1476 2191 1688 2244 ventris
1722 2192 2032 2262 voluptates

451 2268 698 2326 helluino
718 2287 868 2329 more
892 2287 1213 2344 pronam,et
1237 2278 1306 2333 ad
1331 2279 1537 2334 coitum
1560 2289 1766 2338 temere
1787 2297 2030 2354 propene

450 2363 591 2435 sam)
627 2364 859 2422 inferius
883 2369 1204 2438 supposuit:
1225 2387 1333 2426 non
1353 2374 1498 2443 quod
1528 2375 1842 2430 rationema
1872 2388 2031 2448 parte

450 2455 682 2512 rationis
699 2468 925 2529 experte
947 2461 1126 2534 abripi
1167 2464 1360 2532 vellet;
1397 2466 1492 2522 sed
1519 2467 1665 2538 quod
1685 2483 1804 2524 eam
1830 2470 2032 2526 rationi

448 2545 772 2615 subjectam,
803 2549 952 2605 illius
983 2561 1122 2607 nutu
1157 2555 1473 2625 regendam,
1507 2573 1572 2613 ac
1599 2567 1810 2616 naturae
1834 2575 2029 2617 neces-

447 2637 628 2692 sarios
654 2655 785 2695 usus
817 2642 1222 2711 sapientissime
1252 2647 1535 2704 indiderit.

523 2727 796 2792 Ejusdem.
839 2759 909 2770 --
931 2731 1036 2797 Qui
1071 2733 1318 2788 divinam
1350 2735 2029 2808 imperturbatiouemse-

449 2818 709 2888 datisque
731 2820 1030 2878 atl‘ectihus
1063 2827 1515 2895 tranquillitatem
1546 2830 1789 2887 nancisci
1820 2833 2028 2900 studet,

449 2910 589 2968 nulli
650 2911 931 2968 addictum
1007 2915 1252 2984 aﬂ‘ectui,
1316 2934 1416 2975 seu
1473 2920 1716 2982 libidini.
1787 2923 2030 2981 animum

447 3016 613 3058 suum
641 3019 861 3060 servare
882 3005 1066 3062 debet.

2135 551 2246 603 πᾶν
2302 549 2500 620 ὕψωμα
2560 551 2927 622 ἐπαιρόμενον
2976 555 3118 608 κατὰ
3168 556 3269 626 τῆς
3313 556 3565 624 γνώσεως
3609 561 3697 614 τοῦ

2133 640 2293 706 Θεοῦ,
2316 641 2414 694 καὶ
2440 641 2936 712 αἰχμαλωτίζοντες
2979 645 3088 699 πᾶν
3123 645 3300 717 νόημα
3326 648 3410 711 είς
3465 648 3561 717 τὴν
3602 650 3696 703 ὑπ.

2132 731 2304 802 ακοὴν
2327 729 2422 785 τοῦ
2445 730 2706 803 Χριστοῦ.

2205 825 2452 892 (lupam.
2485 821 2570 878 ιε’.
2601 853 2674 865 -
2710 823 2853 880 Ὀδοὶ
2881 826 3024 898 ζωῆς
3045 828 3393 899 διανοήματα
3426 832 3644 886 συνετοῦ
3675 850 3688 863 ·

2133 915 2242 970 ἀπὸ
2289 915 2398 969 τῶν
2437 917 2820 989 διανοημάτων
2846 919 3016 974 αὐτοῦ
3047 921 3118 992 (s)
3149 921 3524 992 πλησθήσεται
3557 925 3689 996 ἀνὴρ

2135 1006 2375 1074 ἀγαθῶν.

2204 1101 2450 1168 "apem.
2479 1097 2578 1164 ιβ’.
2607 1129 2676 1139 -
2704 1099 2971 1170 Δογισμοὶ
2994 1101 3221 1155 δικαίων
3246 1101 3512 1171 κρίματα.

2204 1192 2448 1260 Παροιμ.
2479 1193 2570 1244 ιϐ’.
2593 1219 2664 1230 -
2693 1191 2887 1245 Πολλοὶ
2916 1192 3170 1263 λογισμοὶ
3192 1195 3250 1245 ὲν
3273 1193 3474 1264 καρδίᾳ
3493 1193 3688 1263 άνδρόςο

2136 1281 2170 1352 ἡ
2197 1279 2253 1333 δὲ
2284 1278 2450 1349 βουλὴ
2472 1279 2568 1334 τοῦ
2597 1279 2735 1334 Θεοῦ
2763 1283 3031 1353 κρατήσει
3060 1285 3139 1346 είς
3167 1283 3258 1336 τὸν
3295 1283 3494 1338 αίῶνα.

2207 1375 2390 1444 Σιρὰχ
2431 1372 2538 1436 κζ’.
2572 1405 2644 1415 -
2681 1375 2770 1429 Ἐν
2817 1375 3073 1446 σείσματι
3125 1377 3377 1430 κοσκίνου
3405 1377 3468 1448 (t)
3496 1377 3691 1446 διαμείο

2138 1483 2218 1520 νει
2245 1465 2450 1536 κοπρία
2471 1481 2486 1496 ⁸
2520 1463 2696 1530 οὕτως
2745 1465 2992 1521 σκύϐαλα
3045 1468 3331 1537 ἀνθρώπου
3365 1470 3424 1521 ὲν
3463 1467 3690 1538 λογισμῴ

2092 1606 2100 1613 ,
2137 1553 2324 1608 αὐτοῦ.

2206 1648 2424 1703 Βασιλ.
2453 1677 2518 1690 --
2543 1647 2639 1701 Ἐκ
2681 1647 2902 1716 λογικοῦ
2948 1648 3056 1718 γὰρ
3091 1649 3187 1702 καὶ
3219 1649 3442 1718 ἀλόγου,
3479 1650 3616 1702 κατὰ
3639 1649 3690 1702 τὸ

2149 1737 2461 1810 Ἑλληνικὸν
2505 1739 2641 1810 πρὸς
2684 1739 3033 1810 φυσιολογίαν
3077 1740 3323 1810 πλάσμα,
3353 1740 3546 1810 ὥσπερ
3584 1740 3692 1793 τινὰ

2137 1830 2458 1902 κένταυρον,
2498 1831 2714 1894 συνθεὶς
2737 1834 2765 1886 ὀ
2787 1833 3132 1904 Δημιουργὸς
3163 1832 3284 1886 ὅλον
3311 1833 3400 1886 τὸν
3419 1832 3693 1903 ἄνθρωπον

2133 1923 2212 1994 τῷ
2241 1922 2694 1996 ἀνθρωπομόρφῳ
2719 1923 2828 1978 ἀπὺ
2852 1925 3096 1995 κεφαλῆς
3118 1924 3224 1988 ἕως
3243 1925 3482 1996 στέρνων
3502 1925 3692 1980 ἀνωθεν

2139 2019 2318 2090 μέρει,
2345 2018 2410 2072 τὸ
2438 2019 2546 2072 ἀπὸ
2575 2019 2824 2090 ὀμφαλοῦ
2862 2019 2969 2085 ἕως
2997 2019 3199 2091 ὀσφύος
3236 2019 3490 2091 καθάπερ
3513 2020 3690 2084 ἵππου,

2137 2109 2300 2178 φύσιν
2321 2109 2482 2181 (πρός
2513 2126 2573 2164 τε
2597 2110 2696 2172 τὰς
2732 2111 2971 2182 γαστρὸς
3003 2111 3196 2182 ἡδονὰς
3224 2111 3495 2174 κτηνῶδες
3525 2111 3690 2179 ὑπάρ-

2136 2219 2250 2271 χον,
2278 2200 2373 2254 καὶ
2391 2199 2532 2272 πρὸς
2555 2200 2656 2265 τὰς
2681 2201 2858 2273 μίξεις
2886 2201 3102 2271 ἀλόγως
3147 2202 3488 2272 κινούμενον)
3529 2201 3694 2256 κάτωο

2138 2293 2230 2347 θεν
2260 2293 2424 2365 φέρον
2453 2295 2840 2364 προσήρμοσεν
2863 2311 2876 2325 ·
2911 2295 3008 2366 οὐχ
3031 2295 3136 2348 ὑπὸ
3156 2295 3250 2348 τοῦ
3273 2294 3467 2362 ἀλόγου
3501 2293 3694 2364 μέρους

2135 2384 2197 2438 τδ
2220 2383 2438 2452 λογικὸν
2465 2384 2872 2456 ἐξαρπάζεσθαι
2908 2385 3213 2457 βουληθεὶς,
3241 2384 3378 2440 ἀλλά
3403 2385 3478 2455 τῷ
3503 2383 3696 2454 λογικῷ

2137 2472 2580 2546 ὐποδεόλημένον
2634 2476 2811 2546 ἔχοντι
2874 2477 2934 2530 τὸ
2990 2477 3186 2545 ἄλογον
3242 2476 3433 2548 μέρος,
3468 2477 3696 2546 ἡνιοχεῖ-

2138 2563 2262 2618 σθαι
2318 2563 2455 2636 πρδς
2502 2563 2604 2629 τὰς
2649 2565 2750 2636 τῆς
2801 2563 3017 2634 φύσεως
3064 2566 3344 2634 ἀνάγκας,
3405 2565 3696 2634 πανσόφως

2137 2655 2333 2720 ἐνθείς.

2213 2743 2324 2798 Τοῦ
2350 2743 2540 2799 αὑτοῦ
2564 2744 2632 2800 ³⁸.
2664 2777 2734 2787 -
2769 2745 2828 2799 '0
2853 2745 2950 2817 τὴν
2999 2745 3151 2800 θείαν
3195 2746 3465 2801 ἀπάθειαν
3509 2761 3700 2815 κατορο

2137 2833 2310 2888 θῶσαι
2368 2833 2721 2902 σπουδάζων,
2759 2836 3060 2891 ἀδούλωτον
3087 2837 3252 2891 παντὶ
3297 2836 3464 2891 πάθει
3499 2835 3699 2908 ὀφείλει

2137 2925 2374 2998 φυλάξαι
2403 2925 2496 2983 τὸν
2533 2927 2730 2994 ἑαυτοῦ
2756 2927 3034 3008 λογισμόν.

521 3094 857 3169 Theologi.—
872 3099 1100 3156 Praestat
1127 3104 1343 3161 animus
1371 3121 1469 3161 seu
1500 3107 1659 3174 ratio,
1682 3124 1846 3179 quam
1861 3112 2030 3166 actio-

2209 3104 2529 3175 Θεολόγου.
2591 3134 2664 3146 --
2703 3105 2990 3176 Κριίσσων
3037 3106 3299 3178 λογισμὸς
3359 3104 3617 3177 πράξεων
3666 3103 3699 3174 ἢ

449 3203 552 3244 nes
582 3198 676 3244 aut
709 3190 976 3262 pecunia.
996 3191 1132 3252 Nam
1161 3196 1276 3253 ista:
1312 3198 1612 3265 intereunt,
1643 3201 1783 3260 ratio
1811 3216 2030 3270 perma-

451 3288 568 3334 net.

523 3371 707 3446 Chrys.
736 3377 1034 3436 —ldcirco
1085 3380 1316 3436 aviculis
1378 3381 1518 3438 datae
1546 3392 1676 3438 sunt
1703 3383 1823 3452 alat,
1851 3394 1913 3439 ut
1941 3384 2031 3440 fu-

451 3463 604 3534 giant
631 3465 856 3537 laqueos
883 3477 982 3525 :'et
1011 3471 1152 3526 ratio
1181 3471 1517 3540 hominibus,
1548 3481 1610 3527 ut
1651 3473 1861 3530 evitent
1896 3489 2028 3545 pec-

453 3563 597 3610 cata.

519 3646 638 3701 Non
681 3658 858 3706 cessat
882 3652 1099 3709 animus
1135 3655 1492 3726 cogitationes
1520 3670 1748 3726 parere;
1777 3655 1943 3728 669
1969 3664 2029 3712 tu

447 3749 581 3790 vero
611 3739 782 3795 malas
800 3741 995 3808 evelle,
1032 3743 1204 3800 bonas
1221 3746 1361 3802 cole.

519 3923 820 3989 Clementis.
843 3960 912 3970 ——
933 3930 1055 3987 Non
1083 3931 1210 3986 inde
1235 3931 1413 3987 ﬁdelis
1436 3933 1620 4002 justus
1642 3928 1847 3994 evadit,
1875 3932 2023 4000 quod

2134 3196 2480 3268 χρημάτων·
2539 3196 2610 3250 τὰ
2671 3197 2770 3268 μὲν
2810 3197 2918 3269 γὰρ
2969 3198 3070 3270 τῆς
3129 3199 3335 3270 φθορᾶς
3365 3197 3564 3270 ¹ἐστιν.
3597 3194 3702 3251 ὁδὶ

2134 3288 2372 3343 ϊσταται.

2204 3381 2508 3449 Χρυσοστ.
2539 3409 2610 3421 -
2631 3380 2730 3434 Διά
2761 3379 2922 3435 τοῦτο
2940 3380 3117 3454 πτερά
3132 3383 3241 3444 τοῖς
3262 3379 3594 3452 στρουθίοις,
3623 3381 3703 3434 ἵνα

2137 3471 2284 3544 φύγῃ
2321 3471 2526 3541 παγίδα
2561 3487 2574 3502 ·
2610 3473 2704 3526 καὶ
2733 3472 2822 3528 διὰ
2850 3473 3008 3527 τοῦτο
3037 3474 3295 3545 λογισμὸς
3326 3474 3438 3537 τοῖς
3489 3473 3704 3544 ἀνθρὼσ⁵

2136 3581 2258 3628 ποις
2289 3565 2378 3618 ἵνα
2402 3563 2716 3635 ἐκφύγωσιν
2753 3566 3152 3636 ἁμαρτήματα,

2204 3655 2282 3710 Οὐ
2307 3657 2543 3711 παύεται
2570 3655 2870 3728 λογισμοὺς
2901 3659 2933 3728 ἠ
2960 3657 3168 3711 διάνοια
3200 3659 3480 3710 τίκτουσα·
3524 3656 3590 3710 σῦ
3614 3655 3668 3708 δὲ
3687 3698 3700 3718 ,

2135 3749 2264 3811 τοὺς
2331 3747 2431 3818 μὲν
2523 3747 2756 3824 φαύλους
2815 3747 3026 3803 ἐκτιλλε
3059 3791 3074 3816 ,
3141 3750 3267 3813 τοὺς
3333 3748 3389 3802 δὲ
3463 3748 3701 3818 ἀγαθοὺς

2133 3837 2388 3909 γεώργει.

2209 3929 2514 3998 Κλήμεντ,
2537 3959 2608 3969 -
2639 3929 2753 4000 Οὐχ
2792 3931 2826 4001 ἡ
2867 3929 2978 3984 τῶν
3008 3928 3258 4002 πράξεων
3289 3929 3467 4000 ἀποχὴ
3506 3929 3705 3983 δικαιοί

449 4031 508 4070 se
539 4017 608 4071 ab
656 4020 875 4075 actibus
916 4021 1226 4088 abstineat;
1253 4023 1349 4078 sed
1382 4023 1530 4094 quod
1564 4021 1732 4078 castis
1761 4023 2026 4094 purisque

2140 4019 2220 4074 τὸν
2248 4020 2469 4086 πιστὸν,
2494 4022 2610 4075 ἀλλ’
2643 4023 2678 4093 ἡ
2703 4021 2815 4077 τῶν
2846 4022 3064 4078 ἐννοιῶν
3094 4022 3290 4092 ἁγνεία
3336 4021 3432 4076 καὶ
3475 4022 3701 4090 είλικρί-

449 4108 880 4178 cogitationibus
915 4110 1143 4182 fulgeat.

523 4198 894 4254 Plutarchi.—
917 4201 1031 4258 Soli
1056 4219 1200 4274 saepe
1223 4205 1400 4261 nubes
1419 4204 1714 4262 offundunt
1735 4207 2023 4272 tenebras;

451 4289 726 4344 rationem
759 4292 990 4350 aﬂ‘ectus
1025 4295 1348 4358 obscurant.
1532 4306 1538 4311 '

2129 4129 2267 4167 νεια.

2205 4203 2549 4272 Πλουτάρκ.
2576 4234 2643 4245 -
2669 4204 2982 4284 Ἐπισκοτεζ
3010 4203 3086 4272 τῷ
3124 4205 3224 4276 μὲν
3255 4204 3390 4278 ἡλίῳ
3419 4205 3698 4269 πολλάκις,

2127 4295 2196 4350 τὰ
2225 4297 2362 4364 νέφη
2384 4312 2397 4325 ·
2433 4295 2511 4366 τῷ
2535 4295 2592 4349 δὲ
2622 4294 2888 4367 λογισμῷ,
2919 4295 2988 4351 τά
3018 4297 3188 4367 πάθη.

1725 4411 1959 4468 VARUE
2003 4407 2408 4466 LECTIONES.

1957 4549 2188 4607 NOTAE.

523 4469 572 4502 “
605 4473 769 4531 Ἀλλ.
799 4477 1069 4546 Χρυσοστ.

529 4637 598 4710 (δ)
639 4637 776 4692 Ἀπὸ
792 4639 924 4710 τῶν
949 4641 1366 4710 διανοημάτων
1395 4643 1602 4699 αὑτοῦ.
1642 4645 1877 4699 Videtur
1932 4661 2022 4700 se-

455 4709 698 4778 cundum
732 4709 895 4770 aliam
921 4709 1183 4775 litteram,
1226 4714 1388 4767 Prov.
1414 4729 1510 4778 xu,
1562 4715 1646 4776 16,
1710 4714 1803 4768 ubi
1851 4713 2024 4770 Hebr.

453 4776 532 4830 De
566 4778 741 4851 fructu
783 4782 890 4834 oris
923 4781 1038 4851 ejus
1083 4781 1368 4836 satiabitur
1407 4776 1560 4849 bona,
1609 4784 1656 4836 οἱ
1701 4782 1865 4849 LXX,
1919 4787 2028 4838 ἀπὸ

456 4848 685 4922 καρπῶν
726 4848 1016 4922 στόματος,
1042 4851 1214 4922 -ψυχὴ
1245 4853 1436 4922 ἀνδρὸς
1490 4848 1859 4922 πλησθήσεται
1893 4857 2030 4921 ἀγα-

457 4915 566 4969 θῶν
589 4935 604 4948 ·
645 4915 1008 4994 perindeque
1034 4915 1226 4994 syrtis.
1286 4915 1407 4994 Non
1437 4915 1612 4994 liquet
1639 4939 1709 4978 an
1743 4924 1823 4979 sic
1864 4915 2030 4978 Maxi-

455 5001 582 5043 mas
621 5003 688 5042 ex
711 4989 1202 5064 _Iih_ro'babuerit,
1256 4991 1340 5064 vel
1379 4989 1646 5064 memoria
1678 5003 2029 5064 suggerente

457 5056 767 5134 mutaverit.
793 5057 1024 5118 Fructus
1043 5061 1171 5124 oris,
1191 5056 1563 5134 cogitationes
1600 5056 1882 5134 animique
1939 5079 2030 5118 ra-

456 5127 636 5202 tiones
661 5128 939 5202 dicantur,
971 5147 1039 5188 eo
1071 5127 1419 5201 sensufquo
1445 5133 1586 5188 ratio
1610 5134 1726 5202 ipsa
1773 5127 1940 5188 a'nimi
1969 5148 2032 5188 os

456 5197 698 5270 dicitur:
730 5201 1024 5270 exquibus
1081 5217 1210 5256 cum
1251 5197 1410 5263 bona:
1468 5197 1820 5268 suntfhomo
1869 5203 2032 5260 bonis

456 5269 724 5337 repletur,
751 5270 805 5325 id
829 5269 914 5326 est
942 5272 1266 5328 virtutibus.

527 5337 615 5408 (ι)
656 5341 760 5394 Ἐν
809 5341 1092 5408 ealegati
1153 5343 1466 5397 κοσκίνου.
1491 5341 1686 5406 ,ϐίαι-ιι
1730 5343 1787 5397 in
1826 5341 2031 5398 Graecis

453 5411 752 5468 sententia.
788 5410 901 5484 Sic
937 5420 1090 5467 certe
1123 5413 1307 5484 cribri
1351 5413 1677 5484 agitatione,
1727 5428 1905 5484 eoque
1937 5429 2030 5484 ex-

455 5489 740 5543 cernente,
787 5480 1028 5537 furfures
1087 5482 1304 5552 aliaque
1362 5480 1652 5540 crassioris
1704 5480 2028 5538 substantia:

455 5559 765 5623 remanent,
821 5566 885 5623 ac
931 5551 1129 5607 sordes
1185 5551 1313 5621 pani
1361 5554 1611 5619 inutiles;
1667 5569 1790 5623 quae
1841 5554 2025 5623 omnia

456 5613 957 5692 Sirach._gcoapiav,
993 5623 1149 5690 quasi
1180 5613 1411 5676 stercora
1445 5613 1627 5692 (faeces
1679 5613 2033 5692 scilicet)rvo—

457 5685 623 5760 ravit.
678 5685 835 5760 vulgi
873 5685 1052 5760 tamen
1090 5707 1212 5745 cum
1261 5685 1464 5756 reddit,
1498 5694 1787 5748 remanebit
1833 5685 2023 5760 pulvis,

460 5753 656 5833 legisse
677 5753 895 5814 videtur
925 5758 1068 5823 κόνις
1097 5778 1106 5788 ·
1139 5760 1284 5830 quod
1311 5753 1484 5834 ipsum
1532 5780 1639 5822 non
1679 5763 1810 5818 satis
1833 5753 2024 5836 aptum

2131 4643 2198 4698 ad
2228 4643 2639 4714 metaphoram.
2703 4643 2888 4714 Pulvis
2947 4645 3118 4708 enim,
3154 4659 3280 4699 cum
3329 4643 3403 4700 sit
3441 4643 3575 4714 quid
3625 4651 3708 4696 tc-

2130 4713 2488 4784 nuissimum,
2525 4729 2626 4784 per
2655 4713 2828 4768 cribri
2881 4714 3150 4769 foramina
3200 4724 3326 4768 ante
3376 4713 3560 4767 omnia
3615 4728 3704 4784 εχ·
3790 4773 3797 4782 ,

2133 4783 2418 4854 cernitur;
2450 4783 2555 4839 nec
2578 4785 2694 4854 ipse
2745 4794 3012 4846 remanet,
3045 4784 3140 4839 sed
3175 4784 3444 4845 triticum,
3478 4799 3605 4854 cum
3627 4783 3704 4835 sie

2132 4853 2408 4923 integrum
2446 4869 2548 4923 nec
2587 4852 2962 4908 commolitum
2991 4854 3291 4923 cribratur,
3327 4861 3444 4907 uta
3477 4852 3703 4923 pulvere

2133 4920 2454 4994 mundetur.
2498 4922 2704 4994 Longe
2755 4924 3022 4994 remotius
3067 4923 3212 4994 quod
3265 4922 3387 4994 Syr.
3421 4920 3493 4977 ct‘
3533 4920 3702 4994 Arab.

2139 4992 2597 5058 Quemadmodum
2646 4992 2851 5048 multa:
2901 4992 3381 5062 fumus—incumbit
3443 4993 3578 5062 igni,
3630 4993 3701 5043 ita

2138 5079 2404 5118 sermones
2453 5064 2678 5118 hominis
2699 5061 3028 5134 cogitationi.
3057 5064 3125 5117 Et
3151 5081 3165 5115 :
3189 5061 3377 5134 Qualis
3417 5061 3592 5133 fuimus
3615 5077 3701 5116 co-

2140 5134 2510 5212 piosussuper
2527 5132 2937 5212 igrtem,_'tali_a_
2961 5135 3233 5212 hominum
3271 5132 3425 5188 verba
3473 5141 3703 5212 tempore

2139 5202 2496 5274 rogitationis.
2527 5202 2832 5274 Habuerjnt
2883 5203 2939 5257 hi
2984 5203 3089 5257 alia
3140 5203 3352 5274 Craaca,
3385 5219 3470 5274 εδ
3495 5202 3702 5274 quibus

2140 5271 2257 5328 huic
2280 5273 2678 5342 expresserim.
2729 5271 3046 5342 Sequentia,
3105 5272 3298 5335 οὕτως,
3335 5271 3702 5342 σκύϐαλαάν-

2139 5341 2384 5412 θρώπου.
2413 5343 2571 5420 Vulg.
2597 5344 2672 5420 sic
2701 5341 2888 5420 aporia
2907 5344 3132 5396 hominis
3151 5383 3165 5405 ,
3201 5357 3366 5410 quam
3390 5343 3527 5396 forte
3552 5341 3701 5420 Crte-

2137 5426 2256 5466 cam
2287 5427 2478 5466 vocem
2547 5412 2826 5475 habuerit;
2873 5421 3068 5482 estque
3098 5422 3315 5481 egestas
3345 5423 3400 5467 et
3443 5412 3698 5480 penuria,

2136 5482 2399 5534 σκύϐαλα.
2429 5483 2597 5536 Paulo
2632 5481 2770 5536 Phil.
2797 5497 2876 5547 Ill,
2906 5481 3160 5543 stercora,
3181 5483 3261 5536 sic
3287 5491 3446 5536 vetns
3464 5482 3695 5548 interpr.

2133 5552 2413 5628 vel_etiam
2460 5547 2705 5616 rejicula,
2743 5552 3086 5628 quisquilias;
3113 5553 3481 5628 acus,_pa|e:c,
3516 5547 3696 5628 gluma

2141 5621 2195 5675 in
2229 5621 2538 5686 frumento;
2568 5637 2656 5675 res
2702 5619 2859 5675 nihili
2887 5619 3209 5690 nulliusquc
3266 5619 3457 5690 frugis.
3493 5619 3696 5688 quibus

2140 5692 2208 5746 sit
2234 5693 2472 5747 hominis
2497 5691 2717 5763 ἀπορία,
2749 5702 2988 5760 egestas.
3016 5691 3266 5760 penuria,
3294 5692 3487 5762 inopia.
