  <div class='ocr_page' id='page_1' title='image "/cluster/home/n/w/nwhite01/storage/ocr_20150623/91/hvd.32044052742962/500.png"; bbox 0 0 4008 6194; ppageno 0'>
   <div class='ocr_carea' id='block_1_1' title="bbox 272 342 377 411">
    <p class='ocr_par' dir='ltr' id='par_1_1' title="bbox 272 342 377 411">
     <span class='ocr_line' id='line_1_1' title="bbox 272 342 377 411; baseline 0 0"><span class='ocrx_word' id='word_1_1' title='bbox 272 342 377 411; x_wconf 77' lang='lat'><strong>989</strong></span> 
     </span>
    </p>
   </div>
   <div class='ocr_carea' id='block_1_2' title="bbox 1572 357 2324 424">
    <p class='ocr_par' dir='ltr' id='par_1_2' title="bbox 1572 357 2324 424">
     <span class='ocr_line' id='line_1_2' title="bbox 1572 357 2324 424; baseline 0.007 -5"><span class='ocrx_word' id='word_1_2' title='bbox 1572 357 1741 420; x_wconf 86' lang='lat' dir='ltr'><strong>LOCI</strong></span> <span class='ocrx_word' id='word_1_3' title='bbox 1780 360 2214 424; x_wconf 82' lang='lat' dir='ltr'><strong>COMMUNES.</strong></span> <span class='ocrx_word' id='word_1_4' title='bbox 2308 363 2324 377; x_wconf 83' lang='grc'><strong>⁹</strong></span> 
     </span>
    </p>
   </div>
   <div class='ocr_carea' id='block_1_3' title="bbox 3413 366 3519 432">
    <p class='ocr_par' dir='ltr' id='par_1_3' title="bbox 3413 366 3519 432">
     <span class='ocr_line' id='line_1_3' title="bbox 3413 366 3519 432; baseline 0.028 -3"><span class='ocrx_word' id='word_1_5' title='bbox 3413 366 3519 432; x_wconf 66' lang='lat'><strong>990</strong></span> 
     </span>
    </p>
   </div>
   <div class='ocr_carea' id='block_1_4' title="bbox 271 453 1844 550">
    <p class='ocr_par' dir='ltr' id='par_1_4' title="bbox 271 453 1843 550">
     <span class='ocr_line' id='line_1_4' title="bbox 271 453 1843 550; baseline 0.012 -44"><span class='ocrx_word' id='word_1_6' title='bbox 271 453 511 550; x_wconf 68' lang='grc' dir='ltr'>ἀνίατος,</span> <span class='ocrx_word' id='word_1_7' title='bbox 544 455 622 522; x_wconf 81' lang='grc' dir='ltr'>ὡς</span> <span class='ocrx_word' id='word_1_8' title='bbox 649 455 719 511; x_wconf 81' lang='grc' dir='ltr'><strong>τὰ</strong></span> <span class='ocrx_word' id='word_1_9' title='bbox 748 457 919 514; x_wconf 76' lang='grc' dir='ltr'>πολλᾶ</span> <span class='ocrx_word' id='word_1_10' title='bbox 947 459 1044 531; x_wconf 76' lang='grc' dir='ltr'>τῆς</span> <span class='ocrx_word' id='word_1_11' title='bbox 1072 459 1240 527; x_wconf 74' lang='grc' dir='ltr'>ἕξεως</span> <span class='ocrx_word' id='word_1_12' title='bbox 1271 464 1351 529; x_wconf 81' lang='grc' dir='ltr'><strong>εἰς</strong></span> <span class='ocrx_word' id='word_1_13' title='bbox 1388 482 1549 535; x_wconf 68' lang='grc' dir='ltr'>φυσιν</span> <span class='ocrx_word' id='word_1_14' title='bbox 1581 470 1843 539; x_wconf 73' lang='grc' dir='ltr'>μεθισταο</span> 
     </span>
    </p>
   </div>
   <div class='ocr_carea' id='block_1_5' title="bbox 1956 453 3515 550">
    <p class='ocr_par' dir='ltr' id='par_1_5' title="bbox 1956 474 3515 550">
     <span class='ocr_line' id='line_1_5' title="bbox 1956 474 3515 550; baseline 0.006 -23"><span class='ocrx_word' id='word_1_15' title='bbox 1956 474 2198 538; x_wconf 86' lang='lat' dir='ltr'><strong>omnino,</strong></span> <span class='ocrx_word' id='word_1_16' title='bbox 2231 474 2417 529; x_wconf 90' lang='lat' dir='ltr'><strong>curari</strong></span> <span class='ocrx_word' id='word_1_17' title='bbox 2442 474 2713 544; x_wconf 76' lang='lat' dir='ltr'><strong>possunt;</strong></span> <span class='ocrx_word' id='word_1_18' title='bbox 2744 485 2807 532; x_wconf 92' lang='lat' dir='ltr'><strong>ut</strong></span> <span class='ocrx_word' id='word_1_19' title='bbox 2860 476 3015 548; x_wconf 89' lang='lat' dir='ltr'><strong>quod</strong></span> <span class='ocrx_word' id='word_1_20' title='bbox 3058 480 3385 550; x_wconf 79' lang='lat' dir='ltr'><strong>plerumque</strong></span> <span class='ocrx_word' id='word_1_21' title='bbox 3415 481 3515 536; x_wconf 88' lang='lat' dir='ltr'><strong>ha-</strong></span> 
     </span>
    </p>
   </div>
   <div class='ocr_carea' id='block_1_6' title="bbox 277 545 468 616">
    <p class='ocr_par' dir='ltr' id='par_1_6' title="bbox 277 545 468 616">
     <span class='ocr_line' id='line_1_6' title="bbox 277 545 468 616; baseline -0.042 1"><span class='ocrx_word' id='word_1_22' title='bbox 277 545 468 616; x_wconf 63' lang='grc' dir='ltr'>μένης.</span> 
     </span>
    </p>
   </div>
   <div class='ocr_carea' id='block_1_7' title="bbox 346 637 1842 722">
    <p class='ocr_par' dir='ltr' id='par_1_7' title="bbox 346 637 1842 722">
     <span class='ocr_line' id='line_1_7' title="bbox 346 637 1842 722; baseline 0.012 -33"><span class='ocrx_word' id='word_1_23' title='bbox 346 637 549 702; x_wconf 84' lang='grc' dir='ltr'>Ἔθους</span> <span class='ocrx_word' id='word_1_24' title='bbox 601 639 899 711; x_wconf 69' lang='grc' dir='ltr'>χωρισμὸς,</span> <span class='ocrx_word' id='word_1_25' title='bbox 944 643 1039 697; x_wconf 77' lang='grc' dir='ltr'>καὶ</span> <span class='ocrx_word' id='word_1_26' title='bbox 1085 645 1200 710; x_wconf 85' lang='grc' dir='ltr'>τοῖς</span> <span class='ocrx_word' id='word_1_27' title='bbox 1248 646 1465 716; x_wconf 79' lang='grc' dir='ltr'><strong>ἀλόγοις</strong></span> <span class='ocrx_word' id='word_1_28' title='bbox 1491 650 1609 705; x_wconf 69' lang='grc' dir='ltr'>ἐστὶ</span> <span class='ocrx_word' id='word_1_29' title='bbox 1644 652 1842 722; x_wconf 81' lang='grc' dir='ltr'>δυσφο-</span> 
     </span>
    </p>
   </div>
   <div class='ocr_carea' id='block_1_8' title="bbox 274 727 1840 814">
    <p class='ocr_par' dir='ltr' id='par_1_8' title="bbox 274 727 1840 814">
     <span class='ocr_line' id='line_1_8' title="bbox 274 727 1840 814; baseline 0.013 -35"><span class='ocrx_word' id='word_1_30' title='bbox 274 727 537 798; x_wconf 84' lang='grc' dir='ltr'>ρώτατος.</span> <span class='ocrx_word' id='word_1_31' title='bbox 572 730 678 783; x_wconf 84' lang='grc' dir='ltr'>Καί</span> <span class='ocrx_word' id='word_1_32' title='bbox 725 748 856 787; x_wconf 84' lang='grc' dir='ltr'>ποτε</span> <span class='ocrx_word' id='word_1_33' title='bbox 887 729 1024 788; x_wconf 76' lang='grc' dir='ltr'>εἶδον</span> <span class='ocrx_word' id='word_1_34' title='bbox 1053 735 1166 805; x_wconf 81' lang='grc' dir='ltr'><strong>ἐγὼ</strong></span> <span class='ocrx_word' id='word_1_35' title='bbox 1209 736 1336 807; x_wconf 82' lang='grc' dir='ltr'>βοῦν</span> <span class='ocrx_word' id='word_1_36' title='bbox 1370 741 1462 793; x_wconf 77' lang='grc' dir='ltr'><strong>ἐπὶ</strong></span> <span class='ocrx_word' id='word_1_37' title='bbox 1512 741 1720 814; x_wconf 78' lang='grc' dir='ltr'><strong>φάτνης</strong></span> <span class='ocrx_word' id='word_1_38' title='bbox 1746 744 1840 798; x_wconf 78' lang='grc' dir='ltr'>δα·</span> 
     </span>
    </p>
   </div>
   <div class='ocr_carea' id='block_1_9' title="bbox 270 818 1844 908">
    <p class='ocr_par' dir='ltr' id='par_1_9' title="bbox 270 818 1844 908">
     <span class='ocr_line' id='line_1_9' title="bbox 270 818 1844 908; baseline 0.012 -37"><span class='ocrx_word' id='word_1_39' title='bbox 270 818 532 890; x_wconf 79' lang='grc' dir='ltr'>κρύοντα,</span> <span class='ocrx_word' id='word_1_40' title='bbox 556 818 645 872; x_wconf 85' lang='grc' dir='ltr'><strong>τοῦ</strong></span> <span class='ocrx_word' id='word_1_41' title='bbox 665 822 925 895; x_wconf 86' lang='grc' dir='ltr'>συννόμου</span> <span class='ocrx_word' id='word_1_42' title='bbox 954 825 1121 880; x_wconf 89' lang='grc' dir='ltr'>αὐτοῦ</span> <span class='ocrx_word' id='word_1_43' title='bbox 1159 830 1253 882; x_wconf 73' lang='grc' dir='ltr'>καὶ</span> <span class='ocrx_word' id='word_1_44' title='bbox 1279 829 1551 902; x_wconf 74' lang='grc' dir='ltr'><strong>ὁμοζύγου</strong></span> <span class='ocrx_word' id='word_1_45' title='bbox 1587 833 1844 908; x_wconf 82' lang='grc' dir='ltr'>τελευτή-</span> 
     </span>
    </p>
   </div>
   <div class='ocr_carea' id='block_1_10' title="bbox 274 924 879 981">
    <p class='ocr_par' dir='ltr' id='par_1_10' title="bbox 274 924 879 981">
     <span class='ocr_line' id='line_1_10' title="bbox 274 924 879 981; baseline 0.002 -16"><span class='ocrx_word' id='word_1_46' title='bbox 274 924 490 975; x_wconf 79' lang='grc' dir='ltr'>σαντος.</span> <span class='ocrx_word' id='word_1_47' title='bbox 566 953 575 958; x_wconf 85' lang='grc'><strong>.</strong></span> <span class='ocrx_word' id='word_1_48' title='bbox 872 971 879 981; x_wconf 39' lang='grc' dir='ltr'>ι</span> 
     </span>
    </p>
   </div>
   <div class='ocr_carea' id='block_1_11' title="bbox 345 1001 1835 1084">
    <p class='ocr_par' dir='ltr' id='par_1_11' title="bbox 345 1001 1835 1084">
     <span class='ocr_line' id='line_1_11' title="bbox 345 1001 1835 1084; baseline 0.011 -31"><span class='ocrx_word' id='word_1_49' title='bbox 345 1001 664 1070; x_wconf 70' lang='grc' dir='ltr'>Θεολόγου.</span> <span class='ocrx_word' id='word_1_50' title='bbox 689 1032 762 1043; x_wconf 92' lang='grc'><strong>--</strong></span> <span class='ocrx_word' id='word_1_51' title='bbox 788 1003 946 1076; x_wconf 80' lang='grc' dir='ltr'>Ῥᾷον</span> <span class='ocrx_word' id='word_1_52' title='bbox 983 1006 1092 1077; x_wconf 80' lang='grc' dir='ltr'><strong>γὰρ</strong></span> <span class='ocrx_word' id='word_1_53' title='bbox 1133 1008 1228 1062; x_wconf 82' lang='grc' dir='ltr'><strong>ἀπ’</strong></span> <span class='ocrx_word' id='word_1_54' title='bbox 1275 1010 1452 1082; x_wconf 78' lang='grc' dir='ltr'>ἀρχῆς</span> <span class='ocrx_word' id='word_1_55' title='bbox 1487 1014 1561 1084; x_wconf 80' lang='grc' dir='ltr'>μὴ</span> <span class='ocrx_word' id='word_1_56' title='bbox 1592 1014 1835 1070; x_wconf 78' lang='grc' dir='ltr'>ἐνδοῦναι</span> 
     </span>
    </p>
   </div>
   <div class='ocr_carea' id='block_1_12' title="bbox 270 1092 1836 1177">
    <p class='ocr_par' dir='ltr' id='par_1_12' title="bbox 270 1092 1836 1177">
     <span class='ocr_line' id='line_1_12' title="bbox 270 1092 1836 1177; baseline 0.009 -30"><span class='ocrx_word' id='word_1_57' title='bbox 270 1092 439 1163; x_wconf 80' lang='grc' dir='ltr'>κακίᾳ</span> <span class='ocrx_word' id='word_1_58' title='bbox 484 1094 580 1148; x_wconf 74' lang='grc' dir='ltr'>καὶ</span> <span class='ocrx_word' id='word_1_59' title='bbox 624 1098 956 1166; x_wconf 80' lang='grc' dir='ltr'><strong>προσιοῦσαν</strong></span> <span class='ocrx_word' id='word_1_60' title='bbox 1004 1100 1309 1171; x_wconf 73' lang='grc' dir='ltr'><strong>διαφυγεῖν,</strong></span> <span class='ocrx_word' id='word_1_61' title='bbox 1351 1105 1386 1175; x_wconf 77' lang='grc' dir='ltr'>ἦ</span> <span class='ocrx_word' id='word_1_62' title='bbox 1437 1106 1836 1177; x_wconf 80' lang='grc' dir='ltr'>προδαίνουσαν</span> 
     </span>
    </p>
   </div>
   <div class='ocr_carea' id='block_1_13' title="bbox 269 1183 1487 1265">
    <p class='ocr_par' dir='ltr' id='par_1_13' title="bbox 269 1183 1487 1265">
     <span class='ocr_line' id='line_1_13' title="bbox 269 1183 1487 1265; baseline 0.008 -26"><span class='ocrx_word' id='word_1_63' title='bbox 269 1183 538 1253; x_wconf 77' lang='grc' dir='ltr'>ἀνακόψαι</span> <span class='ocrx_word' id='word_1_64' title='bbox 569 1185 665 1238; x_wconf 80' lang='grc' dir='ltr'>καὶ</span> <span class='ocrx_word' id='word_1_65' title='bbox 697 1188 930 1258; x_wconf 82' lang='grc' dir='ltr'>φανῆναι</span> <span class='ocrx_word' id='word_1_66' title='bbox 963 1190 1164 1261; x_wconf 78' lang='grc' dir='ltr'><strong>ταύτης</strong></span> <span class='ocrx_word' id='word_1_67' title='bbox 1197 1191 1487 1265; x_wconf 82' lang='grc' dir='ltr'>ἁνώτερος.</span> 
     </span>
    </p>
   </div>
   <div class='ocr_carea' id='block_1_14' title="bbox 336 1276 1909 1352">
    <p class='ocr_par' dir='ltr' id='par_1_14' title="bbox 336 1276 1909 1352">
     <span class='ocr_line' id='line_1_14' title="bbox 336 1276 1909 1352; baseline 0.008 -21"><span class='ocrx_word' id='word_1_68' title='bbox 336 1276 547 1347; x_wconf 83' lang='grc' dir='ltr'>Δικτύῳ</span> <span class='ocrx_word' id='word_1_69' title='bbox 587 1278 835 1347; x_wconf 81' lang='grc' dir='ltr'>κομίζειν</span> <span class='ocrx_word' id='word_1_70' title='bbox 860 1279 1004 1352; x_wconf 88' lang='grc' dir='ltr'>ῦδωρ</span> <span class='ocrx_word' id='word_1_71' title='bbox 1032 1284 1127 1337; x_wconf 69' lang='grc' dir='ltr'>καὶ</span> <span class='ocrx_word' id='word_1_72' title='bbox 1174 1284 1393 1338; x_wconf 81' lang='grc' dir='ltr'>πλίνθον</span> <span class='ocrx_word' id='word_1_73' title='bbox 1425 1286 1646 1342; x_wconf 78' lang='grc' dir='ltr'>πλύνειν</span> <span class='ocrx_word' id='word_1_74' title='bbox 1672 1288 1837 1342; x_wconf 82' lang='grc' dir='ltr'>εὐπε-</span> <span class='ocrx_word' id='word_1_75' title='bbox 1896 1314 1909 1321; x_wconf 70' lang='grc'><strong><em>“</em></strong></span> 
     </span>
    </p>
   </div>
   <div class='ocr_carea' id='block_1_15' title="bbox 267 1366 1835 1451">
    <p class='ocr_par' dir='ltr' id='par_1_15' title="bbox 267 1366 1835 1451">
     <span class='ocr_line' id='line_1_15' title="bbox 267 1366 1835 1451; baseline 0.009 -32"><span class='ocrx_word' id='word_1_76' title='bbox 267 1366 379 1432; x_wconf 80' lang='grc' dir='ltr'>τὲς,</span> <span class='ocrx_word' id='word_1_77' title='bbox 421 1367 455 1434; x_wconf 78' lang='grc' dir='ltr'><strong>ἢ</strong></span> <span class='ocrx_word' id='word_1_78' title='bbox 486 1369 686 1422; x_wconf 77' lang='grc' dir='ltr'>κακίαν</span> <span class='ocrx_word' id='word_1_79' title='bbox 715 1371 1070 1438; x_wconf 82' lang='grc' dir='ltr'>φυτευθεῖσαν</span> <span class='ocrx_word' id='word_1_80' title='bbox 1098 1374 1276 1447; x_wconf 82' lang='grc' dir='ltr'>χρόνῳ</span> <span class='ocrx_word' id='word_1_81' title='bbox 1308 1376 1489 1449; x_wconf 85' lang='grc' dir='ltr'>πολλῷ</span> <span class='ocrx_word' id='word_1_82' title='bbox 1517 1378 1577 1433; x_wconf 75' lang='grc' dir='ltr'>ἰν</span> <span class='ocrx_word' id='word_1_83' title='bbox 1619 1377 1835 1451; x_wconf 81' lang='grc' dir='ltr'>ἀνθρώ-</span> 
     </span>
    </p>
   </div>
   <div class='ocr_carea' id='block_1_16' title="bbox 268 1456 1050 1529">
    <p class='ocr_par' dir='ltr' id='par_1_16' title="bbox 268 1456 1050 1529">
     <span class='ocr_line' id='line_1_16' title="bbox 268 1456 1050 1529; baseline 0.013 -21"><span class='ocrx_word' id='word_1_84' title='bbox 268 1472 373 1509; x_wconf 83' lang='grc' dir='ltr'><strong>που</strong></span> <span class='ocrx_word' id='word_1_85' title='bbox 402 1456 545 1529; x_wconf 81' lang='grc' dir='ltr'>ψυχῇ</span> <span class='ocrx_word' id='word_1_86' title='bbox 575 1458 778 1524; x_wconf 70' lang='grc' dir='ltr'>ἐξελεῖν</span> <span class='ocrx_word' id='word_1_87' title='bbox 806 1461 1050 1519; x_wconf 85' lang='grc' dir='ltr'>δυνατόν.</span> 
     </span>
    </p>
   </div>
   <div class='ocr_carea' id='block_1_17' title="bbox 339 1547 1842 1631">
    <p class='ocr_par' dir='ltr' id='par_1_17' title="bbox 339 1547 1842 1631">
     <span class='ocr_line' id='line_1_17' title="bbox 339 1547 1842 1631; baseline 0.008 -32"><span class='ocrx_word' id='word_1_88' title='bbox 339 1547 638 1614; x_wconf 83' lang='grc' dir='ltr'>Χρυσοστ.</span> <span class='ocrx_word' id='word_1_89' title='bbox 668 1579 740 1590; x_wconf 93' lang='grc'><strong><em>-</em></strong></span> <span class='ocrx_word' id='word_1_90' title='bbox 770 1550 936 1607; x_wconf 69' lang='grc' dir='ltr'>Οὐδὲν</span> <span class='ocrx_word' id='word_1_91' title='bbox 967 1551 1140 1618; x_wconf 73' lang='grc' dir='ltr'>οὕτως</span> <span class='ocrx_word' id='word_1_92' title='bbox 1187 1556 1406 1627; x_wconf 83' lang='grc' dir='ltr'>ίσχυρδν</span> <span class='ocrx_word' id='word_1_93' title='bbox 1434 1557 1585 1629; x_wconf 80' lang='grc' dir='ltr'>παρὰ</span> <span class='ocrx_word' id='word_1_94' title='bbox 1631 1556 1842 1631; x_wconf 85' lang='grc' dir='ltr'>ἀνθρώ-</span> 
     </span>
    </p>
   </div>
   <div class='ocr_carea' id='block_1_18' title="bbox 269 1638 1424 1717">
    <p class='ocr_par' dir='ltr' id='par_1_18' title="bbox 269 1638 1424 1717">
     <span class='ocr_line' id='line_1_18' title="bbox 269 1638 1424 1717; baseline 0.011 -29"><span class='ocrx_word' id='word_1_95' title='bbox 269 1651 416 1702; x_wconf 76' lang='grc' dir='ltr'>ποις,</span> <span class='ocrx_word' id='word_1_96' title='bbox 447 1638 524 1701; x_wconf 83' lang='grc' dir='ltr'>ὡς</span> <span class='ocrx_word' id='word_1_97' title='bbox 556 1639 846 1711; x_wconf 76' lang='grc' dir='ltr'><strong>συνηθείας</strong></span> <span class='ocrx_word' id='word_1_98' title='bbox 876 1643 1115 1708; x_wconf 76' lang='grc' dir='ltr'>παλαιᾶς</span> <span class='ocrx_word' id='word_1_99' title='bbox 1147 1645 1424 1717; x_wconf 84' lang='grc' dir='ltr'>τυραννίς.</span> 
     </span>
    </p>
   </div>
   <div class='ocr_carea' id='block_1_19' title="bbox 339 1727 1837 1811">
    <p class='ocr_par' dir='ltr' id='par_1_19' title="bbox 339 1727 1837 1811">
     <span class='ocr_line' id='line_1_19' title="bbox 339 1727 1837 1811; baseline 0.009 -31"><span class='ocrx_word' id='word_1_100' title='bbox 339 1728 499 1792; x_wconf 76' lang='grc' dir='ltr'>Τινὲς</span> <span class='ocrx_word' id='word_1_101' title='bbox 534 1727 645 1784; x_wconf 84' lang='grc' dir='ltr'><strong>τῶν</strong></span> <span class='ocrx_word' id='word_1_102' title='bbox 687 1729 906 1799; x_wconf 72' lang='grc' dir='ltr'>ἔξωθεν,</span> <span class='ocrx_word' id='word_1_103' title='bbox 936 1732 1199 1808; x_wconf 78' lang='grc' dir='ltr'><strong>δευτέραν</strong></span> <span class='ocrx_word' id='word_1_104' title='bbox 1229 1736 1394 1807; x_wconf 80' lang='grc' dir='ltr'>φύσιν</span> <span class='ocrx_word' id='word_1_105' title='bbox 1419 1738 1521 1809; x_wconf 79' lang='grc' dir='ltr'><strong>τὴν</strong></span> <span class='ocrx_word' id='word_1_106' title='bbox 1548 1739 1837 1811; x_wconf 85' lang='grc' dir='ltr'>συνήθειαν</span> 
     </span>
    </p>
   </div>
   <div class='ocr_carea' id='block_1_20' title="bbox 267 1817 819 1877">
    <p class='ocr_par' dir='ltr' id='par_1_20' title="bbox 267 1817 819 1877">
     <span class='ocr_line' id='line_1_20' title="bbox 267 1817 819 1877; baseline 0.011 -6"><span class='ocrx_word' id='word_1_107' title='bbox 267 1817 555 1874; x_wconf 74' lang='grc' dir='ltr'>ἐκάλεσαν.</span> <span class='ocrx_word' id='word_1_108' title='bbox 813 1872 819 1877; x_wconf 84' lang='grc'><strong>.</strong></span> 
     </span>
    </p>
   </div>
   <div class='ocr_carea' id='block_1_21' title="bbox 335 1911 1838 1990">
    <p class='ocr_par' dir='ltr' id='par_1_21' title="bbox 335 1911 1838 1990">
     <span class='ocr_line' id='line_1_21' title="bbox 335 1911 1838 1990; baseline 0.004 -26"><span class='ocrx_word' id='word_1_109' title='bbox 335 1912 517 1966; x_wconf 79' lang='grc' dir='ltr'>Δεινὸν</span> <span class='ocrx_word' id='word_1_110' title='bbox 538 1913 572 1983; x_wconf 80' lang='grc' dir='ltr'>ἠ</span> <span class='ocrx_word' id='word_1_111' title='bbox 605 1911 860 1984; x_wconf 78' lang='grc' dir='ltr'>συνήθεια</span> <span class='ocrx_word' id='word_1_112' title='bbox 883 1918 1181 1986; x_wconf 83' lang='grc' dir='ltr'>κατασχεῖν</span> <span class='ocrx_word' id='word_1_113' title='bbox 1216 1916 1353 1989; x_wconf 76' lang='grc' dir='ltr'>πρὸς</span> <span class='ocrx_word' id='word_1_114' title='bbox 1378 1916 1597 1989; x_wconf 66' lang='grc' dir='ltr'>ἑαυτὴν,</span> <span class='ocrx_word' id='word_1_115' title='bbox 1631 1919 1726 1973; x_wconf 69' lang='grc' dir='ltr'>καὶ</span> <span class='ocrx_word' id='word_1_116' title='bbox 1762 1917 1838 1990; x_wconf 78' lang='grc' dir='ltr'>μὴ</span> 
     </span>
    </p>
   </div>
   <div class='ocr_carea' id='block_1_22' title="bbox 218 2003 1839 2080">
    <p class='ocr_par' dir='ltr' id='par_1_22' title="bbox 218 2003 1839 2080">
     <span class='ocr_line' id='line_1_22' title="bbox 218 2003 1839 2080; baseline 0.004 -24"><span class='ocrx_word' id='word_1_117' title='bbox 218 2014 221 2017; x_wconf 85' lang='grc'><strong>·</strong></span> <span class='ocrx_word' id='word_1_118' title='bbox 270 2003 625 2074; x_wconf 83' lang='grc' dir='ltr'>συγχωρῆσαι</span> <span class='ocrx_word' id='word_1_119' title='bbox 647 2003 809 2058; x_wconf 89' lang='grc' dir='ltr'>πάλιν</span> <span class='ocrx_word' id='word_1_120' title='bbox 831 2004 1186 2078; x_wconf 79' lang='grc' dir='ltr'>διαναστῆναι</span> <span class='ocrx_word' id='word_1_121' title='bbox 1220 2008 1315 2062; x_wconf 76' lang='grc' dir='ltr'><strong>ἐπὶ</strong></span> <span class='ocrx_word' id='word_1_122' title='bbox 1346 2008 1448 2080; x_wconf 79' lang='grc' dir='ltr'>τὴν</span> <span class='ocrx_word' id='word_1_123' title='bbox 1474 2007 1698 2080; x_wconf 78' lang='grc' dir='ltr'>πρώτην</span> <span class='ocrx_word' id='word_1_124' title='bbox 1724 2008 1839 2073; x_wconf 77' lang='grc' dir='ltr'>ἕξιν</span> 
     </span>
    </p>
   </div>
   <div class='ocr_carea' id='block_1_23' title="bbox 264 2094 626 2167">
    <p class='ocr_par' dir='ltr' id='par_1_23' title="bbox 264 2094 626 2167">
     <span class='ocr_line' id='line_1_23' title="bbox 264 2094 626 2167; baseline 0.006 -19"><span class='ocrx_word' id='word_1_125' title='bbox 264 2094 371 2167; x_wconf 78' lang='grc' dir='ltr'>τῆς</span> <span class='ocrx_word' id='word_1_126' title='bbox 402 2094 626 2165; x_wconf 82' lang='grc' dir='ltr'>ἀρετῆς.</span> 
     </span>
    </p>
   </div>
   <div class='ocr_carea' id='block_1_24' title="bbox 343 2186 1840 2265">
    <p class='ocr_par' dir='ltr' id='par_1_24' title="bbox 343 2186 1840 2265">
     <span class='ocr_line' id='line_1_24' title="bbox 343 2186 1840 2265; baseline 0.005 -25"><span class='ocrx_word' id='word_1_127' title='bbox 343 2187 499 2259; x_wconf 53' lang='lat' dir='ltr'><strong>Tuli}</strong></span> <span class='ocrx_word' id='word_1_128' title='bbox 524 2186 672 2255; x_wconf 71' lang='grc' dir='ltr'>ἅπαξ</span> <span class='ocrx_word' id='word_1_129' title='bbox 703 2187 952 2260; x_wconf 78' lang='grc' dir='ltr'>ἁμαρτίᾳ</span> <span class='ocrx_word' id='word_1_130' title='bbox 978 2190 1363 2262; x_wconf 81' lang='grc' dir='ltr'>’σπεισαμένη,</span> <span class='ocrx_word' id='word_1_131' title='bbox 1398 2190 1495 2246; x_wconf 73' lang='grc' dir='ltr'>καὶ</span> <span class='ocrx_word' id='word_1_132' title='bbox 1520 2193 1840 2265; x_wconf 82' lang='grc' dir='ltr'>ἀναλγήτως</span> 
     </span>
    </p>
   </div>
   <div class='ocr_carea' id='block_1_25' title="bbox 266 2279 1840 2358">
    <p class='ocr_par' dir='ltr' id='par_1_25' title="bbox 266 2279 1840 2358">
     <span class='ocr_line' id='line_1_25' title="bbox 266 2279 1840 2358; baseline 0.003 -24"><span class='ocrx_word' id='word_1_133' title='bbox 266 2279 600 2347; x_wconf 78' lang='grc' dir='ltr'>διατεθεῖσα,</span> <span class='ocrx_word' id='word_1_134' title='bbox 633 2280 837 2353; x_wconf 82' lang='grc' dir='ltr'>πολλὴν</span> <span class='ocrx_word' id='word_1_135' title='bbox 863 2282 1092 2355; x_wconf 74' lang='grc' dir='ltr'>παρέχει</span> <span class='ocrx_word' id='word_1_136' title='bbox 1119 2282 1199 2356; x_wconf 84' lang='grc' dir='ltr'><strong>τῷ</strong></span> <span class='ocrx_word' id='word_1_137' title='bbox 1235 2285 1505 2357; x_wconf 80' lang='grc' dir='ltr'>νοσήματι</span> <span class='ocrx_word' id='word_1_138' title='bbox 1544 2284 1641 2358; x_wconf 79' lang='grc' dir='ltr'>τὴν</span> <span class='ocrx_word' id='word_1_139' title='bbox 1671 2302 1840 2356; x_wconf 86' lang='grc' dir='ltr'>προσ-</span> 
     </span>
    </p>
   </div>
   <div class='ocr_carea' id='block_1_26' title="bbox 268 2371 463 2445">
    <p class='ocr_par' dir='ltr' id='par_1_26' title="bbox 268 2371 463 2445">
     <span class='ocr_line' id='line_1_26' title="bbox 268 2371 463 2445; baseline -0.005 -18"><span class='ocrx_word' id='word_1_140' title='bbox 268 2371 463 2445; x_wconf 77' lang='grc' dir='ltr'>θήκην.</span> 
     </span>
    </p>
   </div>
   <div class='ocr_carea' id='block_1_27' title="bbox 337 2465 1837 2540">
    <p class='ocr_par' dir='ltr' id='par_1_27' title="bbox 337 2465 1837 2540">
     <span class='ocr_line' id='line_1_27' title="bbox 337 2465 1837 2540; baseline 0.001 -21"><span class='ocrx_word' id='word_1_141' title='bbox 337 2465 617 2530; x_wconf 78' lang='grc' dir='ltr'>Πολλάκις</span> <span class='ocrx_word' id='word_1_142' title='bbox 632 2465 733 2540; x_wconf 80' lang='grc' dir='ltr'>τὴν</span> <span class='ocrx_word' id='word_1_143' title='bbox 762 2465 940 2537; x_wconf 84' lang='grc' dir='ltr'>φλόγα</span> <span class='ocrx_word' id='word_1_144' title='bbox 967 2466 1098 2540; x_wconf 70' lang='grc' dir='ltr'>περὶ</span> <span class='ocrx_word' id='word_1_145' title='bbox 1125 2467 1226 2540; x_wconf 83' lang='grc' dir='ltr'><strong>τὴν</strong></span> <span class='ocrx_word' id='word_1_146' title='bbox 1253 2468 1429 2539; x_wconf 80' lang='grc' dir='ltr'>ἀρχὴν</span> <span class='ocrx_word' id='word_1_147' title='bbox 1461 2467 1535 2540; x_wconf 74' lang='grc' dir='ltr'>μὴ</span> <span class='ocrx_word' id='word_1_148' title='bbox 1582 2467 1837 2522; x_wconf 79' lang='grc' dir='ltr'>σϐεννύν-</span> 
     </span>
    </p>
   </div>
   <div class='ocr_carea' id='block_1_28' title="bbox 266 2555 1839 2629">
    <p class='ocr_par' dir='ltr' id='par_1_28' title="bbox 266 2555 1839 2629">
     <span class='ocr_line' id='line_1_28' title="bbox 266 2555 1839 2629; baseline 0.001 -21"><span class='ocrx_word' id='word_1_149' title='bbox 266 2572 378 2622; x_wconf 68' lang='grc' dir='ltr'>τας,</span> <span class='ocrx_word' id='word_1_150' title='bbox 407 2557 489 2620; x_wconf 86' lang='grc' dir='ltr'><strong>είς</strong></span> <span class='ocrx_word' id='word_1_151' title='bbox 521 2555 665 2627; x_wconf 83' lang='grc' dir='ltr'>μέγα</span> <span class='ocrx_word' id='word_1_152' title='bbox 692 2559 950 2627; x_wconf 83' lang='grc' dir='ltr'>ναυάγιον</span> <span class='ocrx_word' id='word_1_153' title='bbox 977 2559 1345 2629; x_wconf 86' lang='grc' dir='ltr'>κατήντησαν.</span> <span class='ocrx_word' id='word_1_154' title='bbox 1376 2559 1468 2629; x_wconf 77' lang='grc' dir='ltr'><strong>Μὴ</strong></span> <span class='ocrx_word' id='word_1_155' title='bbox 1497 2558 1697 2628; x_wconf 70' lang='grc' dir='ltr'>ἔχουσα</span> <span class='ocrx_word' id='word_1_156' title='bbox 1729 2557 1839 2629; x_wconf 76' lang='grc' dir='ltr'><strong>γὰρ</strong></span> 
     </span>
    </p>
   </div>
   <div class='ocr_carea' id='block_1_29' title="bbox 220 2647 1839 2725">
    <p class='ocr_par' dir='ltr' id='par_1_29' title="bbox 220 2647 1839 2725">
     <span class='ocr_line' id='line_1_29' title="bbox 220 2647 1839 2725; baseline 0 -23"><span class='ocrx_word' id='word_1_157' title='bbox 220 2717 231 2725; x_wconf 30' lang='grc'><strong>⁸</strong></span> <span class='ocrx_word' id='word_1_158' title='bbox 267 2647 512 2719; x_wconf 78' lang='grc' dir='ltr'>ἁμαρτία</span> <span class='ocrx_word' id='word_1_159' title='bbox 552 2647 644 2701; x_wconf 79' lang='grc' dir='ltr'>τὸν</span> <span class='ocrx_word' id='word_1_160' title='bbox 680 2649 761 2712; x_wconf 83' lang='grc' dir='ltr'><strong>είς</strong></span> <span class='ocrx_word' id='word_1_161' title='bbox 804 2649 992 2720; x_wconf 86' lang='grc' dir='ltr'>πρόσω</span> <span class='ocrx_word' id='word_1_162' title='bbox 1042 2648 1314 2723; x_wconf 76' lang='grc' dir='ltr'>προϐῆναι</span> <span class='ocrx_word' id='word_1_163' title='bbox 1360 2649 1659 2715; x_wconf 84' lang='grc' dir='ltr'>κωλύοντα,</span> <span class='ocrx_word' id='word_1_164' title='bbox 1686 2650 1839 2720; x_wconf 77' lang='grc' dir='ltr'>ἵππῳ</span> 
     </span>
    </p>
   </div>
   <div class='ocr_carea' id='block_1_30' title="bbox 269 2739 1839 2813">
    <p class='ocr_par' dir='ltr' id='par_1_30' title="bbox 269 2739 1839 2813">
     <span class='ocr_line' id='line_1_30' title="bbox 269 2739 1839 2813; baseline -0.003 -16"><span class='ocrx_word' id='word_1_165' title='bbox 269 2739 412 2797; x_wconf 66' lang='grc' dir='ltr'>ἔοικε</span> <span class='ocrx_word' id='word_1_166' title='bbox 463 2740 552 2793; x_wconf 84' lang='grc' dir='ltr'>τὸν</span> <span class='ocrx_word' id='word_1_167' title='bbox 584 2739 800 2810; x_wconf 76' lang='grc' dir='ltr'>χαλινὸν</span> <span class='ocrx_word' id='word_1_168' title='bbox 846 2739 1212 2813; x_wconf 74' lang='grc' dir='ltr'>ἀπορρίψαντι</span> <span class='ocrx_word' id='word_1_169' title='bbox 1264 2741 1360 2795; x_wconf 74' lang='grc' dir='ltr'>καὶ</span> <span class='ocrx_word' id='word_1_170' title='bbox 1401 2740 1494 2795; x_wconf 77' lang='grc' dir='ltr'>τὸν</span> <span class='ocrx_word' id='word_1_171' title='bbox 1562 2739 1839 2811; x_wconf 80' lang='grc' dir='ltr'>ἀναῦἀτην</span> 
     </span>
    </p>
   </div>
   <div class='ocr_carea' id='block_1_31' title="bbox 270 2828 646 2899">
    <p class='ocr_par' dir='ltr' id='par_1_31' title="bbox 270 2828 646 2899">
     <span class='ocr_line' id='line_1_31' title="bbox 270 2828 646 2899; baseline 0.005 -17"><span class='ocrx_word' id='word_1_172' title='bbox 270 2845 378 2899; x_wconf 86' lang='grc' dir='ltr'><strong>κρη</strong></span> <span class='ocrx_word' id='word_1_173' title='bbox 388 2828 646 2899; x_wconf 79' lang='grc' dir='ltr'>μνίζοντι.</span> 
     </span>
    </p>
   </div>
   <div class='ocr_carea' id='block_1_32' title="bbox 340 2916 1839 2990">
    <p class='ocr_par' dir='ltr' id='par_1_32' title="bbox 340 2916 1839 2990">
     <span class='ocr_line' id='line_1_32' title="bbox 340 2916 1839 2990; baseline -0.001 -18"><span class='ocrx_word' id='word_1_174' title='bbox 340 2917 687 2986; x_wconf 74' lang='grc' dir='ltr'>Κλήμεντος</span> <span class='ocrx_word' id='word_1_175' title='bbox 717 2917 967 2989; x_wconf 81' lang='grc' dir='ltr'>Ῥώμης.</span> <span class='ocrx_word' id='word_1_176' title='bbox 997 2947 1070 2960; x_wconf 91' lang='lat'><strong>-—</strong></span> <span class='ocrx_word' id='word_1_177' title='bbox 1103 2919 1170 2973; x_wconf 82' lang='grc' dir='ltr'>Ὀ</span> <span class='ocrx_word' id='word_1_178' title='bbox 1207 2918 1315 2990; x_wconf 82' lang='grc' dir='ltr'><strong>γὰρ</strong></span> <span class='ocrx_word' id='word_1_179' title='bbox 1349 2919 1501 2989; x_wconf 86' lang='grc' dir='ltr'>μισεῖ</span> <span class='ocrx_word' id='word_1_180' title='bbox 1522 2934 1606 2982; x_wconf 87' lang='grc' dir='ltr'><strong>τις</strong></span> <span class='ocrx_word' id='word_1_181' title='bbox 1628 2918 1716 2972; x_wconf 84' lang='grc' dir='ltr'>διὰ</span> <span class='ocrx_word' id='word_1_182' title='bbox 1741 2916 1839 2989; x_wconf 80' lang='grc' dir='ltr'>τὴν</span> 
     </span>
    </p>
   </div>
   <div class='ocr_carea' id='block_1_33' title="bbox 266 3008 1847 3085">
    <p class='ocr_par' dir='ltr' id='par_1_33' title="bbox 266 3008 1847 3085">
     <span class='ocr_line' id='line_1_33' title="bbox 266 3008 1847 3085; baseline 0.002 -23"><span class='ocrx_word' id='word_1_183' title='bbox 266 3009 528 3065; x_wconf 79' lang='grc' dir='ltr'>ἐπιοῦσαν</span> <span class='ocrx_word' id='word_1_184' title='bbox 566 3014 633 3082; x_wconf 81' lang='grc' dir='ltr'>τῇ</span> <span class='ocrx_word' id='word_1_185' title='bbox 669 3011 858 3083; x_wconf 74' lang='grc' dir='ltr'>ἡλικίᾳ</span> <span class='ocrx_word' id='word_1_186' title='bbox 908 3009 1144 3075; x_wconf 87' lang='grc' dir='ltr'>σύνεσιν,</span> <span class='ocrx_word' id='word_1_187' title='bbox 1192 3009 1351 3065; x_wconf 84' lang='grc' dir='ltr'>τοῦτο</span> <span class='ocrx_word' id='word_1_188' title='bbox 1390 3010 1481 3064; x_wconf 79' lang='grc' dir='ltr'><strong>διὰ</strong></span> <span class='ocrx_word' id='word_1_189' title='bbox 1538 3008 1634 3082; x_wconf 80' lang='grc' dir='ltr'>τὴν</span> <span class='ocrx_word' id='word_1_190' title='bbox 1673 3009 1847 3085; x_wconf 75' lang='grc' dir='ltr'><strong>πολυ-¹</strong></span> 
     </span>
    </p>
   </div>
   <div class='ocr_carea' id='block_1_34' title="bbox 266 3097 1835 3176">
    <p class='ocr_par' dir='ltr' id='par_1_34' title="bbox 266 3097 1835 3176">
     <span class='ocr_line' id='line_1_34' title="bbox 266 3097 1835 3176; baseline 0.001 -18"><span class='ocrx_word' id='word_1_191' title='bbox 266 3103 481 3173; x_wconf 77' lang='grc' dir='ltr'>χρόνιον</span> <span class='ocrx_word' id='word_1_192' title='bbox 533 3103 642 3158; x_wconf 83' lang='grc' dir='ltr'><strong>τῶν</strong></span> <span class='ocrx_word' id='word_1_193' title='bbox 689 3104 877 3159; x_wconf 85' lang='grc' dir='ltr'>κακῶν</span> <span class='ocrx_word' id='word_1_194' title='bbox 913 3104 1206 3176; x_wconf 81' lang='grc' dir='ltr'>συνήθειαν</span> <span class='ocrx_word' id='word_1_195' title='bbox 1253 3097 1521 3176; x_wconf 78' lang='grc' dir='ltr'>πράττειν</span> <span class='ocrx_word' id='word_1_196' title='bbox 1565 3120 1835 3175; x_wconf 86' lang='grc' dir='ltr'>συναναγ-</span> 
     </span>
    </p>
   </div>
   <div class='ocr_carea' id='block_1_35' title="bbox 268 3194 1838 3273">
    <p class='ocr_par' dir='ltr' id='par_1_35' title="bbox 268 3194 1838 3273">
     <span class='ocr_line' id='line_1_35' title="bbox 268 3194 1838 3273; baseline 0.001 -24"><span class='ocrx_word' id='word_1_197' title='bbox 268 3194 519 3262; x_wconf 74' lang='grc' dir='ltr'>κάξεται,</span> <span class='ocrx_word' id='word_1_198' title='bbox 570 3195 749 3268; x_wconf 77' lang='grc' dir='ltr'>δεινὴν</span> <span class='ocrx_word' id='word_1_199' title='bbox 802 3197 1048 3253; x_wconf 84' lang='grc' dir='ltr'>σύνοικον</span> <span class='ocrx_word' id='word_1_200' title='bbox 1093 3197 1196 3273; x_wconf 78' lang='grc' dir='ltr'>τὴν</span> <span class='ocrx_word' id='word_1_201' title='bbox 1244 3197 1520 3270; x_wconf 81' lang='grc' dir='ltr'>ἁμαρτίαν</span> <span class='ocrx_word' id='word_1_202' title='bbox 1571 3196 1838 3270; x_wconf 85' lang='grc' dir='ltr'>παρειλη-</span> 
     </span>
    </p>
   </div>
   <div class='ocr_carea' id='block_1_36' title="bbox 266 3286 404 3357">
    <p class='ocr_par' dir='ltr' id='par_1_36' title="bbox 266 3286 404 3357">
     <span class='ocr_line' id='line_1_36' title="bbox 266 3286 404 3357; baseline 0.014 -17"><span class='ocrx_word' id='word_1_203' title='bbox 266 3286 404 3357; x_wconf 76' lang='grc' dir='ltr'>φώς.</span> 
     </span>
    </p>
   </div>
   <div class='ocr_carea' id='block_1_37' title="bbox 338 3366 1835 3453">
    <p class='ocr_par' dir='ltr' id='par_1_37' title="bbox 338 3366 1835 3453">
     <span class='ocr_line' id='line_1_37' title="bbox 338 3366 1835 3453; baseline 0.002 -20"><span class='ocrx_word' id='word_1_204' title='bbox 338 3379 591 3435; x_wconf 84' lang='grc' dir='ltr'>Βοιωτῶν</span> <span class='ocrx_word' id='word_1_205' title='bbox 620 3379 754 3435; x_wconf 77' lang='grc' dir='ltr'>ἔνιοι</span> <span class='ocrx_word' id='word_1_206' title='bbox 781 3379 909 3444; x_wconf 76' lang='grc' dir='ltr'>τοὺς</span> <span class='ocrx_word' id='word_1_207' title='bbox 943 3366 1225 3453; x_wconf 82' lang='grc' dir='ltr'>χρεώστας</span> <span class='ocrx_word' id='word_1_208' title='bbox 1249 3379 1351 3437; x_wconf 79' lang='grc' dir='ltr'>οὐκ</span> <span class='ocrx_word' id='word_1_209' title='bbox 1382 3379 1730 3445; x_wconf 81' lang='grc' dir='ltr'>ἀποδιδόντας</span> <span class='ocrx_word' id='word_1_210' title='bbox 1767 3381 1835 3447; x_wconf 82' lang='grc'><strong>³⁵,</strong></span> 
     </span>
    </p>
   </div>
   <div class='ocr_carea' id='block_1_38' title="bbox 266 3467 1840 3544">
    <p class='ocr_par' dir='ltr' id='par_1_38' title="bbox 266 3467 1840 3544">
     <span class='ocr_line' id='line_1_38' title="bbox 266 3467 1840 3544; baseline -0.003 -15"><span class='ocrx_word' id='word_1_211' title='bbox 266 3471 347 3535; x_wconf 70' lang='grc' dir='ltr'><strong>τίς</strong></span> <span class='ocrx_word' id='word_1_212' title='bbox 374 3470 580 3543; x_wconf 78' lang='grc' dir='ltr'>ἀγορὰν</span> <span class='ocrx_word' id='word_1_213' title='bbox 601 3469 1200 3544; x_wconf 74' lang='grc' dir='ltr'>ἄγοντες,’καθῆσ[θ]αι</span> <span class='ocrx_word' id='word_1_214' title='bbox 1234 3470 1570 3525; x_wconf 77' lang='grc' dir='ltr'>κελεύουσιψ</span> <span class='ocrx_word' id='word_1_215' title='bbox 1597 3467 1717 3525; x_wconf 76' lang='grc' dir='ltr'>εἶτα</span> <span class='ocrx_word' id='word_1_216' title='bbox 1749 3471 1840 3525; x_wconf 85' lang='grc' dir='ltr'>κό-</span> 
     </span>
    </p>
   </div>
   <div class='ocr_carea' id='block_1_39' title="bbox 267 3562 1839 3635">
    <p class='ocr_par' dir='ltr' id='par_1_39' title="bbox 267 3562 1839 3635">
     <span class='ocr_line' id='line_1_39' title="bbox 267 3562 1839 3635; baseline 0.001 -19"><span class='ocrx_word' id='word_1_217' title='bbox 267 3579 420 3633; x_wconf 75' lang='grc' dir='ltr'>φινον</span> <span class='ocrx_word' id='word_1_218' title='bbox 443 3563 825 3618; x_wconf 69' lang='grc' dir='ltr'>ἐπιϐάλλουσιν</span> <span class='ocrx_word' id='word_1_219' title='bbox 850 3562 998 3635; x_wconf 78' lang='grc' dir='ltr'><strong>αύτῷ</strong></span> <span class='ocrx_word' id='word_1_220' title='bbox 1018 3580 1032 3595; x_wconf 88' lang='grc'><strong>·</strong></span> <span class='ocrx_word' id='word_1_221' title='bbox 1062 3563 1121 3627; x_wconf 84' lang='grc' dir='ltr'>ὃς</span> <span class='ocrx_word' id='word_1_222' title='bbox 1143 3562 1190 3618; x_wconf 88' lang='grc' dir='ltr'>δ’</span> <span class='ocrx_word' id='word_1_223' title='bbox 1214 3564 1281 3619; x_wconf 77' lang='grc' dir='ltr'>ἂν</span> <span class='ocrx_word' id='word_1_224' title='bbox 1310 3563 1611 3634; x_wconf 79' lang='grc' dir='ltr'>κοφινωθῇ,</span> <span class='ocrx_word' id='word_1_225' title='bbox 1644 3563 1839 3634; x_wconf 82' lang='grc' dir='ltr'>ἄτιμος</span> 
     </span>
    </p>
   </div>
   <div class='ocr_carea' id='block_1_40' title="bbox 267 3654 1836 3728">
    <p class='ocr_par' dir='ltr' id='par_1_40' title="bbox 267 3654 1836 3728">
     <span class='ocr_line' id='line_1_40' title="bbox 267 3654 1836 3728; baseline 0.001 -20"><span class='ocrx_word' id='word_1_226' title='bbox 267 3655 497 3726; x_wconf 78' lang='grc' dir='ltr'>γίνεται.</span> <span class='ocrx_word' id='word_1_227' title='bbox 538 3658 698 3711; x_wconf 84' lang='grc' dir='ltr'>Δοκεῖ</span> <span class='ocrx_word' id='word_1_228' title='bbox 723 3657 781 3711; x_wconf 71' lang='grc' dir='ltr'>δὲ</span> <span class='ocrx_word' id='word_1_229' title='bbox 808 3654 971 3711; x_wconf 83' lang='grc' dir='ltr'>τοῦτο</span> <span class='ocrx_word' id='word_1_230' title='bbox 1001 3654 1330 3712; x_wconf 80' lang='grc' dir='ltr'>πεπονθέναι</span> <span class='ocrx_word' id='word_1_231' title='bbox 1362 3656 1458 3709; x_wconf 70' lang='grc' dir='ltr'>καὶ</span> <span class='ocrx_word' id='word_1_232' title='bbox 1480 3656 1509 3709; x_wconf 82' lang='grc' dir='ltr'>ὁ</span> <span class='ocrx_word' id='word_1_233' title='bbox 1534 3655 1836 3728; x_wconf 73' lang='grc' dir='ltr'>Εὐριπίδου</span> 
     </span>
    </p>
   </div>
   <div class='ocr_carea' id='block_1_41' title="bbox 266 3742 1125 3816">
    <p class='ocr_par' dir='ltr' id='par_1_41' title="bbox 266 3742 1125 3816">
     <span class='ocr_line' id='line_1_41' title="bbox 266 3742 1125 3816; baseline -0.001 -17"><span class='ocrx_word' id='word_1_234' title='bbox 266 3744 453 3816; x_wconf 80' lang='grc' dir='ltr'>πατὴρ</span> <span class='ocrx_word' id='word_1_235' title='bbox 483 3745 715 3810; x_wconf 82' lang='grc' dir='ltr'>Βοιωτὸς</span> <span class='ocrx_word' id='word_1_236' title='bbox 744 3742 820 3798; x_wconf 81' lang='grc' dir='ltr'>ὣν</span> <span class='ocrx_word' id='word_1_237' title='bbox 846 3744 909 3798; x_wconf 76' lang='grc' dir='ltr'><strong>τὸ</strong></span> <span class='ocrx_word' id='word_1_238' title='bbox 947 3744 1125 3814; x_wconf 80' lang='grc' dir='ltr'>γένος.</span> 
     </span>
    </p>
   </div>
   <div class='ocr_carea' id='block_1_42' title="bbox 335 3830 1838 3905">
    <p class='ocr_par' dir='ltr' id='par_1_42' title="bbox 335 3830 1838 3905">
     <span class='ocr_line' id='line_1_42' title="bbox 335 3830 1838 3905; baseline -0.002 -18"><span class='ocrx_word' id='word_1_239' title='bbox 335 3834 574 3904; x_wconf 82' lang='grc' dir='ltr'>Πέρσαις</span> <span class='ocrx_word' id='word_1_240' title='bbox 605 3834 635 3887; x_wconf 86' lang='grc' dir='ltr'><strong>ὃ</strong></span> <span class='ocrx_word' id='word_1_241' title='bbox 680 3834 756 3905; x_wconf 83' lang='grc' dir='ltr'>μὴ</span> <span class='ocrx_word' id='word_1_242' title='bbox 790 3837 964 3888; x_wconf 86' lang='grc' dir='ltr'>ποιεῖν</span> <span class='ocrx_word' id='word_1_243' title='bbox 990 3834 1222 3900; x_wconf 77' lang='grc' dir='ltr'>ἔξεστιν,</span> <span class='ocrx_word' id='word_1_244' title='bbox 1249 3831 1370 3886; x_wconf 77' lang='grc' dir='ltr'>οὐδὲ</span> <span class='ocrx_word' id='word_1_245' title='bbox 1401 3830 1675 3900; x_wconf 84' lang='grc' dir='ltr'>λέγουσιν.</span> <span class='ocrx_word' id='word_1_246' title='bbox 1713 3830 1838 3885; x_wconf 83' lang='grc' dir='ltr'><strong>Ἐὰν</strong></span> 
     </span>
    </p>
   </div>
   <div class='ocr_carea' id='block_1_43' title="bbox 266 3912 1857 3999">
    <p class='ocr_par' dir='ltr' id='par_1_43' title="bbox 266 3912 1857 3999">
     <span class='ocr_line' id='line_1_43' title="bbox 266 3912 1857 3999; baseline -0.004 -19"><span class='ocrx_word' id='word_1_247' title='bbox 266 3926 324 3980; x_wconf 76' lang='grc' dir='ltr'><strong>δέ</strong></span> <span class='ocrx_word' id='word_1_248' title='bbox 347 3942 432 3988; x_wconf 82' lang='grc' dir='ltr'><strong>τις</strong></span> <span class='ocrx_word' id='word_1_249' title='bbox 462 3926 675 3999; x_wconf 88' lang='grc' dir='ltr'>πατέρα</span> <span class='ocrx_word' id='word_1_250' title='bbox 698 3927 905 3999; x_wconf 80' lang='grc' dir='ltr'>κτείνῃ,</span> <span class='ocrx_word' id='word_1_251' title='bbox 931 3926 1078 3981; x_wconf 76' lang='grc' dir='ltr'>λιτὸν</span> <span class='ocrx_word' id='word_1_252' title='bbox 1106 3922 1267 3979; x_wconf 82' lang='grc' dir='ltr'>αὐτὸν</span> <span class='ocrx_word' id='word_1_253' title='bbox 1289 3924 1495 3979; x_wconf 78' lang='grc' dir='ltr'>οἴονται</span> <span class='ocrx_word' id='word_1_254' title='bbox 1523 3923 1618 3996; x_wconf 81' lang='lat' dir='ltr'><strong>(b)°</strong></span> <span class='ocrx_word' id='word_1_255' title='bbox 1654 3923 1749 3976; x_wconf 79' lang='grc' dir='ltr'><strong>ἐὰν</strong></span> <span class='ocrx_word' id='word_1_256' title='bbox 1782 3912 1857 3975; x_wconf 79' lang='grc' dir='ltr'><strong>δέ</strong></span> 
     </span>
    </p>
   </div>
   <div class='ocr_carea' id='block_1_44' title="bbox 266 4011 1840 4089">
    <p class='ocr_par' dir='ltr' id='par_1_44' title="bbox 266 4011 1840 4089">
     <span class='ocr_line' id='line_1_44' title="bbox 266 4011 1840 4089; baseline -0.003 -19"><span class='ocrx_word' id='word_1_257' title='bbox 266 4033 390 4071; x_wconf 84' lang='grc' dir='ltr'>τινα</span> <span class='ocrx_word' id='word_1_258' title='bbox 431 4012 713 4089; x_wconf 80' lang='grc' dir='ltr'>προστάξῃ</span> <span class='ocrx_word' id='word_1_259' title='bbox 740 4016 993 4086; x_wconf 83' lang='grc' dir='ltr'>βασιλεὺς</span> <span class='ocrx_word' id='word_1_260' title='bbox 1024 4014 1395 4087; x_wconf 82' lang='grc' dir='ltr'>μαστιγῶσαι,</span> <span class='ocrx_word' id='word_1_261' title='bbox 1427 4014 1742 4084; x_wconf 83' lang='grc' dir='ltr'>εὐχαριστεῖ</span> <span class='ocrx_word' id='word_1_262' title='bbox 1763 4011 1840 4075; x_wconf 84' lang='grc' dir='ltr'><strong>ὡς</strong></span> 
     </span>
    </p>
   </div>
   <div class='ocr_carea' id='block_1_45' title="bbox 268 4096 1841 4180">
    <p class='ocr_par' dir='ltr' id='par_1_45' title="bbox 268 4096 1841 4180">
     <span class='ocr_line' id='line_1_45' title="bbox 268 4096 1841 4180; baseline -0.004 -18"><span class='ocrx_word' id='word_1_263' title='bbox 268 4107 474 4176; x_wconf 80' lang='grc' dir='ltr'>ἀγαθοῦ</span> <span class='ocrx_word' id='word_1_264' title='bbox 504 4096 703 4180; x_wconf 82' lang='grc' dir='ltr'>τυχὼν,</span> <span class='ocrx_word' id='word_1_265' title='bbox 734 4109 816 4162; x_wconf 86' lang='grc' dir='ltr'>ὅτι</span> <span class='ocrx_word' id='word_1_266' title='bbox 843 4105 1010 4161; x_wconf 80' lang='grc' dir='ltr'>αὑτοῦ</span> <span class='ocrx_word' id='word_1_267' title='bbox 1036 4105 1285 4178; x_wconf 67' lang='grc' dir='ltr'>ἐμνήσθη</span> <span class='ocrx_word' id='word_1_268' title='bbox 1310 4106 1340 4159; x_wconf 85' lang='grc' dir='ltr'><strong>ό</strong></span> <span class='ocrx_word' id='word_1_269' title='bbox 1369 4102 1644 4175; x_wconf 82' lang='grc' dir='ltr'>βασιλεύς.</span> <span class='ocrx_word' id='word_1_270' title='bbox 1662 4098 1841 4157; x_wconf 66' lang='grc' dir='ltr'>’Δθλα</span> 
     </span>
    </p>
   </div>
   <div class='ocr_carea' id='block_1_46' title="bbox 268 4194 1839 4275">
    <p class='ocr_par' dir='ltr' id='par_1_46' title="bbox 268 4194 1839 4275">
     <span class='ocr_line' id='line_1_46' title="bbox 268 4194 1839 4275; baseline -0.003 -22"><span class='ocrx_word' id='word_1_271' title='bbox 268 4200 328 4254; x_wconf 83' lang='grc' dir='ltr'>δὲ</span> <span class='ocrx_word' id='word_1_272' title='bbox 353 4199 695 4275; x_wconf 75' lang='grc' dir='ltr'>λαμϐάνουσι</span> <span class='ocrx_word' id='word_1_273' title='bbox 727 4200 880 4270; x_wconf 72' lang='grc' dir='ltr'>παρὰ</span> <span class='ocrx_word' id='word_1_274' title='bbox 914 4198 1176 4270; x_wconf 79' lang='grc' dir='ltr'>βασιλέως</span> <span class='ocrx_word' id='word_1_275' title='bbox 1231 4196 1592 4258; x_wconf 84' lang='grc' dir='ltr'>πολυτεκνίας</span> <span class='ocrx_word' id='word_1_276' title='bbox 1616 4210 1631 4225; x_wconf 75' lang='grc'><strong><em>⁸</em></strong></span> <span class='ocrx_word' id='word_1_277' title='bbox 1684 4195 1734 4248; x_wconf 81' lang='grc' dir='ltr'><strong>οῖ</strong></span> <span class='ocrx_word' id='word_1_278' title='bbox 1783 4194 1839 4249; x_wconf 80' lang='grc' dir='ltr'>δὲ</span> 
     </span>
    </p>
   </div>
   <div class='ocr_carea' id='block_1_47' title="bbox 267 4280 1840 4361">
    <p class='ocr_par' dir='ltr' id='par_1_47' title="bbox 267 4280 1840 4361">
     <span class='ocr_line' id='line_1_47' title="bbox 267 4280 1840 4361; baseline -0.003 -18"><span class='ocrx_word' id='word_1_279' title='bbox 267 4290 460 4352; x_wconf 81' lang='grc' dir='ltr'>παῖδες</span> <span class='ocrx_word' id='word_1_280' title='bbox 490 4288 840 4361; x_wconf 81' lang='grc' dir='ltr'>παρ”αύτοῖς</span> <span class='ocrx_word' id='word_1_281' title='bbox 884 4286 1074 4360; x_wconf 86' lang='grc' dir='ltr'>ὥσπερ</span> <span class='ocrx_word' id='word_1_282' title='bbox 1118 4287 1414 4359; x_wconf 85' lang='grc' dir='ltr'>μαθήματα</span> <span class='ocrx_word' id='word_1_283' title='bbox 1444 4284 1505 4338; x_wconf 79' lang='grc' dir='ltr'>τὸ</span> <span class='ocrx_word' id='word_1_284' title='bbox 1551 4280 1840 4355; x_wconf 83' lang='grc' dir='ltr'>ἀληθεύειν</span> 
     </span>
    </p>
   </div>
   <div class='ocr_carea' id='block_1_48' title="bbox 266 4381 629 4442">
    <p class='ocr_par' dir='ltr' id='par_1_48' title="bbox 266 4381 629 4442">
     <span class='ocr_line' id='line_1_48' title="bbox 266 4381 629 4442; baseline 0.003 -8"><span class='ocrx_word' id='word_1_285' title='bbox 266 4381 629 4442; x_wconf 81' lang='grc' dir='ltr'>διδάσκονται,</span> 
     </span>
    </p>
   </div>
   <div class='ocr_carea' id='block_1_49' title="bbox 1948 563 2757 622">
    <p class='ocr_par' dir='ltr' id='par_1_49' title="bbox 1948 563 2757 622">
     <span class='ocr_line' id='line_1_49' title="bbox 1948 563 2757 622; baseline 0.006 -5"><span class='ocrx_word' id='word_1_286' title='bbox 1948 563 2099 619; x_wconf 90' lang='lat' dir='ltr'><strong>bitus</strong></span> <span class='ocrx_word' id='word_1_287' title='bbox 2125 564 2182 618; x_wconf 91' lang='lat' dir='ltr'><strong>in</strong></span> <span class='ocrx_word' id='word_1_288' title='bbox 2206 573 2460 619; x_wconf 78' lang='lat' dir='ltr'><strong>naturain</strong></span> <span class='ocrx_word' id='word_1_289' title='bbox 2488 573 2757 622; x_wconf 91' lang='lat' dir='ltr'><strong>mutetur.</strong></span> 
     </span>
    </p>
   </div>
   <div class='ocr_carea' id='block_1_50' title="bbox 2015 651 3515 733">
    <p class='ocr_par' dir='ltr' id='par_1_50' title="bbox 2015 651 3515 733">
     <span class='ocr_line' id='line_1_50' title="bbox 2015 651 3515 733; baseline 0.001 -26"><span class='ocrx_word' id='word_1_290' title='bbox 2015 652 2101 707; x_wconf 81' lang='lat' dir='ltr'><strong>Ab</strong></span> <span class='ocrx_word' id='word_1_291' title='bbox 2129 655 2367 709; x_wconf 78' lang='lat' dir='ltr'><strong>assuetis</strong></span> <span class='ocrx_word' id='word_1_292' title='bbox 2396 653 2657 727; x_wconf 87' lang='lat' dir='ltr'><strong>disjungi,</strong></span> <span class='ocrx_word' id='word_1_293' title='bbox 2716 651 2884 713; x_wconf 74' lang='lat' dir='ltr'><strong>etiam</strong></span> <span class='ocrx_word' id='word_1_294' title='bbox 2932 657 3102 725; x_wconf 82' lang='lat' dir='ltr'><strong>mutis</strong></span> <span class='ocrx_word' id='word_1_295' title='bbox 3142 655 3515 733; x_wconf 71' lang='lat' dir='ltr'><strong>animantibus</strong></span> 
     </span>
    </p>
   </div>
   <div class='ocr_carea' id='block_1_51' title="bbox 1944 743 3517 817">
    <p class='ocr_par' dir='ltr' id='par_1_51' title="bbox 1944 743 3517 817">
     <span class='ocr_line' id='line_1_51' title="bbox 1944 743 3517 817; baseline 0.001 -20"><span class='ocrx_word' id='word_1_296' title='bbox 1944 743 2401 798; x_wconf 75' lang='lat' dir='ltr'><strong>molestissimum</strong></span> <span class='ocrx_word' id='word_1_297' title='bbox 2444 753 2567 811; x_wconf 28' lang='lat' dir='ltr'><strong>‘est.</strong></span> <span class='ocrx_word' id='word_1_298' title='bbox 2624 746 2850 801; x_wconf 78' lang='lat' dir='ltr'><strong>Memini</strong></span> <span class='ocrx_word' id='word_1_299' title='bbox 2905 747 3235 817; x_wconf 83' lang='lat' dir='ltr'><strong>quandoque</strong></span> <span class='ocrx_word' id='word_1_300' title='bbox 3272 744 3340 799; x_wconf 89' lang='lat' dir='ltr'><strong>ad</strong></span> <span class='ocrx_word' id='word_1_301' title='bbox 3376 760 3517 814; x_wconf 68' lang='lat' dir='ltr'><strong>pra:-</strong></span> 
     </span>
    </p>
   </div>
   <div class='ocr_carea' id='block_1_52' title="bbox 1943 833 3502 907">
    <p class='ocr_par' dir='ltr' id='par_1_52' title="bbox 1943 833 3502 907">
     <span class='ocr_line' id='line_1_52' title="bbox 1943 833 3502 907; baseline 0.001 -18"><span class='ocrx_word' id='word_1_302' title='bbox 1943 848 2074 903; x_wconf 89' lang='lat' dir='ltr'><strong>sepe</strong></span> <span class='ocrx_word' id='word_1_303' title='bbox 2106 833 2305 888; x_wconf 85' lang='lat' dir='ltr'><strong>bovem</strong></span> <span class='ocrx_word' id='word_1_304' title='bbox 2336 834 2564 901; x_wconf 80' lang='lat' dir='ltr'><strong>vidisse,</strong></span> <span class='ocrx_word' id='word_1_305' title='bbox 2595 839 2688 905; x_wconf 88' lang='lat' dir='ltr'><strong>qui</strong></span> <span class='ocrx_word' id='word_1_306' title='bbox 2719 851 3110 907; x_wconf 86' lang='lat' dir='ltr'><strong>compascuum</strong></span> <span class='ocrx_word' id='word_1_307' title='bbox 3140 852 3206 891; x_wconf 86' lang='lat' dir='ltr'><strong>ac</strong></span> <span class='ocrx_word' id='word_1_308' title='bbox 3247 837 3502 907; x_wconf 86' lang='lat' dir='ltr'><strong>conjuga-</strong></span> 
     </span>
    </p>
   </div>
   <div class='ocr_carea' id='block_1_53' title="bbox 1941 924 2921 982">
    <p class='ocr_par' dir='ltr' id='par_1_53' title="bbox 1941 924 2921 982">
     <span class='ocr_line' id='line_1_53' title="bbox 1941 924 2921 982; baseline 0.002 -2"><span class='ocrx_word' id='word_1_309' title='bbox 1941 924 2051 980; x_wconf 89' lang='lat' dir='ltr'><strong>lem</strong></span> <span class='ocrx_word' id='word_1_310' title='bbox 2083 924 2283 979; x_wconf 81' lang='lat' dir='ltr'><strong>bovem</strong></span> <span class='ocrx_word' id='word_1_311' title='bbox 2306 925 2640 980; x_wconf 82' lang='lat' dir='ltr'><strong>exstinctum</strong></span> <span class='ocrx_word' id='word_1_312' title='bbox 2673 926 2921 982; x_wconf 78' lang='lat' dir='ltr'><strong>deﬁeret.</strong></span> 
     </span>
    </p>
   </div>
   <div class='ocr_carea' id='block_1_54' title="bbox 2015 1012 3516 1087">
    <p class='ocr_par' dir='ltr' id='par_1_54' title="bbox 2015 1012 3516 1087">
     <span class='ocr_line' id='line_1_54' title="bbox 2015 1012 3516 1087; baseline -0.001 -20"><span class='ocrx_word' id='word_1_313' title='bbox 2015 1012 2363 1085; x_wconf 82' lang='lat' dir='ltr'><strong>Thealogi.—</strong></span> <span class='ocrx_word' id='word_1_314' title='bbox 2383 1014 2622 1070; x_wconf 86' lang='lat' dir='ltr'><strong>Facilius</strong></span> <span class='ocrx_word' id='word_1_315' title='bbox 2655 1021 2740 1069; x_wconf 90' lang='lat' dir='ltr'><strong>est</strong></span> <span class='ocrx_word' id='word_1_316' title='bbox 2773 1031 2804 1068; x_wconf 88' lang='lat' dir='ltr'><strong>a</strong></span> <span class='ocrx_word' id='word_1_317' title='bbox 2848 1014 3124 1087; x_wconf 88' lang='lat' dir='ltr'><strong>principio</strong></span> <span class='ocrx_word' id='word_1_318' title='bbox 3156 1029 3268 1070; x_wconf 90' lang='lat' dir='ltr'><strong>non</strong></span> <span class='ocrx_word' id='word_1_319' title='bbox 3295 1028 3354 1069; x_wconf 88' lang='lat' dir='ltr'><strong>se</strong></span> <span class='ocrx_word' id='word_1_320' title='bbox 3375 1013 3516 1067; x_wconf 88' lang='lat' dir='ltr'><strong>vitio</strong></span> 
     </span>
    </p>
   </div>
   <div class='ocr_carea' id='block_1_55' title="bbox 1943 1103 3549 1176">
    <p class='ocr_par' dir='ltr' id='par_1_55' title="bbox 1943 1103 3549 1176">
     <span class='ocr_line' id='line_1_55' title="bbox 1943 1103 3549 1176; baseline -0.001 -16"><span class='ocrx_word' id='word_1_321' title='bbox 1943 1103 2170 1169; x_wconf 81' lang='lat' dir='ltr'><strong>dedere,</strong></span> <span class='ocrx_word' id='word_1_322' title='bbox 2188 1119 2572 1175; x_wconf 87' lang='lat' dir='ltr'><strong>enascensque</strong></span> <span class='ocrx_word' id='word_1_323' title='bbox 2603 1105 2869 1176; x_wconf 69' lang='lat' dir='ltr'><strong>effugere,</strong></span> <span class='ocrx_word' id='word_1_324' title='bbox 2896 1121 3062 1174; x_wconf 90' lang='lat' dir='ltr'><strong>quam</strong></span> <span class='ocrx_word' id='word_1_325' title='bbox 3113 1114 3336 1161; x_wconf 87' lang='lat' dir='ltr'><strong>auctum</strong></span> <span class='ocrx_word' id='word_1_326' title='bbox 3365 1105 3549 1160; x_wconf 86' lang='lat' dir='ltr'><strong>inhi--</strong></span> 
     </span>
    </p>
   </div>
   <div class='ocr_carea' id='block_1_56' title="bbox 1943 1194 2970 1265">
    <p class='ocr_par' dir='ltr' id='par_1_56' title="bbox 1943 1194 2970 1265">
     <span class='ocr_line' id='line_1_56' title="bbox 1943 1194 2970 1265; baseline -0.002 -14"><span class='ocrx_word' id='word_1_327' title='bbox 1943 1196 2099 1260; x_wconf 87' lang='lat' dir='ltr'><strong>bere,</strong></span> <span class='ocrx_word' id='word_1_328' title='bbox 2126 1210 2304 1265; x_wconf 90' lang='lat' dir='ltr'><strong>eoque</strong></span> <span class='ocrx_word' id='word_1_329' title='bbox 2336 1195 2681 1264; x_wconf 79' lang='lat' dir='ltr'><strong>superiorem</strong></span> <span class='ocrx_word' id='word_1_330' title='bbox 2711 1194 2970 1250; x_wconf 81' lang='lat' dir='ltr'><strong>evadere.</strong></span> 
     </span>
    </p>
   </div>
   <div class='ocr_carea' id='block_1_57' title="bbox 2016 1283 3515 1355">
    <p class='ocr_par' dir='ltr' id='par_1_57' title="bbox 2016 1283 3515 1355">
     <span class='ocr_line' id='line_1_57' title="bbox 2016 1283 3515 1355; baseline -0.002 -14"><span class='ocrx_word' id='word_1_331' title='bbox 2016 1286 2271 1341; x_wconf 82' lang='lat' dir='ltr'><strong>Reticqu</strong></span> <span class='ocrx_word' id='word_1_332' title='bbox 2294 1302 2494 1355; x_wconf 91' lang='lat' dir='ltr'><strong>aquam</strong></span> <span class='ocrx_word' id='word_1_333' title='bbox 2525 1285 2672 1339; x_wconf 90' lang='lat' dir='ltr'><strong>ferre</strong></span> <span class='ocrx_word' id='word_1_334' title='bbox 2702 1292 2761 1340; x_wconf 92' lang='lat' dir='ltr'><strong>et</strong></span> <span class='ocrx_word' id='word_1_335' title='bbox 2795 1285 3027 1339; x_wconf 87' lang='lat' dir='ltr'><strong>laterem</strong></span> <span class='ocrx_word' id='word_1_336' title='bbox 3072 1284 3257 1339; x_wconf 89' lang='lat' dir='ltr'><strong>lavare</strong></span> <span class='ocrx_word' id='word_1_337' title='bbox 3294 1283 3515 1338; x_wconf 81' lang='lat' dir='ltr'><strong>facilius</strong></span> 
     </span>
    </p>
   </div>
   <div class='ocr_carea' id='block_1_58' title="bbox 1888 1374 3514 1448">
    <p class='ocr_par' dir='ltr' id='par_1_58' title="bbox 1888 1374 3514 1448">
     <span class='ocr_line' id='line_1_58' title="bbox 1888 1374 3514 1448; baseline -0.004 -15"><span class='ocrx_word' id='word_1_338' title='bbox 1888 1406 1895 1413; x_wconf 93' lang='lat'><strong>-</strong></span> <span class='ocrx_word' id='word_1_339' title='bbox 1942 1386 2049 1443; x_wconf 85' lang='lat' dir='ltr'><strong>est,</strong></span> <span class='ocrx_word' id='word_1_340' title='bbox 2081 1393 2247 1448; x_wconf 89' lang='lat' dir='ltr'><strong>quam</strong></span> <span class='ocrx_word' id='word_1_341' title='bbox 2277 1377 2427 1447; x_wconf 90' lang='lat' dir='ltr'><strong>longi</strong></span> <span class='ocrx_word' id='word_1_342' title='bbox 2463 1376 2729 1446; x_wconf 87' lang='lat' dir='ltr'><strong>temporis</strong></span> <span class='ocrx_word' id='word_1_343' title='bbox 2752 1391 2856 1431; x_wconf 89' lang='lat' dir='ltr'><strong>usu</strong></span> <span class='ocrx_word' id='word_1_344' title='bbox 2883 1375 2990 1429; x_wconf 86' lang='lat' dir='ltr'><strong>alta</strong></span> <span class='ocrx_word' id='word_1_345' title='bbox 3026 1374 3212 1429; x_wconf 84' lang='lat' dir='ltr'><strong>radice</strong></span> <span class='ocrx_word' id='word_1_346' title='bbox 3240 1374 3296 1427; x_wconf 91' lang='lat' dir='ltr'><strong>in</strong></span> <span class='ocrx_word' id='word_1_347' title='bbox 3337 1374 3514 1428; x_wconf 83' lang='lat' dir='ltr'><strong>homi-</strong></span> 
     </span>
    </p>
   </div>
   <div class='ocr_carea' id='block_1_59' title="bbox 1942 1467 3230 1525">
    <p class='ocr_par' dir='ltr' id='par_1_59' title="bbox 1942 1467 3230 1525">
     <span class='ocr_line' id='line_1_59' title="bbox 1942 1467 3230 1525; baseline -0.003 -1"><span class='ocrx_word' id='word_1_348' title='bbox 1942 1468 2032 1525; x_wconf 88' lang='lat' dir='ltr'><strong>nis</strong></span> <span class='ocrx_word' id='word_1_349' title='bbox 2064 1469 2251 1523; x_wconf 90' lang='lat' dir='ltr'><strong>animo</strong></span> <span class='ocrx_word' id='word_1_350' title='bbox 2277 1467 2518 1525; x_wconf 81' lang='lat' dir='ltr'><strong>deﬁxum</strong></span> <span class='ocrx_word' id='word_1_351' title='bbox 2549 1468 2712 1523; x_wconf 89' lang='lat' dir='ltr'><strong>liceat</strong></span> <span class='ocrx_word' id='word_1_352' title='bbox 2736 1469 2930 1523; x_wconf 88' lang='lat' dir='ltr'><strong>vitium</strong></span> <span class='ocrx_word' id='word_1_353' title='bbox 2960 1467 3230 1522; x_wconf 82' lang='lat' dir='ltr'><strong>eximere.</strong></span> 
     </span>
    </p>
   </div>
   <div class='ocr_carea' id='block_1_60' title="bbox 2003 1557 3517 1631">
    <p class='ocr_par' dir='ltr' id='par_1_60' title="bbox 2003 1557 3517 1631">
     <span class='ocr_line' id='line_1_60' title="bbox 2003 1557 3517 1631; baseline -0.001 -15"><span class='ocrx_word' id='word_1_354' title='bbox 2003 1559 2273 1631; x_wconf 83' lang='lat' dir='ltr'><strong>Chrysost.</strong></span> <span class='ocrx_word' id='word_1_355' title='bbox 2293 1590 2362 1601; x_wconf 89' lang='lat'><strong>--—</strong></span> <span class='ocrx_word' id='word_1_356' title='bbox 2382 1558 2534 1613; x_wconf 85' lang='lat' dir='ltr'><strong>Nihil</strong></span> <span class='ocrx_word' id='word_1_357' title='bbox 2563 1559 2645 1627; x_wconf 71' lang='lat' dir='ltr'><strong>sic</strong></span> <span class='ocrx_word' id='word_1_358' title='bbox 2675 1559 2895 1613; x_wconf 81' lang='lat' dir='ltr'><strong>ﬁrmum</strong></span> <span class='ocrx_word' id='word_1_359' title='bbox 2948 1559 3096 1614; x_wconf 89' lang='lat' dir='ltr'><strong>inter</strong></span> <span class='ocrx_word' id='word_1_360' title='bbox 3142 1557 3419 1623; x_wconf 88' lang='lat' dir='ltr'><strong>homines,</strong></span> <span class='ocrx_word' id='word_1_361' title='bbox 3451 1572 3517 1614; x_wconf 88' lang='lat' dir='ltr'><strong>ac</strong></span> 
     </span>
    </p>
   </div>
   <div class='ocr_carea' id='block_1_61' title="bbox 1943 1649 2734 1707">
    <p class='ocr_par' dir='ltr' id='par_1_61' title="bbox 1943 1649 2734 1707">
     <span class='ocr_line' id='line_1_61' title="bbox 1943 1649 2734 1707; baseline -0.004 -1"><span class='ocrx_word' id='word_1_362' title='bbox 1943 1651 2153 1707; x_wconf 82' lang='lat' dir='ltr'><strong>veteris</strong></span> <span class='ocrx_word' id='word_1_363' title='bbox 2177 1649 2600 1706; x_wconf 86' lang='lat' dir='ltr'><strong>consuetudinis</strong></span> <span class='ocrx_word' id='word_1_364' title='bbox 2629 1650 2734 1705; x_wconf 92' lang='lat' dir='ltr'><strong>vis.</strong></span> 
     </span>
    </p>
   </div>
   <div class='ocr_carea' id='block_1_62' title="bbox 2015 1730 3515 1813">
    <p class='ocr_par' dir='ltr' id='par_1_62' title="bbox 2015 1730 3515 1813">
     <span class='ocr_line' id='line_1_62' title="bbox 2015 1730 3515 1813; baseline -0.002 -16"><span class='ocrx_word' id='word_1_365' title='bbox 2015 1741 2242 1797; x_wconf 78' lang='lat' dir='ltr'><strong>Externi</strong></span> <span class='ocrx_word' id='word_1_366' title='bbox 2262 1740 2486 1813; x_wconf 89' lang='lat' dir='ltr'><strong>quidam</strong></span> <span class='ocrx_word' id='word_1_367' title='bbox 2516 1730 2976 1797; x_wconf 83' lang='lat' dir='ltr'><strong>consuetudinem</strong></span> <span class='ocrx_word' id='word_1_368' title='bbox 3001 1742 3232 1797; x_wconf 82' lang='lat' dir='ltr'><strong>alteram</strong></span> <span class='ocrx_word' id='word_1_369' title='bbox 3261 1749 3515 1795; x_wconf 87' lang='lat' dir='ltr'><strong>naturam</strong></span> 
     </span>
    </p>
   </div>
   <div class='ocr_carea' id='block_1_63' title="bbox 1872 1814 2223 1887">
    <p class='ocr_par' dir='ltr' id='par_1_63' title="bbox 1872 1814 2223 1887">
     <span class='ocr_line' id='line_1_63' title="bbox 1872 1814 2223 1887; baseline 0 0"><span class='ocrx_word' id='word_1_370' title='bbox 1872 1814 1914 1871; x_wconf 73' lang='grc' dir='ltr'><strong><em>Β</em></strong></span> <span class='ocrx_word' id='word_1_371' title='bbox 1942 1831 2223 1887; x_wconf 79' lang='lat' dir='ltr'><strong>dixerunt.</strong></span> 
     </span>
    </p>
   </div>
   <div class='ocr_carea' id='block_1_64' title="bbox 2010 1920 3515 1988">
    <p class='ocr_par' dir='ltr' id='par_1_64' title="bbox 2010 1920 3515 1988">
     <span class='ocr_line' id='line_1_64' title="bbox 2010 1920 3515 1988; baseline -0.001 -11"><span class='ocrx_word' id='word_1_372' title='bbox 2010 1923 2148 1978; x_wconf 85' lang='lat' dir='ltr'><strong>Mira</strong></span> <span class='ocrx_word' id='word_1_373' title='bbox 2175 1922 2261 1978; x_wconf 92' lang='lat' dir='ltr'><strong>vis</strong></span> <span class='ocrx_word' id='word_1_374' title='bbox 2284 1922 2707 1979; x_wconf 90' lang='lat' dir='ltr'><strong>consuetudinis</strong></span> <span class='ocrx_word' id='word_1_375' title='bbox 2734 1932 2795 1978; x_wconf 89' lang='lat' dir='ltr'><strong>ut</strong></span> <span class='ocrx_word' id='word_1_376' title='bbox 2836 1923 2905 1978; x_wconf 83' lang='lat' dir='ltr'><strong>ad</strong></span> <span class='ocrx_word' id='word_1_377' title='bbox 2928 1938 2988 1978; x_wconf 93' lang='lat' dir='ltr'><strong>se</strong></span> <span class='ocrx_word' id='word_1_378' title='bbox 3015 1921 3282 1988; x_wconf 83' lang='lat' dir='ltr'><strong>detineat,</strong></span> <span class='ocrx_word' id='word_1_379' title='bbox 3314 1936 3419 1977; x_wconf 90' lang='lat' dir='ltr'><strong>nec</strong></span> <span class='ocrx_word' id='word_1_380' title='bbox 3445 1920 3515 1976; x_wconf 91' lang='lat' dir='ltr'><strong>ad</strong></span> 
     </span>
    </p>
   </div>
   <div class='ocr_carea' id='block_1_65' title="bbox 1938 2012 3513 2084">
    <p class='ocr_par' dir='ltr' id='par_1_65' title="bbox 1938 2012 3513 2084">
     <span class='ocr_line' id='line_1_65' title="bbox 1938 2012 3513 2084; baseline -0.001 -15"><span class='ocrx_word' id='word_1_381' title='bbox 1938 2014 2183 2084; x_wconf 88' lang='lat' dir='ltr'><strong>priorem</strong></span> <span class='ocrx_word' id='word_1_382' title='bbox 2217 2030 2410 2070; x_wconf 88' lang='lat' dir='ltr'><strong>rursus</strong></span> <span class='ocrx_word' id='word_1_383' title='bbox 2434 2013 2664 2070; x_wconf 88' lang='lat' dir='ltr'><strong>virtutis</strong></span> <span class='ocrx_word' id='word_1_384' title='bbox 2712 2013 2964 2070; x_wconf 84' lang='lat' dir='ltr'><strong>habitum</strong></span> <span class='ocrx_word' id='word_1_385' title='bbox 3016 2028 3307 2084; x_wconf 79' lang='lat' dir='ltr'><strong>assurgere</strong></span> <span class='ocrx_word' id='word_1_386' title='bbox 3349 2012 3513 2068; x_wconf 85' lang='lat' dir='ltr'><strong>sinat.</strong></span> 
     </span>
    </p>
   </div>
   <div class='ocr_carea' id='block_1_66' title="bbox 2005 2188 3513 2262">
    <p class='ocr_par' dir='ltr' id='par_1_66' title="bbox 2005 2188 3513 2262">
     <span class='ocr_line' id='line_1_66' title="bbox 2005 2188 3513 2262; baseline -0.002 -16"><span class='ocrx_word' id='word_1_387' title='bbox 2005 2191 2240 2246; x_wconf 84' lang='lat' dir='ltr'><strong>Animus</strong></span> <span class='ocrx_word' id='word_1_388' title='bbox 2269 2190 2381 2246; x_wconf 91' lang='lat' dir='ltr'><strong>icto</strong></span> <span class='ocrx_word' id='word_1_389' title='bbox 2405 2191 2579 2246; x_wconf 90' lang='lat' dir='ltr'><strong>semel</strong></span> <span class='ocrx_word' id='word_1_390' title='bbox 2629 2207 2754 2246; x_wconf 88' lang='lat' dir='ltr'><strong>cum</strong></span> <span class='ocrx_word' id='word_1_391' title='bbox 2802 2202 3032 2262; x_wconf 87' lang='lat' dir='ltr'><strong>peccato</strong></span> <span class='ocrx_word' id='word_1_392' title='bbox 3074 2190 3304 2255; x_wconf 70' lang='lat' dir='ltr'><strong>fmdere,</strong></span> <span class='ocrx_word' id='word_1_393' title='bbox 3347 2188 3513 2243; x_wconf 84' lang='lat' dir='ltr'><strong>amis-</strong></span> 
     </span>
    </p>
   </div>
   <div class='ocr_carea' id='block_1_67' title="bbox 1939 2281 3517 2353">
    <p class='ocr_par' dir='ltr' id='par_1_67' title="bbox 1939 2281 3517 2353">
     <span class='ocr_line' id='line_1_67' title="bbox 1939 2281 3517 2353; baseline -0.002 -15"><span class='ocrx_word' id='word_1_394' title='bbox 1939 2297 2113 2352; x_wconf 90' lang='lat' dir='ltr'><strong>soque</strong></span> <span class='ocrx_word' id='word_1_395' title='bbox 2168 2281 2382 2337; x_wconf 90' lang='lat' dir='ltr'><strong>doloris</strong></span> <span class='ocrx_word' id='word_1_396' title='bbox 2441 2297 2609 2337; x_wconf 84' lang='lat' dir='ltr'><strong>sensu</strong></span> <span class='ocrx_word' id='word_1_397' title='bbox 2687 2296 2864 2353; x_wconf 85' lang='lat' dir='ltr'><strong>eoque</strong></span> <span class='ocrx_word' id='word_1_398' title='bbox 2929 2283 3185 2349; x_wconf 87' lang='lat' dir='ltr'><strong>attonita,</strong></span> <span class='ocrx_word' id='word_1_399' title='bbox 3238 2281 3517 2353; x_wconf 80' lang='lat' dir='ltr'><strong>ingentem</strong></span> 
     </span>
    </p>
   </div>
   <div class='ocr_carea' id='block_1_68' title="bbox 1938 2373 2689 2431">
    <p class='ocr_par' dir='ltr' id='par_1_68' title="bbox 1938 2373 2689 2431">
     <span class='ocr_line' id='line_1_68' title="bbox 1938 2373 2689 2431; baseline -0.005 1"><span class='ocrx_word' id='word_1_400' title='bbox 1938 2375 2131 2431; x_wconf 80' lang='lat' dir='ltr'><strong>morbo</strong></span> <span class='ocrx_word' id='word_1_401' title='bbox 2155 2373 2526 2429; x_wconf 87' lang='lat' dir='ltr'><strong>accessionem</strong></span> <span class='ocrx_word' id='word_1_402' title='bbox 2557 2374 2689 2430; x_wconf 85' lang='lat' dir='ltr'><strong>facit</strong></span> 
     </span>
    </p>
   </div>
   <div class='ocr_carea' id='block_1_69' title="bbox 2008 2461 3517 2535">
    <p class='ocr_par' dir='ltr' id='par_1_69' title="bbox 2008 2461 3517 2535">
     <span class='ocr_line' id='line_1_69' title="bbox 2008 2461 3517 2535; baseline 0.003 -19"><span class='ocrx_word' id='word_1_403' title='bbox 2008 2461 2110 2530; x_wconf 90' lang='lat' dir='ltr'><strong>Qui</strong></span> <span class='ocrx_word' id='word_1_404' title='bbox 2141 2462 2413 2517; x_wconf 81' lang='lat' dir='ltr'><strong>flammam</strong></span> <span class='ocrx_word' id='word_1_405' title='bbox 2439 2463 2510 2517; x_wconf 91' lang='lat' dir='ltr'><strong>ab</strong></span> <span class='ocrx_word' id='word_1_406' title='bbox 2539 2462 2697 2520; x_wconf 89' lang='lat' dir='ltr'><strong>initio</strong></span> <span class='ocrx_word' id='word_1_407' title='bbox 2728 2480 2840 2519; x_wconf 92' lang='lat' dir='ltr'><strong>non</strong></span> <span class='ocrx_word' id='word_1_408' title='bbox 2863 2464 3241 2535; x_wconf 77' lang='lat' dir='ltr'><strong>exstinguunt,</strong></span> <span class='ocrx_word' id='word_1_409' title='bbox 3289 2462 3329 2519; x_wconf 87' lang='lat' dir='ltr'><strong>ii</strong></span> <span class='ocrx_word' id='word_1_410' title='bbox 3374 2477 3517 2533; x_wconf 71' lang='lat' dir='ltr'><strong>saepe</strong></span> 
     </span>
    </p>
   </div>
   <div class='ocr_carea' id='block_1_70' title="bbox 1938 2553 3516 2636">
    <p class='ocr_par' dir='ltr' id='par_1_70' title="bbox 1938 2553 3516 2636">
     <span class='ocr_line' id='line_1_70' title="bbox 1938 2553 3516 2636; baseline -0.002 -26"><span class='ocrx_word' id='word_1_411' title='bbox 1938 2555 1996 2610; x_wconf 87' lang='lat' dir='ltr'><strong>in</strong></span> <span class='ocrx_word' id='word_1_412' title='bbox 2022 2570 2280 2625; x_wconf 86' lang='lat' dir='ltr'><strong>magnum</strong></span> <span class='ocrx_word' id='word_1_413' title='bbox 2315 2554 2573 2610; x_wconf 90' lang='lat' dir='ltr'><strong>incidunt</strong></span> <span class='ocrx_word' id='word_1_414' title='bbox 2624 2556 2969 2612; x_wconf 86' lang='lat' dir='ltr'><strong>incendium.</strong></span> <span class='ocrx_word' id='word_1_415' title='bbox 3022 2557 3321 2636; x_wconf 77' lang='lat' dir='ltr'><strong>Peccatum</strong></span> <span class='ocrx_word' id='word_1_416' title='bbox 3368 2553 3516 2609; x_wconf 87' lang='lat' dir='ltr'><strong>enim</strong></span> 
     </span>
    </p>
   </div>
   <div class='ocr_carea' id='block_1_71' title="bbox 1938 2646 3519 2719">
    <p class='ocr_par' dir='ltr' id='par_1_71' title="bbox 1938 2646 3519 2719">
     <span class='ocr_line' id='line_1_71' title="bbox 1938 2646 3519 2719; baseline 0.001 -20"><span class='ocrx_word' id='word_1_417' title='bbox 1938 2646 2094 2701; x_wconf 89' lang='lat' dir='ltr'><strong>nullo</strong></span> <span class='ocrx_word' id='word_1_418' title='bbox 2154 2647 2275 2718; x_wconf 87' lang='lat' dir='ltr'><strong>ejus</strong></span> <span class='ocrx_word' id='word_1_419' title='bbox 2322 2647 2561 2703; x_wconf 88' lang='lat' dir='ltr'><strong>ulterius</strong></span> <span class='ocrx_word' id='word_1_420' title='bbox 2610 2648 2904 2704; x_wconf 80' lang='lat' dir='ltr'><strong>inhibente</strong></span> <span class='ocrx_word' id='word_1_421' title='bbox 2944 2662 3322 2719; x_wconf 88' lang='lat' dir='ltr'><strong>progressum,</strong></span> <span class='ocrx_word' id='word_1_422' title='bbox 3373 2661 3519 2716; x_wconf 90' lang='lat' dir='ltr'><strong>equo</strong></span> 
     </span>
    </p>
   </div>
   <div class='ocr_carea' id='block_1_72' title="bbox 1939 2739 3521 2814">
    <p class='ocr_par' dir='ltr' id='par_1_72' title="bbox 1939 2739 3521 2814">
     <span class='ocr_line' id='line_1_72' title="bbox 1939 2739 3521 2814; baseline -0.002 -19"><span class='ocrx_word' id='word_1_423' title='bbox 1939 2739 2121 2796; x_wconf 90' lang='lat' dir='ltr'><strong>simile</strong></span> <span class='ocrx_word' id='word_1_424' title='bbox 2151 2749 2258 2808; x_wconf 91' lang='lat' dir='ltr'><strong>est,</strong></span> <span class='ocrx_word' id='word_1_425' title='bbox 2287 2741 2384 2811; x_wconf 88' lang='lat' dir='ltr'><strong>qui</strong></span> <span class='ocrx_word' id='word_1_426' title='bbox 2412 2740 2571 2797; x_wconf 90' lang='lat' dir='ltr'><strong>freno</strong></span> <span class='ocrx_word' id='word_1_427' title='bbox 2621 2741 2842 2814; x_wconf 73' lang='lat' dir='ltr'><strong>abiecto</strong></span> <span class='ocrx_word' id='word_1_428' title='bbox 2893 2755 3167 2798; x_wconf 85' lang='lat' dir='ltr'><strong>sessorem</strong></span> <span class='ocrx_word' id='word_1_429' title='bbox 3199 2740 3256 2794; x_wconf 91' lang='lat' dir='ltr'><strong>in</strong></span> <span class='ocrx_word' id='word_1_430' title='bbox 3275 2751 3521 2810; x_wconf 69' lang='lat' dir='ltr'><strong>pmceps</strong></span> 
     </span>
    </p>
   </div>
   <div class='ocr_carea' id='block_1_73' title="bbox 1937 2832 2070 2902">
    <p class='ocr_par' dir='ltr' id='par_1_73' title="bbox 1937 2832 2070 2902">
     <span class='ocr_line' id='line_1_73' title="bbox 1937 2832 2070 2902; baseline -0.015 -16"><span class='ocrx_word' id='word_1_431' title='bbox 1937 2832 2070 2902; x_wconf 88' lang='lat' dir='ltr'><strong>agit.</strong></span> 
     </span>
    </p>
   </div>
   <div class='ocr_carea' id='block_1_74' title="bbox 2010 2921 3521 2996">
    <p class='ocr_par' dir='ltr' id='par_1_74' title="bbox 2010 2921 3521 2996">
     <span class='ocr_line' id='line_1_74' title="bbox 2010 2921 3521 2996; baseline -0.001 -17"><span class='ocrx_word' id='word_1_432' title='bbox 2010 2921 2295 2979; x_wconf 73' lang='lat' dir='ltr'><strong>Clementis</strong></span> <span class='ocrx_word' id='word_1_433' title='bbox 2326 2922 2570 2979; x_wconf 83' lang='lat' dir='ltr'><strong>Romani.</strong></span> <span class='ocrx_word' id='word_1_434' title='bbox 2597 2954 2665 2964; x_wconf 92' lang='lat'><strong><em>—</em></strong></span> <span class='ocrx_word' id='word_1_435' title='bbox 2681 2923 2839 2990; x_wconf 83' lang='lat' dir='ltr'><strong>Quod</strong></span> <span class='ocrx_word' id='word_1_436' title='bbox 2861 2924 2987 2996; x_wconf 89' lang='lat' dir='ltr'><strong>quis</strong></span> <span class='ocrx_word' id='word_1_437' title='bbox 3011 2925 3150 2991; x_wconf 91' lang='lat' dir='ltr'><strong>odit,</strong></span> <span class='ocrx_word' id='word_1_438' title='bbox 3182 2940 3284 2995; x_wconf 87' lang='lat' dir='ltr'><strong>pro</strong></span> <span class='ocrx_word' id='word_1_439' title='bbox 3303 2939 3368 2980; x_wconf 84' lang='lat' dir='ltr'><strong>ea</strong></span> <span class='ocrx_word' id='word_1_440' title='bbox 3387 2938 3521 2994; x_wconf 85' lang='lat' dir='ltr'><strong>pru-</strong></span> 
     </span>
    </p>
   </div>
   <div class='ocr_carea' id='block_1_75' title="bbox 1939 3014 3519 3086">
    <p class='ocr_par' dir='ltr' id='par_1_75' title="bbox 1939 3014 3519 3086">
     <span class='ocr_line' id='line_1_75' title="bbox 1939 3014 3519 3086; baseline -0.001 -15"><span class='ocrx_word' id='word_1_441' title='bbox 1939 3015 2130 3071; x_wconf 89' lang='lat' dir='ltr'><strong>dentia</strong></span> <span class='ocrx_word' id='word_1_442' title='bbox 2168 3030 2335 3086; x_wconf 89' lang='lat' dir='ltr'><strong>quam</strong></span> <span class='ocrx_word' id='word_1_443' title='bbox 2387 3024 2521 3071; x_wconf 70' lang='lat' dir='ltr'><strong>tetas</strong></span> <span class='ocrx_word' id='word_1_444' title='bbox 2584 3016 2856 3071; x_wconf 88' lang='lat' dir='ltr'><strong>maturior</strong></span> <span class='ocrx_word' id='word_1_445' title='bbox 2893 3016 3146 3083; x_wconf 79' lang='lat' dir='ltr'><strong>invexit,</strong></span> <span class='ocrx_word' id='word_1_446' title='bbox 3204 3016 3259 3071; x_wconf 91' lang='lat' dir='ltr'><strong>id</strong></span> <span class='ocrx_word' id='word_1_447' title='bbox 3285 3028 3415 3070; x_wconf 87' lang='lat' dir='ltr'><strong>vero</strong></span> <span class='ocrx_word' id='word_1_448' title='bbox 3447 3014 3519 3070; x_wconf 85' lang='lat' dir='ltr'><strong>ob</strong></span> 
     </span>
    </p>
   </div>
   <div class='ocr_carea' id='block_1_76' title="bbox 1939 3102 3519 3174">
    <p class='ocr_par' dir='ltr' id='par_1_76' title="bbox 1939 3102 3519 3174">
     <span class='ocr_line' id='line_1_76' title="bbox 1939 3102 3519 3174; baseline 0 -17"><span class='ocrx_word' id='word_1_449' title='bbox 1939 3102 2113 3174; x_wconf 77' lang='lat' dir='ltr'><strong>longi—</strong></span> <span class='ocrx_word' id='word_1_450' title='bbox 2128 3103 2396 3174; x_wconf 90' lang='lat' dir='ltr'><strong>temporis</strong></span> <span class='ocrx_word' id='word_1_451' title='bbox 2429 3104 2682 3160; x_wconf 90' lang='lat' dir='ltr'><strong>inolitam</strong></span> <span class='ocrx_word' id='word_1_452' title='bbox 2712 3104 3175 3160; x_wconf 77' lang='lat' dir='ltr'><strong>consuetudinem</strong></span> <span class='ocrx_word' id='word_1_453' title='bbox 3206 3104 3389 3165; x_wconf 81' lang='lat' dir='ltr'><strong>facere</strong></span> <span class='ocrx_word' id='word_1_454' title='bbox 3422 3118 3519 3158; x_wconf 88' lang='lat' dir='ltr'><strong>co-</strong></span> 
     </span>
    </p>
   </div>
   <div class='ocr_carea' id='block_1_77' title="bbox 1943 3192 3518 3267">
    <p class='ocr_par' dir='ltr' id='par_1_77' title="bbox 1943 3192 3518 3267">
     <span class='ocr_line' id='line_1_77' title="bbox 1943 3192 3518 3267; baseline 0.002 -21"><span class='ocrx_word' id='word_1_455' title='bbox 1943 3192 2113 3264; x_wconf 88' lang='lat' dir='ltr'><strong>gitur,</strong></span> <span class='ocrx_word' id='word_1_456' title='bbox 2158 3205 2451 3265; x_wconf 88' lang='lat' dir='ltr'><strong>peccatum</strong></span> <span class='ocrx_word' id='word_1_457' title='bbox 2499 3210 2725 3267; x_wconf 87' lang='lat' dir='ltr'><strong>gravem</strong></span> <span class='ocrx_word' id='word_1_458' title='bbox 2781 3202 2980 3251; x_wconf 89' lang='lat' dir='ltr'><strong>nactus</strong></span> <span class='ocrx_word' id='word_1_459' title='bbox 3039 3195 3518 3250; x_wconf 89' lang='lat' dir='ltr'><strong>contubernalem.</strong></span> 
     </span>
    </p>
   </div>
   <div class='ocr_carea' id='block_1_78' title="bbox 2011 3369 3521 3445">
    <p class='ocr_par' dir='ltr' id='par_1_78' title="bbox 2011 3369 3521 3445">
     <span class='ocr_line' id='line_1_78' title="bbox 2011 3369 3521 3445; baseline -0.006 -13"><span class='ocrx_word' id='word_1_460' title='bbox 2011 3372 2178 3445; x_wconf 63' lang='lat'><strong>675.</strong></span> <span class='ocrx_word' id='word_1_461' title='bbox 2200 3372 2518 3429; x_wconf 65' lang='lat' dir='ltr'><strong>Boeotorum</strong></span> <span class='ocrx_word' id='word_1_462' title='bbox 2551 3369 2777 3441; x_wconf 88' lang='lat' dir='ltr'><strong>quidam</strong></span> <span class='ocrx_word' id='word_1_463' title='bbox 2802 3386 2923 3437; x_wconf 90' lang='lat' dir='ltr'><strong>eos,</strong></span> <span class='ocrx_word' id='word_1_464' title='bbox 2940 3370 3035 3441; x_wconf 86' lang='lat' dir='ltr'><strong>qui</strong></span> <span class='ocrx_word' id='word_1_465' title='bbox 3058 3386 3133 3425; x_wconf 72' lang='lat' dir='ltr'><strong>ms</strong></span> <span class='ocrx_word' id='word_1_466' title='bbox 3148 3370 3389 3425; x_wconf 90' lang='lat' dir='ltr'><strong>alienum</strong></span> <span class='ocrx_word' id='word_1_467' title='bbox 3411 3384 3521 3424; x_wconf 81' lang='lat' dir='ltr'><strong>non</strong></span> 
     </span>
    </p>
   </div>
   <div class='ocr_carea' id='block_1_79' title="bbox 1943 3459 3522 3532">
    <p class='ocr_par' dir='ltr' id='par_1_79' title="bbox 1943 3459 3522 3532">
     <span class='ocr_line' id='line_1_79' title="bbox 1943 3459 3522 3532; baseline -0.007 -11"><span class='ocrx_word' id='word_1_468' title='bbox 1943 3464 2185 3525; x_wconf 83' lang='lat' dir='ltr'><strong>solvunt,</strong></span> <span class='ocrx_word' id='word_1_469' title='bbox 2212 3462 2269 3517; x_wconf 90' lang='lat' dir='ltr'><strong>in</strong></span> <span class='ocrx_word' id='word_1_470' title='bbox 2307 3462 2488 3518; x_wconf 89' lang='lat' dir='ltr'><strong>forum</strong></span> <span class='ocrx_word' id='word_1_471' title='bbox 2526 3462 2814 3526; x_wconf 86' lang='lat' dir='ltr'><strong>adductos,</strong></span> <span class='ocrx_word' id='word_1_472' title='bbox 2848 3462 3039 3516; x_wconf 89' lang='lat' dir='ltr'><strong>sedere</strong></span> <span class='ocrx_word' id='word_1_473' title='bbox 3056 3461 3284 3532; x_wconf 87' lang='lat' dir='ltr'><strong>jubent;</strong></span> <span class='ocrx_word' id='word_1_474' title='bbox 3320 3459 3522 3515; x_wconf 82' lang='lat' dir='ltr'><strong>deinde</strong></span> 
     </span>
    </p>
   </div>
   <div class='ocr_carea' id='block_1_80' title="bbox 1943 3549 3521 3623">
    <p class='ocr_par' dir='ltr' id='par_1_80' title="bbox 1943 3549 3521 3623">
     <span class='ocr_line' id='line_1_80' title="bbox 1943 3549 3521 3623; baseline -0.005 -13"><span class='ocrx_word' id='word_1_475' title='bbox 1943 3552 2245 3623; x_wconf 83' lang='lat' dir='ltr'><strong>cophinum</strong></span> <span class='ocrx_word' id='word_1_476' title='bbox 2293 3550 2509 3606; x_wconf 90' lang='lat' dir='ltr'><strong>sedenti</strong></span> <span class='ocrx_word' id='word_1_477' title='bbox 2567 3551 2845 3621; x_wconf 87' lang='lat' dir='ltr'><strong>injiciunt.</strong></span> <span class='ocrx_word' id='word_1_478' title='bbox 2903 3549 3008 3616; x_wconf 88' lang='lat' dir='ltr'><strong>Qui</strong></span> <span class='ocrx_word' id='word_1_479' title='bbox 3054 3560 3239 3605; x_wconf 90' lang='lat' dir='ltr'><strong>autem</strong></span> <span class='ocrx_word' id='word_1_480' title='bbox 3280 3550 3521 3618; x_wconf 84' lang='lat' dir='ltr'><strong>cophino</strong></span> 
     </span>
    </p>
   </div>
   <div class='ocr_carea' id='block_1_81' title="bbox 1943 3637 3523 3709">
    <p class='ocr_par' dir='ltr' id='par_1_81' title="bbox 1943 3637 3523 3709">
     <span class='ocr_line' id='line_1_81' title="bbox 1943 3637 3523 3709; baseline -0.004 -13"><span class='ocrx_word' id='word_1_481' title='bbox 1943 3642 2192 3696; x_wconf 82' lang='lat' dir='ltr'><strong>intectus</strong></span> <span class='ocrx_word' id='word_1_482' title='bbox 2211 3638 2401 3703; x_wconf 87' lang='lat' dir='ltr'><strong>fuerit,</strong></span> <span class='ocrx_word' id='word_1_483' title='bbox 2425 3637 2646 3693; x_wconf 81' lang='lat' dir='ltr'><strong>infamis</strong></span> <span class='ocrx_word' id='word_1_484' title='bbox 2668 3638 2942 3693; x_wconf 89' lang='lat' dir='ltr'><strong>habetur:</strong></span> <span class='ocrx_word' id='word_1_485' title='bbox 2974 3638 3119 3709; x_wconf 89' lang='lat' dir='ltr'><strong>quod</strong></span> <span class='ocrx_word' id='word_1_486' title='bbox 3161 3650 3218 3693; x_wconf 85' lang='lat' dir='ltr'><strong>et</strong></span> <span class='ocrx_word' id='word_1_487' title='bbox 3242 3637 3386 3708; x_wconf 89' lang='lat' dir='ltr'><strong>patri</strong></span> <span class='ocrx_word' id='word_1_488' title='bbox 3411 3637 3523 3691; x_wconf 73' lang='lat' dir='ltr'><strong>Eu-</strong></span> 
     </span>
    </p>
   </div>
   <div class='ocr_carea' id='block_1_82' title="bbox 1948 3729 3261 3803">
    <p class='ocr_par' dir='ltr' id='par_1_82' title="bbox 1948 3729 3261 3803">
     <span class='ocr_line' id='line_1_82' title="bbox 1948 3729 3261 3803; baseline -0.002 -17"><span class='ocrx_word' id='word_1_489' title='bbox 1948 3732 2172 3803; x_wconf 89' lang='lat' dir='ltr'><strong>ripidis,</strong></span> <span class='ocrx_word' id='word_1_490' title='bbox 2208 3731 2401 3785; x_wconf 81' lang='lat' dir='ltr'><strong>Bceoto</strong></span> <span class='ocrx_word' id='word_1_491' title='bbox 2424 3729 2660 3793; x_wconf 88' lang='lat' dir='ltr'><strong>homini,</strong></span> <span class='ocrx_word' id='word_1_492' title='bbox 2690 3730 2958 3784; x_wconf 90' lang='lat' dir='ltr'><strong>accidisse</strong></span> <span class='ocrx_word' id='word_1_493' title='bbox 2983 3729 3125 3783; x_wconf 78' lang='lat' dir='ltr'><strong>fama</strong></span> <span class='ocrx_word' id='word_1_494' title='bbox 3157 3738 3261 3784; x_wconf 82' lang='lat' dir='ltr'><strong>est.</strong></span> 
     </span>
    </p>
   </div>
   <div class='ocr_carea' id='block_1_83' title="bbox 1994 3814 3521 3889">
    <p class='ocr_par' dir='ltr' id='par_1_83' title="bbox 1994 3814 3521 3889">
     <span class='ocr_line' id='line_1_83' title="bbox 1994 3814 3521 3889; baseline -0.003 -14"><span class='ocrx_word' id='word_1_495' title='bbox 1994 3814 2222 3885; x_wconf 44' lang='lat' dir='ltr'><strong>&#39;Persac,</strong></span> <span class='ocrx_word' id='word_1_496' title='bbox 2248 3817 2399 3889; x_wconf 89' lang='lat' dir='ltr'><strong>quod</strong></span> <span class='ocrx_word' id='word_1_497' title='bbox 2432 3816 2613 3872; x_wconf 91' lang='lat' dir='ltr'><strong>facere</strong></span> <span class='ocrx_word' id='word_1_498' title='bbox 2641 3832 2751 3872; x_wconf 89' lang='lat' dir='ltr'><strong>non</strong></span> <span class='ocrx_word' id='word_1_499' title='bbox 2781 3818 2931 3884; x_wconf 87' lang='lat' dir='ltr'><strong>licet,</strong></span> <span class='ocrx_word' id='word_1_500' title='bbox 2963 3833 3033 3872; x_wconf 87' lang='lat' dir='ltr'><strong>ne</strong></span> <span class='ocrx_word' id='word_1_501' title='bbox 3069 3817 3364 3872; x_wconf 85' lang='lat' dir='ltr'><strong>dicendum</strong></span> <span class='ocrx_word' id='word_1_502' title='bbox 3393 3816 3521 3886; x_wconf 84' lang='lat' dir='ltr'><strong>qui-</strong></span> 
     </span>
    </p>
   </div>
   <div class='ocr_carea' id='block_1_84' title="bbox 1945 3907 3522 3980">
    <p class='ocr_par' dir='ltr' id='par_1_84' title="bbox 1945 3907 3522 3980">
     <span class='ocr_line' id='line_1_84' title="bbox 1945 3907 3522 3980; baseline -0.003 -14"><span class='ocrx_word' id='word_1_503' title='bbox 1945 3911 2071 3966; x_wconf 90' lang='lat' dir='ltr'><strong>dem</strong></span> <span class='ocrx_word' id='word_1_504' title='bbox 2098 3916 2317 3980; x_wconf 89' lang='lat' dir='ltr'><strong>putant.</strong></span> <span class='ocrx_word' id='word_1_505' title='bbox 2343 3907 2502 3974; x_wconf 90' lang='lat' dir='ltr'><strong>Quod</strong></span> <span class='ocrx_word' id='word_1_506' title='bbox 2534 3907 2579 3964; x_wconf 88' lang='lat' dir='ltr'><strong>si</strong></span> <span class='ocrx_word' id='word_1_507' title='bbox 2603 3916 2815 3978; x_wconf 89' lang='lat' dir='ltr'><strong>patrem</strong></span> <span class='ocrx_word' id='word_1_508' title='bbox 2841 3908 3045 3979; x_wconf 90' lang='lat' dir='ltr'><strong>aliquis</strong></span> <span class='ocrx_word' id='word_1_509' title='bbox 3070 3907 3362 3972; x_wconf 89' lang='lat' dir='ltr'><strong>occiderit,</strong></span> <span class='ocrx_word' id='word_1_510' title='bbox 3390 3907 3522 3962; x_wconf 89' lang='lat' dir='ltr'><strong>sub-</strong></span> 
     </span>
    </p>
   </div>
   <div class='ocr_carea' id='block_1_85' title="bbox 1945 4000 3524 4071">
    <p class='ocr_par' dir='ltr' id='par_1_85' title="bbox 1945 4000 3524 4071">
     <span class='ocr_line' id='line_1_85' title="bbox 1945 4000 3524 4071; baseline -0.003 -14"><span class='ocrx_word' id='word_1_511' title='bbox 1945 4002 2191 4057; x_wconf 90' lang='lat' dir='ltr'><strong>dititium</strong></span> <span class='ocrx_word' id='word_1_512' title='bbox 2221 4016 2348 4056; x_wconf 90' lang='lat' dir='ltr'><strong>eum</strong></span> <span class='ocrx_word' id='word_1_513' title='bbox 2373 4008 2590 4071; x_wconf 88' lang='lat' dir='ltr'><strong>putant.</strong></span> <span class='ocrx_word' id='word_1_514' title='bbox 2618 4000 2675 4056; x_wconf 86' lang='lat' dir='ltr'><strong>Si</strong></span> <span class='ocrx_word' id='word_1_515' title='bbox 2711 4016 2876 4070; x_wconf 89' lang='lat' dir='ltr'><strong>quem</strong></span> <span class='ocrx_word' id='word_1_516' title='bbox 2924 4015 3021 4055; x_wconf 80' lang='lat' dir='ltr'><strong>rex</strong></span> <span class='ocrx_word' id='word_1_517' title='bbox 3053 4000 3310 4070; x_wconf 80' lang='lat' dir='ltr'><strong>vapulare</strong></span> <span class='ocrx_word' id='word_1_518' title='bbox 3340 4000 3524 4070; x_wconf 80' lang='lat' dir='ltr'><strong>jusse-</strong></span> 
     </span>
    </p>
   </div>
   <div class='ocr_carea' id='block_1_86' title="bbox 1945 4090 3517 4163">
    <p class='ocr_par' dir='ltr' id='par_1_86' title="bbox 1945 4090 3517 4163">
     <span class='ocr_line' id='line_1_86' title="bbox 1945 4090 3517 4163; baseline -0.004 -16"><span class='ocrx_word' id='word_1_519' title='bbox 1945 4092 2041 4157; x_wconf 88' lang='lat' dir='ltr'><strong>rit,</strong></span> <span class='ocrx_word' id='word_1_520' title='bbox 2071 4092 2278 4163; x_wconf 86' lang='lat' dir='ltr'><strong>gratias</strong></span> <span class='ocrx_word' id='word_1_521' title='bbox 2301 4090 2433 4162; x_wconf 91' lang='lat' dir='ltr'><strong>agit,</strong></span> <span class='ocrx_word' id='word_1_522' title='bbox 2457 4092 2616 4163; x_wconf 88' lang='lat' dir='ltr'><strong>quasi</strong></span> <span class='ocrx_word' id='word_1_523' title='bbox 2643 4090 2890 4145; x_wconf 90' lang='lat' dir='ltr'><strong>muneris</strong></span> <span class='ocrx_word' id='word_1_524' title='bbox 2913 4090 3125 4161; x_wconf 87' lang='lat' dir='ltr'><strong>aliquid</strong></span> <span class='ocrx_word' id='word_1_525' title='bbox 3165 4095 3517 4152; x_wconf 84' lang='lat' dir='ltr'><strong>consecutus,</strong></span> 
     </span>
    </p>
   </div>
   <div class='ocr_carea' id='block_1_87' title="bbox 1946 4179 3522 4254">
    <p class='ocr_par' dir='ltr' id='par_1_87' title="bbox 1946 4179 3522 4254">
     <span class='ocr_line' id='line_1_87' title="bbox 1946 4179 3522 4254; baseline -0.001 -15"><span class='ocrx_word' id='word_1_526' title='bbox 1946 4184 2097 4254; x_wconf 88' lang='lat' dir='ltr'><strong>quod</strong></span> <span class='ocrx_word' id='word_1_527' title='bbox 2124 4200 2221 4239; x_wconf 81' lang='lat' dir='ltr'><strong>rex</strong></span> <span class='ocrx_word' id='word_1_528' title='bbox 2251 4182 2403 4237; x_wconf 91' lang='lat' dir='ltr'><strong>illius</strong></span> <span class='ocrx_word' id='word_1_529' title='bbox 2435 4182 2774 4237; x_wconf 87' lang='lat' dir='ltr'><strong>meminerit.</strong></span> <span class='ocrx_word' id='word_1_530' title='bbox 2801 4181 2960 4248; x_wconf 90' lang='lat' dir='ltr'><strong>Quod</strong></span> <span class='ocrx_word' id='word_1_531' title='bbox 2983 4181 3185 4236; x_wconf 91' lang='lat' dir='ltr'><strong>multas</strong></span> <span class='ocrx_word' id='word_1_532' title='bbox 3219 4179 3522 4249; x_wconf 82' lang='lat' dir='ltr'><strong>suscipiant</strong></span> 
     </span>
    </p>
   </div>
   <div class='ocr_carea' id='block_1_88' title="bbox 1945 4272 3522 4348">
    <p class='ocr_par' dir='ltr' id='par_1_88' title="bbox 1945 4272 3522 4348">
     <span class='ocr_line' id='line_1_88' title="bbox 1945 4272 3522 4348; baseline -0.003 -17"><span class='ocrx_word' id='word_1_533' title='bbox 1945 4275 2154 4348; x_wconf 90' lang='lat' dir='ltr'><strong>proles,</strong></span> <span class='ocrx_word' id='word_1_534' title='bbox 2185 4275 2411 4345; x_wconf 61' lang='lat' dir='ltr'><strong>praemia</strong></span> <span class='ocrx_word' id='word_1_535' title='bbox 2432 4291 2464 4329; x_wconf 92' lang='lat' dir='ltr'><strong>a</strong></span> <span class='ocrx_word' id='word_1_536' title='bbox 2493 4290 2621 4346; x_wconf 88' lang='lat' dir='ltr'><strong>rege</strong></span> <span class='ocrx_word' id='word_1_537' title='bbox 2662 4274 2978 4330; x_wconf 89' lang='lat' dir='ltr'><strong>constituta.</strong></span> <span class='ocrx_word' id='word_1_538' title='bbox 3034 4273 3220 4328; x_wconf 89' lang='lat' dir='ltr'><strong>Liberi</strong></span> <span class='ocrx_word' id='word_1_539' title='bbox 3254 4272 3399 4343; x_wconf 86' lang='lat' dir='ltr'><strong>apud</strong></span> <span class='ocrx_word' id='word_1_540' title='bbox 3424 4285 3522 4327; x_wconf 86' lang='lat' dir='ltr'><strong>eos</strong></span> 
     </span>
    </p>
   </div>
   <div class='ocr_carea' id='block_1_89' title="bbox 1949 4365 3275 4438">
    <p class='ocr_par' dir='ltr' id='par_1_89' title="bbox 1949 4365 3275 4438">
     <span class='ocr_line' id='line_1_89' title="bbox 1949 4365 3275 4438; baseline -0.005 -13"><span class='ocrx_word' id='word_1_541' title='bbox 1949 4378 2211 4438; x_wconf 86' lang='lat' dir='ltr'><strong>tanquam</strong></span> <span class='ocrx_word' id='word_1_542' title='bbox 2239 4365 2564 4437; x_wconf 90' lang='lat' dir='ltr'><strong>disciplinas</strong></span> <span class='ocrx_word' id='word_1_543' title='bbox 2588 4365 2812 4421; x_wconf 87' lang='lat' dir='ltr'><strong>discunt</strong></span> <span class='ocrx_word' id='word_1_544' title='bbox 2844 4381 3037 4420; x_wconf 89' lang='lat' dir='ltr'><strong>verum</strong></span> <span class='ocrx_word' id='word_1_545' title='bbox 3066 4366 3275 4420; x_wconf 89' lang='lat' dir='ltr'><strong>dicere.</strong></span> 
     </span>
    </p>
   </div>
   <div class='ocr_carea' id='block_1_90' title="bbox 333 4455 1844 4562">
    <p class='ocr_par' dir='ltr' id='par_1_90' title="bbox 333 4466 1844 4543">
     <span class='ocr_line' id='line_1_90' title="bbox 333 4466 1844 4543; baseline -0.007 -14"><span class='ocrx_word' id='word_1_546' title='bbox 333 4476 554 4529; x_wconf 75' lang='grc' dir='ltr'><strong>Φίλων.</strong></span> <span class='ocrx_word' id='word_1_547' title='bbox 606 4503 678 4514; x_wconf 91' lang='grc'><strong>--</strong></span> <span class='ocrx_word' id='word_1_548' title='bbox 722 4470 1065 4543; x_wconf 77' lang='grc' dir='ltr'>Ἐγχρονίζον</span> <span class='ocrx_word' id='word_1_549' title='bbox 1103 4466 1234 4541; x_wconf 78' lang='grc' dir='ltr'>ἦθος</span> <span class='ocrx_word' id='word_1_550' title='bbox 1265 4468 1479 4538; x_wconf 80' lang='grc' dir='ltr'>φύσεως</span> <span class='ocrx_word' id='word_1_551' title='bbox 1525 4466 1844 4541; x_wconf 80' lang='grc' dir='ltr'>κραταιότε-</span> 
     </span>
    </p>
   </div>
   <div class='ocr_carea' id='block_1_91' title="bbox 1956 4455 3521 4562">
    <p class='ocr_par' dir='ltr' id='par_1_91' title="bbox 2018 4455 3521 4523">
     <span class='ocr_line' id='line_1_91' title="bbox 2018 4455 3521 4523; baseline -0.005 -7"><span class='ocrx_word' id='word_1_552' title='bbox 2018 4459 2281 4516; x_wconf 76' lang='lat' dir='ltr'><strong>Philonis.</strong></span> <span class='ocrx_word' id='word_1_553' title='bbox 2307 4488 2364 4500; x_wconf 87' lang='lat'><strong>-</strong></span> <span class='ocrx_word' id='word_1_554' title='bbox 2399 4458 2672 4515; x_wconf 91' lang='lat' dir='ltr'><strong>Diuturna</strong></span> <span class='ocrx_word' id='word_1_555' title='bbox 2707 4458 3076 4523; x_wconf 87' lang='lat' dir='ltr'><strong>consuetudo,</strong></span> <span class='ocrx_word' id='word_1_556' title='bbox 3102 4464 3298 4511; x_wconf 85' lang='lat' dir='ltr'><strong>natura</strong></span> <span class='ocrx_word' id='word_1_557' title='bbox 3324 4455 3521 4511; x_wconf 91' lang='lat' dir='ltr'><strong>fortior</strong></span> 
     </span>
    </p>
   </div>
   <div class='ocr_carea' id='block_1_92' title="bbox 271 4559 1839 4634">
    <p class='ocr_par' dir='ltr' id='par_1_92' title="bbox 271 4559 1839 4634">
     <span class='ocr_line' id='line_1_92' title="bbox 271 4559 1839 4634; baseline -0.004 -18"><span class='ocrx_word' id='word_1_558' title='bbox 271 4564 364 4633; x_wconf 86' lang='grc' dir='ltr'><strong>ρόν</strong></span> <span class='ocrx_word' id='word_1_559' title='bbox 400 4565 518 4617; x_wconf 75' lang='grc' dir='ltr'>ἐστι</span> <span class='ocrx_word' id='word_1_560' title='bbox 541 4580 557 4595; x_wconf 76' lang='grc' dir='ltr'><strong><em>ο</em></strong></span> <span class='ocrx_word' id='word_1_561' title='bbox 620 4563 715 4617; x_wconf 81' lang='grc' dir='ltr'>καὶ</span> <span class='ocrx_word' id='word_1_562' title='bbox 751 4563 924 4634; x_wconf 72' lang='grc' dir='ltr'>μικρά</span> <span class='ocrx_word' id='word_1_563' title='bbox 970 4562 1045 4632; x_wconf 81' lang='grc' dir='ltr'>μὴ</span> <span class='ocrx_word' id='word_1_564' title='bbox 1079 4562 1396 4630; x_wconf 78' lang='grc' dir='ltr'>κωλυόμενα</span> <span class='ocrx_word' id='word_1_565' title='bbox 1445 4559 1839 4630; x_wconf 83' lang='grc' dir='ltr'>ἁμαρτήματα,</span> 
     </span>
    </p>
   </div>
   <div class='ocr_carea' id='block_1_93' title="bbox 269 4647 1845 4725">
    <p class='ocr_par' dir='ltr' id='par_1_93' title="bbox 269 4647 1845 4725">
     <span class='ocr_line' id='line_1_93' title="bbox 269 4647 1845 4725; baseline -0.003 -17"><span class='ocrx_word' id='word_1_566' title='bbox 269 4656 469 4724; x_wconf 74' lang='grc' dir='ltr'>φύεται</span> <span class='ocrx_word' id='word_1_567' title='bbox 535 4656 632 4710; x_wconf 83' lang='grc' dir='ltr'>καὶ</span> <span class='ocrx_word' id='word_1_568' title='bbox 684 4655 982 4712; x_wconf 73' lang='grc' dir='ltr'>ἐπιδίδοται</span> <span class='ocrx_word' id='word_1_569' title='bbox 1053 4654 1191 4725; x_wconf 76' lang='grc' dir='ltr'>πρὸς</span> <span class='ocrx_word' id='word_1_570' title='bbox 1269 4651 1498 4724; x_wconf 85' lang='grc' dir='ltr'>μέγεθος</span> <span class='ocrx_word' id='word_1_571' title='bbox 1572 4647 1845 4716; x_wconf 76' lang='grc' dir='ltr'>συναυξά-</span> 
     </span>
    </p>
   </div>
   <div class='ocr_carea' id='block_1_94' title="bbox 272 4764 1840 4909">
    <p class='ocr_par' dir='ltr' id='par_1_94' title="bbox 272 4764 1840 4909">
     <span class='ocr_line' id='line_1_94' title="bbox 329 4764 448 4804; baseline 0.025 -3"><span class='ocrx_word' id='word_1_572' title='bbox 329 4764 448 4804; x_wconf 86' lang='grc' dir='ltr'>ντα.</span> 
     </span>
     <span class='ocr_line' id='line_1_95' title="bbox 272 4765 1840 4909; baseline -0.004 -15"><span class='ocrx_word' id='word_1_573' title='bbox 272 4765 626 4909; x_wconf 53' lang='grc' dir='ltr'>ωΜηδαμῶς</span> <span class='ocrx_word' id='word_1_574' title='bbox 654 4835 753 4909; x_wconf 72' lang='grc' dir='ltr'>τὴν</span> <span class='ocrx_word' id='word_1_575' title='bbox 780 4835 943 4906; x_wconf 79' lang='grc' dir='ltr'>φύσιν</span> <span class='ocrx_word' id='word_1_576' title='bbox 963 4833 1269 4905; x_wconf 77' lang='grc' dir='ltr'>αίτιώμεθα</span> <span class='ocrx_word' id='word_1_577' title='bbox 1291 4849 1306 4863; x_wconf 86' lang='grc'>⁶</span> <span class='ocrx_word' id='word_1_578' title='bbox 1360 4832 1538 4889; x_wconf 74' lang='grc' dir='ltr'>πάντα</span> <span class='ocrx_word' id='word_1_579' title='bbox 1585 4830 1693 4902; x_wconf 73' lang='grc' dir='ltr'><strong>γὰρ</strong></span> <span class='ocrx_word' id='word_1_580' title='bbox 1726 4829 1840 4902; x_wconf 82' lang='grc' dir='ltr'>βίον</span> 
     </span>
    </p>
   </div>
   <div class='ocr_carea' id='block_1_95' title="bbox 275 4929 1177 5002">
    <p class='ocr_par' dir='ltr' id='par_1_95' title="bbox 275 4929 1177 5002">
     <span class='ocr_line' id='line_1_96' title="bbox 275 4929 1177 5002; baseline 0.001 -17"><span class='ocrx_word' id='word_1_581' title='bbox 275 4929 403 5002; x_wconf 67' lang='grc' dir='ltr'>ιιδὺν</span> <span class='ocrx_word' id='word_1_582' title='bbox 427 4929 461 5001; x_wconf 77' lang='grc' dir='ltr'>ἦ</span> <span class='ocrx_word' id='word_1_583' title='bbox 489 4929 632 5001; x_wconf 83' lang='grc' dir='ltr'><strong>ἀηδῆ</strong></span> <span class='ocrx_word' id='word_1_584' title='bbox 665 4930 699 5000; x_wconf 76' lang='grc' dir='ltr'><strong>ἠ</strong></span> <span class='ocrx_word' id='word_1_585' title='bbox 729 4929 986 5001; x_wconf 81' lang='grc' dir='ltr'>συνήθεια</span> <span class='ocrx_word' id='word_1_586' title='bbox 1013 4930 1177 4987; x_wconf 79' lang='grc' dir='ltr'>ποιεῖ.</span> 
     </span>
    </p>
   </div>
   <div class='ocr_carea' id='block_1_96' title="bbox 338 5101 1904 5180">
    <p class='ocr_par' dir='ltr' id='par_1_96' title="bbox 338 5101 1904 5180">
     <span class='ocr_line' id='line_1_97' title="bbox 338 5101 1904 5180; baseline -0.01 -12"><span class='ocrx_word' id='word_1_587' title='bbox 338 5110 583 5180; x_wconf 70' lang='grc' dir='ltr'>Χιψικλ.</span> <span class='ocrx_word' id='word_1_588' title='bbox 613 5120 685 5148; x_wconf 86' lang='lat'><strong>-‘—</strong></span> <span class='ocrx_word' id='word_1_589' title='bbox 708 5108 888 5173; x_wconf 79' lang='grc' dir='ltr'>Πάθος</span> <span class='ocrx_word' id='word_1_590' title='bbox 917 5106 1029 5180; x_wconf 80' lang='grc' dir='ltr'>γὰρ</span> <span class='ocrx_word' id='word_1_591' title='bbox 1054 5108 1220 5173; x_wconf 74' lang='grc' dir='ltr'>ἅπαν,</span> <span class='ocrx_word' id='word_1_592' title='bbox 1247 5105 1308 5160; x_wconf 78' lang='grc' dir='ltr'>τὸ</span> <span class='ocrx_word' id='word_1_593' title='bbox 1340 5103 1439 5176; x_wconf 83' lang='grc' dir='ltr'>μὲν</span> <span class='ocrx_word' id='word_1_594' title='bbox 1471 5101 1639 5168; x_wconf 75' lang='grc' dir='ltr'>ὀξέως</span> <span class='ocrx_word' id='word_1_595' title='bbox 1681 5117 1839 5177; x_wconf 70' lang='grc' dir='ltr'>γινωο</span> <span class='ocrx_word' id='word_1_596' title='bbox 1897 5108 1904 5116; x_wconf 85' lang='lat'>‘</span> 
     </span>
    </p>
   </div>
   <div class='ocr_carea' id='block_1_97' title="bbox 342 5280 1539 5365">
    <p class='ocr_par' dir='ltr' id='par_1_97' title="bbox 342 5280 1539 5365">
     <span class='ocr_line' id='line_1_98' title="bbox 342 5280 1539 5365; baseline -0.013 -18"><span class='ocrx_word' id='word_1_597' title='bbox 342 5290 388 5323; x_wconf 82' lang='grc'><strong><em>³⁸</em></strong></span> <span class='ocrx_word' id='word_1_598' title='bbox 411 5285 652 5347; x_wconf 80' lang='lat' dir='ltr'><strong>Alterius</strong></span> <span class='ocrx_word' id='word_1_599' title='bbox 674 5286 791 5344; x_wconf 80' lang='lat' dir='ltr'><strong>haec</strong></span> <span class='ocrx_word' id='word_1_600' title='bbox 817 5300 983 5359; x_wconf 80' lang='lat' dir='ltr'><strong>quam</strong></span> <span class='ocrx_word' id='word_1_601' title='bbox 1029 5280 1331 5345; x_wconf 83' lang='lat' dir='ltr'><strong>Clementis</strong></span> <span class='ocrx_word' id='word_1_602' title='bbox 1379 5280 1539 5365; x_wconf 69' lang='lat' dir='ltr'><strong>Rom.</strong></span> 
     </span>
    </p>
   </div>
   <div class='ocr_carea' id='block_1_98' title="bbox 1946 4547 3521 4622">
    <p class='ocr_par' dir='ltr' id='par_1_98' title="bbox 1946 4547 3521 4622">
     <span class='ocr_line' id='line_1_99' title="bbox 1946 4547 3521 4622; baseline -0.006 -13"><span class='ocrx_word' id='word_1_603' title='bbox 1946 4562 2067 4619; x_wconf 90' lang='lat' dir='ltr'><strong>est;</strong></span> <span class='ocrx_word' id='word_1_604' title='bbox 2098 4551 2353 4622; x_wconf 89' lang='lat' dir='ltr'><strong>leviaque</strong></span> <span class='ocrx_word' id='word_1_605' title='bbox 2396 4560 2647 4621; x_wconf 90' lang='lat' dir='ltr'><strong>peccata,</strong></span> <span class='ocrx_word' id='word_1_606' title='bbox 2681 4550 2790 4606; x_wconf 89' lang='lat' dir='ltr'><strong>nisi</strong></span> <span class='ocrx_word' id='word_1_607' title='bbox 2831 4550 3117 4612; x_wconf 88' lang='lat' dir='ltr'><strong>cobibeas.</strong></span> <span class='ocrx_word' id='word_1_608' title='bbox 3157 4547 3393 4603; x_wconf 88' lang='lat' dir='ltr'><strong>subinde</strong></span> <span class='ocrx_word' id='word_1_609' title='bbox 3421 4564 3521 4601; x_wconf 88' lang='lat' dir='ltr'><strong>na-</strong></span> 
     </span>
    </p>
   </div>
   <div class='ocr_carea' id='block_1_99' title="bbox 1945 4638 3518 4713">
    <p class='ocr_par' dir='ltr' id='par_1_99' title="bbox 1945 4638 3518 4713">
     <span class='ocr_line' id='line_1_100' title="bbox 1945 4638 3518 4713; baseline -0.008 -13"><span class='ocrx_word' id='word_1_610' title='bbox 1945 4653 2203 4711; x_wconf 87' lang='lat' dir='ltr'><strong>scuntur,</strong></span> <span class='ocrx_word' id='word_1_611' title='bbox 2247 4651 2486 4712; x_wconf 88' lang='lat' dir='ltr'><strong>nataque</strong></span> <span class='ocrx_word' id='word_1_612' title='bbox 2523 4656 2783 4713; x_wconf 82' lang='lat' dir='ltr'><strong>magnum</strong></span> <span class='ocrx_word' id='word_1_613' title='bbox 2828 4639 3056 4711; x_wconf 87' lang='lat' dir='ltr'><strong>capiunt</strong></span> <span class='ocrx_word' id='word_1_614' title='bbox 3093 4638 3518 4700; x_wconf 79' lang='lat' dir='ltr'><strong>incrementum,</strong></span> 
     </span>
    </p>
   </div>
   <div class='ocr_carea' id='block_1_100' title="bbox 2017 4810 3521 4892">
    <p class='ocr_par' dir='ltr' id='par_1_100' title="bbox 2017 4810 3521 4892">
     <span class='ocr_line' id='line_1_101' title="bbox 2017 4810 3521 4892; baseline -0.011 -14"><span class='ocrx_word' id='word_1_615' title='bbox 2017 4822 2460 4892; x_wconf 83' lang='lat' dir='ltr'><strong>Haudquaquam</strong></span> <span class='ocrx_word' id='word_1_616' title='bbox 2485 4818 2790 4884; x_wconf 71' lang='lat' dir='ltr'><strong>incusanda</strong></span> <span class='ocrx_word' id='word_1_617' title='bbox 2834 4825 3066 4873; x_wconf 90' lang='lat' dir='ltr'><strong>natura:</strong></span> <span class='ocrx_word' id='word_1_618' title='bbox 3112 4828 3329 4870; x_wconf 88' lang='lat' dir='ltr'><strong>omnem</strong></span> <span class='ocrx_word' id='word_1_619' title='bbox 3372 4810 3521 4865; x_wconf 89' lang='lat' dir='ltr'><strong>enim</strong></span> 
     </span>
    </p>
   </div>
   <div class='ocr_carea' id='block_1_101' title="bbox 1950 4900 3522 4983">
    <p class='ocr_par' dir='ltr' id='par_1_101' title="bbox 1950 4900 3522 4983">
     <span class='ocr_line' id='line_1_102' title="bbox 1950 4900 3522 4983; baseline -0.01 -14"><span class='ocrx_word' id='word_1_620' title='bbox 1950 4915 2121 4971; x_wconf 90' lang='lat' dir='ltr'><strong>vitam</strong></span> <span class='ocrx_word' id='word_1_621' title='bbox 2152 4912 2499 4970; x_wconf 86' lang='lat' dir='ltr'><strong>consuetudo</strong></span> <span class='ocrx_word' id='word_1_622' title='bbox 2525 4920 2622 4966; x_wconf 89' lang='lat' dir='ltr'><strong>aut</strong></span> <span class='ocrx_word' id='word_1_623' title='bbox 2670 4908 2976 4983; x_wconf 87' lang='lat' dir='ltr'><strong>jucundam</strong></span> <span class='ocrx_word' id='word_1_624' title='bbox 3017 4914 3113 4963; x_wconf 88' lang='lat' dir='ltr'><strong>aut</strong></span> <span class='ocrx_word' id='word_1_625' title='bbox 3165 4900 3522 4977; x_wconf 77' lang='lat' dir='ltr'><strong>injucundani</strong></span> 
     </span>
    </p>
   </div>
   <div class='ocr_carea' id='block_1_102' title="bbox 1946 5013 2193 5079">
    <p class='ocr_par' dir='ltr' id='par_1_102' title="bbox 1946 5013 2193 5079">
     <span class='ocr_line' id='line_1_103' title="bbox 1946 5013 2193 5079; baseline -0.008 -17"><span class='ocrx_word' id='word_1_626' title='bbox 1946 5013 2193 5079; x_wconf 66' lang='lat' dir='ltr'><strong>praestat.</strong></span> 
     </span>
    </p>
   </div>
   <div class='ocr_carea' id='block_1_103' title="bbox 2019 5082 3519 5169">
    <p class='ocr_par' dir='ltr' id='par_1_103' title="bbox 2019 5082 3519 5169">
     <span class='ocr_line' id='line_1_104' title="bbox 2019 5082 3519 5169; baseline -0.011 -14"><span class='ocrx_word' id='word_1_627' title='bbox 2019 5094 2296 5155; x_wconf 78' lang='lat' dir='ltr'><strong>Chariclis.</strong></span> <span class='ocrx_word' id='word_1_628' title='bbox 2312 5094 2593 5169; x_wconf 83' lang='lat' dir='ltr'><strong>Quidquid</strong></span> <span class='ocrx_word' id='word_1_629' title='bbox 2610 5093 2731 5152; x_wconf 88' lang='lat' dir='ltr'><strong>vitii</strong></span> <span class='ocrx_word' id='word_1_630' title='bbox 2747 5108 2812 5150; x_wconf 90' lang='lat' dir='ltr'><strong>ac</strong></span> <span class='ocrx_word' id='word_1_631' title='bbox 2826 5092 3006 5150; x_wconf 89' lang='lat' dir='ltr'><strong>morbi</strong></span> <span class='ocrx_word' id='word_1_632' title='bbox 3024 5091 3135 5147; x_wconf 94' lang='lat' dir='ltr'><strong>cito</strong></span> <span class='ocrx_word' id='word_1_633' title='bbox 3154 5086 3424 5150; x_wconf 91' lang='lat' dir='ltr'><strong>noscitur,</strong></span> <span class='ocrx_word' id='word_1_634' title='bbox 3443 5082 3519 5141; x_wconf 84' lang='lat' dir='ltr'><strong>fa-</strong></span> 
     </span>
    </p>
   </div>
   <div class='ocr_carea' id='block_1_104' title="bbox 1777 5364 2017 5424">
    <p class='ocr_par' dir='ltr' id='par_1_104' title="bbox 1777 5364 2017 5424">
     <span class='ocr_line' id='line_1_105' title="bbox 1777 5364 2017 5424; baseline 0.008 -2"><span class='ocrx_word' id='word_1_635' title='bbox 1777 5364 2017 5424; x_wconf 69' lang='grc' dir='ltr'><strong>ΝΟΤᾹΣ.</strong></span> 
     </span>
    </p>
   </div>
   <div class='ocr_carea' id='block_1_105' title="bbox 346 5483 1839 5568">
    <p class='ocr_par' dir='ltr' id='par_1_105' title="bbox 346 5483 1839 5568">
     <span class='ocr_line' id='line_1_106' title="bbox 346 5483 1839 5568; baseline -0.01 -16"><span class='ocrx_word' id='word_1_636' title='bbox 346 5494 431 5568; x_wconf 58' lang='grc' dir='ltr'>(θλ</span> <span class='ocrx_word' id='word_1_637' title='bbox 470 5494 653 5568; x_wconf 80' lang='grc' dir='ltr'>Λιτὸν</span> <span class='ocrx_word' id='word_1_638' title='bbox 720 5493 907 5548; x_wconf 77' lang='grc' dir='ltr'>αὑτὸν</span> <span class='ocrx_word' id='word_1_639' title='bbox 964 5490 1210 5568; x_wconf 48' lang='lat' dir='ltr'><strong>along}:</strong></span> <span class='ocrx_word' id='word_1_640' title='bbox 1265 5484 1569 5568; x_wconf 47' lang='lat' dir='ltr'><strong>Probatius.</strong></span> <span class='ocrx_word' id='word_1_641' title='bbox 1610 5483 1839 5568; x_wconf 50' lang='lat' dir='ltr'><strong>videtur</strong></span> 
     </span>
    </p>
   </div>
   <div class='ocr_carea' id='block_1_106' title="bbox 275 5554 1838 5635">
    <p class='ocr_par' dir='ltr' id='par_1_106' title="bbox 275 5554 1838 5635">
     <span class='ocr_line' id='line_1_107' title="bbox 275 5554 1838 5635; baseline -0.009 -14"><span class='ocrx_word' id='word_1_642' title='bbox 275 5554 603 5635; x_wconf 70' lang='grc' dir='ltr'>ὖποόλητὸν,</span> <span class='ocrx_word' id='word_1_643' title='bbox 633 5571 693 5619; x_wconf 84' lang='grc' dir='ltr'><strong>ιιι</strong></span> <span class='ocrx_word' id='word_1_644' title='bbox 718 5572 921 5635; x_wconf 84' lang='lat' dir='ltr'><strong>negent</strong></span> <span class='ocrx_word' id='word_1_645' title='bbox 942 5577 1074 5618; x_wconf 89' lang='lat' dir='ltr'><strong>vere</strong></span> <span class='ocrx_word' id='word_1_646' title='bbox 1119 5560 1322 5635; x_wconf 73' lang='lat' dir='ltr'><strong>filium,</strong></span> <span class='ocrx_word' id='word_1_647' title='bbox 1353 5557 1449 5635; x_wconf 79' lang='lat' dir='ltr'><strong>sed</strong></span> <span class='ocrx_word' id='word_1_648' title='bbox 1486 5554 1838 5635; x_wconf 67' lang='lat' dir='ltr'><strong>subditiuum</strong></span> 
     </span>
    </p>
   </div>
   <div class='ocr_carea' id='block_1_107' title="bbox 273 5625 1841 5756">
    <p class='ocr_par' dir='ltr' id='par_1_107' title="bbox 273 5625 1841 5756">
     <span class='ocr_line' id='line_1_108' title="bbox 273 5625 1841 5706; baseline -0.01 -13"><span class='ocrx_word' id='word_1_649' title='bbox 273 5625 332 5693; x_wconf 84' lang='lat' dir='ltr'><strong>et</strong></span> <span class='ocrx_word' id='word_1_650' title='bbox 353 5625 486 5706; x_wconf 62' lang='lat' dir='ltr'><strong>sup&#39;</strong></span> <span class='ocrx_word' id='word_1_651' title='bbox 560 5625 718 5699; x_wconf 81' lang='lat' dir='ltr'><strong>itum,</strong></span> <span class='ocrx_word' id='word_1_652' title='bbox 769 5625 865 5704; x_wconf 74' lang='grc' dir='ltr'><strong>(ινυὶ</strong></span> <span class='ocrx_word' id='word_1_653' title='bbox 955 5631 1131 5687; x_wconf 90' lang='lat' dir='ltr'><strong>arenti</strong></span> <span class='ocrx_word' id='word_1_654' title='bbox 1157 5643 1349 5684; x_wconf 87' lang='lat' dir='ltr'><strong>manus</strong></span> <span class='ocrx_word' id='word_1_655' title='bbox 1400 5625 1649 5706; x_wconf 74' lang='lat' dir='ltr'><strong>intulerit</strong></span> <span class='ocrx_word' id='word_1_656' title='bbox 1672 5642 1705 5706; x_wconf 45' lang='grc' dir='ltr'><strong>ξ.</strong></span> <span class='ocrx_word' id='word_1_657' title='bbox 1738 5639 1841 5678; x_wconf 87' lang='lat' dir='ltr'><strong>nec</strong></span> 
     </span>
     <span class='ocr_line' id='line_1_109' title="bbox 276 5649 1839 5756; baseline -0.008 1"><span class='ocrx_word' id='word_1_658' title='bbox 276 5650 654 5756; x_wconf 54' lang='lat' dir='ltr'><strong>nroinmeus</strong></span> <span class='ocrx_word' id='word_1_659' title='bbox 684 5649 966 5756; x_wconf 68' lang='lat' dir='ltr'><strong>narricidlii</strong></span> <span class='ocrx_word' id='word_1_660' title='bbox 990 5702 1079 5756; x_wconf 86' lang='lat' dir='ltr'><strong>sit.</strong></span> <span class='ocrx_word' id='word_1_661' title='bbox 1106 5699 1198 5755; x_wconf 87' lang='lat' dir='ltr'><strong>sed</strong></span> <span class='ocrx_word' id='word_1_662' title='bbox 1218 5699 1395 5753; x_wconf 88' lang='lat' dir='ltr'><strong>solum</strong></span> <span class='ocrx_word' id='word_1_663' title='bbox 1426 5687 1839 5756; x_wconf 69' lang='lat' dir='ltr'><strong>lmmicnmeb,</strong></span> 
     </span>
    </p>
   </div>
   <div class='ocr_carea' id='block_1_108' title="bbox 276 5687 1839 5776">
    <p class='ocr_par' dir='ltr' id='par_1_108' title="bbox 276 5687 1839 5776">
     <span class='ocr_line' id='line_1_110' title="bbox 276 5687 1839 5776; baseline -0.01 -15"><span class='ocrx_word' id='word_1_664' title='bbox 276 5687 966 5776; x_wconf 15' lang='lat' dir='ltr'><strong>proinde-reuisipari&#39;icid&#39;ii</strong></span> <span class='ocrx_word' id='word_1_665' title='bbox 990 5702 1079 5766; x_wconf 86' lang='lat' dir='ltr'><strong>sit,</strong></span> <span class='ocrx_word' id='word_1_666' title='bbox 1106 5699 1198 5755; x_wconf 87' lang='lat' dir='ltr'><strong>sed</strong></span> <span class='ocrx_word' id='word_1_667' title='bbox 1213 5699 1395 5776; x_wconf 75' lang='lat' dir='ltr'><strong>solum</strong></span> <span class='ocrx_word' id='word_1_668' title='bbox 1426 5687 1730 5776; x_wconf 80' lang='lat' dir='ltr'><strong>homicidii.</strong></span> 
     </span>
    </p>
   </div>
   <div class='ocr_carea' id='block_1_109' title="bbox 279 5763 1842 5846">
    <p class='ocr_par' dir='ltr' id='par_1_109' title="bbox 279 5763 1842 5846">
     <span class='ocr_line' id='line_1_111' title="bbox 279 5763 1842 5846; baseline -0.01 -11"><span class='ocrx_word' id='word_1_669' title='bbox 279 5763 442 5843; x_wconf 58' lang='grc' dir='ltr'>λιτὸν,</span> <span class='ocrx_word' id='word_1_670' title='bbox 468 5774 613 5846; x_wconf 84' lang='lat' dir='ltr'><strong>quod</strong></span> <span class='ocrx_word' id='word_1_671' title='bbox 644 5763 970 5845; x_wconf 73' lang='lat' dir='ltr'><strong>simplicem,</strong></span> <span class='ocrx_word' id='word_1_672' title='bbox 1005 5763 1106 5828; x_wconf 78' lang='lat' dir='ltr'><strong>nec</strong></span> <span class='ocrx_word' id='word_1_673' title='bbox 1145 5771 1412 5827; x_wconf 82' lang='lat' dir='ltr'><strong>urbanum</strong></span> <span class='ocrx_word' id='word_1_674' title='bbox 1440 5767 1573 5823; x_wconf 84' lang='lat' dir='ltr'><strong>satis</strong></span> <span class='ocrx_word' id='word_1_675' title='bbox 1603 5774 1695 5820; x_wconf 89' lang='lat' dir='ltr'><strong>aut</strong></span> <span class='ocrx_word' id='word_1_676' title='bbox 1724 5763 1842 5820; x_wconf 80' lang='lat' dir='ltr'><strong>oili-</strong></span> 
     </span>
    </p>
   </div>
   <div class='ocr_carea' id='block_1_110' title="bbox 1945 5474 3523 5547">
    <p class='ocr_par' dir='ltr' id='par_1_110' title="bbox 1945 5474 3523 5547">
     <span class='ocr_line' id='line_1_112' title="bbox 1945 5474 3523 5547; baseline -0.005 -9"><span class='ocrx_word' id='word_1_677' title='bbox 1945 5482 2092 5539; x_wconf 89' lang='lat' dir='ltr'><strong>cium</strong></span> <span class='ocrx_word' id='word_1_678' title='bbox 2116 5479 2374 5536; x_wconf 89' lang='lat' dir='ltr'><strong>edoctum</strong></span> <span class='ocrx_word' id='word_1_679' title='bbox 2408 5486 2589 5545; x_wconf 89' lang='lat' dir='ltr'><strong>sonet,</strong></span> <span class='ocrx_word' id='word_1_680' title='bbox 2618 5494 2733 5535; x_wconf 91' lang='lat' dir='ltr'><strong>non</strong></span> <span class='ocrx_word' id='word_1_681' title='bbox 2758 5477 2840 5535; x_wconf 89' lang='lat' dir='ltr'><strong>sic</strong></span> <span class='ocrx_word' id='word_1_682' title='bbox 2871 5478 3081 5535; x_wconf 85' lang='lat' dir='ltr'><strong>crimen</strong></span> <span class='ocrx_word' id='word_1_683' title='bbox 3107 5474 3349 5547; x_wconf 85' lang='lat' dir='ltr'><strong>depellit,</strong></span> <span class='ocrx_word' id='word_1_684' title='bbox 3376 5481 3432 5531; x_wconf 93' lang='lat' dir='ltr'><strong>et</strong></span> <span class='ocrx_word' id='word_1_685' title='bbox 3460 5478 3523 5530; x_wconf 89' lang='lat' dir='ltr'><strong>ut</strong></span> 
     </span>
    </p>
   </div>
   <div class='ocr_carea' id='block_1_111' title="bbox 1948 5549 3521 5625">
    <p class='ocr_par' dir='ltr' id='par_1_111' title="bbox 1948 5549 3521 5625">
     <span class='ocr_line' id='line_1_113' title="bbox 1948 5549 3521 5625; baseline -0.001 -18"><span class='ocrx_word' id='word_1_686' title='bbox 1948 5551 2223 5625; x_wconf 82' lang='lat' dir='ltr'><strong>parricida</strong></span> <span class='ocrx_word' id='word_1_687' title='bbox 2252 5567 2365 5606; x_wconf 90' lang='lat' dir='ltr'><strong>non</strong></span> <span class='ocrx_word' id='word_1_688' title='bbox 2382 5549 2590 5616; x_wconf 89' lang='lat' dir='ltr'><strong>audiat,</strong></span> <span class='ocrx_word' id='word_1_689' title='bbox 2605 5549 2788 5625; x_wconf 75' lang='lat' dir='ltr'><strong>quiea</strong></span> <span class='ocrx_word' id='word_1_690' title='bbox 2807 5551 2971 5625; x_wconf 76' lang='lat' dir='ltr'><strong>quasi</strong></span> <span class='ocrx_word' id='word_1_691' title='bbox 2989 5549 3286 5606; x_wconf 86' lang='lat' dir='ltr'><strong>stoliditate</strong></span> <span class='ocrx_word' id='word_1_692' title='bbox 3310 5552 3521 5625; x_wconf 67' lang='lat' dir='ltr'><strong>patrem</strong></span> 
     </span>
    </p>
   </div>
   <div class='ocr_carea' id='block_1_112' title="bbox 1950 5614 3519 5695">
    <p class='ocr_par' dir='ltr' id='par_1_112' title="bbox 1950 5614 3519 5695">
     <span class='ocr_line' id='line_1_114' title="bbox 1950 5614 3519 5695; baseline -0.003 -18"><span class='ocrx_word' id='word_1_693' title='bbox 1950 5614 2231 5695; x_wconf 69' lang='lat' dir='ltr'><strong>necaverit</strong></span> <span class='ocrx_word' id='word_1_694' title='bbox 2259 5638 2277 5675; x_wconf 85' lang='lat'><strong>:</strong></span> <span class='ocrx_word' id='word_1_695' title='bbox 2303 5636 2429 5695; x_wconf 81' lang='lat' dir='ltr'><strong>cum</strong></span> <span class='ocrx_word' id='word_1_696' title='bbox 2468 5614 2777 5695; x_wconf 77' lang='lat' dir='ltr'><strong>praesertim</strong></span> <span class='ocrx_word' id='word_1_697' title='bbox 2806 5614 2981 5695; x_wconf 60' lang='grc' dir='ltr'><strong>λἰτὸςἱ</strong></span> <span class='ocrx_word' id='word_1_698' title='bbox 2999 5635 3109 5695; x_wconf 85' lang='lat' dir='ltr'><strong>non</strong></span> <span class='ocrx_word' id='word_1_699' title='bbox 3146 5625 3252 5695; x_wconf 79' lang='lat' dir='ltr'><strong>tam</strong></span> <span class='ocrx_word' id='word_1_700' title='bbox 3287 5614 3519 5695; x_wconf 66' lang='lat' dir='ltr'><strong>stolidus</strong></span> 
     </span>
    </p>
   </div>
   <div class='ocr_carea' id='block_1_113' title="bbox 1953 5685 3516 5763">
    <p class='ocr_par' dir='ltr' id='par_1_113' title="bbox 1953 5685 3516 5763">
     <span class='ocr_line' id='line_1_115' title="bbox 1953 5685 3516 5763; baseline -0.004 -16"><span class='ocrx_word' id='word_1_701' title='bbox 1953 5693 2043 5760; x_wconf 87' lang='lat' dir='ltr'><strong>sit,</strong></span> <span class='ocrx_word' id='word_1_702' title='bbox 2074 5707 2236 5763; x_wconf 82' lang='lat' dir='ltr'><strong>quam</strong></span> <span class='ocrx_word' id='word_1_703' title='bbox 2267 5691 2449 5747; x_wconf 89' lang='lat' dir='ltr'><strong>tenuis</strong></span> <span class='ocrx_word' id='word_1_704' title='bbox 2470 5685 2734 5757; x_wconf 74' lang='lat' dir='ltr'><strong>fortunae,</strong></span> <span class='ocrx_word' id='word_1_705' title='bbox 2769 5706 2895 5748; x_wconf 87' lang='lat' dir='ltr'><strong>cum</strong></span> <span class='ocrx_word' id='word_1_706' title='bbox 2950 5689 3017 5744; x_wconf 86' lang='lat' dir='ltr'><strong>dc</strong></span> <span class='ocrx_word' id='word_1_707' title='bbox 3050 5686 3263 5743; x_wconf 74' lang='lat' dir='ltr'><strong>nomine</strong></span> <span class='ocrx_word' id='word_1_708' title='bbox 3294 5685 3516 5747; x_wconf 80' lang='lat' dir='ltr'><strong>dicitur.</strong></span> 
     </span>
    </p>
   </div>
  </div>
