3956 6212
508 334 608 399 931
1678 342 1737 401 S.
1782 342 2067 402 MAXIM!
2108 338 2245 402 (ΖοΝ
2255 343 2625 421 ΕΕδΞΟΒΙΞη
3667 334 3823 397 93:2

422 494 425 495 ν
507 444 612 500 cile
646 444 836 499 curari
892 453 1106 515 potest;
1143 445 1294 517 quod
1338 454 1525 502 autem
1586 445 1864 513 differtur,
1912 465 1984 518 pt‘t

2252 448 2476 517 ςόμενον,
2510 448 2871 519 εὐϐοήθητονο
2913 444 2977 501 τὺ
2997 445 3055 505 δὲ
3095 443 3271 516 χρόνῳ
3311 442 3814 513 παραπεμπόμε-

508 535 815 589 tnsanabile
848 535 1122 621 redditur:

2183 553 2292 602 νον,
2322 538 2487 606 ἐγγὺς
2517 539 2760 593 ἀνιάτου.

574 625 822 688 Choricii.
859 628 1175 693 —Natura,
1232 640 1395 684 nacta
1448 631 1620 686 semel
1654 630 1884 686 delicias
1913 646 1977 685 ac
2008 629 2081 684 li-

2253 630 2553 697 Χορικιου.
2579 627 2947 699 -Λαδομένη
2975 625 3124 691 ἅπαξ
3155 623 3491 696 ἡδυπαθείας
3515 626 3550 695 ἡ
3578 623 3801 695 φύσις,

508 715 776 779 bidinem,
812 716 906 770 vix
929 719 1235 787 acquiescit
1268 720 1335 773 ad
1370 720 1591 775 labores
1622 720 1826 775 redire.

1630 720 1826 775 redire.
2186 720 2341 790 μόλις
2371 721 2546 775 ἐθέλει
2573 720 2709 792 πρὸς
2743 721 2940 782 πόνους
2972 720 3192 789 χωρεῖν.

577 805 924 862 Socratis.—
946 810 1094 864 Nihil
1129 811 1291 880 plane
1319 819 1515 865 natura
1535 811 1842 881 jucundum
1873 819 1969 865 aut
1995 811 2080 865 in-

2253 813 2517 883 Σωκράτ.
2569 814 2615 847 ⁸⁸
2669 842 2742 853 —-
2795 811 2963 865 Οὐδὲν
3017 811 3188 872 ὅντως
3239 809 3337 880 ἡδὺ
3399 810 3432 881 ἢ
3485 807 3658 877 ἀηδὲς
3713 806 3795 874 τῇ

506 900 850 972 jucundum;
912 902 1009 956 sed
1056 913 1256 956 cuncta
1305 903 1710 958 consuetudine
1751 903 2068 958 alterutrum

2185 902 2347 974 φύσει
2378 904 2687 975 ὑφέστηκεν
2707 921 2722 935 ο
2751 901 2933 957 πάντα
2962 901 3021 953 δὲ
3053 903 3121 971 τῇ
3163 900 3425 972 συνηθείᾳ
3454 899 3702 971 γίνεται.

508 988 768 1048 induunt.

581 1083 762 1140 Vitam
790 1084 931 1155 elige
986 1086 1209 1155 optimis
1255 1058 1508 1143 moribus
1557 1086 1907 1142 institutam:
1939 1079 2086 1141 banc'

2253 1085 2378 1138 Βίον
2413 1084 2570 1155 αἱροῦ
2603 1084 2694 1147 τὸν
2736 1085 2996 1156 ἄριστον·
3030 1082 3219 1138 τοῦτον
3248 1080 3362 1152 γὰρ
3397 1079 3531 1151 nam
3562 1079 3598 1149 ἡ
3642 1095 3791 1131 συν-

507 1176 657 1230 enim
708 1178 1056 1233 consuetudo
1104 1179 1390 1249 praestabit
1427 1179 1751 1251 jucundam.

1104 1179 1390 1249 praestabit
1427 1179 1751 1251 jucundam.
2184 1175 2346 1247 ήοεια
2391 1177 2629 1249 ποιήσει.

1142 1310 1444 1368 Menandri.
2320 1350 2328 1355 .

2320 1350 2328 1355 ς
2830 1320 3118 1390 Μενάνδρ.

1568 1420 1890 1492 Nonpotest
2263 1430 3130 1498 ...............Ἀμήὶ

1817 1431 1890 1477 est
2263 1430 3379 1498 ...............Ἀμήχανον.

586 1488 763 1570 ροηῃρ
789 1490 1311 1570 consuetndohrbrcvi
1338 1490 1547 1545 dissolvi
1581 1488 1832 1570 tempore.

2261 1501 2508 1570 Μακρὰν
2531 1501 2863 1566 συνήθειαν
2892 1503 2964 1555 ἐν
2988 1488 3212 1570 ,B'pa'iei
3230 1488 3413 1570 λύσήιιι

585 1557 737 1625 Ωιιοᾶ
767 1561 905 1613 enim
922 1576 984 1614 ea
1013 1560 1259 1615 inclitum
1284 1570 1383 1628 est,
1408 1578 1512 1614 non
1539 1557 1846 1631 negligitur.

2265 1557 2335 1650 Td
2368 1557 2478 1642 γῖὰρ
2505 1557 2768 1639 σύνηθες
2791 1557 3066 1641 οὐδαμοῦ
3097 1557 3456 1638 ,τῖαροπτέονξ

578 1694 837 1766 Polymni.
890 1725 961 1737 -—-
984 1695 1341 1751 Consuetudo
1373 1712 1441 1751 ex
1466 1696 1655 1766 parvis
1704 1696 1888 1771 trahit.
1916 1696 2088 1767 origi-

2262 1705 2624 1760 Πολυαίνου.
2654 1734 2726 1746 -
2757 1704 2921 1768 Ἕθος
2950 1703 3180 1775 ἄρχεται
3223 1702 3324 1773 μὲν
3366 1703 3476 1757 ἀπὸ
3508 1703 3718 1773 μικρῶν
3745 1721 3764 1734 ·

511 1803 672 1853 nem;
706 1787 956 1858 neglecta
990 1797 1196 1853 autem,
1231 1789 1343 1841 vim
1373 1803 1626 1858 magnam
1659 1787 1882 1857 accipit.

2120 1786 2164 1841 Β
2192 1792 2563 1864 ἀμελούμενον
2588 1793 2666 1857 δὲ,
2695 1792 2793 1863 τὴν
2823 1794 2977 1862 ίσχίιν
3012 1791 3234 1860 μείζονα
3261 1791 3531 1860 λαμὸἀνει
3555 1834 3570 1852 .

582 1878 934 1934 Theocriti.—
952 1880 1259 1935 lnsidiosos
1293 1894 1500 1945 mores,
1536 1888 1591 1933 et
1617 1880 1827 1950 aliquid
1864 1895 2091 1950 semper

2255 1884 2520 1951 Θεοκρίτ.
2553 1913 2625 1923 -
2654 1882 2981 1938 ,Ἐπιϐουλον
3009 1879 3138 1954 ἦθος
3168 1883 3262 1937 καὶ
3288 1879 3770 1951 κακομηχανὼταο-

510 1972 665 2037 mali,
704 1980 1011 2041 contraque
1047 1987 1242 2028 omnes
1272 1982 1467 2043 argute
1499 1973 1703 2037 moliri,
1738 1972 1791 2026 id
1830 1988 1934 2043 ego
1969 1986 2072 2026 non

2207 1991 2276 2026 τον
2300 1973 2591 2038 διαπαντὸς
2619 1973 2764 2044 ἔχειν
2793 1975 2887 2028 καὶ
2917 1975 3061 2029 κατά
3104 1974 3344 2033 πάντων.
3390 1972 3512 2042 οὐχὶ
3559 1974 3625 2042 τῇ
3669 1971 3769 2024 τοῦ

509 2063 771 2128 solertite,
808 2071 868 2118 ut
886 2064 1140 2119 nonnulli
1174 2064 1512 2129 existimant,
1542 2063 1639 2118 sed
1666 2062 1918 2133 pessima:
1938 2063 2071 2133 parti

2208 2064 2462 2134 ὶγχινόου,
2496 2064 2570 2127 ὥς
2601 2081 2746 2128 τινες
2786 2064 2989 2119 οἴονται
3011 2106 3025 2133 ,
3061 2068 3129 2137 τῇ
3161 2065 3218 2119 δὲ
3250 2064 3344 2118 τοῦ
3394 2063 3770 2134 πονηροτάτου

508 2152 808 2221 ascriptum
838 2152 1024 2207 velim.

2191 2153 2373 2226 μερίδι
2404 2154 2759 2226 προστίθημι.

579 2241 823 2296 Pronum
873 2251 962 2298 est
997 2242 1248 2310 laudare,
1289 2258 1412 2312 quae
1440 2257 1555 2297 non
1592 2241 1774 2307 decet,
1832 2257 1897 2298 ac
1933 2242 2081 2297 vitu-

2271 2245 2481 2317 Ῥᾴδιον
2508 2247 2606 2316 μὲν
2631 2246 2895 2313 ἐπαινεῖν,
2927 2246 2963 2301 ἃ.
2988 2246 3062 2318 μὴ
3091 2246 3220 2317 χρὴ,
3253 2244 3348 2300 καὶ
3371 2243 3565 2315 ψέγειν
3588 2262 3601 2274 ·
3635 2244 3776 2299 ἑκά·-

511 2347 737 2402 perare;
764 2340 1066 2403 utrumque
1093 2350 1224 2389 vero
1252 2334 1407 2404 pravi
1428 2332 1595 2388 animi
1620 2349 1685 2388 ac
1706 2333 1910 2388 indolis
1939 2341 2045 2388 est.

1564 2334 1595 2388 ti
1620 2349 1685 2388 ac
1706 2333 1910 2388 indolis
1939 2341 2045 2388 est.
2186 2353 2344 2408 τερον
2373 2336 2450 2397 δὲ,
2490 2338 2730 2411 πονηροῦ
2769 2357 2915 2402 τινος
2941 2338 3126 2410 ἧθους.

581 2423 667 2477 Ex
690 2422 875 2479 Sereni
894 2426 1127 2497 scriptis.
1160 2456 1232 2466 —
1263 2425 1557 2481 Persarum
1597 2440 1756 2497 reges
1788 2439 2081 2494 antequam

2267 2429 2368 2483 Ἐκ
2399 2427 2519 2481 τῶν
2559 2423 2842 2497 Ζερήνου.
2891 2461 2964 2470 -
3011 2431 3074 2483 Ol
3107 2429 3331 2500 Περσῶν
3363 2428 3622 2499 βασιλεῖς,
3664 2428 3786 2498 πρὸ

510 2514 868 2593 sacrificent,
921 2516 990 2571 de
1062 2517 1329 2588 religione
1380 2515 1720 2586 disputant;
1787 2524 2072 2585 antequam

2222 2517 2291 2571 ιὲν
2321 2517 2428 2572 τῶν
2456 2518 2679 2584 θυσιῶν,
2712 2521 2845 2592 περὶ
2889 2519 3174 2584 εὐσεϐείας
3216 2521 3555 2590 διαλέγονται
3580 2538 3595 2552 θ
3662 2522 3784 2590 πρὸ

511 2605 725 2669 bibant.
756 2606 824 2662 de
854 2607 1156 2665 sobrietate
1181 2626 1195 2676 ;
1218 2616 1348 2665 ante
1374 2609 1582 2665 bellum
1616 2624 1681 2664 ac
1708 2607 1981 2679 praelium,
2016 2607 2073 2664 de

2224 2609 2363 2663 ε’τοῦ
2398 2609 2597 2679 πίνειν,
2650 2612 2780 2683 περὶ
2828 2612 3182 2683 σωφροσύνης
3204 2628 3219 2640 '
3259 2613 3514 2682 πολεμεῖν
3543 2613 3600 2666 δὲ
3634 2613 3786 2683 μέλα

506 2695 860 2754 l’ortitudine.
1316 2722 1324 2731 ί

1316 2722 1324 2731 ν
2188 2697 2393 2763 λοντες,
2425 2716 2491 2752 πε
2500 2700 2554 2771 pl.
2589 2700 2863 2772 ἀνδρείας.

580 2804 835 2860 Herodot.
883 2837 955 2848 —
989 2809 1283 2882 Agathyrsi
1313 2809 1628 2865 mollissimi
1674 2817 1822 2874 sunt,
1878 2810 2089 2865 auratis

2272 2811 2536 2880 Ἦροδότ.
2558 2843 2630 2852 -
2660 2813 2986 2886 Ἀγάθυρσοι
3018 2816 3084 2878 ³⁷,
3114 2815 3404 2887 ἁϐρότατοι
3432 2816 3622 2887 ἄνδρες
3657 2816 3785 2869 εἰσὶ

499 2894 838 2966 plerumque
871 2896 1051 2953 induti
1079 2900 1353 2955 vestibus.
1403 2899 1684 2954 Uxoribus
1718 2900 2055 2955 communito

2223 2905 2287 2958 ςαὶ
2316 2906 2648 2975 χρυσοφόροι
2676 2904 2745 2959 τὰ
2773 2906 3027 2977 μάλιστα.
3063 2906 3368 2961 Ἐπίκοινον
3397 2907 3451 2961 δὲ
3481 2908 3785 2976 γυναικῶν

512 2993 769 3053 utuntur,
804 2997 866 3044 ut
885 2989 981 3044 alii
1014 2991 1141 3046 aliis
1168 2991 1371 3046 fratres
1397 2991 1510 3047 sint
1537 3006 1603 3047 ac
1627 2991 1845 3061 cognati
1870 3006 2074 3057 omnes,

2224 2993 2284 3064 ὴν
2328 2992 2473 3064 μίξιν
2524 2993 2823 3068 ποιοῦνται,
2887 2995 2974 3051 ἵνα
3033 2997 3356 3068 κασίγνητοί
3411 3014 3470 3050 τε
3517 2998 3786 3067 ἀλλήλων

512 3092 689 3147 eaque
724 3081 940 3138 natione
965 3083 1108 3138 nihil
1163 3083 1220 3138 in
1250 3083 1331 3139 eis
1359 3082 1577 3151 livoris,
1630 3083 1820 3138 nullus
1851 3083 1963 3138 odii
2006 3082 2074 3136 fo-

2294 3102 2342 3150 ἰ,
2378 3086 2472 3138 καὶ
2497 3087 2689 3138 οἰκεῖοι
2714 3064 2923 3150 εόντες,
2981 3088 3116 3160 μήτε
3164 3064 3364 3160 φθόνῳ,
3422 3089 3556 3161 μήτε
3611 3064 3791 3160 ἔάθει
3852 3123 3856 3129 π

511 3181 631 3225 mes
663 3169 757 3227 sit.

2193 3174 2464 3246 χρέωνται
2496 3175 2556 3238 ἐς
2584 3174 2872 3246 ἀλλήλους.

959 3377 1121 3449 675
1168 3376 1401 3434 SERMO
1430 3377 1618 3433 LXIII.
1716 3370 1737 3387 "
2116 3384 2159 3443 ο
2519 3417 2521 3421 .

1716 3370 1737 3387 ”
2116 3384 2159 3443 C
2519 3417 2522 3421 λ
2749 3380 2969 3433 ΛΟΓΟΣ
3005 3380 3100 3433 ΞΓ⁹
3138 3381 3203 3433 ³⁸.

610 3536 615 3541 θ
890 3464 966 3520 De
1000 3466 1273 3521 nobilitate
1300 3476 1349 3521 et
1381 3468 1732 3538 ignobilitate.

2262 3484 2267 3489 ‘
2476 3469 2613 3538 Περὶ
2652 3470 2958 3540 εὐγενείας
2990 3472 3089 3525 καί
3129 3471 3505 3541 δυσγενείας.

581 3553 741 3612 Joan.
770 3573 849 3621 ιιι,
878 3557 1196 3624 6;—Quod
1242 3568 1433 3615 natum
1490 3560 1576 3617 est
1626 3577 1695 3614 ex
1742 3575 1928 3623 carne,
1957 3576 2089 3617 caro

2272 3565 2460 3618 Ἰωαν.
2494 3560 2564 3632 γ’.
2616 3592 2689 3602 -
2729 3563 2802 3615 Τὸ
2831 3564 3233 3633 γεγεννημένον
3280 3567 3344 3618 ὲκ
3390 3565 3493 3633 τῆς
3532 3567 3781 3637 σαρκὸς,

513 3654 634 3714 est;
666 3657 724 3703 et
745 3648 893 3718 quod
920 3656 1112 3703 natum
1148 3658 1234 3704 est
1265 3664 1333 3704 ex
1366 3649 1591 3720 spiritu,
1616 3649 1846 3720 spiritus
1877 3656 1981 3705 est.
2038 3644 2041 3647 ’

2218 3655 2327 3724 σάρξ
2358 3656 2472 3707 ἐστι
2494 3670 2507 3684 ο
2544 3654 2638 3707 καὶ
2673 3652 2735 3706 τὸ
2763 3654 3161 3727 γεγεννημένον
3200 3656 3266 3710 ὲκ
3294 3654 3390 3709 τοῦ
3425 3656 3780 3727 πνεύματος,

2204 3744 2421 3813 πνεῦμά
2448 3745 2616 3797 ἐστιν.

583 3827 737 3889 Rom.
769 3846 844 3894 ix,
882 3831 936 3885 8.
960 3832 1163 3887 —Non
1203 3832 1300 3902 qui
1340 3831 1436 3886 lilii
1476 3833 1682 3897 carnis,
1724 3833 1784 3887 hi
1818 3832 1916 3887 lilii
1952 3834 2086 3901 Dei',

2256 3857 2265 3865 -
2286 3829 2439 3904 Ρωμ.
2473 3839 2541 3889 θ’.
2560 3864 2630 3875 ~—
2648 3836 2722 3889 Οὐ
2738 3836 2807 3890 τὰ
2829 3836 2996 3891 τέκνα
3015 3838 3115 3908 τῆς
3142 3839 3375 3910 σαρκὸς,
3400 3839 3572 3893 ταῦτα
3598 3840 3786 3897 τέκνα

513 3920 608 3975 δρα
641 3921 738 3991 qui
782 3921 881 3977 lilii
937 3931 1069 3978 sunt
1108 3922 1512 3994 promissionis,
1549 3922 1895 3977 aestimantur
1927 3924 1981 3978 in
2004 3941 2075 3980 se-

2217 3926 2322 3978 ιεοῦ
2348 3947 2358 3957 ·
2408 3925 2544 3979 ἀλλὰ
2569 3926 2638 3980 τὰ
2660 3926 2828 3980 τέκνα
2858 3928 2959 3999 τῆς
2991 3929 3344 3997 ἐπαγγελίας,
3377 3932 3648 4000 λογίζεται
3686 3936 3779 3999 είς

519 4013 688 4073 mine.

2194 4016 2436 4086 σπέρμα.

584 4104 717 4177 Sap.
744 4122 803 4160 ιιι
827 4146 842 4173 ,
875 4105 960 4160 t9.
986 4134 1051 4145 -
1074 4104 1465 4161 Generationis
1507 4104 1726 4175 injusta‘.
1752 4107 1938 4162 acerbi
1961 4118 2089 4165 sunt

2260 4112 2400 4163 Σολ.
2436 4116 2503 4179 γ’.
2545 4140 2616 4152 ——
2643 4109 2839 4173 Γενεᾶς
2872 4110 3058 4164 ἀδίκου
3097 4112 3187 4183 (c),
3218 4112 3433 4182 χαλεπά
3459 4113 3526 4166 τὰ
3557 4114 3720 4186 τέλη.

516 4192 720 4253 exitus.

586 4284 775 4340 Liberi
807 4287 861 4341 in
902 4294 1223 4358 contemptu
1251 4296 1307 4343 et
1331 4288 1612 4360 imperitia
1643 4290 1964 4362 gloriantes,
1997 4306 2090 4346 co-

2256 4286 2433 4341 Τέκνα
2464 4288 2521 4342 ὲν
2571 4290 2973 4360 καταφρονήσει
3024 4291 3119 4343 καὶ
3151 4291 3477 4363 ἀπαιδευσίᾳ
3509 4297 3776 4365 γαυριῶ-

515 4377 791 4447 gnationis
814 4395 927 4434 sum
957 4380 1353 4451 ingenuitatem
1401 4384 1801 4439 contaminant.

2193 4396 2351 4450 μενα,
2390 4379 2712 4447 συγγενείας
2737 4381 2946 4433 ἑαυτῶν
2979 4381 3265 4451 μολόνουσι
3295 4383 3392 4454 τὴν
3421 4384 3742 4452 εὐγένειαν.

584 4461 769 4519 Liberi
798 4466 1084 4522 honestam
1120 4470 1288 4523 vitam
1337 4482 1581 4541 agentes,
1621 4479 1916 4542 parentum
1955 4487 2088 4528 suo-

2262 4472 2439 4525 Τέκνα
2466 4473 2523 4524 ὲν
2550 4473 2727 4543 ἀγαθῇ
2757 4473 2866 4544 ζωῇ
2906 4473 3003 4545 τὴν
3036 4475 3383 4543 ἀναστροφὴν
3409 4475 3620 4545 ἔχοντα,
3652 4477 3782 4531 τῶν

516 4568 638 4607 rum
672 4555 1075 4624 ignobilitatem
1104 4566 1311 4628 tegent.

2196 4561 2344 4617 ἰδίων
2372 4562 2710 4633 γεννητόρων
2738 4563 3010 4634 κρύψουσι
3037 4564 3371 4632 δυσγένειαν.

581 4639 794 4697 Basilii.
818 4673 884 4682 —
908 4644 1029 4698 Non
1063 4654 1149 4700 est
1194 4662 1295 4699 cur
1324 4655 1587 4717 parentes
1611 4663 1676 4702 ac
1700 4650 1935 4720 majores
1958 4650 2087 4705 illu-
2122 4723 2143 4737 .

2261 4654 2606 4707 Βασιλείου.
2653 4683 2725 4696 -η
2771 4654 2887 4708 Οὐκ
2933 4654 3130 4725 ἔχομεν
3182 4656 3431 4728 πατέρας
3458 4655 3783 4737 λέγεινκαὶ

514 4740 656 4787 stres
687 4734 1077 4803 producamus.
1110 4738 1375 4791 Veritatis
1406 4753 1644 4808 namque
1685 4739 1793 4804 lex,
1833 4742 2076 4811 proprias

2216 4743 2495 4816 ζρογόνους
2520 4748 2863 4817 περιφανεῖς.
2903 4723 3120 4817 Ὅηγὰρ
3163 4747 3265 4814 τῆς
3290 4723 3545 4815 ἀληθείαξ
3578 4723 3778 4816 νόμος,

513 4824 780 4904 cujusque
813 4827 1048 4909 requirit
1076 4827 1290 4883 laudes.
1341 4829 1453 4884 Nec
1486 4829 1635 4884 enim
1674 4830 1881 4888 idcirco
1907 4848 2075 4904 equus

2218 4835 2300 4889 δια
2327 4835 2561 4889 ἑκάστου
2601 4836 2829 4890 ἀπαιτεῖ
2870 4836 2938 4890 τὰ
2976 4836 3252 4908 ἐγκώμια.
3290 4838 3426 4891 Οὐδὲ
3456 4837 3563 4906 γὰρ
3596 4836 3780 4891 ἵππον

512 4924 600 4968 est
631 4917 803 4981 celer,
836 4918 984 4987 quod
1015 4934 1082 4973 ex
1114 4920 1423 4975 celerrimis
1470 4931 1628 4978 ortus
1658 4923 1751 4978 sit.
1786 4923 1913 4990 Sed,
1946 4926 2063 4981 sicu

2218 4927 2359 4997 παχὺν
2405 4928 2553 4980 ποιεῖ
2598 4926 2662 4981 τὸ
2712 4929 2777 4980 ὲκ
2827 4929 3147 4997 ταχυτάτων
3174 4928 3363 4998 φῦναι.
3402 4927 3547 4981 Ἀλλ’
3575 4926 3780 4999 ὥσπερ

513 5005 782 5074 cujusque
820 5007 1158 5078 reliquorum
1196 5010 1521 5065 animalium
1547 5012 1726 5068 virtus
1756 5012 1814 5068 in
1863 5030 1931 5070 eo
1962 5031 2075 5085 spe-

2217 5017 2298 5071 ‘tIW
2328 5018 2504 5072 ἄλλων
2552 5017 2706 5083 ζώων
2740 5020 2773 5090 ἡ
2824 5020 2993 5091 ἁρετὴ
3026 5021 3086 5074 ὲν
3112 5020 3289 5089 ἑαυτῷ
3314 5020 3600 5090 θεωρεῖται
3635 5020 3779 5075 ἑκά-

513 5102 733 5161 ctatur;
766 5097 846 5152 sic
882 5107 937 5153 et
984 5099 1091 5153 viri
1127 5100 1247 5155 laus
1291 5118 1355 5157 ea
1403 5110 1508 5166 est,
1545 5119 1710 5173 quam
1756 5106 1883 5177 ejus
1914 5105 2075 5177 ipsius

2215 5125 2337 5175 του,
2371 5108 2515 5163 οὕτω
2543 5109 2636 5163 καί
2678 5110 2871 5182 ἀνδρὸς
2901 5110 3143 5176 ἔπαινος,
3188 5112 3217 5164 ό
3249 5112 3313 5164 ὲκ
3349 5110 3457 5164 τῶν
3488 5111 3777 5182 ὑπαρχόν-

515 5186 736 5259 propria
758 5198 1084 5247 ornamenta
1106 5208 1172 5251 ac
1205 5192 1443 5253 virtutes
1470 5202 1764 5251 testamur-
1856 5255 1859 5258 .

2190 5217 2298 5255 των
2340 5200 2492 5272 αὑτῷ
2522 5201 2969 5273 κατορθωμάτων
3003 5202 3537 5275 ὲκμαρτυρούμενος.

1788 5331 1874 5387 VA
1884 5331 2022 5388 BHE
2056 5334 2462 5392 LECTIONES.

587 5411 633 5445 ⁸⁸
685 5417 959 5473 Ἀλλ.⁹1ζκ
988 5421 1096 5482 τῶν
1139 5422 1460 5495 Ἐπικτήτου
1491 5425 1588 5487 καὶ
1630 5425 1899 5499 Ἰσοκράτ.
1976 5430 2020 5461 ³⁷
2051 5430 2303 5486 Meminit
2352 5440 2409 5488 et
2448 5432 2670 5489 Suidas.
2749 5434 2793 5467 ³⁸
2823 5433 2921 5491 Est
2950 5432 3007 5488 in
3035 5431 3205 5489 Gesn.
3238 5434 3393 5490 Stob.
3428 5435 3557 5492 2H.

2008 5562 2234 5619 NOTAE.

535 5640 912 5729 ιγ’(ςλειςξᾶς
941 5648 1175 5705 ἀδίκου.
1210 5654 1364 5724 Vulg.
1404 5656 1481 5712 sic
1513 5659 1806 5727 expressit,
1846 5659 2087 5713 Nationis
2196 5675 2432 5729 sequens
2462 5675 2570 5714 non
2604 5660 2863 5723 occurrit,
2915 5659 3016 5716 etsi
3068 5658 3230 5716 Gesn.
3280 5658 3508 5716 ascribit
3553 5658 3776 5725 Siraclti

527 5714 737 5790 inierunt,
782 5714 906 5768 dira’
953 5729 1071 5772 sunt
1117 5714 1612 5782 consumvmatimws‘.
1640 5714 1907 5798 {iterque
1938 5731 2090 5784 locus
2200 5714 2356 5791 xxilv
2385 5714 2439 5785 ct
2462 5746 2586 5784 xxx.
