4008 6194
256 200 355 265 993

920 272 1160 382 Θεολογ.

355 402 552 467 Κακὸς
584 400 636 455 δ’
663 400 899 455 ἀκούων
929 399 1250 467 αἱσχύνου,
1276 395 1362 466 μὴ
1390 397 1716 466 δυσγενής.

357 475 549 538 Γένος
580 471 691 539 γάρ
738 473 914 531 εισιν,
944 467 1212 539 οιΑ-πάλαι
1246 467 1613 539 σεσηπότες.

357 535 598 606 Γένοὺς(
622 535 963 607 εὲροᾴρχειν,
993 535 1031 604 ἢ
1058 536 1429 607 λύειν-*γένος
1454 538 1613 607 θέλε,

364 611 461 677 Ὠς
485 604 678 665 καλδῦ
708 604 860 661 aliut
891 609 970 671 o",
1007 608 1045 674 ἢ
1093 604 1301 659 καλῶν
1330 605 1681 673 πεφυκέναι.

324 727 512 792 Γρηγ.
543 722 742 776 Νύσσ.
768 748 841 759 —
873 719 939 772 Ἥ
972 718 1220 786 εὐγένεια
1245 718 1340 770 καὶ
1368 717 1402 786 ἡ
1439 716 1704 786 σεμνότης
1729 713 1825 767 τοῦ

256 815 615 885 ὑπερηφάνου
656 811 718 865 τὸ
752 810 1014 879 συγγενὲς
1049 810 1186 882 πρὸς
1208 809 1308 880 τὴν
1341 808 1560 861 πλίνθον
1584 806 1717 876 ἔχει.

328 909 625 973 Χρυσοστ.
652 930 726 943 -—
771 900 1040 973 Λαμπρὸν
1089 901 1185 954 καὶ
1240 901 1526 970 ἐπίσημον,
1564 898 1626 951 οὐ
1669 902 1829 967 περι-

252 998 451 1061 φάνεια
484 993 787 1066 προγόνων,
812 993 949 1047 ἀλλά
972 992 1151 1062 ψυχῆς
1177 990 1350 1062 ἀρετὴ
1379 992 1535 1044 ποεῖν
1559 987 1750 1042 εἴωθε.

904 1103 1176 1173 Εὑριπίδ.

329 1204 521 1261 Οὐδὲν
552 1205 591 1273 ἡ
626 1203 899 1273 εὐγένεια
934 1204 1085 1270 πρὸς
1116 1204 1191 1257 τὰ
1218 1201 1513 1273 χρήματα.

329 1276 448 1331 Τὸν
482 1271 591 1343 γὰρ
624 1271 920 1327 κάκιστον
950 1271 1351 1343 πλοῦτοςείςι
1372 1271 1637 1343 πρώτους

330 1341 508 1397 Ὅταν·
533 1341 601 1396 δὲ
641 1344 860 1411 κρηπίς
878 1343 966 1410 μὴ
1004 1341 1351 1410 καταϐληθῇ
1375 1341 1589 1409 γένους

341 1411 571 1479 Ὀρθῶς,
615 1412 848 1480 ἀνάγκη
875 1412 1205 1480 δυστιυίεῖν
1237 1411 1371 1476 τοὺς
1409 1412 1717 1480 ἐκγόνους.

354 1431 571 1479 υρυως,
615 1431 848 1480 ararim
875 1431 1068 1466 ουστυ
1092 1431 1205 1479 ,ειν
1237 1431 1371 1476 τους
1409 1431 1686 1479 sacrae-avg

328 1483 467 1543 Φεῦ.
508 1481 672 1551 Sosin
701 1481 958 1547 παλαιὸς
1007 1431 1175 1547 (illoc
1205 1483 1277 1534 οὐ
1309 1479 1505 1551 καλῷς
1541 1479 1686 1549 ἔχει,

333 1554 454 1606 Οὐκ
489 1548 567 1604 ἂν
610 1550 837 1620 γένοιτο
875 1551 1139 1619 χρηστὸς
1173 1551 1243 1603 ἐκ
1279 1550 1468 1604 κακοῦ
1508 1548 1755 1616 πατρός.

1674 1258 1822 1339 ἄγει.

1558 188 1727 251 LOCI
1766 176 2203 251 COMMUNES.

1853 315 1904 373 Δ

3397 170 3495 239 99!

2586 284 2720 349 Theo
2726 293 2848 365 logi.

1926 391 2272 459 Malw‘fama:
2298 388 2527 459 pudeat;
2552 386 2751 459 humile
2772 401 2875 438 non
2902 392 2952 437 te
2983 399 3143 454 genus

1924 456 2153 516 Movent.
2173 456 2344 516 Gemis
2374 467 2497 511 sunt
2526 458 2617 525 qui
2640 456 2765 508 olim
2786 464 3180 525 computruere.

1925 531 2085 585 Malis
2121 546 2283 599 gemas
2308 524 2595 596 auspicari,
2635 524 3046 599 quain‘solvere;

1932 600 2017 655 Uti
2048 591 2213 652 bonus
2244 614 2373 662 esse,
2406 591 2567 666 quam
2595 591 2657 647 ϐοὶ
2686 594 2832 647 bonis
2866 594 3119 663 originem
3152 591 3382 645 trahere.

2001 709 2155 778 Greg.
2212 708 2368 777 Nyss.
2411 735 2477 745 —
2513 705 2752 775 Superbi
2794 703 3059 757 nobilitas
3109 718 3173 757 ac
3226 704 3480 775 majestas

1929 800 2085 870 operi
2121 798 2308 868 ﬁglino
2336 812 2400 851 ac
2427 796 2588 850 lateri
2627 793 2805 848 aliinis
2835 802 2942 850 est.
3526 794 3531 799 ’

2000 890 2267 962 Chrys.—
2288 888 2408 944 Non
2429 888 2702 957 majorum
2728 885 3012 950 nobilitas,
3052 883 3147 939 sed
3187 884 3357 938 animi
3385 884 3503 940 vir-

1929 990 2039 1047 tus,
2066 978 2422 1055 splendidum
2449 992 2515 1032 ac
2544 975 2793 1031 nobilem
2824 975 2990 1030 habet
3008 982 3291 1043 praestare.

2589 1085 2838 1160 Euripid.

1927 1204 2077 1277 Nihil
2106 1222 2258 1277 gener
2288 1222 2313 1260 ε
2344 1203 2595 1277 nooilitas
2620 1203 2690 1277 ad
2720 1205 2989 1277 pecunias.

1926 1270 2069 1333 Nam
2106 1267 2191 1330 Bel
2219 1276 2504 1345 pessimum
2548 1267 2986 1345 opulentiaginter
3013 1267 3213 1342 primos
3257 1270 3501 1328 collocat.

1928 1346 1996 1401 At
2020 1348 2067 1400 si
2090 1342 2298 1416 generis
2333 1342 2776 1416 origorreeta‘non
2807 1342 2986 1416 fuerit,

1928 1414 2177 1470 Posteros
2211 1416 2268 1468 in
2301 1414 2610 1468 calamitate
2642 1414 2847 1467 versari
2864 1427 3068 1465 necesse
3091 1424 3189 1465 est.

1928 1483 2049 1539 Non
2073 1495 2208 1538 recte
2232 1501 2288 1538 se
2310 1484 2462 1539 habet
2490 1493 2635 1537 vetus
2665 1484 2774 1535 hara
2796 1483 3078 1546 sententia,

1929 1553 2015 1608 Ea:
2044 1554 2187 1615 malo
2213 1565 2367 1625 patre
2392 1570 2666 1623 nunquam
2694 1556 2938 1606 nascetur
2958 1551 3141 1605 bonus.

335 1678 629 1747 Θεοπόμπ.
663 1706 736 1717 -
774 1677 1034 1746 Εὐγενεῖς
1075 1673 1215 1731 εἶναι
1245 1675 1460 1748 νόμιζε,
1496 1675 1573 1747 μὴ
1606 1674 1734 1736 τοὺς
1761 1673 1826 1725 ὲκ

2004 1669 2340 1740 Theopompi.
2382 1698 2455 1707 —
2490 1666 2717 1722 Nobiles
2751 1666 3068 1721 existimato
3097 1680 3163 1720 ac
3209 1665 3505 1737 ingenuos,

255 1770 368 1823 τῶν
401 1768 578 1823 καλῶν
625 1768 717 1822 καὶ
754 1768 973 1836 ἀγαθῶν
1025 1768 1426 1838 γεγενημένους
1449 1783 1465 1799 ο
1527 1764 1667 1821 ἀλλά
1700 1764 1828 1828 τοὺς

256 1859 403 1912 καλά
435 1859 531 1912 καὶ
570 1858 751 1927 ἁγαθά
782 1859 1277 1931 προαιρουμένους.

335 2033 656 2090 θεσπίδου.
709 2064 780 2075 -
825 2031 950 2088 Ἐπὶ
1006 2033 1286 2105 προγόνων
1333 2030 1586 2102 εὐγενείᾳ
1638 2030 1830 2103 μηδεὶς

257 2125 625 2197 ὲγκαυχάσθω
646 2141 662 2158 ο
714 2123 883 2198 πηλὸν
913 2125 1022 2195 γὰρ
1054 2123 1239 2194 ἔχουσι
1279 2123 1481 2187 πάντες
1509 2121 1604 2176 τοῦ
1638 2122 1831 2192 γένους

258 2218 605 2289 προπάτορα,
640 2218 734 2271 καὶ
765 2218 815 2271 οἱ
847 2217 906 2269 ἐν
932 2216 1194 2287 πορφύρα
1225 2216 1319 2269 καὶ
1344 2214 1531 2287 βύσσῳ
1560 2214 1833 2287 τρεφόμε-

133 2331 149 2343 ·
259 2324 361 2376 νοι,
393 2308 487 2363 καὶ
512 2309 561 2362 ol
584 2309 642 2362 ὲν
676 2307 839 2379 πενία
865 2306 1089 2378 ἀδύσσῳ
1117 2307 1520 2379 δαπανώμενοι.

878 2418 1198 2488 Σκληριου.

313 2589 335 2607 .
365 2530 645 2607 ῌρλλδῖςν
669 2529 918 2607 ﬂenti)?
943 2531 1120 2607 τὶιίέν
1143 2530 1285 2607 ὄψις
1316 2532 1611 2607 εὐγενής·

376 2600 442 2655 '0
478 2601 624 2667 νοῦς
658 2600 711 2659 δέ
736 2600 806 2654 ἐν
840 2601 992 2668 αὐτῇ
1024 2600 1331 2669 δυσγεκὴς
1357 2603 1722 2670 εὑρίσκεται.

333 2714 699 2785 Σώστρατος.
732 2744 804 2755 —
834 2713 1152 2786 Σώστρατος
1184 2717 1212 2767 ὁ
1241 2714 1482 2786 αὐλητὴς
1507 2715 1833 2786 ὀνειδιζόμε-

266 2821 353 2868 νος
383 2805 485 2858 ὑπό
513 2822 655 2868 τινος
685 2805 781 2858 ι’ὲπλ⁵
824 2803 898 2875 τῷ
948 2803 1152 2873 γονέων
1180 2805 1408 2875 ἀσήμων
1438 2801 1601 2871 εἶναι,
1638 2800 1760 2859 εἶπε
1811 2822 1827 2837 ⁶

264 2899 374 2952 Καὶ
412 2898 485 2967 μὴ
511 2898 598 2950 διὰ
623 2896 787 2951 τοῦτο
814 2897 1013 2967 μᾶλλον
1044 2895 1274 2965 ὤφειλον
1302 2895 1705 2968 θαυμάζεσθαι,
1743 2897 1828 2952 ὅτι

265 2990 359 3044 ἀπ’
390 2988 528 3058 ἐμοῦ
560 2988 717 3057 γένος
742 2988 990 3059 ἄρχεται.

337 3080 694 3149 Φαλάριδος.
719 3109 791 3120 -—
814 3079 1183 3151 Σεμνύνεσθαι
1211 3080 1310 3150 μὲν
1337 3079 1527 3152 ὥσπερ
1555 3080 1699 3151 ἄλλῳ
1724 3080 1832 3134 τινὶ

269 3172 380 3225 τῶν
420 3171 602 3226 καλῶν
626 3171 712 3224 ἐπ’
746 3154 1017 3242 εὖγενείᾳ,
1056 3171 1159 3225 οὐκ
1203 3172 1433 3234 ἀπεικός
1478 3172 1646 3226 ἐστιν.
1693 3169 1835 3239 Ἐγὼ

266 3262 319 3315 δὲ
355 3261 483 3332 μίαν
515 3262 715 3334 ἀρετὴν
741 3256 880 3327 οἶδα,
928 3262 999 3315 ca
1022 3262 1066 3315 δ’
1111 3262 1247 3316 ἄλλα
1292 3263 1469 3316 πάντα
1498 3262 1689 3334 τύχην.
1724 3262 1835 3315 Καὶ

266 3353 462 3422 γένοιτ’
492 3353 580 3418 ἂν,
610 3354 638 3406 ὁ
661 3351 761 3422 μὲν
790 3354 857 3406 ὲκ
900 3351 1119 3422 φαύλων
1163 3352 1386 3423 ἀγαθὸς,
1431 3354 1525 3407 καὶ
1566 3352 1835 3424 βασιλέων

267 3444 363 3497 καὶ
396 3443 613 3499 πάντων
642 3432 1031 3512 εὐγενέστατος
1055 3462 1073 3479 σ
1120 3445 1149 3497 ὁ
1181 3444 1240 3498 δὲ
1268 3446 1328 3511 ἐξ
1358 3443 1579 3512 ἀγαθῶν
1612 3444 1834 3514 φαῦλος,

270 3536 429 3598 αὐτὸς
462 3534 628 3589 αὑτοῦ
662 3536 756 3590 καὶ
787 3536 898 3590 τῶν
941 3537 1343 3592 ταπεινοτάτων
1387 3536 1832 3605 δυσγενέστατος.

272 3626 432 3679 Ὥστε
455 3625 634 3697 ψυχῆς
661 3629 882 3682 ἔπαινον
907 3626 1085 3699 αὔχει,
1110 3627 1186 3700 μὴ
1205 3627 1486 3700 προγόνων
1511 3626 1838 3698 τεθνηκυῖαν

269 3718 349 3780 είς
377 3715 725 3789 ἀδοξοτέρους
747 3717 1052 3788 εὐγένειαν.
1794 3722 1799 3729 ’

346 3982 412 4036 '0
449 3982 506 4050 ἐξ
539 3983 741 4056 ἀρετῆς
784 3985 1086 4057 γεννηθεὶς,
1120 3987 1324 4050 ἐκεῖνος
1370 3985 1600 4063 εὐγενὴς
1638 3985 1820 4041 εἰκονί-

303 4094 443 4131 εται.

303 4094 443 4131 εται.

268 4077 302 4142 ζ
342 4170 603 4236 Δημοσθ.
629 4136 701 4208 -έ-
729 4165 867 4220 Οὖτε
898 4170 1044 4221 σῖτον
1070 4168 1294 4239 ἄριστον
1326 4168 1392 4223 ἐκ
1413 4168 1508 4224 τοῦ
1548 4169 1835 4224 καλλίστου

268 4260 454 4314 πεδίου
491 4259 773 4331 κρίνομεν,
823 4258 961 4313 ἀλλά
1006 4259 1097 4315 τὸν
1138 4259 1356 4315 εὔθετον
1406 4262 1545 4334 πρὸς
1588 4265 1835 4335 τροφήνο

267 4348 391 4404 οὔτε
421 4348 589 4421 ἄνδρα
620 4349 961 4420 σπουδαῖονῆ
993 4350 1144 4419 φίλον
1169 4350 1377 4417 εὔνουν,
1407 4352 1499 4406 τὸν
1542 4353 1603 4418 ἐξ
1640 4356 1838 4423 ἐπιφα-
1866 4336 1913 4392 Ῑ)

264 4438 394 4503 νοῦς
442 4436 574 4495 ὄντα
624 4441 839 4510 γένους,
871 4440 1008 4495 ἀλλὰ
1046 4441 1139 4497 τὸν
1167 4443 1485 4516 ὑπάρχοντα
1533 4444 1611 4517 τῷ
1644 4446 1838 4519 τρόπῳ

267 4532 570 4603 κρείττονα.
682 4571 689 4589 ι

340 4643 466 4707 Τοῖς
486 4644 737 4713 εὐγενὲσι
757 4646 850 4700 καὶ
875 4647 1061 4711 καλοῖς
1082 4647 1317 4718 μάλιστα
1341 4646 1681 4716 κατεπείγει,
1708 4648 1841 4703 κάλ-

268 4732 359 4797 λος
389 4735 491 4805 μὲν
523 4737 616 4790 ἐπὶ
643 4736 742 4807 τῆς
792 4737 989 4807 ὅψεως,
1018 4738 1372 4810 σωφροσύνην
1405 4738 1462 4791 δὲ
1493 4736 1588 4792 ἐπὶ
1613 4739 1714 4810 τῆς
1735 4742 1839 4810 ψυ-

266 4825 404 4896 χῆς,
429 4827 682 4898 ἀνδρείαν
712 4829 773 4883 δὲ
820 4830 907 4883 ἐπ’
938 4832 1266 4903 ἀμφοτέρων
1296 4830 1503 4885 τούτων
1522 4845 1538 4861 '
1576 4831 1736 4904 χάριν
1780 4832 1838 4886 δὲ

265 4918 362 4970 ἐπὶ
388 4918 496 4973 τῶν
513 4919 687 4989 λόγων
712 4921 975 4975 διατελεῖν
999 4922 1203 4993 ἔχουσι.
1544 4956 1551 4963 -
1764 4956 1773 4969 ι

338 5008 639 5078 Διογένης.
677 5040 747 5052 -
780 5011 1195 5082 Πυνθανομένου
1221 5013 1401 5079 τινὸς,
1429 5013 1587 5079 Τίνες
1612 5014 1721 5071 τῶν
1746 5018 1781 5072 ἀ

256 5098 502 5171 ἀρὼπων
552 5101 978 5171 εὐγενέστατοις
1038 5106 1101 5181 Ol
1149 5104 1637 5177 καταφρονοῦντες,
1695 5104 1835 5176 εἷπε,

264 5187 526 5256 πλούτου,
578 5189 759 5262 δόξης,
811 5192 1027 5264 ἡδονῆς,
1082 5193 1264 5263 ζωῆςσ
1323 5194 1430 5249 τῶν
1473 5195 1532 5249 δὲ
1581 5196 1842 5251 ἐναντίων

270 5277 527 5350 βπεράνω
553 5279 727 5348 ὅντες,
756 5284 970 5349 πενίας,
1001 5282 1237 5351 ἀδοξίας,
1265 5285 1451 5354 πόνου,
1474 5285 1730 5349 θανάτου.

338 5553 569 5625 Ζήνων.
617 5580 691 5597 -—
745 5556 789 5611 Ο
823 5555 984 5620 αὐτὸς
1028 5556 1159 5630 ἔφη,
1217 5558 1291 5632 μὴ
1338 5559 1449 5614 δεῖν
1478 5560 1660 5632 ζητεῖν
1711 5560 1837 5625 τοὺς

1932 1775 2047 1814 non
2085 1759 2183 1828 qui
2252 1772 2322 1812 ex
2381 1756 2633 1811 honestis
2670 1755 2977 1825 probisque
3024 1755 3350 1824 parentibus
3394 1753 3506 1839 orti

1932 1860 2085 1917 sunt,
2110 1848 2207 1905 sed
2238 1848 2336 1919 qui
2372 1848 2637 1903 honestos
2662 1845 2984 1916 probosque
3018 1859 3202 1900 mores
3235 1845 3504 1915 proﬁtem-

1936 1951 2049 1997 tur.

2005 2031 2296 2104 Thespidis.
2351 2031 2705 2102 -—-Majorum
2730 2029 3021 2086 nobilitate
3068 2043 3233 2086 nemo
3277 2029 3533 2103 gloriari‘

1933 2124 2120 2181 debet.
2159 2122 2389 2180 Cunctis
2421 2124 2570 2179 enim
2598 2123 2818 2194 generis
2846 2124 3003 2193 origo
3036 2123 3216 2178 lutum
3241 2132 3347 2190 est,
3387 2132 3504 2178 tum

1934 2214 2025 2282 iis,
2061 2214 2156 2286 qui
2186 2215 2242 2269 in
2267 2230 2513 2285 purpura
2535 2223 2591 2268 et
2617 2215 2781 2286 b‘ysso
2826 2216 3172 2282 nutriuntur,
3194 2212 3359 2287 676
3386 2224 3505 2270 tum

1933 2307 2028 2378 qui
2060 2306 2117 2361 in
2142 2305 2410 2362 altissima
2449 2314 2777 2376 paupertate
2807 2307 3117 2362 tabescunt.

2605 2416 2843 2474 Scleriw.

1937 2530 2115 2585 Multis
2138 2528 2447 2585 mortalium
2482 2530 2715 2599 ingenua
2743 2530 2942 2599 facies;
2974 2538 2979 2541 ’

1932 2599 2037 2656 Sub
2068 2617 2132 2655 ea
2160 2617 2281 2655 vero
2312 2617 2457 2654 mens
2484 2598 2762 2655 illiberalis
2798 2600 3079 2670 obtegitur.

2005 2712 2300 2769 Sostratus.
2322 2745 2392 2757 -—
2429 2713 2714 2769 Sostratus
2740 2711 2962 2777 tibicen,
2987 2727 3113 2768 cum
3148 2714 3370 2784 quidam
3400 2710 3503 2771 ob‘

1926 2806 2182 2877 jectaret,
2233 2805 2381 2876 quod
2432 2821 2497 2861 ex
2529 2804 2782 2860 obscuris
2830 2805 3155 2874 parentibus
3201 2817 3505 2877 prognatus

1933 2906 2081 2954 esset
2107 2915 2121 2952 :
2145 2897 2337 2967 Atqui,
2368 2896 2571 2967 inquit,
2596 2897 2669 2952 ob
2694 2898 2749 2952 id
2788 2897 2969 2966 ipsum
2998 2896 3163 2952 debui
3196 2898 3369 2969 magis
3388 2898 3505 2954 lau-

1852 3008 1899 3070 ο
1932 2987 2075 3055 dari,
2111 2987 2260 3058 quod
2293 3003 2325 3041 a
2362 3002 2450 3041 me
2475 2982 2649 3057 genus
2682 2986 2903 3040 initium
2938 2985 3178 3041 duxerit.

2004 3078 2413 3134 Phataridis.—
2433 3076 2735 3133 Nobilitate
2769 3076 2993 3148 generis
3033 3078 3502 3148 quemadmodum

1934 3169 2116 3240 aliqua
2144 3185 2203 3224 re
2233 3168 2343 3223 alia
2369 3169 2601 3225 honesta
2623 3169 2869 3239 gloriari,
2903 3184 3016 3224 non
3047 3168 3372 3226 indecorum
3397 3183 3505 3229 est.

1933 3260 2016 3316 Ad
2053 3276 2140 3315 me
2172 3261 2320 3331 quod
2355 3261 2574 3327 attinet,
2601 3261 3050 3328 unamvirtutem
3096 3262 3260 3329 novi;
3292 3264 3505 3335 reliqua

1934 3349 2434 3413 omniafortunam.
2466 3351 2676 3405 Etﬁeri
2707 3358 2911 3420 potest,
2938 3358 2998 3404 ut
3021 3350 3119 3420 qui
3146 3365 3216 3405 ex-
3238 3353 3507 3422 improbis

1935 3448 2041 3505 est,
2065 3440 2183 3509 ipse
2216 3440 2423 3509 probus
2444 3439 2696 3504 exsistat,
2723 3456 3025 3510 regumque
3044 3450 3101 3495 et
3124 3443 3370 3497 omnium
3402 3459 3512 3498 no--

1936 3531 2242 3587 bilissimus
2273 3530 2518 3601 fulgeat;
2549 3531 2645 3600 qui
2672 3539 2859 3586 autem
2880 3532 3071 3601 probis
3106 3542 3273 3587 natus
3299 3548 3504 3602 paren-

1938 3623 2088 3677 tibus
2144 3629 2251 3687 est,
2298 3621 2587 3692 improbus
2647 3621 2868 3688 audiat,
2928 3622 3156 3692 ipseque
3210 3623 3390 3694 seipso
3441 3639 3509 3679 ac

1937 3712 2150 3767 cunctis
2177 3710 2562 3782 abjectissimis
2592 3712 2891 3782 ignobilior
2921 3712 3165 3768 sordeat.
3196 3712 3375 3781 Quare
3391 3715 3508 3769 lau-

1937 3803 2062 3860 dem
2114 3802 2284 3858 animi
2333 3802 2569 3873 gloriose
2597 3801 2767 3871 iaeta,
2815 3817 2927 3857 non
2969 3802 3028 3856 in
3078 3803 3505 3861 obscurioribds

1936 3895 2177 3965 posteris
2199 3895 2529 3950 exstinctam
2556 3897 2834 3967 majorum
2864 3894 3232 3950 nobilitatem.

2008 3988 2112 4055 Qui
2146 4004 2215 4044 ex
2238 3988 2442 4043 virtute
2501 3996 2667 4042 natus
2708 3995 2812 4051 est,
2848 3986 2895 4041 is
2952 4000 3254 4056 generosus
3294 3985 3506 4059 eﬂingi-

1941 4088 2051 4134 tur.

2008 4167 2672 4238 Demostb.-—Optimum
2723 4167 2971 4222 triticum
3012 4182 3123 4222 non
3177 4183 3245 4223 ex
3297 4170 3509 4240 optimo

1941 4276 2072 4332 agro
2113 4262 2476 4324 aestimamus,
2507 4258 2604 4314 sed
2636 4275 2706 4314 ex
2729 4273 2796 4313 eo
2827 4257 2975 4328 quod
3004 4258 3189 4313 cibum
3238 4261 3509 4329 optimum

1940 4352 2186 4423 praebeat
2220 4368 2234 4405 :
2270 4366 2376 4406 nec
2412 4349 2597 4405 virum
2622 4349 2833 4404 bonum
2858 4358 2956 4403 aut
2995 4350 3234 4405 amicum
3263 4350 3508 4407 benevo-

1937 4443 2077 4509 lum,
2097 4442 2194 4513 qui
2222 4457 2294 4498 ex
2357 4441 2564 4497 illustri
2596 4450 2900 4512 prognatus
2932 4456 3133 4513 genere
3157 4441 3250 4507 sit,
3281 4442 3377 4498 sed
3410 4444 3509 4513 qui

1938 4536 2163 4607 Optimis
2193 4535 2444 4591 moribus
2472 4535 2590 4606 ipse
2618 4535 2815 4591 niteat.

2007 4646 2268 4718 lngenuis
2301 4646 2601 4717 probisque
2623 4648 2859 4702 maxime
2888 4646 3185 4713 incumbit,
3208 4654 3272 4703 ut
3293 4647 3350 4702 in
3369 4647 3511 4704 facie

1938 4737 2218 4804 decorem,
2246 4738 2305 4793 in
2329 4739 2516 4795 animo
2549 4738 2908 4795 sobrietatem
2944 4748 3002 4795 et
3049 4740 3424 4810 prudentiam,
3451 4740 3511 4797 in
3546 4746 3549 4749 ’

1937 4830 2210 4886 ambobus
2267 4830 2679 4898 fortitudinem,
2733 4832 2791 4886 in
2831 4846 3089 4888 sermone
3136 4832 3369 4903 gratiam
3411 4832 3510 4887 bau-

1937 4920 2126 4977 beant.
3053 4981 3057 4985 ,
3544 4994 3549 4999 ‘

2006 5011 2283 5084 Diogenes.
2310 5038 2340 5057 ο
2373 5011 2666 5085 Diogenes,
2696 5012 2937 5084 quodam
2957 5029 3027 5069 ex
3051 5013 3150 5069 illo
3171 5014 3507 5083 sciscitante,

1936 5101 2171 5170 Quinam
2224 5103 2513 5159 hominum
2579 5104 2915 5161 nobilissimi
2956 5114 3147 5164 essent
3185 5123 3510 5180 summeque

1938 5195 2212 5268 ingenui:
2250 5195 2314 5259 Ii,
2355 5196 2557 5267 inquit,
2609 5197 2706 5267 qui
2738 5198 2981 5265 divitias,
3026 5200 3294 5270 gloriam,
3347 5202 3511 5257 volu-

1938 5296 2168 5359 ptatem,
2203 5289 2373 5344 vitam
2399 5296 2764 5345 contemnunt
2786 5307 2833 5358 ς·
2853 5299 3020 5362 atque
3053 5291 3142 5348 bis
3187 5293 3507 5359 contrariis,

1938 5389 2284 5451 paupertate,
2308 5389 2667 5455 contemptu,
2698 5383 2912 5451 labore,
2965 5393 3142 5440 morte
3191 5384 3512 5462 superiores

1941 5470 2234 5530 exsistunt.
2272 5483 2277 5487 ’

2013 5559 2339 5619 Zenon.-—ls
2374 5562 2595 5620 dicebat
2623 5581 2637 5619 :
2677 5561 3048 5631 Quaerendum
3075 5581 3186 5624 non
3208 5564 3509 5632 esse,sint-
3608 5616 3613 5619 _
