4008 6194
291 223 392 288 937

994 334 1139 384 Θεολ
1149 370 1162 384 .

348 431 550 493 Γέλως
582 427 839 495 γέλωτος
864 418 936 495 εὖ
975 423 1307 495 φρονοῦσιν
1330 422 1504 495 ᾀξιος
1524 464 1540 486 ,

352 491 631 553 Μάλιστα
660 495 777 563 μὲν
805 492 922 558 πᾶς
949 531 963 554 ,
982 491 1292 563 τὸᾉπλέον-
1390 494 1438 563 ’ό
1472 491 1774 558 πορνικός.

351 567 556 632 Γέλως
589 559 862 629 ἄτακτος,
887 561 1172 630 συλλέγει
1203 561 1299 614 καὶ
1328 559 1609 629 δάκρυον.

352 698 596 761 Γέλωτος
631 697 802 768 θυμὸς
847 689 1072 766 ἔμῷρων
1128 692 1570 766 προτιμώτερος*
1607 693 1857 763 αὐστηρᾷ

280 791 393 861 γὰρ
421 789 660 844 διαθέσει
688 785 1006 856 προσώπου,
1049 783 1413 856 κατορθοῦται
1447 784 1614 854 ψυχή.

347 882 418 934 Αἰ
459 880 557 950 μὲν
588 878 768 932 τοίνυν
807 877 918 931 τῶν
971 877 1151 946 σοφῶν
1181 876 1353 947 ψυχαὶ
1402 875 1855 946 σκυθρωπάζουσι

281 974 375 1026 καὶ
417 971 830 1025 συστέλλονται·
864 969 924 1022 αἰ
964 967 1021 1021 δὲ
1060 968 1169 1022 τῶν
1198 968 1448 1038 ἀφρόνων
1491 966 1854 1038 ἐπαιρόμεναι

279 1064 602 1135 διαχέονται.

345 1159 660 1224 Χρυσοστ.
687 1185 756 1194 —
782 1154 845 1206 Εἰ
872 1150 1050 1224 βούλει
1073 1148 1240 1216 δεῖξαι
1273 1150 1460 1219 σαφῶς
1485 1151 1639 1222 ἡμῖν,
1671 1149 1752 1202 ὅτι
1789 1149 1852 1202 ού

279 1249 490 1320 χαίρεις
523 1246 724 1316 αἰσχρά
773 1243 1162 1316 φθεγγόμενος,
1211 1243 1343 1315 μηδὲ
1377 1242 1597 1296 ἀκούειν
1632 1240 1848 1310 ἀνέχου.

277 1339 393 1395 Νῦν
423 1337 479 1390 δὲ
527 1337 658 1389 πότε
708 1336 915 1408 δυνήσῃ
956 1336 1084 1398 τοὺς
1143 1335 1281 1408 ὑπὲρ
1346 1336 1446 1404 τῆς
1498 1332 1852 1404 σωφροσύνης

283 1429 514 1501 ἱδρῶτας
555 1429 822 1496 ἐνεγκεῖν,
853 1424 994 1481 κατὰ
1050 1427 1247 1497 μικρὸν
1296 1425 1582 1497 ὑπορρέων
1621 1426 1723 1478 ὑπὸ
1756 1424 1850 1478 τοῦ

279 1522 538 1590 γέλωτος,
601 1519 697 1573 καὶ
745 1518 852 1572 τῶν
901 1517 1142 1588 αἰσχρῶν
1169 1517 1373 1572 τούτων
1409 1518 1703 1588 ρημάτων;
1755 1519 1851 1571 καὶ

280 1610 585 1680 ἀγαπητὸν,
643 1610 899 1664 ἁπάντων
947 1609 1153 1662 τούτων
1204 1607 1622 1678 καθαρεύουσαν
1669 1609 1848 1681 ψυχὴν

279 1700 573 1771 δυνηθῆναι
602 1699 855 1767 γενέσθαι
879 1700 1082 1770 σεμνὴν
1105 1697 1200 1752 καὶ
1233 1698 1508 1768 σώφρονα.

350 1793 424 1846 Οὐ
464 1791 546 1844 δεῖ
592 1790 933 1861 φιλογέλωτα
988 1786 1150 1842 εἶναι.
1192 1788 1386 1858 Σχεδὸν
1435 1787 1542 1859 γὰρ
1590 1787 1717 1842 ὅταν
1766 1807 1850 1852 τις

281 1880 603 1952 ὲφηδυνθείη
634 1880 710 1952 τῷ
746 1879 928 1951 πολλῷ
953 1879 1193 1950 ζγὲλωτι,
1241 1877 1466 1949 ἰσχυρὰν
1490 1877 1585 1932 καὶ
1615 1877 1847 1948 μεταϐο-

285 1973 384 2044 λὴν
409 1972 500 2025 τὸν
535 1971 795 2026 τοιοῦτον.

364 2153 465 2206 Ἐκ
513 2149 632 2205 τῶν
668 2148 1045 2218 Ἐπικτήτου.
1075 2177 1143 2190 —-
1181 2147 1266 2202 Τὰ
1307 2146 1475 2200 πολλὰ
1499 2143 1642 2198 δὲτὸ
1686 2143 1850 2214 γελᾷν

281 2243 501 2298 ἀπέστω
555 2240 650 2296 καὶ
693 2241 755 2294 τδ
801 2241 1012 2309 γέλωτα
1061 2241 1253 2294 κινεῖν.
1297 2235 1610 2308 Ὀλισθηρὸς
1679 2235 1786 2307 γὰρ
1823 2235 1851 2286 ὁ

279 2334 441 2396 τόπος
484 2333 564 2395 εἰς
603 2329 934 2400 ἰδιωτισμόν.

365 2421 425 2478 Ὀ
447 2423 619 2492 γέλως
668 2423 742 2492 μὴ
773 2421 940 2485 πολὺς
979 2420 1139 2483 ἔστω,
1173 2418 1308 2489 μηδὲ
1344 2417 1436 2471 ἐπὶ
1463 2416 1697 2479 πολλοῖς.
1729 2412 1850 2467 Δεί-

283 2531 438 2579 πνοις
465 2517 584 2578 τοῖς
614 2514 718 2578 ἔξω
749 2514 842 2566 καὶ
871 2514 1163 2576 ἰδιωτικοῖς
1189 2512 1250 2564 τὸ
1284 2511 1418 2564 πολὺ
1445 2508 1710 2573 ἀπόταξαι
1735 2525 1751 2541 ο
1786 2506 1853 2561 ἂν

285 2607 345 2660 δὲ
401 2607 626 2676 γένηται
676 2605 903 2676 καιρὸς,
953 2604 1252 2674 φυλάσσου.
1290 2602 1429 2655 Ἰσθι
1488 2603 1595 2672 γὰρ
1649 2602 1732 2654 ὅτι
1787 2599 1852 2653 ἂν

281 2699 464 2768 ἔτερος
546 2695 974 2767 μεμολυσμένος,
1002 2695 1096 2748 καὶ
1124 2694 1214 2748 τὸν
1251 2693 1438 2764 ἕτερον
1474 2689 1854 2763 ἐμπλησθῆναι

284 2789 495 2860 ἀνάγκη
506 2827 519 2840 .

367 2879 648 2948 Ἰσοκράτ.
678 2908 748 2920 —
779 2877 870 2949 Μὴ
925 2877 1078 2949 παρά
1131 2876 1316 2945 γέλοια
1365 2873 1669 2942 σπούδαζε,
1717 2873 1855 2944 μηδὲ

281 2970 432 3043 παρὰ
463 2971 533 3025 τά
563 2972 827 3024 σπουδαῖα
852 2972 966 3033 τοῖς
985 2968 1212 3037 γελοίοις
1249 2968 1427 3039 χαῖρε.
1461 2965 1534 3020 Τὸ
1564 2956 1853 3035 γὰρ’ἀκαι-

285 3078 395 3133 ρον,
427 3043 713 3131 πανταχοῦκ
727 3060 992 3131 λυπηρόν.

350 3151 722 3219 Μοσχίωνος.
763 3179 835 3191 --
870 3149 1040 3220 Γελᾷν
1068 3150 1097 3202 6
1123 3148 1292 3202 θέλων
1343 3148 1480 3221 μετᾶ
1541 3148 1848 3222 μειρακίου,

281 3241 510 3311 αἰσχρὰς
537 3239 724 3312 ὕϐρεις
743 3239 997 3311 κερδήσει
1047 3239 1140 3292 καὶ
1170 3238 1397 3310 μέμψιν.

351 3331 649 3396 Κάτωνος.
676 3359 748 3370 --
771 3331 833 3384 Οἱ
860 3328 1254 3393 σπουδάζοντες
1285 3330 1343 3382 ὲν
1372 3330 1486 3392 τοῖς
1513 3326 1763 3396 γελοίοις,
1794 3328 1852 3381 ὲν

279 3423 391 3485 τοῖς
419 3421 725 3484 σπουδαίοις
753 3420 990 3489 γίνονται
1024 3419 1442 3488 καταγέλαστοι.
1774 3448 1775 3451 η

356 3515 698 3582 Στρατόνικ.
734 3540 804 3551 -
829 3511 1183 3582 Στρατόνικος
1226 3512 1255 3563 6
1293 3509 1616 3581 κιθαριστὴς
1659 3509 1854 3563 θεασά-

286 3603 445 3672 μενός
497 3619 619 3655 τινα
652 3601 840 3672 ἀφυῶς
876 3600 1164 3667 τοξεύοντα
1186 3640 1202 3668 ,
1256 3599 1505 3654 ἀπελθὼν
1540 3600 1670 3670 ἔστη
1701 3598 1854 3670 παρὰ

281 3693 374 3746 τὸν
389 3695 606 3747 σκοπόν.
626 3694 1038 3764 Πυνθανομένου
1061 3692 1117 3746 δέ
1131 3709 1276 3757 τινος
1300 3693 1401 3762 τὴν
1419 3692 1618 3760 αἰτίαν,
1639 3692 1848 3758 Ὅπως,

282 3783 408 3855 εφη,
436 3784 510 3855 μὴ
537 3783 748 3854 πληγῶ·

844 3917 1065 3972 ΛΟΓΟΣ
1090 3917 1188 3970 ΞΕ¹
1220 3917 1282 3972 δ’.

802 4025 946 4094 Περὶ
1000 4025 1323 4080 ἐνυπνίων.

352 4158 537 4213 Maro.
601 4152 700 4215 κζ’.
740 4187 808 4199 -—
839 4156 1022 4228 Μηδὲν
1057 4155 1140 4210 σοὶ
1165 4157 1260 4210 καὶ
1292 4155 1370 4227 τῷ
1401 4156 1596 4229 δικαίῳ
1627 4125 1850 4229 ἐκείνῳσ

278 4245 451 4299 πολλὰ
507 4244 616 4317 γὰρ
642 4245 842 4301 ἔπαθον
872 4248 1108 4317 σήμερον
1134 4245 1261 4311 κατ’¹
1283 4245 1417 4318 ὄναρ
1455 4246 1522 4299 δι’
1557 4248 1738 4302 αὐτόν.

349 4337 534 4408 Πράξ.
576 4339 644 4393 θ’.
692 4368 762 4379 —
791 4334 901 4392 Ἦν
946 4339 1003 4393 δέ
1045 4357 1129 4404 τις
1172 4338 1420 4410 μαθητὴς
1454 4340 1512 4391 ὲν
1548 4337 1846 4411 Δαμασκῷ,
1881 4361 1926 4416 D

277 4429 502 4500 ὀνόματι
551 4429 817 4495 Ἀνανίας,
853 4429 947 4483 καὶ
978 4424 1101 4485 εἶπε
1132 4430 1270 4502 πρὸς
1309 4429 1472 4482 αὐτὸν
1501 4431 1528 4481 6
1560 4430 1762 4501 Κύριος
1791 4433 1848 4486 ὲν

276 4520 556 4592 ὁράματι·
602 4520 840 4574 Ἀνανία.
889 4521 948 4572 '0
986 4521 1043 4573 δὲ
1075 4516 1250 4574 εἶπενο
1276 4520 1432 4588 ,Ἰδοὺ
1481 4519 1614 4588 ἐγὼ,
1651 4520 1845 4592 Κύριε.

288 4611 352 4666 Ὃ
381 4614 438 4666 δὲ
481 4612 684 4683 Κύριος
711 4611 849 4683 πρὸς
890 4611 1072 4666 αύτόν⁶
1119 4610 1381 4675 Ἀναστὰς
1408 4611 1706 4682 πορεύθητι
1757 4613 1850 4666 ἐπὶ

276 4704 378 4774 τὴν
409 4704 588 4775 ῥύμην
623 4703 722 4775 τὴν
748 4703 1089 4774 καλουμένην
1114 4701 1364 4769 Εὐθεῖαν,
1403 4703 1496 4755 καὶ
1525 4703 1760 4772 ζήτησον
1793 4704 1851 4756 ὲν

277 4794 425 4866 οἰκίᾳ
501 4794 692 4862 Ἰούδα,
759 4793 964 4847 Σαῦλον
1004 4796 1231 4865 ὀνόματι
1279 4793 1519 4865 Ταρσέα.
1566 4793 1696 4846 Ἰδοὺ
1743 4793 1852 4865 γὰρ

278 4882 664 4954 προσεύχεται,
698 4884 794 4936 καὶ
832 4879 973 4938 εἶδεν
1024 4885 1083 4938 ὲν
1123 4885 1362 4956 ὁράματι
1409 4884 1577 4954 ἄνδρα
1627 4883 1853 4952 ὀνόματι

292 4975 546 5029 Ἀνανίαν
575 4974 906 5041 εἰσελθόντα,
953 4974 1048 5030 καὶ
1073 4975 1331 5029 ἐπιθέντα
1355 4974 1504 5047 αὐτῷ
1532 4975 1633 5040 τάς
1663 4979 1848 5049 χεῖρας

275 5066 425 5128 ὅπως
459 5064 756 5135 ἀναϐλέψῃ.

348 5160 564 5225 Σολομ.
597 5155 709 5211 λδ’.
739 5156 1108 5226 Παραγενεται
1143 5157 1395 5214 ἐνύπνιον
1425 5159 1484 5212 ὲν
1511 5158 1704 5230 πλήθει
1727 5175 1849 5212 πει-

277 5245 518 5317 ρασμοῦ.

349 5336 530 5407 Σιρὰχ
561 5331 746 5390 λδκ-
766 5337 855 5401 Ὠς
880 5338 909 5390 6
939 5338 1302 5410 δρασσόμενος
1339 5341 1496 5404 σκιᾶς
1522 5341 1613 5397 καὶ
1640 5340 1851 5398 διώκων

275 5427 532 5499 ἀνέμους,
568 5426 740 5492 οὕτως
778 5430 806 5481 6
840 5428 1124 5500 προσέχων
1164 5431 1459 5497 ἐνυπνίοις.

330 5607 394 5696 ,δι
423 5606 482 5661 lu
508 5605 675 5695 Ecsn.
705 5607 858 5665 Slob.
891 5610 1001 5682 90.,

1587 219 1757 280 LOCI
1795 220 1834 278 Γ
1831 218 2112 280 .OMMUN
2118 221 2226 279 ES.

3427 225 3530 289 ωε

2577 343 2584 349 '
2628 335 2889 405 Tlteologi.

1960 467 1965 472 .
2036 424 2186 478 Risus
2212 425 2338 477 bene
2360 425 2506 478 sauia
2539 426 2671 478 risui
2699 425 2954 488 habetur;

2034 493 2183 546 Risus
2212 495 2422 562 quidem
2459 496 2649 553 omnis,
2681 496 2910 546 maxime
2932 495 3276 548 meretricius.

2032 562 2184 616 Risus
2209 564 2540 629 immodicus,
2561 565 2722 616 etiam
2751 565 2932 633 ﬂetum
2963 565 3125 634 parit.

2032 697 2116 751 lra
2140 696 2384 778 prudens
2424 697 2541 752 risu
2596 698 2821 766 potior;
2870 705 3094 752 austera
3142 697 3290 752 enim
3340 698 3530 752 vultus

1961 788 2367 856 compositione
2391 789 2609 843 animus
2635 790 2739 842 rite
2767 789 3137 858 componitur.

2033 878 2380 948 Sapientium
2411 879 2607 933 animae
2639 888 2850 934 incestae
2876 879 3142 934 incedunt
3169 895 3236 934 ac
3260 879 3530 934 modestia

1960 976 2424 1036 componuntur;
2507 968 2803 1023 stultorum
2864 984 2998 1032 vero
3053 984 3172 1025 sese
3237 970 3534 1024 eﬂercntcs

1960 1052 2242 1106 dimuunt.

2030 1143 2216 1216 Chrys.
2240 1176 2304 1186 —
2332 1143 2389 1200 Si
2418 1146 2566 1200 clare
2599 1145 2760 1200 nobis
2784 1147 3018 1216 probare
3043 1149 3147 1212 vis,
3192 1157 3246 1203 te
3277 1164 3384 1203 non
3432 1147 3532 1204 dc-

1957 1235 2148 1290 lectari
2169 1236 2334 1306 678
2358 1236 2700 1291 obscenitate
2732 1237 3052 1300 verborum,
3082 1253 3150 1291 ne
3185 1239 3377 1292 audire
3406 1240 3532 1307 qui-

1959 1325 2083 1381 dem
2113 1327 2412 1382 sustineas.
2444 1325 2602 1381 Nunc
2633 1343 2765 1382 vero
2791 1327 3012 1396 quando
3052 1328 3274 1382 labores
3298 1329 3529 1382 caslita-

1960 1418 2031 1472 tis
2055 1433 2223 1473 causa
2275 1418 2631 1472 desudandos
2677 1419 2827 1473 ferre
2877 1420 3110 1488 poteris,
3148 1419 3244 1488 qui
3293 1419 3530 1473 subinde

1957 1509 2076 1563 risu
2106 1509 2406 1578 verbisque
2436 1509 2776 1580 eiuscemodi
2819 1508 3076 1564 obscenis
3097 1509 3348 1563 dimuas?
3379 1510 3526 1566 Bene

1955 1615 2199 1670 namque
2255 1608 2450 1671 agatur
2482 1616 2853 1671 magnumque
2884 1601 2979 1664 sit,
3007 1609 3071 1654 ut
3123 1601 3211 1656 bis
3268 1602 3530 1657 omnibus

1879 1691 1924 1746 B
1954 1691 2197 1757 mundus
2221 1692 2464 1757 animus,
2492 1692 2763 1747 honestus
2789 1707 2853 1746 ac
2882 1701 3069 1746 castus
3101 1691 3239 1746 elllci
3274 1692 3466 1762 possit.

2021 1783 2346 1838 Cavendum
2372 1799 2441 1838 ne
2474 1785 2624 1838 risus
2651 1791 2901 1838 amantes
2929 1783 3132 1853 illoque
3158 1783 3532 1854 indulgentio.

1957 1890 2046 1930 res
2076 1874 2272 1928 simus.
2306 1874 2398 1929 Sic
2434 1875 2582 1929 enim
2612 1875 2728 1928 fere
2769 1883 3166 1946 comparatum,
3219 1881 3279 1927 ut
3308 1875 3403 1944 qui
3437 1879 3532 1928 vc-

1950 1964 2292 2020 hementiori
2323 1965 2436 2019 risu
2483 1964 2820 2031 delectatur,
2869 1965 3273 2020 vehementiori
3309 1980 3529 2035 quoque

1951 2057 2227 2114 obnoxius
2262 2057 2556 2113 mutationi
2582 2057 2871 2112 reddatur.

2019 2149 2105 2203 Ex
2128 2150 2357 2221 Epictet.
2385 2149 3086 2218 sententiis.—Plerumque
3114 2147 3347 2204 facessat
3364 2150 3527 2214 risus,

1950 2251 2054 2292 nec
2081 2237 2240 2292 facile
2270 2237 2445 2291 risum
2476 2251 2701 2290 movere
2745 2237 2905 2292 velis.
2959 2237 3057 2291 Est
3105 2237 3251 2290 enim
3277 2237 3532 2292 lubricus

1951 2327 2133 2393 locus,
2167 2337 2228 2382 ut
2255 2328 2323 2382 ad
2353 2329 2610 2398 vulgares
2640 2327 2880 2396 ineptias
2903 2328 3123 2381 animus
3153 2335 3422 2382 vertatur.
3531 2381 3534 2385 .

2022 2419 2157 2474 Risu
2182 2419 2495 2488 profusiore
2519 2434 2589 2473 ne
2622 2419 2816 2483 utitor,
2842 2433 2946 2473 nec
2972 2419 3288 2489 promiscuo
3319 2434 3383 2474 ac
3404 2434 3529 2474 cum

1953 2509 2102 2579 vulgi
2166 2509 2510 2565 hominibus.
2562 2510 2762 2566 Cumas
2817 2520 3109 2565 extraneas
3142 2525 3208 2564 ac
3271 2511 3531 2582 vulgares

1953 2600 2069 2656 fere
2105 2616 2348 2672 respue;
2380 2603 2466 2657 sin
2514 2611 2698 2657 tamen
2755 2602 2824 2657 iis
2865 2603 3136 2658 interesse
3162 2602 3380 2658 occasio
3411 2602 3543 2658 fue-

1955 2691 2051 2756 rit,
2088 2691 2208 2761 ipsc
2261 2702 2459 2747 cautus
2503 2701 2648 2748 esto.
2704 2691 2855 2747 Scito
2877 2693 3049 2757 enim,
3107 2693 3256 2763 quod
3311 2693 3358 2748 si
3391 2693 3536 2749 alter

1954 2779 2124 2836 fuerit
2148 2783 2418 2851 pollutus,
2438 2782 2676 2838 alterum
2697 2799 2921 2853 quoque
2943 2783 3161 2853 impleri
3179 2797 3407 2850 necesse
3425 2793 3529 2839 est.

2009 2870 2252 2943 [δουναι.
2276 2872 2484 2927 -ΝοΙί
2512 2873 2692 2928 serius
2721 2888 2843 2928 esse
2871 2872 2928 2926 in
2956 2873 3128 2928 rebus
3147 2872 3375 2943 jocosis,
3429 2889 3534 2928 nec

1960 2961 2108 3017 inter
2152 2960 2300 3018 aeria
2362 2963 2618 3020 ridiculis
2663 2964 2864 3034 gaude.
2917 2964 3054 3020 Nam
3081 2964 3236 3034 quod
3263 2964 3533 3035 intempea

1877 3026 1928 3090 ο
1959 3052 2164 3108 stivum
2194 3062 2303 3118 est,
2335 3054 2546 3124 ubique
2567 3026 2864 3110 molestum
2897 3065 3004 3112 est.

2025 3144 2355 3200 Moschianis.
2379 3177 2451 3187 -
2489 3145 2595 3214 Qui
2640 3163 2764 3205 cum
2799 3148 3152 3204 adolescente
3177 3149 3362 3205 ridere
3391 3150 3532 3217 vult,

1955 3243 2145 3306 turpes
2173 3239 2540 3295 contumelias
2565 3240 3018 3314 vituperiumque
3049 3239 3380 3299 lucrabitur.

2024 3326 2569 3384 Catonis.——Aiebat
2622 3331 2756 3386 Cato
2793 3350 2806 3385 :
2849 3333 2950 3398 Qui
3010 3333 3067 3386 in
3116 3332 3368 3387 ridiculis
3399 3335 3532 3387 serii

1952 3416 2085 3482 sint,
2127 3419 2182 3472 in
2215 3419 2384 3474 rebus
2417 3422 2581 3476 seriis
2609 3421 2730 3478 ﬁeri
2759 3423 3044 3478 ridiculos.

2022 3505 2773 3566 Stratonic.—Stratonicus
2821 3511 3185 3578 citharmdus,
3235 3513 3356 3568 viso
3393 3528 3532 3582 quo-

1953 3595 2078 3652 dam
2104 3597 2360 3668 imperite
2384 3600 2689 3670 jaculante,
2750 3602 2820 3656 ad
2875 3603 3056 3671 ipsum
3106 3617 3334 3663 scopum
3368 3619 3533 3657 acce4

1953 3685 2113 3754 dens,
2170 3689 2349 3744 stetit.
2391 3689 2623 3747 Causam
2683 3693 2899 3764 roganti
2954 3692 3196 3760 cuidam,
3229 3694 3308 3750 Ne
3337 3693 3529 3760 feriar,

1955 3779 2050 3833 ait.

2525 3918 2754 3975 SERMO
2779 3918 2942 3977 LXV.

2567 4029 2646 4085 De
2664 4034 2904 4088 somniis.

2020 4162 2215 4216 Matth.
2241 4177 2410 4228 xxv",
2440 4159 2601 4216 i9.—
2621 4163 2773 4218 Nihil
2802 4163 2924 4231 tibi,
2942 4171 2999 4219 et
3022 4163 3179 4220 Justo
3205 4164 3283 4219 illi
3309 4181 3323 4220 :
3347 4167 3524 4223 multa

1967 4254 2114 4310 enim
2142 4238 2302 4324 passa
2330 4269 2453 4307 sum
2475 4253 2644 4308 hodie
2670 4269 2771 4324 per
2802 4255 2982 4310 visum
3015 4264 3243 4325 propter
3273 4272 3422 4312 eum.

1983 4343 2247 4424 'Acth,
2280 4341 2369 4396 10.
2405 4372 2475 4382 —
2522 4342 2654 4396 Erat
2718 4351 2902 4397 autem
2951 4344 3174 4412 quidam
3223 4344 3537 4414 discipulus

1961 4434 2236 4500 Damasci,
2264 4433 2489 4488 nomine
2511 4432 2784 4500 Ananias;
2818 4441 2874 4487 et
2896 4433 3036 4488 dixit
3066 4435 3145 4488 illi
3175 4435 3438 4490 Dominus
3471 4438 3533 4490 in

1956 4525 2083 4580 visu
2115 4542 2128 4578 :
2162 4523 2398 4579 Anania.
2434 4524 2504 4578 At
2540 4523 2632 4578 ille
2669 4525 2786 4579 ait:
2841 4524 2983 4580 Ecce
3023 4539 3146 4595 ego,
3186 4525 3435 4580 Domine.
3463 4527 3532 4580 Et

1958 4617 2227 4672 Dominus
2259 4617 2330 4671 ad
2366 4632 2493 4670 eum
2522 4634 2536 4670 :
2593 4616 2788 4687 Surge,
2820 4625 2878 4671 et
2922 4617 3061 4672 vade
3101 4617 3155 4670 in
3198 4616 3402 4680 vicum,
3431 4618 3530 4685 qui

1959 4718 2192 4764 vocatur
2220 4709 2462 4776 Rectus;
2515 4716 2575 4764 et
2605 4723 2790 4780 quaere
2816 4709 2876 4763 in
2907 4709 3074 4764 domo
3096 4709 3270 4772 Juda,
3299 4708 3528 4763 Saulum

1954 4799 2182 4854 nomine
2204 4799 2567 4881 Tarsensem:
2605 4814 2736 4854 ecce
2763 4799 2910 4855 enim
2935 4808 3077 4854 orat.
3103 4799 3171 4852 Et
3192 4798 3525 4856 viditvirum

1955 4889 2227 4946 Ananiam
2259 4890 2487 4945 nomine
2516 4890 2915 4956 introeuntem,
2941 4900 2998 4946 et
3027 4891 3400 4958 imponentem
3419 4889 3529 4944 sibi

1957 4997 2175 5047 manus,
2211 4991 2273 5036 ut
2309 4983 2489 5036 visum
2518 4980 2770 5052 recipiat.
2839 4995 2843 5000 '

2027 5159 2194 5213 Eccli.
2221 5173 2407 5224 xxxrv,
2435 5153 2496 5212 1.
2516 5187 2587 5197 -
2611 5156 2773 5213 Venit
2800 5156 3140 5212 insomnium
3189 5159 3244 5212 in
3268 5159 3527 5215 multitua

1957 5251 2087 5306 dine
2121 5250 2459 5307 tentationis.

1985 5340 2149 5409 679
2165 5337 2514 5406 mai-3"”:
2539 5340 2595 5394 3-
2614 5367 2680 5380 -’
2700 5338 2870 5406 QuaSi
2892 5341 2995 5410 qui
3014 5343 3378 5412 apprehendit
3402 5361 3528 5399 uma

1957 5433 2114 5488 bram
2132 5443 2187 5488 et
2200 5431 2552 5504 persequitur
2562 5433 2898 5500 ventum,sic
2917 5433 3013 5504 qui
3027 5435 3258 5490 attendit
3273 5437 3525 5496 somniis.
