3956 6212
433 208 536 270 m
1603 208 1663 268 s.
1706 198 1990 265 MAXIMI
2029 184 2532 261 cournssoms
2704 203 2709 208 ·
3562 176 3714 257 loco

509 313 720 368 Basilii.
753 346 794 355 -
851 315 1182 383 Plerumque
1212 315 1360 368 enim
1384 325 1679 371 'nocturna
1722 318 1777 370 in
1807 314 2016 371 somnis
2046 321 2071 373 Δ

2193 309 2535 363 Βασιλειόυ.
2566 334 2636 346 -
2676 305 2763 368 Ὠς
2797 305 2904 373 γάρ
2937 301 3026 354 ἐπὶ
3058 301 3213 367 πολὺ,
3267 301 3336 354 τά
3370 300 3489 354 καθ’
3525 303 3709 356 ’ὕπνον

440 409 580 472 visa,
645 406 863 460 residua
921 405 1168 466 qutiedam
1231 415 1361 462 sunt
1422 407 1750 462 diurnarum
1806 407 2002 480 cogita-

2147 400 2501 468 ›αντάσματα,
2538 395 2645 448 τῶν
2704 390 3088 464 μεθημερινῶν
3135 390 3356 445 ἐννοιῶν
3409 393 3550 444 εἰσιν
3596 393 3709 446 ἁπ-

445 501 675 553 ιίοιιιιιη.
1810 496 1812 499 ’
2118 491 2224 562 ηχή
2235 506 2398 560 ματα·

513 590 704 643 Solent
729 587 877 639 enim
914 587 1050 651 fere,
1078 603 1201 657 quae
1236 590 1292 643 in
1338 589 1549 644 somnis
1573 589 1836 645 accidunt
1875 589 2016 653 visa,

2192 581 2476 650 Πεφύκασι
2500 578 2607 649 γάρ
2635 594 2749 640 πως
2789 578 2842 629 αἱ
2880 575 3005 630 καθ’
3061 574 3230 628 ὕπνον
3269 574 3584 643 φαντασίαι,
3627 573 3707 637 ὡς

443 681 765 733 diurnarum
801 695 1058 732 curarum
1091 680 1339 749 quaedam
1369 681 1664 735 simulacra
1699 697 1841 735 esse.
1873 679 2005 746 Qua-

2146 676 2191 729 τὰ
2215 672 2408 736 πολλὰ,
2441 671 2783 741 ἀπηχήματα
2814 668 2956 725 εἶναι
2986 668 3095 721 τῶν
3133 666 3516 738 μεθημερινῶν
3544 683 3708 736 φρονσ

444 771 515 825 lia
545 771 691 823 enim
720 780 848 824 sunt
878 781 1068 824 nostra
1115 771 1170 824 in
1229 771 1340 825 vita
1374 772 1580 836 studia,
1611 772 1740 826 talia
1792 784 2006 826 necessr

2144 767 2303 820 ςξδων.
2362 764 2554 816 Ὀποῑα
2604 762 2713 830 γὰρ
2759 759 2826 814 ἂν
2951 760 3019 813 τά
3069 759 3210 813 κατά
3236 759 3327 812 τὸν
3381 759 3493 829 βίον
3543 758 3706 828 ἡμῶν

442 871 668 916 estesse
694 871 750 914 et
787 861 1085 914 insomnia.

2138 855 2556 926 ἐπιτηδεύματα,
2574 853 2802 906 τοιαῦτα
2827 851 3040 923 ἀνάγκη
3069 846 3324 904 εἶναικαὶ
3354 850 3420 904 τά
3447 850 3700 903 ἐνύπνια.

515 948 826 1018 Assutnptis
851 956 1056 1016 noctes.
1069 947 1287 1002 diurnis
1312 947 1484 1013 curis,
1517 963 1614 1018 per
1643 963 1834 1003 earum
1871 960 2028 1016 spec-

2198 951 2263 1002 Al.
2297 948 2490 1010 νύκτες
2533 947 2630 1005 τὰς
2690 944 3062 1015 μεθημερινὰς
3119 943 3406 1013 φροντίδας
3453 943 3699 1012 παραλαο

444 1041 543 1095 tati
574 1055 638 1094 ac
668 1040 784 1094 visa
804 1040 975 1094 menti
1012 1039 1270 1093 iiludunt.
1573 1095 1580 1102 ,

2137 1041 2340 1106 Βοῦσαι,
2394 1041 2451 1092 ἐν
2478 1040 2600 1101 ταῖς
2644 1036 2823 1090 αὐτῶν
2873 1035 3197 1104 φαντασίαις
3253 1031 3567 1100 ἐξαπατῶσι
3613 1033 3699 1086 τὸν.

2130 1149 2275 1184 νουν.

518 1214 673 1281 Quod
715 1215 840 1283 quis
881 1214 937 1267 in
992 1216 1221 1281 somnis,
1267 1230 1504 1286 quorum
1551 1213 1830 1269 desiderio
1875 1221 2032 1268 tene-

2203 1225 2276 1277 Τὸ
2307 1225 2425 1277 κατ’
2453 1223 2584 1295 ὄναρ
2618 1223 2745 1276 [δεῖν
2771 1221 2840 1276 τά
2862 1219 3192 1290 ποθούμενα,
3221 1219 3377 1290 φέρει
3412 1223 3526 1282 τοῖς
3563 1220 3703 1286 ἀγα-

450 1321 562 1371 tur,
589 1309 790 1363 videat.
829 1308 1034 1361 amoris
1084 1307 1345 1362 solatium
1370 1306 1607 1361 exsistit.

1116 1307 1345 1360 olatium
1370 1306 1607 1361 exsistit.
2138 1315 2284 1369 σπῶσι
2307 1315 2678 1386 παραμυθίαν.

520 1398 740 1453 Ebriosi
775 1398 1027 1452 homines
1049 1413 1114 1452 ac
1147 1397 1346 1468 gulosi,
1371 1411 1553 1466 neque
1590 1395 1888 1467 genuinum
1917 1394 2033 1448 sin-

2205 1407 2268 1460 Οἱ
2303 1405 2445 1478 μέθῃ
2491 1407 2583 1458 καὶ
2611 1405 2885 1477 άδηφαγίᾳ
2927 1402 3332 1470 δεδουλωμένοι,
3373 1401 3496 1455 οὕτε
3545 1399 3703 1453 ὕπνον

450 1505 752 1558 carumque
792 1504 1046 1543 somnum
1092 1490 1338 1560 capiunt,
1381 1504 1486 1545 nec
1517 1488 1585 1542 ab
1639 1487 2012 1542 insomniorun

2177 1493 2413 1564 ἱροῦνται
2475 1496 2696 1566 γνήσιον
2762 1495 2859 1548 καὶ
2899 1493 3194 1565 εἰλικρινῆ,
3257 1493 3379 1546 οὔτε
3418 1491 3734 1562 ὀνειράτων,

451 1580 759 1635 terroribus
793 1580 1066 1634 immunes
1103 1580 1400 1634 exsistunt.

1298 1587 1400 1633 Int.
2136 1589 2566 1644 ἀπαλλάττονται
2593 1588 2860 1660 φοϐερῶν.

1113 1695 1378 1766 Theologi.
2065 1677 2110 1735 Β

2065 1677 2110 1735 Β
2757 1701 3073 1769 Θεολόγου.

523 1786 601 1863 Ife
629 1788 952 1863 somniorum
987 1787 1201 1863 ludicris
1235 1790 1531 1863 adltwreas,
1639 1857 1650 1863 _

2241 1791 2338 1862 Μὴ
2371 1793 2584 1863 σφόδρ’
2610 1793 2859 1847 ἕπεσθαι
2886 1792 3180 1863 παιγνίοις
3217 1791 3543 1858 ἐνυπνίων,

525 1856 629 1932 Nec
663 1856 816 1932 facile
841 1862 1188 1932 consternaris
1214 1860 1394 1932 animo
1417 1859 1492 1932 ad,
1508 1857 1720 1920 omnia;

2242 1856 2389 1931 Μὴδ’
2415 1856 2755 1932 ἓύεἱτόητον
2776 1867 2864 1929 εὶς
2883 1856 3094 1916 ᾶπάνΐ
3110 1856 3273 1932 ἔχειν
3300 1863 3508 1930 φρένα,

525 1926 632 2002 Illac
659 1930 767 2002 uisa
798 1936 848 1979 te
880 1929 1070 2002 tollant
1091 1945 1206 2002 quae
1236 1929 1361 2002 bene
1390 1929 1626 2002 antinata
1657 1935 1798 2002 sunt.

2250 1926 2418 2000 Μὴδὲ
2451 1926 2669 2001 πτεροῦ
2687 1952 2789 2002 μοι
2817 1926 3036 1998 δεξιοῖς
3063 1926 3450 2002 φαὶὲτάσὶιάσι
3475 1947 3490 1962 ·

530 1995 817 2072 Quod/two
852 1999 983 2072 mali
1010 1995 1216 2072 insidia:
1248 2000 1356 2066 fere
1390 2000 1495 2052 sint
1525 1997 1798 2052 dwmonis.

2244 1995 2440 2072 Λόχος
2463 1995 2590 2058 τάδ’
2612 1995 2743 2057 ἐστὶ
2776 1995 3080 2067 πολᾷἀκὶςῖ
3097 2002 3202 2056 τοῦ
3223 1995 3590 2070 δυσμενοῦς.

528 2066 692 2142 §tulti
710 2068 985 2142 insomniis
1005 2069 1219 2122 ditiores
1246 2076 1390 2142 sunt,
1446 2138 1473 2142 __
1517 2139 1525 2142 Δ
1560 2139 1568 2142 _

2243 2066 2590 2142 Πλῦυτοῦσι
2612 2073 2792 2142 μωροὶ
2820 2073 2942 2138 τοῖς
2968 2066 3235 2139 ὀνείρασι
3267 2066 3478 2142 πλέον,

532 2135 706 2202 Quam
733 2139 823 2207 qui
850 2139 1097 2209 abyssum
1124 2139 1389 2209 possident
1421 2138 1751 2193 divitiarum.

2253 2138 2329 2197 ’Ἦ
2358 2135 2678 2213 χρημάτων
2695 2135 2986 2197 ’ἄϐυσσον
3014 2146 3067 2196 ol
3089 2135 3463 2212 κεκτημένοι.

533 2249 799 2321 Chrysost.
833 2281 904 2291 —
942 2251 1185 2306 Somniis
1223 2251 1477 2317 credens,
1516 2252 1584 2307 ad
1634 2252 1820 2308 omnia
1879 2251 2040 2323 inepa

2211 2257 2521 2325 Χρυσοστ.
2558 2285 2628 2294 --
2661 2253 2720 2309 '0
2747 2258 2860 2320 τοῖς
2888 2255 3114 2327 ὀνείροις
3135 2256 3442 2327 προσέχων,
3470 2257 3554 2319 εἰς
3579 2255 3716 2311 ἅπαν

465 2351 554 2398 ωε
581 2351 687 2397 est.
982 2386 990 2392 .

982 2386 990 2392 .
2145 2348 2425 2419 ἀδόκιμος.

531 2434 693 2488 Joan.
745 2434 903 2490 Clim.
956 2465 1028 2476 —
1070 2436 1223 2492 Solet
1271 2439 1416 2496 Deus
1477 2440 1797 2495 hominibus
1862 2439 2044 2496 futura

2193 2434 2377 2494 Ἰωαν.
2404 2438 2519 2493 Kl!
2513 2458 2583 2509 μ.
2600 2469 2671 2478 ——
2691 2437 2839 2491 Φιλεῖ
2859 2436 2965 2510 γὰρ
2985 2438 3046 2491 τὸ
3067 2433 3346 2510 δαιμόνιον
3373 2438 3440 2509 (e)
3465 2437 3723 2498 πολλάκις

462 2536 632 2582 noctu
661 2543 960 2597 exponere,
988 2546 1098 2584 non
1124 2538 1183 2584 ut
1217 2546 1340 2600 quae
1375 2540 1642 2586 eventura
1684 2541 1834 2597 sunt,
1868 2533 2017 2587 viten

2161 2529 2460 2602 ivatbmt;
2482 2531 2544 2583 τὸ
2585 2530 2776 2601 μέλλον
2801 2528 3017 2601 νύκτωρ
3061 2528 3263 2594 λαλεῖν,
3304 2531 3402 2600 οὐχ
3431 2529 3517 2582 ἵνα
3559 2529 3723 2598 φυλά-

467 2619 601 2688 (non
635 2619 784 2672 enim
833 2619 1002 2673 fatum
1038 2635 1297 2690 superare
1333 2621 1606 2692 possunt),
1651 2621 1748 2676 sed
1781 2629 1843 2676 ut
1872 2621 2029 2677 leviu:

2165 2616 2348 2689 Ξωνται
2375 2621 2450 2694 μὴ
2479 2622 2672 2676 παθεῖν
2709 2620 2918 2693 (οὐγὰρ
2945 2622 3282 2694 εἱμαρμένης
3311 2623 3563 2676 δύνανται
3593 2636 3727 2693 xput-

465 2708 648 2762 l‘erant
680 2725 744 2764 ea
773 2726 896 2778 quae
930 2713 1144 2781 passuri
1175 2721 1324 2767 sunt.

2149 2714 2305 2784 τεῒν),
2323 2714 2436 2766 ἀλλ’
2463 2711 2553 2767 ἵνα
2577 2713 2906 2790 κουφότερον
2930 2713 3227 2784 πάσχοντες
3254 2713 3507 2784 φέρωσιν.

542 2803 672 2858 Nili.
704 2834 774 2843 —
798 2803 901 2870 Qui
944 2803 1206 2859 observat
1240 2806 1533 2872 insomnia,
1573 2807 1770 2862 similis
1810 2815 1895 2862 est
1927 2822 2052 2862 um-

2220 2806 2462 2860 Νειλου.
2497 2836 2567 2848 -
2603 2805 2661 2859 ὐ
2696 2807 2810 2869 τοῖς
2840 2804 3070 2878 ὀνείροις
3097 2806 3381 2876 προσέχων
3407 2846 3423 2872 ,
3470 2806 3619 2861 ἔοικε
3655 2807 3730 2878 τῷ

468 2897 623 2952 bram
662 2911 818 2950 suam
863 2896 1216 2965 persequenti
1229 2937 1242 2950 .

2078 2949 2120 2976 ρ
2155 2898 2254 2970 τὴν
2287 2897 2444 2952 σκιὰν
2473 2896 2638 2952 αὑτοῦ
2666 2897 3079 2976 καταδιώκοντι.

540 2987 771 3054 Quando
799 2987 853 3041 in
889 2988 1099 3042 somnis
1145 2987 1490 3044 daemonibus
1543 2991 1775 3048 obedire
1811 2993 2050 3064 cmperi-
2080 2987 2102 3006 “

2239 2991 2470 3045 Ὀπόταν
2506 2991 2691 3054 ἐντοῖς
2726 2989 2915 3053 ὕπνοις
2942 2991 3056 3053 τοῖς
3079 2987 3298 3058 δαίμοσι
3329 2988 3617 3042 πείθεσθαι
3642 2990 3736 3059 ap.

475 3096 614 3145 lllllS,
641 3088 772 3134 tunc
798 3080 1061 3148 deinceps
1087 3088 1142 3133 et
1181 3079 1540 3150 vigilantibus
1578 3082 1836 3138 illudunt.

2159 3079 2398 3152 ξώμεθα,
2424 3081 2546 3135 τότε
2570 3081 2755 3135 λοιπὸν
2783 3082 2876 3136 καὶ
2903 3081 3275 3153 ἐγρηγορότας
3303 3081 3690 3151 ἐμπαίζουσιν.

541 3170 823 3226 ιΕει-Ιιίηίδ.
858 3201 930 3210 --
958 3171 1087 3225 Plus
1115 3187 1278 3240 quam
1321 3173 1481 3229 decet
1521 3166 1785 3241 dormire,
1821 3173 2055 3230 mortuis

2227 3166 2466 3242 Αἱσχίν.
2497 3201 2568 3213 -
2608 3173 2682 3226 Τὸ
2721 3172 2868 3244 πέρα
2920 3172 3206 3226 καθεύδειν
3265 3171 3358 3224 τοῦ
3412 3170 3737 3240 πρέποντος,

474 3263 647 3334 magis
675 3261 954 3326 convenit,
984 3277 1147 3332 quam
1184 3261 1344 3318 vivis.

2157 3264 2272 3328 τοῖς
2295 3263 2583 3334 τεθνηκόσι
2609 3263 2809 3334 μᾶλλον
2841 3263 2987 3335 ἥπερ
3011 3266 3124 3328 τοῖς
3155 3262 3321 3328 ζῶσιν
3349 3264 3638 3336 ἁρμόδιον.

1031 3441 1266 3498 sumo
1305 3443 1490 3499 LXVI.
1978 3517 1980 3521 _

1978 3517 1980 3521 _
2719 3443 2939 3498 Aoroz
2973 3441 3086 3511 Ξσν
3109 3444 3173 3502 δ’.

473 3529 556 3588 De
578 3532 880 3587 innocentia
910 3540 959 3585 et
987 3534 1346 3603 simplicitate,
1389 3537 1554 3607 deque
1586 3537 1916 3609 injuriarum
1945 3549 2035 3598 ine-

1890 3557 1916 3595 rt
1945 3549 2054 3598 ηια-
2436 3535 2578 3604 Περὶ
2598 3535 2854 3602 ἀκακίας
2882 3535 2982 3590 καὶ
3022 3537 3452 3606 μνησικακίας.

966 3628 1138 3679 moria
1181 3635 1228 3680 et
1271 3628 1563 3684 simultate.

547 3717 739 3772 Matth.
776 3733 926 3780 xvm,
958 3719 1010 3771 5.
1042 3748 1113 3757 -
1151 3719 1348 3783 Amen,
1393 3736 1554 3774 amen
1589 3720 1714 3778 dico
1739 3721 1917 3789 vobis,
1949 3723 2059 3781 nisi

2225 3712 2800 3787 Ματθ.ιη’.-’Δμὴν,
2828 3713 2974 3787 ἀμὴν
2994 3715 3138 3784 λέγω
3158 3716 3305 3787 ὑμῖν,
3332 3715 3427 3770 ἐὰν
3464 3715 3539 3786 μὴ
3583 3731 3742 3787 στραέ

477 3808 733 3864 conversi
766 3807 1005 3872 fueritis,
1031 3818 1085 3862 ct
1135 3808 1453 3864 emciamini
1482 3812 1628 3866 sicut
1662 3813 1899 3882 parvuli,
1945 3830 2039 3870 nor

2178 3808 2300 3879 ρῆτε
2355 3809 2450 3861 καὶ
2493 3808 2724 3879 γένησθε
2770 3807 2847 3870 ὡς
2880 3809 2948 3861 τὰ
2978 3807 3186 3875 παιδία,
3229 3807 3290 3861 ού
3338 3808 3414 3878 μὴ
3461 3808 3740 3880 εἰσέλθητε

479 3899 764 3954 intrabitis
794 3899 848 3952 in
881 3915 1107 3969 regnum
1132 3901 1423 3954 caelorum.

2165 3900 2246 3963 εἰς
2279 3900 2379 3970 τὴν
2415 3899 2692 3970 βασιλείαν
2728 3898 2837 3952 τῶν
2873 3898 3139 3970 οὐρανῶν.

549 3991 740 4046 Matth.
774 3992 941 4054 v,25.
989 4021 1062 4037 ——.
1091 3990 1146 4044 Si
1201 3989 1479 4047 obtuleris’
1529 4009 1731 4050 munus
1777 4002 1933 4050 tuum
1991 3994 2060 4052 ad

2236 3995 2421 4046 Ματθ.
2447 3989 2511 4045 ε’.
2577 3991 2702 4044 Ἐάν
2726 3991 3105 4062 προσενέγκῃς
3151 3989 3212 4043 τὸ
3251 3989 3425 4061 δῶρόν
3450 4007 3545 4044 σου
3585 3993 3666 4055 εἰς
3688 3991 3741 4044 εδ

480 4084 675 4145 altare,
713 4091 770 4135 et
815 4081 889 4134 ibi
937 4081 1263 4135 recordatus
1311 4083 1482 4138 fueris
1530 4087 1662 4154 quia
1708 4085 1879 4143 frater
1933 4095 2042 4144 tuu:

2178 4084 2572 4154 ὶυσιαστήριον,
2621 4085 2783 4137 κάκεῖ
2815 4082 3063 4155 μνησθῇς
3098 4083 3180 4136 ὅτι
3228 4082 3342 4154 ἔχει
3376 4099 3430 4135 τι
3457 4083 3486 4136 ό
3514 4082 3740 4152 ἀδελφός

483 4173 651 4226 habet
689 4171 895 4240 aliquid
921 4171 1212 4227 adversum
1244 4181 1331 4240 te;
1363 4175 1614 4245 relinque
1645 4193 1847 4233 munus
1881 4187 2045 4235 tuum

2182 4194 2258 4230 που
2282 4175 2424 4229 κατὰ
2462 4174 2580 4240 σοῦ,
2608 4175 2743 4244 ἄφες
2769 4176 2831 4229 τὸ
2857 4176 3027 4248 δῶρόν
3058 4193 3178 4241 σου,
3206 4176 3303 4229 καὶ
3332 4175 3508 4244 ὕπαγε
3529 4175 3744 4247 πρῶτον

483 4271 540 4317 ει
579 4261 739 4326 vade,
771 4263 926 4332 prius
953 4265 1310 4321 reconciliare
1335 4265 1491 4322 fratri
1529 4275 1646 4335 tuo,
1688 4277 1744 4324 et
1777 4277 1909 4326 tunc
1927 4273 2045 4328 oﬂ'e-

2181 4265 2489 4337 Ξιαλλάγηθι
2523 4265 2604 4336 τῷ
2628 4264 2848 4335 ἁδελφῷ
2876 4282 2992 4332 σου,
3026 4266 3122 4320 καὶ
3155 4266 3280 4320 τότε
3316 4265 3644 4338 προσφέρῃς
3688 4265 3743 4319 τὸ

488 4370 577 4410 res
599 4371 802 4409 munus
835 4367 1013 4410 tuum.
1975 4383 1979 4388 '

923 4371 1013 4409 un.
1975 4383 1979 4388 -
2163 4357 2337 4431 δῶρόν
2369 4375 2485 4413 σου.

553 4447 722 4517 680
758 4447 784 4501 1
835 4447 1008 4502 Thess.
1041 4465 1092 4514 ν,
1128 4449 1213 4504 15.
1243 4451 1520 4506 —Videte
1567 4467 1637 4506 ne
1687 4457 1813 4522 quis
1861 4455 2064 4511 maltlm

2236 4450 2298 4504 A'
2328 4451 2512 4504 Θεσσ.
2542 4451 2607 4503 ε’.
2634 4471 2704 4488 -ι
2746 4444 2941 4519 Ὁρᾶτε
2976 4450 3050 4520 μή
3099 4465 3184 4512 τις
3219 4449 3388 4504 κακὸν
3421 4450 3542 4504 ἀντὶ
3576 4448 3743 4506 κακοῦ

486 4553 588 4609 pro
620 4540 763 4594 malo
799 4539 964 4595 alicui
1016 4541 1243 4608 reddat;
1291 4543 1387 4609 sed
1427 4558 1646 4612 semper
1679 4545 1825 4615 quod
1860 4539 2048 4602 bonuu

1975 4539 2067 4602 nm
2169 4540 2354 4612 ἁποδῷ
2383 4557 2513 4604 τινι,
2538 4539 2675 4594 ἀλλὰ
2701 4540 2934 4594 πάντοτε
2961 4541 3021 4593 τὸ
3047 4539 3257 4594 δίκαιον
3284 4539 3529 4595 διώκετε.

485 4641 575 4686 est
609 4630 919 4684 seetamini.

561 4718 754 4787 Ephes.
791 4735 863 4784 IV,
897 4719 988 4774 26.
1023 4750 1092 4760 -—
1121 4720 1214 4775 Sol
1243 4735 1352 4776 non
1386 4721 1605 4776 occidat
1655 4717 1829 4794 super
1853 4724 2087 4781 iracun-

2259 4725 2382 4794 Ἑφ.
2405 4722 2478 4777 δ’.
2507 4753 2578 4764 —-
2623 4722 2681 4776 Ὀ
2703 4721 2857 4794 ἥλιος
2903 4722 2978 4795 μὴ
3002 4722 3272 4778 ἐπιδυέτω
3307 4721 3402 4774 ἐπὶ
3429 4720 3506 4791 τῷ
3541 4732 3744 4793 παρορ-

489 4807 580 4863 dia
611 4817 811 4863 vestra.
1805 4829 1823 4846 ο

1805 4829 1823 4846 ο
2175 4817 2355 4888 γισμῴ
2381 4813 2557 4884 ὑμῶν.

563 4898 746 4955 Galat.
776 4916 830 4966 v,
862 4900 948 4956 15.
988 4916 1058 4940 '—-
1089 4899 1248 4968 Quod
1287 4902 1333 4956 si
1371 4901 1465 4957 alii
1507 4903 1649 4959 alios
1695 4904 1964 4961 mordetis
2016 4915 2075 4963 et

2244 4908 2394 4960 Γαλ.
2418 4911 2484 4959 ε’.
2517 4933 2584 4947 --
2618 4905 2683 4960 Ei
2719 4903 2987 4976 ἀλλήλους
3013 4904 3242 4959 δάκνετε
3285 4903 3385 4958 καὶ
3413 4902 3740 4966 κατεσθίετε,

491 4990 804 5056 comeditis,
839 4991 1022 5047 videte
1053 5007 1124 5046 ne
1153 4992 1244 5046 alii
1281 4993 1349 5049 ab
1379 4991 1504 5048 aliis
1541 4995 1960 5086 consumamini.

1719 4995 1960 5086 memini.
2177 4997 2404 5068 βλέπετε
2432 4998 2508 5068 μὴ
2540 4997 2632 5051 ὑπ’
2663 4997 2912 5068 ἀλλήλων
2941 4995 3281 5068 ἀναλωθῆτε.

562 5146 608 5178 ⁸³
637 5146 698 5200 In
724 5145 888 5202 Gesn.
917 5147 1076 5204 Stob.
1112 5147 1166 5205 9.

2011 5240 2241 5302 ΝΟΤᾸΞ.

563 5331 823 5410 (ε)‹1ξιλεῖ
841 5333 950 5410 γᾴρ
965 5335 1028 5388 τὸ
1048 5333 1380 5410 δαιμόνιον.
1403 5337 1542 5410 Turn
1555 5336 1786 5410 scilicet,
1807 5349 1932 5410 cum
1953 5344 2073 5390 rato

2181 5335 2325 5410 guid
2381 5335 2508 5410 inde
2567 5338 2733 5395 liceat
2787 5339 3063 5397 conferre.
3106 5341 3265 5410 Quod
3301 5343 3390 5401 ubi
3443 5346 3517 5401 ita
3563 5338 3739 5403 habet}

495 5402 642 5460 Deus
671 5402 920 5458 decrevit
946 5402 1212 5472 consilio;
1242 5416 1304 5462 ut
1349 5423 1473 5462 eum
1510 5407 1702 5462 Davidi
1737 5408 2073 5461 moriturum
2180 5402 2327 5459 haud
2369 5406 2596 5463 dubium
2624 5425 2655 5464 a
2676 5411 2789 5466 Deo
2824 5411 3094 5468 insomnia
3117 5402 3276 5471 Esset
3304 5431 3372 5471 ac
3393 5414 3629 5471 ueneﬁca
3653 5426 3743 5466 na-

498 5489 728 5542 puerum
755 5474 1122 5554 praedixit,”
1157 5477 1434 5554 adulterio
1461 5485 1822 5554 suscept_um_§
1854 5491 1919 5531 ac
1959 5475 2074 5544 ple—
2183 5482 2334 5554 tura;
2365 5492 2538 5554 _qua_m
2579 5479 2756 5554 ipsam
2806 5481 3142 5554 daemonium
3190 5499 3410 5554 vocare,
3457 5501 3564 5542 non
3615 5481 3738 5538 sali!

499 5558 730 5623 ruinque
763 5543 842 5623 sic
863 5544 978 5598 visa
1012 5546 1260 5602 videmus
1284 5548 1557 5623 accidere,
1585 5543 1647 5601 ut
1675 5549 1733 5623 _in
1763 5543 2070 5623 i’haraone.
2178 5543 2619 5605 ecclesiasticum
2646 5551 2822 5608 videri
2850 5560 3054 5623 potest.

501 5611 1062 5680 Nabuchodonosore,
1086 5626 1192 5672 etc.
1223 5618 1426 5686 quibus
1457 5626 1638 5672 tamen
1674 5615 1952 5672 leniendis
1971 5615 2070 5670 ali-
