4008 6194
384 292 516 360 Ῑθθι

1675 287 1845 348 LOCI
1883 283 2318 345 COMMUNES.

3495 277 3513 340 1
3525 280 3628 342 00-2

451 415 698 480 Παροιμ.
731 408 840 464 κδ’.
866 437 938 450 -
975 407 1102 461 Ἐὰν
1132 406 1273 478 πέσῃ
1301 406 1330 459 ὁ
1356 402 1547 476 ἐχθρός
1574 421 1687 488 σου,
1726 403 1799 474 μὴ
1835 403 1954 455 ἑπι-

2127 398 2286 454 Prov.
2316 413 2460 462 χειν,
2494 396 2580 450 17.
2607 427 2676 435 -
2711 394 2767 448 Si
2799 393 3065 448 ceciderit
3091 393 3349 448 inimicus
3390 400 3538 456 tuus,
3559 409 3630 447 ne

381 506 558 576 χαρῇς
607 501 788 572 αὐτῷ·
838 501 898 553 ἂν
931 498 989 553 δὲ
1028 496 1108 568 τῷ
1155 496 1588 566 ὑποσκελίσματι
1634 485 1826 556 αὑτοῦ,
1881 493 1960 564 μὴ

2096 493 2300 546 audeas
2329 506 2497 560 super
2525 504 2685 544 eum:
2723 497 2779 543 et
2819 487 2874 541 in
2919 485 3368 556 supplantatione
3411 485 3535 556 ejus
3563 499 3636 539 ne

383 594 636 666 ἐπαίρου,
687 593 770 646 ὅτι
800 591 996 661 δψεται
1022 588 1254 659 Κύριος,
1284 586 1384 640 καὶ
1416 587 1516 638 οὐκ
1545 583 1736 654 ἀρέσει
1774 581 1954 652 αὐτῷ,

385 685 483 738 καὶ
508 682 844 752 ἀποστρέψει
881 681 974 734 τὸν
1004 679 1174 749 θυμὸν
1207 677 1372 731 αὐτοῦ
1400 676 1496 730 ἀπ’
1524 673 1715 729 αὑτοῦ.
1743 687 1750 692 ·

459 777 705 844 Παροιμ.
741 772 839 836 ιβ’.
861 798 941 810 --
983 769 1127 822 Ὀδοὶ
1157 767 1513 839 μνησικάκων
1542 767 1623 829 είς
1652 764 1904 820 θάνατον.

460 959 706 1022 Παροιμ.
731 956 843 1005 xa’.
876 948 1019 1002 -Ὀ
1057 947 1435 1020 μνησικακῶν,
1467 943 1808 1017 παράνομος.

457 1126 706 1191 Παροιμ.
735 1115 828 1174 ιδ’.
855 1150 927 1161 —-
955 1121 1019 1174 '0
1057 1120 1265 1183 ἄκακος
1298 1120 1543 1173 πιστεύει
1563 1119 1727 1173 παντὶ
1751 1117 1915 1189 λόγῳ.

458 1216 707 1281 Παροιμο
733 1215 809 1263 α’·
847 1239 918 1250 -
945 1209 1112 1263 Ὅσον
1133 1209 1325 1280 χρόνον
1377 1196 1593 1281 ἔχονται
1622 1210 1820 1265 ἄκακοι
1865 1209 1966 1277 τῆς

387 1301 759 1372 δικαιοσύνης,
799 1299 899 1352 οὐκ
927 1298 1405 1369 αίσχυνθὴσονται.

458 1392 642 1460 Σιρὰχ
677 1396 794 1457 κη’.
821 1417 894 1432 --
927 1388 1103 1457 ’Ἄφες
1153 1388 1402 1460 ἀδίκημα
1455 1388 1534 1460 τῷ
1581 1387 1816 1460 πλησίον
1847 1404 1966 1448 σου,

392 1485 486 1541 καὶ⁵
535 1483 659 1536 τότε
707 1478 990 1552 δεηθέντος
1029 1495 1146 1544 σου,
1199 1479 1258 1531 αἱ
1318 1478 1588 1550 ἁμαρτίαι
1660 1495 1752 1532 σου
1804 1475 1970 1546 λυθή-

394 1591 604 1629 σονται.
1067 1631 1070 1633 Α
1267 1631 1272 1638 ,

466 1668 686 1720 Βασιλ.
710 1694 782 1708 --
807 1663 884 1717 Οὐ
917 1663 997 1716 δεῖ
1033 1663 1127 1716 ἐπὶ
1161 1661 1530 1735 παροργισμῷ
1553 1660 1782 1730 ἀδελφοῦ
1815 1660 1970 1715 δῦναι

393 1756 486 1812 τὸν
518 1757 694 1827 ἥλιον,
736 1757 948 1826 μήποτε
984 1756 1020 1824 ἠ
1043 1754 1140 1820 νὺξ
1164 1733 1483 1831 μεταστήσῃ
1506 1753 1709 1824 μεταξὺ
1739 1752 1971 1824 άμφοτέ-
1999 1733 2048 1795 Β

399 1864 532 1918 ρων,
551 1847 645 1900 καὶ
664 1845 948 1915 καταλίπῃ
973 1844 1030 1896 ἐν
1052 1843 1235 1915 ἡμέρᾳ
1258 1842 1492 1916 κρίσεως
1511 1843 1766 1915 ἔγκλημα
1785 1845 1970 1914 ἀπαρ-

394 1939 635 2009 αίτητον.
1769 1981 1772 1984 .

421 2099 424 2101 Α
467 2031 707 2085 Ἥκιστα
735 2031 936 2085 κακίαν
961 2030 1064 2101 οὐχ
1091 2029 1358 2100 ὑφορᾶται
1378 2029 1464 2101 (f),
1505 2029 1566 2082 τὸ
1599 2028 1797 2093 κακίας
1823 2028 1967 2081 ἔλεό-

397 2123 582 2193 Θερον.

470 2212 785 2283 Θεολόγου.
818 2241 891 2253 -ι
927 2212 986 2266 '0
1007 2213 1108 2283 μὲν
1131 2211 1243 2284 γὰρ
1266 2209 1438 2273 κακὸς
1454 2210 1687 2281 τάχιστα
1713 2210 1778 2264 ἂν
1806 2226 1976 2264 καταο

404 2305 562 2374 γνοίη
593 2305 688 2358 καὶ⁵
719 2302 813 2357 τοῦ
842 2303 1049 2373 ἀγαθοῦ
1075 2319 1089 2334 ο
1125 2305 1154 2356 ὁ
1180 2301 1384 2372 ἀγαθὸς
1405 2301 1484 2366 δὲ,
1513 2302 1635 2356 οὐδὲ
1673 2301 1768 2354 τοῦ
1800 2297 1978 2354 κακοῦ

407 2395 634 2467 ῥαδίως.
684 2394 758 2448 Τὸ
794 2393 903 2466 γὰρ
949 2397 1030 2459 είς
1059 2396 1260 2448 κακίαν
1306 2394 1405 2463 οὐχ
1432 2393 1676 2462 ἕτοιμον,
1725 2391 1837 2444 οὐδ’
1895 2391 1981 2455 είς

408 2487 668 2540 ὑπόνοιαν
693 2485 937 2558 εὐχερές.

469 2577 656 2640 Οὐδεὶς
673 2577 827 2648 κακῷ
855 2577 1025 2631 κακὸν
1053 2578 1220 2642 ἰᾶται,
1239 2577 1354 2631 ἀλλ’
1367 2574 1558 2647 ἀγαθῷ
1589 2575 1650 2629 τὸ
1680 2574 1882 2630 κακόπ

468 2669 774 2736 Χρυσοστ.
808 2699 879 2711 -—
913 2669 1083 2723 Ὅταν
1121 2671 1464 2742 ἐννοήσωμεν
1519 2667 1664 2741 ἅπερ
1703 2668 1978 2740 ἐπάθομεν

403 2757 554 2828 παρὰ
575 2757 685 2810 τῶν
717 2758 1040 2825 συνδούλων,
1063 2757 1414 2829 λογισώμεθα
1443 2759 1536 2812 καὶ
1561 2759 1665 2813 ἆπε
1674 2776 1705 2830 ρ
1724 2760 1882 2832 scroti)
1892 2775 1982 2812 σα-

405 2867 516 2920 μεν·
556 2849 638 2912 είς
675 2850 767 2902 τὸν
805 2851 1106 2920 Δεσπότην,
1141 2851 1239 2904 καὶ
1286 2850 1367 2919 τῷ
1415 2849 1564 2921 φόϐῳ
1612 2850 1720 2902 τῶν
1760 2851 1980 2905 οἰκείων

408 2943 850 3015 ἁμαρτημάτων,
889 2947 982 2997 τδν
1021 2943 1192 3014 θυμὸν
1234 2943 1327 2998 τὸν
1377 2944 1473 2997 ἐπὶ
1522 2946 1636 3008 τοῖς
1682 2945 1984 3017 ἀλλοτρίοις

404 3035 844 3108 πλημμελήμασι
869 3036 1081 3106 ταχέως
1115 3035 1444 3090 ἀπώσασθαι
1479 3037 1837 3108 δυνησόμεθα.

475 3129 538 3181 El
562 3128 672 3198 γὰρ
704 3128 784 3182 δεῖ
813 3128 1124 3199 μεμνῆσθαι
1144 3129 1587 3200 ἁμαρτημάτων,
1619 3130 1732 3184 τῶν
1762 3131 1980 3184 οίκείων

404 3217 488 3272 δεῖ
530 3217 844 3288 μεμνῆσθαι
879 3217 1168 3286 μόνον.“Αν
1202 3218 1312 3270 τῶν
1344 3217 1560 3272 οἰκείων
1593 3219 1984 3289 μνημονεύσω-

409 3324 511 3378 μεν
541 3346 556 3373 ,
596 3307 854 3359 οὐδέποτε
890 3307 959 3360 τά
993 3307 1255 3381 ἀλλότρια
1305 3307 1656 3380 λογιούμεθα.

486 3485 583 3539 Ἂν
628 3485 804 3556 ἀφῆτε
840 3487 956 3550 τοῖς
987 3483 1202 3557 ἐχθροῖς
1239 3486 1419 3558 ὑμῶν,
1474 3487 1808 3560 ἀφεθήσεται
1837 3491 1982 3561 ὑμῖν.

411 3577 582 3646 ’Δφες
613 3577 834 3630 δουλικὰ
863 3577 1258 3648 ἁμαρτήματα,
1304 3578 1390 3632 ἵνα
1419 3579 1596 3652 λάϐῃς
1637 3580 1987 3652 συγχώρησιν

408 3665 738 3735 δεσποτικὴν
785 3666 1231 3748 ἁμαρτημάτων.
1271 3667 1338 3720 Ei
1365 3667 1424 3720 δὲ
1465 3668 1985 3740 μεγάλαὴδίκησεν,

406 3758 630 3830 ὅσῳπερ
654 3759 721 3812 ἂν
755 3759 979 3828 μείζονα
1000 3759 1168 3829 ἀφῇς,
1192 3758 1432 3828 τοσούτῳ
1470 3757 1694 3829 μείζονα
1707 3758 1851 3832 λήψῃ
1889 3759 1989 3830 τὴν

412 3845 780 3918 συγχώρησιν.
798 3847 898 3901 Διά
916 3847 1026 3917 γάρ
1043 3847 1200 3900 τοῦτο
1214 3847 1574 3918 ἐδιδάχθημεν
1593 3848 1988 3918 λέγειν,”Αφες

408 3935 553 4003 ἡμῖν
568 3936 764 4002 καθὼς
779 3936 1029 4005 ἀφίεμεν
1050 3951 1064 3967 ·
1100 3936 1188 3992 ἵνα
1205 3937 1486 4007 μάθωμεν,
1504 3938 1586 3990 ὅτι
1599 3938 1662 3990 τὸ
1683 3923 1877 4009 μέτρον
1891 3939 1990 4010 τῆς

409 4027 655 4094 ἀφέσεως
672 4028 802 4095 παρ’
820 4027 977 4097 ἡμῶν
991 4027 1210 4098 πρῶτον
1224 4028 1492 4098 λαμϐάνει
1507 4029 1606 4100 τὴν
1621 4030 1891 4101 ἀρχήν.Ὤ
1899 4047 1987 4082 res

407 4119 627 4190 δσῳπερ
655 4119 722 4173 ἂν
741 4121 770 4172 ὁ
795 4117 987 4189 ἐχθρὸς
1017 4119 1342 4193 ἐργάζηται,
1361 4123 1455 4175 καὶ
1467 4122 1708 4194 τοσούτῳ
1726 4123 1988 4194 μειζόνως

409 4211 708 4280 εὐεργετεῖ.
739 4210 1065 4281 Σπεύδωμεν
1089 4209 1270 4266 τοίνυν
1300 4214 1395 4268 καὶ
1417 4214 1770 4284 ἐπειγώμεθα
1791 4215 1992 4271 καταλ-

409 4299 699 4353 λάττεσθαι
713 4300 852 4370 πρὸς
876 4301 1001 4364 τοὺς
1016 4300 1412 4373 λελυπηκότας,
1435 4303 1502 4358 ἄν
1516 4319 1577 4358 τε
1603 4303 1824 4369 δικαίως
1845 4304 1912 4359 ἄν
1926 4321 1986 4357 τε

2058 582 2364 646 extollaris,
2393 583 2656 653 quoniam
2689 577 2904 632 videbit
2932 576 3199 630 Dominus
3227 583 3284 630 et
3318 589 3428 628 non
3455 574 3648 645 place:

2057 674 2142 729 bit
2162 674 2236 738 ei,
2267 683 2322 728 et
2344 680 2556 727 avertet
2591 672 2726 725 iram
2765 683 2921 724 suam
2953 667 3022 722 ab
3047 682 3134 722 eo.
3629 683 3642 708 ι’

2132 765 2291 818 Prov.
2331 781 2428 827 xu,
2455 765 2545 819 29.
2580 794 2651 806 ——
2686 761 3036 825 Viaé'eorum,
3073 758 3168 829 qui
3200 771 3477 812 memores
3509 765 3649 810 sunt

2063 854 2408 925 injuriarum,
2444 854 2499 908 in
2542 862 2802 907 mortem.

2133 947 2292 1000 Prov.
2330 962 2438 1009 xxx,
2471 945 2561 1000 24.
2608 974 2680 984 --
2725 942 2829 1010 Qui
2879 942 3208 1013 injuriarum
3269 953 3482 992 memor
3533 942 3640 1000 est,

2066 1038 2291 1108 iniquus
2317 1045 2420 1092 est.

2135 1134 2293 1187 Prov.
2326 1147 2435 1194 xiv,
2481 1127 2567 1184 15.
2595 1160 2665 1168 —-—
2687 1127 2930 1198 Simplex
2957 1125 3137 1182 Credit
3170 1127 3321 1182 omni
3343 1125 3536 1181 verbo.
3643 1123 3651 1134 '

2137 1224 2297 1279 Prov.
2334 1239 2373 1287 ι,
2400 1220 2491 1274 2‘2.
2522 1248 2592 1258 —
2625 1218 2843 1285 Quanto
2869 1224 3122 1286 tempore
3162 1215 3442 1285 simplices
3471 1213 3645 1268 inhaz-

2073 1323 2196 1372 rent
2227 1314 2481 1386 justitize,
2523 1327 2635 1367 non
2683 1295 3114 1366 confundentur.

2129 1406 2297 1462 Eccli.
2324 1409 2506 1470 xx’vm,
2537 1404 2591 1458 2.
2616 1433 2685 1442 —-
2708 1401 2935 1456 Dimitte
2967 1398 3224 1471 injuriam
3250 1395 3503 1468 proximo
3531 1405 3648 1459 tuo;

2067 1506 2123 1552 et
2165 1505 2297 1550 tunc
2326 1500 2554 1565 rogante
2586 1499 2661 1555 te,
2696 1497 2920 1560 peccata
2950 1497 3042 1544 tua
3074 1488 3381 1542 solventur.

2139 1584 2348 1641 Basilii.
2380 1614 2452 1625 -——
2477 1583 2598 1640 Non
2619 1582 2779 1637 dec'et
2818 1589 2878 1634 ut
2908 1579 2987 1635 sol
3017 1594 3185 1649 super
3226 1576 3513 1632 iracundia
3537 1576 3649 1630 fra-

2074 1681 2176 1734 tris
2233 1678 2450 1734 occidat
2500 1676 2716 1748 (Ep/tes.
2762 1690 2835 1739 ιν,
2873 1672 2988 1744 26),
3034 1687 3105 1726 ne
3168 1671 3312 1724 forte
3356 1685 3463 1724 nox
3506 1668 3653 1724 inter

2075 1780 2376 1839 utrumque
2407 1776 2672 1831 transeat,
2699 1781 2761 1822 ac
2790 1762 3002 1819 crimen
3041 1761 3192 1815 nulla
3234 1759 3461 1830 dignum
3493 1757 3651 1810 venia

2071 1861 2128 1916 in
2159 1858 2460 1931 diejudicii
2495 1857 2791 1928 relinquat.

2099 2061 2102 2064 η
2143 2033 2488 2105 Simplicitas
2505 2048 2569 2088 ac
2597 2031 2744 2103 quod
2785 2039 2943 2086 vacat
2975 2027 3210 2094 malitia,
3246 2027 3474 2082 minime
3529 2041 3652 2081 om-

2074 2127 2227 2182 nium
2253 2125 2527 2179 maiorum
2559 2123 2818 2192 suspicax
2853 2120 3092 2176 exsistit.
3559 2193 3562 2196 γ

2144 2213 2623 2286 Τιιεοιοςῑμ--Οιιί
2668 2212 2848 2268 maius
2870 2221 2977 2278 est,
3010 2211 3172 2266 facile
3201 2208 3575 2280 reprehendat
3601 2216 3658 2263 et

2076 2307 2224 2380 quod
2255 2307 2464 2361 bonum
2511 2312 2633 2370 est;
2682 2304 2864 2360 bonus
2908 2312 3114 2367 autem,
3166 2317 3238 2357 ne
3289 2303 3494 2357 malum
3529 2301 3658 2372 qui-

2076 2397 2221 2453 dem.
2246 2397 2403 2464 Quod
2434 2395 2584 2450 enim
2606 2394 2672 2449 ad
2711 2394 2976 2448 malitiam
3003 2407 3242 2464 pronum
3277 2407 3388 2447 non
3417 2399 3523 2455 est,
3554 2407 3659 2447 nec

2078 2489 2144 2543 ad
2171 2488 2565 2559 suspicandum
2587 2486 2748 2542 facile
2790 2494 2892 2542 est.
3255 2543 3257 2545 1
3390 2487 3396 2490 ’

2147 2579 2319 2635 Nemo
2347 2580 2550 2633 malum
2580 2578 2724 2633 malo
2743 2587 2920 2643 sanat,
2955 2577 3052 2632 sed
3084 2575 3232 2654 bono
3258 2575 3487 2630 malum.

2149 2671 2416 2742 Chrysost.
2437 2701 2505 2711 -—-—
2529 2670 2665 2725 Cum
2695 2671 2752 2724 in
2779 2677 3020 2724 mentem
3048 2668 3284 2732 venerit,
3309 2681 3502 2722 eorum
3537 2681 3660 2737 quae

2079 2780 2110 2820 a
2157 2764 2441 2819 conservis
2496 2761 2644 2834 passi
2699 2763 2936 2816 sumus‘:
2971 2761 3280 2830 cogitemus
3322 2759 3490 2813 etiam
3537 2773 3661 2828 quae

2080 2858 2183 2930 ipsi
2221 2858 2275 2912 in
2305 2850 2602 2913 Dominum
2629 2852 3107 2918 commiserimus;
3139 2862 3404 2921 metuque
3437 2858 3657 2905 nostro-

2080 2966 2203 3004 rum
2245 2949 2598 3010 delictorum,
2640 2945 2778 3011 iram
2812 2959 2878 2998 ex
2940 2941 3138 2996 :ilienis
3183 2940 3429 3012 peccatis
3471 2953 3664 2994 susce-

2006 3070 2050 3127 ο
2080 3049 2229 3112 ptam
2257 3039 2366 3094 cito
2399 3038 2678 3109 depellere
2698 3034 3024 3106 poterimus.

2155 3132 2213 3188 Si
2241 3131 2464 3202 quidem
2489 3137 2843 3200 peccatorum
2865 3125 2996 3181 licet
3038 3123 3379 3189 meminisse,
3436 3131 3661 3180 nostro-

2085 3241 2207 3279 rum
2263 3225 2531 3284 duntaxat
2577 3218 2896 3276 meminisse
2948 3216 3234 3273 debemus.
3271 3215 3428 3284 Quod
3459 3215 3506 3271 si
3562 3229 3662 3270 no-

2085 3324 2328 3369 strorum
2359 3327 2631 3368 memores
2662 3309 2896 3375 erimus,
2921 3322 3202 3379 nunquam
3235 3306 3415 3361 aliena
3451 3322 3662 3378 suppu-

2086 3405 2349 3460 tabimus.

2171 3497 2190 3567 (
2217 3496 2399 3551 Matth.
2430 3512 2503 3559 vr,
2542 3492 2666 3561 Η.)
2697 3491 2754 3546 Si
2797 3489 3122 3546 dimiseritis
3154 3488 3392 3544 inimicis
3439 3486 3659 3553 vestris,

2086 3583 2396 3640 dimittetur
2420 3583 2599 3638 vobis.
2655 3583 2881 3653 ignosce
2922 3595 3208 3647 servorum
3254 3579 3479 3644 erratis,
3518 3589 3582 3635 ut
3629 3596 3660 3637 ο

2085 3675 2320 3732 Domino
2347 3671 2697 3743 peccatorum
2719 3673 2940 3728 veniam
2979 3672 3361 3741 consequaris.
3416 3670 3575 3740 Quod
3613 3672 3664 3726 si

2087 3781 2308 3838 gravem
2336 3766 2594 3835 injuriam
2645 3763 2798 3830 fecit,
2849 3771 3058 3834 quanto
3105 3763 3311 3833 majora
3355 3762 3664 3827 remiseris,

2088 3865 2240 3913 tanto
2270 3856 2534 3926 majorem
2577 3854 2795 3909 veniam
2847 3851 3194 3924 impetrabis.
3230 3852 3448 3908 Idcirco
3493 3853 3662 3908 etiam

2088 3948 2235 4004 docti
2285 3963 2477 4003 sumus
2513 3948 2733 4002 dicere:
2784 3945 3004 4000 Dimitte
3055 3944 3225 4010 nobis,
3259 3946 3396 3999 sicut
3434 3945 3664 4000 dimitti-

2089 4038 2454 4111 mus(ib.,12),
2478 4048 2534 4094 ut
2557 4038 2878 4093 noverimus
2916 4037 3259 4093 dimissionis
3289 4046 3455 4108 atque
3488 4036 3664 4092 venire

2086 4133 2314 4188 modum
2342 4133 2390 4186 a'
2422 4131 2584 4187 nobis
2610 4132 2852 4202 primum
2906 4127 3178 4186 inchoari.
3227 4129 3444 4197 Quanto
3493 4130 3666 4202 igitur

2088 4225 2350 4280 inimicus
2375 4223 2551 4295 magis
2584 4223 2808 4290 laeserit,
2845 4230 2998 4278 tanto
3033 4219 3199 4277 etiam
3229 4223 3442 4294 majore
3492 4220 3662 4277 bene-

2090 4312 2214 4368 ficio
2231 4312 2414 4368 aiIicit.
2447 4312 2796 4368 Festinemus
2818 4312 2986 4382 igitur
3013 4311 3273 4382 omnique
3302 4309 3464 4384 681
3492 4325 3672 4383 opera

410 4391 610 4454 ἀδίκως
629 4390 978 4462 όργίζωνται.
997 4391 1096 4444 Ἂν
1114 4391 1212 4461 μὲν
1239 4392 1348 4464 γάρ
1369 4393 1602 4448 ἐνταῦθα
1613 4395 1982 4467 καταλλαγῆς,

2096 4417 2373 4466 conemur,
2401 4407 2466 4455 ut
2505 4401 2598 4455 his
2624 4399 2719 4470 qui
2765 4399 3020 4470 iniuriam
3074 4397 3348 4466 fecerunt,
3405 4399 3660 4456 reconci-

409 4481 732 4552 ἀπηλλάγης
757 4481 859 4550 τῆς
887 4483 1003 4536 ἐκεῖ
1016 4481 1280 4554 κρίσεωςνο
1304 4483 1371 4537 ἂν
1393 4483 1453 4538 δὲ
1480 4485 1686 4556 μεταξὺ
1711 4485 1982 4556 μενούσης

412 4573 508 4642 τῆς
536 4573 760 4644 ἔχθρας,
793 4573 1018 4637 θάνατος
1051 4575 1278 4638 ἐπιστὰς
1300 4575 1489 4649 ἀπάγῃ
1507 4618 1524 4641 ,
1549 4576 1648 4648 τὴν
1680 4577 1982 4649 ἀπέχθειαν

415 4661 814 4732 μεσολαϐήσας,
843 4664 925 4726 είς
949 4663 1011 4716 τδ
1023 4663 1370 4736 δικαστήριον
1392 4665 1581 4719 λοιπὸν
1614 4668 1793 4720 ἐκεῖνο
1811 4667 1871 4720 τὸ
1887 4682 1983 4736 φοι

412 4752 472 4805 σε
483 4751 574 4823 ρδν
607 4753 928 4823 εἰσαχθῆναι
956 4755 1055 4825 τὴν
1097 4755 1256 4825 δίκην
1285 4756 1530 4826 ἀνάγκη·
1564 4758 1660 4811 καὶ
1687 4757 1784 4829 τὴν
1812 4757 1988 4830 ἐσχάο

410 4862 513 4916 την
544 4843 738 4908 δώσεις
769 4844 929 4915 δίκην
956 4846 1050 4900 ἐπὶ
1076 4849 1143 4918 τῇ
1174 4847 1344 4919 ψήφῳ
1371 4848 1465 4902 τοῦ
1491 4848 1748 4903 δικαστοῦ
1765 4850 1988 4905 πάντων

412 4933 636 4988 ἐκείνων
651 4949 664 4963 ·
690 4933 788 4988 καὶ
808 4934 1108 5007 ἀμφότεροι
1123 4937 1392 5008 τιμωρίαν
1408 4937 1778 5008 ὐποστήσεσθε
1802 4940 1988 5012 ἀπαρ-

412 5028 657 5097 αίτητον,
709 5029 739 5082 ὁ
789 5028 890 5099 μὲν
917 5028 1120 5093 ἀδίκως
1149 5028 1531 5100 ὀργιζόμενος,
1580 5030 1670 5084 διὰ
1705 5032 1865 5086 τοῦτο
1901 5034 1988 5088 ὅτι

412 5119 636 5186 ἀδίκως,
674 5121 704 5174 δ
755 5119 812 5173 δὲ
842 5120 1070 5184 δικαίως
1096 5159 1114 5186 ,
1162 5120 1253 5174 διὰ
1281 5120 1438 5174 τοῦτο
1465 5122 1618 5188 αὐτὸ,
1651 5123 1734 5176 ὅτι
1759 5123 1986 5187 δικαίως

411 5215 436 5266 Ξ
447 5233 553 5286 μνη
561 5216 879 5287 σικάκησεν.

2088 4495 2310 4560 iiemur,
2351 4493 2471 4548 sive
2517 4493 2596 4547 iiii
2636 4493 2781 4564 jure,
2819 4490 2938 4546 sive
2969 4491 3176 4562 injuria
3218 4491 3553 4546 irascantur.
3602 4490 3660 4546 Si
3744 4513 3752 4522 ο

2087 4588 2236 4645 enim
2266 4587 2378 4640 vita
2407 4585 2512 4640 hac
2537 4582 2755 4640 mortali
2788 4583 3179 4640 reconciliatus
3207 4582 3399 4648 fueris,
3425 4582 3672 4640 afuturo

2089 4677 2230 4733 iiber
2251 4674 2462 4746 judicio
2488 4673 2764 4738 evaseris;
2792 4673 2878 4728 sin
2907 4681 3094 4727 autem
3139 4674 3362 4728 interim
3403 4679 3663 4728 manente

2091 4769 2400 4832 inimicitia,
2426 4782 2578 4825 mors
2605 4766 2907 4823 adveniens
2941 4766 3252 4834 abduxerit,
3300 4766 3520 4840 vigente
3545 4766 3670 4823 ani-

2092 4860 2198 4914 mis
2234 4858 2536 4922 simultate,
2570 4854 2636 4912 ad
2662 4856 3010 4914 tremendum
3062 4850 3198 4913 illud
3239 4855 3517 4930 deinceps
3563 4858 3660 4915 tri-

2087 4949 2255 5005 bunal
2306 4963 2530 5020 causam
2585 4947 2789 5004 deferri
2853 4960 3085 5004 necesse
3147 4955 3254 5014 est,
3307 4954 3664 5022 extremoque

2087 5037 2362 5110 supplicio
2400 5035 2698 5097 addiceris,
2751 5034 2902 5090 illius
2945 5036 3241 5102 sententia,
3287 5038 3384 5109 qui
3437 5037 3661 5094 illorum

2089 5129 2336 5185 omnium
2368 5127 2539 5198 judex
2567 5125 2822 5191 exsistit;
2871 5125 3146 5196 amboque
3195 5126 3662 5206 indeprecabiiem

2088 5221 2255 5277 luetis
2291 5232 2550 5290 pinnam:
2593 5217 2643 5273 is
2679 5215 2902 5288 quidem
2937 5217 3034 5287 qui
3079 5218 3284 5290 injuria
3335 5217 3510 5276 iratus
3554 5229 3688 5278 est.“

411 5309 623 5365 idcireo
670 5312 818 5382 quod
861 5311 1100 5384 injuria;
1138 5312 1186 5366 is
1221 5326 1355 5368 vero
1407 5313 1502 5384 qui
1553 5315 1689 5385 justi
1748 5319 1983 5387 quadam
2023 5318 2208 5390 specie
2244 5315 2581 5372 simultatem
2653 5312 2813 5379 fovit,
2860 5311 3010 5382 quod
3057 5308 3143 5369 vel
3187 5314 3266 5370 sic
3339 5317 3663 5387 injuriarum

414 5421 625 5461 memor
663 5407 850 5463 animo
886 5422 1174 5462 rancorem
1209 5408 1532 5463 servaverit.

1919 5529 2150 5588 ΝΟΤΔΕ.

485 5615 839 5742 (ΙὶἮκιστα
884 5618 1101 5674 κακίαν
1147 5619 1260 5689 οὐχ
1306 5619 1614 5690 ὑφορᾶται.
1669 5622 1770 5679 Hic
1812 5618 1956 5681 idem

415 5701 504 5742 me
579 5687 847 5742 havorino
875 5689 1179 5742 expositus.

2097 5643 2214 5695 στα,
2249 5626 2393 5699 quod
2438 5627 2696 5701 μάλιστα,
2728 5626 2821 5698 qui
2854 5642 2988 5682 usus
3016 5626 3168 5682 vocis
3229 5639 3477 5696 pemus,
3526 5621 3668 5693 opti-

473 5703 504 5742 e
533 5688 847 5742 Phavorino
875 5689 1179 5757 expositus.

781 5777 1050 5838 Parnon.
1097 5778 1208 5840 Gn.
1263 5780 1410 5842 XCI.

3261 5781 3339 5844 ΒΞ
