3956 6212
452 226 595 294 ῚΕΟΊ
1629 240 1688 297 S.
1723 238 2009 298 MAXIM!
2050 235 2559 298 CONFESSORIS
3571 239 3686 306 1008

525 341 797 412 Prospere
833 343 1162 399 cedentibus
1214 343 1316 399 tibi
1349 345 1632 412 omnibus,
1675 346 2030 402 mutationem

2220 346 2447 400 Πάντων
2512 363 2608 400 σου
2651 344 2764 400 τῶν
2821 345 3168 418 πραγμάτων
3225 347 3684 421 κατευοδουμὲνων,

454 444 750 504 exspecta;
805 435 1156 508 vicissimque
1247 437 1552 508 inapinatis
1611 439 1770 493 malis
1825 439 2030 492 cinctus

2147 435 2370 507 éx6éxou
2408 437 2715 510 μεταϐολήν
2745 455 2760 472 ο
2804 439 2900 491 καὶ
2940 438 3106 494 πάλιν
3156 438 3262 492 ὑπὸ
3316 441 3422 494 τῶν
3459 444 3686 515 ἀπροσδο-

454 526 704 598 undique
733 543 798 583 ac
829 528 1146 595 obvolutus,
1174 546 1298 601 qua:
1331 530 1512 586 fausta
1536 530 1649 586 sint
1689 546 1756 586 ac
1799 530 2030 586 secunda

2145 529 2330 598 κτήτων
2363 529 2664 603 συμφορῶν
2713 529 3104 602 κυκλούμενος,
3157 531 3344 598 ἔλπιζε
3394 534 3460 588 τὰ
3505 538 3686 608 χρηστά

452 634 637 690 spera.
1761 641 1766 643 ·

2145 620 2240 672 καὶ
2262 620 2571 690 κρείττονα.

517 712 660 766 Vitae
686 713 854 784 hujus
885 714 1177 784 splendida
1203 731 1268 771 ac
1291 715 1603 788 magniﬁca,
1641 718 1877 774 mortuis
1908 717 2030 788 ipsis

2217 711 2449 782 Νεκρῶν
2513 712 2896 785 ἀχρηστότερα
2954 713 3026 767 τά
3078 713 3308 785 λαμπρὰ
3370 714 3460 770 τοῦ
3511 717 3684 788 παρόν-

451 804 781 874 corporibus
815 805 1002 860 minus
1043 807 1220 863 utilia.

2143 819 2234 866 τος
2263 802 2400 872 βίου.

2228 911 2316 964 Ἐν
2368 913 2435 982 τῇ
2490 911 2646 983 εὐδίᾳ
2693 911 2770 966 ὢν
2792 911 2887 966 τοῦ
2919 912 3060 984 βίου,
3088 912 3311 984 ὲκδέχου
3335 913 3462 968 ποτε
3486 916 3566 969 καὶ
3587 933 3680 987 χει-

2124 1032 2128 1035 -
2147 1000 2304 1071 μῶνα
2323 1004 2686 1075 πραγμάτων.

506 918 584 974 ’1η
615 920 744 976 vitae
771 935 971 977 sereno
1001 923 1361 989 constitutus,
1400 938 1588 978 rerum
1611 938 1833 996 quoque
1866 906 2042 978 turbi-

450 1026 580 1067 nem
612 1012 948 1082 quandoque
977 1021 1258 1084 exspecta.

521 1123 713 1180 Rebus
749 1124 808 1180 in
857 1134 1144 1195 aspectum
1191 1127 1523 1182 cadentibus
1563 1127 1908 1200 diligentiam
1942 1127 2030 1183 ha-

2215 1114 2289 1167 Τὸ
2317 1115 2447 1186 περὶ
2481 1116 2549 1170 τὰ
2598 1116 2903 1188 φαινόμενα
2955 1117 3056 1188 τὴν
3107 1118 3344 1190 σπουδὴν
3388 1117 3539 1190 ἔχειν,
3575 1122 3678 1176 ῐδιόν

447 1220 608 1284 bere,
642 1219 865 1274 illorum
901 1219 1190 1289 proprium
1217 1228 1320 1285 est,
1349 1220 1446 1290 qui
1478 1220 1582 1275 aevi
1610 1219 1783 1274 futuri
1829 1220 2030 1276 nullam

2143 1206 2294 1260 ἐστιν
2337 1208 2452 1270 τοῖς
2497 1208 2768 1279 μηδεμίαν
2817 1208 2911 1262 τοῦ
2967 1208 3257 1280 μέλλοντος
3288 1211 3473 1276 αἰῶνος
3506 1214 3680 1278 ἑαυτοῖς

449 1313 638 1367 animo
670 1319 925 1366 statuunt
951 1326 1130 1381 spem.

2144 1295 2560 1367 ὑποτιθεμένοις
2590 1299 2803 1354 ἐλπίδα.

534 1412 676 1467 Nili.
704 1445 776 1456 —
803 1414 881 1468 Ne
908 1415 1066 1471 nobis
1095 1417 1146 1470 in
1183 1418 1385 1473 saeculo
1418 1422 1518 1476 itoc
1547 1420 1721 1477 fraudi
1763 1423 1892 1492 sint,
1919 1441 2030 1496 qua

2213 1410 2458 1467 Νείλου.
2507 1443 2579 1452 -
2623 1397 2716 1485 Μὴ
2783 1414 3041 1481 ἑξαπάτω
3091 1417 3245 1488 ἡμᾶς
3305 1416 3365 1469 ὲν
3415 1416 3488 1488 τῷ
3524 1416 3678 1489 κόσμῳ

458 1506 858 1575 praemagnillca
923 1521 988 1562 ac
1051 1509 1334 1578 splendida
1393 1519 1544 1566 sunt.
1603 1512 1836 1572 Prorsus
1890 1519 2030 1576 enim

2141 1499 2319 1572 τούτῳ
2348 1508 2625 1577 περιφανῆ
2668 1506 2764 1560 καὶ
2791 1506 3022 1579 λαμπρὰ
3047 1507 3377 1578 δεικνύμενα
3401 1509 3675 1580 πράγματα.

455 1603 770 1661 transeunt,
811 1611 911 1652 nec
939 1597 1236 1668 quidquam
1280 1601 1476 1658 stabile
1508 1613 1616 1669 est,
1663 1619 1882 1672 eorum,
1914 1622 2030 1678 qua

2144 1591 2490 1664 Παρέρχεται
2523 1596 2634 1667 γὰρ
2669 1597 2911 1668 πάντως,
2941 1600 3036 1653 καὶ
3066 1599 3222 1653 οὐδὲν
3243 1599 3353 1653 τῶν
3387 1600 3676 1672 φαινομένων

453 1685 510 1744 in
542 1702 766 1745 sensum
794 1691 1017 1746 cadunt.

2142 1683 2424 1755 στάσιμον.

2211 1795 2441 1854 Πάντων
2500 1817 2596 1854 σου
2656 1802 2768 1858 τῶν
2815 1805 3161 1876 πραγμάτων
3231 1807 3677 1880 κατευοδουμένων,

2139 1887 2362 1960 έκδέχου
2395 1889 2625 1964 ζημίαν.

519 1804 746 1862 Cunctis
799 1806 893 1862 tibi
977 1807 1139 1865 rebus
1200 1810 1452 1868 secundis
1523 1811 1675 1868 auris
1732 1811 2030 1873 ﬂuentibus

445 1897 718 1969 iacturam
757 1912 1033 1972 exspecta.
1481 1911 1506 1974 ε

2209 2002 2430 2071 Δίωνος
2474 2006 2786 2077 Ῥωμαίου.
2817 2040 2889 2050 —
2915 2011 3109 2066 Πολλοὶ
3150 2011 3257 2083 μὲν
3295 2012 3386 2066 ἐπὶ
3416 2015 3521 2076 τοῖς
3551 2009 3679 2082 ἀμεί-

2138 2109 2288 2146 νοσιν
2312 2094 2564 2164 ἀλγοΰσι,
2591 2099 2778 2153 πολλοὶ
2801 2100 2858 2154 δὲ
2893 2101 2990 2155 καὶ
3037 2103 3130 2155 ἐπὶ
3177 2105 3298 2166 τοῖς
3346 2102 3540 2174 χείροσι
3586 2100 3682 2172 χαί·

2143 2203 2315 2256 ρουσι.
2366 2189 2530 2243 Πόσοι
2565 2191 2664 2261 μὲν
2697 2192 2808 2264 γὰρ
2839 2193 3205 2260 πλουτοῦντες
3235 2196 3519 2267 ἄχθονταιῐ
3547 2193 3682 2250 Πόσοι

2136 2281 2194 2335 δὲ
2231 2283 2524 2354 πενόμενοι
2555 2285 2776 2355 ἥδονται
2814 2287 2828 2340 l
2883 2289 3114 2354 ’Ἄλλους
3160 2292 3360 2356 κάλλος
3413 2291 3502 2344 καὶ
3559 2289 3683 2358 ἰσχὺς

2138 2373 2406 2444 ἔϐλαψεν,
2457 2375 2653 2442 ἄλλους
2705 2374 2893 2450 αἶσχος
2952 2381 3048 2434 καὶ
3111 2382 3368 2436 ἀσθένεια
3391 2398 3393 2401 ·
3417 2380 3679 2451 ὠφέλησεν.

2141 2465 2357 2538 Ἔτεροι
2427 2467 2527 2539 τὴν
2583 2471 2808 2541 εἰρήνην
2859 2472 2965 2543 πρὸ
3020 2471 3115 2525 τοῦ
3173 2474 3413 2544 πολέμου
3462 2472 3678 2541 τιμῶσιν.

2136 2556 2315 2630 ἕτεροι
2369 2559 2625 2631 πολεμεῖν
2681 2547 2883 2632 μᾶλλον
2940 2563 2972 2635 ἢ
3036 2565 3270 2636 εἰρήνην
3332 2565 3578 2618 ἐθέλουσι.
3625 2562 3680 2615 Τί

2135 2647 2181 2703 δ’
2224 2650 2326 2704 οὐκ
2379 2651 2468 2704 ἀεὶ
2514 2653 2906 2722 τυραννοῦντες
2955 2672 3107 2719 τινες
3151 2657 3542 2729 ὀλοφύρονται;
3590 2655 3680 2709 Καὶ

2133 2742 2195 2796 τὸ
2251 2743 2527 2814 μέγιστον,
2574 2746 2818 2818 πλεῖστοι
2847 2749 2945 2818 μὲν
2978 2749 3094 2803 ὅσοι
3117 2750 3305 2822 ἀηδῶς
3327 2751 3485 2816 ζῶσιν
3514 2765 3526 2778 °
3557 2745 3681 2800 πλεί-

2137 2854 2251 2891 στοι
2281 2838 2338 2891 δὲ
2369 2840 2541 2911 ἡδέως
2563 2841 3018 2912 ἀποθνήσκουσιν.

515 2011 700 2068 Dionis
723 2011 976 2070 Romani.
1001 2045 1074 2055 —
1093 2014 1252 2071 Multi
1275 2025 1427 2080 sunt,
1451 2017 1547 2088 qui
1589 2017 1850 2075 secundis
1870 2019 2038 2076 rebus

444 2103 690 2185 doleant.
741 2105 900 2160 multi
924 2121 1058 2161 vero
1091 2108 1259 2161 etiam
1290 2109 1384 2179 qui
1415 2108 1483 2164 in
1536 2110 1698 2164 malis
1741 2113 2033 2182 gaudeant.

443 2193 618 2261 Quam
652 2194 812 2248 multi
839 2195 1006 2249 etiam
1039 2196 1241 2266 opibus
1260 2197 1572 2263 allluentes,
1607 2199 1796 2255 animo
1821 2217 2036 2272 angun-

445 2288 576 2342 ωτι
609 2303 774 2358 quam
797 2288 958 2342 multi
983 2303 1118 2343 vero
1151 2299 1479 2359 paupertate
1531 2292 1729 2360 pressi,
1769 2293 1874 2346 sibi
1901 2293 2039 2347 deli-

442 2379 559 2456 cias
590 2379 832 2435 ducunt!
871 2378 1016 2435 Sunt
1036 2379 1240 2450 quibus
1265 2380 1434 2434 decor
1467 2395 1532 2434 ac
1554 2381 1732 2435 forma
1755 2383 2036 2453 roburque

443 2469 706 2526 damnum
743 2470 963 2538 attulit;
1006 2481 1138 2527 sunt
1179 2471 1387 2542 quibus
1445 2472 1629 2542 turpis
1665 2473 1782 2543 ipsa
1821 2474 2036 2544 species

440 2579 508 2631 ac
536 2565 833 2620 inﬁrmitas
864 2565 1018 2620 utilis
1045 2564 1170 2620 fuit.
1210 2547 1486 2621 Nonnulli,
1519 2581 1713 2642 pacem
1747 2581 1861 2637 pra:
1887 2568 2034 2623 bello

441 2657 670 2724 colunt;
712 2657 805 2710 alii
839 2657 1046 2711 bellum
1099 2673 1263 2726 quam
1311 2673 1504 2728 pacem
1556 2659 1788 2714 malunt.
1831 2661 2034 2718 Nonne

442 2747 668 2820 quidam
697 2749 935 2803 aliorum
965 2763 1186 2818 semper
1211 2750 1337 2804 fulti
1363 2751 1602 2822 imperio
1635 2769 1699 2807 ac
1723 2753 2030 2823 dominatu,

441 2841 564 2895 dire
587 2841 902 2912 ejulantur?
927 2840 1005 2894 Ac
1026 2840 1195 2910 (quod
1226 2842 1550 2912 maximum)
1581 2858 1712 2914 pars
1743 2843 2033 2916 hominum

441 2934 704 3004 plurima,
758 2932 908 3003 quod
963 2931 1160 2987 vivunt
1210 2933 1513 3005 injucunda
1579 2933 1821 3004 habent;
1871 2935 2033 3007 longe

440 3024 691 3096 plurimi,
737 3023 975 3080 dulciter
1005 3022 1344 3078 moriuntur.
2058 3043 2102 3103 ο

512 3115 779 3171 Socrates.
834 3147 904 3156 —
955 3113 1106 3171 Idem
1173 3123 1258 3169 est
1323 3115 1490 3171 rebus
1544 3115 1805 3172 secundis
1855 3117 2028 3172 altum

440 3223 657 3278 sapere,
684 3207 852 3280 684
879 3217 936 3263 et
962 3207 1049 3261 via
1079 3207 1293 3262 lubrica
1324 3209 1564 3263 stadium
1598 3225 1848 3264 currere.

512 3301 860 3373 Aristonymi.
889 3329 957 3340 —-
991 3300 1110 3358 Vita
1173 3301 1390 3355 theatro
1411 3300 1610 3356 similis
1643 3312 1746 3356 est.
1779 3301 2028 3372 Hincque

441 3393 581 3448 adeo
611 3401 716 3459 est,
748 3402 810 3448 ut
837 3393 985 3448 haud
1017 3410 1166 3458 raro,
1195 3394 1290 3464 qui
1320 3394 1546 3464 pessimi
1572 3403 1725 3462 sunt,
1757 3394 1813 3448 in
1834 3395 2028 3449 buma-

441 3486 528 3540 nis
553 3485 822 3555 optimum
851 3485 1034 3539 locum
1069 3493 1315 3540 teneant.
1731 3470 1736 3475 ’

513 3569 803 3631 Βεηιοενὶῖ.
835 3605 904 3616 -
931 3576 1268 3648 Temporum
1307 3574 1808 3646 vicissitudinibus,
1839 3575 1933 3648 qui
1970 3585 2028 3632 et

440 3668 601 3724 valde
625 3676 880 3739 potentes
903 3676 1052 3735 sunt,
1078 3667 1446 3724 inﬂrmiorum
1475 3671 1843 3725 necessariam
1864 3684 2026 3740 opem

441 3768 767 3832 agnoscunt.

503 3851 934 3924 Hippotltountis.
975 3882 1046 3892 -—
1095 3850 1270 3906 Homo
1315 3867 1441 3906 cum
1496 3853 1592 3918 sis,
1645 3865 1858 3906 memor
1906 3857 2025 3905 esto

444 3946 753 4001 communis
776 3945 1012 3999 fortuna:
1045 3959 1110 3999 ac
1145 3943 1333 3997 sortis.

506 4035 814 4090 ‘Isidori.—-
846 4031 1092 4087 Mortalis
1131 4047 1257 4086 cum
1309 4031 1404 4096 sis,
1463 4044 1663 4084 conare
1715 4035 1774 4082 ut
1820 4027 2010 4082 videas

440 4141 566 4200 qua
602 4134 754 4179 τειτο
781 4129 929 4177 sunt.

2210 3099 2547 3171 Σωκράτης.
2577 3133 2649 3146 -—
2678 3106 2890 3160 Ταυτόν
2943 3108 3091 3161 ἐστιν
3149 3108 3246 3162 ἐπὶ
3305 3108 3520 3180 εὐτυχίᾳ
3561 3107 3683 3179 μέγα

2130 3197 2369 3266 φρονεῖν,
2398 3197 2494 3248 καὶ
2520 3196 2614 3249 ἐπὶ
2644 3197 2938 3268 ὀλισθηρᾶς
2967 3198 3087 3252 ὀδοῦ
3114 3200 3534 3272 σταδιοδρομεῖν.

2211 3288 2596 3357 Ἀριστωνύμ.
2621 3319 2690 3329 -
2716 3290 2932 3344 Ἔοικεν
2968 3292 2996 3343 ὁ
3027 3291 3141 3361 βίος
3170 3281 3412 3364 θεάτρῳ.
3446 3293 3530 3346 Διὸ
3575 3292 3684 3346 πολ-

2127 3376 2286 3442 λάκις
2320 3380 2583 3450 χείρισται
2621 3380 2712 3435 τὸν
2743 3381 3029 3437 κάλλιστον
3059 3385 3118 3437 ὲν
3154 3384 3375 3440 ἑαυτοῖς
3420 3384 3684 3456 κατέχουσι

2126 3470 2311 3524 τόπον.

2195 3562 2508 3632 Δηιὶοκρίτ.
2539 3595 2611 3604 -
2637 3564 2774 3632 Ταῖς
2802 3565 2910 3620 τῶν
2939 3567 3151 3639 καιρῶν
3205 3569 3553 3639 μεταϐολαῖς,
3599 3568 3680 3622 καὶ

2127 3656 2176 3708 οῖ
2210 3655 2416 3728 σφόδρα
2463 3656 2681 3710 δυνατοὶ
2737 3658 2846 3712 τῶν
2907 3659 3322 3734 ἀσθενεστέρων
3370 3662 3564 3726 ἐνδεεῖς
3608 3661 3682 3730 γί-

2127 3763 2331 3801 νονται.

2210 3840 2620 3896 Ἰπποθοούντ.
2637 3871 2709 3883 -
2727 3841 3048 3914 Ἀνθρωπος
3072 3842 3168 3910 ὢν,
3201 3845 3451 3918 μέμνησο
3473 3846 3564 3917 τῆς
3591 3861 3686 3898 xst-

2126 3930 2224 4002 νῆς
2249 3930 2439 4003 τύχης.

2207 4023 2531 4094 Ἰσιδώρου.
2561 4057 2635 4070 -
2661 4027 2868 4100 Θνητὸς
2905 4029 3188 4101 πεφυκὼς,
3227 4029 3300 4087 τὰ
3333 4033 3504 4088 ὀπίσω
3531 4029 3684 4102 πειρῶ

2127 4111 2362 4183 βλέπειν.

1115 4234 1162 4289 Ε
1168 4235 1362 4304 uripid.

2742 4232 3092 4300 Εὐριπίδου.

461 4398 463 4400 .
497 4343 654 4434 .Igihil
681 4345 735 4426 in
769 4343 983 4428 mortali
1018 4344 1247 4434 ﬁ‘rn'tunt.
1275 4359 1464 4434 genere
1489 4345 1774 4434 consistit;
1831 4429 1848 4434 Α
1877 4411 1999 4434 mm

2199 4340 2451 4434 ξέϐριοῖ
2469 4341 2666 4434 esset:
2691 4343 2865 4434 ἐςτιν
2888 4345 2959 4399 ἐν
2991 4345 3189 4426 θνῃτῷ
3221 4345 3400 4434 τέξει,

510 4412 620 4468 Nec
638 4415 776 4468 enim
805 4417 897 4486 qui
921 4409 1059 4469 vivat
1081 4409 1401 4485 aliquis"est,
1427 4430 1529 4485 quo
1550 4415 1710 4485 modo
1738 4415 1848 4485 ipse
1875 4411 2019 4466 velit.

2199 4409 2331 4463 Βιοῐ
2352 4409 2465 4480 γὰρ
2496 4411 2696 4478 οὐδεὶς
2723 4411 2796 4466 ὃν
2821 4409 3186 4483 προαιρεῖται
3220 4409 3463 4486 τρόπον.

2749 4515 3103 4596 Ἁνώνύμου.

2127 4613 2247 4667 Οὐκ
2277 4613 2449 4669 ἔστιν
2477 4614 2648 4681 ὅστις
2671 4615 2844 4669 πάντ’
2872 4616 3028 4686 ἀνὴρ
3056 4619 3377 4689 εὐδοκιμεῖ.

513 4708 620 4763 Sed
649 4717 706 4763 et
732 4717 786 4764 te
826 4724 1000 4763 unum
1041 4707 1337 4779 quemdam
1373 4724 1405 4763 e
1445 4709 1610 4780 vulgo
1654 4724 1776 4765 esse
1825 4709 2021 4765 existi-

2140 4703 2288 4760 ῖῒναι
2314 4705 2367 4760 δ’
2399 4707 2668 4763 ὑπόλαϐε
2697 4707 2796 4762 καὶ
2828 4707 2905 4762 σὲ
2935 4709 3058 4764 τῶν
3088 4710 3339 4766 πολλῶν
3362 4711 3491 4767 ἕνα.

443 4807 612 4854 ntato.

2755 4799 3056 4870 Διογένης.

511 4892 790 4965 Diogenes.
814 4923 882 4935 -—-
903 4893 949 4950 Ο
977 4896 1208 4950 mortale
1242 4911 1307 4951 ac
1325 4911 1698 4952 aerumnosum
1724 4895 2019 4952 hominum

2140 4893 2196 4948 Ὠ
2227 4887 2451 4959 θνητόν
2479 4889 2719 4960 ἀνδρῶν
2742 4891 2841 4946 καὶ
2868 4893 3252 4961 ταλαίπωρον
3275 4894 3468 4964 γένος,

445 4987 638 5054 genus.
1633 4993 1636 4996 '
2133 4977 2231 5046 Ὠς
2258 4982 2439 5036 οὐδέν
2464 4981 2655 5051 ἐσμεν
2679 4981 2848 5051 πλὴν
2871 4983 3075 5051 σκιαῖς
3097 4985 3380 5052 ἐοικότες,

512 5078 687 5143 Quam
715 5077 856 5133 nihil
884 5081 1108 5135 sumus!
1139 5095 1305 5150 quam
1343 5079 1494 5151 quod
1526 5080 1740 5136 umbris
1787 5081 2020 5147 similes,

2140 5071 2313 5141 Βάρος
2349 5074 2647 5142 περισσὸν
2671 5073 2782 5145 γῆς
2799 5075 3368 5147 ιάναστροερώμενοιέ

472 4502 475 4505 ’
508 4510 725 4578 Incerti.
759 4552 826 4564 --
863 4523 1038 4579 Nemo
1079 4534 1168 4580 est
1227 4524 1322 4596 qui
1362 4525 1420 4580 in
1467 4524 1729 4580 omnibus
1760 4524 2023 4596 praeclare

439 4623 497 4668 et
525 4630 592 4669 ex
626 4618 832 4671 virtute
856 4624 1012 4688 agat:

512 5169 736 5225 Pondus
758 5177 917 5226 terra:
948 5173 1143 5228 inutile
1173 5173 1538 5230 oberramusl

511 5260 744 5332 Apelles.
783 5293 854 5303 —
889 5262 1108 5333 Apelles
1138 5265 1340 5335 pictor,
1390 5280 1516 5319 cum
1542 5280 1610 5320 ex
1650 5280 1717 5320 eo
1740 5280 2024 5335 quaerere-

2204 5273 2263 5327 Ὀ
2309 5268 2572 5342 Ἀπελλῆς
2613 5274 2642 5325 ὁ
2689 5271 2978 5341 ζωγράφος
3031 5270 3345 5343 ἐρωτηθεὶς,
3409 5266 3546 5322 διατὶ
3594 5266 3680 5334 τήν

444 5360 555 5419 tur,
595 5352 728 5424 quid
752 5369 931 5410 causa:
961 5366 1109 5428 esset
1139 5373 1240 5412 cur
1266 5358 1549 5414 fortunam
1579 5356 1865 5412 sedentem
1895 5357 2023 5426 pin-

2140 5365 2306 5438 Τύχην
2357 5363 2677 5434 καθημένην
2725 5362 2988 5434 ἔγραψεν,
3019 5358 3194 5428 εἶπεν,
3218 5361 3329 5430 Οὐχ
3349 5357 3543 5429 ἕστηκε
3562 5353 3678 5424 γάρ.

443 5453 624 5515 geret;
651 5444 769 5500 Non
794 5445 966 5511 enim,
995 5447 1092 5512 ait,
1116 5455 1244 5503 stat.
1315 5523 1319 5528 .
1981 5524 1984 5527 _
2139 5464 2152 5471 “

515 5563 668 5620 Bias.
691 5599 763 5608 —
798 5566 996 5625 Aiebat
1033 5565 1201 5632 idem,
1225 5566 1308 5621 sic
1347 5549 1522 5620 ‘vitam
1549 5561 1914 5626 metiendam,
1963 5568 2026 5618 ut

2193 5557 2364 5622 Βίας.
2392 5585 2466 5596 -
2504 5554 2563 5611 ¹0
2592 5555 2754 5620 αὐτὸς
2776 5557 2952 5624 ἔλεγε,
2985 5557 3077 5609 τὸν
3102 5554 3216 5625 βίον
3267 5552 3408 5607 οὕτω
3457 5550 3680 5621 μετρεῖν,

449 5653 618 5724 quiet
653 5655 888 5710 multum
918 5656 1206 5727 temporis,
1235 5661 1292 5710 et
1328 5653 1593 5724 pusillum
1628 5652 1879 5708 victurus
1919 5649 2030 5734 sis.

2140 5648 2207 5732 ᾡς
2237 5646 2350 5732 καὶ
2368 5645 2558 5733 πολύν,
2577 5647 2895 5732 ,καλιόλίγον
2921 5634 3110 5719 χρόνον
3139 5645 3486 5720 βιωσόμενος.

3849 3957 3857 4290 ᾖ
