4008 6194
361 312 496 378 ιοοθ

833 429 1092 495 Σοφοκλ.
1151 427 1220 480 ἐν
1265 427 1493 484 Αἴαντι.

440 509 537 586 Ὡς
564 514 752 586 ἡμέρα
781 517 972 568 κλίνει
1003 533 1067 570 τε
1100 516 1343 586 κάνὰγει
1373 517 1580 580 πάλιν,

433 585 631 650 Οὕτως
680 584 916 639 ἅπαντα
973 587 1044 640 τὰ
1074 584 1435 655 ἀνθρώπινα.
1657 605 1659 608 ‘

913 699 1131 752 ΛΟΓΟΣ
1169 697 1274 751 ΞΗ’
1312 699 1381 754 ⁸⁸.

432 789 569 856 Περὶ
595 788 720 854 τοῦ,
759 791 849 844 ὅτι
878 789 974 843 δεῖ
996 789 1172 878 τιμᾷνς
1199 790 1420 860 ἀρετὴν
1449 784 1547 864 καὶ
1593 789 1868 850 κολάζειν

407 906 410 908 .
1033 877 1268 914 κακιαν.

449 972 629 1027 Ἰωὰν.
659 972 725 1028 ε’.
769 973 1229 1044 Ἐκπορεύσονται
1267 976 1315 1026 οί
1348 973 1418 1027 τὰ
1453 973 1650 1042 ἁγαθά
1679 975 1939 1044 ποιήσαν-

360 1081 474 1129 τες,
505 1067 585 1127 είς
611 1064 906 1118 ἀνάστασιν
935 1065 1085 1136 ζωῆς
1107 1081 1121 1096 ο
1151 1067 1200 1119 ot
1226 1065 1282 1118 δὲ
1306 1065 1376 1119 τὰ
1402 1065 1580 1134 φαῦλα
1609 1066 1935 1137 πράξαντες,

362 1157 441 1217 είς
475 1154 772 1208 ἀνάστασιν
807 1155 1062 1227 κρίσεως.

425 1249 512 1300 ·Β’.
538 1249 707 1315 Πετρ.
734 1245 917 1312 β’.’-
947 1250 1102 1302 Οἵδεν
1148 1249 1354 1319 Κύριος
1384 1249 1628 1312 εὐσεϐεῖς
1651 1251 1714 1302 ὲκ
1742 1266 1938 1320 πειρα-

274 1377 282 1382 .
366 1337 505 1407 σιμοῦ
567 1339 792 1408 ῥύεσθαι
826 1357 842 1369 °
900 1341 1121 1406 ἀδίκους
1175 1342 1231 1395 δὲ
1290 1343 1371 1405 εἰς
1423 1342 1641 1413 ἡμέραν
1706 1341 1940 1412 κρίσεως

1937 1457 1943 1464 ·
2049 1445 2182 1484 vare
2212 1426 2566 1483 cruciandos.

364 1428 759 1500 κολαζομένους
788 1435 997 1503 τηρεῖν.

429 1522 672 1590 Παροιμ.
707 1530 815 1576 xa’.
840 1553 910 1565 -—
930 1524 1310 1594 Ζημιουμένου
1343 1524 1666 1591 ἀκολάστου,
1705 1539 1936 1594 πανουρ-

364 1610 584 1680 γότερος
609 1610 814 1679 γίνεται
827 1611 1074 1677 ιᾶκακος.
1158 1627 1162 1636 ’

366 1792 651 1863 ρούμενον,
688 1795 964 1864 κραταιῶς
1002 1796 1164 1860 αὐτὸς
1197 1797 1528 1854 παιδεύεται.

437 1881 622 1952 Σιρὰχ
658 1882 712 1937 ι’.
733 1914 804 1936 —.
825 1887 899 1939 Οὐ
922 1885 1128 1939 δίκαιον
1163 1889 1430 1958 ἀτιμάσαι
1455 1892 1670 1964 πτωχὸν
1703 1895 1943 1964 συνετὸν,

366 1973 460 2026 καὶ
483 1973 544 2026 οὐ
581 1973 821 2046 καθῆκον
845 1976 1070 2042 δοξάσαι
1104 1979 1466 2050 ἀμαρτωλόνμ

437 2150 651 2206 Βασιλ.
675 2181 748 2193 -—-
781 2152 929 2228 Ἐὰν,
964 2157 1014 2208 οί
1066 2160 1474 2237 σωφρονοῦντες
1520 2164 1650 2225 τούς
1708 2165 1946 2232 φαύλους

366 2239 549 2292 ἴδωσιν
577 2242 1035 2314 ἀτιμαζομένους,
1074 2249 1208 2304 πολύ
1239 2251 1653 2326 προθυμότερον
1685 2257 1786 2328 τῆς
1811 2259 1948 2329 ἀρε-ρ

363 2330 463 2399 τῆς
491 2331 828 2400 ἀνθέξονται.
1345 2359 1355 2394 ·.

452 2419 634 2489 Ἄλλος
660 2427 758 2494 μὲν
786 2424 879 2482 οῦν
898 2431 980 2501 εἴη
1014 2433 1142 2504 περὶ
1175 2435 1347 2488 ταῦτα
1381 2439 1650 2508 τολμηρὸς
1683 2443 1778 2495 καὶ
1813 2460 1943 2511 γεν-

364 2511 562 2575 νάδαςο
603 2514 802 2583 μᾶλλον
849 2516 904 2576 δὲ
936 2520 1020 2588 εἴη
1066 2520 1276 2590 μηδείς.
1320 2522 1460 2591 Ἐγὼ
1491 2524 1546 2576 δὲ
1585 2527 1726 2578 ὀκνῶ
1773 2519 1949 2599 κακίᾳ

364 2602 546 2657 δοῦναι
574 2606 791 2672 πάντως
817 2610 916 2678 τὴν
939 2611 1189 2665 ἐντεῦθεν
1221 2615 1465 2679 κόλασιν,
1502 2615 1535 2687 ἢ
1572 2619 1823 2690 εὐσεϐείᾳ
1841 2621 1942 2692 τὴν

366 2693 567 2749 ἄνεσιν.
617 2697 754 2750 Ἀλλ’
800 2699 915 2752 ἔστι
960 2702 1059 2771 μὲν
1087 2704 1176 2757 ὅτε
1211 2707 1307 2758 καὶ
1333 2709 1470 2778 πρός
1498 2726 1550 2763 τι
1583 2712 1875 2782 χρήσιμον,
1904 2713 1938 2783 ἢ

367 2784 565 2848 κακίας
611 2788 1038 2860 ἑγκοπτομὲνης,
1091 2793 1391 2851 δυσπάθεια
1422 2799 1529 2853 τῶν
1561 2803 1846 2872 πονηρῶν·
1906 2804 1940 2875 ἢ

366 2875 570 2944 ἀρετῆς
620 2877 1064 2952 όδοποιουμὲνης,
1126 2885 1390 2942 εὐπάθεια
1439 2891 1548 2945 τῶν
1611 2892 1897 2962 βελτιόνων
1924 2915 1942 2932 ·

365 2969 466 3020 οὐκ
493 2970 580 3060 ἀεὶ
614 2971 694 3037 δὲ,
741 2973 861 3026 οὐδὲ
897 2977 1146 3041 πάντωςο
1213 2981 1330 3044 ἀλλ’
1375 2978 1518 3038 εἶναι
1567 2987 1727 3042 τοῦτο
1779 2993 1941 3060 μόνον

365 3059 684 3177 ἓξὲξ-οῦ-
715 3064 1018 3177 μέλλοντος,
1049 3073 1174 3177 uati:
1207 3072 1267 3126 ὃν
1291 3077 1340 3177 ei
1378 3075 1484 3177 uti
1498 3079 1576 3177 τὰ
1611 3079 1718 3154 τῆς.
1740 3082 1942 3154 ἀρετῆς
1968 3113 2021 3177 C

365 3144 525 3219 ἆθλα,
551 3153 600 3205 oi
626 3154 682 3208 δὲ
709 3156 778 3210 τὰ
802 3159 904 3229 τῆς
930 3162 1129 3227 κακίας
1157 3144 1409 3238 ἐπιτίμια
1429 3144 1694 3234 δέξονται.

435 3421 927 3488 Χρυσοστ.-Δδς
953 3426 1033 3496 τῷ
1055 3426 1312 3499 δεομένῳ,
1361 3432 1455 3484 καὶ
1485 3434 1560 3504 μὴ
1585 3434 1690 3505 δῷς
1727 3437 1804 3506 τῷ
1847 3438 1944 3508 ὀρ-

365 3511 634 3580 χουμὲνῳ,
669 3511 754 3564 ἴνα
778 3511 857 3583 μὴ
889 3515 1026 3583 μετά
1057 3517 1166 3571 τῶν
1207 3518 1316 3572 σῶν
1354 3524 1653 3591 χρημάτων
1695 3527 1790 3579 καὶ
1840 3527 1940 3598 τὴν

363 3601 541 3672 ψυχὴν
567 3603 837 3675 ἀπολέσῃς
860 3605 958 3676 τὴν
1002 3607 1234 3663 ἐκείνου.
1292 3611 1364 3664 Σὺ
1401 3612 1513 3684 γὰρ
1559 3615 1733 3681 αἴτιος
1761 3613 1813 3671 εἴ
1841 3621 1942 3690 τῆς

367 3691 576 3745 ἐκείνου
604 3694 898 3758 ἀπωλείας,
953 3696 1040 3749 διὰ
1083 3699 1182 3768 τῆς
1215 3701 1444 3773 ἀκαίρου
1497 3706 1827 3778 φιλοτιμίας.
1878 3713 1942 3766 Εί

363 3778 475 3850 γὰρ
505 3782 553 3832 οἱ
583 3781 674 3832 ἐπὶ
704 3782 800 3850 τῆς
828 3782 1137 3856 ὀρχήστρας
1165 3787 1382 3858 ᾔδεσαν,
1405 3790 1486 3845 ὅτι
1515 3793 1943 3869 τᾰὲπιτήδευμα

365 3872 547 3935 αὐτοῖς
574 3873 800 3942 ἀκερδὲς
829 3872 1053 3943 ἔμελλεν
1086 3876 1325 3948 ἔσεσθαι,
1365 3883 1534 3937 πάλαι
1567 3884 1634 3939 ἂν
1662 3887 1940 3948 ἐπαύσαν-

363 3977 427 4013 το
462 3961 634 4014 ταῦτα
673 3963 1112 4034 ἐπιτηδεύοντες.

443 4052 631 4107 Ἡσαΐ.
667 4058 825 4122 γ’.-
858 4055 1060 4110 Ἀδικεῖ
1092 4059 1220 4124 τοὺς
1271 4061 1538 4130 ἀγαθοὺς,
1569 4067 1597 4119 ὁ
1626 4068 1942 4140 φειδόμενος

363 4162 471 4197 των
502 4163 572 4197 κα
579 4164 708 4201 κων.

437 4238 591 4292 Ὅσοι
645 4241 773 4304 τούς
817 4241 1134 4307 ἀδικοῦντας
1201 4246 1544 4318 κολάζουσιν,
1618 4246 1768 4308 οὗτοι
1813 4259 1952 4322 τοὺς.

363 4327 558 4390 ἄλλους
586 4328 888 4384 ἀδικεῖσθαι
918 4333 1238 4392 κωλύουσιν.

1673 317 1843 378 LOCI
1881 311 2314 375 COMMUNES.
2351 317 2356 319 ’

1967 427 2014 482 Δ

3482 305 3620 370 Ῑοὶῦ

2446 435 2450 439 ·
2539 416 2809 490 Sophoclis
2837 420 2891 472 in
2929 417 3110 488 .ijace.
3438 424 3439 427 “

2118 511 2236 582 Qua
2265 513 2474 565 ratione
2496 511 2724 566 inclinat
2749 514 2878 576 dies,
2921 531 2983 568 ac
3017 529 3228 566 rursum
3263 513 3513 582 assurgit,

2111 580 2198 635 Sic
2223 591 2272 634 et
2299 582 2546 636 humana:
2587 599 2668 635 res
2707 600 2905 636 omnes.

2590 696 2820 751 SERMO
2859 696 2948 749 LX
2958 696 3092 750 VIII.

2113 789 2315 846 Honori
2345 789 2640 844 habendam
2675 790 2951 855 virtutem,
2983 791 3169 841 vitium
3207 789 3552 858 puniendum.

2111 969 2282 1024 Joan.
2307 985 2362 1032 ν,
2384 967 2476 1023 29.
2505 997 2574 1006 -
2600 966 2907 1020 Procedent
2947 965 3041 1034 qui
3077 966 3228 1020 bona
3270 951 3525 1020 fecerunt
3568 965 3621 1018 in

2047 1062 2512 1118 resurrectionem
2555 1060 2709 1123 vitae;
2760 1059 2856 1127 qui
2907 1057 3212 1112 vero-mala
3263 1065 3516 1128 egerunt,
3567 1058 3622 1112 in

2045 1154 2514 1210 resurrectionem
2545 1150 2763 1222 judieii.

2125 1246 2186 1301 ΙΙ
2217 1246 2366 1300 Petr.
2394 1261 2452 1308 ιι,
2483 1248 2535 1300 9.
2561 1243 2812 1297 —-Novit
2854 1241 3121 1296 Dominus
3168 1241 3290 1312 pios
3325 1242 3393 1296 de
3443 1250 3625 1297 tenta-

2052 1341 2206 1394 tione
2237 1339 2483 1407 eripere;
2518 1336 2738 1405 iniquos
2765 1349 2900 1388 vero
2932 1333 2986 1387 in
3019 1333 3165 1388 diem
3199 1332 3396 1403 judieii
3447 1348 3630 1388 resera

2057 1571 2059 1575 ,
2118 1519 2276 1575 Prov;
2311 1535 2422 1584 xxx,
2455 1519 2542 1573 il.
2567 1546 2641 1558 —-
2665 1517 2893 1572 Multato
2922 1516 3236 1587 pestilente,
3285 1515 3525 1569 astutior
3567 1513 3626 1568 ﬁt

1937 1642 1940 1645 -
2049 1610 2300 1680 simplex.

437 1703 683 1770 Παροιμ.
717 1704 1252 1776 κβΩ-Πανοῦργος
1309 1705 1430 1759 ἰδὼν
1480 1705 1712 1776 πονηρὸν
1772 1721 1942 1774 τιμιω-

437 1792 651 1860 ύμενον,
688 1795 964 1860 κραταιῶς
1002 1796 1164 1860 αὐτὸς
1197 1797 1528 1854 παιδεύεται.

2122 1703 2284 1756 Prov.
2317 1717 2448 1765 ml,
2478 1703 2532 1754 5.
2568 1703 2902 1756 -—Callidus

2067 1791 2293 1856 lantem,
2321 1791 2480 1845 valde
2520 1791 2635 1860 ipse
2677 1789 2934 1844 eruditur

2122 1701 2284 1756 Prov.
2317 1717 2448 1765 nn,
2478 1701 2532 1754 5.
2568 1699 2902 1756 -—Callidus
2942 1697 3139 1752 videns
3177 1696 3384 1750 malum
3429 1709 3623 1765 poenas

2114 1883 2281 1939 Eccli.
2317 1900 2371 1946 ι,
2395 1884 2486 1938 9.6.
2515 1913 2585 1923 —
2609 1883 2729 1958 Non
2748 1884 2959 1953 justum
2989 1891 3075 1936 est
3097 1880 3386 1951 despicere
3413 1895 3626 1950 paupe-

2047 1992 2162 2032 rem
2191 1983 2498 2040 sensatum,
2520 1989 2627 2030 nec
2653 1973 2816 2029 decet
2839 1971 3190 2044 magnificare
3219 1971 3400 2026 virum
3434 1985 3632 2041 pecca-v

2047 2076 2247 2121 torem.

2119 2158 2328 2214 Basilii.
2352 2191 2422 2204 —
2457 2160 2596 2216 Cum
2626 2160 2729 2214 viri
2760 2159 2931 2215 sobrii
2975 2175 3041 2214 ac
3077 2158 3401 2229 prudentes,
3451 2158 3626 2212 malos

2047 2249 2301 2304 homines
2375 2259 2723 2320 contemptos
2777 2249 3145 2314 adverterint,
3211 2248 3408 2319 majori
3465 2247 3637 2317 longe

2047 2342 2330 2398 alacritate
2360 2343 2688 2399 incumbent
2717 2343 2822 2413 ipsi
2851 2342 3070 2397 virtuti.

2113 2433 2278 2504 685
2309 2434 2466 2490 Alius
2493 2450 2624 2490 sane
2653 2434 2806 2488 hisce
2835 2433 2889 2488 in
2920 2433 3088 2488 rebus
3130 2432 3308 2487 audax
3336 2431 3630 2502 praeﬁden-

2047 2527 2265 2595 tiorque
2296 2525 2600 2591 exstiterit;
2650 2524 2898 2594 quinimo
2945 2538 3051 2578 nec
3098 2525 3390 2593 quisquam
3439 2523 3625 2577 fuerit.

2043 2616 2315 2673 Caeterum
2351 2617 2532 2672 haereo
2563 2633 2685 2688 ego,
2711 2633 2815 2673 nec
2829 2632 2936 2680 ,me.
2959 2616 3158 2671 adduci
3189 2615 3361 2680 sinor,
3393 2623 3455 2668 ut
3490 2629 3630 2683 pra:-

2045 2709 2184 2764 senti
2218 2723 2336 2763 aevo
2369 2707 2638 2778 supplicia
2667 2708 2825 2771 vitio,
2859 2716 2956 2762 aut
3006 2706 3194 2777 pietati
3246 2705 3632 2760 remissionem

2045 2814 2111 2854 ac
2136 2798 2380 2864 delicias,
2431 2798 2657 2852 omnino
2689 2797 2958 2853 ascribam
2994 2815 3006 2850 :
3043 2796 3138 2852 sed
3170 2804 3255 2850 est
3297 2793 3638 2865 quandoque

2045 2891 2290 2962 quidem,
2321 2889 2467 2960 quod
2510 2889 2585 2944 ita
2614 2890 2747 2944 utile
2777 2889 2870 2954 sit,
2902 2899 2968 2944 ut
3006 2887 3254 2958 nequitia
3283 2886 3627 2948 inhibeatur,

2047 2995 2163 3040 tum
2210 2983 2477 3039 malorum
2514 2982 2830 3048 calamitas,
2867 2990 2981 3036 tum
3026 2989 3088 3036 ut
3121 2980 3302 3035 virtus
3333 2991 3646 3048 prosperos:

2046 3093 2336 3134 successus
2386 3077 2611 3141 haheat,
2667 3091 2732 3130 ac
2765 3074 3100 3144 provehatur
3131 3073 3306 3143 ipsius
3345 3069 3644 3126 cultorum.

2045 3169 2298 3233 felicitas,
2330 3168 2426 3224 sed
2450 3184 2559 3222 non
2579 3181 2805 3238 semper
2827 3181 3196 3236 prorsusque;
3219 3179 3412 3218 verum
3438 3162 3627 3217 futuro

2047 3259 2100 3312 id
2129 3274 2248 3314 aevo
2279 3258 2552 3323 deditum,
2577 3272 2689 3327 quo
2731 3255 2825 3310 alii
2867 3255 3092 3326 quidem
3121 3255 3347 3310 virtutis
3379 3253 3634 3324 praemia,-

2045 3348 2139 3402 alii
2166 3348 2434 3404 malorum
2460 3361 2650 3417 paenas
2674 3347 2952 3415 recepturi
2978 3356 3132 3401 sunt.

2115 3438 2384 3509 Chrysost.
2406 3468 2477 3477 —
2499 3437 2575 3490 Da
2596 3436 2895 3506 indigenti,
2912 3453 3015 3493 nec
3040 3437 3365 3506 tripudianti
3381 3436 3623 3498 dederis,

2044 3545 2115 3585 ne
2143 3544 2267 3584 cum
2294 3529 2406 3584 tuis
2430 3528 2653 3597 opibus,
2679 3530 2800 3599 ejus
2828 3529 3002 3598 ipsius
3028 3529 3267 3582 animam
3295 3527 3632 3596 perdideris.

2045 3621 2126 3674 Tu
2161 3620 2328 3685 enim,
2356 3619 2505 3688 quod
2535 3619 2614 3674 sic
2645 3619 2958 3688 importune
2997 3618 3291 3673 muniﬁcus
3323 3633 3404 3681 es,
3436 3619 3624 3688 perdi-

2044 3712 2212 3767 tionis
2252 3711 2330 3765 illi
2361 3719 2559 3766 auctor-
2583 3711 2822 3766 exsistis.
2854 3712 2910 3767 Si
2943 3709 3094 3766 enim
3118 3710 3214 3779 qui
3244 3710 3299 3764 in
3340 3709 3644 3766 orchestra

2042 3805 2263 3869 ludunt,
2299 3805 2647 3874 exploratum
2695 3804 2988 3870 haberent,
3037 3805 3251 3858 nullum
3299 3805 3402 3860 sibi
3446 3821 3514 3860 eo
3557 3821 3622 3861 ex

2044 3898 2297 3954 instituto
2331 3897 2591 3952 lucellum
2621 3897 2760 3963 fore,
2797 3897 2890 3953 illo
2919 3897 3135 3968 pridem
3165 3898 3279 3968 jam
3322 3899 3629 3954 abstinuis—

2044 3997 2190 4045 sent.

2113 4081 2290 4136 Isaiae.
2314 4083 2385 4122 -'—
2404 4082 2464 4136 ln
2499 4081 2676 4136 bonos
2710 4080 2946 4152 iniurius
2973 4089 3076 4147 est,
3110 4079 3204 4151 qui
3233 4081 3412 4152 parcit
3442 4082 3619 4136 malis.

2111 4259 2214 4324 Qui
2259 4259 2315 4312 in
2350 4272 2447 4313 eos
2482 4257 2846 4320 ulciscuntur,
2878 4257 2974 4326 qui
3020 4257 3219 4328 injuria
3263 4259 3489 4326 lmdunt,
3537 4260 3618 4325 hi,

2041 4369 2111 4407 ne
2139 4353 2229 4406 alii
2259 4351 2547 4414 laedantur,
2583 4349 2910 4419 impediunt.

442 4420 508 4516 :0.
553 4421 753 4516 ἀρετὴν
799 4425 996 4516 τιμων,
1049 4428 1272 4500 πρώτην
1326 4432 1584 4504 ἀλήθειαν
1639 4441 1797 4511 τιμᾷ,
1839 4442 1934 4496 καὶ

2111 4442 2343 4499 Virtutis
2391 4441 2591 4505 cultor,
2637 4440 2870 4510 primam
2905 4441 3194 4496 veritatem
3243 4441 3396 4507 colit,
3446 4421 3628 4512 caque

365 4511 598 4580 μάλιστα
621 4512 696 4575 ὠς
720 4513 926 4582 ἀγαθοῦ
959 4519 1160 4583 παντὸς
1191 4523 1652 4593 ἡγεμονεύουσαν.

432 4697 932 4750 Σόλωνι-Σόλων
977 4701 1004 4752 ὁ
1037 4700 1230 4768 σοφὸς,
1285 4703 1502 4774 ἐκείνην
1553 4703 1937 4782 εἴπεν-ἄριστα

361 4789 626 4868 οἰκεῖ-σθαι
660 4789 758 4860 τὴν
800 4791 974 4855 πόλιν,
1029 4787 1150 4866 ὲνῇ
1197 4794 1322 4858 τούς
1346 4796 1588 4864 ἀγαθοὺς
1649 4804 1936 4872 συμϐαίνει

363 4881 626 4948 τιμᾶσθαι
645 4900 656 4912 ·
683 4883 918 4934 κάκιστα
948 4882 1004 4936 δὲ
1041 4886 1331 4948 οἰκεῖσθαι,
1377 4891 1436 4940 ἐν
1548 4894 1674 4956 τούς
1707 4897 1931 4960 κακούς.

433 4971 879 5035 Seston—Axio
927 4974 1171 5044 ἀφορμαὶ
1221 4978 1459 5032 κινοῦσιν
1511 4981 1794 5054 ἄνθρωπον
1853 4989 1934 5052 εἰς

360 5063 492 5116 Θεοῦ
519 5063 868 5132 ἐπιμέλειαν·
924 5067 1160 5138 τιμωρία
1199 5070 1533 5138 δυσσεϐείας,
1570 5075 1662 5127 καὶ
1710 5076 1933 5148 γνώμης

360 5153 613 5217 εὐσεϐοῦς
640 5155 884 5224 ἀμοιϐαί.

443 5245 738 5316 Ἀφόβητος
766 5247 974 5316 γίνεται
1022 5249 1190 5302 κακία
1223 5251 1612 5328 ἐπαινουμένη.

431 5425 766 5490 Προκοπιόυ
810 5423 1286 5501 ῥήτορος-Μὴ
1345 5434 1666 5506 τιμωμένης
1709 5439 1926 5509 ἀρετῆς,

359 5514 390 5581 ἡ
417 5515 579 5567 κακία
619 5515 1080 5586 παρρησιάζεται.

432 5675 474 5707 ’⁵³
521 5675 580 5730 In
606 5674 772 5731 Gesn.
834 5675 985 5730 Stob.
1035 5675 1086 5729 3.

2042 4534 2276 4588 maxime
2310 4533 2548 4597 ratione,
2593 4530 2740 4598 quod
2783 4530 2958 4586 omnis
3001 4531 3134 4588 boni
3179 4531 3292 4586 dux
3323 4547 3386 4588 ac
3417 4547 3622 4604 auspex

2040 4615 2274 4680 exsistit.
3222 4625 3224 4628 ’

2112 4713 2294 4770 Solon.
2320 4744 2391 4754 -—
2412 4712 2577 4768 Solon
2612 4712 2704 4767 ille
2752 4714 2994 4783 sapiens,
3025 4730 3145 4769 eam
3191 4715 3398 4784 optime
3425 4717 3619 4770 civita-

2041 4815 2151 4860 tem
2181 4803 2422 4858 habitari
2452 4803 2654 4866 aiebat,
2683 4803 2739 4858 in
2765 4819 2872 4873 qua
2904 4803 3080 4860 bonos
3104 4805 3212 4860 coli
3245 4806 3626 4876 contingeret;

2041 4896 2386 4967 pessimeque
2417 4910 2561 4957 eam,
2596 4895 2652 4948 in
2682 4909 2790 4964 qua
2837 4896 2971 4950 mali
3010 4897 3249 4953 honores
3279 4898 3617 4955 obtinerent.

2114 4987 2510 5044 Sextil—Duo
2548 4995 2678 5041 sunt
2731 5003 2854 5055 quae
2898 4988 3181 5044 hominem
3225 4999 3503 5054 moveant,
3559 5002 3632 5045 ut-

2041 5081 2152 5134 Deo
2173 5094 2361 5134 curam
2387 5078 2704 5148 impendat;
2733 5078 3029 5148 impietatis
3051 5096 3235 5151 pmna,
3263 5097 3325 5136 ac
3348 5083 3628 5154 religiosa:

2040 5173 2241 5228 mentis
2279 5171 2530 5242 praemia.

2109 5264 2460 5319 Intolerabile
2490 5264 2686 5319 vitium
2724 5264 2993 5331 redditur,
3028 5267 3176 5337 quod
3215 5268 3474 5324 laudibus
3507 5269 3620 5325 ful-

2036 5355 2200 5412 citur.

2108 5448 2351 5519 Procopii
2405 5449 2980 5508 rl:ctoris.——‘.’irtute
3042 5453 3311 5511 honorem
3360 5473 3469 5514 non
3515 5458 3641 5514 lia--

1941 5600 1946 5604 ,
2037 5533 2225 5602 bcnte,
2253 5534 2472 5590 elfronti
2496 5536 2807 5607 petulantia
2835 5539 3031 5596 vitium
3061 5541 3332 5612 proditur.
