4008 6194
195 267 337 332 1017
1516 273 1686 335 LOCI
1725 274 2163 360 COMMUNES.
3329 271 3473 337 1018

269 382 486 448 Σολομ.
511 377 583 433 δ’.
627 406 698 418 —-
735 377 968 448 Ἀγαθὸν
1002 381 1277 453 πλήρωμα
1303 379 1506 453 δρακὸς
1533 381 1781 436 ἀναπαύ-
1811 387 1852 443 Α

1938 380 2610 445 Prov.xvu,l.—Mclior
2646 392 2729 439 est
2757 382 3072 453 manipulus
3109 396 3255 435 unus
3283 381 3479 450 plenus

196 483 358 532 σεως,
391 465 532 536 ὑπὲρ
564 462 937 537 πληρώματος
964 466 1058 520 δύο
1087 466 1308 538 δρακῶν
1341 469 1399 522 ὲν
1433 468 1640 539 μόχθῳ.

1899 479 2282 548 requietionis,
2311 493 2475 548 quam
2506 478 2656 547 pleni
2683 477 2794 531 duo
2817 474 3086 544 manipuli
3119 474 3174 526 in
3199 472 3403 535 labore,

264 557 449 627 Σιρὰχ
477 564 652 622 1g“.—
670 559 944 628 Κρεῖσσον
975 554 1059 624 εἷς
1078 561 1308 628 δίκαιος,
1339 559 1373 631 ἢ
1404 559 1590 632 μύριοι
1613 563 1796 631 παρά-

1965 569 2132 625 Eccli.
2177 586 2296 637 XVI,
2349 569 2711 626 5.——Melior
2742 576 2828 623 est
2876 580 3021 621 unus
3058 566 3264 637 justus,
3316 579 3482 633 quam

191 667 382 721 νομον
421 652 520 704 καὶ
549 651 848 706 ἀποθανεῖν
879 651 1132 721 ἄτεκνον,
1165 651 1199 725 ἢ
1228 652 1401 724 ἀσεϐῆ
1427 653 1595 708 τέκνα
1621 654 1774 724 ἔχειν

1900 660 2087 716 decem
2135 661 2309 716 millia
2375 661 2727 730 iniquorum;
2778 664 3116 728 praestatque
3168 656 3312 710 mori
3363 655 3483 710 sine

1892 752 2105 820 liberis,
2128 768 2296 823 quam
2327 752 2532 806 habere
2560 751 2704 806 filios
2732 748 2951 819 impios.

278 825 410 880 Ἀπὸ
437 826 558 891 ἑνὸς
587 827 812 882 συνετοῦ
841 828 1321 901 συνοικισθήσεται
1353 829 1531 894 πόλιςο
1565 830 1709 902 φυλὴ
1731 830 1790 884 δὲ

1961 845 2131 900 Εοειὲ.
2181 861 2290 910 va,
2337 844 2587 900 5.—Ab
2635 859 2748 898 uno
2797 850 3019 898 sensato
3073 839 3484 895 cohabitabitur

193 919 416 990 ἀνόμων
451 918 886 991 ἐρημωθήσεται
913 921 976 972 ὲν
1004 919 1183 990 τάχει.

1897 937 2119 1002 civitas;
2153 951 2288 1007 gens
2321 944 2505 989 autem
2561 934 2876 1003 iniquorum
2924 931 3081 986 brevi
3117 930 3480 986 desolabitur.

266 1013 615 1067 Βασιλειου.
633 1013 990 1078 -Πολλάκις
1013 1013 1124 1085 γὰρ
1153 1016 1182 1068 ὀ
1212 1014 1271 1067 ὲν
1297 1014 1378 1086 τῷ
1409 1017 1563 1088 μέσῳ
1591 1015 1789 1086 μικρόν

1960 1027 2169 1082 Basilii.
2192 1027 2443 1082 —Haud
2493 1041 2620 1080 raro
2666 1025 2838 1089 enim,
2875 1025 2970 1094 qui
3007 1023 3063 1077 in
3099 1023 3481 1078 mediocritate

193 1121 246 1156 τι
289 1103 654 1174 κατορθώσας
674 1146 690 1171 ,
745 1104 948 1176 μείζων
975 1106 1093 1159 ἐστὶ
1119 1103 1214 1159 τοῦ
1243 1105 1304 1159 ἐν
1326 1105 1562 1184 ἀφθονίᾳ
1587 1105 1650 1160 τὸ
1679 1107 1776 1160 πᾶι

1896 1119 2150 1190 exiguum
2188 1118 2400 1188 aliquid
2445 1134 2512 1174 ex
2557 1117 2766 1171 virtute
2797 1115 2986 1186 gessit,
3020 1129 3088 1169 eo
3137 1115 3334 1169 melior
3373 1122 3479 1178 est,

193 1193 671 1263 κατορθώσαντος.

1546 1278 1558 1280 _
1628 1277 1639 1280 _
1888 1209 1983 1280 qui
2016 1209 2071 1263 in
2095 1208 2433 1264 abundantia
2491 1207 2677 1262 omnia
2713 1205 2981 1275 implevit.

267 1285 421 1351 ψαλ.
437 1282 572 1354 ριγ’.
595 1313 668 1328 -
701 1285 765 1337 El
780 1285 888 1352 γὰρ
909 1285 1073 1355 ἀρτος
1093 1283 1192 1354 τὴν
1207 1282 1440 1353 καρδίαν
1467 1277 1764 1349 ἀνθρώπου

1905 1277 1924 1280 -
1957 1293 2108 1348 Psal.
2136 1309 2246 1356 cm,
2277 1295 2359 1350 16.
2383 1326 2454 1334 —
2476 1294 2610 1349 Nam
2637 1295 2682 1348 si
2710 1293 2869 1364 panis
2896 1307 2994 1347 cor
3021 1291 3268 1346 hominis
3295 1306 3484 1346 corro-

196 1373 458 1444 στηρίξει,
512 1375 574 1428 οὐ
601 1375 690 1430 δεῖ
719 1375 884 1429 πλέον
933 1374 1030 1429 τοῦ
1065 1374 1370 1443 ἀναγκαίου
1403 1372 1505 1442 τῆς
1552 1370 1764 1443 τροφῆς

1898 1385 2231 1456 θοι-οι,.‹ιυί(1
2274 1401 2504 1442 necesse
2547 1402 2715 1457 supra
2764 1384 3139 1442 necessarium
3178 1384 3365 1440 cibum
3397 1392 3481 1439 te-

190 1468 252 1519 τὸ
291 1467 625 1538 ποοσίψημα
655 1466 867 1534 ἀλόγως
901 1465 1336 1538 προσφέρεσθαι.

1049 1465 1336 1536 φέρεσθαιο
1886 1493 2037 1533 mere
2066 1478 2358 1534 obsonium
2391 1479 2629 1534 inferre?

267 1556 587 1650 Θεολόγου.
639 1587 712 1599 --
759 1558 1049 1629 Κρείσσων
1108 1561 1476 1631 ὀλιγοχρόνιος
1533 1559 1784 1631 βασιλεία

1957 1567 2221 1640 Theologi.
2244 1570 2505 1624 —Breve
2553 1584 2807 1641 regnum,
2853 1568 3052 1622 melius
3082 1573 3168 1621 est
3199 1565 3361 1634 longa
3391 1572 3478 1650 ty—

193 1649 415 1718 μακρᾶς
443 1649 798 1719 τυραννίδος,
853 1651 950 1705 καὶ
981 1651 1137 1725 ὀλίγη
1172 1654 1332 1725 μερὶς
1362 1653 1542 1724 τιμία,
1577 1653 1776 1724 πολλῆς

1894 1657 2154 1724 rannide;
2183 1674 2466 1729 parvaque
2495 1659 2688 1729 portio
2711 1673 2836 1713 cum
2881 1658 3116 1719 honore,
3147 1653 3325 1722 ampla
3357 1649 3477 1708 sine

188 1739 439 1810 κτήσεως
469 1739 670 1811 ἀτίμου
703 1741 799 1796 καὶ
825 1741 1106 1815 σφαλερᾶς
1127 1784 1142 1810 ,
1202 1743 1294 1798 καὶ
1323 1743 1519 1799 πολλοῦ
1553 1745 1771 1810 σκότους

1898 1754 2094 1806 honore
2129 1751 2424 1820 fallacique
2457 1747 2768 1806 substantia
2796 1767 2810 1802 :
2835 1748 3023 1804 multis
3059 1746 3299 1815 denique
3327 1752 3481 1800 tene-

192 1831 378 1900 ὀλίγον
406 1833 546 1901 φῶς.

1882 1841 2020 1906 bris,
2054 1842 2149 1896 lux
2176 1843 2396 1912 exigua.

261 1925 562 1993 Χρυσοστ.
610 1957 683 1966 —
735 1925 810 1981 Οὐ
843 1926 922 1998 τῷ
953 1929 1140 2000 μέτρῳ
1173 1928 1281 1983 τῶν
1304 1929 1602 2001 διδομένων
1626 1929 1782 2001 ἐλεη-

1951 1933 2218 2006 Chrysost.
2240 1965 2314 1974 —
2329 1935 2710 2004 Eleemosyna,
2733 1947 2842 1988 non
2874 1946 2943 1986 ex
2969 1944 3185 1993 eorum,
3205 1944 3327 1998 qua:
3345 1941 3475 1982 ero-

187 2013 397 2085 μοσύνη
426 2015 696 2087 κρίνεται,
727 2015 864 2071 ἀλλά
889 2018 958 2089 τῇ
985 2017 1235 2090 δαψιλείᾳ
1263 2021 1364 2090 τῆς
1388 2017 1636 2091 γνώμης.

1892 2036 2106 2098 gantur,
2136 2025 2302 2080 modo
2327 2024 2648 2080 aestimanda
2682 2031 2789 2088 est,
2824 2022 2924 2079 sed
2952 2038 3019 2078 ex
3058 2021 3208 2092 larga
3239 2034 3475 2091 erogan-

1881 2118 2021 2172 tium
2054 2118 2364 2172 voluntate.

267 2197 358 2251 Ἐν
406 2197 669 2267 ἁμίλλαις
717 2201 990 2271 πονηραῖς
1043 2199 1374 2271 ἀθλιώτερος
1426 2201 1456 2254 ό
1507 2199 1775 2270 νικήσας,

1948 2209 2008 2264 In
2057 2209 2217 2265 malis
2264 2209 2663 2264 certaminibus
2694 2207 2950 2262 miserior
2981 2215 3067 2262 est
3099 2205 3194 2276 qui
3236 2203 3469 2259 victoria

181 2289 320 2343 διότι
350 2291 656 2362 ἀπέρχεται
690 2293 751 2346 τὸ
780 2293 943 2346 πλέον
969 2294 1110 2363 ἔχων
1145 2295 1248 2364 τῆς
1274 2291 1573 2364 ἁμαρτίας.

1877 2299 2108 2370 potitur,
2139 2300 2287 2369 quod
2321 2300 2528 2370 primas
2554 2300 2767 2370 peccati
2799 2298 2982 2354 ferens
3010 2297 3289 2352 abscedat.

256 2382 599 2448 Πλάτωνος.
625 2413 694 2424 -
721 2385 828 2438 Τοῦ
862 2385 1105 2449 πλείονος
1133 2385 1251 2456 βίου
1287 2385 1383 2438 καὶ
1413 2383 1773 2454 φαυλοτέρου,

1946 2388 2122 2444 Plato.
2144 2389 2550 2461 —Copiosiori
2577 2392 2705 2445 vita:
2733 2406 2796 2446 ac
2826 2389 3106 2459 nequiori,
3137 2395 3259 2457 quae
3288 2388 3470 2442 minor

183 2476 276 2530 τὸν
305 2475 519 2531 ἐλάσσω
535 2476 644 2530 ’καὶ
670 2476 934 2549 ἀμείνονα
960 2478 1092 2532 ὄντα
1127 2476 1291 2531 παντὶ
1323 2476 1543 2539 πάντως
1575 2491 1766 2545 προαι-

1877 2481 1952 2538 sit
1987 2491 2154 2553 atque
2183 2483 2400 2549 melior,
2429 2482 2646 2538 cunctis
2671 2482 2899 2538 omnino
2928 2479 3175 2551 praeponi
3210 2478 3394 2533 debet.

189 2567 392 2639 ρετέον.
1825 2621 1830 2626 .
3401 2573 3407 2578 ’

265 2659 559 2729 Ἰσοκρὰτ.
585 2689 656 2704 --
685 2657 1053 2732 Προαιρετέον
1081 2661 1304 2732 μέτριον
1339 2660 1479 2731 μετά
1506 2657 1777 2713 δικαιοσύο

1947 2668 2216 2723 Isocratis.
2239 2669 2558 2724 -Ρτιεειοι
2600 2665 2899 2722 mediocris
2931 2680 3116 2720 rerum
3151 2663 3310 2733 copia
3339 2677 3463 2719 cum

183 2771 284 2825 νης
320 2753 541 2824 μᾶλλον,
577 2753 610 2825 ἢ
651 2753 825 2824 μέγαν
855 2751 1090 2807 πλοῦτον
1127 2754 1246 2823 μετ’
1271 2753 1508 2817 ἀδικίας.

1871 2759 2108 2830 justitia,
2147 2774 2312 2830 quam
2345 2760 2601 2829 ingentes
2635 2758 2842 2813 divitiae
2871 2771 2996 2811 cum
3029 2754 3321 2825 iniustitia.

255 2845 516 2912 Δημοσθ.
557 2873 626 2885 ——
659 2837 830 2906 Οὗτος
881 2842 1218 2914 θεασάμενός
1269 2864 1392 2900 τινα
1442 2846 1774 2919 δημαγωγὸν

1945 2850 2217 2905 Demosth.
2238 2883 2310 2891 —
2331 2851 2382 2905 ls
2411 2851 2781 2921 conspicatust
2819 2848 3104 2907 tribunum
3152 2845 3333 2916 plebis
3364 2845 3467 2899 he-

184 2936 333 3007 ἀιρυῆ
370 2937 514 3006 μέγα
545 2935 774 3007 βοῶντα,
809 2935 938 3006 ἔφη,
979 2935 1122 2993 Ἀλλ’
1142 2938 1204 2990 οὗ
1236 2938 1298 2992 τὸ
1329 2940 1493 3011 μέγα,
1532 2939 1593 2994 εὖ
1618 2943 1733 2994 ἐστι
1755 2955 1767 2970 ·

1886 2943 2079 3006 betem,
2108 2943 2217 2996 alte
2239 2942 2660 3001 vociferantem,
2683 2937 2767 3006 At,
2797 2939 3000 3010 inquit,
3031 2953 3143 2992 non
3173 2935 3320 3007 quod
3352 2951 3469 2990 ma-

183 3031 243 3082 τὸ
271 3029 326 3083 δὲ
354 3025 438 3096 εὖ,
470 3029 634 3102 μέγα.

1878 3049 2042 3103 gnum
2086 3041 2194 3101 est,
2239 3031 2382 3087 bene
2415 3040 2533 3098 est;
2570 3029 2665 3086 sed
2711 3030 2858 3101 quod
2891 3029 3032 3085 bene
3065 3033 3170 3093 est,
3205 3040 3461 3094 maguum

1801 3117 1844 3176 C
1876 3134 1981 3182 est.
3260 3136 3276 3149 ’

259 3203 616 3276 Ἐπικτήτου
632 3209 784 3265 ⁵⁸η-
806 3207 927 3260 Τῶν
955 3207 1126 3280 ἡδέων
1155 3208 1225 3263 τά
1251 3209 1602 3264 σπανιώτατα
1631 3210 1772 3282 γινό-

1945 3214 2622 3288 Epicteti.—Rarissim:e
2665 3216 2978 3286 voluptates
3021 3211 3260 3267 maxime
3308 3207 3460 3263 dele-

187 3317 326 3371 μενα
359 3303 594 3373 μάλιστα
623 3303 838 3374 τέρπει.
1525 3348 1530 3352 .

458 3320 594 3356 ,ιστα
623 3303 838 3374 τέρπει.
1525 3348 1530 3352 .
1876 3314 2041 3361 ctant.

265 3392 613 3462 Ἀλέξανδρ.
654 3424 727 3435 -
758 3395 1110 3466 Ἀλέξανδρος
1153 3395 1396 3456 ἀκούσας
1433 3393 1516 3446 δτι
1543 3395 1771 3462 Δαρεῖος

1951 3397 2701 3452 Neronum—Alexander
2750 3395 2981 3450 audiens
3049 3391 3274 3447 Darium
3343 3399 3461 3443 tre-

183 3486 482 3557 τριάκοντα
535 3483 801 3558 μυριάδας
853 3489 934 3552 εἰς
984 3487 1292 3559 παράταξιν
1317 3485 1460 3555 ἄγει,
1489 3485 1623 3557 ἔφη·
1674 3481 1766 3550 Εἷς

1877 3495 2038 3542 centa
2063 3486 2236 3540 millia
2268 3487 2322 3540 in
2353 3487 2768 3556 expeditionem
2794 3484 3054 3547 educere,
3081 3495 3225 3535 unus
3257 3478 3459 3542 lanius,

191 3579 455 3649 μάγειρος
489 3579 550 3632 οὐ
582 3579 834 3650 φοϐεῖται
866 3580 1040 3634 πολλά
1072 3579 1344 3651 πρόϐατα.

1241 3596 1344 3635 ιτα.
1877 3578 2076 3649 inquit,
2111 3591 2221 3630 non
2255 3577 2409 3631 timet
2440 3578 2643 3630 multas
2673 3591 2824 3631 oves.

267 3669 329 3722 Ὀ
359 3669 562 3737 αὐτὸς,
616 3671 968 3725 κατασκόπου
1023 3671 1276 3739 λέγοντος
1323 3669 1504 3740 αὐτῷ,
1553 3668 1771 3733 πλείους

1946 3671 2132 3735 Idem,
2176 3685 2303 3724 cum
2347 3670 2662 3738 explorator
2706 3666 3078 3729 renuntiaret,
3118 3662 3306 3733 plures
3337 3673 3459 3714 esse

184 3757 326 3817 εἶναι
369 3765 497 3828 τοὺς
539 3767 789 3834 Δαρεῖου,
825 3763 928 3835 ἔφη
959 3781 972 3795 ·
1030 3765 1144 3819 Καὶ
1173 3763 1242 3817 τὰ
1272 3763 1517 3835 πρόϐατα
1550 3762 1767 3815 πλείονα

1876 3762 2027 3819 Darii
2054 3759 2362 3824 milites,Et
2390 3775 2541 3826 oves,
2576 3760 2776 3831 inquit,
2805 3756 3216 3815 numerosiores
3246 3753 3315 3808 ab
3349 3766 3459 3807 uno

181 3854 334 3920 ὅντα,
371 3856 487 3920 ἑνὸς
517 3857 549 3927 ἢ
581 3856 842 3929 δευτέρου
873 3856 1042 3910 λύκου
1073 3854 1405 3928 χειροῦνται.

1132 3854 1405 3926 .ιροῦνται.
1877 3861 1975 3908 aut
2001 3851 2175 3907 altero
2209 3851 2340 3920 lupo
2364 3850 2715 3923 subiguntur.

260 3974 308 4007 '°
342 3974 466 4029 "A1.
507 3974 850 4044 Ἀνωνύμου.

283 4142 3348 4179 W22:

1586 4312 1996 4402 ΕΚΘΕΣΙ
2002 4311 2064 4398 Σ

1024 4497 1161 4552 ΤΗΣ
1200 4498 1595 4570 ΟΜΟΛΟΓΙΛΣ
1633 4499 1770 4552 ΤΗΣ
1808 4497 2102 4550 ΠΙΣΤΕΩΣ
2142 4493 2278 4550 ΤΩΝ
2317 4491 2642 4558 ΛΑΤΙΝΩΝ,

258 4633 675 4705 Συγγραφεῖσα
706 4635 806 4692 καί
828 4637 1249 4695 ἀποσταλεῖσα
1301 4639 1463 4707 παρὰ
1500 4639 1840 4708 Γρηγορίου
1891 4640 2068 4692 Πάπα
2104 4635 2348 4707 Ῥώμης.
2379 4633 2532 4704 πρὸς
2573 4631 2891 4704 Γερμανὸν
2919 4628 3030 4687 τὸν
3058 4626 3388 4698 ἁγιώτατον

1249 4708 1625 4779 πατριάρχην
1666 4711 2394 4774 Κωνσταντινουπόλεως.

1619 4989 2052 5083 EDITIO
2541 5117 2544 5120 ᾐ

1141 5181 1706 5246 CONFESSIONIS
1747 5182 1968 5244 FIDEI
2016 5183 2519 5260 LATINORUM,

355 5327 596 5408 Scripta
662 5326 987 5409 missaque
1053 5343 1087 5390 ο
1144 5324 1476 5409 Gregorio
1524 5327 1811 5409 Romano
1870 5328 2172 5409 pontifice
2191 5328 2295 5409 ad
2357 5326 2833 5391 sanctissimum
2898 5329 3279 5392 Germanum

1187 5403 1605 5484 patriarcham
1648 5406 2455 5486 ConstantinOpolitanum.

263 5611 454 5685 Πατὴρ
487 5615 602 5669 ἐστὶ
631 5616 848 5686 πλήρης
876 5615 1006 5680 Θεὸς
1039 5617 1094 5668 ὲν
1125 5613 1304 5685 ἑαυτῷ
1327 5629 1342 5646 ·
1389 5616 1417 5668 ὁ
1447 5616 1594 5682 Υἱὸς,
1632 5617 1769 5688 πλήη

1945 5619 2112 5691 690
2143 5619 2324 5682 Pater,
2355 5618 2501 5674 Deus
2548 5617 2750 5688 plenus
2797 5627 2883 5674 est
2932 5617 2985 5673 in
3017 5618 3233 5688 seipse;
3271 5617 3458 5682 Filius,

188 5721 295 5778 ρης
339 5705 491 5774 θεὸς,
541 5708 649 5766 ἀπὸ
702 5707 792 5763 τοῦ
835 5709 1046 5780 Πατρὸς
1093 5708 1352 5781 γεννητός
1380 5721 1392 5736 ’
1456 5708 1515 5763 τὸ
1546 5710 1771 5782 Πνεῦμα

1882 5713 2022 5768 Deus
2062 5712 2261 5784 plenus
2307 5727 2373 5767 ex
2418 5711 2577 5769 Patre
2627 5713 2886 5783 genitus;
2927 5711 3166 5782 Spiritus
3217 5720 3465 5778 sanctus,
