4008 6194
262 333 390 401 1021

1573 328 1986 394 CONFESSI‘)
2023 333 2249 400 FIDEI.

3385 328 3526 397 1022

259 450 354 504 καὶ
400 443 479 518 τῷ
516 444 768 517 μακαρίῳ
795 441 1162 516 ιἈμὸροσίῳ,
1212 442 1291 513 τῷ
1333 441 1681 499 Μεδιολάνων
1716 449 1840 501 ἐπιο

1944 449 2297 504 Ambrosium
2339 445 2805 502 Mediolanensem
2831 443 3154 515 episcopum
3174 485 3190 510 ,
3218 453 3275 500 et
3311 443 3532 500 beatum

260 539 471 610 σκόπῳ,
502 537 598 592 καὶ
642 535 723 607 τῷ
775 533 1033 607 μακαρίῳ
1086 534 1432 606 Δύγουστίνῳ
1459 535 1558 606 τῆς
1586 537 1680 591 τοῦ
1724 540 1837 593 ἰπ-

258 632 438 694 πῶνος
462 630 676 692 πόλεως
705 628 1012 697 ἐπισκόπῳο
1047 625 1450 698 τῷἀγιωτάτῳ
1491 644 1552 682 τε
1594 628 1840 700 Ἱερωνύ-

262 739 348 794 μῳ
372 721 454 793 τῷ
485 721 824 792 ἰσχυροτάτῳ
855 720 954 790 τῆς
979 719 1089 775 τῶν
1115 719 1411 792 αἱρετικῶν
1444 720 1840 794 στρεϐλότητος

261 814 624 884 καταμαχητῇ
650 851 666 876 ,
707 810 1084 881 ἀκολουθήσας
1134 813 1164 864 ὀ
1221 812 1494 884 μακάριος
1541 813 1837 885 Κύριλλος,

262 904 357 959 καὶ
393 904 492 958 σὺν
537 903 688 973 αὐτῷ
721 903 884 974 ὄληή
932 903 1065 972 ἀγία
1109 904 1462 977 οίκουμενικὴ
1508 906 1673 978 τρίτη
1718 907 1842 961 σύν-

260 994 398 1058 οδος,
454 993 846 1066 γεγραμμένον
892 995 1026 1065 ἡμῖν
1077 994 1372 1050 κατέλιπον
1423 998 1726 1068 ἐμφανῶς,
1779 998 1841 1053 τὸ

261 1085 488 1157 Πνεῦμα
520 1081 664 1139 εῐναι
709 1087 776 1140 ἐκ
802 1084 896 1139 τοῦ
928 1085 1079 1142 Υίοῦ.
1108 1085 1268 1141 Ὅθεν
1307 1089 1404 1142 καὶ
1429 1089 1712 1160 ὁρθόδοξος
1737 1089 1840 1144 οὐκ

258 1177 430 1240 ἐστιν,
461 1177 582 1231 ἀλλ’
621 1176 688 1230 ὲκ
715 1177 818 1246 τῆς
847 1175 1090 1244 πίστεως
1126 1179 1388 1244 ὲξοδεύει,
1420 1181 1572 1244 ὅστις
1605 1183 1724 1244 τοῖς
1751 1183 1844 1253 ρή-

261 1282 431 1337 μασιν
468 1265 637 1321 αὑτοῦ
679 1269 1086 1340 καταμάχεται.
1115 1269 1280 1338 Λέγει
1315 1269 1426 1341 γὰρ
1457 1271 1839 1342 φανερώτατα,

257 1359 316 1412 ἐν
342 1356 422 1429 τῷ
455 1356 653 1413 ἑαυτοῦ
703 1359 841 1431 πρὸς
885 1361 977 1415 τὸν
1022 1361 1248 1432 βασιλέα
1279 1361 1560 1438 Θεοδόσιον
1591 1363 1842 1434 περὶτῆς

257 1447 539 1521 ὀρθοδόξου
599 1449 840 1514 πίστεως
875 1450 1374 1521 Προσφωνητικῷ,
1409 1455 1471 1506 τὸ
1519 1453 1744 1526 Πνεῦμα
1774 1452 1845 1509 εῖ-

257 1541 454 1596 ναι-ἐκ
495 1541 591 1595 τοῦ
641 1541 794 1607 Υἱοῦ,
857 1543 946 1598 διά
993 1542 1199 1596 τούτων
1255 1545 1365 1596 τῶν
1419 1545 1700 1614 ῥημάτωνο
1732 1546 1845 1601 Καὶ

253 1634 384 1706 μὴν
407 1633 598 1702 ἄνδρα
633 1634 847 1703 λέγων,
888 1634 997 1686 τὸν
1043 1633 1196 1688 ὅσον
1226 1635 1394 1689 οὔπω
1426 1637 1847 1706 παρεσόμενον

259 1723 358 1778 καί
391 1723 832 1793 ὀφθησόμενον,
855 1721 1061 1799 ,αὐτὸν
1102 1725 1217 1791 ἔφη
1245 1720 1561 1787 βαπτίζειν
1583 1725 1654 1778 ἐν
1697 1727 1842 1793 πυρί

1946 539 2316 610 Augustinum
2339 535 2747 607 Hipponensem
2769 536 2899 591 item
2934 534 3276 607 ep’iscOpum,
3315 552 3530 592 necnon

1946 633 2358 688 sanctissimum
2380 628 2797 700 Hieronymum,
2822 627 3095 684 haeretica
3115 627 3405 699 pravitatis
3433 644 3532 684 va-

1946 723 2285 780 lidissimum
2305 723 2769 793 impugnatorem,
2795 731 3020 776 secutus
3042 721 3240 776 beatus
3268 720 3530 792 Cyrillus,

1948 824 2007 872 et
2038 831 2164 871 cum
2187 830 2255 870 eo
2285 818 2546 869 universa
2588 822 2774 867 sancta
2808 812 3146 867 (ecumenica
3170 812 3331 866 tertia
3365 826 3503 882 syno
3530 846 3534 849 -

1946 908 2074 971 dus,
2103 907 2374 976 scriptum
2406 901 2568 958 nobis
2600 903 2894 958 manifeste
2927 903 3184 973 reliquit,
3222 903 3368 973 quod
3411 902 3536 972 Spi-

1946 997 2090 1053 ritus
2121 1013 2188 1052 ex
2217 996 2358 1052 Filio
2391 996 2480 1050 sit.
2518 994 2609 1050 Ait
2641 995 2790 1050 enim
2836 995 3183 1065 apertissime
3232 995 3288 1050 in
3333 1009 3436 1050 suo
3463 993 3534 1050 ad

1946 1088 2322 1145 Theodosium
2368 1086 2759 1156 imperatorem
2790 1084 2858 1139 de
2889 1084 2995 1139 fide
3023 1085 3328 1139 orthodoxa
3373 1084 3536 1138 Pros-

1946 1179 2221 1250 phonetico
2251 1165 2572 1245 ,Spiritum
2617 1189 2682 1227 ex
2740 1172 2876 1227 Filio
2910 1188 3032 1227 esse
3059 1213 3072 1236 ,
3116 1172 3268 1227 hisce
3295 1173 3482 1227 verbis
3516 1189 3532 1228 :

1949 1270 2108 1341 Atqui
2130 1285 2248 1322 cum
2279 1267 2542 1322 hominem
2567 1265 2714 1329 dicit,
2743 1265 2832 1334 qui
2852 1264 3089 1334 jamjam
3115 1280 3346 1333 presens
3385 1265 3536 1334 {utu-

1951 1379 2043 1416 rus
2077 1367 2193 1414 erat
2223 1367 2271 1413 et
2292 1357 2454 1412 oculis
2474 1357 2889 1427 conspiciendus,
2912 1358 3083 1426 ipsum
3108 1355 3240 1409 dixit
3264 1356 3537 1426 baptizare

1950 1455 2007 1508 in
2039 1453 2160 1522 igne
2203 1459 2253 1505 et
2289 1448 2492 1520 Spiritu
2531 1457 2713 1502 sancto
2755 1464 2774 1501 :
2807 1462 2914 1500 non
2957 1447 3048 1516 qui
3086 1445 3322 1500 alienum
3365 1447 3538 1517 bapti-

1950 1543 2137 1598 zandis
2167 1543 2472 1596 immitteret
2496 1537 2757 1609 Spiritum
2783 1578 2797 1603 ,
2828 1537 3007 1591 servili
3037 1552 3182 1590 more
3211 1553 3274 1590 ac
3297 1537 3506 1596 ministe

1952 1635 2181 1698 rialiter,
2199 1633 2289 1687 sed
2328 1640 2390 1685 ut
2411 1641 2606 1684 natura
2635 1629 2803 1683 Deum
2839 1645 2959 1682 cum
2991 1644 3223 1697 superna
3256 1636 3535 1698 potestate,

1953 1728 2045 1798 qui
2098 1741 2162 1780 ex
2191 1725 2324 1794 ipso,
2383 1731 2435 1776 et
2470 1723 2584 1792 ejus
2611 1722 2858 1791 praprius
2896 1719 3061 1790 692
3113 1727 3207 1772 est.
3245 1718 3389 1784 Quid
3432 1719 3538 1775 hac

259 1812 359 1867 καί
395 1813 543 1881 ἁγίῳ
578 1812 900 1880 Πνεύματι·
947 1812 1057 1866 οὐν
1097 1813 1424 1880 ἀλλότριον
1473 1813 1600 1880 τοῖς
1621 1815 1840 1878 ,βαπτι-

1945 1817 2272 1873 auctoritate
2319 1813 2703 1869 manifestius?
2745 1813 2844 1866 Hic
2874 1812 3023 1865 enim
3061 1811 3413 1880 apertissime
3467 1811 3534 1866 de

261 1903 526 1974 ζομένοις
551 1902 790 1956 ἐνιέντα
819 1902 1062 1972 Πνεῦμα
1080 1941 1095 1966 ,
1140 1902 1572 1971 δουλοπρεπῶς
1603 1906 1702 1959 καί
1730 1909 1845 1960 ὑπ-

260 1995 571 2067 ουργικῶς·
602 1997 736 2049 ἀλλ’
761 1996 844 2061 ὡς
887 1995 1039 2048 Θεὸν
1083 1994 1235 2048 κατὰ
1263 1995 1474 2065 φύσιν.
1505 1998 1634 2066 μετ’
1665 1997 1840 2062 ἐξου-

262 2090 405 2156 σίας
425 2088 534 2156 τῆς
561 2087 861 2152 ἀνωτάτω,
892 2087 961 2142 τὸ
989 2087 1058 2152 ἐξ
1089 2088 1277 2142 αὑτοῦ
1303 2087 1400 2142 καί
1435 2087 1595 2142 τδιον
1631 2090 1842 2144 αὑτοῦ.

262 2179 329 2233 Τί
365 2177 571 2248 ταύτης
601 2177 705 2248 τῆς
757 2177 1067 2248 μαρτυρίας
1121 2178 1538 2250 φανερώτερινς
1591 2172 1696 2233 ὧδε
1736 2181 1847 2252 γὰρ

262 2268 622 2340 φανερώτατα
650 2270 778 2340 περὶ
806 2267 902 2322 τοῦ
931 2269 1061 2322 Υίοῦ
1089 2270 1262 2338 λέγει,
1292 2271 1378 2325 ὅτι
1409 2270 1481 2327 Τὸ
1506 2269 1758 2342 Πνεῦμα
1779 2274 1844 2328 τὸ

263 2363 437 2431 ἅγιον
468 2360 595 2426 τοῖς
608 2359 1071 2428 βαπτιζομένοις
1090 2361 1314 2429 ἐνίησι,
1335 2361 1402 2416 τὸ
1427 2362 1498 2427 ἐξ
1516 2363 1727 2428 αὐτοῦ,
1748 2363 1847 2418 καὶ

264 2453 423 2507 (dior
457 2452 665 2507 αὐτοῦ.
707 2451 820 2504 Καὶ
851 2451 1010 2505 τοῦτο
1051 2453 1184 2506 αὐτὸ
1208 2453 1304 2523 τῷ
1327 2454 1556 2527 Ἑρμείᾳ
1584 2457 1788 2526 γράφει
1817 2458 1846 2509 ὁ

263 2545 424 2607 αὐτὸς
451 2542 724 2614 μακάριος
751 2541 1041 2613 Κύριλλος,
1065 2544 1125 2596 ἐν
1140 2546 1207 2616 τῇ
1240 2545 1508 2617 ἑρμηνεία
1541 2546 1634 2600 τοῦ
1655 2547 1844 2602 ἐνάτου

262 2632 709 2704 ἀναθεματισμοῦ
741 2632 900 2686 τοῦτο
918 2633 1052 2686 αὐτὸ
1068 2631 1276 2700 λέγων.·
1311 2635 1404 2688 Ἐν
1428 2635 1506 2705 τῷ
1533 2637 1709 2708 ἐνάτῳ
1735 2637 1845 2709 γάρ

264 2725 715 2798 ἀναθεματισμῷ,
749 2723 878 2778 ἴδιον
907 2721 1047 2779 εἶναι
1085 2725 1180 2780 τοῦ
1210 2725 1344 2782 Υεοῦ
1393 2729 1455 2782 τὸ
1503 2729 1728 2802 Πνεῦμα
1771 2732 1847 2785 εί-

264 2817 405 2883 ττὼν,
424 2819 513 2872 τὸν
535 2818 699 2873 αὐτὸν
712 2816 900 2870 ἔνατον
919 2817 1720 2890 ἀναθεματισμδνέρμηνεύων,
1739 2823 1844 2877 τίνι

261 2910 444 2982 ἐννοίᾳ
479 2909 608 2963 ἴδιον
634 2907 802 2963 αὑτοῦ
838 2905 977 2962 εἶναι
1013 2909 1074 2962 τὸ
1101 2908 1326 2980 Πνεῦμα
1370 2911 1596 2983 ἀνέῳξε,
1645 2912 1843 2982 λέγων’

265 3004 601 3080 Ἀνθρωπος
617 2999 874 3070 γεγονὼς
897 3002 930 3054 ό
950 3001 1294 3070 Μονογενὴς
1322 3003 1428 3057 τοῦ
1457 3004 1604 3058 Θεοῦ
1631 3006 1840 3072 Λόγος,

259 3092 675 3164 ἀπομεμένηκε
693 3092 789 3146 καί
814 3092 969 3146 οὕτω
997 3093 1162 3158 Θεόςο
1189 3092 1386 3147 πάντα
1411 3094 1699 3166 ὑπάρχων
1728 3098 1845 3151 ὅσα

259 3187 356 3242 καί
381 3190 414 3242 ό
432 3184 801 3254 Πατὴρβίχα
815 3185 1010 3254 μόνου
1031 3184 1136 3239 τοῦ
1157 3180 1307 3238 εἶναι
1325 3185 1548 3255 Πατήρο
1565 3188 1663 3242 καί
1687 3189 1843 3243 (dior

258 3280 418 3348 ἔχων
435 3277 502 3331 τὸ
533 3276 603 3340 ἐξ
627 3273 814 3329 αὑτοῦ
847 3275 946 3328 καί
965 3274 1269 3340 οὐσιωδῶς
1290 3276 1638 3347 ἐμπεφυκὸς
1683 3281 1845 3346 αὐτῷ

259 3370 433 3440 ἅγιον
451 3367 714 3437 Πνεῦμα,
740 3367 834 3420 καὶ
853 3367 923 3420 τά
939 3367 1128 3421 λοιπά.
1151 3361 1280 3421 ’Ὧδε
1303 3369 1467 3422 πάλιν
1486 3370 1844 3442 φανερώτατα

256 3460 320 3513 τὸ
345 3459 570 3529 Πνεῦμα
607 3458 666 3511 τὸ
707 3457 862 3526 ἅγιον
893 3459 956 3511 ἐκ
987 3457 1080 3510 τοῦ
1109 3447 1241 3511 Υίοΰ
1274 3453 1411 3512 εἶναι
1457 3460 1606 3529 λέγει
1634 3463 1662 3514 ὁ
1691 3463 1844 3530 άγιος

260 3552 475 3623 Πατήρ.
510 3551 625 3604 Ούκ
653 3551 856 3619 ὀφείλει
884 3549 941 3602 δέ
967 3567 1074 3604 τινι
1099 3544 1240 3604 εἶναι
1265 3550 1598 3620 ἀμφίϐολον,
1635 3553 1717 3606 ὄτι
1747 3553 1843 3624 τὴν

259 3645 470 3698 ἔννοιαν
501 3642 736 3713 ἐκείνην,
769 3636 873 3694 ὧδε
914 3641 1151 3712 ἀνέῳξεν
1179 3643 1207 3695 ὁ
1249 3642 1439 3710 ἅγιος,
1467 3643 1660 3713 ἥντινα
1697 3639 1844 3713 εἶχεν

258 3739 350 3792 ὅτε
391 3737 482 3791 τὸν
527 3735 976 3806 ἀναθεματισμδν
1003 3734 1238 3800 ἐξέθετο.
1270 3735 1375 3790 Τὸν
1401 3737 1843 3808 ἀναθεματισμὸν

257 3829 318 3883 δὲ
349 3829 579 3892 ἐκεῖνον,
620 3828 718 3881 σὺν
771 3827 909 3880 πᾶσι
963 3825 1147 3890 ἄλλοις
1199 3826 1673 3898 ἀναθεματισμοῖς
1728 3829 1843 3880 ἐδέ-

261 3921 389 3986 ξατο
415 3920 448 3990 ἡ
477 3919 608 3988 ἀγία
622 3919 718 3973 καὶ
745 3917 1103 3990 οίκουμενικὴ
1131 3917 1179 3987 γ’
1209 3917 1450 3985 σύνοδος,
1474 3921 1532 3972 ἐν
1561 3921 1749 3994 ἐκείνῃ
1774 3925 1840 3992 τῇ

262 4009 464 4081 ἐννοίᾳ,
481 4011 540 4062 ἐν
624 4010 652 4061 ὁ
669 4009 823 4076 άγιος
852 4008 1088 4073 ἐξέθετο.
1113 4009 1393 4080 Ἀρίδηλον
1421 4010 1528 4082 γάρ
1554 4012 1692 4074 ἐστι,
1717 4015 1842 4077 τοὺς

259 4100 709 4170 ἀγίουςῐιατέρας
723 4103 784 4154 ἐν
807 4103 873 4170 τῇ
903 4101 1035 4172 άγίᾳ
1056 4101 1430 4173 προειρημένῃ
1455 4105 1840 4173 συναχθέντας,

259 4195 390 4264 ὃλην
424 4194 524 4263 τὴν
547 4194 740 4266 τρίτην
780 4193 876 4247 τοῦ
917 4194 1324 4264 προειρημένου
1355 4196 1570 4266 Πατρδς
1621 4199 1843 4252 ἐπιστο-

257 4285 358 4358 λὴν
386 4286 524 4357 πρὸς
549 4285 641 4340 τὸν
669 4284 844 4355 ἀσεϐῆ
871 4286 1166 4355 Νεστόριον
1197 4285 1290 4338 τὸν
1311 4287 1842 4342 ,Κωνσταντινουπὸ-

257 4378 398 4442 λεως
411 4377 710 4432 ἐπίσκοπον
742 4377 1138 4447 γεγραμμένην
1171 4377 1342 4449 χωρίς
1368 4396 1516 4443 τινος
1537 4379 1838 4450 δισταγμοῦ

1950 1910 2088 1965 Filio
2129 1909 2264 1963 dicit
2287 1925 2308 1961 -:
2341 1907 2633 1961 Imminere
2686 1903 2943 1974 Spiritum
2981 1911 3260 1966 sanctum,
3292 1904 3406 1966 his,
3445 1905 3537 1973 qui

1948 2003 2308 2073 baptizantur,
2331 1999 2422 2068 qui
2449 2013 2514 2051 ex
2540 1997 2654 2066 ipso
2701 2003 2752 2048 et
2789 1995 2903 2062 ejus
2949 1996 3194 2064 proprius
3225 2003 3320 2048 est.
3354 1993 3536 2063 Atque

1948 2093 2055 2147 hoc
2079 2091 2225 2145 idem
2257 2088 2494 2144 Hermia:
2536 2085 2732 2142 scribit
2765 2085 2912 2140 idem
2946 2085 3141 2139 beatus
3181 2082 3440 2156 Cyrillus,
3477 2084 3533 2139 in

1947 2184 2291 2253 expositione
2320 2181 2451 2235 noni
2484 2177 2934 2233 analhematismi
2973 2177 3080 2231 hoc
3115 2177 3294 2246 ipsum
3321 2176 3533 2233 dicens.

1946 2277 2006 2332 In
2031 2289 2178 2330 nono
2209 2273 2355 2328 enim
2384 2271 2874 2334 anathematismo,
2898 2284 3025 2324 cum
3055 2268 3322 2332 dixisset,
3364 2268 3536 2338 Spiri-

1948 2378 2062 2423 tum
2109 2365 2231 2421 Filii
2255 2367 2533 2437 proprium
2563 2378 2693 2428 esse,
2728 2360 2986 2416 eumdem
3012 2359 3534 2415 anathematismum

1947 2475 2268 2532 exponens,
2298 2473 2408 2528 quo
2472 2471 2636 2512 sensu
2686 2454 2932 2524 Spiritus
2965 2454 3086 2522 ejus
3131 2451 3392 2521 proprius
3438 2451 3532 2517 sit,

1947 2552 2184 2623 aperuit,
2218 2549 2408 2604 dicens
2437 2565 2451 2601 :
2484 2547 2650 2601 Homo
2685 2546 2884 2616 factum
2905 2545 3135 2612 unigena
3163 2541 3258 2595 Dei
3287 2541 3532 2608 Verbum,

1945 2647 2020 2700 sic
2043 2659 2247 2715 quoque
2279 2641 2535 2695 remansit
2580 2638 2759 2703 Deus;
2793 2652 2905 2690 cum
2951 2637 3017 2689 sit
3043 2635 3221 2688 omnia
3248 2674 3262 2697 ,
3315 2650 3535 2704 quaeque

1946 2745 2022 2791 est
2052 2743 2102 2788 et
2132 2733 2438 2797 Pater,uno
2470 2732 2565 2784 hoc
2588 2729 2820 2799 dempto,
2841 2728 2978 2798 quod
3013 2742 3119 2779 non
3151 2733 3227 2778 est
3260 2724 3460 2790 Pater;
3484 2736 3534 2778 et

1948 2829 2221 2900 praprium
2258 2825 2468 2887 habent,
2499 2822 2592 2893 qui
2617 2837 2681 2874 ea:
2704 2823 2816 2891 ipso
2837 2826 2932 2882 est,
2968 2826 3018 2872 et
3052 2820 3106 2872 in
3136 2820 3250 2888 ipso
3283 2817 3534 2872 substan-

1948 2917 2148 2972 tialiter
2163 2923 2361 2970 natura
2389 2914 2544 2976 inest,
2565 2908 2818 2982 Spiritus
2841 2917 3090 2974 sanctus,
3133 2917 3240 2963 etc.
3274 2906 3377 2962 llic
3403 2923 3542 2961 rur-'

1947 3023 2042 3063 sus
2082 3005 2385 3060 clarissime
2416 3044 2430 3068 ,
2470 3017 2592 3056 esse
2639 2999 2905 3070 Spiritum
2967 3007 3218 3053 sanctum
3266 3012 3334 3050 ex
3367 2995 3530 3059 Filio,

1948 3105 2173 3153 sanctus
2207 3098 2372 3151 Pater
2408 3093 2560 3147 dicit.
2601 3090 2819 3147 Nemini
2853 3097 3037 3144 autem
3081 3087 3383 3158 quidquam
3429 3085 3534 3140 du-

1947 3190 2098 3245 bium
2128 3203 2248 3243 esse
2299 3186 2484 3249 debet,
2519 3183 2771 3239 eamdem
2831 3181 2926 3237 hic
2988 3189 3224 3236 mentem
3279 3186 3530 3234 sanctum

1945 3283 2249 3353 aperuisse,
2279 3293 2443 3349 quam
2479 3277 2773 3340 habuerit,
2812 3286 2928 3329 tum
2951 3314 2966 3338 ,
3004 3288 3128 3327 cum
3160 3270 3530 3326 anathemati-

1943 3390 2122 3430 smum
2143 3373 2351 3428 ederet.
2374 3370 2533 3424 llunc
2552 3383 2718 3438 porro
2741 3365 3260 3422 anathematismum
3288 3379 3411 3416 cum
3441 3377 3532 3418 re-

1944 3465 2111 3535 liquis
2135 3462 2392 3518 omnibus
2417 3459 2891 3515 anathematismis
2923 3457 3130 3526 recepit
3163 3456 3322 3509 tertia
3346 3461 3532 3510 sancta

1943 3566 1999 3611 et
2021 3555 2361 3610 meumeuica
2401 3553 2646 3624 synodus
2669 3592 2684 3616 ,
2735 3566 2847 3619 quo
2877 3565 3048 3604 sensu
3085 3557 3312 3602 sanctus
3340 3545 3532 3601 edide-

1947 3657 2048 3703 rat.
2084 3646 2430 3701 Manifestum
2475 3645 2624 3700 euim
2655 3654 2762 3704 est,
2793 3653 3013 3698 sanctos
3049 3643 3239 3697 Patres
3295 3641 3348 3694 in
3383 3640 3530 3694 dicta

1944 3750 2130 3797 sancta
2163 3739 2371 3812 synodo
2405 3747 2788 3809 congregatos,
2811 3746 2984 3790 totam
3016 3737 3234 3791 tertiam
3265 3734 3398 3788 dicti
3427 3733 3530 3787 Pa-

1945 3833 2045 3888 tris
2080 3831 2368 3902 epistolam
2401 3830 2667 3885 adversus
2691 3829 2923 3898 impium
2961 3827 3277 3882 Nestorium
3313 3827 3532 3895 episco-

1943 3941 2074 3995 pum
2122 3922 2820 3992 Constantinopolitanum,
2852 3919 3114 3988 scriptam
3154 3918 3361 3988 absque
3418 3915 3530 3970 ulla

1945 4016 2351 4071 retractationis
2381 4013 2730 4069 haesitatione
2766 4011 3062 4080 recepisse.
3101 4009 3319 4064 Scimus
3344 4017 3526 4063 autem

1943 4109 2102 4164 dictae
2131 4109 2376 4178 epistofae
2406 4116 2708 4161 extremam
2736 4114 2947 4174 partem
2975 4143 2988 4167 ,
3020 4101 3200 4157 dictos
3231 4099 3529 4154 duodecim

1943 4199 2424 4253 anathematismos
2454 4196 2762 4251 continere'.
2789 4193 2945 4260 Quod
2978 4192 3024 4246 si
3050 4192 3176 4261 quis
3204 4189 3360 4260 quasi
3391 4189 3529 4260 legi-

1946 4292 2074 4347 tima
2110 4291 2250 4345 tueri
2285 4288 2633 4358 aggrediatur
2659 4284 2986 4339 Theodoriti
3014 4283 3140 4353 Cyri
3158 4283 3404 4352 episcopi
3428 4282 3532 4335 im-

1943 4384 2186 4456 piissima
2206 4381 2406 4441 verba,
2439 4395 2562 4449 qua:
2601 4379 2646 4433 is
2680 4377 2829 4432 omni
2883 4375 3229 4446 impudentia
3281 4376 3529 4430 evomuit

259 4467 570 4532 ἀναξάνεως
603 4463 1024 4538 [ἀνεξετάστως]
1055 4466 1320 4536 δεδέχθαι.
1353 4468 1701 4540 Γινώσκομεν
1750 4470 1828 4532 δὲ,

1944 4475 2203 4531 adversus
2241 4471 2374 4525 dicti
2411 4469 2591 4524 Patris
2618 4466 2913 4522 duodecim
2969 4463 3212 4534 capitula
3235 4503 3249 4526 ,
3310 4465 3531 4519 noverit

259 4561 343 4614 ὃτι
388 4561 489 4630 τῆς
519 4557 935 4630 προειρημένης
969 4559 1264 4628 ἐπιπολῆς
1307 4560 1367 4613 sb
1391 4560 1620 4630 ἔσχατον
1649 4563 1838 4632 μέρος,

258 4651 383 4714 τοὺς
401 4649 837 4721 προειρημένους
867 4649 1116 4720 περιέχει
1140 4650 1624 4721 ἀναθεματισμοὺς
1654 4652 1742 4724 ιβ’.
1779 4655 1842 4707 El

258 4740 316 4796 δέ
342 4759 426 4804 τις
455 4739 704 4812 νομίμως
735 4741 1038 4813 ἐπιχειροίη
1060 4742 1126 4796 τά
1144 4741 1237 4796 τοῦ
1257 4743 1591 4812 Θεοδωρίτου
1616 4747 1843 4800 ἐπισκό-

259 4848 362 4885 που
389 4833 575 4903 Κύρου
611 4831 831 4901 ῥῆματα
860 4833 927 4885 τά
959 4832 1322 4900 ἀσεϐέστατα,
1353 4834 1513 4888 ἅτινα
1571 4838 1714 4890 κατά
1742 4839 1839 4892 τοῦ

260 4922 663 4993 προειρημένου
708 4923 924 4995 Πατρὸς
967 4925 1056 4979 διά
1112 4926 1180 4995 ιβ’
1209 4927 1524 4997 κεφαλαίων
1568 4928 1840 5000 ἐξήμεσεν

257 5015 504 5085 ἀναίδην,
535 5016 856 5084 γινωσκέτω
893 5015 994 5086 τὴν
1023 5017 1282 5088 πέμπτην
1331 5002 1494 5088 ἁγίαν
1528 5021 1622 5074 καὶ
1653 5022 1838 5076 οἰκου-

173 5158 176 5160 ν
259 5107 490 5178 μενικὴν
516 5107 756 5170 σύνοδον,
782 5107 1265 5178 ἀναθεματίσασαν
1295 5110 1419 5174 τοὺς
1447 5110 1541 5164 τοῦ
1574 5130 1838 5186 προειρη-

259 5195 422 5265 μένου
456 5196 788 5266 Θεοδωρίτου
831 5197 1154 5268 βαδισμούς*
1190 5199 1338 5262 ὅστις
1382 5202 1522 5254 κατά
1560 5203 1658 5255 τοῦ
1728 5221 1834 5274 μα-

255 5287 448 5358 καρίου
479 5288 750 5359 Κυρί).λου
780 5291 1026 5360 ῥήματα,
1067 5292 1124 5342 ἐν
1154 5286 1236 5354 οἷς
1270 5292 1363 5345 καὶ
1409 5292 1558 5362 αὐτῷ
1601 5295 1834 5367 ἀπεκρί-

254 5394 406 5442 νατο,
457 5379 617 5450 μόνον
652 5374 760 5433 οἶδε
789 5385 1136 5452 κατηγορεῖν.
1191 5383 1356 5451 Λέγει
1399 5387 1507 5458 γὰρ
1538 5388 1570 5456 ή
1605 5389 1831 5460 πέμπτη

255 5468 389 5537 ἁγία
429 5472 526 5524 καὶ
555 5471 819 5541 καθολικὴ
855 5472 1076 5536 σύνοδος
1103 5476 1161 5527 ἐν
1193 5476 1392 5546 πράξει
1422 5479 1603 5550 ὀγδόῃ,
1635 5479 1830 5545 οὕτως·

253 5562 702 5631 Κατακρίνομεν
759 5565 854 5619 καί
919 5566 1420 5637 ἀναθεματίζομεν
1502 5571 1653 5638 πρὸς
1708 5574 1832 5639 τοῖς

256 5650 472 5717 ἄλλοις
518 5653 751 5712 ἅπασιν
789 5657 1106 5725 αἰρετικοῖς
1136 5659 1260 5724 τοῖς
1291 5663 1699 5730 κατακριθεῖσι
1730 5665 1828 5719 καὶ

253 5742 802 5816 ἀναθεματισθεῒσι,
846 5749 1004 5818 παρά
1045 5766 1107 5804 τε
1148 5749 1266 5806 τῶν
1293 5751 1620 5822 εἰρημένων
1647 5755 1831 5817 ἁγίων

1946 4570 2189 4617 sanctam
2231 4558 2477 4628 quintam
2522 4571 2587 4610 ac
2641 4555 3040 4611 (ecumcnicam
3089 4552 3362 4624 synodum
3393 4553 3527 4607 dicti

1945 4652 2294 4720 Theodoriti‘
2327 4664 2502 4720 nugas
2548 4647 2686 4702 diris
2737 4647 3030 4702 devovisse
3075 4665 3087 4700 :
3124 4661 3248 4701 cum
3285 4645 3331 4699 is
3381 4653 3530 4700 totus

1943 4747 1999 4802 in
2035 4741 2102 4802 eo
2142 4747 2234 4810 sit,
2263 4752 2323 4798 ut
2372 4742 2519 4798 beati
2567 4741 2754 4813 Cyrilli
2802 4740 2972 4795 verba
3004 4738 3413 4810 reprehendat,
3469 4738 3527 4792 in

1941 4840 2146 4909 quibus
2193 4837 2360 4892 etiam
2409 4835 2500 4890 ille
2538 4834 2590 4890 ei
2636 4832 2942 4904 respondit.
3005 4832 3097 4886 Ait
3150 4831 3300 4886 enim
3332 4831 3528 4900 quinta

1941 4940 2126 4986 sancta
2167 4938 2222 4985 et
2276 4928 2604 4983 universalis
2650 4925 2894 4996 synodus
2927 4966 2940 4990 ,
3001 4925 3225 4979 actione
3281 4933 3471 4978 octava
3508 4939 3530 4977 ε

1940 5023 2274 5076 Damnamus
2302 5025 2352 5072 et
2373 5019 2916 5081 anathematizamus,
2943 5033 3058 5069 cum
3108 5015 3326 5085 reliquis
3355 5014 3532 5070 omni-

1939 5115 2032 5168 bus
2057 5113 2310 5168 hatreticis
2343 5111 2612 5164 damnatis
2627 5111 2748 5180 jam
2787 5116 2838 5160 et
2872 5108 3217 5161 anathemate
3241 5107 3528 5176 percussis,

1939 5225 1971 5260 a
2015 5205 2211 5259 sanctis
2235 5211 2465 5274 quatuor
2494 5202 2646 5255 dictis
2679 5199 2911 5270 synodis,
2958 5208 3007 5252 et
3039 5217 3069 5252 a
3110 5206 3298 5252 sancta
3344 5210 3391 5250 et
3430 5214 3524 5252 ca-

1937 5297 2132 5352 tholica
2168 5295 2432 5357 Ecclesia,
2465 5295 2629 5348 etiam
2666 5291 3014 5354 Theodorum,
3054 5291 3146 5360 qui
3191 5287 3540 5359 Mopsuestia:-

1935 5393 2207 5462 episcopus
2255 5389 2384 5457 fuit,
2440 5387 2660 5457 ejusque
2707 5384 2873 5454 impia
2937 5391 3316 5446 monumenta;
3362 5379 3536 5450 impie

1931 5487 2057 5538 item
2088 5483 2384 5553 conscripta
2417 5500 2448 5536 a
2473 5481 2802 5541 Theodorito,
2831 5488 3016 5533 contra
3054 5489 3254 5532 rectam
3286 5477 3445 5546 ﬁdem
3474 5481 3532 5530 et

1933 5572 2205 5628 duodecim
2255 5572 2492 5641 capitula
2523 5571 2694 5625 sancti
2733 5569 2896 5642 693
2937 5568 3126 5640 Cyrilli
3169 5585 3231 5620 ac
3279 5573 3528 5621 sanctam

1933 5670 2144 5722 tertiam
2179 5666 2502 5736 Ephesinam
2535 5664 2820 5733 synodum.
2849 5661 3189 5731 Quarcunque
3233 5661 3442 5713 demum
3460 5656 3530 5710 ab

1934 5776 1991 5814 eo
2021 5763 2217 5831 scripta
2249 5767 2370 5812 sunt
2394 5773 2488 5828 pro
2524 5754 2832 5824 defensione
2859 5752 3109 5808 Theodori
3133 5759 3180 5805 ct
3205 5750 3454 5806 Nestorii.
