3956 6212
595 263 3772 312 W

1683 417 1820 488 ΤΟΥ
1858 415 1951 470 ΕΝ
1986 415 2213 470 ΑΓΙΟῘΣ
2243 407 2516 470 ΠΑΤΡΟΣ
2541 411 2757 479 HMan

916 575 1770 770 MAEIMOY
1846 535 2196 714 Ter
2253 580 2478 713 OM

1922 535 2196 714 ΤΟΥ
2253 576 3484 713 ΟΜΟΑΟΓΗΤΟΥ

1797 811 1955 858 ΠΕΡΙ
1997 809 2326 860 ΔῙΑΦΟΡΩΝ
2358 811 2646 860 ΛΠΟΡΙΩΝ

983 1038 993 1046 .
1092 967 1323 1054 ΤΩΝ
1379 962 1716 1052 ΑΓΙΩΝ
1789 963 2393 1051 ΔΙΟΝΥΣΙΟΥ
2458 961 2654 1048 ΚΑΙ
2716 963 3353 1050 ΓΡΗΓΟΡΙΟΥ

1610 1143 1804 1196 ΠΡΟΣ
1856 1141 2107 1196 ΘΩΜΑΝ
2326 1141 2822 1198 ΗΓΙΑΣΜΕΝΟΝ.

808 1483 966 1650 S.
1039 1491 1210 1636 P.
1303 1486 1491 1638 N.
1561 1479 2279 1640 MAXIM]
2340 1375 3626 1641 CONFESSOB'IS

1628 1755 1724 1816 DE
1760 1755 2020 1817 VARIIS
2053 1753 2550 1816 DIFFICILIBUS
2594 1754 2813 1816 LOCIS

1113 1938 1313 2051 ss.
1383 1943 1599 2120 PP.
1671 1933 2328 2054 DIONYSIl
2401 1935 2604 2114 ET
2650 1937 3349 2052 GREGORII

1823 2165 1937 2229 AD
1996 2164 2364 2230 ΤΗΟΜΑΜ
2427 2168 2598 2230 γ..ς.

667 2349 905 2395 LIBRUM
937 2349 1021 2404 ΒΞ
1064 2350 1286 2396 CODICE
1333 2349 1770 2397 MANUSCRIPTO
1817 2350 2097 2397 GUDIANO
2126 2351 2486 2397 DESCRIPSIT
2515 2351 2591 2396 ET
2634 2351 2702 2399 IN
2725 2353 3004 2400 LATINUM
3039 2354 3390 2405 SERMONEH
3425 2352 3728 2400 ικτειιιιιε-

1410 2513 1630 2572 τΑτυε,
1673 2515 1828 2561 POS’I‘
1862 2515 1912 2560 J.
1959 2515 2133 2562 SCOTI
2176 2487 2254 2557 nr
2293 2513 2400 2559 Tn.
2444 2514 2604 2561 GALE
2651 2472 3046 2578 τεΝτΑωιίιΑ,

1809 2676 1938 2714 nunc
1964 2676 2148 2713 ramum
2170 2675 2413 2713 numam:
2447 2659 2608 2713 solum

1441 2781 2124 2938 PRANC.
2209 2825 2970 2941 omnum.

1695 3033 1874 3099 (Halis,
1909 3035 1962 3086 C.
1986 3035 2042 3086 Ε.
2073 3036 2138 3085 Μί
2162 3035 2365 3088 Pfeﬂ'er.
2393 3035 2765 3100 MDCCCLVII.)

2170 3193 2174 3201 1

1892 3361 2568 3454 PBJEFATIO.

683 3697 831 3760 Cum
858 3699 1001 3756 ante
1029 3691 1152 3753 hos
1179 3690 1400 3753 decem
1420 3689 1553 3753 fere
1584 3704 1786 3752 annos
1815 3690 2014 3752 turbat
2036 3690 2248 3753 civiles
2280 3709 2395 3773 per
2422 3693 2685 3772 patriam
2720 3691 3141 3772 finitimasque
3171 3695 3464 3775 regiones
3485 3700 3778 3772 grassaren-

593 3801 725 3867 tur,
766 3803 828 3858 et
858 3794 1070 3856 omnia
1104 3793 1294 3872 plena
1325 3797 1535 3853 essent
1562 3789 1796 3852 furoris
1822 3797 2010 3870 atque
2031 3791 2312 3867 insaniae,
2344 3792 2441 3854 his
2457 3793 2693 3857 ferrum
2715 3793 3001 3871 etignem
3027 3801 3088 3856 et
3107 3797 3346 3876 qumvis
3365 3793 3584 3858 ferocia
3610 3791 3773 3868 aperte

595 3898 1074 3974 minitantibus,
1094 3894 1219 3956 illis
1248 3911 1363 3974 per
1393 3893 1593 3954 varias
1626 3893 1933 3955 factiones
1956 3891 2436 3972 societatesque,
2485 3905 2749 3974 quarum
2793 3896 2912 3958 sibi
2945 3913 3347 3980 unaquaeque
3397 3879 3592 3968 veram
3637 3885 3772 3950 labo-

597 4003 758 4065 rami
783 4001 1161 4064 medicinam
1207 4015 1396 4059 nosse
1420 3997 1767 4068 videbatur,
1801 3994 2259 4075 rempublicam
2310 3997 2825 4074 distrahentibus,
2889 3999 2992 4061 vix
3035 4000 3248 4063 dicere
3299 4013 3544 4082 possum
3587 3989 3772 4072 quanto

587 4119 743 4164 cum
775 4099 1001 4177 gaudio
1045 4115 1122 4158 ex
1140 4097 1362 4159 harum
1385 4112 1595 4157 rerum
1631 4103 1873 4158 terrore
1905 4112 1977 4157 ac
2008 4095 2197 4157 taedio
2223 4096 2299 4158 ad
2328 4114 2435 4159 eas
2457 4115 2557 4159 me
2593 4115 2845 4178 semper
2881 4099 3202 4164 retulerim
3237 4109 3402 4164 artes
3419 4112 3552 4178 qua)
3578 4086 3771 4174 pridem

591 4199 782 4262 cultae
817 4197 937 4258 illis
971 4195 1320 4276 praesertim
1352 4194 1746 4274 temporibus
1770 4194 1848 4256 ad
1881 4193 2336 4267 consolandum
2369 4196 2648 4258 animum
2678 4206 2738 4259 et
2758 4216 2835 4260 ex
2862 4201 3182 4263 communi
3209 4200 3488 4264 omnium
3512 4197 3767 4258 bonorum

595 4295 842 4358 tristitia
872 4294 1240 4372 erigendum
1271 4293 1582 4374 imprimis
1603 4299 1766 4373 apta),
1798 4310 1933 4355 esse
1965 4292 2360 4356 videbantur.
2385 4296 2568 4356 Forte
2598 4295 2822 4359 accidit
2842 4304 2908 4359 ut
2931 4315 2968 4360 a
3001 4297 3177 4361 libris
3211 4295 3485 4376 Gregorii
3536 4281 3768 4369 Nysseni.

587 4399 777 4476 cujus
797 4395 1004 4458 studio
1033 4414 1174 4458 cum
1205 4395 1478 4458 maxime
1512 4397 1791 4470 tenebar,
1823 4395 1902 4457 ad
1955 4394 2244 4474 quaedam
2290 4395 2542 4458 Maximi
2601 4397 3007 4472 Confessoris,
3077 4395 3436 4479 phil050phi
3464 4377 3764 4479 gravissimi.

589 4498 829 4578 scripta
851 4498 1154 4573 deferrer,
1185 4499 1365 4578 cujus
1393 4505 1463 4559 ut
1492 4497 1726 4560 difﬁcili
1759 4503 1820 4559 et
1845 4497 2151 4576 impedito
2189 4514 2292 4558 me
2321 4514 2550 4574 genere
2583 4496 2748 4559 haud
2767 4515 2910 4560 raro
2929 4475 3350 4577 defatigatum.
3368 4510 3497 4558 esse
3541 4502 3654 4552 non
3675 4475 3766 4582 difj

592 4601 802 4676 (item,
843 4601 928 4663 ita
962 4607 1020 4662 et
1055 4602 1505 4663 sententiarum
1539 4595 1923 4662 sublimitate
1952 4605 2013 4660 et
2050 4599 2422 4680 placitorum
2453 4599 2730 4672 veritate,
2763 4617 2798 4661 e
2827 4599 3089 4680 limpido
3125 4601 3216 4682 pii
3241 4617 3316 4663 ac
3357 4589 3570 4660 sinceri
3606 4580 3762 4688 animi

594 4705 774 4765 fonte
804 4710 1175 4782 temperata,
1199 4701 1577 4763 mirabiliter
1611 4706 1891 4762 erectum
1925 4706 2255 4762 etauctum
2293 4717 2396 4760 me
2429 4716 2567 4761 esse
2596 4699 2787 4761 hodie
2815 4700 3114 4779 gratulor.
3153 4699 3331 4774 Quod
3361 4695 3523 4758 enim
3558 4683 3765 4782 Photius

593 4804 876 4881 Myriob.
909 4775 1050 4866 c'od.
1083 4775 1270 4866 cxcu.
1305 4802 1449 4885 (col.
1501 4801 1608 4862 501
1657 4800 1759 4863 ed.
1797 4800 2075 4881 Hoesch.)
2108 4801 2187 4862 de
2216 4801 2337 4863 alio
2369 4801 2620 4862 Maximi
2643 4775 2846 4882 Opere
2870 4802 3086 4876 sensit,
3109 4801 3449 4863 orationem
3472 4790 3592 4869 ejus
3610 4775 3763 4885 ῐξθίθν

596 4879 722 4968 tam
753 4905 1142 4986 hyperbatis,
1163 4879 1804 4968 circumductionibus
1821 4879 2287 4981 verborumque
2310 4879 3242 4974 translationibuslaborantem,
3262 4879 3764 4986 haudraro-obfcl':

598 4974 934 5065 ritatem'et
961 4974 1388 5065 difﬁcultatem
1421 5018 1642 5082 parere
1673 5001 2050 5079 legentibus,
2082 4974 2200 5062 sed
2228 5001 2280 5060 si
2318 5001 2419 5062 cui
2447 5007 2688 5078 gratum
2703 5001 2781 5061 sit
2797 5001 3094 5079 anagogis
3120 5007 3178 5061 et
3200 4974 3760 5082 contemplationilluf

601 5110 878 5168 mentem
907 5103 1254 5182 implicare,
1283 5079 1607 5180 nunquam
1629 5117 1773 5162 eum
1802 5117 1953 5163 sane
1989 5105 2385 5179 reperturum
2417 5117 2553 5161 esse
2583 5100 2706 5162 illis
2733 5106 2838 5162 aut
2874 5101 3070 5180 magis
3109 5099 3272 5161 varia
3315 5100 3415 5158 aut
3467 5079 3760 5184 diligealllls

600 5204 942 5276 elaborata,
972 5205 1284 5285 imprimis
1319 5221 1470 5267 vero
1494 5204 1732 5284 ubique
1754 5204 2003 5266 elucere
2034 5202 2148 5264 viri
2172 5201 2467 5282 pietatem
2489 5210 2549 5264 et
2566 5222 2794 5284 purum
2826 5204 3266 5282 sincerumque
3301 5189 3505 5260 Christi
3559 5169 3757 5285 desidt:

603 5305 791 5373 rium.
832 5305 892 5366 id
915 5261 1223 5384 judicium
1249 5305 1327 5366 de
1372 5261 1899 5384 majorejoperum
1932 5261 2194 5365 Maximi
2213 5311 2388 5381 parte
2413 5261 2882 5383 pronluntiatum
2918 5310 3122 5383 potest
3152 5261 3382 5362 1videri.
3445 5284 3574 5356 Sed.
3610 5282 3663 5384 υξ

604 5422 736 5466 rem
761 5377 1054 5478 revertar,
1087 5405 1204 5466 sub
1231 5403 1439 5483 ipsum
1474 5377 1626 5464 illud
1675 5377 1927 5484 tempus
1967 5419 2002 5464 a
2057 5377 2586 5475 Schoenemanno,
2630 5377 3028 5462 bibliotheca;
3077 5392 3608 5484 Guelpherbytantﬁ
3644 5377 3754 5484 “19°

605 5502 927 5580 praefecto,
961 5504 1094 5566 viro
1151 5512 1211 5566 et
1233 5480 1580 5582 gratissima
1600 5512 1661 5566 et
1690 5480 1967 5586 piissima
1991 5501 2292 5565 memoria
2317 5520 2568 5582 semper
2597 5503 2889 5578 colendo,
2909 5502 3136 5566 certior
3174 5515 3311 5559 sum
3335 5497 3515 5558 factus
3539 5480 3606 5542 de
3626 5480 3753 5586 Pr

601 5604 984 5666 stantissimo
1005 5606 1222 5668 codice
1260 5607 1546 5668 Gudiano
1577 5571 1827 5682 39.2%.,
1868 5608 1976 5687 qui
2016 5614 2240 5686 praeter
2266 5606 2384 5668 alia
2413 5607 2660 5668 Maximi
2685 5623 2898 5686 opera,
2936 5587 3127 5666 multo
3171 5591 3537 5663 emendatius
3568 5571 3754 5642 εεττδιθ
