4008 6194
235 217 369 285 1029
1349 218 1614 283 FRANC.
1654 220 1963 284 OEHLER
1999 219 2413 292 PMFATIO.
3342 224 3478 290 1030

234 351 422 417 quam
453 315 666 397 essent
697 347 733 396 a
753 331 1138 396 Combeﬁsio
1169 331 1358 408 edita,
1382 331 1692 396 ineditum
1713 352 1974 417 quoque
1991 335 2252 398 haberet
2273 331 2426 397 illud
2472 333 2794 414 egregium
2854 349 3016 413 Opus
3045 339 3180 415 Περὶ
3207 343 3480 415 διαφόρων

233 447 478 519 ἀποριῶν
504 445 616 500 τῶν
638 444 810 514 ἁγίων
834 444 1112 498 Διονυσίου
1135 443 1230 498 καὶ
1257 444 1560 517 Γρηγορίου
1585 445 1722 517 πρὸς
1747 445 1816 499 Ou

1896 447 1951 499 Ξν
1996 447 2087 499 τὸν
2120 447 2475 517 ἡγιασμένον.
2539 434 2793 516 Optanti
2839 434 2973 514 ejus
3035 435 3169 498 libri
3232 438 3479 516 copiam

234 535 469 600 habere
499 535 860 607 humaniter
889 533 1133 610 annuit,
1161 533 1447 596 codicem
1482 536 1846 597 transmisit.
1880 536 2095 597 Inveni
2130 554 2291 615 Opus
2329 561 2354 590 «
2383 537 2653 616 spissum
2678 543 2867 615 atque
2888 537 3177 611 arduum,
3211 557 3240 594 »
3275 547 3342 599 ut
3363 558 3479 619 ap-

237 637 428 718 pellat
445 635 968 699 Montefalconius
1004 634 1192 697 Catal.
1225 635 1617 710 bibl.Coisl.,
1651 653 1712 715 p.
1746 634 1882 696 311.
1923 638 2052 698 Nec
2113 655 2372 715 parvum
2436 645 2567 698 erat
2621 637 3079 700 transcribendi
3132 639 3286 718 ejus,
3361 659 3480 704 nec

234 738 422 800 taedio
439 755 690 814 vacans,
718 738 830 800 sed
860 737 1242 808 fructuosus,
1267 739 1337 796 ut
1356 734 1777 807 confidebam,
1809 732 2008 795 labor.
2043 733 2233 794 Multa
2262 733 2506 795 inerant
2527 752 2836 814 perquam
2865 737 3170 802 subtiliter
3197 739 3477 818 disputa-

233 849 317 916 ta,
351 841 557 902 multa
575 841 826 918 egregie
854 843 1252 920 pertractata,
1283 836 1554 917 plurima
1590 835 1826 896 utiliter
1880 835 2187 915 exposita,
2240 851 2370 895 non
2414 853 2614 914 pauca
2664 854 2806 914 quae
2864 838 3176 917 abripiant
3236 841 3480 902 animos

235 942 715 1022 castissimoque
739 947 800 1002 et
823 940 1152 1002 mitissimo
1185 939 1332 1017 igne
1365 937 1830 1019 perfundantet
1857 956 1985 1020 quo
2012 920 2090 999 ad
2112 938 2388 999 sanctius
2417 937 2555 998 vita;
2601 955 2804 1015 genus
2854 941 3307 1004 instituendum
3369 961 3477 1006 ac-

239 1042 607 1108 cendamur.
648 1042 771 1103 Sed
800 1048 1014 1103 tamen
1052 1038 1342 1102 dolebam
1374 1036 1547 1117 quod
1580 1053 1742 1115 Opus
1792 1045 1917 1100 tam
2006 1035 2244 1097 varium
2285 1044 2538 1115 tamque
2576 1037 2928 1116 c0piosum,
3002 1045 3124 1100 tam
3187 1043 3478 1118 gravitate

237 1157 424 1219 quam
457 1138 836 1200 sublimitate
865 1135 1468 1200 commentationum
1505 1141 1810 1213 praastans
1837 1135 2054 1196 tandiu
2088 1135 2372 1212 ignotum
2421 1136 2684 1213 jaceret,
2716 1153 2787 1198 ac
2841 1139 3072 1214 statim,
3113 1139 3165 1200 si
3225 1143 3480 1218 quando

238 1241 432 1303 otium
465 1238 657 1312 foret,
683 1237 872 1299 edere
898 1236 1054 1299 illud
1082 1236 1146 1298 in
1170 1237 1451 1298 animum
1477 1235 1724 1297 induxi.
1755 1238 1884 1320 Nec
1927 1236 2220 1298 hesterna
2260 1243 2352 1298 est
2387 1237 2520 1316 ejus
2569 1236 2754 1311 fama,
2810 1236 2862 1298 si
2919 1238 3174 1316 quidem
3210 1242 3480 1302 Joannes

226 1341 355 1420 jam
385 1341 606 1402 Scotus
640 1339 822 1418 jussu
847 1336 1047 1400 Caroli
1090 1337 1254 1398 Calvi
1286 1337 1572 1398 Latinum
1609 1335 1764 1397 illud
1794 1335 2002 1399 facere
2040 1336 2190 1398 olim
2220 1336 2510 1397 instituit.
2545 1337 2731 1415 Cujus
2787 1339 3096 1401 versionis
3129 1357 3161 1401 e
3227 1341 3479 1402 Clunia-

241 1440 412 1504 censi
447 1439 874 1504 bibliothecaa
903 1441 1143 1502 Joanne
1184 1437 1480 1501 Mabillon
1518 1437 1837 1517 quondam
1894 1447 2165 1522 receptae
2214 1444 2275 1498 et
2341 1455 2482 1498 cum
2513 1437 2748 1498 Thoma
2802 1438 2951 1502 Gate
3008 1441 3483 1504 communicata)

239 1541 533 1621 reliquias
567 1542 731 1620 (nam
763 1541 816 1601 si
844 1557 974 1601 non
1001 1539 1236 1612 omnia,
1269 1545 1437 1600 certe
1456 1537 1635 1617 plura
1655 1538 1914 1598 vertisse
1931 1540 2240 1600 Joannem
2270 1539 2522 1600 Scotum
2547 1556 2745 1617 quam
2802 1557 2942 1618 quae
2977 1547 3336 1601 manserunt
3365 1559 3484 1620 ap-

239 1649 413 1722 paret
449 1649 580 1704 tum
613 1657 689 1702 ex
713 1639 1074 1720 prmfatione
1106 1638 1333 1716 ipsius,
1366 1644 1498 1698 tum
1521 1655 1599 1699 ex
1620 1637 1764 1699 loco
1801 1639 1888 1698 De
1917 1638 2223 1698 divisione
2253 1648 2496 1697 naturae
2519 1641 2752 1718 Operis,
2789 1658 2848 1719 p.
2879 1639 2991 1701 210
3020 1641 3118 1702 ed.
3161 1642 3320 1714 Gal.,
3373 1644 3480 1704 ubi

237 1741 582 1823 capitulum
614 1738 1161 1819 quadragesimum
1193 1737 1466 1816 primum
1512 1737 1588 1798 de
1613 1735 1925 1812 ambiguis
1961 1735 2189 1797 citatin
2239 1735 2588 1797 orationem
2649 1739 2934 1815 Gregorii
2989 1738 3359 1800 Nazianzeni
3403 1742 3481 1800 de

238 1841 558 1914 Paschate,
597 1846 658 1901 et
688 1839 869 1919 plura
897 1839 1141 1902 videtur
1169 1839 1353 1901 etiam
1381 1836 1791 1898 Combeﬁsius
1811 1837 2132 1908 habuisse,
2167 1835 2218 1897 si
2257 1837 2394 1916 ejus
2438 1839 2630 1899 verba
2685 1838 2750 1898 in
2802 1838 3102 1900 Biblioth.
3144 1841 3479 1900 conciona-

236 1947 400 2008 toria
431 1951 584 2004 tom.
613 1941 641 2000 Ι
670 1941 896 2020 posita,
947 1940 1225 2019 indeque
1262 1939 1332 2000 in
1374 1938 1638 2002 Fabricii
1666 1938 1971 2001 Biblioth.
2031 1938 2142 2000 Gr.
2186 1943 2339 1999 tom.
2368 1939 2472 2011 IX,
2517 1957 2581 2017 p.
2634 1938 2772 2010 673,
2814 1940 2914 2000 ed.
2963 1940 3132 2002 Harl.
3197 1941 3477 2020 repetita,

235 2065 380 2112 cum
411 2052 693 2114 Fabricio
724 2051 1339 2132 recteinterpretor)
1383 2049 1580 2135 edidit
1616 2049 1710 2110 vir
1740 2048 2084 2110 litterarum
2124 2045 2312 2107 laude
2344 2045 2824 2108 ﬂorentissimus
2868 2047 3138 2110 Thomas
3197 2049 3348 2109 Gate
3403 2048 3478 2108 ad

233 2150 471 2212 calcem
527 2151 830 2214 librorum
876 2152 1158 2232 quinque
1195 2151 1453 2214 Joannis
1487 2151 1674 2220 Scoti
1715 2160 1816 2228 Πεε

1897 2158 2100 2227 posse);
2129 2154 2423 2227 μερισμοῦ,
2472 2147 2673 2208 Oxon.
2711 2146 2882 2220 1681,
2941 2167 3006 2228 p.
3047 2147 3218 2221 1-45,
3253 2148 3480 2229 quibus

231 2247 489 2310 alteram
519 2253 737 2330 aperis
801 2262 936 2332 Περὶ
960 2259 1236 2329 διαφόρων
1271 2259 1512 2329 ἀποριῶν
1546 2250 1808 2328 particut

1895 2267 1916 2309 1
1958 2266 2085 2310 una
2145 2265 2287 2310 cum
2332 2247 2547 2310 Latina
2603 2247 3117 2325 interpretatione
3174 2267 3237 2327 p.
3290 2247 3478 2307 46-70

231 2352 576 2432 subjunxit.
604 2355 945 2434 Postquam
974 2353 1164 2430 igitur
1191 2351 1382 2413 totius
1421 2358 1483 2413 et
1510 2352 1740 2428 integri
1778 2358 2062 2429 Διαφόρων
2096 2355 2356 2430 Ἀποριῶν
2411 2348 2696 2430 corporis
2739 2364 2857 2427 ego
2889 2348 3118 2410 edendi
3149 2347 3482 2410 consilium

232 2453 398 2532 cepi,
430 2453 762 2533 utriusque
797 2453 935 2528 viri,
981 2451 1326 2513 etJoannis
1368 2451 1535 2513 Scoti
1567 2459 1630 2512 et
1663 2450 1921 2512 Thomas
1965 2449 2137 2522 Gate,
2171 2449 2514 2522 versiones,
2580 2449 2724 2510 licet
2769 2449 2986 2523 altera,
3049 2466 3180 2511 non
3239 2466 3477 2530 Opera),

231 2553 342 2612 sed
380 2551 655 2612 auctoris
683 2549 779 2611 sui
809 2548 1087 2628 peccatis
1128 2554 1420 2623 scateret,
1449 2549 1646 2612 altera
1677 2555 1843 2610 certe
1877 2548 2195 2610 erroribus
2236 2564 2366 2610 non
2396 2555 2658 2611 careret.
2693 2556 2822 2610 tam
2867 2550 3260 2629 antiquitatis
3291 2568 3481 2630 quam

231 2653 354 2734 piae
379 2668 751 2730 magnorum
783 2650 1110 2711 nominum
1135 2651 1456 2712 memorias
1486 2667 1636 2728 ergo
1672 2650 2031 2712 immutatas
2085 2649 2358 2712 retinere
2426 2667 2554 2712 non
2593 2651 2894 2724 dubitavi,
2938 2669 3081 2713 cum
3133 2654 3481 2731 praesertim

231 2755 508 2814 Joannes
562 2753 788 2814 Scotus
842 2751 1071 2827 corrigi
1109 2767 1236 2812 non
1270 2757 1511 2830 posset,
1543 2751 1697 2830 quin
1725 2749 2034 2829 suiplane
2095 2750 2418 2812 dissimilis
2447 2752 2645 2813 ﬁeret.
2673 2753 2945 2814 Thomas
2972 2753 3120 2815 Gate
3163 2755 3228 2815 in
3260 2755 3495 2818 Praefa-

230 2857 406 2918 tione
443 2854 745 2916 librorum
774 2854 824 2914 V
848 2853 1108 2916 Joannis
1135 2854 1306 2916 Scoti
1332 2856 1421 2914 De
1453 2836 1759 2916 divisione
1798 2856 2064 2928 natura,
2097 2845 2135 2910 ἱ(
2163 2855 2426 2916 Sanctus
2445 2855 2774 2929 Maximus,
2808 2855 3036 2934 inquit,
3078 2858 3325 2938 scripsit
3369 2877 3488 2920 ex-

230 2958 608 3037 positionem
637 2955 1077 3032 ambiguorum
1106 2953 1346 3034 aliquot
1385 2955 1668 3017 locorum
1705 2971 1848 3034 quas
1871 2956 1940 3018 in
1967 2957 2028 3015 S.
2054 2954 2331 3034 Dionysii
2353 2960 2412 3015 et
2449 2955 2733 3032 Gregorii
2765 2956 3136 3017 Nazianzeni
3173 2958 3346 3020 libris
3381 2975 3485 3022 oc-

228 3065 510 3124 currunt.
575 3058 725 3118 Haec
752 3056 1056 3133 Ambigua
1083 3057 1360 3117 Joannes
1387 3056 1651 3133 Erigena
1677 3056 1860 3117 vertit
1884 3055 2121 3117 Latine.
2154 3055 2381 3116 Nescio
2411 3071 2491 3115 an
2522 3061 2723 3116 totum
2777 3056 3026 3116 Maximi
3081 3073 3266 3137 Opus,
3316 3078 3487 3139 quo...

228 3163 395 3226 niam
438 3161 653 3222 Graeca
679 3160 742 3220 S.
779 3158 1026 3219 Maximi
1061 3158 1302 3235 integra
1339 3157 1623 3218 nondum
1654 3164 1876 3219 nactus
1916 3176 2077 3220 sum.
2111 3159 2257 3232 Quae
2290 3157 2392 3218 hic
2442 3159 2506 3218 in
2538 3157 2662 3219 fine
2719 3157 2898 3235 legis,
2932 3167 3190 3238 accepta
3235 3178 3492 3224 mecum‘

228 3264 395 3328 refer
416 3261 647 3342 partim
678 3258 989 3320 beneﬁcio
1017 3259 1086 3319 ν.
1123 3252 1226 3318 Cl."
1249 3256 1518 3318 Emerici
1545 3256 1797 3334 Bigotii,
1835 3258 1942 3335 qui
1975 3275 2050 3317 ex
2079 3256 2464 3319 bibliotheca
2483 3259 2646 3335 regis
2681 3253 3018 3320 Galliarum
3041 3261 3107 3320 in
3126 3278 3303 3325 meos
3334 3281 3485 3326 usus

224 3361 539 3439 descripta
572 3356 968 3430 examinavit,
1008 3356 1232 3436 partim
1275 3355 1479 3417 codici
1507 3372 1676 3429 meo,
1715 3357 1823 3435 qui
1876 3356 2322 3435 complurimas
2387 3357 2667 3435 ejusdem
2720 3359 2968 3419 Maximi
3019 3360 3524 3425 lucubrationes'

224 3460 532 3523 continet.
571 3459 870 3518 Caaterum
905 3463 974 3516 ut
997 3453 1248 3515 redeam
1286 3454 1364 3514 ad
1398 3456 1676 3528 Scotum,
1715 3456 1852 3534 ejus
1902 3455 2322 3527 tralatibnem,
2364 3473 2550 3534 quam
2585 3455 2687 3517 hic
2736 3458 2881 3530 edo,
2923 3476 3171 3521 mecum
3205 3477 3485 3521 commu-

224 3559 458 3622 nicavit
509 3556 896 3618 humanitate
937 3561 998 3642 et
1025 3554 1378 3616 eruditione
1409 3554 1675 3617 celebris
1707 3557 1801 3616 vir
1825 3559 1880 3618 J.
1913 3554 2230 3630 Mabillon,
2265 3555 2343 3616 de
2382 3572 2508 3634 quo
2554 3574 2744 3637 supra
2795 3563 3302 3624 commemoravi.
3335 3565 3488 3626 Haac

222 3658 430 3722 versio
461 3658 696 3736 absque
721 3656 797 3718 iis
832 3673 973 3735 quae
999 3655 1062 3716 in
1093 3655 1262 3716 libris
1311 3658 1396 3716 De
1427 3657 1731 3718 divisione
1763 3666 2007 3743 natura:
2046 3656 2254 3719 facile
2291 3656 2721 3733 observantur,
2766 3659 2911 3722 satis
2943 3664 3215 3726 ostendit
3263 3665 3481 3744 Erige-

218 3780 372 3826 nam
429 3763 621 3824 fuisse
643 3761 709 3821 in
765 3747 1226 3839 Graecis’piane
1255 3758 1815 3840 alphabetarium.»

298 3882 514 3944 Codex
557 3878 900 3950 Gudianus,
944 3894 1073 3957 quo
1107 3895 1260 3941 usus
1308 3898 1471 3955 sum,
1507 3881 1863 3964 descriptus
1913 3890 2006 3945 est
2056 3883 2160 3944 ab-
2192 3883 2424 3944 Eberto
2465 3882 2531 3944 in
2592 3884 2886 3964 Cataiogo
2929 3887 3230 3952 librorum
3293 3911 3478 3957 manu

214 3982 601 4062 scriptorum
623 3979 1028 4044 bibliothecae
1062 3980 1306 4050 ducalis
1365 3983 1951 4064 Guelpberbitanae-;
1986 3990 2079 4044 est
2135 3985 2653 4047 membranac'eus
2689 4004 2835 4050 saec.
2869 4007 2986 4050 xm
3024 3994 3355 4077 continens
3391 3997 3481 4057 fo-

223 4086 306 4148 lia
335 4086 402 4148 in
435 4092 682 4165 quarto,
713 4086 1117 4165 quoddicunt
1140 4133 1155 4160 ,
1195 4093 1450 4148 centum
1517 4085 1839 4163 sexaginta
1895 4092 2190 4164 quatuOr,
2259 4092 2478 4164 estque
2509 4092 2630 4146 tam
2663 4087 3253 4173 elegantertamque
3289 4113 3476 4161 accu-

220 4182 785 4264 rateconscriptus
811 4192 884 4247 ut
919 4196 1050 4249 non
1093 4185 1297 4248 solum
1337 4186 1440 4248 alii
1472 4186 1620 4248 inde
1675 4187 1817 4248 libri
1861 4186 2105 4265 possint
2151 4188 2401 4264 egregie
2446 4188 2768 4250 emendari
2814 4195 3001 4268 atque
3031 4195 3333 4274 suppleri,
3367 4201 3476 4262 sed

220 4283 364 4364 ipse
388 4283 466 4346 ad
505 4284 625 4347 hoc
649 4295 1216 4366 ΔιαφόρωνἈποριῶν
1248 4303 1410 4367 Opus
1436 4287 1975 4366 interpretandum
2019 4286 2277 4348 alterius
2304 4286 2447 4347 libri
2506 4287 2807 4348 auxilium
2852 4289 2980 4350 non
3028 4293 3477 4364 desiderarem.

219 4383 396 4445 Alios
457 4384 712 4446 codices
767 4402 953 4447 manu
1013 4392 1300 4449 exaratos
1361 4390 1814 4449 commemorat
1866 4385 2209 4460 Fabricius,
2253 4387 2702 4449 Taurinensem
2736 4406 2870 4468 reg.
2920 4393 3132 4469 XXIV,
3170 4396 3481 4462 Venetum

219 4483 291 4544 S.
332 4483 522 4547 Marci
560 4485 868 4546 CXXXVI.
918 4485 1178 4566 (Moretl.
1210 4485 1371 4548 Bibl.
1403 4487 1550 4551 Mse.
1581 4487 1686 4546 Gr.
1719 4491 1780 4548 et
1805 4487 1938 4547 Lat.
1964 4487 2012 4559 Ι,
2047 4504 2113 4565 p.
2144 4483 2218 4546 82
2249 4484 2292 4567 j,
2321 4502 2399 4550 ex
2440 4503 2567 4566 quo
2611 4489 2815 4568 capita
2843 4491 3132 4570 quaedam
3171 4496 3333 4558 edita
3377 4499 3487 4561 ha-

219 4585 340 4647 bes
380 4584 445 4646 in
470 4584 773 4648 Gallandii
802 4585 1103 4648 Biblioth.
1133 4588 1398 4649 Patrum
1439 4585 1826 4665 Appendice,
1876 4603 1937 4664 p.
1974 4583 2083 4647 153
2126 4601 2269 4666 sqq.
2307 4585 2472 4666 (qua)
2495 4586 2901 4650 inveniuntur
2941 4591 3007 4669 in
3037 4594 3179 4658 cod.
3213 4596 3480 4660 Gudiani
3516 4605 3520 4607 ’

215 4683 270 4744 f.
317 4682 431 4744 229
464 4685 657 4768 sqq.),
689 4686 973 4756 codicem
1015 4685 1168 4748 bibl.
1214 4685 1478 4749 Nanian.
1521 4684 1720 4747 LXIV.
1744 4684 2003 4747 Codices
2032 4683 2189 4747 alios
2217 4686 2392 4747 novit
2421 4685 2610 4750 etiam
2657 4689 3086 4767 Combetisius,
3114 4713 3300 4775 quem
3331 4716 3487 4779 ope-

217 4801 366 4846 rum
408 4785 471 4845 S.
503 4785 752 4847 Maximi
808 4803 845 4848 a
873 4802 943 4848 se
979 4785 1292 4854 editorum
1341 4800 1573 4868 corpus
1594 4783 1780 4846 tertio
1815 4781 2136 4852 volumine
2175 4782 2501 4862 complere
2522 4783 2790 4846 voluisse
2840 4797 3106 4865 constat,
3133 4794 3184 4854 si
3223 4797 3480 4875 quidem

216 4887 294 4950 in
318 4885 620 4950 Bibiioth.
652 4889 1148 4962 concionatoria,
1170 4885 1335 4956 tom.
1372 4890 1394 4950 Ι
1423 4886 1526 4967 (cf.
1549 4887 1818 4952 Fabricii
1849 4885 2015 4946 Bibi.
2048 4887 2160 4948 ὃν.
2195 4892 2349 4947 tom.
2384 4887 2487 4958 IX,
2538 4907 2599 4967 p.
2633 4887 2746 4949 673
2779 4891 2879 4951 ed.
2919 4894 3088 4954 Harl.
3121 4897 3168 4975 ),
3197 4921 3223 4951 α
3259 4901 3320 4959 S.
3350 4903 3483 4963 Ma-

213 4987 454 5059 ximus,
485 4986 712 5065 inquit,
780 4987 956 5049 locos
998 4986 1280 5049 ditiicites
1317 4987 1590 5067 plurium
1649 4988 1932 5066 Gregorii
1983 4988 2338 5051 orationum
2400 5007 2471 5052 ac
2507 4993 2924 5070 quorumdam
2993 5000 3338 5063 carminum
3405 5021 3482 5065 ex

218 5085 402 5163 regio
431 5085 651 5147 codice
683 5087 704 5165 (
736 5085 1159 5147 DCCCXXXVI
1202 5086 1362 5147 Bibl.
1404 5089 1561 5164 Reg.
1630 5087 1816 5148 Catal.
1850 5105 1916 5166 p.
1951 5105 2018 5148 ιι.
2052 5108 2116 5168 p.
2155 5088 2264 5150 172
2294 5090 2341 5167 ),
2389 5089 2618 5152 collato
2675 5110 2817 5158 cum
2848 5095 3045 5161 altero
3078 5118 3203 5162 rev.
3243 5104 3485 5165 abbatis

213 5185 529 5249 Gerasimi
553 5183 825 5258 Blaccbi,
858 5184 1137 5246 Venetiis
1178 5183 1628 5246 humanissime
1675 5186 2008 5261 submisso,
2070 5187 2334 5268 ipsaque
2361 5187 2620 5250 Joannis
2648 5190 2936 5268 Erigenai
2997 5213 3068 5258 ex
3093 5199 3481 5267 Cluniacensi

213 5286 603 5350 bibliotheca
633 5287 943 5347 versione.
977 5283 1408 5364 C010phonem
1432 5286 1601 5346 dabit
1628 5286 1737 5349 viri
1766 5287 1844 5349 cl.
1873 5289 2208 5369 Raphaelis
2231 5290 2315 5362 du
2331 5293 2562 5356 Fresne
2591 5304 2683 5357 τοῦ
2709 5307 3011 5377 μακαρίτου
3043 5302 3486 5379 pulcherrimis

211 5387 609 5473 membranis
645 5385 1068 5466 pulcherrime
1099 5394 1161 5448 et
1193 5403 1385 5447 manu
1435 5390 1678 5450 erudita
1718 5398 2008 5454 exaratus
2053 5395 2278 5471 codex,
2311 5400 2370 5460 si.
2420 5402 2677 5478 quando
2717 5400 2978 5463 facultas
3029 5405 3107 5466 sit
3171 5414 3232 5467 et
3285 5412 3484 5475 otium

210 5504 368 5552 cum
395 5487 509 5562 illo
559 5486 949 5550 conferendi.
990 5511 1016 5542 »
1058 5486 1314 5548 Thema:
1345 5487 1493 5550 Gate
1544 5489 1756 5566 libros,
1805 5499 1930 5554 tam
1972 5496 2081 5574 qui
2113 5497 2317 5578 ipsum
2351 5503 2600 5564 Maximi
2641 5520 2809 5582 opus
2858 5522 3048 5586 quam
3097 5508 3208 5587 qui
3245 5513 3486 5576 versio-

204 5605 372 5656 nem
397 5589 655 5653 Joannis
674 5588 843 5653 Scoti
887 5588 1235 5666 continent,
1294 5589 1585 5669 suspicor
1643 5597 1953 5658 recenscri
2017 5598 2076 5660 in
2125 5600 2421 5682 Catalogo
2463 5603 2658 5666 Codd.
2689 5606 2854 5668 MSS.
2892 5605 3129 5684 Anglia:
3159 5616 3219 5671 et
3262 5612 3497 5676 Iliber-
