4008 6194
291 227 426 294 1033

289 425 433 480 κατὰ
461 423 721 494 πρόθεσιν
748 423 857 475 τῶν
893 423 1104 475 αἰώνων
1135 423 1248 493 τῷ⁸
1292 423 1412 493 Θεῷ
1442 424 1852 492 προσθεμένων,

288 517 393 570 τῶν
437 518 618 569 πᾶσαν
661 515 736 578 ὡς
781 514 1036 583 ἀληθῶς⁹
1083 514 1182 584 τὴν
1237 515 1468 584 ἐφικτὴν
1516 515 1628 576 τοῖς
1678 514 1856 581 ἁγίοις

235 661 238 667 ,
288 607 444 675 χύσιν
494 606 593 675 τῆς
647 605 839 674 σοφίας
887 604 1303 674 εἰσδεξαμένων,
1345 606 1442 658 καὶ
1483 607 1550 675 τῇ
1599 605 1856 658 ἀποθέσει

291 697 390 767 τῆς
437 696 578 750 κατά
625 695 788 765 φύσιν
837 696 983 766 ζωῆς
1021 695 1200 766 ψυχῆς
1229 696 1416 750 οὐσίαν
1446 695 1855 765 πεποιημένων,

293 789 384 840 καὶ
409 779 498 840 διὰ
526 788 682 840 τοῦτο
723 787 902 850 ζῶντα
950 787 1259 858 μονώτατον
1300 785 1392 840 τὸν
1424 787 1660 858 Χριστὸν
1689 788 1858 857 ἐσχη-

289 879 485 944 κότων,
517 879 609 931 καλ⁵
638 879 700 932 τὸ
743 879 808 948 δὴ
855 879 1040 949 μεῖζον
1073 880 1284 944 εἰπεῖν,
1327 879 1508 950 ψυχὴν
1537 879 1722 942 αὐτοῖς
1758 879 1859 948 τῆς

287 968 469 1039 ψυχῆς
500 968 866 1039 γεγενημένον
896 971 990 1022 καὶ
1030 968 1119 1022 διὰ
1143 971 1362 1024 πάντων
1391 971 1568 1040 ἔργων
1601 987 1659 1022 τε
1689 969 1784 1022 καὶ
1814 969 1858 1000 ⁸⁸

285 1059 464 1126 λόγων
507 1059 603 1111 καὶ
652 1059 942 1129 νοημάτων
977 1061 1142 1112 πᾶσιν
1187 1059 1625 1130 ἐμφανιζόμενον
1657 1059 1733 1122 ὡς
1769 1059 1860 1110 ἐν-

289 1152 478 1202 τεῦθεν
509 1150 733 1202 ἐκείνων
780 1151 880 1220 μὲν
913 1151 1012 1203 οῦκ
1042 1148 1184 1203 εἶναι
1216 1150 1511 1204 πεπεῖσθαι
1559 1149 1628 1204 τὰ
1665 1167 1861 1218 προτε-

291 1240 540 1303 θέντα¹¹,
587 1240 826 1310 Χριστοῦ
863 1239 942 1306 δὲ,
990 1241 1193 1294 κατά¹¹
1235 1242 1397 1312 χάριν
1445 1241 1628 1304 αὐτοῖς
1669 1241 1862 1294 ἐαυτὸν

290 1326 718 1392 ὐπαλλάξαντος.
778 1328 939 1380 Ἀλλὰ
986 1329 1105 1392 πῶς
1162 1329 1302 1382 εῐπω
1363 1328 1568 1400 Κύριον
1628 1328 1859 1398 Ἰησοῦν,

293 1420 463 1488 μήπω
513 1419 733 1486 πνεῦμα
778 1419 960 1472 λαϐὼν
1004 1420 1317 1491 ἀγιότητος;
1351 1419 1475 1483 Πῶς
1513 1419 1732 1489 λαλήσω
1764 1420 1863 1482 τὰς

289 1508 610 1572 δυναστείας
636 1508 729 1562 τοῦ
755 1509 984 1578 Κυρίου,
1015 1511 1043 1561 6
1071 1509 1442 1578 μογίλαλος¹⁸,
1496 1509 1590 1562 καὶ
1623 1509 1718 1570 τὸν,
1737 1509 1862 1562 νοῦν

288 1602 355 1669 τῇ
420 1601 605 1667 σχέσει
677 1599 1037 1672 προσηλώσας
1093 1599 1203 1652 τῶν
1260 1599 1664 1670 φθειρομένων;
1734 1599 1858 1662 Πῶς

289 1689 560 1752 ἀκουστάς
591 1691 801 1760 ποιήσω
840 1690 942 1744 κάν
972 1707 1126 1753 τινας
1155 1691 1397 1753 ἀἰνέσεις
1442 1689 1609 1742 αὑτοῦ
1636 1728 1650 1752 ,
1687 1692 1714 1742 6
1745 1707 1857 1742 xm-

289 1780 386 1848 φὺς
414 1817 430 1842 ,
459 1781 554 1832 καὶ
580 1779 641 1832 τὸ
663 1780 762 1850 τῆς
786 1780 966 1850 ψυχῆς
992 1779 1320 1834 ἀκουστικὸν
1359 1779 1447 1833 διὰ
1491 1779 1589 1850 τὴν
1629 1780 1767 1850 πρὸς
1789 1779 1860 1833 τὰ

290 1870 440 1938 πάθη
469 1870 651 1939 φιλίαν
703 1871 842 1940 ἔχων
872 1871 1154 1933 παντελῶς
1205 1871 1669 1940 ἀπεστραμμένον
1689 1869 1733 1900 ⁸⁸
1763 1869 1856 1924 τοῦ

289 1961 448 2030 λόγου
476 1964 577 2034 τὴν
609 1961 885 2032 μακαρίαν
913 1962 1131 2031 φωνήν;
1183 1959 1307 2019 Πῶς
1352 1959 1604 2031 ἐμφανὴς
1644 1961 1671 2012 6
1701 1959 1860 2027 λόγος

289 2054 577 2124 γενήσεταί
610 2070 735 2123 μοι,
769 2052 846 2122 τῷ
877 2051 1166 2122 ἡττημένῳ
1204 2050 1281 2120 τῷ
1313 2053 1501 2120 κόσμῳ
1530 2090 1545 2115 ,
1573 2052 1729 2122 νικᾷν
1769 2052 1861 2104 τὸν

289 2143 514 2212 κόσμον,
543 2141 656 2194 ἀλλ’
686 2141 788 2194 οῦκ
817 2139 1220 2211 ἐμφανίζεσθαι
1256 2137 1332 2209 τῷ
1357 2139 1548 2208 κόσμῳ
1577 2139 1857 2208 πεφυκὼς,

289 2233 448 2304 είπερ
481 2232 689 2302 φιλύλῳ
728 2233 964 2286 διαθέσει
990 2233 1129 2286 κατά
1171 2231 1334 2301 φύσιν
1377 2232 1526 2284 ἐστὶν
1557 2231 1861 2300 ἀνεπίγνω-

295 2341 454 2390 στος;
488 2323 611 2387 Πῶς
651 2325 712 2376 οὐ
751 2308 1042 2393 τολμηρὸν,
1095 2324 1208 2386 τοῖς
1252 2322 1430 2391 ἁγίοις
1468 2321 1561 2374 τὸν
1604 2323 1772 2392 ἐναγῆ
1794 2322 1860 2388 ⁸⁸,

294 2416 388 2469 καὶ
428 2416 540 2478 τοῖς
586 2414 847 2484 καθαροῖς
887 2416 1158 2484 ἐγχειρεῖν
1190 2415 1281 2466 τὸν
1327 2412 1670 2484 ἀκάθαρτονς
1706 2413 1862 2466 Aio“

289 2506 698 2575 παρῃτησάμην
750 2507 817 2558 ἂν
876 2506 976 2576 τὴν
1026 2506 1120 2558 ἐπὶ
1177 2509 1290 2568 τοῖς
1351 2505 1860 2576 κεκελευσμένοιςίτ

288 2595 626 2664 ἐγχείρησιν,
675 2594 767 2647 τὸν
822 2595 1014 2664 (105
1043 2598 1112 2666 a)
1173 2597 1275 2666 τῆς
1320 2597 1649 2667 προπετείας
1696 2597 1862 2667 ψόγον

291 2683 656 2754 φοϐούμενος,
688 2687 736 2738 εί
787 2685 863 2756 μὴ
905 2686 1070 2739 πλέον
1111 2686 1398 2740 ἐδεδοίκειν
1430 2688 1534 2756 τῆς
1576 2688 1860 2752 ἀπειθείας

289 2783 382 2836 τὸν
411 2783 674 2836 κίνδυνον.
707 2785 863 2836 Δυοῖν
897 2777 990 2836 οὖν
1018 2781 1225 2836 τούτων
1243 2783 1286 2814 ¹⁸
1315 2782 1480 2852 μέσος
1506 2783 1734 2852 ληφθεὶς
1759 2781 1862 2851 τῆς

290 2874 620 2945 προπετείας
673 2873 931 2944 αἱροῦμαι
995 2873 1194 2943 μᾶλλον
1257 2874 1350 2926 τὸν
1403 2874 1568 2943 ψόγον
1633 2873 1709 2937 ὡς
1769 2875 1861 2926 ἀν-

288 2965 574 3035 εκτότερον
595 2965 658 3028 ¹⁶,
681 2965 898 3034 φεύγων
926 2964 1000 3028 ὡς
1035 2963 1421 3033 ἀσύγγνωστον
1449 2969 1548 3033 τῆς
1577 2963 1858 3027 ἀπειθείας
1886 3007 1930 3066 c

290 3053 382 3106 τὸν
411 3055 674 3111 κίνδυνον.
718 3057 826 3109 Καὶ
873 3059 941 3125 τῇ
986 3057 1237 3126 μεσιτείᾳ
1266 3056 1374 3109 τῶν
1402 3056 1572 3124 ἀγίων
1605 3059 1701 3109 καὶ
1730 3055 1858 3127 βοη-

287 3143 432 3217 θείᾳγ
461 3145 567 3198 τῶν
615 3146 901 3216 ὑμετέρων
934 3147 1133 3216 εὐχῶν,
1183 3145 1422 3216 Χριστοῦ
1466 3145 1559 3199 τοῦ
1616 3147 1856 3217 μεγάλου

287 3238 423 3292 Θεοῦ
454 3240 547 3291 καὶ
572 3239 824 3309 Σωτῆρος
852 3238 1010 3308 ἡμῶν
1040 3239 1404 3310 χορηγοῦντος
1420 3240 1465 3271 ¹⁰
1498 3239 1560 3293 τὸ
1587 3241 1727 3292 νοεῖν
1763 3239 1854 3292 εὐο

226 3387 234 3393 ,
291 3329 465 3393 σεσῶς
503 3331 599 3384 καὶ
639 3330 817 3399 λέγειν
838 3331 1095 3397 δεόντως,
1125 3331 1253 3400 περὶ
1295 3331 1528 3384 ἑκάστου
1560 3330 1854 3400 κεφαλαίου

287 3419 388 3492 τὴν
417 3421 712 3492 ἀπόκρισιν
740 3421 814 3485 ὡς
845 3418 956 3476 οἷόν
993 3439 1052 3475 τε
1081 3423 1383 3492 ποιήσομαι
1413 3419 1860 3491 σύντομον(πρδς

289 3509 399 3581 γὰρ
439 3509 756 3564 διδάσκαλον
786 3513 814 3564 6
840 3511 998 3580 λόγος
1037 3494 1608 3582 μικροῖςπορίζεσθαι
1651 3510 1862 3579 μεγάλα

1515 232 2032 294 AMBIGUORUM
2073 235 2324 294 LIBER.

173 340 183 348 ’
289 335 496 406 καρίων
541 331 772 402 ἀνδρῶν,
819 330 918 400 τῆς
948 331 1116 392 ὅντως
1151 331 1381 400 ἐκλογῆς
1432 334 1542 386 τῶν
1589 335 1854 388 ἀνέκαθεν

1961 337 2076 400 Dei,
2110 338 2357 407 inquam,
2392 336 2640 391 imitatus
2677 349 2738 389 es
2767 348 2878 388 non
2932 334 3235 403 incongrue
3270 329 3523 384 sublimi-

3389 223 3522 288 1034

1957 437 2123 482 tatem
2156 438 2212 482 et
2237 427 2694 491 bumiliationem,
2719 425 2849 478 dum
2875 438 2986 477 non
3025 419 3340 492 dedignaris
3359 419 3529 474 etiam

1956 518 2025 572 ad
2068 533 2154 572 me
2193 516 2552 573 descendere.
2610 516 2820 584 Quaaris
2864 512 3055 582 utique
3083 512 3150 566 de
3179 526 3264 564 me
3314 505 3379 564 ea
3407 525 3529 580 quae

1957 605 2298 673 penitissime
2331 605 2656 674 cognovisti,
2686 603 2924 673 capitula
2955 601 3100 666 dico,
3139 615 3261 670 quae
3308 616 3376 654 ex
3405 599 3530 653 Dio-

1957 697 2116 766 nysio
2144 704 2198 750 et
2227 695 2494 766 Gregorio
2526 696 2811 765 proponis.
2847 693 2959 748 Hos
2989 708 3090 763 ego
3123 691 3348 761 quidem
3378 691 3531 744 viros

1957 800 2286 840 enumerare
2315 786 2466 840 soleo
2518 785 2661 838 inter
2693 785 3069 839 sanctissimos
3109 781 3528 836 celeberrimos-

1959 889 2088 942 que,
2122 882 2178 927 et
2203 873 2365 943 longe
2413 873 2764 928 beatissimos
2806 872 3068 942 praedico.
3103 873 3214 926 llos
3242 871 3402 940 plane
3436 871 3530 941 ju-

1960 965 2088 1020 dico
2131 965 2277 1018 inter
2328 965 2452 1018 illos
2500 979 2738 1033 superne
2768 965 2997 1028 electos,
3042 980 3189 1033 .quos
3223 965 3369 1018 Deus
3423 961 3531 1017 sibi

1961 1055 2156 1109 ascivit
2197 1055 2503 1110 secundum
2535 1054 2682 1108 illam
2714 1055 3042 1109 smeulorum
3087 1054 3530 1123 praelinitionem.

1966 1142 2077 1197 Hos
2109 1159 2212 1212 ego
2241 1144 2409 1198 credo
2455 1158 2676 1198 omnem
2717 1145 3032 1213 complexos
3081 1159 3201 1198 esse
3245 1143 3534 1212 sapientia:

1963 1233 2380 1298 abundantiam,
2406 1249 2527 1303 quae
2555 1234 2779 1304 quidem
2806 1235 2863 1288 in
2895 1235 3148 1290 homines
3171 1235 3371 1289 cadere
3403 1249 3538 1303 pos-—

1963 1323 2054 1376 sit.
2098 1325 2209 1378 Hos
2251 1325 2509 1380 existimo
2565 1326 2674 1380 vita
2735 1325 2858 1388 ista,
2913 1340 3036 1394 quae
3095 1332 3181 1379 est
3226 1324 3535 1380 secundum

1962 1421 2240 1478 naturam,
2277 1414 2348 1468 ad
2403 1415 2580 1484 ipsam
2614 1415 2813 1491 animm
2865 1415 3159 1469 essentiam
3219 1413 3537 1484 pertigisse.

1964 1504 2212 1574 adeoque
2262 1505 2544 1561 Christum
2595 1507 2772 1576 ipsum
2805 1506 3080 1560 viventem
3134 1507 3539 1576 propemodum

1964 1605 2157 1651 nactos
2181 1596 2375 1662 fuisse,
2407 1600 2518 1663 vel,
2562 1607 2624 1653 ut
2659 1599 2836 1668 majus
2875 1599 3057 1652 adhuc
3119 1598 3319 1661 dicam,
3370 1597 3537 1651 Chri-

1966 1692 2112 1740 stum
2147 1687 2392 1757 ipsorum
2431 1689 2629 1744 animae
2667 1691 2904 1743 animam
2931 1687 3230 1749 exstitisse,
3280 1687 3538 1754 factaque

1960 1785 2019 1830 et
2063 1773 2210 1832 dicta
2254 1788 2313 1833 et
2357 1781 2596 1849 cogitata
2646 1795 2843 1834 eorum
2885 1778 3069 1832 omnia
3125 1787 3387 1846 tanquam
3438 1792 3537 1831 sua

1959 1871 2141 1940 palam
2171 1870 2512 1936 exhibuisse,
2540 1879 2602 1925 ut
2627 1872 2736 1942 jam
2776 1887 2886 1926 non
2912 1871 3151 1942 amplius
3179 1870 3409 1924 credere
3440 1885 3540 1940 par

1959 1962 2032 2016 sit
2053 1963 2122 2017 ab
2151 1963 2262 2017 illis
2297 1970 2421 2017 orta
2457 1978 2580 2018 esse
2616 1979 2738 2032 qua:
2778 1972 3184 2032 proponuntur,
3211 1961 3307 2017 sed
3353 1963 3538 2032 potius

1961 2053 2031 2108 ab
2064 2054 2183 2124 ipso
2219 2053 2465 2118 Christo,
2493 2055 2588 2124 qui
2618 2069 2719 2124 per
2746 2055 3275 2110 condescensionem
3305 2054 3362 2108 in
3403 2053 3539 2124 ipsis

1960 2142 2227 2213 loquitur.
2261 2145 2377 2214 Ego
2402 2145 2624 2199 interim
2655 2144 2780 2214 quis
2799 2159 2943 2227 sum,
2980 2145 3076 2214 qui
3101 2160 3199 2200 ore
3226 2158 3350 2198 meo
3375 2159 3541 2198 usur—

1960 2249 2086 2303 pem
2106 2234 2403 2290 Dominum
2431 2234 2640 2299 Jesum,
2674 2250 2798 2290 cum
2841 2235 3076 2290 necdum
3110 2235 3366 2305 spiritum
3411 2249 3539 2289 san-

1962 2325 2317 2381 ctificationis
2376 2327 2735 2396 acceperim?
2817 2324 3105 2392 Quomodo
3168 2342 3270 2397 ego
3305 2326 3538 2396 eloquar

1962 2414 2181 2469 Domini
2228 2416 2462 2470 virtutes
2517 2416 2614 2485 qui
2666 2416 2866 2486 linguae
2912 2432 3035 2472 sum
3064 2416 3382 2487 impeditae,
3442 2417 3538 2486 qui

1963 2509 2204 2555 mentem
2262 2501 2429 2557 rebus
2474 2503 2938 2573 corruptibilibus
2995 2506 3314 2560 immersam
3367 2506 3540 2576 gero?

1963 2588 2249 2654 Quomodo
2302 2605 2426 2660 ego,
2467 2593 2562 2661 qui
2615 2601 2805 2649 mutus
2833 2609 2976 2660 sum,
3035 2595 3230 2650 laudes
3287 2597 3408 2666 ejus
3449 2596 3547 2662 vel.

1963 2679 2221 2734 minimas
2238 2683 2586 2750 personabo?
2605 2685 2698 2754 qui
2727 2701 2891 2740 aures
2908 2686 3104 2740 anima:
3126 2702 3353 2756 prorsus
3373 2686 3537 2741 obtu-

1962 2779 2110 2824 ratas
2161 2771 2360 2836 habeo,
2414 2788 2483 2828 ex
2511 2775 2684 2829 nimio
2729 2791 2858 2846 erga
2900 2776 3134 2832 all‘ectus
3179 2792 3388 2842 amore,
3441 2780 3538 2847 qui

1963 2859 2082 2914 ﬁeri
2119 2863 2292 2931 possit
2327 2871 2388 2918 ut
2442 2863 2659 2920 beatam
2693 2867 2841 2920 illam
2887 2882 3081 2922 vocem
3132 2868 3538 2938 deprwdicem'?

1961 2968 2063 3014 ego
2093 2961 2153 3006 ut
2184 2955 2451 3010 mundum
2488 2956 2730 3024 vincam,
2767 2959 2861 3028 qui
2908 2960 3123 3030 jamdiu
3155 2971 3336 3018 vnctus
3358 2979 3476 3018 sum
3505 2980 3536 3018 a

1962 3043 2210 3098 mundo?
2242 3045 2352 3100 imo
2395 3046 2582 3116 potius
2613 3049 2821 3103 mundo
2859 3051 3110 3107 inveniar
3137 3054 3298 3123 plane
3345 3055 3536 3110 conci-

1965 3134 2175 3200 liatus;
2217 3135 2274 3189 in
2309 3151 2395 3191 me
2424 3139 2572 3192 enim
2607 3139 2748 3195 nihil
2796 3143 2947 3197 aliud
2975 3143 3317 3213 deprehendi
3347 3153 3537 3215 potest

1965 3239 2130 3293 quam
2173 3227 2322 3298 jugis
2373 3228 2440 3282 ad
2475 3231 2766 3286 materiam
2798 3241 2854 3288 et
2883 3243 3138 3289 naturam
3167 3237 3185 3255 '
3215 3235 3534 3306 propensio.

1963 3317 2084 3370 Erit
2111 3318 2352 3388 denique
2381 3335 2608 3377 summa;
2630 3323 2896 3389 audaciae,
2929 3324 2976 3378 si
3000 3324 3152 3379 viros
3183 3335 3403 3380 sanctos
3434 3341 3536 3396 ego

1963 3413 2212 3483 impurus
2239 3416 2524 3486 attingam,
2557 3418 2602 3472 si
2637 3419 3034 3475 mundissimos
3084 3421 3402 3476 immundus
3433 3437 3536 3492 ego

1961 3502 2354 3557 contaminem.
2390 3503 2740 3574 Quapropter
2761 3507 2929 3576 jussis
2959 3507 3068 3562 tuis
3095 3507 3324 3561 omnino
3363 3507 3533 3562 dene-

288 3599 650 3672 δυνάμενον),
710 3602 1012 3673 ἀρχόμενος
1069 3602 1178 3655 ἀπὸ
1227 3600 1530 3673 Γρηγορίου
1583 3599 1677 3653 τοῦ
1740 3599 1860 3652 θεό-

1961 3609 2174 3663 gassem
2202 3594 2556 3664 obsequium,
2601 3598 2933 3652 temeritatis
2977 3597 3191 3652 veritus
3233 3598 3535 3668 reprehen-

289 3706 520 3760 φρονος,
587 3690 663 3756 ὡς
722 3692 923 3764 μᾶλλον
963 3693 1108 3763 ,ἡμῖν
1161 3692 1313 3754 ὄντος
1367 3690 1445 3762 τῷ
1485 3691 1659 3762 χρόνῳ
1690 3705 1860 3761 προσ-

1961 3685 2196 3750 sionem,
2221 3685 2268 3739 si
2302 3702 2413 3741 non
2443 3688 2617 3757 magis
2648 3688 3067 3743 abhorruissem
3106 3689 3177 3743 ab
3199 3688 3518 3744 inobedien-

289 3779 600 3848 εχεστέρου,

1961 3776 2050 3831 tia:
2081 3777 2351 3847 periculo.
2388 3779 2447 3834 In
2487 3779 2669 3835 medio
2709 3781 2908 3836 horum
2968 3779 3204 3836 duorum
3259 3791 3532 3836 constitu-

291 3878 382 3924 tus
435 3878 567 3941 opto
591 3871 779 3942 potius
818 3871 1000 3926 videri
1037 3870 1537 3938 temerariusKista
1589 3866 1738 3924 enim
1802 3881 1932 3938 pars
1970 3868 2295 3938 placabilior
2353 3872 2459 3941 est)
2517 3885 2680 3940 quam
2744 3873 3088 3938 inobediens,
3144 3874 3301 3944 cujus
3357 3874 3534 3942 culpaa

286 3962 506 4016 veniam
533 3963 716 4018 minus
745 3977 946 4018 censeo
1013 3961 1440 4030 impetrabilem.
1486 3960 1684 4016 Fretus
1745 3959 1914 4030 igitur
1951 3969 2270 4016 sanctorum
2297 3963 2543 4016 omnium
2597 3963 3000 4028 benevolentia,
3055 3973 3169 4018 tum
3219 3972 3532 4018 vestrarum

287 4055 604 4108 orationum
629 4054 927 4124 adjutorio,
988 4053 1057 4108 de
1088 4066 1422 4124 unoquoque
1453 4052 1695 4125 capitulo
1726 4065 1892 4122 quam
1933 4051 2051 4105 ﬁeri
2088 4062 2269 4122 potest
2327 4052 2571 4107 breviter
2610 4054 2975 4125 respondebo,
3017 4054 3241 4110 Christo
3281 4055 3527 4124 auspice.

290 4145 384 4214 qui
415 4146 559 4199 Deus
589 4161 818 4216 magnus
841 4153 928 4200 est
955 4157 1012 4202 et
1050 4146 1309 4202 Servator
1334 4155 1546 4210 noster,
1575 4146 1781 4216 quique
1804 4151 1860 4199 et
1899 4157 2094 4212 sapere
2123 4143 2212 4213 pie
2241 4152 2298 4198 et
2355 4144 2506 4214 loqui
2556 4156 2874 4216 opportune
2894 4148 3177 4218 largietur.
3204 4147 3377 4202 Nobis
3399 4161 3530 4202 sane

289 4249 416 4288 cum
439 4250 506 4289 eo
537 4237 797 4305 magistro
831 4251 919 4290 res
981 4244 1068 4290 est
1095 4235 1191 4304 qui
1221 4235 1385 4289 etiam
1426 4236 1672 4306 parvulis
1733 4249 1932 4303 magna
1964 4234 2172 4288 donare
2198 4241 2398 4303 potest.
2441 4234 2640 4290 Ordiar
2673 4238 2838 4306 igitur
2883 4253 2912 4291 a
2939 4238 3285 4294 divinlssimo
3324 4240 3530 4312 Grego-

291 4326 398 4390 rio,
441 4327 570 4395 quia
595 4327 756 4381 nobis
797 4335 1042 4396 tempore
1085 4326 1453 4396 pr0pinquior
1490 4343 1611 4382 esse
1659 4326 2029 4382 existimatur.

295 4520 403 4575 Τοῦ
427 4521 601 4589 ἁγίου
625 4523 956 4591 Γρηγορίου
984 4521 1090 4576 τοῦ
1131 4524 1426 4593 Θεολόγου
1445 4563 1462 4586 ,
1489 4525 1558 4578 ἐκ
1582 4527 1689 4580 τοῦ
1721 4527 1854 4595 περὶ

1961 4525 2183 4582 Sanctus
2214 4527 2492 4598 Gregorius
2514 4529 2566 4582 in
2595 4531 2770 4599 prima
2794 4533 3036 4584 oratione
3061 4532 3124 4584 de
3151 4531 3300 4597 Filio,
3339 4551 3357 4582 ‹
3391 4531 3529 4597 Quo-

363 4611 500 4664 Υἱοῦ
531 4610 763 4678 πρώτου
791 4613 975 4681 λόγου
1002 4616 1088 4679 εὶς
1121 4614 1189 4667 τό
1216 4631 1230 4644 ο
1259 4633 1277 4665 ι
1305 4613 1408 4667 Διά
1449 4615 1627 4670 τοῦτο
1661 4619 1855 4685 μονὰς

357 4701 460 4754 ἀπ’
493 4700 688 4770 ἀρχῆς
716 4703 804 4767 εις
843 4701 1037 4756 δυάδα
1063 4702 1376 4770 κινηθεῖσα
1398 4703 1576 4773 μέχρι
1613 4705 1853 4773 Τριάδος

355 4793 527 4861 ἔστη.
560 4812 578 4844 ι
613 4792 720 4848 Kal
750 4793 938 4848 πάλιν
968 4793 1076 4848 τοῦ
1113 4794 1301 4848 αὑτοῦ
1339 4794 1406 4847 ἐκ
1433 4795 1539 4848 τοῦ
1569 4795 1852 4866 δευτέρου

2031 4620 2172 4673 circa
2207 4621 2382 4674 unitas
2425 4637 2456 4673 a
2484 4621 2738 4691 principio
2771 4623 2823 4675 in
2853 4623 3119 4678 binarium
3151 4633 3293 4678 mota
3325 4625 3381 4677 in
3411 4624 3528 4678 Tri-

2031 4711 2198 4763 nitate
2227 4711 2482 4765 consistit.
2515 4731 2532 4763 ι
2572 4712 2638 4765 Ει
2661 4714 2850 4767 iterum
2889 4714 3025 4769 idem
3053 4715 3110 4768 in
3133 4715 3363 4768 secunda
3399 4732 3528 4769 ora-

2035 4801 2176 4854 tione
2189 4801 2254 4855 de
2268 4801 2410 4856 Pace
2431 4820 2449 4856 :
2474 4823 2492 4852 ι
2527 4803 2742 4858 L’nitate
2767 4805 3021 4860 nimirum
3043 4807 3105 4859 ob
3133 4806 3340 4861 divitias
3358 4814 3522 4874 mota,

1540 4931 1780 4986 VARIIE
1819 4933 2220 4991 LECTIONES.

373 5041 395 5072 ⁸
421 5038 676 5122 τῷῆοὶξθει
709 5038 776 5093 ab
804 5038 892 5122 ed.
930 5039 1049 5094 Gal.
1126 5041 1145 5073 ⁸
1182 5041 1413 5122 ’ἁπλῶς
1442 5043 1530 5122 ed.
1591 5043 1730 5122 Gal;
1789 5047 1831 5122 '_°
1857 5048 1950 5122 καὶ
1971 5065 2082 5122 om.
2106 5051 2194 5105 ed.
2225 5050 2344 5106 Gal.
2431 5054 2472 5084 ’ί
2503 5053 2842 5122 προταθέντα
2875 5053 2999 5108 cod.
3027 5051 3306 5122 Gudianus
3334 5067 3410 5106 m.
3436 5067 3522 5122 pr.

286 5120 344 5192 et
368 5109 464 5192 _ed.
490 5109 605 5192 ςξηι.
639 5108 974 5192 προτεθέντα
1001 5112 1314 5192 emendatio
1337 5121 1421 5192 est
1450 5112 1507 5192 in_
1536 5115 1656 5168 cod.
1691 5114 1846 5192 Gud._
1869 5119 1938 5172 ab
1958 5119 2148 5192 eadem
2170 5137 2334 5192 manu
2363 5108 2586 5192 antiqu'a
2620 5123 3006 5192 superscripta.
3075 5124 3117 5154 “
3143 5121 3236 5192 τοῦ
3263 5122 3404 5192 κατά
3417 5108 3521 5192 ῥά.

285 5179 406 5256 ρει..
495 5179 538 5208 ¹³
576 5177 922 5256 ,μογγῼιαλος
980 5179 1121 5256 cod;
1156 5179 1335 5256 Gud.”
1381 5183 1450 5256 “_
1483 5184 1958 5256 ἀπεστραμμένων
2009 5189 2132 5244 cod.
2159 5190 2300 5245 Gud.
2377 5193 2420 5223 ”
2456 5177 2514 5243 ὲν
2568 5177 2808 5256 ἄγείθᾶζ
2835 5177 2951 5247 Gal.
3033 5193 3076 5224 ¹⁶
3109 5193 3187 5250 Δι’
3216 5190 3244 5242 ὃ
3286 5191 3374 5245 ed.
3403 5190 3521 5246 Gal.

289 5251 333 5282 ”
379 5247 887 5317 ἐγκεκελευσμένοις
937 5247 1026 5301 ed.
1083 5247 1202 5304 Gal.
1295 5250 1338 5280 ¹⁸
1361 5251 1570 5316 τούτοις
1602 5247 1691 5308 ed.
1718 5247 1834 5310 Gal.
1921 5259 1961 5289 ¹⁹
1989 5259 2279 5330 ἀνέκτορον
2311 5260 2398 5315 ed.
2433 5260 2551 5316 Gal.
2581 5247 2627 5294 ’δ
2649 5263 3025 5333 χωρηγοῦντος
3078 5247 3166 5315 ed.
3230 5258 3348 5315 Gal.

355 5378 1321 5478 flgingf-Betttzhlt‘eﬁlinﬁtialis1
1340 5398 1512 5478 recte,
1565 5392 1840 5478 co‘nvertit
1949 5410 2061 5478 non.
2086 5410 2206 5476 vero
2233 5395 2306 5477 od
2342 5395 2711 5478 appareudum
2739 5397 2792 5448 in
2823 5393 3017 5450 seculo
3047 5405 3228 5478 natus2
3249 5396 3522 5478 siquidem

753 5447 867 5537 quo
889 5452 1040 5537 modo
1058 5454 1204 5537 mihi,
1229 5457 1321 5536 qui
1350 5458 1458 5537 ipse
1479 5447 1841 5537 devictus_sum
1948 5481 1986 5537 ir
2009 5447 2436 5537 dispositioueﬁiur
2454 5447 2749 5520 ἧιὲιιένεάὴί
2783 5447 3520 5537 pib’pensaﬂrﬁbi'Eduini;

281 5516 497 5583 Iaculo,
522 5516 735 5585 pate/iet
773 5515 975 5584 Sermo,
1026 5522 1096 5574 ad
1139 5515 1511 5580 devinceiidum
1566 5528 1840 5594 sarculum,
1950 5515 2336 5604 rediuiua"?

557 5613 831 5672 PATROL.
875 5611 989 5672 GR.
1029 5614 1179 5675 XCI.
1403 5624 1405 5626 ’
2985 5622 3061 5687 33
