4008 6194
350 245 368 310 ι
378 244 481 309 037

1548 182 1573 203 θ
1587 238 2106 301 AMBIGUORUM
2145 242 2396 304 LIBER.

3465 240 3601 304 1038

421 357 627 412 παθῶν
688 354 788 408 καὶ
851 351 1145 422 σώματος,
1202 351 1273 405 τὰ
1311 350 1379 404 δὲ
1426 353 1813 419 ταπεινότερα
1844 349 1923 415 τῷ

2098 369 2314 423 corpore
2342 350 2620 407 sublimior
2652 361 2726 406 est
2772 355 3055 421 attribuas,
3089 356 3391 411 Inuuiliores
3421 368 3600 411 autem

416 447 690 510 (rvrﬂéttp
720 444 817 498 καὶ
846 443 946 497 διὰ
968 443 1043 496 σὲ
1069 442 1385 497 κενωθέντι
1405 442 1502 494 καὶ
1532 442 1922 509 σαρκωθέντι,

416 537 598 590 οὐδὲν
620 534 688 588 δὲ
714 532 917 602 χεῖρον
935 530 1128 585 είπεῖν
1159 532 1258 585 καὶ
1290 528 1764 598 ἀνθρωπισθέντι
1790 528 1919 600 (⁸2).»

430 732 488 786 '0
521 729 617 784 τοῦ
656 727 792 782 Θεοῦ
830 728 1003 797 Λόγος
1048 727 1169 798 ὅλος
1202 725 1364 781 οὑσία
1394 725 1607 798 πλήρης
1638 724 1925 794 ὑπάρχων,

345 823 481 886 Θεὸς
529 826 661 892 γὰρ,
705 819 801 873 καὶ
849 818 1151 881 ὑπόστασις
1196 817 1319 881 ὅλος
1363 815 1661 887 ἀνελλιπὴς
1697 813 1767 881 ⁸⁸,
1798 812 1928 876 Υἱὸς

276 912 301 933 ’
346 917 476 985 γὰρ,
505 911 765 971 κενωθεὶς
791 910 892 980 μὲν
919 909 1099 979 σπορὰ
1117 909 1311 979 γέγονε
1335 908 1435 978 τῆς
1459 906 1669 970 οίκείας
1698 905 1925 977 σαρκὸς,

346 1003 573 1077 ἁρρήτῳ
603 992 957 1071 assumta;
980 998 1256 1091 συντεθεὶς
1295 998 1468 1069 αὐτῆς
1498 997 1798 1060 ὑπόστασις
1836 997 1929 1091 γέῖ

347 1113 474 1166 γονε
494 1098 539 1128 ¹⁹
572 1096 672 1165 τῆς
704 1087 1150 1164 προσληφθείσης
1196 1090 1420 1162 σαρκός.
1459 1090 1573 1144 Καὶ
1631 1089 1808 1160 τούτῳ
1853 1087 1929 1158 τῷ

348 1190 524 1260 καινῷ
553 1188 838 1260 μυστηρίῳ
856 1185 977 1240 κατ’
1000 1182 1260 1254 ἀλήθειαν
1297 1179 1584 1252 ἀτρέπτως
1621 1178 1743 1241 ὅλος
1777 1178 1932 1246 γενό-

351 1299 511 1352 μενος
556 1280 866 1351 ἄνθρωπος,
894 1274 989 1330 δύο
1021 1268 1238 1343 φύσεων
1286 1273 1545 1329 ἀκτίστου
1584 1288 1644 1324 τε
1689 1271 1786 1324 καὶ
1815 1288 1933 1323 κτι-

350 1374 501 1442 στῆς,
533 1368 777 1433 ἀπαθοῦς
820 1386 881 1422 τε
931 1368 1027 1423 καὶ
1070 1366 1344 1438 παθητῆς,
1375 1367 1405 1419 ὁ
1431 1364 1593 1428 αὐτὸς
1629 1363 1931 1426 ὑπόστασις

346 1456 438 1534 ἦν,
464 1462 672 1524 πάντας
706 1458 1012 1520 ἀνελλιπῶς
1030 1458 1075 1490 ⁸⁰
1104 1457 1233 1520 τοὺς
1267 1455 1557 1525 φυσικοὺς,
1589 1447 1666 1507 ὧν
1693 1452 1930 1511 ὑπόστα-

349 1566 435 1615 σις
487 1549 779 1622 ἦν,λόγους
803 1550 1211 1620 ἐπιδεχόμενος.
1244 1548 1305 1601 Et
1327 1547 1385 1601 δὲ
1416 1547 1628 1609 πάντας
1651 1545 1931 1609 οὑσιωδῶς

347 1637 423 1696 ὧν
459 1643 758 1705 ὑπόστασις
791 1637 860 1713 ἦν
903 1643 1029 1704 τοὺς
1069 1640 1335 1710 φυσικοὺς
1381 1637 1672 1708 ἐπεδέχετο
1709 1637 1925 1706 λόγους,

346 1734 496 1806 αὑτῷ
543 1734 786 1803 συνθέτῳ
830 1732 1115 1802 γενομένῳ
1162 1734 1230 1801 τῇ
1269 1727 1573 1800 προσλήψει
1593 1728 1635 1760 ³⁸
1671 1728 1771 1798 τῆς
1803 1744 1934 1798 σαρ-

350 1827 443 1889 κὸς
477 1825 621 1879 κατὰ
648 1825 749 1895 τὴν
781 1824 1084 1877 ὑπόστασιν
1121 1822 1263 1875 πάνυ
1303 1820 1482 1889 σοφῶς
1527 1822 1555 1872 ό
1590 1818 1933 1884 διδάσκαλος,

351 1919 437 1971 ἵνα
476 1919 552 1988 μὴ
585 1917 717 1987 ψιλὰ
747 1917 1002 1988 νομισθῇ,
1039 1915 1108 1969 τὰ
1137 1914 1240 1985 τῆς
1266 1913 1477 1978 οἰκείας
1528 1912 1734 1984 σαρκὸς
1781 1911 1931 1982 πάθη

350 2010 736 2080 προσένειμεν.
773 2008 943 2062 αὑτοῦ
978 2024 1038 2060 τε
1060 2007 1163 2076 τῆς
1207 2004 1412 2076 σαρκὸς
1441 2003 1801 2076 ὑπαρχούσης
1838 2003 1933 2056 καὶ

349 2100 472 2153 κατ’
500 2100 671 2167 αὐτὴν
700 2097 916 2168 ἀληθῶς
941 2098 1055 2150 ὄντι
1078 2095 1198 2167 Θεῷ
1215 2094 1444 2167 παθητῷ
1466 2094 1613 2148 κατὰ
1634 2095 1733 2166 τῆς
1753 2094 1933 2164 ἁμαρ-

347 2192 490 2253 τὶας.
534 2189 737 2253 Οὐσίας
763 2190 968 2250 τοίνυν,
1007 2187 1130 2241 καθ’
1160 2187 1229 2258 ἦν
1258 2188 1354 2241 καὶ
1387 2185 1694 2258 σαρκωθεὶς
1727 2185 1932 2249 ἁπλοῦς

346 2285 377 2335 ὁ
403 2282 572 2350 Λόγος
593 2281 870 2352 μεμένηκε
895 2282 963 2343 ³⁸,
987 2281 1080 2333 καὶ
1110 2280 1485 2344 ὑποστάσεως,
1520 2278 1643 2331 καθ’
1665 2278 1733 2349 ἢν
1763 2295 1932 2348 προσ-

322 2363 515 2443 ’λήψει
565 2371 766 2442 σαρκὸς
813 2370 1002 2438 γέγονε
1052 2368 1328 2433 σύνθετος,
1361 2370 1458 2423 καὶ
1504 2368 1639 2432 Θεὸς
1687 2367 1934 2438 παθητὸς

348 2463 711 2532 οἰκονομικῶς
760 2464 1123 2533 ἐχρημάτισε,
1174 2460 1388 2524 δεικνὺς
1437 2460 1538 2530 τὴν
1602 2459 1864 2530 διαφορὰν
1904 2461 1934 2512 ό

346 2552 666 2614 διδάσκαλος
681 2552 855 2605 ταῦτά
870 2569 1033 2621 φησιν
1055 2568 1069 2583 ·
1093 2552 1241 2603 ι”Ινα
1261 2550 1335 2621 μὴ
1367 2547 1438 2602 τὰ
1464 2548 1563 2618 τῆς
1586 2547 1934 2612 ὑποστάσεως

351 2644 785 2716 κατηγοροῦντες
808 2644 853 2676 ⁸³
880 2643 939 2708 ἐξ
967 2642 1190 2711 ἀγνοίας
1221 2642 1323 2711 τῆς
1347 2641 1564 2709 φύσεως
1585 2640 1630 2672 ’δ
1669 2639 1924 2711 λάθωμεν

351 2736 493 2788 κατὰ
510 2735 636 2797 τοὺς
663 2735 715 2787 Ἀ
727 2734 973 2801 ρειανοὺς
996 2732 1115 2801 Θεῷ
1135 2730 1296 2800 φύσει
1321 2729 1550 2799 παθητῷ
1566 2730 1933 2800 προσκυνοῦνο

351 2839 462 2888 τες.
487 2844 506 2876 ι
525 2853 594 2864 —
613 2843 631 2876 ι
656 2824 821 2878 Οὐδὲν
836 2822 892 2877 δὲ
914 2825 1092 2893 χεῖρον
1113 2823 1286 2874 εἰπεῖν
1308 2821 1404 2874 καὶ
1416 2818 1870 2891 ἁνθρωπισθέντι,
1907 2839 1925 2871 ›

353 2917 713 2988 προσέθηκεν,
738 2916 799 2968 οὑ
831 2914 990 2985 μόνον
1020 2913 1109 2967 διὰ
1151 2914 1280 2977 τοὺς
1313 2914 1625 2985 Ἀρειανοὺς
1666 2912 1788 2966 ἀντὶ
1824 2913 1932 2982 ψυ-

352 3011 454 3078 χῆς
485 3008 667 3078 (106
698 3006 752 3074 ὁ)
796 3005 898 3077 τὴν
938 3004 1193 3076 θεότητα,
1240 3005 1335 3059 καὶ
1402 3005 1529 3067 τοὺς
1588 3002 1931 3074 ’Δπολιναρι-

351 3098 483 3160 στὰς
511 3097 672 3150 ἄνουν
701 3096 801 3165 τὴν
834 3093 1013 3165 ψυχὴν
1044 3092 1492 3164 δογματίζοντας,
1526 3093 1620 3147 καὶ
1651 3093 1826 3165 τούτῳ
1854 3094 1930 3166 τῷ

350 3187 540 3257 τρόπῳ
572 3186 632 3239 τὸ
653 3185 858 3239 τέλειον
902 3185 1001 3254 τῆς
1034 3184 1159 3238 καθ’
1187 3186 1338 3255 ἡμᾶς
1383 3184 1479 3237 τοῦ
1506 3185 1682 3253 Λόγου
1715 3185 1934 3255 περιτέ-

356 3295 586 3348 μνοντας
620 3277 855 3347 φύσεως,
883 3276 974 3330 καὶ
1013 3275 1173 3345 φύσει
1213 3276 1468 3346 θεότητος
1490 3276 1731 3345 παθητὸν
1763 3277 1929 3329 αὑτὸν

291 3394 297 3398 —
353 3370 740 3438 ποιουμένους,
782 3367 895 3422 ἀλλ’
928 3369 1015 3420 ἵνα
1040 3369 1134 3420 καὶ
1162 3367 1344 3437 δειχθῇ
1389 3367 1593 3430 τέλειος
1616 3368 1747 3438 ἡμῖν
1784 3383 1936 3436 γεγο-

351 3457 459 3520 νὼς
484 3459 623 3513 κατὰ
661 3458 918 3529 ἀλήθειαν
935 3459 984 3491 ³⁸
1032 3456 1321 3527 ἄνθρωπος
1365 3459 1394 3509 ό
1445 3457 1740 3528 μονογενὴς
1773 3458 1930 3523 Θεὸς,

352 3543 434 3606 ὡς
464 3544 534 3596 δι’
564 3545 822 3617 ἐνεργοῦς
852 3544 1011 3614 φύσει
1047 3544 1250 3615 σαρκὸς
1293 3545 1495 3616 νοερῶς
1541 3563 1602 3598 τε
1643 3548 1736 3599 καὶ
1787 3546 1934 3615 λογι-

354 3634 468 3698 κῶς
505 3635 883 3708 ἐψυχωμένης,
933 3636 1250 3707 αὑτουργῶν
1293 3636 1397 3707 τὴν
1429 3637 1586 3707 ήμῶν
1632 3639 1930 3710 σωτηρίαν,

352 3724 514 3797 εἴπερ
559 3727 703 3781 κατὰ
744 3727 924 3781 πάντα
970 3728 1140 3797 χωρὶς
1191 3727 1358 3796 μόνης
1404 3727 1703 3799 ἁμαρτίας,
1741 3723 1810 3798 ἦς
1841 3726 1934 3780 ού-

349 3817 462 3879 δεὶς
492 3818 557 3887 τῇ
596 3819 760 3886 φύσει
792 3817 1073 3882 παντελῶς
1121 3818 1455 3889 ἐνέσπαρται
1492 3819 1669 3887 λόγος,
1714 3818 1828 3872 ἀλλ’
1869 3818 1929 3871 οὐ

353 3909 522 3978 χωρὶς
569 3910 807 3980 φυσικῆς
842 3910 1145 3979 ἐνεργείας,
1190 3910 1410 3982 ἀληθῶς
1454 3910 1678 3980 γέγονεν
1729 3912 1933 3984 ἄνθρω-

354 4015 477 4065 πος,
502 3995 572 4072 ἦς
599 4002 628 4053 ό
648 4001 977 4080 λόγος,,ὄρος
1004 4000 1105 4071 τῆς
1130 4001 1319 4065 οὐσίας
1351 4003 1470 4055 ἐστὶ
1488 4004 1560 4070 ³⁵,
1588 4005 1798 4069 πάντας
1825 4022 1927 4075 χα-

2101 443 2458 496 accommodes
2491 442 2573 496 illi
2602 444 2691 513 qui
2717 444 2813 497 tui‘
2838 446 3016 513 gratia
3056 448 3295 512 componi
3333 454 3382 499 et
3412 448 3603 500 exina-

2102 535 2228 599 niri,
2254 534 2534 588 incarnari
2564 543 2615 587 et
2656 534 2805 605 (quid
2843 536 2983 589 enim
3014 545 3152 589 vetat
3172 538 3247 589 sic
3276 537 3417 608 loqui
3443 539 3488 609 ?)
3520 541 3609 592 iu-

2101 626 2388 679 humanari
2413 627 2685 680 sustinuit.
2732 646 2749 677 ι

2101 736 2200 792 Dei
2230 738 2481 793 Verbum
2514 747 2691 794 totum
2722 740 2949 810 quidem
2994 749 3114 796 erat
3164 742 3483 811 plenissima
3516 758 3608 797 es-

2030 827 2229 893 sentia,
2264 837 2455 899 utpote
2480 829 2647 896 Deus,
2674 839 2733 885 et
2766 839 2941 885 totum
2972 844 3091 886 erat
3141 832 3390 902 perfecta
3434 835 3607 905 hyp‘o-

2030 918 2215 986 stasis,
2249 927 2439 989 utpote
2468 920 2663 987 Filius,
2693 938 2817 977 cum
2848 938 2909 977 se
2935 924 3265 987 exinaniret,
3314 940 3471 979 suam
3505 927 3609 981 sibi

2031 1008 2254 1064 carnein
2302 1013 2623 1081 seminavit;
2671 1015 2943 1070 ineﬂ‘abili
2993 1015 3197 1071 deinde
3247 1018 3612 1088 conceptione

2032 1102 2348 1159 coalescens
2406 1105 2559 1159 carni
2607 1122 2772 1175 quam
2825 1115 3202 1177 assumpserat
3244 1108 3390 1163 idem
3442 1109 3613 1179 hypo-

2032 1191 2204 1245 stasin
2266 1194 2544 1262 praestitit.
2610 1197 2792 1264 Atque
2823 1195 2922 1260 ita,
2974 1212 3119 1251 novo
3172 1197 3279 1252 hoc
3324 1198 3609 1269 mysterio,

2032 1287 2207 1333 totum
2256 1281 2496 1336 Verbum
2545 1283 2665 1338 sine
2714 1285 2820 1338 ulla
2862 1285 3225 1341 conversione
3269 1286 3477 1341 factum
3527 1296 3615 1342 est

2034 1368 2221 1432 homo,
2286 1369 2544 1441 idemque
2598 1372 2911 1444 bypostasis
2972 1374 3209 1429 duarum
3262 1383 3611 1442 naturarum,

2031 1457 2290 1512 increatze
2314 1467 2372 1513 et
2396 1469 2619 1526 creatze,
2666 1462 3024 1531 impassibilis
3057 1473 3114 1519 et
3173 1465 3471 1533 passibilis,
3535 1467 3613 1522 ita

2033 1557 2095 1603 ut
2119 1564 2311 1606 omnes
2341 1552 2569 1606 omnino
2587 1569 2777 1608 earum
2810 1564 3133 1610 naturarum
3161 1557 3405 1613 rationes
3432 1559 3613 1614 susci-

2036 1646 2196 1706 peret
2224 1640 2572 1705 essentiales,
2603 1658 2837 1711 quarum
2874 1654 2997 1698 erat
3043 1646 3371 1715 hypostasis.
3424 1649 3542 1705 Jam
3567 1652 3615 1704 si

2036 1743 2252 1795 omnes,
2287 1739 2349 1784 ut
2378 1732 2513 1797 dixi,
2566 1734 2813 1789 rationes
2860 1742 3209 1803 naturarum,
3255 1755 3490 1807 quarum
3529 1750 3618 1796 est

2033 1818 2367 1891 bypostasis,
2387 1806 2761 1879 essentialiter
2786 1827 3034 1896 suscepit
3061 1828 3117 1881 in
3142 1806 3451 1898 composito
3471 1830 3616 1887 facto

2031 1925 2132 1980 per
2183 1915 2596 1982 susceptionem
2647 1917 2852 1984 carnis,
2913 1911 3221 1974 secundum
3268 1922 3614 1994 bypostasim

2032 2002 2437 2072 sapientissime
2468 2006 2626 2063 hicce
2658 2009 2946 2080 magister,
2982 2010 3064 2067 'ne
3094 2027 3222 2066 cum
3252 2014 3362 2069 illis
3409 2015 3618 2073 faceret

2032 2095 2128 2164 qui
2176 2094 2458 2152 Christum
2510 2100 2721 2155 nudum
2771 2102 3057 2157 hominem
3108 2104 3328 2173 docent,
3377 2110 3617 2179 propriae

2033 2188 2217 2244 carnis
2248 2193 2534 2260 passiones
2557 2193 2834 2261 attribuit,
2881 2196 3141 2265 quoniam
3167 2206 3226 2252 et
3282 2199 3456 2269 ipsius
3496 2210 3618 2258 erat

2033 2292 2185 2345 caro,
2221 2289 2278 2334 et
2315 2295 2417 2350 per
2459 2282 2638 2352 ipsam
2663 2284 2811 2340 Deus
2846 2301 2975 2340 vere
3025 2288 3321 2357 passibilis
3356 2289 3464 2347 fuit
3512 2308 3616 2362 pro

2033 2380 2283 2439 peccato.
2310 2371 2446 2427 Cum
2478 2374 2655 2445 igitur
2689 2377 2955 2448 magister
3002 2380 3149 2435 inter
3177 2383 3497 2452 essentiam,
3523 2401 3614 2441 se-

2034 2464 2277 2518 cundum
2309 2481 2476 2535 quam
2496 2467 2661 2522 etiam
2692 2469 3016 2527 incarnatus
3040 2475 3347 2542 permansit
3380 2476 3615 2547 simplex

2033 2554 2180 2610 Deus
2209 2555 2475 2622 Verbum,
2509 2566 2567 2612 et
2597 2558 2941 2629 bypostasin,
2971 2564 3276 2619 secundum
3305 2583 3468 2635 quam
3496 2584 3615 2622 car-

2033 2645 2119 2700 nis
2147 2648 2525 2717 assumptione
2556 2651 2900 2720 compositus
2925 2653 3106 2709 factus
3135 2663 3222 2710 est
3248 2667 3305 2712 et
3329 2658 3476 2714 Deus
3502 2660 3615 2714 dis-

2033 2739 2357 2806 pensatione
2394 2742 2674 2811 passibilis
2694 2744 2893 2809 audiit,
2933 2745 3304 2803 diﬂ‘erentiam
3338 2754 3615 2808 ostendis-

2033 2837 2137 2893 set,
2175 2828 2292 2885 htec
2330 2830 2507 2887 dicit:
2542 2852 2560 2883 ‹
2597 2833 2678 2887 Ne
2727 2849 2850 2903 qua:
2883 2836 3162 2907 bypostasi
3210 2842 3431 2911 propria
3484 2856 3615 2898 sunt

2033 2916 2368 2973 atiirmantes
2410 2922 2536 2973 cum
2569 2921 2791 2976 Arianis
2819 2924 2993 2979 Deum
3053 2938 3249 2982 natura
3295 2932 3634 2999 passibilem,

1959 3038 2001 3096 Ο
2036 3006 2355 3076 ignoranter
2403 3011 2677 3067 colamus.
2718 3032 2735 3064 ›
2774 3014 2869 3068 llla
2918 3025 3101 3071 autem
3142 3020 3309 3074 verba
3363 3023 3606 3081 addidit:

2048 3115 2065 3146 ι
2108 3097 2254 3150 Nihil
2274 3099 2462 3154 obstat
2515 3101 2725 3168 dicere,
2775 3107 2943 3161 etiam
2995 3107 3359 3167 inhumanato
3398 3134 3446 3180 ι,
3502 3132 3614 3170 non

2036 3185 2213 3239 solum
2242 3198 2467 3258 propter
2488 3192 2744 3261 Arianos,
2777 3198 2872 3267 qui
2900 3198 3166 3256 deitatem
3194 3219 3293 3274 pro
3324 3206 3505 3261 anima
3519 3225 3619 3278 po-

2036 3284 2197 3342 nunt,
2229 3280 2313 3332 vel
2341 3282 2791 3352 Apollinaristas,
2826 3289 2921 3359 qui
2943 3291 3184 3348 animam
3207 3294 3432 3353 Christo
3453 3300 3615 3354 ἄνουν

2035 3368 2343 3427 attribuunt
2389 3373 2521 3446 (quo
2567 3392 2701 3433 sane
2752 3391 2915 3450 pacto
2960 3387 3266 3453 perfectam
3302 3391 3458 3460 juxta
3513 3410 3616 3448 nes
3693 3370 3698 3381 ⁸

2034 3459 2133 3514 Dei
2165 3462 2318 3515 verbi
2345 3475 2605 3520 naturam
2644 3471 2926 3538 mutilant,
2978 3475 3272 3548 ipsumque
3305 3459 3358 3535 in
3408 3482 3614 3538 deitate

2034 3551 2352 3618 passibiiem
2420 3556 2745 3624 coniiciunt,
2802 3572 2860 3616 et
2914 3564 3145 3632 quidem
3218 3573 3609 3639 naturaliter).

2033 3652 2227 3692 verum
2253 3638 2419 3694 etiam
2449 3649 2510 3694 ut
2530 3646 2854 3702 ostendatur
2873 3651 3034 3705 nobis
3061 3654 3405 3725 unigenitum
3434 3661 3607 3717 Deum

2034 3743 2093 3783 re
2127 3728 2243 3799 ipsa
2274 3729 2480 3786 factum
2508 3748 2630 3789 esse
2662 3737 2946 3795 hominem
2970 3743 3302 3813 perfectum,
3337 3762 3611 3807 nostram—

2032 3834 2141 3890 que
2174 3836 2274 3890 per
2307 3838 2366 3877 se
2394 3816 2692 3895 operatum
2724 3846 2846 3886 esse
2885 3834 3119 3890 salutem
3168 3837 3225 3891 in
3255 3855 3443 3907 carne,
3491 3861 3613 3914 qum

2032 3914 2359 3971 naturaliter
2393 3928 2605 3987 ageret,
2635 3930 2692 3975 et
2727 3922 2966 3978 animam
3013 3925 3246 3984 haberet
3289 3934 3489 3995 mentis
3521 3951 3610 3988 ra~

2035 4003 2311 4076 tionisque
2344 4020 2683 4080 compotem.
2738 4013 3196 4088 Quandoquidem
3254 4037 3384 4077 vere
3432 4023 3610 4080 factus

363 4090 710 4161 ρακτηριζων
747 4091 993 4161 φυσικῶς
1030 4088 1112 4155 οἷς
1144 4092 1263 4147 κατ’
1296 4093 1488 4148 οὐσίαν
1512 4094 1819 4166 ἐμπέφυκε.
1858 4098 1930 4151 Τὸ

2036 4107 2116 4153 est
2144 4098 2312 4154 homo
2334 4116 2435 4170 per
2463 4103 2669 4170 omnia,
2710 4107 2829 4161 solo
2873 4118 3104 4179 peccato
3142 4124 3393 4185 excepto,
3450 4118 3610 4189 cujus

352 4180 463 4251 γὰρ
508 4181 700 4245 κοινῶς
741 4199 801 4235 τε
835 4183 935 4237 καὶ
976 4184 1210 4251 γενικῶς
1256 4202 1418 4239 τινων
1450 4188 1930 4259 κατηγορούμενον

2036 4187 2183 4242 nulla
2209 4188 2265 4243 in
2286 4199 2483 4246 natura
2508 4192 2767 4250 radicalis
2794 4198 2936 4252 ratio
2960 4202 3257 4269 reperitur,
3279 4180 3396 4260 non
3422 4180 3606 4262 autem

349 4270 476 4341 ὄρος
502 4271 605 4343 τῆς
643 4273 822 4327 αὐτῶν
847 4274 1037 4339 οὐσίας
1064 4277 1235 4341 ἐστὶν,
1267 4271 1328 4331 οὗ
1361 4278 1579 4341 πάντως
1605 4281 1638 4350 ἡ
1671 4280 1929 4353 στέρησις

2036 4290 2261 4351 excepta
2284 4284 2610 4352 operatione
2643 4289 2924 4355 naturali;
2976 4307 3105 4346 nam
3144 4311 3244 4363 per
3295 4315 3419 4352 cam
3464 4302 3607 4355 ratio

351 4363 558 4436 φθορὰν
600 4366 896 4437 ἐργάζεται
938 4367 1176 4437 φύσεως,
1220 4370 1379 4441 ειπερ
1426 4370 1579 4425 οὐδὲν
1612 4371 1723 4427 τῶν
1753 4373 1925 4428 ὄντων

2036 4374 2286 4430 essentiae
2320 4375 2400 4429 rei
2430 4377 2721 4448 cujusque,
2756 4382 2847 4436 cui
2895 4382 3061 4449 inest,
3107 4391 3440 4446 naturaliter
3472 4392 3609 4447 deti-

349 4452 444 4505 τοῦ
509 4454 668 4523 φύσει
714 4456 1016 4527 πεφυκότος
1064 4459 1424 4530 στερούμενον
1477 4461 1614 4532 ὅπερ
1662 4458 1731 4534 ἦν
1775 4465 1926 4534 μένει

2036 4469 2200 4524 nitur.
2225 4470 2508 4554 Quidquid
2548 4474 2698 4551 enim
2728 4481 3096 4535 communiter
3137 4489 3193 4535 et
3226 4485 3485 4554 generice
3539 4486 3608 4539 de

352 4544 678 4616 σωζόμενον.

2031 4542 2389 4631 quibuslibet
2414 4550 2743 4634 aﬂirmatur,
2769 4584 2961 4626 eorum
2981 4542 3278 4630 essentiam
3304 4576 3523 4645 deﬁnit,
3549 4586 3607 4631 et

351 4637 587 4705 proinde
628 4654 823 4695 eorum
853 4641 1097 4697 essentia
1122 4641 1454 4711 destruitur,
1488 4645 1536 4700 si
1567 4645 1663 4702 illo
1699 4653 1928 4711 omnino
1963 4665 2208 4712 careant.
2240 4656 2389 4711 Nihil
2444 4658 2593 4714 enim
2654 4658 2770 4715 suis
2804 4661 3082 4731 privatum
3103 4667 3443 4725 naturalibus
3476 4685 3610 4741 per-

253 4799 258 4803 _
351 4729 686 4788 lectionibus
719 4744 930 4806 perstat
961 4735 1017 4790 id
1051 4751 1172 4792 esse
1203 4737 1349 4807 quod
1375 4746 1514 4794 erat.
1581 4750 1585 4754 ‘

359 4913 468 4968 Τοῦ
497 4912 686 4968 αὐτοῦ
717 4914 788 4968 ἐκ
811 4915 920 4970 τοῦ
953 4918 1140 4972 αὐτοῦ
1163 4920 1351 4989 λόγου
1372 4922 1460 4987 εἰς
1484 4922 1554 4975 τό
1569 4922 1614 4952 ³⁷
1639 4939 1652 4952 ο
1684 4941 1703 4973 ι
1734 4921 1923 4996 Οὗτος

420 5005 530 5075 γὰρ
570 5007 604 5059 ὁ
646 5006 763 5060 νῦν
806 5021 907 5062 σοι
941 5012 1503 5083 καταφρονούμενος
1540 5010 1619 5085 ἦν
1671 5015 1770 5072 ὅτε
1821 5023 1921 5077 καὶ

2035 4930 2285 5000 Ejusdem
2314 4945 2378 4982 ea:
2400 4930 2583 4984 eadem
2601 4934 2842 4987 oratione
2872 4936 2927 4987 in
2962 4937 3018 4989 id
3041 4953 3059 4990 :
3087 4955 3105 4988 ‹
3137 4938 3238 4993 Hic
3267 4942 3429 5006 enim,
3450 4959 3620 5012 quem,

2102 5036 2238 5073 nunc
2265 5022 2593 5089 asperneris,
2614 5025 2881 5088 quondam
2898 5043 3062 5097 supra
3087 5037 3137 5083 te
3164 5041 3277 5086 erat
3301 5050 3319 5087 :
3352 5037 3442 5104 qui
3465 5052 3605 5088 nunc

1620 5173 1853 5231 VARIZE
1894 5175 2298 5236 LECTIONES.

420 5320 1166 5433 2'..i‘.‘1":?‘§'§iifﬂ:.“?~';.
1247 5327 1884 5433 "sirenassEsl-m.
1910 5336 2420 5433 ὀρδειελεετειὶεεάι
2466 5339 2713 5433 Ξδές--..⁸ὶ
2742 5342 3013 5433 usus:
3064 5348 3154 5429 ορ.
3218 5347 3337 5433 Ga-
3499 5370 3597 5433 με·

397 5390 589 5461 ἐνηκεν
640 5395 671 5463 ῥ
725 5390 880 5463 λόγος
923 5396 1012 5451 ed.
1071 5396 1190 5452 Gal.

388 5469 611 5516 erantur
636 5462 692 5517 in
715 5462 805 5519 ed.
830 5464 949 5521 Gal.
1009 5467 1053 5498 ³⁸
1081 5467 1201 5522 κατ’
1241 5467 1498 5540 ἀλήθειαν
1519 5462 1615 5526 'ed.
1650 5472 1767 5529 Gal.

1299 5399 1799 5474 'f‘uatayopoijne;
1818 5405 1908 5461 ed.
1944 5406 2087 5474 Ga|.,
2115 5399 2396 5466 mendose.
2466 5410 2512 5441 “
2535 5408 2717 5465 Verba
2739 5412 2762 5463 ὲ

2827 5414 3049 5488 ἀγνοίας
3073 5419 3169 5486 τῆς
3203 5420 3417 5488 φύσεως
3448 5414 3596 5482 désj.

1868 5477 1911 5507 ³⁶
1934 5479 2081 5531 ἐστὶν
2109 5478 2198 5533 ed.
2222 5478 2342 5535 Gal.
2421 5479 2467 5511 ³⁷
2489 5480 2570 5543 είς
2598 5480 2658 5532 τὸ
2690 5485 2803 5538 ιιοῆ
2833 5477 3011 5541 eistat
3032 5477 3089 5542 in
3114 5477 3238 5544 cod:
3266 5477 3407 5546 Gud.

424 5614 501 5684 (2)
531 5613 694 5687 (ἶνες.
735 5617 864 5672 Naz.
893 5617 986 5674 Or.
1023 5619 1194 5676 theol.
1218 5621 1273 5689 5,
1301 5621 1377 5675 De
1405 5622 1562 5693 Filio,
1594 5640 1714 5697 cap.
1750 5628 1835 5693 18,
1870 5645 1924 5699 ρ.
1967 5630 2102 5699 557;
2132 5642 2265 5689 tom.
2294 5632 2475 5706 lOpp.
2509 5637 2600 5693 ed.
2628 5636 2835 5697 Bened.
