3956 6212
508 329 662 394 ’1039

1688 333 1750 394 s.
1796 312 2085 392 MA'XIMI
2131 326 2646 391 CONFESSORIS
2726 345 2732 352 -

3616 328 3719 397 mm

591 453 746 504 homo
802 454 898 510 est,
957 443 1349 515 compositionis
1377 450 1564 513 expers
1594 452 1752 498 erat:
1790 445 1929 515 quod
1981 454 2097 498 erat

2272 438 2427 508 ,ὑπὲρ
2476 441 2552 491 σὲ
2594 433 2675 507 ἦν
2698 455 2709 466 ι
2744 438 2776 490 d
2819 436 2936 491 νῦν
2984 420 3296 507 ἅνθρωπος
3336 438 3719 510 καὶὰσύγθετος

574 536 911 607 permansit,
948 533 1088 604 quod
1123 549 1227 587 non
1263 543 1379 587 erat
1407 536 1732 604 assumpsit:
1768 536 1822 587 in
1847 536 2108 605 principio

588 626 704 679 sine
763 641 925 677 causa
984 623 1100 677 erat
1158 625 1315 694 (qua?
1371 625 1511 678 enim
1561 623 1660 678 Dei
1716 641 1881 679 causa
1928 626 2109 696 πῆξιν-ί

590 715 808 787 queat?)
850 722 904 769 at
928 722 1111 786 postea
1140 731 1346 787 quoque
1377 724 1521 769 certa
1540 715 1604 768 de
1629 732 1794 769 causa
1821 725 1978 771 natus
1996 725 2106 782 est;

592 803 847 856 nimirum
876 812 934 854 ut
983 811 1062 867 tu,
1107 792 1506 869 contumeliose,
1534 803 1764 858 salutem
1813 821 2108 876 consequa-

595 894 692 958 ris,
728 893 818 962 qui
843 893 1095 947 deitatem
1132 893 1330 948 idcirco
1374 895 1686 960 contemnis,
1732 896 1858 966 quia
1911 898 2108 951 crassi-

594 985 721 1038 tiem
761 995 909 1039 tuam
929 988 1178 1057 suscepit,
1212 1003 1306 1058 per
1328 987 1704 1049 intermedium
1742 996 1970 1041 mentem
1991 1006 2109 1043 cum

592 1093 753 1131 carne
782 1078 1119 1148 conjunctus,
1163 1086 1323 1150 atque
1354 1080 1578 1148 inferior
1620 1079 1775 1133 homo
1806 1079 1947 1135 Deus
1985 1082 2109 1152 effe-

593 1174 707 1221 ctus
754 1177 1179 1237 postquam'cum
1218 1168 1326 1222 Deo
1370 1168 1589 1234 coaluit,
1648 1172 2113 1241 prazstantiorique

593 1267 749 1329 parte
798 1266 1088 1329 superante
1121 1275 1262 1314 unus
1305 1260 1478 1330 factus
1535 1270 1634 1327 est,
1666 1270 1723 1316 ut
1765 1263 1876 1326 ipse
1905 1278 2114 1333 quoque

595 1358 811 1404 tantum
843 1350 979 1405 Deus
1004 1351 1207 1421 efﬁciar
1239 1362 1500 1423 quantum
1528 1352 1622 1407 ille
1645 1355 1818 1411 homo.
1842 1373 1860 1406 ι

594 1462 695 1516 llic
726 1462 899 1526 enim,
935 1462 1142 1532 inquit,
1174 1479 1341 1533 quem
1373 1474 1432 1519 tu
1468 1481 1621 1520 nunc
1650 1465 2114 1535 aspernaris,fuit

525 1554 829 1623 aliquando
860 1568 1027 1623 supra
1070 1567 1154 1619 te;
1206 1556 1424 1610 exstitit
1471 1558 1622 1611 enim
1680 1573 1782 1628 per
1828 1572 1891 1612 se
1951 1557 2114 1626 longe

526 1661 696 1715 supra
730 1660 895 1699 omne
932 1654 1153 1716 tempus
1199 1657 1257 1701 et
1286 1663 1508 1703 omnem
1543 1658 1823 1714 naturam,
1861 1648 2116 1717 quamvis

523 1749 583 1793 et
619 1753 768 1792 nunc
799 1745 1028 1807 propter
1064 1748 1119 1794 te
1161 1740 1266 1794 sub
1309 1748 1553 1811 utroque
1601 1741 1781 1823 volpit
1825 1740 2113 1795 constitui.

516 1828 629 1894 Qui
658 1844 807 1883 nunc
839 1829 1007 1883 homo
1034 1839 1140 1909 est,
1198 1830 1303 1885 fuit
1331 1848 1533 1904 expers
1576 1832 2023 1903 compositionis,
2059 1838 2115 1888 et

524 1926 726 1977 natura
749 1932 808 1977 et
827 1922 1113 1993 hypOstasi
1145 1923 1403 1994 simplex.
1431 1926 1571 1980 Nam
1599 1925 1949 1981 solummodo
1968 1925 2115 1979 Deus

524 2022 665 2078 erat,
689 2013 877 2068 nudus
927 2028 1163 2084 corpore
1192 2023 1251 2068 et
1307 2031 1431 2085 quae
1479 2031 1688 2088 corpus
1735 2017 2112 2082 comitantur;

525 2122 846 2178 quanquam
875 2122 1027 2161 nunc
1050 2109 1390 2164 assumenda
1425 2124 1679 2176 carnem,
1712 2109 1898 2165 anima
1942 2108 2117 2164 ratio-

526 2199 639 2254 nali
668 2198 982 2269 prteditam,
1011 2199 1193 2268 quoad
1233 2200 1559 2272 hypostasin
1587 2241 1602 2264 ,
1636 2201 2114 2272 compositionem

526 2290 774 2355 admisit,
806 2306 974 2361 quam
1033 2306 1148 2346 non
1191 2290 1410 2359 habuit,
1446 2292 1631 2363 quoad
1672 2301 1928 2348 naturam
1957 2306 2114 2356 vero,

527 2381 965 2452 simplicitatem,
1001 2399 1169 2454 quam
1202 2383 1423 2449 habuit,
1461 2400 1574 2440 non
1620 2383 1828 2441 amisit.
1862 2384 1989 2439 Haec
2018 2398 2117 2438 au-

528 2483 639 2528 tem
674 2474 802 2530 ideo
828 2483 889 2529 ut
914 2476 1196 2532 hominem
1235 2477 1514 2543 salvaret;
1565 2477 1709 2532 hanc
1764 2470 1925 2532 enim
1941 2476 2115 2531 solam

529 2583 754 2622 causam
801 2568 1110 2624 nativitatis
1137 2569 1353 2634 habuit,
1410 2569 1646 2624 salutem
1681 2570 1830 2625 enim
1877 2577 2114 2634 naturae,

523 2661 688 2730 cujus
721 2660 814 2714 ille
844 2660 1268 2729 passibilitatem
1294 2670 1557 2730 tanquam
1581 2662 1893 2717 crassitiem
1918 2661 2112 2726 subiit,

524 2750 813 2805 mediante
841 2760 1026 2806 mente
1058 2768 1186 2807 cum
1236 2767 1406 2807 carne
1456 2752 1814 2822 conjunctus,
1848 2757 1905 2806 et
1934 2752 2117 2807 factus

526 2853 618 2899 est
647 2844 817 2897 homo
856 2841 1089 2896 inferior
1120 2843 1264 2896 Deus
1285 2882 1299 2906 ,
1338 2842 1449 2897 imo
1483 2842 1668 2897 omnia
1700 2857 1802 2912 pro
1856 2842 2116 2899 omnibus

532 2936 713 2991 factus
749 2942 835 2989 est
860 2949 984 3004 quae
1014 2933 1242 3004 quidem
1274 2934 1328 2988 in
1360 2933 1524 2988 nobis
1550 2915 1703 2999 sunt,
1749 2942 1953 3003 praeter
1982 2949 2114 3004 pec-

531 3033 741 3082 catum.
777 3038 1004 3094 corpus,
1039 3021 1250 3086 anima,
1292 3038 1470 3089 mens,
1516 3038 1616 3093 per
1666 3038 1791 3092 qum
1824 3032 2115 3092 peccatum

530 3125 879 3187 pervaserat,
912 3129 1209 3170 commune
1241 3115 1377 3185 quid
1407 3130 1475 3170 ex
1516 3114 1607 3169 bis
1642 3113 1831 3180 homo,
1862 3114 2009 3170 Deus
2031 3115 2117 3170 vi-

2282 527 2362 601 ἦν
2383 549 2397 562 ·
2425 530 2456 583 ὃ
2483 529 2599 599 μὲν
2642 525 2743 598 ἦν,
2817 528 3130 597 διέμεινεν,
3168 531 3200 583 ὃ
3227 530 3296 583 δὲ
3327 533 3435 586 οὐκ
3467 528 3554 601 ἦν,
3580 551 3718 603 πραν-

2283 624 2504 677 ἐλαὸεν
2532 639 2545 651 ·
2583 622 2654 674 ἐν
2698 619 2856 690 ἀρχῇ
2906 616 2985 691 ἦν
3030 622 3307 688 ἀναιτίως
3341 624 3448 688 (τίς
3489 626 3583 693 γὰρ
3604 629 3718 679 σιτία
3816 630 3817 693 ξ

2287 713 2435 768 Θεοῦ
2456 714 2520 782 ;)’
2554 712 2712 767 ἄλλά
2744 714 2844 766 καὶ
2869 712 3127 781 ὕστερον
3154 712 3363 783 γέγονε
3391 713 3460 768 δι’
3495 716 3716 785 uitiari}

2278 805 2347 858 δὲ
2395 800 2476 874 ἦν
2533 804 2600 857 τὸ
2653 802 2730 856 σὲ
2786 802 3055 871 σωθῆναι
3106 796 3215 859 τὸν
3261 805 3549 874 ὑϐριστὴν,
3572 806 3717 873 ὃςδιὰ

2278 895 2455 950 τοῦτο
2485 893 2860 963 περιφρονεῒς
2891 894 3144 965 deorum
3172 897 3263 950 ὅτι
3295 897 3405 964 τὴν
3433 898 3544 964 σὴν
3565 903 3718 968 παχύ.
3820 894 3821 919 ι

2280 1004 2432 1054 tnta
2485 985 2877 1051 κατεδέξατο,
2933 988 3033 1041 διὰ
3075 987 3273 1058 μέσου
3302 990 3446 1056 rode
3483 993 3716 1060 ὁμιλήσας
3757 995 3764 1002 ’

2282 1079 2461 1148 σαρκὶ
2506 1080 2606 1133 καὶ
2654 1081 2978 1149 γενόμενος
3024 1081 3336 1149 ἄνθρωπος
3365 1085 3397 1136 ὁ
3421 1082 3559 1136 κάτω
3594 1086 3713 1151 Θεὸς,

2280 1173 2491 1243 ἐπειδὴ
2542 1173 2964 1242 auram-32¢de
2997 1173 3120 1238 Θεῷ
3149 1174 3247 1228 καὶ
3274 1173 3516 1243 γέγονεν
3535 1170 3622 1241 sic;
3644 1177 3716 1230 τοῦ

2285 1264 2626 1332 κρείττονος
2666 1264 3132 1331 ἐκνικήσαντος,
3162 1265 3265 1318 ἵνα
3296 1265 3533 1336 γένωμαι
3560 1267 3714 1321 τοσοῦ·

2285 1372 2393 1409 τον
2424 1356 2571 1422 Θεὸς
2609 1354 2760 1411 ὅσον
2780 1355 3013 1425 ἐκεῖνος
3034 1355 3348 1425 ἄνθρωπος
3368 1358 3457 1428 (5).
3490 1375 3506 1408 ι

2284 1459 2457 1531 Οὗτος
2495 1467 2608 1537 γὰρ
2642 1469 2671 1522 6
2710 1466 2805 1521 νῦν
2841 1484 2924 1521 σοι
2960 1468 3491 1539 καταφρονούμενος,
3535 1470 3713 1538 φησὶνεε,

2210 1552 2280 1628 ἦν
2306 1559 2396 1611 ὅτε
2427 1560 2522 1611 καὶ
2552 1558 2692 1629 ὑπὲρ
2725 1559 2782 1612 σὲ
2811 1553 2903 1628 ἦν,
2936 1560 3141 1624 παντὸς
3179 1559 3378 1624 αἰῶνος
3418 1559 3624 1632 δηλονότι
3655 1564 3716 1613 καὶ

2214 1650 2395 1721 πάσης
2436 1649 2504 1702 δι’
2547 1648 2740 1703 ἑαυτὸν
2781 1650 3045 1722 ὑπάρχων
3085 1651 3275 1722 (107
3316 1651 3371 1722 a)
3404 1653 3624 1706 ἐπέκεινα
3649 1653 3716 1721 φύε

2215 1759 2376 1806 σεως,
2411 1740 2516 1795 κᾶν
2546 1741 2641 1795 ὑπ’
2674 1742 2842 1812 ἄμφω
2887 1742 2987 1796 νῦν
3024 1743 3112 1797 διὰ
3152 1743 3216 1796 σὲ
3262 1745 3540 1812 γεγένηται
3582 1743 3718 1798 θέλων.

2228 1832 2286 1883 '0
2325 1829 2421 1884 νῦν
2473 1829 2764 1901 ἄνθρωπος
2804 1831 2900 1884 καὶ
2939 1831 3238 1898 ἀσύνθετος
3274 1830 3365 1906 ἦν,
3390 1837 3484 1906 τήν
3523 1852 3572 1887 τε
3607 1834 3718 1904 φύσιν

2146 1877 2188 1995 If
2217 1877 2423 1982 sagi;
2461 1877 2568 1975 iii
2580 1877 3484 1996 r.3,§'5si;;.;IJ,'assilit;
3507 1877 3719 1993 ἐέδξῇ

2218 2011 2351 2078 μυὸς
2380 2007 2635 2081 σώματος
2656 2011 2755 2066 καὶ
2801 2011 2911 2067 τῶν
2940 2016 3040 2068 ὅσα
3072 2016 3352 2086 σώματος,
3383 2018 3478 2072 κᾶν
3501 2017 3580 2071 νῦν
3602 2034 3720 2087 προσ·

2215 2100 2378 2172 λήψει
2426 2102 2631 2175 σαρκὸς
2665 2102 2845 2177 ψυχὴν
2888 2105 3120 2178 ἐχούσης
3155 2110 3380 2178 νοερὰν,
3424 2112 3547 2179 ὅπερ
3586 2110 3662 2163 οὐκ
3678 2106 3723 2180 ἦν

2215 2193 2429 2262 γέγονε,
2459 2194 2558 2265 τὴν
2586 2194 2888 2251 ὑπόστασιν
2919 2196 3197 2264 σύνθετος,
3222 2198 3498 2272 διαμείνας
3523 2200 3636 2269 ὅπερ
3660 2192 3724 2269 ἦν.

2214 2284 2314 2355 τὴν
2343 2285 2505 2356 φύσιν
2534 2285 2763 2353 ἁπλοῦς,
2796 2288 2882 2342 ἵνα
2914 2291 2971 2343 σὲ
3006 2289 3158 2364 σώσῃ
3192 2290 3287 2346 τὸν
3315 2291 3597 2363 ἄνθρωπον.
3621 2290 3727 2345 Ταύ-

2214 2395 2317 2449 την
2341 2380 2450 2452 γὰρ
2480 2382 2580 2451 τῆς
2608 2383 2880 2454 σαρκικῆς
2905 2384 3072 2438 αὑτοῦ
3111 2385 3288 2457 μόνην
3328 2387 3497 2441 αἰτίαν
3521 2386 3625 2456 ἔσχε
3641 2400 3728 2453 γεν·

2215 2473 2447 2543 νήσεως,
2506 2472 2605 2545 τὴν
2654 2476 2930 2547 σωτηρίαν
2987 2475 3088 2547 τῆς
3127 2476 3368 2545 φύσεως,
3412 2473 3478 2550 ἧς
3518 2474 3729 2539 ὑπελθὼν,

2214 2565 2470 2637 καθάπερ
2508 2583 2560 2620 τι
2590 2568 2783 2638 πάχος,
2818 2568 2879 2621 τὸ
2905 2567 3152 2639 παθητὸν
3188 2567 3283 2623 διὰ
3316 2569 3476 2641 μέσου
3506 2568 3605 2631 νοὸς
3624 2566 3725 2636 ὡμίο

2214 2658 2347 2729 λησε
2364 2659 2408 2691 ⁸³
2452 2661 2638 2730 σαρκὶ,
2691 2659 2984 2730 γενόμενος
3035 2658 3328 2731 ἄνθρωπος
3371 2663 3399 2715 6
3454 2661 3587 2715 κάτω
3613 2657 3728 2722 Θεὸς,

2215 2743 2396 2797 πάντα
2424 2744 2570 2816 ὑπὲρ
2608 2745 2830 2801 πάντων
2857 2746 3151 2817 γενόμενος
3176 2748 3281 2803 ὅσα
3314 2750 3488 2820 ἡμεῖς,
3520 2747 3638 2817 πλὴν
3656 2745 3733 2814 τῆς

2215 2834 2514 2907 ἁμαρτίας,
2561 2835 2745 2907 σῶμα,
2780 2836 2952 2908 ψυχὴ,
3002 2836 3149 2903 νοῦς,
3197 2838 3268 2893 δι’
3309 2839 3446 2894 ὅσων
3483 2841 3510 2893 6
3537 2838 3733 2898 θάνατος.

2214 2920 2276 2974 τὸ
2313 2922 2494 2976 κοινὸν
2536 2923 2602 2978 ὲκ
2643 2923 2877 2991 τούτων,
2914 2925 3227 2996 ἄνθρωπος,
3261 2926 3392 2993 Θεὸς
3415 2927 3649 2999 ὁρώμενος
3670 2922 3737 2977 διὰ

2214 3011 2278 3064 τὸ
2309 3010 2620 3082 νοούμενον.
2655 3014 2831 3078 Αὐτὸς
2862 3010 2955 3070 οὖν
2985 3015 3111 3086 δίχα
3135 3018 3406 3089 τροπῆς⁸⁶
3427 3019 3607 3090 κυρίως
3634 3015 3738 3086 πρὸς

2213 3102 2276 3155 τὸ
2308 3102 2432 3156 καθ’
2461 3104 2610 3174 ἡμᾶς
2650 3104 2818 3174 φύσει
2855 3106 3100 3179 παθητὸν
3133 3108 3399 3175 κενωθεὶς
3424 3113 3452 3164 ὁ
3478 3110 3644 3178 Λόγος,
3667 3106 3739 3159 καὶ

532 3209 715 3265 sibilis
736 3224 836 3279 per
869 3207 1236 3263 intellectum.
1267 3206 1600 3279 Deusigitur
1626 3206 1870 3262 Verbum
1893 3207 2116 3278 proprie

2221 3192 2328 3246 ὑπὸ
2354 3192 2457 3265 τὴν
2505 3195 2741 3266 φυσικὴν
2769 3196 2990 3268 ἀληθῶς
3021 3199 3111 3254 διὰ
3145 3202 3476 3272 σαρκώσεως
3503 3200 3739 3269 γενόμενος

531 3302 653 3358 sine
688 3301 1058 3357 conversione
1110 3301 1168 3355 in
1216 3315 1339 3356 eam
1384 3299 1814 3370 passibilitatem
1871 3314 1996 3369 quae
2030 3307 2117 3354 est

531 3404 738 3450 nostrae
762 3400 976 3450 natura
997 3393 1362 3458 exinanitum,
1388 3406 1598 3463 perque
1650 3407 1808 3447 suam
1860 3391 2118 3447 incarna-

535 3487 746 3541 tionem
772 3500 903 3541 vere
938 3485 1044 3539 sub
1090 3500 1317 3541 sensum
1366 3484 1676 3559 naturalem
1721 3483 1976 3550 veniens,
2014 3497 2116 3554 ap-

532 3578 726 3649 pellarl
755 3577 926 3647 coepit
968 3577 1113 3632 Deus
1137 3575 1374 3631 visibilis
1411 3585 1470 3632 et
1516 3575 1752 3630 inferior
1800 3575 1969 3639 Deus,
2020 3590 2120 3645 per

523 3684 759 3723 carnem
787 3677 986 3723 natura
1015 3667 1335 3738 passibilem
1362 3666 1608 3723 efﬁciens
1639 3666 1944 3737 potentiam
1962 3680 2119 3722 suam

537 3760 866 3815 immensam
897 3760 1278 3829 conspicuam.
1325 3757 1600 3825 Quoniam
1645 3773 1778 3814 caro
1826 3757 2120 3812 manifesto

534 3864 664 3903 cum
693 3850 808 3903 Deo
838 3848 1080 3913 coaluit,
1112 3857 1169 3903 et
1208 3859 1355 3902 unus
1380 3847 1563 3903 factus
1609 3856 1716 3912 est,
1742 3844 2119 3917 praestantiori

535 3948 875 4009 superante;
910 3939 1116 4008 quippe
1143 3938 1386 3993 Verbum
1430 3953 1723 3993 assumens
1745 3953 1868 3992 eam
1893 3936 2120 4008 proprie

534 4048 638 4103 per
665 4030 1069 4103 hypostaticam
1104 4029 1457 4085 identitatem
1503 4029 1805 4085 deiﬁcavit.
1837 4029 1994 4085 Unus
2021 4044 2122 4084 au-

513 4128 649 4175 tem
677 4128 736 4174 et
767 4134 880 4174 non
932 4133 1105 4173 unum
1165 4117 1372 4174 factum
1432 4126 1540 4185 est,
1602 4118 1786 4190 inquit
1836 4118 2117 4191 magister,

536 4210 839 4267 ostendere
871 4209 1065 4266 volens
1086 4204 1262 4267 etiam
1290 4211 1355 4267 in
1390 4210 1683 4268 identitate
1730 4211 1897 4267 unius
1947 4212 2123 4284 hypo-

536 4310 755 4358 staseos
784 4302 1112 4357 conservari
1146 4301 1268 4358 sine
1301 4301 1632 4359 confusione
1661 4302 1973 4358 naturalem
1996 4302 2123 4358 uni-

454 4455 465 4466 .
518 4406 725 4450 itorum
748 4393 1156 4451 diversitatem.
1182 4394 1286 4450 Est
1331 4394 1480 4449 enim
1511 4394 1876 4466 hypostaseos
1921 4402 1981 4450 et
2016 4408 2121 4450 na-

538 4495 683 4543 turae
717 4486 863 4542 alius
912 4494 1080 4556 atque
1123 4484 1275 4543 alius
1327 4486 1635 4543 character.
1690 4486 1832 4542 Illud
1891 4494 2119 4543 autem:

528 4597 565 4631 4
597 4578 670 4636 Ut
707 4578 826 4649 ipse
850 4591 1071 4648 quoque
1107 4585 1371 4649 tanquam
1397 4576 1538 4633 deus
1585 4575 1813 4643 emeiar,
1850 4587 2121 4649 quantum

528 4667 636 4724 .ille
671 4669 861 4733 homo,
897 4686 918 4719 ι
957 4669 1187 4723 nonest
1216 4682 1402 4725 meum
1435 4667 1707 4739 proferre,
1748 4669 1845 4738 qui
1882 4668 2126 4739 peccatis

524 4761 936 4831 coinquinatus
968 4775 1112 4824 sum,
1169 4773 1277 4814 nec
1325 4759 1439 4814 ullo
1480 4759 1645 4830 plane
1686 4759 1939 4830 appetitu
1973 4760 2125 4822 feror

537 4850 611 4905 ad
636 4851 805 4905 vitam
832 4849 986 4905 illam
1011 4865 1137 4919 quae
1158 4864 1291 4904 vere
1334 4848 1446 4903 vita
1475 4857 1582 4904 est.
1635 4848 1892 4905 Vestrum
1937 4849 2126 4920 potius

541 4949 648 5009 est,
681 4950 956 5007 vestrum,
989 4940 1240 5011 inquam,
1268 4939 1367 5009 qui
1390 4946 1606 4994 natura!
1654 4947 1865 4994 tantam
1896 4955 2128 5010 recupe-

541 5033 709 5089 rastis
734 5031 1156 5104 perfectionem,
1208 5038 1273 5085 ut
1326 5030 1440 5085 sola
1472 5029 1529 5084 in
1558 5030 1719 5085 vobis
1750 5030 2125 5103 conspiciatur

542 5126 719 5197 gratia
766 5125 889 5189 Dei,
918 5124 1126 5195 quique
1158 5138 1260 5193 per
1287 5123 1409 5193 ejus
1439 5121 1738 5177 efﬁcaciam
1772 5129 1989 5176 tantum
2040 5121 2125 5175 in-

528 5216 852 5271 ‘clarescere
881 5228 1046 5284 posse
1077 5212 1364 5277 videmini,
1404 5221 1677 5283 quantum
1728 5212 1875 5267 Deus
1908 5227 2007 5282 per
2035 5212 2123 5266 in-

541 5309 924 5365 carnationem
960 5323 1117 5363 suam
1174 5306 1243 5362 de
1287 5312 1480 5360 nostra
1523 5302 1844 5360 inﬁrmitate
1894 5302 2124 5373 partici-

2224 3284 2501 3356 αἴσθησιν,
2518 3285 2650 3350 Θεὸς
2677 3288 2872 3358 ὁρατὸς
2893 3291 2988 3344 καὶ
3018 3292 3169 3347 κάτω
3196 3293 3332 3358 Θεὸς
3361 3288 3739 3366 προσηγορεύθη,

2223 3376 2313 3430 διὰ
2343 3378 2545 3449 σαρκὸς
2576 3377 2736 3449 φύσει
2768 3381 3019 3454 παθητῆς
3049 3384 3149 3456 τὴν
3184 3387 3544 3457 ύπεράπειρον
3568 3381 3741 3454 ἐμφανῆ

2200 3468 2600 3539 εποιησάμενος
2628 3469 2879 3543 δύναμιν,
2904 3473 3094 3545 ἐπειδὴ
3121 3476 3491 3549 συνανεκράοη
3516 3473 3621 3544 Θεῷ
3638 3488 3741 3541 προ·

2224 3558 2399 3631 δήλως
2424 3561 2457 3631 ἡ
2488 3560 2627 3631 σὰρξ
2662 3562 2760 3615 καὶ
2790 3564 3018 3633 γέγονεν
3044 3560 3147 3632 εἷς,
3192 3566 3290 3622 τοῦ
3321 3567 3609 3638 κρείττονος
3639 3566 3743 3617 £va-

2226 3652 2518 3721 κήσαντος,
2551 3652 2890 3727 ὑποστατικῇ
2919 3658 3212 3729 ταυτότητι
3252 3661 3459 3731 κυρίως
3506 3658 3653 3727 αὐτὴν
3674 3648 3743 3704 τοῦ

2225 3742 2629 3814 προσλαϐόντος
2659 3747 2834 3816 Λόγου
2867 3747 3192 3815 θεώσαντος.
3222 3748 3322 3817 Εἷς
3346 3754 3402 3807 δὲ
3425 3745 3745 3821 refovendi?

2225 3833 2325 3903 οὐχ
2356 3833 2435 3897 ἓν,
2475 3835 2503 3886 ό
2534 3834 2856 3901 διδάσκαλος
2885 3832 3062 3902 εἶπεν,
3092 3839 3312 3904 δεικνὺς
3342 3842 3426 3895 ὅτι
3454 3840 3551 3893 κὰν
3570 3839 3627 3907 τῇ
3648 3850 3745 3887 tau.

2224 3923 2414 3994 τότητι
2457 3923 2560 3995 τῆς
2610 3929 2742 3998 μιᾶς
2788 3930 3142 3995 ὑποστάσεως
3189 3922 3743 4003 μεμένηηνήφυσικὴ

2224 4016 2335 4069 τῶν
2376 4018 2676 4089 ἠνωμένων
2715 4021 2976 4091 ἑτερότης
3025 4023 3369 4094 άσύγχυτος·
3405 4024 3555 4094 εἴπερ
3595 4018 3647 4073 τὸ
3674 4015 3745 4088 μὲν

2227 4107 2604 4175 ὑποστάσεως,
2650 4111 2714 4166 τὸ
2753 4112 2812 4167 δὲ
2845 4114 3061 4183 φύσεως
3098 4115 3340 4188 ὑπάρχει
3372 4110 3666 4187 δηλωτικόν.
3694 4103 3747 4159 Τδ

2225 4200 2358 4273 γὰρ,
2404 4220 2423 4255 ι
2448 4200 2566 4257 Ἰνα
2599 4204 2849 4276 γένωμαι
2878 4206 3137 4264 τοσοῦτον
3177 4208 3303 4270 Θεὸς
3331 4210 3457 4264 ὅσον
3482 4206 3665 4264 iusim
3680 4198 3748 4253 ινα

2228 4290 2468 4365 θρωπος,
2500 4312 2519 4347 ι
2564 4295 2669 4350 οὐκ
2706 4296 2841 4368 ὲμὺν
2872 4298 3054 4369 (m7
3082 4299 3135 4369 ιι)
3159 4299 3369 4368 λέγειν,
3399 4296 3494 4352 τοῦ
3524 4288 3748 4368 pomata
3820 4288 3821 4335 ι

2224 4399 2320 4447 τος
2364 4387 2432 4456 τῇ
2480 4384 2726 4458 ἁμαρτίᾳ
2756 4388 2853 4442 καὶ
2896 4388 3120 4454 τελείως
3160 4390 3262 4461 τῆς
3292 4391 3462 4453 ὅντως
3499 4386 3650 4453 οὔσης
3680 4381 3749 4434 ἀν’

2226 4473 2584 4547 ορεκτοῦντος
2622 4476 2791 4549 ζωῆς,
2824 4479 2943 4533 ἀλλ’
2982 4480 3163 4552 ὑμῶν,
3187 4480 3302 4536 τῶν
3332 4478 3590 4552 ἀπολήψει
3613 4469 3759 4563 τελείεί⁸

2154 4603 2201 4661 D
2226 4567 2327 4661 τῆς
2368 4568 2585 4661 φύσεως
2626 4570 2713 4661 tu,
2740 4570 2911 4661 μόνης
2944 4570 3366 4645 γνωριζομένων
3414 4573 3512 4645 τῆς
3553 4569 3747 4661 χάριξοςο

2227 4657 2324 4711 καὶ
2358 4656 2664 4729 μελλόντων
2698 4659 2765 4715 ὲκ
2801 4660 2905 4732 τῆς
2943 4663 3065 4717 κατ’
3096 4663 3269 4736 αὐτὴν
3307 4663 3555 4719 τοσοῦτον
3597 4653 3748 4711 διαδη-

2223 4748 2419 4819 χθῆναι
2453 4748 2498 4781 ⁸³
2554 4748 2839 4822 δυνάμεως
2887 4754 3012 4807 ὅσον
3053 4757 3084 4809 6
3129 4754 3291 4825 φύσει
3343 4756 3476 4819 Θεὸς
3519 4753 3611 4822 τῆς
3632 4743 3750 4819 ἡμῶν

2226 4842 2535 4914 σαρκωθεὶς
2591 4843 2877 4908 ἀσθενείας
2935 4847 3285 4918 μετείληφεν,
3356 4834 3741 4916 ἀντιμετρουμέ’

2226 4934 2435 5005 νηςδν,
2482 4935 2558 5000 ὡς
2601 4933 2745 4990 οἶδεν
2776 4936 2958 5002 αὐτὸς,
2994 4941 3063 5011 τῇ
3091 4938 3256 4993 αὑτοῦ
3298 4937 3542 5001 κενὼτει,
3560 4933 3650 5002 τῆς
3670 4925 3749 4980 τῶν

2227 5026 2412 5096 Χάριτι
2444 5027 2770 5099 σωζομένων
2805 5028 3080 5094 θεώσεως,
3101 5030 3240 5086 ὅλων
3280 5029 3533 5085 θεοειδῶν·
3553 5024 3637 5079 καὶ
3658 5017 3748 5073 ὅλου

2228 5117 2363 5171 Θεοῦ
2390 5121 2734 5191 χωρητικῶν,
2767 5123 2860 5176 καὶ
2887 5123 3048 5192 μόνου
3074 5124 3470 5196 γενησομένων.
3496 5117 3651 5175 Τοῦτο
3670 5109 3749 5179 γὰρ

2227 5212 2258 5281 ἡ
2289 5209 2570 5275 τελείωσις
2607 5213 2745 5284 πρὸς
2775 5214 2844 5285 ἦν
2890 5214 3218 5269 σπεύδουσιν
3261 5219 3311 5270 οἱ
3348 5212 3546 5284 ταύτην
3579 5200 3749 5276 ἀληθῶς

2229 5303 2450 5357 ἔσεσθαι
2468 5301 2514 5335 ⁸²
2543 5305 2644 5372 τὴν
2679 5307 3015 5376 ἐπαγγελίαν
3040 5308 3448 5371 πιστεύσαντες.

1834 5438 2067 5495 visum
2108 5421 2513 5496 LECTIONES.

606 5559 660 5592 ³⁸
684 5561 818 5628 φησὶ
872 5558 962 5613 ed.
1017 5558 1136 5615 Gal.
1202 5558 1253 5629 Α³⁹
1281 5558 1582 5629 ὡμίλησεν
1617 5551 1867 5629 εξιίηϐιξιἒ
1930 5550 2362 5629 δξὲκυρίως-δίχα
2389 5555 2601 5629 τροπῆς
2656 5555 2746 5629 ed.
2796 5555 2916 5613 Gal.
2948 5624 2962 5629 _
2993 5555 3390 5629 ιιμω-ωωα.
3427 5550 3560 5629 Gud.
3596 5543 3746 5629 eam"

545 5619 770 5698 antiqua
797 5644 993 5683 manus
1017 5619 1483 5683 emendationem'
1506 5624 1759 5695 asoripsit
1788 5619 2125 5692 διδαχθῆναι.

621 5750 698 5820 (5)
732 5749 885 5803 Idem
920 5748 1055 5802 ibid.
1089 5764 1213 5819 cap.
1242 5748 1329 5814 19,
1366 5765 1420 5818 ρ.
1450 5750 1574 5804 537.

2198 5607 2265 5656 λι·
2294 5607 2445 5678 ’ἂντὶί
2467 5607 2988 5697 μεὲῥουμένηῖὲᾱ.
3033 5607 3225 5684 dav
3240 5607 3534 5680 «assem
3552 5616 3632 5674 ed.
3655 5607 3746 5669 6³⁸·
