4008 6194
460 370 598 437 135.3

1604 381 1666 440 S.
1702 380 1991 440 MAXIMI
2028 380 2535 447 CONFESSORIS

3563 393 3679 461 1οη

454 489 622 543 simul
677 505 804 543 cum
840 490 1265 546 inﬁrmitatibus
1301 492 1443 546 meis
1486 493 1541 546 in
1578 494 1764 565 seipso
1790 495 1997 562 ferens,

2117 549 2119 555 .
2152 522 2172 554 ι
2204 505 2365 559 Ὄλον
2387 508 2446 559 ἐν
2468 506 2648 577 ἑαυτῷ
2672 506 2771 577 ἐμὲ
2802 506 2982 577 φέρων
3010 509 3147 577 μετά
3172 508 3281 560 τῶν
3310 508 3472 578 ἐμῶν,
3504 531 3522 564 ι
3551 531 3680 567 τουτ-

454 582 561 637 hoc
598 592 687 636 est
716 591 886 637 totam
936 581 1236 637 humanam
1292 595 1549 640 naturam
1598 603 1698 655 per
1737 589 2015 660 hypostati

2147 594 2265 648 ἐστι
2292 597 2393 667 τὴν
2418 598 2767 666 ἀνθρωπείαν
2796 598 2845 630 ⁸⁸
2878 598 3039 666 φύσιν
3070 598 3381 669 ὁλόκληρον,
3414 601 3586 657 ἐνώσει
3618 609 3675 678 τῇ

450 687 574 726 cam
602 671 887 735 unionem,
926 686 1037 725 una
1080 687 1212 725 cum
1252 674 1376 743 ejus
1422 673 1719 728 aﬂectibus
1761 675 2015 745 insepara

2145 684 2269 737 καθ’
2301 686 2600 739 ὑπόστασιν
2633 686 2775 754 μετὰ
2808 687 2919 738 τῶν
2952 686 3121 756 αὐτῆς
3148 685 3480 756 ἀδιαόλήτων

450 761 680 816 bilibus.
708 761 806 816 llis
832 762 905 817 ita
929 762 1126 833 gestis,
1163 772 1222 817 et
1242 780 1310 819 eo
1329 764 1627 835 absumpto
1650 766 1799 835 quod
1837 777 1959 822 erat
1983 770 2040 824 in

448 851 616 907 nobis
640 851 918 915 deterius,
946 869 1049 923 per
1078 855 1229 923 quod
1269 856 1439 909 etiam
1467 865 1675 912 nostra:
1705 867 1923 912 natura:
1956 857 2040 911 in-

443 945 694 999 sinuavit
718 961 842 1001 sese
869 947 929 999 τὸ
948 948 1215 1016 passibile
1267 948 1399 1017 (hoc
1452 958 1662 1015 autem,
1707 961 1770 1005 ut
1817 951 2038 1020 planius

445 1038 651 1104 dicam,
678 1048 801 1095 erat
830 1042 1044 1110 peccati
1069 1042 1158 1096 lex
1184 1050 1239 1096 et
1263 1042 1877 1113 transgressionis,qua:
1889 1045 2037 1101 vires

444 1134 665 1187 sumita
686 1149 859 1203 prava
891 1142 1095 1189 nostra:
1140 1135 1443 1189 voluntatis
1493 1135 1877 1201 inclinatione,
1911 1118 2035 1207 qua:

444 1232 658 1280 natura:
679 1233 877 1294 sponte
907 1238 1005 1278 sua
1050 1225 1301 1294 passibili
1337 1224 1570 1281 allectus
1619 1226 2034 1296 superinlundit

442 1327 598 1368 nunc
623 1313 910 1377 remissos,
934 1330 1084 1368 nunc
1114 1314 1519 1385 vehementes),
1549 1315 1654 1371 sub
1682 1327 1911 1386 peccato
1936 1318 2034 1373 de-

442 1413 633 1459 tentos
661 1420 773 1459 non
806 1413 1024 1460 tantum
1075 1407 1341 1472 servavit,
1388 1423 1581 1462 verum
1614 1409 1783 1464 etiam
1828 1410 2030 1467 divina:

438 1495 670 1551 virtutis
691 1497 994 1567 participes
1037 1498 1244 1564 eﬁ'eeit,
1293 1499 1533 1570 pretium
1584 1517 1685 1571 pro
1721 1502 1886 1558 nobis
1912 1503 2029 1573 ipse

442 1588 752 1659 deponens.
792 1588 929 1643 Nam
971 1605 1072 1659 per
1118 1591 1425 1645 voluntatis
1464 1594 1835 1648 constantiam
1879 1594 2027 1649 circa

442 1678 498 1734 id
541 1679 691 1749 quod
733 1679 919 1751 reipsa
974 1681 1185 1737 bonum
1227 1692 1333 1749 est,
1378 1692 1437 1739 et
1466 1685 1665 1740 anima“:
1704 1685 1935 1742 ﬁrmitas
1971 1696 2027 1743 et

441 1775 695 1844 corporis
752 1775 1147 1832 itnmortalitas
1191 1776 1506 1833 innascitur
1537 1779 1796 1835 omnibus
1834 1780 1905 1835 iis
1929 1781 2025 1851 qui

438 1873 659 1920 tantum
704 1867 940 1937 gratiam
986 1882 1100 1923 non
1140 1867 1267 1923 ﬁcte
1316 1869 1632 1924 excoluisse
1692 1871 2020 1927 allaborant.

436 1956 558 2013 Hoc
588 1958 736 2014 enim
770 1968 857 2023 est
891 1959 1042 2030 quod
1090 1960 1476 2016 sanctissimus
1534 1964 1796 2033 magister
1824 1965 2019 2030 voluit,

439 2065 566 2104 cum
591 2049 841 2106 diceret:
875 2070 892 2102 ι
926 2051 998 2108 Ut
1020 2052 1169 2123 quod
1198 2054 1449 2109 deterius
1469 2065 1577 2121 est,
1606 2056 1663 2110 in
1697 2071 1756 2111 se
1788 2057 1904 2128 ipse
1927 2057 2025 2112 ab-

436 2151 623 2197 sumat
646 2153 704 2199 et
733 2142 1014 2207 conﬁciat,
1069 2159 1179 2200 non
1211 2161 1376 2202 secus
1412 2162 1478 2203 ac
1515 2162 1699 2204 ceram
1729 2151 1893 2221 ignis,
1928 2160 2025 2206 aut

438 2241 602 2288 terra:
628 2248 891 2303 vaporem
931 2234 1065 2289 solis
1111 2234 1323 2301 radius,
1354 2245 1524 2307 atque
1562 2237 1681 2308 ipse
1719 2240 1791 2294 ob
1827 2241 2020 2311 hujus-

435 2322 587 2378 modi
659 2324 1110 2397 eonjunctionem
1170 2325 1448 2381 bonorum
1533 2327 1681 2384 illius
1744 2330 2021 2401 particeps

434 2412 585 2478 ﬁam,
614 2432 634 2466 ι
672 2413 729 2469 id
756 2423 842 2469 est
866 2430 898 2469 a
931 2415 1289 2486 passionibus
1334 2432 1434 2487 per
1457 2417 1690 2488 gratiam
1724 2418 2022 2475 mundatus

432 2505 485 2560 ei
518 2505 717 2561 similis
746 2505 973 2561 ellieiar.
1005 2507 1103 2563 Est
1135 2524 1304 2578 porro
1350 2516 1407 2563 et
1460 2508 1567 2564 alia
1612 2509 1884 2580 expositio
1915 2511 2019 2565 ho-

434 2613 557 2652 rum
589 2598 912 2654 verborum.
956 2599 1210 2655 Alienam
1268 2600 1504 2655 formam
1552 2602 1817 2673 suscepit,
1852 2618 2018 2673 quam

430 2705 534 2760 ego
562 2688 735 2745 didici
785 2706 817 2745 a
852 2690 1095 2761 quodam
1142 2699 1336 2747 sancto
1369 2691 1512 2758 viro,
1548 2692 1821 2764 dictisque
1844 2703 1901 2749 et
1934 2694 2017 2749 fa-

430 2780 538 2836 ctis
583 2781 1019 2851 sapientissimo.
1086 2782 1137 2838 ls
1192 2782 1364 2854 igitur
1421 2801 1453 2839 a
1500 2800 1588 2840 me
1647 2785 2019 2856 interrogatus

430 2872 737 2943 respondit,
763 2874 946 2929 Verbo
960 2874 1056 2929 Dei
1082 2890 1181 2944 per
1205 2885 1458 2931 naturam
1484 2876 1878 2942 obedientiam,
1899 2888 2016 2932 tum

430 2964 838 3036 subjectionem
899 2965 1136 3043 alienam
1168 2981 1320 3031 esse,
1352 2967 1497 3022 hanc
1528 2968 1619 3023 ille
1675 2984 1777 3038 pro
1829 2968 2011 3034 nobis,

426 3056 522 3126 qui
562 3068 903 3128 praeceptum
962 3074 1186 3114 eramus
1246 3060 1594 3131 transgressi,
1624 3062 1901 3130 praestitit,
1929 3072 2015 3117 to-

2144 772 2239 839 Οἷς
2268 777 2427 846 ἡμῶν
2457 778 2777 847 δαπανήσας
2803 778 2866 830 τὺ
2900 779 3106 848 χεῖρον,
3129 777 3212 829 διδ
3235 779 3302 846 τῇ
3340 777 3492 845 φύσει
3515 780 3569 833 τὸ
3590 799 3677 835 πα-

2143 863 2309 933 θητὸν
2346 867 2727 936 ἐπεισεκρίθη,
2775 865 2922 933 λέγω
2958 866 3016 919 δὲ
3042 865 3135 919 τὸν
3165 867 3230 917 ἐκ
3276 864 3378 933 τῆς
3422 871 3675 939 παρακοῆς

2140 955 2307 1025 νόμον
2328 954 2427 1024 τῆς
2458 956 2751 1027 ἁμαρτίας,
2802 948 2864 1008 οὗ
2900 956 3104 1026 κράτος
3134 955 3286 1007 ἐστὶν
3313 957 3348 1025 ἡ
3375 957 3515 1025 παρὰ
3535 958 3676 1026 φύσιν

2135 1045 2238 1115 τῆς
2272 1045 2552 1118 ἡμετέρας
2577 1045 2806 1116 γνώμης
2836 1047 3099 1109 διάθεσις,
3134 1047 3435 1116 ὲμπάθειαν
3470 1048 3543 1118 τῷ
3581 1067 3673 1101 πα-

2137 1134 2286 1206 θητῷ
2321 1135 2419 1205 τῆς
2447 1136 2662 1205 φύσεως
2693 1135 3062 1204 ἐπεισάγουσα
3091 1136 3212 1188 κατ’
3237 1136 3419 1189 ἄνεσιν
3449 1138 3539 1189 καὶ
3569 1139 3675 1190 ἐπί-

2132 1244 2314 1291 τασιν,
2344 1228 2404 1281 οὗ
2441 1228 2604 1298 μόνον
2638 1227 2883 1281 σέσωκεν
2909 1227 3016 1279 ὑπὸ
3041 1227 3142 1295 τῆς
3172 1227 3445 1295 ἁμαρτίας
3472 1244 3674 1296 κατεχο-

2138 1319 2371 1391 μένουςη
2393 1319 2529 1373 ἀλλὰ
2556 1322 2651 1373 καὶ
2686 1319 2837 1381 θείας
2863 1317 3149 1387 δυνάμεως
3175 1318 3365 1387 (108
3391 1318 3442 1387 b)
3480 1320 3676 1388 μεταδέ-

2131 1409 2306 1463 δωκεν
2339 1409 2399 1463 ἐν
2426 1407 2607 1477 ἑαυτῷ
2655 1407 2827 1472 λύσας
2869 1408 3031 1477 ἡμῶν
3081 1407 3143 1460 τὺ
3184 1407 3475 1475 ἐπιτίμιον,
3518 1407 3672 1476 ψυχῆς

2132 1499 2399 1570 ἀτρεψίαν
2429 1499 2523 1553 καὶ
2545 1498 2795 1569 σώματος
2816 1497 3125 1567 ἀφθαρσίαν
3157 1497 3525 1567 ἐργαζομένης
3546 1499 3599 1549 ἐν
3616 1501 3672 1568 τῇ

2132 1589 2265 1661 περὶ
2297 1589 2361 1642 τὸ
2390 1589 2549 1658 φύσει
2593 1588 2759 1643 καλὸν
2799 1589 2898 1659 τῆς
2946 1588 3175 1659 γνώμης
3216 1588 3526 1657 ταυτότητι,
3575 1592 3672 1651 τοίς

2130 1681 2276 1753 ἔργῳ
2320 1683 2488 1753 τιμᾷν
2515 1682 2615 1753 τὴν
2661 1681 2827 1752 χάριν
2858 1681 3271 1745 σπουδάζουσιν.
3321 1680 3497 1751 Ὅπερ
3540 1677 3675 1750 οἶμαι

2126 1772 2396 1827 διδάσκων
2420 1776 2450 1827 ό
2474 1774 2628 1841 άγιός
2657 1789 2847 1843 φησιν·
2875 1771 3022 1827 «Ἵνα
3059 1773 3119 1825 ἐν
3145 1770 3326 1841 ἑαυτῷ
3352 1771 3674 1844 Bumasti"

2128 1867 2189 1921 τὸ
2228 1869 2430 1951 χείρον,
2460 1866 2536 1929 ὡς
2566 1866 2740 1938 κηρὸν
2767 1866 2899 1937 πῦρ,
2932 1865 2965 1937 ἢ
3014 1866 3091 1928 ὡς
3120 1865 3322 1936 άτμίδα
3375 1867 3477 1935 γῆς
3522 1866 3675 1935 ἥλιος,

2129 1954 2286 2023 κάγὼ
2316 1953 2610 2026 μεταλάϐω
2641 1955 2750 2007 τῶν
2784 1953 2997 2007 ἐκείνου
3050 1953 3141 2006 διὰ
3167 1953 3266 2023 τὴν
3311 1953 3621 2022 σύγκρασιν⁹
3655 1971 3672 2004 ι

2126 2046 2370 2118 καθαρὸς
2406 2046 2610 2116 δηλαδὴ
2655 2048 2722 2117 τῇ
2758 2045 2943 2118 χάριτι
2984 2046 3195 2108 πάθους
3240 2046 3375 2109 ῐσως
3410 2046 3457 2077 ⁸⁸
3503 2045 3680 2114 ἐκείνῳ

2124 2140 2440 2210 γενόμενος.
2470 2137 2601 2192 υἷδα
2621 2138 2677 2191 δέ
2692 2138 2788 2192 καὶ
2810 2137 2969 2207 λόγον
2996 2138 3182 2207 ἕτερον
3204 2138 3336 2208 περὶ
3354 2135 3472 2199 τοῦ,
3503 2155 3522 2187 ι
3555 2138 3682 2207 Μορ-

2125 2231 2322 2301 φοῦται
2356 2232 2416 2285 τὸ
2454 2230 2759 2302 ἀλλότριον,
2802 2249 2822 2283 ι
2862 2231 3014 2301 παρά
3039 2247 3186 2293 τινος
3219 2230 3385 2298 ἁγίου
3412 2227 3572 2297 σοφοῦ
3601 2231 3684 2282 καὶ

2123 2325 2281 2393 λόγον
2307 2325 2403 2377 καὶ
2434 2323 2547 2394 βίον
2566 2323 2775 2392 μαθών.
2800 2324 2994 2391 Ἔλεγε
3033 2322 3142 2394 γάρ
3171 2321 3469 2394 ἐρωτηθεὶς
3494 2323 3683 2383 ἐκεῖνος

2122 2415 2403 2487 ἀλλότριον
2431 2412 2572 2470 εἶναι
2611 2415 2706 2468 τοῦ
2739 2414 2915 2483 Λόγου
2943 2413 3104 2484 φύσει
3134 2414 3237 2483 τὴν
3283 2414 3555 2481 ὑπακοὴν,
3582 2410 3683 2464 ῶσ-

2122 2525 2229 2580 περ
2258 2508 2355 2561 καὶ
2378 2507 2477 2578 τὴν
2509 2505 2814 2577 ὑποταγὴν,
2847 2507 2913 2577 ἢν
2945 2506 3089 2577 ὑπὲρ
3120 2505 3281 2575 ἡμῶν
3333 2504 3686 2576 παραϐάντων

2118 2600 2221 2671 τὴν
2248 2597 2472 2669 ἐντολὴν
2501 2598 2724 2662 ἐκτίσας
2756 2598 2885 2667 ὃλην
2917 2598 3215 2668 εἰργάσατο
3242 2596 3342 2649 τοῦ
3375 2597 3563 2664 γένους
3594 2594 3688 2665 τὴν

2122 2691 2419 2762 σωτηρίαν,
2479 2689 2673 2743 ἑαυτοῦ
2751 2688 3079 2758 ποιούμενος
3127 2688 3187 2741 τὸ
3260 2690 3553 2758 ἡμέτερον.
3597 2685 3691 2739 Διὰ

2116 2783 2279 2836 τοῦτο
2309 2782 2456 2855 ἔργῳ
2494 2782 2631 2851 τιμᾷ
2658 2780 2757 2850 τὴν
2785 2779 3055 2851 ὑπακοὴν,
3078 2780 3196 2842 νέος
3232 2779 3413 2849 ’Δδὰμ
3436 2777 3576 2848 ὑπὲρ
3599 2776 3689 2829 τοῦ

2118 2872 2354 2929 παλαιοῦ
2389 2872 2552 2943 φύσει
2581 2873 2897 2943 γενόμενος,
2941 2873 3038 2927 καὶ
3081 2873 3348 2940 πειρᾶται
3379 2870 3584 2935 ταύτης
3630 2869 3691 2919 ἐκ

2116 2966 2213 3019 τοῦ
2238 2966 2458 3030 παθεῖν,
2490 2964 2579 3018 διὰ
2602 2965 2710 3017 τῶν
2749 2963 2932 3032 αὐτῶν
2965 2963 3233 3025 ἑκουσίως
3280 2962 3417 3032 ἡμῖν
3464 2959 3691 3031 ἐνεχθεὶς

2117 3058 2480 3129 παθημάτων.
2517 3055 2690 3126 Εἴπερ
2723 3055 2868 3108 κατὰ
2894 3054 3085 3107 τοῦτον
3120 3052 3344 3123 άληθῶς
3379 3053 3477 3106 τὸν
3530 3052 3694 3121 μέγαν

426 3156 658 3219 tumque
688 3165 864 3221 genus
894 3159 1148 3205 nostrum
1175 3150 1428 3217 salvavit,
1460 3160 1710 3207 nostrum
1739 3154 2007 3225 quidquid

2117 3149 2466 3214 διδάσκαλον,
2500 3168 2519 3200 ι
2557 3148 2870 3212 Ἐκοπίασε,
2897 3147 2992 3202 καὶ
3020 3145 3300 3211 ἐπείνασε,
3333 3144 3433 3197 καὶ
3456 3143 3695 3213 ἐδίψησε,

423 3232 546 3294 erat
600 3239 657 3294 in
714 3240 959 3311 seipsum
1031 3234 1434 3297 transferendo.
1492 3244 1724 3315 Propter
1783 3245 1891 3301 hoc
1951 3262 2015 3304 rei

2117 3242 2211 3297 καὶ
2239 3241 2534 3313 ἠγωνίασε,
2558 3241 2655 3294 καὶ
2703 3240 2971 3310 ἐδάκρυσε
3002 3257 3021 3290 ι
3068 3237 3220 3307 νόμῳ
3263 3236 3547 3307 σώματος,
3577 3234 3605 3287 δ
3637 3233 3699 3304 δὴ

424 3329 601 3398 ipsam
653 3329 1029 3385 obedientiam
1080 3329 1294 3385 honore
1340 3329 1509 3387 atlicit
1543 3373 1558 3396 ,
1618 3347 1795 3388 novus
1820 3331 2012 3404 utique

423 3421 603 3477 factus
631 3421 876 3477 Adamus
897 3438 998 3493 pro
1021 3423 1117 3477 illo
1146 3423 1357 3478 Adamo
1385 3425 1581 3489 veteri,
1614 3440 1713 3495 per
1730 3433 2007 3491 naturam,

421 3527 657 3582 eamque
678 3512 899 3569 dolores
936 3513 1202 3584 patiendo
1227 3514 1504 3587 degustat,
1534 3515 1665 3570 dum
1698 3532 1757 3572 se
1790 3531 1822 3572 e
1850 3517 2010 3573 nobis

422 3620 594 3659 unum
632 3604 764 3660 facit
789 3619 889 3675 per
920 3605 1206 3676 passiones
1229 3606 1475 3662 easdem.
1509 3607 1653 3675 Quid
1686 3608 1836 3663 enim
1859 3608 2008 3664 aliud

426 3697 592 3753 docet
618 3713 852 3769 magnus
878 3714 1071 3755 revera
1097 3699 1380 3770 magister,
1411 3699 1642 3755 dicens:
1678 3719 1696 3752 ι
1730 3700 2010 3770 Fatigatus

418 3796 525 3855 est,
556 3787 699 3844 fame
730 3788 964 3845 allectus
989 3797 1093 3855 est,
1121 3789 1213 3843 siti
1246 3788 1539 3853 laboravit,
1570 3799 1803 3844 mortem
1832 3805 2001 3858 expa-

416 3881 519 3946 vit,
569 3881 849 3952 lacrymas
886 3882 1074 3937 emisit
1105 3881 1217 3935 αἲ»
1279 3881 1533 3952 corporis
1571 3882 1833 3936 nimirum
1890 3881 2008 3936 haec

416 3983 579 4028 erant
615 3974 825 4038 omnia,
883 3975 1163 4044 simulque
1224 3974 1376 4029 clara
1435 3973 1834 4028 demonstratio
1892 3982 2005 4027 tum

414 4064 651 4121 aﬂeetus
681 4065 909 4121 minime
950 4066 1166 4129 inertis,
1232 4080 1449 4119 necnon
1495 4064 1764 4119 indicium
1797 4064 2005 4121 conde-

415 4155 726 4211 scensionis
752 4171 881 4227 erga
908 4170 1209 4210 conservos
1234 4163 1289 4210 et
1341 4169 1552 4209 servos.
1584 4153 1852 4208 Dominus
1877 4154 2003 4224 qui-

413 4248 541 4303 dem
579 4256 638 4302 et
664 4254 860 4301 natura
890 4246 997 4301 fuit
1030 4255 1087 4315 et
1131 4245 1453 4316 permansit,
1501 4244 1596 4300 sed
1639 4253 1864 4315 propter
1894 4259 2000 4309 me,

413 4339 511 4407 qui
543 4346 741 4393 natura
769 4353 964 4393 servus
993 4352 1166 4403 eram,
1198 4336 1377 4392 lactus
1415 4347 1499 4391 est
1550 4352 1765 4401 servus,
1812 4346 1872 4391 ut
1913 4353 2003 4392 me

412 4426 534 4495 ejus
564 4424 773 4481 laceret
797 4426 1105 4491 dominum,
1140 4426 1235 4496 qui
1274 4441 1375 4496 per
1412 4425 1661 4481 fraudem
1713 4428 1994 4499 tyrannice

413 4517 550 4572 mihi
574 4517 988 4573 dominabatur.
1018 4518 1251 4589 Propter
1283 4519 1389 4573 hoc
1429 4518 1686 4573 servilem
1715 4518 1991 4573 conditio-
2031 4502 2075 4558 Ῑ)

411 4610 538 4665 dem
569 4610 999 4674 administravit,
1036 4620 1097 4666 ut
1137 4611 1427 4676 Dominus,
1480 4611 1588 4666 hoc
1638 4621 1724 4667 est
1770 4628 1993 4667 carnem

411 4700 675 4756 exaltavit
701 4701 887 4766 Deus;
946 4702 1131 4771 itaque
1174 4700 1479 4771 potentiam
1516 4700 1914 4771 impassibilem
1941 4710 1997 4756 et

413 4792 574 4860 plane
598 4790 881 4846 dominam
912 4792 1078 4847 etiam
1116 4794 1172 4848 in
1212 4809 1378 4848 carne
1430 4792 1850 4858 demonstravit,
1875 4809 1997 4863 qua:

411 4898 511 4951 per
540 4883 860 4952 passionem
896 4899 1117 4940 omnem
1140 4885 1393 4939 aboleret
1412 4884 1849 4953 corruptionem,
1868 4901 1995 4955 per-

409 4987 519 5041 que
561 4983 796 5027 mortem
830 4981 1051 5041 pareret
1077 4972 1467 5027 immortalem.
1498 4974 1713 5029 Rursus
1739 4982 1995 5044 tanquam

408 5078 608 5117 servus
638 5062 862 5117 Domini
922 5073 1109 5134 partes
1151 5064 1583 5131 administravit,
1623 5066 1797 5120 Deum
1846 5082 1904 5121 se
1940 5068 1995 5121 in

408 5165 638 5205 carnem
671 5150 990 5217 demittens,
1032 5153 1369 5209 inell‘abilem
1411 5154 1861 5211 humiliationem
1899 5156 1996 5211 de-

408 5241 663 5307 claravit,
690 5257 790 5312 per
824 5259 987 5313 quam
1038 5244 1315 5300 deillcavit
1378 5261 1555 5316 genus
1598 5255 1849 5302 nostrum
1875 5249 2000 5303 uni-

408 5347 655 5399 versum,
688 5335 742 5389 in
770 5352 933 5393 carne
962 5337 1211 5407 passibili
1234 5377 1249 5402 ,
1279 5338 1425 5408 quod
1453 5353 1550 5408 per
1583 5341 1996 5409 corruptionem

2116 3332 2290 3404 σαφὴς
2318 3331 2582 3403 ἐνεργοῦς
2612 3334 2762 3385 ἐστιν
2790 3328 3071 3394 ἀπόδειξις
3120 3328 3452 3394 διαθέσεως,
3479 3327 3576 3380 καὶ
3602 3324 3698 3395 τῆς

2113 3426 2253 3498 πρὸς
2280 3425 2408 3488 τοὺς
2436 3420 2763 3495 ὁμοδούλους
2787 3439 2847 3476 τε
2875 3421 2970 3475 καὶ
2999 3420 3218 3483 δούλους
3243 3421 3562 3490 τεκμήριον
3579 3433 3704 3484 συγ·

2112 3516 2486 3579 καταϐάσεως.
2553 3512 2832 3582 Δεσπότης
2874 3511 2985 3581 γάρ
3039 3511 3200 3581 φύσει
3246 3511 3564 3582 μεμένηκε,
3613 3507 3703 3561 καὶ

2110 3609 2297 3672 δοῦλος
2321 3608 2389 3661 δι’
2416 3607 2517 3678 ἐμὲ
2545 3605 2638 3659 τὸν
2668 3605 2831 3673 φύσει
2860 3602 3046 3656 δοῦλον
3071 3602 3398 3672 γενόμενος,
3429 3602 3522 3655 ἵνα
3552 3601 3704 3665 ποιήε-

2111 3717 2182 3774 σῃ
2202 3700 2251 3733 ⁵⁷
2281 3699 2550 3769 δεσπότην
2600 3695 2697 3750 τοῦ
2727 3696 2797 3750 δι’
2826 3695 3044 3763 ἀπάτης
3101 3693 3459 3765 τυραννικῶς
3490 3690 3707 3763 κυριεύ-

2111 3809 2325 3856 σαντος,
2353 3790 2444 3844 διά
2484 3788 2642 3842 τοῦτο
2665 3787 2736 3841 τά
2767 3785 2869 3857 μὲν
2902 3784 3127 3838 δουλικὰ
3162 3783 3522 3844 δεσποτικῶς
3557 3784 3707 3851 ἐνερ-

2108 3886 2244 3953 γῶν,
2280 3882 2530 3937 τουτέστι
2562 3879 2633 3934 τά
2681 3879 2925 3950 σαρκικὰ
2977 3876 3201 3941 θεῖκῶς,
3254 3875 3361 3947 τὴν
3395 3874 3591 3943 ἀπαθῆ
3618 3870 3707 3924 καὶ

2109 3976 2269 4045 φύσει
2322 3972 2698 4041 δεσπόζουίσαν
2743 3972 2801 4023 ἐν
2851 3970 2965 4032 τοῖς
3008 3969 3302 4035 σαρκικοῖς
3354 3966 3710 4019 ἐπεδείκνυτο

2106 4065 2357 4135 δύναμιν,
2384 4062 2572 4133 (109
2606 4063 2661 4128 a)
2694 4061 2784 4114 διά
2820 4060 3049 4125 πάθους,
3083 4058 3186 4131 τὴν
3238 4057 3467 4131 φθοράν
3513 4054 3707 4125 ἀφανί-

2106 4159 2327 4224 ζουσαν,
2385 4157 2481 4210 καὶ
2524 4154 2613 4207 διὰ
2645 4153 2875 4207 θανάτου
2926 4152 3073 4221 ζωὴν
3109 4152 3579 4223 δημιουργοῦσαν
3619 4151 3711 4202 ἀν-

2104 4249 2341 4320 ώλεθρον
2356 4247 2425 4310 ",
2455 4245 2523 4300 τά
2540 4244 2835 4298 δεσποτικὰ
2860 4244 2917 4297 δέ
2946 4243 3208 4312 πράττων
3230 4243 3539 4305 δουλικῶς,
3563 4257 3713 4294 τουτ-

2104 4344 2222 4393 έστι
2246 4337 2314 4390 τά
2347 4334 2467 4388 θεῖα
2526 4334 2571 4365 ⁸⁹
2623 4330 2925 4403 σαρκικῶς,
2960 4331 3060 4401 τὴν
3107 4331 3324 4399 ἄφατον
3370 4331 3716 4385 ἐνεδείκνυτο

2103 4431 2360 4490 κένωσιν,
2399 4425 2487 4480 διὰ
2548 4423 2756 4495 σαρκὸς
2801 4421 3056 4491 παθητῆς
3106 4420 3170 4474 τὸ
3220 4422 3397 4490 γένος
3447 4421 3603 4476 ἅπαν
3646 4419 3709 4488 τῇ

2104 4522 2280 4592 φθορᾷ
2309 4517 2515 4587 γεωθέν
2563 4513 2957 4583 θεουργοῦσαν.
2996 4514 3075 4584 Τῇ
3135 4514 3247 4585 γὰρ
3284 4514 3514 4567 τούτων
3545 4511 3713 4566 ἐπαλ-

2103 4613 2243 4682 λαγῇ
2277 4609 2464 4679 σαφῶς
2497 4606 2787 4660 ἐπιστοῦτο
2815 4605 2913 4668 τάς
2944 4623 3000 4658 τε
3037 4604 3234 4675 φύσεις
3268 4599 3353 4659 ὧν
3379 4606 3556 4668 αὐτὸς
3588 4603 3717 4656 ὑπό-

2105 4720 2292 4766 στασις
2343 4696 2433 4772 ἦν,
2491 4700 2587 4753 καὶ
2647 4699 2748 4762 τὰς
2799 4697 2980 4751 αὐτῶν
3027 4698 3319 4761 οὐσιῶδεις
3401 4698 3716 4770 ἐνεργείας,

2104 4796 2271 4866 ἤγουν
2301 4795 2564 4864 κινήσεις,
2596 4786 2672 4845 ὧν
2706 4791 2869 4854 αὐτὸς
2906 4788 3103 4853 ἐνωσις
3130 4785 3199 4861 ἦν
3232 4789 3593 4861 ἁσῦγχυτος,
3645 4788 3716 4858 μὴ

2101 4885 2365 4957 δεχομένη
2395 4884 2660 4955 διαίρεσιν
2694 4884 2814 4937 κατ’
2859 4882 3031 4953 ἄμφω
3060 4881 3162 4945 τὰς
3194 4882 3409 4951 φύσεις
3445 4876 3528 4937 ὧν
3558 4881 3719 4942 αὐτὸς

2104 4977 2400 5039 ὑπόστασις
2428 4970 2516 5042 ἦν,
2565 4973 2725 5045 εἴπερ
2777 4972 2955 5042 ἐαυτῷ
3006 4972 3320 5043 προσφυῶς
3382 4972 3719 5044 μοναδικῶς.

2103 5069 2382 5122 τουτέστιν
2423 5065 2672 5129 ἐνοειδῶς
2703 5064 2943 5137 ἐνεργῶν
2979 5065 3047 5129 ⁸⁸,
3078 5064 3175 5119 καὶ
3220 5065 3295 5118 δι’
3326 5066 3585 5121 ἑκάστου
3614 5062 3722 5119 τῶν

2106 5160 2197 5224 ὑπ’
2228 5155 2393 5212 αὑτοῦ
2432 5155 2733 5225 γινομένων
2768 5158 2834 5225 τῇ
2859 5155 3089 5225 δυνάμει
3122 5155 3227 5225 τῆς
3278 5156 3499 5210 ἑαυτοῦ
3532 5156 3719 5223 θεότη-

2104 5268 2195 5314 τος
2229 5247 2551 5318 ἁχωρίστως
2577 5248 2956 5315 συνεκφαίνων
2984 5246 3084 5315 τῆς
3112 5246 3336 5309 οἰκείας
3374 5247 3594 5318 σαρκὸς
3626 5246 3721 5316 τὴν

2106 5342 2407 5411 ἐνέργειαν.
2444 5336 2620 5391 Αὐτοῦ
2658 5337 2767 5408 γάρ
2807 5338 2926 5401 ἐνὸς
2952 5337 3108 5400 ὄντος
3151 5337 3320 5391 οὐδὲν
3352 5340 3719 5410 ὲνικώτερον,

472 5468 680 5527 ‘Joau.
709 5486 781 5535 IV,
806 5472 838 5524 6
871 5490 884 5537 ;
919 5472 1118 5526 Matth.
1156 5474 1339 5541 tv,.2;
1373 5475 1532 5531 Joan.
1567 5492 1677 5541 xxx,
1707 5475 1806 5543 28;
1829 5479 1963 5543 Luc,
2008 5499 2015 5535 ι

2120 5497 2159 5542 ι,
2188 5480 2293 5542 δϐς
2326 5477 2486 5532 Joan.
2515 5492 2588 5537 xi,
2614 5476 2701 5529 55.

1697 5590 1782 5648 VA
1795 5592 1936 5648 RI/E
1970 5591 2372 5648 LECTION‘ES.
2468 5588 2485 5597 ’

474 5665 895 5756 οζάνθροτιζτίινηὴν
925 5675 1031 5756 ρει.
1051 5675 1208 5756 ιδῃ..
1270 5685 1635 5756 ⁸⁵δαπανήσει
1660 5691 1748 5746 ed.
1778 5689 1899 5743 Gal.
1975 5690 2015 5720 ⁵⁸

2117 5709 2182 5751 ως
2207 5689 2329 5743 cod.
2385 5689 2526 5743 Gud.

1323 5758 1365 5787 ‘°
1396 5757 1453 5809 In
1479 5758 1598 5811 cod.
1630 5760 1773 5819 Gud.
1809 5758 2071 5827 scriptum
2100 5763 2337 5831 ἐνήργει,
2389 5760 2481 5813 sed
2516 5759 2705 5815 eadem
2744 5757 2939 5815 manus
2968 5760 3171 5816 litteris
3200 5762 3605 5834 superpositis
3633 5757 3720 5813 re-

324 5780 329 5785 .
390 5736 478 5790 ed.
510 5733 658 5802 GQ’._
722 5738 766 5767 ⁵⁸
795 5733 967 5797 Οεῖκᾶ
993 5743 1084 5794 ed.
1113 5745 1231 5802 Gal.

380 5800 610 5871 scripsit
641 5799 882 5871 ἐνεργῶν,

2630 5692 2673 5721 ⁵⁷
2738 5691 2957 5759 ποιήσει
2987 5690 3077 5744 ed.
3112 5690 3239 5746 Gal.
3340 5692 3391 5724 "
3421 5688 3721 5758 ἁνόλεθρον

3904 2981 3911 3259 1

3906 3322 3911 3469 φ
