4008 6194
310 188 445 255 1M5

1540 193 2056 263 AMBIGUURUM
2097 206 2348 264 LIBER.

3428 211 3574 281 1036'

303 303 411 355 οὐδ’
442 299 607 356 αὑτοῦ
642 300 800 355 πάλιν
832 299 937 354 τῶν
969 301 1164 354 ἑαυτοῦ
1194 302 1473 367 παντελῶς
1501 304 1825 376 ὲνικώτερον
1853 307 1886 377 ἢ

1994 309 2044 363 ἱη
2075 319 2321 365 terrenas
2342 311 2535 367 sordes
2567 313 2726 382 plane
2780 312 3231 384 degeneraverat.
3268 319 3378 373 liae
3418 321 3583 374 ριιίιιι.

304 391 740 462 σωστικώτερον.
773 391 871 444 Διὰ
893 390 1052 444 τοῦτο
1084 392 1181 444 καὶ
1210 393 1437 462 πάσχων
1474 394 1607 456 Θεὸς
1650 391 1718 465 ἦν
1751 397 1885 466 ἁλη-

303 486 436 549 θῶς,
473 486 569 538 καὶ
598 483 1031 555 θαυματουργῶν
1068 484 1356 553 ἄνθρωπος
1389 480 1456 556 ἦν
1487 487 1514 539 ό
1542 487 1708 550 αὐτὸς
1755 489 1888 559 ἀλη-

303 577 436 641 θῶς,
470 579 553 631 ὅτι
597 578 693 630 καὶ
747 576 963 644 φύσεων
999 576 1216 646 ἀληθῶν
1250 578 1373 631 καθ’
1415 579 1612 632 ἕνωσιν
1649 578 1886 650 ἄρῤητον

305 671 607 734 ὑπόστασις
633 665 702 740 ἦν
732 669 958 739 ἀληθής.
988 665 1086 731 Ai;
1113 650 1468 740 καταλλήλώς
1495 689 1555 724 τε
1589 671 1684 724 καὶ
1717 689 1888 741 προσ-

306 758 459 827 φυῶς
483 758 719 827 ἐνεργῶν
745 758 1020 812 ἐδείκνυτο
1053 757 1242 822 σώζων
1272 759 1444 822 αὑτὰς
1473 759 1690 830 ἀληθῶς
1715 761 1886 830 ἁσυγο

307 849 508 919 χὺτους
543 850 587 881 ⁸⁸
625 849 932 920 σωζόμενος
962 867 976 880 ·
1028 851 1188 920 εῐπερ
1217 851 1434 920 ἀπαθὴς
1470 853 1747 923 μεμένηκε
1783 853 1888 922 φύ-

309 958 392 994 σει
429 942 523 995 καὶ
555 942 819 1011 παθητὸς,
868 932 1134 1006 ἀθάνατος
1177 945 1272 997 καὶ
1305 945 1517 1013 θνητὸς,
1553 946 1748 1015 όρατὸς
1796 946 1889 998 καὶ

309 1033 619 1103 νοούμενος,
648 1035 724 1096 ὼς
756 1035 919 1104 φύσει
945 1034 1080 1098 Θεὸς
1115 1036 1208 1088 καὶ
1236 1035 1396 1105 φύσει
1421 1037 1707 1107 ἄνθρωπος
1739 1039 1767 1091 ὁ
1792 1039 1892 1092 αὑ-

308 1124 422 1186 τός.
453 1124 609 1177 Οὕτω
632 1125 677 1157 ⁶²
709 1125 810 1194 μὲν
838 1121 951 1188 οὖν,
992 1128 1111 1180 κατ’
1143 1127 1242 1196 ἐμὲ
1289 1128 1477 1195 φάναι,
1499 1130 1637 1199 τιμᾷ
1664 1129 1764 1199 τὴν
1791 1129 1890 1182 ὑπ·

311 1217 481 1286 ακοὴν
501 1217 530 1268 ὁ
560 1216 722 1284 φύσει
747 1218 1045 1288 Δεσπότης,
1063 1219 1157 1272 καὶ
1187 1219 1444 1288 πειρᾶται
1477 1218 1681 1289 ταύτης
1703 1221 1767 1272 ἐκ
1794 1219 1888 1272 τοῦ

313 1308 534 1372 παθεῖν,
566 1309 663 1377 οὐχ
693 1308 782 1361 ἵνα
811 1307 960 1380 σώσῃ
986 1309 1031 1340 ⁸³
1066 1310 1228 1379 μόνον
1260 1311 1374 1372 τοῖς
1402 1310 1597 1363 ἑαυτοῦ
1624 1311 1722 1380 τὴν
1748 1310 1891 1364 ἄπα·

316 1417 416 1452 σαν
447 1399 609 1468 φύσιν
637 1399 998 1472 άποκαθάρας
1035 1401 1080 1433 ⁸⁸
1113 1402 1209 1455 τοῦ
1244 1403 1508 1474 χείρονος,
1539 1403 1654 1456 ἀλλ’
1684 1403 1770 1456 ἵνα
1800 1405 1891 1455 καὶ

313 1491 410 1561 τὴν
433 1493 712 1562 ἡμετέραν
741 1492 986 1564 ὑπακοὴν
1010 1494 1305 1564 δοκιμάσῃ,
1333 1495 1617 1565 μανθάνων
1637 1498 1702 1565 τῇ
1727 1486 1892 1565 πείρᾳ

313 1582 423 1636 τῶν
456 1583 742 1655 ἡμετέρων
771 1583 839 1638 τὰ
882 1585 1008 1639 καθ’
1043 1587 1211 1656 ἡμᾶς,
1253 1588 1281 1640 ό
1309 1588 1490 1640 πᾶσαν
1518 1587 1720 1656 γνῶσιν
1749 1586 1890 1656 τῇνσσ

316 1674 477 1743 φύσει
510 1677 890 1746 περιγράφων,
927 1677 1112 1748 (109
1151 1679 1201 1747 ὁ)
1257 1678 1426 1731 πόσον
1477 1679 1576 1748 μὲν
1631 1678 1893 1732 ἀπαιτούο
1925 1659 1966 1714 Β

320 1767 480 1834 μεθα,
507 1767 670 1819 πόσον
697 1767 752 1819 δὲ
784 1769 1220 1839 συγχωρούμεθα
1247 1770 1382 1840 πρὸς
1398 1770 1498 1841 τὴν
1526 1771 1738 1824 τελείαν
1769 1771 1895 1824 ὑποο

316 1859 511 1928 ταγὴν,
551 1859 618 1912 δι’
649 1856 718 1932 ἦς
750 1863 1048 1930 προσάγειν
1086 1861 1297 1929 πέφυκε
1331 1862 1410 1932 τῷ
1434 1863 1608 1933 Πατρὶ
1631 1863 1758 1926 τοὺς
1789 1880 1894 1916 σω-

318 1948 602 2019 ζομένους,
631 1953 752 2004 κατ’
781 1952 943 2004 αὑτὸν
970 1953 1242 2021 φανέντας
1267 1957 1330 2024 τῇ
1357 1955 1585 2022 δυνάμει
1617 1955 1718 2025 τῆς.
1746 1956 1894 2028 χάρι-

317 2060 430 2105 τος.
464 2045 551 2105 Ὠς
585 2045 726 2113 μέγα
769 2046 862 2098 καὶ
914 2046 1142 2116 φρικτὸν
1189 2047 1360 2110 ὅντως
1383 2047 1447 2099 τὸ
1477 2048 1576 2118 τῆς
1605 2047 1760 2118 ἡμῶν
1790 2066 1896 2102 σω-

317 2133 513 2202 τηρίας
549 2136 871 2205 μυστήριον.
917 2136 1323 2207 ’Λπαιτούμεθα
1358 2139 1466 2208 γὰρ
1519 2141 1641 2192 ὅσον
1688 2141 1895 2204 ἐκεῖνος

319 2224 481 2293 φύσει
507 2225 568 2278 τὸ
591 2228 636 2257 ⁸⁸
662 2227 784 2280 καθ’
813 2229 977 2298 ἡμᾶς,
1015 2230 1449 2301 συγχωρούμεθα
1481 2232 1535 2284 δὲ
1567 2233 1690 2285 ὅσον
1733 2233 1894 2298 αὐτὸς

320 2317 461 2386 ὑπὲρ
487 2319 632 2388 ἡμᾶς
658 2318 846 2372 ἑνώσει
872 2321 930 2372 τὸ
957 2321 1077 2373 καθ’
1110 2323 1256 2390 ἡμᾶς
1279 2323 1342 2374 ⁵⁷.
1373 2323 1435 2375 Ei
1462 2324 1642 2393 μήπου
1671 2323 1895 2394 γνώμης

319 2409 807 2480 φιλαμαρτὴμονος
836 2412 948 2475 ἕξις
990 2415 1223 2466 ποιεῖται
1261 2415 1459 2478 κακίας
1508 2413 1639 2484 ὓλην
1669 2415 1765 2483 τῆς
1797 2415 1898 2484 φύ-

321 2517 459 2564 σεως
482 2501 582 2570 τὴν
602 2502 907 2559 ἀσθένειαν.
935 2503 1043 2556 Καὶ
1070 2504 1228 2573 δῆλός
1267 2507 1383 2558 ἐστι
1414 2505 1615 2575 ταύτης
1636 2505 1896 2576 ὑπάρχων

318 2590 419 2658 τῆς
449 2590 655 2653 ἐννοίας
681 2591 709 2642 ὁ
738 2591 905 2654 πολὺς
936 2586 1092 2654 οὗτος
1117 2593 1459 2658 διδάσκαλος,
1492 2597 1604 2657 τοῖς
1632 2594 1896 2664 ὲξῆςαύ-

321 2680 418 2749 τὴν
445 2680 700 2750 βεϐαιῶν.
747 2684 885 2752 Φησὶ
916 2683 1025 2754 γάρ
1055 2700 1067 2712 ·
1105 2704 1123 2734 ι
1164 2686 1224 2738 Εἰ
1267 2686 1375 2756 γὰρ
1404 2686 1465 2738 τὸ
1505 2685 1620 2754 φῶς
1666 2685 1894 2758 ἐδιώχθη

320 2772 408 2824 διὰ
433 2773 492 2824 τὸ
521 2774 837 2844 πρόϐλημα,
873 2779 1066 2844 φαῖνον
1095 2779 1152 2829 ἐν
1181 2780 1246 2846 τῇ
1282 2777 1494 2848 σκοτίᾳ,
1530 2779 1608 2849 τῷ
1640 2777 1740 2849 βίῳ
1775 2779 1898 2832 τού.

318 2881 417 2935 τῳ,
452 2865 557 2917 ὑπὸ
603 2867 702 2936 τῆς
737 2866 904 2938 ἄλλης
940 2868 1164 2932 σκοτίας
1206 2869 1273 2933 ⁸⁸,
1325 2867 1420 2920 τοῦ
1467 2867 1707 2939 πονηροῦ
1753 2869 1898 2937 λέγω

1989 402 2487 458 communicatione
2513 405 2913 474 proprietatum
2940 418 3158 463 constat
3199 408 3324 465 eum
3363 419 3570 481 etpos-

1988 489 2196 547 s'edissc
2229 501 2478 559 naturas,
2508 512 2737 564 quarum
2786 500 3096 570 hypostasis
3147 513 3264 557 erat
3319 504 3453 573 ipse,
3513 514 3569 558 et

1987 584 2306 639 earumdem
2330 588 2656 643 essentiales
2703 593 3057 659 Operationes
3087 604 3406 664 motusque,
3435 613 3572 665 quo-

1992 690 2113 728 rum
2145 674 2280 744 ipse,
2312 676 2430 730 sine
2453 678 2798 743 confusione,
2844 692 2966 736 erat
3004 684 3202 748 unitio,
3235 694 3289 739 et
3343 685 3567 754 quidem

1995 765 2119 820 talis
2160 782 2281 835 qua:
2333 769 2638 822 secundum
2710 780 2936 826 naturas
2991 774 3044 826 in
3103 791 3169 829 eo
3231 776 3572 846 hypostatiee

1990 853 2321 912 eisistentes
2347 860 2550 914 nullam
2588 862 2812 930 caperet
2861 864 3212 919 divisionem.
3243 867 3404 921 Certe
3439 885 3572 936 ope-

1991 958 2143 1004 ratus
2167 959 2252 1004 est
2275 961 2646 1021 congruenter
2675 953 2781 1006 sibi
2835 954 2960 1023 ipsi,
3026 973 3133 1011 una
3165 967 3221 1012 et
3282 958 3578 1012 uniformis

1990 1046 2110 1093 erat
2139 1040 2321 1094 omnis
2345 1042 2466 1111 ejus
2491 1043 2634 1096 actio
2657 1060 2671 1108 ;
2698 1044 2753 1097 in
2785 1059 3120 1115 unoquoque
3142 1056 3237 1116 per
3259 1065 3384 1102 eum
3407 1065 3574 1119 aperte

1990 1132 2140 1187 edito
2179 1149 2288 1186 una
2322 1148 2446 1188 cum
2485 1134 2709 1190 deitatis
2765 1137 3013 1204 potentia
3044 1138 3208 1192 simu?
3258 1139 3577 1194 declarabat

1991 1223 2230 1293 propria:
2253 1224 2434 1279 carnis
2463 1225 2883 1295 operationem;
2925 1243 3066 1282 unus
3089 1230 3297 1298 quippe
3330 1239 3469 1293 erat,
3521 1244 3577 1283 et

1992 1329 2060 1368 eo
2086 1329 2198 1368 uno
2222 1315 2357 1368 nihil
2394 1317 2575 1385 potuit
2617 1317 2790 1386 magis
2819 1332 2940 1371 esse
2997 1335 3190 1383 untxm,
3248 1335 3351 1374 nec
3385 1335 3576 1374 eorum

1992 1422 2114 1476 quae
2140 1405 2207 1460 ad
2239 1421 2364 1460 eum
2395 1407 2746 1475 pertinebant
2775 1409 2948 1478 magis
2972 1409 3242 1462 unitivum
3271 1417 3325 1463 et
3351 1425 3577 1465 conser-

1992 1498 2262 1562 vativum,
2302 1498 2536 1567 ideoque
2565 1508 2620 1553 et
2651 1500 2745 1569 qni
2793 1500 3110 1570 patiebatur
3157 1502 3302 1554 Deus
3331 1511 3450 1554 erat
3484 1518 3572 1555 re-

1996 1597 2229 1652 vera,et
2267 1589 2362 1657 qui
2407 1591 2674 1644 miracula
2727 1590 2979 1659 patrabat
3035 1607 3144 1644 non
3206 1591 3389 1646 minus
3449 1608 3580 1645 vere

1998 1677 2141 1732 idem
2171 1679 2338 1732 homo
2364 1679 2490 1743 fuit,
2527 1680 2788 1749 quoniam
2840 1681 2895 1734 in
2943 1697 3010 1735 eo
3063 1689 3275 1734 naturae
3304 1697 3446 1734 vene
3481 1697 3582 1750 per

1994 1770 2257 1825 unionem
2285 1771 2624 1826 ineﬂ‘abilcm
2651 1773 3057 1843 hypostaticam
3112 1788 3242 1827 vere
3307 1774 3576 1826 unielzan-

1996 1871 2105 1918 tur.
2137 1861 2253 1928 His,
2283 1863 2533 1932 inquam,
2578 1865 2827 1934 apposite
2879 1874 2934 1918 et
2983 1874 3353 1935 congruenter
3387 1881 3580 1932 opera-

1996 1963 2084 2010 tus
2115 1954 2264 2024 ipsas
2291 1969 2422 2010 vere
2452 1957 2830 2019 conservabit,
2859 1956 2976 2026 ipse
3012 1956 3234 2011 interim
3283 1956 3404 2010 sine
3442 1972 3580 2009 cons

1995 2047 2212 2102 fusione
2247 2061 2602 2117 permanens.
2633 2047 2764 2101 Erat
2789 2048 2938 2102 enim
2988 2058 3043 2104 ct
3095 2056 3288 2102 natura
3323 2047 3580 2116 impassi~

1995 2137 2126 2192 bilis
2153 2146 2209 2192 et
2232 2137 2532 2207 passibilis,
2574 2138 2908 2194 immortalis
2939 2148 2990 2193 et
3041 2139 3312 2204 mortalis,
3340 2137 3582 2192 visibilis

1996 2237 2053 2284 et
2093 2229 2480 2300 intelligibilis,
2510 2238 2708 2284 natura
2729 2230 2875 2284 Deus
2905 2238 2960 2284 et
2980 2229 3124 2284 idem
3163 2237 3360 2284 natura
3389 2229 3577 2283 homo.

1996 2321 2114 2375 Hoc
2144 2321 2330 2388 modo,
2361 2321 2589 2390 utquod
2623 2336 2725 2392 ego
2753 2321 2933 2376 sentio
2958 2322 3172 2392 loquar,
3203 2321 3580 2376 obedientiam

1997 2413 2053 2468 in
2078 2414 2290 2477 honore
2323 2411 2490 2467 allicit
2540 2413 2828 2478 Dominus,
2887 2422 2943 2468 et
2991 2415 3113 2484 ejus
3175 2412 3580 2483 experientiam

1996 2505 2372 2576 perpetiendis
2398 2505 2558 2560 malis
2585 2505 2754 2575 capit,
2792 2520 2903 2560 non
2930 2515 3141 2560 tantum
3177 2515 3236 2560 ut
3266 2505 3578 2565 salvetnos,

1999 2607 2166 2652 totam
2203 2612 2233 2650 a
2259 2596 2395 2651 vitio
2425 2596 2715 2668 purgando
2745 2602 3023 2659 naturam,
3063 2610 3255 2650 verum
3307 2595 3473 2649 etiam
3517 2606 3597 2647 uta

1997 2686 2246 2750 exploret
2278 2693 2524 2740 nostram
2551 2683 2949 2747 obedientiam,
2980 2692 3040 2738 et
3059 2692 3248 2738 nostra
3285 2681 3574 2746 omniain-

1999 2779 2208 2848 telligat
2231 2775 2590 2847 experiendo,
2625 2777 2719 2846 qui
2754 2775 2891 2830 alias
2940 2790 3159 2830 omnem
3203 2775 3582 2845 cognitionem

1998 2883 2097 2923 sua
2144 2874 2343 2922 natura
2383 2867 2808 2936 complectitur;
2848 2868 2923 2922 ita
2959 2868 3226 2922 nimirum
3278 2867 3581 2937 dispiceret-

320 2957 415 3009 καὶ
452 2955 545 3009 τοῦ
574 2959 896 3029 πειραστοῦ,
933 2959 993 3013 τὸ
1021 2959 1214 3025 σκότος
1257 2961 1444 3026 πόσον,
1471 2960 1546 3024 ώς
1576 2960 1896 3014 ἀσθενέστε-

1999 2967 2266 3031 quantum
2291 2967 2347 3014 et
2373 2975 2404 3014 a
2437 2958 2598 3014 nobis
2618 2959 2761 3030 exigi
2799 2975 3020 3029 aequum
3047 2959 3208 3022 foret,
3230 2969 3287 3013 et
3307 2965 3585 3029 quantum

321 3067 444 3120 ρον;
486 3053 594 3106 Καὶ
619 3054 672 3106 τι
701 3053 1037 3125 θαυμαστὸν,
1065 3055 1114 3108 εἱ
1142 3055 1354 3108 ἐκείνου
1385 3055 1739 3123 διαφυγόντος
1763 3071 1897 3107 παν-

316 3142 558 3197 τάπασιν
592 3145 752 3215 ἡμεῖς
800 3146 981 3209 ποσῶς
1031 3146 1513 3216 καταληφθεὶημεν
1560 3147 1646 3211 ⁶⁹;
1694 3143 1897 3207 Μεῖζον

317 3233 428 3305 γὰρ
456 3235 650 3305 ἐκείνῳ
675 3236 737 3289 τὸ
763 3235 1062 3307 διωχθῆναι
1087 3239 1155 3301 ⁷ο,
1188 3237 1332 3308 ἥπερ
1363 3237 1496 3307 ἡμῖν
1544 3235 1608 3288 τὸ
1650 3234 1896 3303 καταλη-

317 3325 543 3395 φθῆναι,
579 3328 726 3397 παρὰ
755 3331 869 3392 τοῖς
908 3328 1084 3400 ὀρθῶς
1116 3329 1292 3383 ταῦτα
1322 3329 1746 3399 λογιζομένοις.»

2000 3052 2325 3118 condonari,
2370 3051 2436 3106 ad
2484 3050 2784 3121 perfectam
2836 3051 3250 3118 obedientiam;
3297 3066 3394 3121 per
3433 3051 3584 3104 hanc

1999 3145 2148 3199 enim
2176 3157 2275 3198 eos
2305 3159 2407 3198 suo
2444 3143 2590 3198 Patri
2615 3142 2890 3197 adducere
2917 3143 3057 3198 solet
3094 3143 3188 3212 qui
3222 3142 3399 3197 salute
3424 3141 3577 3210 digni

2001 3234 2358 3289 videbantur.
2390 3234 2563 3300 Quam
2614 3249 2895 3304 magnum,
2941 3249 3105 3303 quam
3164 3249 3296 3289 vere
3331 3243 3583 3288 tremen-

2003 3325 2134 3380 dum
2171 3333 2258 3380 est
2286 3334 2488 3380 nostra:
2541 3326 2735 3380 salutis
2765 3325 3126 3398 mysterium!
3161 3325 3397 3379 Tantum
3428 3340 3457 3378 a
3481 3339 3586 3378 no—

321 3419 405 3472 bis
466 3419 704 3489 exigitur
765 3431 1034 3491 quantum
1081 3421 1150 3476 ab
1198 3422 1318 3490 ipso
1379 3421 1434 3474 in
1475 3429 1665 3474 nostra
1689 3430 1888 3474 natura
1926 3418 2252 3472 constituto.
2315 3417 2431 3471 Nisi
2485 3417 2628 3472 forte
2667 3419 2763 3472 ubi
2809 3419 3110 3473 voluntatis
3171 3417 3238 3472 ad
3288 3425 3583 3487 peceatum

321 3525 512 3580 prona:
541 3510 826 3567 inclinatio
864 3521 1074 3568 natura:
1121 3512 1499 3568 imbecillitate
1533 3512 1600 3566 ad
1657 3513 1787 3566 mali
1847 3509 2196 3564 occasionem
2253 3508 2539 3564 abutatur.
2607 3511 2781 3581 Hujus
2823 3511 3099 3581 opinionis
3151 3511 3445 3564 manifesto
3496 3517 3582 3564 est

320 3618 551 3673 magnus
583 3605 674 3660 hic
704 3605 987 3676 magister,
1024 3621 1259 3675 eamque
1326 3605 1383 3658 in
1443 3604 1807 3674 sequentibus
1843 3601 2152 3656 conﬁrmat.
2186 3619 2204 3651 ‹
2242 3600 2375 3656 Nam
2415 3618 2540 3657 cum
2593 3603 2772 3656 lucem
2833 3602 2979 3655 illam
3030 3608 3260 3670 propter
3329 3600 3581 3670 corporis

321 3703 701 3764 tegumentum
735 3698 790 3752 in
818 3698 1084 3762 tenebris,
1135 3698 1240 3752 hoc
1289 3707 1374 3754 est
1421 3698 1477 3751 in
1513 3697 1617 3752 hac
1643 3695 1780 3758 vita,
1823 3696 2038 3757 lucens,
2069 3693 2314 3748 tenebrae
2376 3693 2518 3757 alite,
2587 3694 2694 3749 boe
2742 3701 2826 3748 est
2888 3709 3090 3763 pravus
3121 3693 3212 3747 ille
3237 3701 3292 3746 et
3331 3701 3573 3746 tentator

323 3789 623 3844 insectatus
656 3791 749 3854 sit,
781 3799 990 3860 quanto
1028 3789 1202 3860 magis
1228 3789 1485 3845 tenebras
1510 3789 1677 3858 ipsas,
1703 3794 1900 3856 utpote
1942 3784 2314 3839 inﬁrmiores?
2377 3785 2445 3839 Et
2478 3785 2611 3854 quid
2651 3785 2876 3848 mirum,
2920 3784 2964 3838 si
3019 3799 3144 3838 cum
3199 3784 3288 3838 ille
3346 3783 3579 3836 hostiles

323 3884 550 3952 laqueos
579 3884 806 3939 omnino
834 3883 1112 3956 eti‘ugerit,
1172 3899 1276 3939 nos
1309 3884 1716 3954 quadamtenus
1780 3879 2353 3950 comprehendamur?
2403 3878 2575 3949 Majus
2639 3878 2843 3950 quippe
2887 3878 2967 3932 illi
3023 3885 3129 3942 est,
3191 3876 3338 3947 quod
3405 3877 3579 3931 hostis

319 3986 449 4025 eum
482 3980 807 4041 persecutus
845 3973 937 4032 sit,
982 3988 1146 4043 quam
1185 3973 1370 4039 nobis,
1433 3973 1584 4044 quod
1617 3987 1720 4028 nos
1751 3975 2082 4039 assequatur
2151 3976 2315 4038 atque
2365 3969 2821 4039 comprehendat,
2864 3968 3010 4039 apud
3073 3984 3170 4024 eos
3229 3968 3420 4038 utique
3480 3969 3596 4038 qui-

323 4061 442 4115 haec
465 4068 614 4116 recta
635 4060 856 4116 ratione
887 4063 1257 4132 perpendunt.
1290 4082 1308 4114 ι
1927 4083 1933 4090 ·

323 4240 429 4304 Εις
459 4237 574 4304 τὴν
609 4237 759 4306 πρὸς
797 4238 982 4292 Γάϊον
1011 4238 1118 4292 τὸν
1147 4237 1521 4306 θεραπευτὴν
1563 4239 1896 4307 ἐπιστολὴν

1994 4239 2059 4294 1η
2115 4238 2394 4310 epistolam
2447 4237 2500 4292 S.
2566 4236 2803 4306 Dionysii
2866 4235 3188 4305 4reopagilce
3246 4239 3583 4310 Athenarum

393 4328 502 4382 τοῦ
529 4328 572 4359 ⁷¹
615 4329 933 4382 Διονυσίου
955 4329 1059 4382 τοῦ
1088 4329 1530 4398 Ἀρεοπαγίτου,
1557 4329 1896 4384 ἐπισκόπου

2064 4329 2290 4400 episwpi
2317 4328 2386 4380 ad
2409 4325 2599 4382 Caium
2636 4328 2968 4380 monacham.
3003 4343 3022 4376 ι
3059 4303 3348 4392 Quomodo,
3379 4329 3574 4398 inquis.

406 4418 690 4486 Ἀθηνῶνο
730 4438 748 4470 t
796 4418 945 4485 Πῶς,
977 4420 1119 4489 φὴς,
1157 4419 1409 4487 Ἰησοῦς,
1451 4424 1483 4475 ὁ
1519 4420 1760 4474 πάντων
1795 4421 1896 4473 ἐπ-

2064 4422 2235 4484 Jesus,
2266 4422 2356 4491 qui
2395 4427 2470 4473 est
2513 4419 2750 4472 omnibus
2797 4420 3058 4489 superior,
3092 4419 3148 4472 in
3194 4419 3428 4472 eumdem
3458 4437 3582 4472 cum

393 4512 620 4574 ἐκεινα,
669 4509 862 4568 πᾶσιν
899 4512 1229 4578 ἀνθρώποις
1268 4514 1442 4566 ἐστὶν
1494 4514 1539 4544 ’⁸
1592 4512 1896 4577 οὐσιωδῶς

2067 4514 2266 4568 casteria
2297 4511 2590 4566 hominibus
2638 4511 2876 4564 essentia:
2908 4498 3145 4564 ordinem
3182 4511 3419 4566 redactus
3453 4515 3578 4565 est?

394 4603 908 4676 συντεταγμένος;
963 4603 1116 4658 Οὐδὲ
1153 4610 1262 4673 γὰρ
1314 4605 1395 4670 ὡς
1437 4604 1626 4670 αἴτιος
1676 4604 1896 4672 ἀνθρώ-

2066 4603 2245 4673 Neque
2277 4601 2416 4655 enim
2458 4602 2551 4655 hoc
2583 4601 2637 4654 in
2681 4599 2792 4653 Ioco
2825 4608 3082 4670 tanquam
3111 4617 3274 4655 causa
3307 4603 3580 4655 hominum

396 4710 525 4746 πων
555 4693 768 4747 ἐνθάδε
795 4693 1033 4764 λέγεται
1071 4695 1402 4762 ἄνθρωπος,
1433 4694 1572 4748 ἀλλ’
1604 4695 1683 4761 ὡς
1717 4697 1896 4760 αὐτὸς

2068 4694 2450 4758 consideratur,
2486 4693 2576 4748 sed
2618 4699 2675 4745 ut
2709 4709 2802 4762 per
2841 4694 3120 4746 essentiam
3158 4702 3321 4747 totam
3363 4710 3417 4747 re
3461 4695 3579 4764 ipsa

394 4782 526 4836 κατ’
551 4784 773 4837 οὐσίαν
793 4784 949 4850 ὅλην
981 4784 1224 4851 ἀληθῶς
1262 4783 1563 4852 ἄνθρωπος
1599 4783 1701 4838 ὢν.
1736 4803 1753 4836 ι
2063 4787 2238 4842 homo.
2272 4805 2290 4836 ι

408 4891 623 4962 Ἐπειδὴ
648 4895 788 4947 κατὰ
824 4894 924 4964 τὴν
960 4895 1141 4963 ἁπλῆν
1173 4893 1400 4965 ἐκδοχὴν
1435 4895 1534 4964 τῆς
1569 4895 1734 4962 ἁγίας
1763 4896 1896 4965 Γρα-

2067 4897 2523 4966 Quandoquidem
2556 4897 2860 4952 secundum
2891 4899 3195 4967 simplicem
3230 4914 3398 4953 sacrae
3435 4897 3582 4952 Seri.

325 4981 452 5053 φῆς,
487 4982 562 5047 ώς
591 4984 812 5039 πάντων
836 4985 1008 5050 αἴτιος
1036 4987 1064 5038 ό
1101 4985 1234 5049 Θεὸς
1267 4988 1400 5039 πᾶσι
1429 4987 1756 5056 σημαίνεται
1786 4991 1896 5051 τοῖς

1997 4997 2172 5058 ptura:
2199 4986 2563 5055 intellectum,
2585 4989 2730 5044 Deus
2755 4990 2921 5044 etiam
2951 4989 3339 5045 denominatus
3364 4991 3432 5044 ab
3458 5006 3577 5045 om-

1591 5141 1820 5198 VARI/E
1861 5143 2260 5200 LECTIONES.

395 5251 439 5329 ‘_‘
471 5251 775 5329 ἀσόγχυτος
793 5254 882 5329 ed.
902 5254 1084 5329 Gal.__
1119 5255 1379 5329 ’ξοδτως
1410 5258 1497 5311 ed.
1530 5257 1656 5329 Gal._
1726 5259 1770 5329 οξ
1804 5257 1952 5329 σώζῃ
1981 5258 2070 5312 ed.
2106 5259 2224 5329 Gal.
2318 5258 2361 5289 “
2397 5259 2767 5329 ἀποκαθείρας
2801 5259 2888 5313 ed.
2926 5260 3043 5314 Gal.

323 5320 443 5402 Gal.
521 5322 567 5354 “
590 5320 669 5392 τῷ
699 5324 788 5376 ed.
820 5324 940 5379 Gal.
1040 5326 1084 5357 ⁸⁷
1141 5326 1318 5380 Verba
1378 5327 1807 5450 συγχωρούμεθα
1833 5359 1902 5368 —-
1923 5320 1997 5368 ἶ-
2024 5330 2084 5380 τὸ
2115 5328 2232 5380 καθ’
2265 5330 2430 5397 ἡμᾶς,

326 5407 410 5444 sui
436 5408 503 5445 ex
533 5393 655 5447 cod.
692 5393 834 5448 Gud.
913 5395 956 5426 ⁶⁸
986 5396 1234 5450 σκοτείας
1269 5396 1356 5450 ed.
1406 5397 1479 5450 (ia
1512 5439 1522 5450 .
1621 5398 1664 5428 δ’
1689 5398 1782 5450 καὶ
1825 5397 2307 5450 καταληφθεὶηιιεν
2336 5398 2423 5450 ed.

326 5393 410 5444 sui
436 5408 503 5445 ex
533 5393 655 5447 cod.
692 5393 834 5448 Gud.
913 5395 956 5426 ⁶⁸
986 5396 1234 5457 σκοτείας
1269 5396 1356 5450 ed.
1406 5393 1522 5450 (ial'.

328 5459 480 5515 addit
503 5461 590 5515 ed.
624 5463 742 5517 Gal.
841 5466 884 5496 ⁷²
917 5466 1062 5517 ἐστὶν
1094 5466 1398 5517 ἀνθρώποις
1425 5468 1512 5517 ed.

403 5584 478 5655 (5)
512 5585 732 5657 Dinnys.
761 5587 960 5658 Areop.
994 5588 1166 5658 Epist.
1224 5590 1288 5643 ad
1316 5590 1531 5654 Gaium,
1568 5601 1697 5644 tom.
1739 5593 1779 5656 Ι,
1818 5608 1870 5660 p.
1919 5592 2040 5656 593i,
2072 5591 2204 5661 tlpp.
2244 5593 2308 5644 ed
2376 5591 2566 5645 Venet.

3136 5261 3178 5292 “
3210 5263 3275 5330 τῇ
3327 5278 3436 5314 orn.
3483 5261 3574 5314 ed.

2502 5345 2582 5384 me
2610 5317 2995 5384 desiderantur
3039 5331 3089 5382 in
3126 5331 3213 5384 ed.
3251 5317 3393 5388 ἶῖειΙ..
3423 5347 3582 5399 ιϊιιςι-

1621 5398 1664 5472 f’
1689 5398 1782 5450 καὶ
1825 5397 2307 5468 καταληφθεὶημεν
2336 5398 2423 5452 ed.
2471 5397 2587 5453 Gal.
2673 5399 2716 5429 ⁷ο
2752 5400 3003 5472 δοχθῆναι
3039 5401 3125 5455 ed.
3159 5401 3275 5455 Gal.
3350 5403 3390 5431 ⁷⁸
3428 5397 3582 5468 ἁγίου

841 5466 884 5496 ⁷³
917 5466 1062 5517 ἐστὶν
1094 5466 1398 5534 ἀνθρώποις
1425 5468 1512 5520 ed.
1541 5467 1658 5520 Gal.
