4008 6194
431 209 571 275 1047

1574 216 1635 276 S.
1676 215 1963 285 MAXIMI
2003 215 2507 283 CONFESSORIS

3597 222 3737 289 1048

428 316 595 384 nibus
626 308 797 385 rebus
822 344 961 399 quas
987 328 1272 399 produxit,
1304 326 1514 383 idcirco
1541 336 1667 397 post
1695 327 2031 386 incarnatio-

2151 333 2241 386 τῶν
2267 334 2328 398 ἐξ
2346 335 2515 390 αὑτοῦ
2543 337 2913 409 παρηγμένων
2934 338 3214 410 ὀνόμασιν,
3231 341 3519 411 οἰόμενον.
3544 342 3731 418 τυχὸν⁹

431 427 558 477 nem
589 422 756 478 etiam
781 420 978 477 eodem
1005 419 1173 475 modo
1205 420 1380 475 Deum
1410 419 1622 476 dictum
1653 419 1829 477 fuisse
1853 421 2032 477 homi-

432 530 562 569 nem
584 529 655 569 ne
674 513 818 567 forte
838 511 1185 569 existimaret
1203 511 1371 568 Caius
1389 513 1716 579 monachus,
1737 512 1828 569 his
1844 513 2034 570 verbis

434 623 564 662 eum
587 604 814 661 instruit
837 621 1071 677 magnus
1090 605 1410 677 Dionysius.
1435 605 1690 662 Ostendit
1710 606 1861 662 enim
1881 607 2032 678 quod

438 699 829 753 universorum
869 696 1016 752 Deus
1046 697 1115 752 ab
1148 688 1531 754 incarnatione
1560 713 1675 753 non
1704 698 2034 769 simpliciter

438 785 645 843 dicitur
668 786 859 851 homo,
890 785 986 843 sed
1023 795 1137 843 tota
1162 785 1405 843 essentia
1426 795 1485 844 et
1507 803 1640 844 vere
1669 788 1860 844 homo.
1882 788 2034 845 Hanc

439 877 738 932 essentiam
772 876 910 931 nihil
954 876 1104 932 aliud
1153 891 1285 933 vere
1330 877 1596 944 declarat,
1627 886 1830 950 praeter
1860 878 2034 934 solam

440 971 593 1026 illam
640 969 973 1041 potentiam,
1022 985 1147 1040 quae
1191 970 1368 1040 ipsius
1414 977 1669 1025 naturam
1714 971 2033 1040 constituit;

441 1081 566 1121 eam
611 1064 658 1120 si
707 1064 835 1135 quis
878 1064 1185 1119 naturalem
1237 1064 1619 1134 operationem
1666 1064 1889 1131 dixerit,
1923 1081 2036 1121 non

444 1159 704 1226 multum,
730 1153 959 1228 opinor,
991 1172 1022 1212 a
1059 1172 1228 1227 sc0po
1257 1156 1600 1213 aberraverit
1627 1175 1641 1211 :
1669 1173 1797 1212 nam
1827 1167 1886 1214 et
1914 1173 2036 1213 eam

444 1251 672 1322 pr0prie
717 1259 773 1306 et
820 1251 1001 1321 primo
1038 1248 1252 1314 deﬁnit,
1301 1256 1492 1319 utpote
1526 1249 1647 1321 ejus
1686 1248 1944 1319 speciﬁca
1982 1259 2040 1304 et

449 1344 762 1400 communis
806 1343 1076 1413 operatio,
1122 1342 1180 1397 in
1231 1357 1341 1413 qua
1379 1341 1562 1397 omnis
1608 1341 1660 1397 ei
1708 1341 2038 1396 naturaliter

450 1444 776 1508 competens
809 1433 1121 1505 proprietas
1151 1432 1663 1503 comprehenditur,
1691 1440 1845 1488 extra
1872 1447 2040 1503 quam

449 1530 593 1585 nihil
625 1536 713 1584 est
737 1535 939 1598 prater
968 1526 1024 1581 id
1056 1525 1205 1597 quod
1236 1541 1346 1581 non
1376 1537 1497 1592 est;
1542 1540 1673 1580 nam
1718 1541 1787 1581 ex
1819 1533 2039 1583 senten-

450 1619 529 1673 tia
553 1618 721 1689 hujus
742 1616 924 1687 magni
952 1614 1202 1686 magistri
1230 1616 1408 1671 solum
1440 1615 1496 1670 id
1523 1615 1672 1686 quod
1700 1616 1854 1671 nullo
1876 1616 2041 1673 modo

453 1715 540 1762 est
578 1721 683 1761 nec
716 1705 1095 1775 operationem
1131 1705 1301 1760 habet
1342 1721 1447 1761 nec
1477 1706 1881 1762 exsistentiam.
1927 1707 2042 1763 Ma-

451 1800 812 1857 nifestissimc
863 1800 1032 1872 igitur
1079 1799 1243 1857 docet
1289 1800 1462 1856 Deum
1510 1799 1855 1856 incarnatum
1903 1800 2044 1856 nihil

456 1893 686 1948 omnino
722 1891 950 1951 humani
984 1908 1015 1947 a
1061 1907 1121 1948 se
1164 1891 1406 1947 alienum
1449 1891 1815 1956 existimasse,
1847 1899 2047 1961 praeter

456 1995 769 2057 peccatum,
804 1984 951 2055 quod
989 1984 1214 2056 quidem
1248 1984 1317 2040 ad
1362 1992 1620 2040 naturam
1664 2001 1774 2040 non
1803 1986 2047 2057 pertine-

458 2078 584 2143 bat;
612 2091 786 2148 quare
819 2092 923 2133 nec
952 2076 1235 2132 hominem
1270 2076 1786 2146 simpliciter‘dixit,
1822 2078 1919 2133 sed
1949 2077 2049 2133 bo-

460 2170 669 2226 minem
695 2168 1000 2225 secundum
1030 2176 1200 2223 totam
1228 2169 1526 2224 essentiam
1555 2170 1838 2240 conceptis
1863 2169 2048 2226 verbis

460 2262 791 2334 designavit.
819 2260 994 2333 Hujus
1016 2261 1185 2333 igitur
1208 2261 1264 2315 in
1289 2261 1652 2363 sequentibus
1670 2269 1727 2317 et
1746 2262 2048 2318 essentiam

460 2356 685 2427 prOprie
731 2364 788 2410 et
835 2370 1041 2409 nomen
1087 2362 1214 2423 post
1260 2351 1776 2408 irihumanationem
1818 2368 2048 2424 progre-

461 2437 667 2504 d‘iendo
700 2446 940 2517 explicat
968 2464 982 2499 :
1018 2464 1038 2496 ι
1070 2445 1184 2500 Nos
1210 2459 1343 2499 vero
1383 2443 1572 2499 Jesum
1616 2458 1727 2498 non
1752 2442 2050 2500 deﬁnimus

390 2601 396 2607 ,
462 2557 562 2611 per
588 2540 886 2595 hominem.
928 2559 947 2590 3
982 2538 1173 2608 Neque
1205 2537 1354 2591 enim
1380 2551 1594 2592 merum
1623 2537 1903 2592 hominem
1926 2551 2050 2593 esse

463 2630 841 2697 decernimus,
876 2630 952 2685 ita
995 2629 1144 2684 enim
1185 2627 1567 2684 scinderemus
1608 2628 1901 2694 unitatem,
1927 2643 2052 2699 qua

350 2754 355 2759 -
464 2724 809 2803 intellectum
855 2731 1102 2791 superat,
1139 2719 1237 2775 sed
1266 2720 1335 2775 de
1376 2720 1511 2783 Deo,
1555 2721 1651 2789 qui
1690 2735 1821 2776 vere
1849 2736 2051 2776 secun-

465 2812 601 2868 dum
629 2826 731 2866 nos
753 2810 1050 2866 essentiam
1075 2815 1322 2863 nostram
1351 2809 1671 2879 assumpsit,
1695 2825 1899 2865 nomen
1924 2810 2049 2875 hoc,

467 2908 656 2973 homo,
687 2904 1024 2960 allirmemus
1065 2900 1457 2966 essentialiter,
1506 2916 1619 2956 non
1663 2911 1848 2957 autem
1896 2917 1964 2957 ac
2004 2903 2052 2957 si

2134 427 2231 480 καὶ
2286 427 2427 498 μετά
2465 427 2564 499 τὴν
2592 430 2871 501 σάρκωσιν
2898 432 3075 502 τούτῳ
3125 432 3271 504 μόνῳ
3309 433 3364 466 ’³
3403 432 3490 505 τῷ
3541 435 3735 508 τρόπῳ

2135 517 2299 573 πάλιν
2342 518 2536 589 ίιιθ
2587 519 2643 590 a)
2696 520 2985 592 ἄνθρωπον
3027 523 3120 576 τὸν
3166 522 3297 576 Θεὸν
3348 523 3733 595 ὀνομάζεσθαι

2134 607 2348 673 τούτοις
2375 609 2471 665 τὸν
2497 609 2841 683 θεραπευτὴν
2868 612 3028 666 Γάϊον
3060 612 3475 684 ἐπανορθοῦται
3500 617 3620 678 τοῖς
3640 617 3734 688 ῥή-

2139 715 2307 769 μασιν
2333 701 2363 754 ὁ
2388 699 2557 764 πολὺς
2581 699 2881 771 Διονύσιος,
2903 702 3170 758 διδάσκων
3203 702 3281 768 ὡς
3306 703 3419 774 οὐχ
3474 704 3669 769 ἁπλῶς
3701 705 3733 758 6

2134 791 2247 845 τῶν
2279 792 2417 847 ὅλων
2447 792 2583 858 Θεὸς
2628 793 2937 865 σαρκωθεὶς
2979 794 3200 864 λέγεται
3244 794 3574 868 ἄνθρωπος,
3616 797 3727 850 ἀλλ’

2138 886 2215 949 ώς
2245 885 2378 941 αὐτὸ
2403 888 2525 942 κατ’
2546 886 2736 942 οὐσίαν
2755 888 2886 959 ὃλην
2916 888 3133 959 άληθῶς
3167 888 3468 961 ἄνθρωπος
3501 888 3602 944 ὢν.
3625 883 3727 954 Ἧς

2142 977 2282 1048 μόνη
2327 995 2389 1031 τε
2439 978 2535 1031 καὶ
2592 977 2801 1049 ἀληθής
2835 964 2983 1034 ἐστιν
3021 978 3294 1047 ἀπόδειξις
3325 983 3362 1051 ἡ
3392 982 3545 1035 κατά
3571 980 3724 1050 φύσιν

2139 1066 2314 1137 αὐτῆς
2344 1066 2649 1139 συστατικὴ
2671 1067 2925 1139 δύναμις,
2958 1071 3025 1140 ἢν
3047 1069 3149 1122 οὐκ
3174 1069 3240 1123 ἄν
3265 1086 3355 1132 τις
3396 1069 3639 1139 ἁμάρτοι
3680 1068 3725 1100 "’

2140 1159 2241 1228 τῆς
2272 1158 2530 1228 ἀληθείας
2579 1162 2816 1233 φυσικὴν
2844 1162 3024 1234 φήσας
3048 1162 3359 1234 ἐνέργειαν,
3408 1161 3617 1233 κυρίως
3664 1180 3720 1216 τε

2141 1251 2237 1304 καὶ
2264 1250 2499 1323 πρώτως
2541 1232 3049 1325 χαρακτηριπικῆν
3095 1232 3290 1323 αὗτῆς,
3328 1252 3414 1317 ὡς
3464 1232 3722 1307 εἰδοποιὸν

2145 1341 2504 1414 ὑπάρχουσαν
2517 1344 2756 1411 κίνησιν,
2772 1343 3145 1413 γενικωτάτην
3164 1343 3349 1412 πάσης
3367 1342 3474 1413 τῆς
3487 1341 3720 1411 φυσικῶς

2146 1434 2287 1508 αὐτῇ
2320 1435 2635 1508 προσούσης
2670 1435 3025 1509 περιεκτικῆς
3042 1434 3090 1468 ⁷⁸
3115 1434 3409 1505 ίδιότητος,
3452 1429 3524 1504 ἧς
3563 1433 3720 1504 χωρίς

2148 1526 2314 1597 μόνον
2345 1525 2467 1580 ἐστὶ
2495 1526 2555 1581 τὸ
2584 1526 2659 1597 μὴ
2696 1525 2778 1595 ὃν,
2821 1526 2896 1591 ὡς
2929 1526 3093 1598 μόνου
3119 1524 3214 1580 τοῦ
3248 1525 3531 1598 μηδαμῶς
3558 1525 3717 1588 ὄντος.

2147 1620 2287 1675 κατά
2316 1619 2506 1676 τοῦτον
2522 1621 2614 1675 τὸν
2637 1622 2810 1692 μέγαν
2834 1620 3175 1687 διδάσκαλον,
3198 1619 3327 1675 οὔτε
3352 1620 3576 1689 κίνησιν
3604 1616 3720 1671 οὕτε

2147 1712 2383 1787 ὓπαρξιν
2393 1713 2629 1784 ἔχοντος.
2645 1714 2962 1787 Τρανότατα
2975 1711 3107 1783 γοῦν
3117 1712 3362 1767 διδάσκει
3380 1711 3552 1783 μηδὲν
3563 1710 3720 1783 ἠρνῆ-

2147 1805 2275 1861 σθαι
2304 1807 2351 1839 ⁷⁸
2386 1805 2706 1860 παντάπασι
2746 1805 2857 1860 τῶν
2904 1804 3191 1876 ἡμετέρων
3223 1802 3321 1857 τὸν
3345 1802 3485 1856 Θεὸν
3516 1819 3721 1873 σαρκω-

2146 1896 2332 1963 θὲντα,
2362 1897 2508 1970 πλὴν
2554 1897 2657 1968 τῆς
2695 1895 2971 1968 ἁμαρτίας
2991 1936 3008 1963 ,
3045 1895 3169 1949 ἐπεὶ
3198 1894 3343 1967 μηδὲ
3371 1895 3480 1966 τῆς
3516 1892 3720 1964 φύσεως

2144 1983 2237 2061 ἦν,
2265 1989 2365 2060 οὐχ
2388 1988 2577 2052 ἁπλῶς
2602 1986 2911 2058 ἄνθρωπον,
2940 1984 3057 2040 ἀλλ’
3085 1984 3217 2038 αὐτὸ
3250 1987 3377 2038 κατ’
3392 1982 3585 2039 οὐσίαν
3604 1982 3721 2051 ὅλην

2146 2077 2365 2150 ἀληθῶς
2427 2077 2717 2150 ἄνθρωπον
2764 2077 2894 2132 ὄντα
2935 2076 3237 2150 διαρρήδην
3283 2074 3719 2146 ἀποφηνάμενος.

2148 2164 2225 2225 Ob
2257 2169 2466 2241 κυρίως
2498 2164 2637 2223 εἶναι
2669 2167 2759 2222 διά
2790 2168 2900 2222 τῶν
2933 2167 3297 2240 ἐπαγομένων
3343 2167 3445 2221 καὶ
3470 2166 3572 2235 τὴν
3597 2161 3722 2232 κλῆ-

2151 2280 2236 2316 σιν
2279 2261 2647 2334 ἀνθρωπικῶς
2683 2259 3042 2325 οὐσιωθὲντος
3079 2257 3496 2331 διατεινόμενός
3547 2267 3722 2326 φησιν’

2154 2375 2174 2408 ι
2194 2355 2387 2427 Ἡμεῖς
2404 2355 2466 2408 δὲ
2493 2354 2586 2408 τὸν
2600 2352 2808 2425 Ἰησοῦν
2827 2353 2926 2407 οὐκ
2950 2351 3319 2425 ἀνθρωπικῶς
3336 2348 3720 2421 ἀφορίζομεν.ι

2162 2448 2317 2503 Ἐπεὶ
2354 2447 2431 2519 μὴ
2458 2445 2691 2518 Π-ιιίιλὸν
2747 2445 3035 2516 ἄνθρωπον
3077 2446 3242 2499 αὐτὸν
3297 2441 3723 2514 δογματίζομεν,

2150 2542 2444 2614 τέμνοντες
2500 2541 2603 2613 τὴν
2656 2541 2799 2612 ὑπὲρ
2828 2541 2874 2574 ⁷⁸
2921 2539 3129 2594 ἔννοιαν
3175 2537 3400 2592 ἕνωσιν.
3451 2530 3725 2595 οὐσιωδῶς

2151 2634 2284 2707 γὰρ,
2326 2633 2443 2690 ἀλλ’
2484 2634 2585 2704 οὐχ
2640 2633 2718 2696 ὡς
2745 2630 3054 2704 ἀνθρώπων
3098 2629 3276 2685 αἰτίου
3326 2627 3417 2681 ἐπ’
3449 2623 3609 2680 αὐτοῦ
3638 2620 3725 2676 τοῦ

2154 2723 2315 2793 φύσει
2343 2721 2482 2777 Θεοῦ
2510 2712 2803 2793 καθ”ημᾶς
2825 2719 3040 2791 ἀληθῶς
3060 2717 3424 2780 οὑσιωθέντος
3438 2715 3500 2769 τὸ
3519 2714 3727 2780 ἀνθρω-

2154 2833 2270 2883 πρς
2300 2815 2474 2886 ὄνομα
2515 2814 2769 2883 λέγομεν.
2795 2811 2932 2866 Οὐδὲ
2967 2811 3078 2881 γὰρ
3113 2808 3409 2880 ἄνθρωπος
3438 2804 3626 2877 μόνον,
3648 2801 3724 2855 ὅτι

2155 2910 2252 2965 καὶ
2280 2908 2415 2972 Θεὸς
2435 2909 2464 2961 ὁ
2501 2905 2684 2970 αὐτὸς,
2712 2922 2733 2957 ι
2769 2903 2891 2957 οὐδὲ
2914 2901 3243 2973 ὑπερούσιος
3283 2899 3475 2969 μόνον,
3501 2914 3520 2949 3
3540 2896 3617 2948 ὅτι
3636 2892 3725 2946 καὶ

468 2998 817 3057 solummodo
843 3012 1009 3054 causa
1034 2997 1323 3052 hominum
1344 3003 1493 3053 esset
1511 3004 1570 3051 et
1589 2994 1837 3052 etl‘ector.
1860 2997 2048 3068 Neque

2155 3002 2443 3072 ἄνθρωπος
2469 3001 2498 3052 ὁ
2537 2998 2734 3063 αὐτὸς,
2768 2995 2929 3066 εἴπερ
2958 2993 3035 3065 μὴ
3065 2992 3223 3063 ψιλὸς
3272 2991 3564 3063 ἄνθρωπος
3598 2985 3725 3057 μήτε

467 3093 616 3148 enim
648 3088 995 3147 solummodo
1023 3089 1193 3144 homo
1222 3097 1328 3152 est,
1361 3087 1459 3143 sed
1487 3094 1546 3142 et
1575 3087 1721 3143 Deus
1751 3087 1896 3144 idem
1923 3098 2010 3145 est
2034 3108 2049 3143 :

468 3200 651 3256 neque
694 3199 865 3254 super
909 3182 1211 3239 essentiam
1258 3188 1506 3237 nostram
1550 3181 1730 3237 solum
1777 3190 1882 3249 est,
1914 3198 2054 3253 quo-

469 3277 618 3332 niam
645 3275 793 3331 idem
828 3275 999 3330 etiam
1029 3274 1200 3329 homo
1223 3280 1341 3339 est;
1369 3286 1473 3328 nec
1495 3271 1647 3328 enim
1676 3287 1866 3328 merus
1890 3274 2055 3329 homo

470 3375 567 3425 aut
608 3367 793 3424 nudus
836 3368 986 3423 Deus
1016 3374 1123 3432 est,
1156 3364 1255 3421 sed
1299 3378 1498 3419 revera
1544 3361 1731 3431 homo,
1776 3364 2057 3434 pracipuo

470 3461 711 3532 quodam
739 3474 871 3530 erga
900 3457 1160 3514 homines
1201 3471 1392 3512 amore
1432 3454 1683 3512 aﬂ’ectus.
1728 3456 1835 3511 Per
1874 3454 2060 3511 inﬁni-

472 3564 590 3609 tum
622 3567 751 3623 erga
781 3551 1039 3607 homines
1066 3563 1313 3605 amorem
1354 3547 1536 3604 Iactus
1562 3557 1649 3604 est
1686 3547 1822 3603 illud
1853 3548 2057 3618 ipsum,

473 3654 532 3701 et
575 3644 805 3716 quidem
833 3643 1147 3706 verissime,
1178 3640 1328 3712 quod
1372 3642 1613 3704 amabat,
1653 3641 1730 3696 ita
1774 3647 1960 3695 tamen
2001 3646 2063 3695 ut

476 3753 578 3795 sua
610 3737 786 3808 ipsius
810 3735 1055 3791 essentia
1089 3732 1229 3788 nihil
1268 3732 1550 3788 amitteret
1576 3747 1679 3802 per
1707 3732 1847 3787 hanc
1872 3731 2065 3786 inetia-

476 3831 647 3887 bilem
662 3826 1117 3890 exinanitlonem,
1134 3840 1240 3881 nec
1263 3831 1461 3879 natura
1490 3824 1731 3878 humana
1761 3823 2063 3894 quidquam

478 3923 705 3979 omnino
732 3920 821 3976 vel
849 3910 1174 3974 mutationis
1200 3914 1287 3970 vel
1312 3913 1700 3970 diminutionis
1725 3929 1825 3983 per
1852 3929 2066 3969 assum-

478 4017 730 4087 ptioncm
786 4007 1212 4065 inenarrabilem
1254 4013 1573 4076 pateretur.
1620 4005 1715 4060 Ab.
1753 4020 1823 4060 eo
1872 4005 2068 4060 habuit

480 4104 888 4163 deﬁnitionem,
914 4099 985 4154 ab
1021 4112 1090 4152 eo
1115 4106 1172 4151 et
1210 4095 1686 4151 constitutionem.
1720 4115 1739 4146 ι
1766 4095 1944 4166 Supra
1974 4111 2066 4150 ca-

482 4191 639 4268 ptum
660 4195 990 4255 humanum,
1021 4209 1039 4241 3
1061 4189 1191 4259 quia
1212 4187 1329 4243 sine
1349 4186 1591 4241 hominis
1623 4201 1727 4256 ope
1750 4207 1767 4238 ι
1789 4196 1846 4242 et
1865 4201 2068 4242 secun-

2154 3091 2365 3164 γυμνὸς
2420 3090 2657 3162 ὑπάρχει
2719 3087 2855 3151 Θεὸς
2880 3125 2896 3150 ,
2928 3104 2948 3139 ι
2998 3084 3115 3139 ἀλλ’
3171 3083 3468 3155 ἄνθρωπος
3523 3075 3725 3147 ἀληθῶς

2157 3185 2186 3238 ὁ
2217 3174 2587 3254 διαφερόντως
2612 3179 3019 3252 φιλάνθρωπος.
3064 3196 3084 3230 3
3132 3176 3381 3246 Ἀπείρῳ
3414 3172 3543 3243 ’γὰρ
3590 3165 3729 3239 πόθῳ

2157 3274 2235 3347 τῷ
2269 3274 2407 3345 πρὸς
2435 3270 2763 3344 ἀνθρώπους
2801 3272 2940 3343 ὅπερ
2964 3270 3117 3323 ἐστὶν
3154 3266 3379 3338 ἀληθῶς
3421 3264 3553 3319 αὐτὸ
3579 3259 3729 3330 φύσει

2158 3369 2221 3422 τὸ
2246 3366 2581 3437 ποθούμενον
2596 3364 2781 3435 (ιιο
2795 3363 2847 3432 b)
2869 3362 3083 3432 γέγονε,
3106 3361 3247 3433 μήτε
3279 3376 3336 3413 τι
3357 3353 3638 3425 πεπονθὼς
3658 3352 3729 3415 είς

2160 3461 2260 3531 τὴν
2284 3460 2328 3492 τ’
2361 3459 2499 3514 ἰδίαν
2534 3454 2723 3511 οὐσίαν
2761 3453 2900 3527 πρὸς
2931 3453 3034 3523 τῆς
3078 3452 3396 3522 ἀφθέγκτου
3440 3446 3725 3506 κενώσεως,

2166 3557 2303 3626 μήτε
2328 3569 2384 3607 τι
2415 3550 2518 3621 τῆς
2548 3548 2898 3622 ἀνθρωπίνης
2915 3546 3006 3601 διὰ
3033 3546 3135 3616 τὴν
3162 3544 3483 3616 ἀπόρρητον
3505 3540 3550 3572 ⁸⁸
3577 3534 3730 3626 πρόσξ

2163 3624 2330 3717 ληψιν
2358 3641 2623 3716 ἀμείψας,
2661 3640 2695 3712 ἢ
2732 3638 2975 3711 μειώσας
2991 3637 3054 3691 τὸ
3089 3635 3315 3691 σύνολον
3344 3633 3582 3703 φύσεως,
3615 3624 3727 3717 ώνό

2163 3715 2324 3805 λόγος
2376 3715 2583 3805 κυρίως
2629 3731 2801 3801 αὐτῆς
2855 3728 3167 3798 καθέστηκε
3194 3718 3479 3788 σύστασις.
3516 3741 3536 3773 ι
3576 3715 3729 3805 ’Υπὲρ

2166 3803 2508 3897 ἀνθρώπους,
2537 3843 2557 3876 3
2593 3824 2677 3878 ὅτι
2708 3821 2906 3885 θεῖκῶς
2944 3818 3139 3889 ἀνδρὸς
3158 3820 3331 3889 χωρὶς
3360 3816 3408 3848 ⁸¹
3433 3832 3456 3869 ι
3485 3812 3578 3865 καὶ
3603 3803 3727 3862 κατὰ

2167 3917 2515 3990 ἀνθρώπους,
2548 3934 2568 3968 3
2632 3910 2999 3986 ἀνθρωπικῶς
3054 3910 3139 3965 ὅτι
3168 3909 3215 3942 ⁸⁸
3273 3909 3431 3979 νόμῳ
3475 3902 3726 3990 κυήσεως.

2173 4032 2192 4065 ι
2243 3987 2340 4065 Ἐκ
2369 4010 2469 4081 τῆς
2488 4005 2799 4079 ἀνθρώπων
2829 4003 3019 4066 οὐσίας
3051 4003 3082 4054 ὁ
3115 4001 3450 4073 (impacato;
3478 3987 3729 4081 οὑσιωμέέ

2170 4119 2257 4166 νος
2283 4118 2297 4132 ·
2340 4120 2359 4153 3
2402 4080 2465 4153 οὐ
2489 4099 2597 4170 γὰρ
2620 4096 2783 4169 ψιλὴν
2810 4097 2979 4167 μόνην
3004 4096 3311 4164 ὲφάντασεν
3338 4093 3473 4163 ἡμῖν
3495 4091 3552 4143 ὲν
3569 4080 3729 4149 ἐαυτῷ

2170 4195 2271 4267 τὴν
2307 4194 2365 4247 ὲν
2391 4193 2437 4226 ⁸³
2470 4192 2601 4246 εἴδει
2635 4189 2839 4261 σαρκὸς
2869 4188 3278 4260 διαμόρφωσιν,
3304 4183 3451 4239 κατά
3481 4181 3601 4240 τοὺς
3621 4171 3728 4267 τῶν

484 4265 617 4343 dum
652 4283 971 4347 hominem;
1002 4302 1022 4333 3
1052 4295 1179 4336 nam
1201 4293 1354 4334 more
1380 4278 1646 4342 humano,
1670 4278 1800 4348 quia
1820 4293 1919 4348 per
1943 4293 2048 4348 pare

2172 4265 2494 4355 Mawxaiwv
2516 4281 2715 4352 λήρους
2731 4278 2801 4343 ⁸⁵,
2827 4278 2860 4349 ἢ
2880 4278 3061 4349 σάρκα
3095 4272 3543 4344 συνουσιωμένην
3585 4265 3730 4334 οὐρα·

485 4390 624 4437 tum.
648 4378 729 4434 Ex
750 4376 996 4433 hominis
1015 4373 1344 4436 substantia,
1366 4387 1493 4426 cum
1515 4386 1684 4441 super
1703 4370 2048 4427 substantian

2173 4376 2328 4430 νόθεν
2364 4373 2542 4444 ἐαυτῷ
2573 4371 2996 4441 συγκατήγαγε,
3025 4369 3169 4424 κατά
3205 4369 3335 4431 τοὺς
3376 4356 3728 4426 Ἀπολιναρίσυ

484 4474 836 4536 subsisteret,
868 4467 1234 4525 substantiam
1274 4463 1589 4534 assumpsit.
1622 4462 1739 4517 Non
1786 4463 1957 4529 enim,
1987 4478 2046 4518 se

2180 4465 2406 4537 μύθους,
2434 4461 2548 4517 ἀλλ’
2582 4461 2715 4517 αὐτὸ
2747 4459 2867 4514 κατ’
2898 4458 3088 4513 οὐσίαν
3118 4456 3250 4523 ὅλην
3293 4451 3509 4544 ἀληθῶς
3544 4444 3730 4544 ἀνθρω-

486 4567 730 4625 cundum
768 4571 1066 4634 nugatores
1097 4560 1449 4622 Manichacus,
1481 4572 1688 4612 meram
1734 4555 1919 4611 carnis
1960 4571 2048 4611 sua

2176 4574 2277 4621 πος
2328 4554 2591 4625 γεγονὼς,
2649 4551 2953 4623 προσλήψει
3001 4549 3254 4620 δηλονότι
3306 4542 3508 4617 σαρκὸς
3551 4542 3730 4605 νοερως

488 4661 730 4733 speciem
780 4667 836 4714 et
867 4656 1190 4727 phantasma
1218 4654 1275 4708 in
1303 4652 1487 4722 seipso
1515 4650 1677 4705 nobis
1702 4649 1877 4704 forma
1915 4658 2042 4705 tenu

2178 4645 2559 4720 ὲψυχωμένης,
2598 4642 2895 4711 ὲνωθείσης
2925 4640 3078 4712 αὐτῷ
3107 4639 3234 4694 καθ’
3276 4639 3592 4692 ὑπόστασιν.

488 4712 811 4813 ostentavit,
848 4712 966 4811 aut,
992 4744 1298 4801 secundum
1321 4712 1648 4813 Apollinarii
1693 4740 1929 4806 fabulas,
1961 4756 2183 4797 carnem
2223 4712 2334 4796 sibi
2367 4712 2505 4794 olim.
2558 4732 3085 4792 consubstantiatam
3120 4731 3190 4786 de
3248 4729 3390 4787 caelo
3428 4734 3606 4781 secum

488 4846 668 4912 duxit,
698 4843 796 4900 sed
866 4838 1169 4897 secundum
1216 4834 1513 4892 essentiam
1564 4842 1731 4889 totam
1793 4849 1926 4890 vere
1954 4818 2136 4890 homo
2172 4834 2352 4890 factus
2393 4839 2501 4898 est,
2550 4826 2924 4898 assumptione
2967 4823 3184 4882 scilicet
3234 4820 3420 4879 carnis
3469 4813 3643 4871 anima
3680 4810 3730 4859 οι

491 4949 674 4997 mente
698 4935 965 5009 praedita,
995 4934 1275 5003 uniusque
1298 4930 1403 4987 sibi
1426 4945 1527 5002 per
1552 4929 1894 5002 bypostasin.

2102 4342 2145 4396 D

568 5081 587 5113 ι
624 5029 724 5116 Est
780 5067 963 5114 tamen
1025 5054 1388 5111 nihilominus
1441 5051 2048 5124 supersubstantialitau

2271 5066 2291 5100 ι
2324 5047 2481 5101 Ἔστι
2508 5044 2564 5099 δὲ
2598 5042 2752 5097 οὐδὲν
2781 5036 2939 5113 ἦττον
2989 5020 3443 5124 ὐπερουσιότητος
3478 5014 3729 5124 forcepsqu

492 5150 976 5225 superabundans,
1003 5156 1195 5218 utpote
1221 5146 1315 5216 qui
1360 5117 1577 5216 semper
1611 5161 1776 5215 supra
1818 5144 2044 5199 substan

2190 5160 2290 5214 ρης
2316 5143 2345 5193 ὁ
2373 5141 2461 5193 ἀεὶ
2492 5136 2838 5207 ὑπερούσιος.
2883 5151 2902 5182 3
2934 5131 3009 5184 Οὐ
3031 5128 3141 5199 γὰρ
3171 5121 3475 5194 ὑπεζεύχθη
3500 5117 3567 5186 τῇ
3588 5117 3725 5225 φύσει

493 5215 626 5299 tiam
669 5242 760 5297 sit.
817 5260 835 5291 3
886 5240 1074 5309 Neque
1110 5238 1260 5293 cnim
1302 5253 1427 5291 cum
1466 5237 1622 5290 lieret
1664 5236 1832 5289 homo
1875 5244 2048 5288 natur:

2192 5233 2484 5303 γενόμενος
2512 5228 2820 5299 ἄνθρωπος,
2853 5221 3163 5278 τούναντίον
3200 5220 3259 5275 δὲ,
3305 5217 3498 5290 μᾶλλον
3541 5215 3718 5260 συνεπ-

1818 5396 2050 5455 VARUE
2091 5394 2491 5453 LECTIONES.

562 5543 612 5575 ⁷³
637 5541 803 5606 μόνον
828 5540 912 5592 ed.
950 5540 1070 5596 Gal.
1134 5537 1182 5569 ⁷⁸
1218 5538 1440 5610 ἁμάρτῃ
1461 5539 1550 5595 cd.
1584 5536 1701 5593 Gal.
1764 5513 1809 5570 ⁷⁸
1836 5534 2196 5607 περιεκτικὴν
2220 5532 2307 5585 ed.
2333 5531 2451 5586 Gal.
2481 5530 2618 5585 Hinc
2636 5529 2962 5652 corrigenda
2985 5528 3106 5598 ejus
3137 5525 3339 5581 versio.
3394 5516 3437 5549 ⁷⁸
3463 5497 3722 5615 “PP-iw?

569 5650 576 5652 _
612 5609 738 5652 Ral-
824 5607 871 5636 ⁷⁷
901 5610 1032 5652 [ινδιξ
1056 5605 1162 5652 nd.
1185 5604 1304 5652 Gal.
1381 5611 1427 5641 ⁷³
1459 5609 1566 5652 «ba
1587 5607 1673 5652 ad.
1702 5606 1817 5652 Cal,
1857 5608 1905 5642 7’
1934 5607 2030 5652 τὴν
2062 5619 2169 5652 non
2205 5603 2373 5652 habet
2403 5601 2493 5652 ed.
2525 5600 2645 5652 Gal.
2707 5600 2752 5629 ⁸⁰
2824 5602 3019 5652 ὸρητον
3047 5597 3137 5652 ed.
3174 5595 3292 5651 Gal.
3372 5588 3413 5621 ⁸³
3442 5581 3543 5652 γὰρ
3575 5583 3676 5645 lt”?
3697 5578 3722 5625 ς

489 5614 580 5671 ed.
612 5578 1440 5678 νῖέδ
1586 5578 1820 5662 ’ϐαι
1843 5578 3033 5678 ’ῧῗξῆῐὲρᾖἕηῖἷ
3046 5578 3307 5653 ἒὶιέιῖεὶιζ
3372 5588 3413 5621 ⁸⁸
3442 5578 3543 5654 γὰρ
3575 5578 3723 5645 Χωρίς

486 5668 572 5740 cd.
600 5676 722 5733 Gal.
778 5673 818 5704 ⁸⁸
844 5668 1067 5746 γάρ’ὃτι
1104 5672 1197 5728 ed.
1231 5672 1349 5729 Gul.
1437 5680 1484 5711 ⁸⁸
1518 5668 1574 5731 ἐν
1598 5692 1705 5731 om.
1739 5678 1826 5735 ed.
1853 5668 1999 5737 Gulf
2068 5674 2112 5705 "
2145 5672 2380 5745 κλήρους
2412 5671 2533 5726 cod.
2570 5668 2711 5725 Gud.
