4008 6194
341 278 485 343 ιοιθ

1573 297 2095 365 AMBIGUORUM
2132 308 2385 371 LIBER.

3376 330 3377 333 ‘
3449 313 3590 380 1050

329 388 465 460 ἦρεν
493 387 540 420 ιε
574 387 754 459 ἑαυτῷ
780 388 882 455 τὴν
911 390 1095 459 φύσιν,
1122 393 1311 466 ἓτερον
1338 397 1506 470 αὐτὴν
1541 405 1774 475 ποιήσας
1796 425 1897 478 μυ-

2004 414 2288 486 subjectus
2316 418 2442 485 fuit,
2468 419 2564 475 sed
2598 418 2784 491 potius
2807 420 2931 476 vice
2956 436 3114 479 versa
3138 422 3207 478 ad
3238 438 3298 480 se
3322 424 3590 482 sublima-

333 481 576 551 στήριον.
612 481 774 545 αὐτὸς
810 481 867 536 δὲ
893 481 941 517 ⁸⁸
989 486 1183 554 μείνας
1239 490 1592 547 παντάπασιν
1642 497 1907 568 ἄληπτος,

330 571 426 625 καὶ⁸
452 573 554 643 τὴν
576 572 787 628 οἰκείαν
814 574 1091 646 σάρκωσιν
1121 577 1394 650 λαχοῦσαν
1422 583 1642 651 γένεσιν
1667 588 1911 661 ύπερού-

332 679 446 716 σιον
478 664 778 736 μυστηρίου
805 667 1006 732 παντὸς
1027 669 1207 736 δείξας
1227 672 1626 749 ἀληπτοτέραν,
1652 681 1910 737 τοσοῦτον

330 753 679 822 καταληπτὸς
700 755 767 809 δι’
793 757 966 831 αὐτὴν
985 760 1223 829 γεγονὼς
1245 764 1371 818 ὅσον
1393 767 1440 799 ⁸⁷
1466 767 1629 824 πλέον
1657 771 1907 844 ἐγνώσθη

328 843 396 899 δι’
426 846 598 916 αὐτῆς
655 847 1046 922 άληπτότερος.
1084 872 1103 905 ι
1173 855 1421 928 Κρύφιος
1481 860 1592 934 γάρ
1653 864 1771 917 ἐστι
1812 843 1909 919 καί

333 935 472 1006 μετὰ
502 935 599 1006 τὴν
631 936 919 1008 ἐκφανσιν,
960 960 981 993 ι
1008 946 1175 1015 φησὶν
1201 949 1229 1000 ὁ
1278 948 1626 1017 διδάσκαλος,
1666 974 1687 1007 r
1721 956 1780 1026 ἢ,
1815 956 1908 1011 ἵνα

327 1025 390 1079 τὺ
436 1026 708 1099 θειότερον
754 1030 917 1096 εἴπω,
954 1035 1049 1089 καὶ
1078 1037 1136 1089 ἐν
1165 1041 1233 1110 τῇ
1275 1042 1560 1113 ἐκφάνσει.
1588 1047 1700 1100 Kal
1746 1025 1908 1103 τοῦτο

328 1115 440 1209 γάρ
479 1116 655 1209 Ἰησοῦ
690 1119 1018 1192 κέκρυπται,
1049 1128 1143 1181 καὶ
1182 1130 1359 1186 οὐδενί
1407 1133 1574 1206 λόγῳ,
1608 1137 1728 1191 οὐδὲ
1754 1137 1830 1209 νῷ
1858 1138 1905 1174 ⁸⁸

326 1204 390 1258 τὸ
421 1208 541 1298 κατ’
562 1208 726 1261 αὐτὸν
756 1210 983 1281 ἐξῆκται
1017 1219 1339 1288 μυστήριον,
1371 1204 1631 1279 ἀλλὰκαὶ
1674 1204 1905 1298 λεγόμε-

326 1311 421 1348 νον
462 1297 706 1369 ἄρρητον
750 1301 943 1370 μένει,
972 1305 1069 1358 καὶ
1111 1309 1421 1381 νοούμενον,
1451 1313 1749 1383 ἄγνωστον.
1783 1297 1819 1371 »ί
1840 1320 1906 1372 Τί

322 1385 519 1476 τούτου
551 1389 686 1461 πρὸς
717 1391 995 1460 ἀπόδειξιν
1025 1394 1178 1462 θείας
1200 1401 1657 1476 ύπερουσιότητος
1703 1408 1905 1476 γένοιτ’

326 1475 397 1531 ἂν
449 1479 998 1555 ἀποδεικτικώτερυν,
1036 1488 1292 1558 ἐκφάνσει
1343 1494 1525 1566 (ιιι
1553 1496 1608 1567 a)
1667 1497 1729 1551 τὸ
1772 1498 1906 1568 κρύ-

327 1585 454 1659 φιον
514 1574 611 1624 καὶ
652 1572 796 1645 λόγῳ
837 1576 939 1646 τὴν
977 1578 1218 1646 ἀφασίαν
1249 1585 1346 1636 καὶ
1390 1584 1466 1655 νῷ
1505 1586 1772 1659 δηλούσης
1805 1587 1903 1658 τὴν

331 1658 456 1713 καθ’
497 1659 772 1733 ὑπεροχὴν
801 1663 1104 1733 ἀγνωσίαν,
1135 1670 1231 1724 καὶ
1263 1672 1323 1724 τὸ
1355 1672 1420 1744 δὴ
1460 1674 1646 1744 μεῖζον
1700 1679 1901 1742 εἰπεῖν,

325 1748 659 1839 ούσιώσειτὸ
682 1752 1047 1824 ὑπερούσιον;
1073 1777 1092 1809 ι
1114 1759 1333 1831 Ἀμέλει
1358 1766 1426 1835 τῇ
1447 1765 1652 1837 ταύτης
1679 1784 1904 1839 περιου·

328 1838 421 1909 σία
440 1839 487 1873 ⁸⁸
512 1841 609 1895 καὶ⁵
631 1843 713 1906 εἰς
741 1844 931 1899 ούσίαν
957 1847 1174 1918 ἀληθῶς
1205 1850 1378 1907 ἐλθὼν
1402 1854 1546 1927 ὑπὲρ
1591 1838 1783 1912 οὐσίαν
1809 1859 1903 1914 οὐ·

327 1929 500 2001 σιὼθη
526 1945 541 1961 ⁸
573 1951 594 1984 ι
625 1935 752 1999 τοὺς
774 1936 972 2008 νόμους
992 1937 1193 2015 δηλαδὴ
1206 1936 1620 2016 ’καινοτομήσας
1633 1948 1733 2018 τῆς
1757 1951 1903 2005 κατά

326 2020 490 2091 φύσιν
538 2025 831 2092 γενέσεως,
866 2030 960 2082 καὶ
1007 2030 1132 2100 δίχα
1163 2032 1265 2103 τῆς
1316 2034 1376 2100 ἐξ
1418 2035 1617 2107 ἀνδρὸς
1651 2039 1710 2092 ἐν
1771 2040 1901 2094 εῖδει

326 2112 539 2181 σπορᾶς
593 2113 812 2183 ἀληθῶς
871 2118 1164 2189 γενόμενος
1219 2120 1526 2194 ἄνθρωπος.
1586 2127 1696 2180 Kal
1745 2127 1900 2199 δηλοί

320 2202 602 2269 Παρθένος
635 2208 798 2261 αὑτὸν
828 2210 1129 2281 ὑπερφυῶς
1156 2213 1362 2269 κύουσα
1388 2216 1481 2270 τὸν
1502 2218 1548 2251 ⁸ο
1576 2219 1901 2291 ὑπερούσιον

317 2294 498 2364 Λόγον
526 2297 698 2369 χωρὶς
726 2299 918 2371 ἀνδρὸς
944 2303 1007 2355 ἐκ
1028 2302 1138 2355 τῶν
1168 2305 1338 2376 αὐτῆς
1366 2308 1712 2379 παρθενικῶν
1735 2312 1902 2383 αἱμά-

314 2401 431 2439 των
483 2387 869 2461 ἀνθρωπικῶς,
928 2392 1064 2463 ξένῳ
1116 2397 1269 2466 παρά
1322 2398 1422 2467 τὴν
1479 2399 1641 2468 φύσιν
1687 2401 1895 2474 θεσμῷ,

315 2476 800 2551 διαπλαττόμενον.
835 2502 853 2535 ι
903 2484 1015 2538 Καὶ
1068 2486 1209 2558 ὑπὲρ
1255 2487 1544 2558 ἄνθρωπον
1600 2493 1822 2564 ἐνήργει
1852 2496 1895 2528 ⁸⁸

316 2568 388 2623 τὰ
408 2569 698 2641 ἀνθρώπου
733 2574 778 2605 ⁹¹
799 2590 813 2604 ⁸
845 2592 864 2623 ι
889 2574 989 2646 τὴν
1018 2578 1129 2631 τῶν
1158 2581 1438 2649 στοιχείων
1467 2584 1690 2647 ἀπαθῶς
1717 2603 1899 2640 καινο-

317 2663 571 2732 τομήσας
606 2662 771 2732 φύσιν
791 2668 914 2729 ταῖς
943 2666 1157 2736 βάσεσι.
1197 2671 1310 2725 Καὶ
1338 2672 1492 2743 δηλοῖ
1525 2675 1713 2745 σαφῶς
1752 2677 1897 2750 ὕδωρ

319 2751 574 2820 ἄστατον,
608 2754 811 2810 ὑλικῶν
845 2758 940 2810 καὶ
967 2759 1183 2830 γεηρῶν
1213 2760 1259 2793 ⁸³
1299 2762 1475 2817 ποδῶν
1513 2765 1704 2837 ἀνέχον
1727 2767 1896 2840 βάρος

318 2843 417 2898 καὶ
459 2843 533 2916 μὴ
578 2846 824 2911 ὑπεῖκον,
866 2847 984 2902 ἀλλ’
1035 2849 1309 2921 ὑπερφυεῖ
1358 2854 1587 2927 δυνάμει
1646 2859 1786 2928 πρὸς
1836 2861 1898 2915 τὸ

314 2933 603 3004 ἀδιάχυτον
663 2938 1060 3009 συνιστάμενον
1085 2956 1100 2971 ο
1149 2942 1310 3014 εἰπερ
1360 2944 1577 3015 άληθῶς
1638 2949 1896 3021 ἀσρόχοις

2010 507 2092 561 vit
2134 517 2407 575 naturam,
2436 510 2492 564 in
2519 525 2583 566 ea
2620 511 2770 567 aliud
2797 514 3119 584 mysterium
3162 514 3437 582 etIicicns;
3469 518 3587 588 ipse

2008 599 2157 653 enim
2183 601 2754 671 incomprehensibilis
2779 606 3100 674 permansit,
3130 615 3186 662 et
3218 622 3372 662 suam
3403 608 3586 665 incar<

2010 685 2290 742 sationem
2312 691 2461 746 omni
2485 693 2747 763 mysterio
2769 693 2939 763 magis
2968 694 3586 765 incomprehensibilem
3696 684 3700 689 ’

2008 779 2273 841 ostendit.
2298 797 2399 851 per
2436 785 2847 853 generationem
2880 802 3045 856 supra
3076 802 3296 843 omnem
3326 790 3585 846 substan-

2011 868 2164 935 tiam,
2211 879 2360 926 tanto
2393 872 2615 951 quidem
2650 889 2750 943 per
2788 874 2936 930 illam
2963 876 3142 932 factus
3165 877 3594 950 comprehensi-_

2008 959 2158 1027 bilis,
2187 972 2396 1031 quanto
2420 979 2520 1033 per
2546 964 2692 1019 illam
2736 963 3081 1036 dignoscitur
3117 984 3239 1025 esse
3284 969 3458 1040 magis
3495 970 3584 1026 in-

2010 1054 2546 1124 comprehensibilis.
2581 1076 2600 1108 c
2635 1056 3007 1113 Absconditus
3029 1061 3176 1114 enim
3204 1072 3389 1117 manet
3414 1064 3585 1118 etiam

2008 1151 2133 1214 post
2178 1145 2708 1211 manifestationem,
2759 1166 2778 1198 ι
2831 1158 2895 1203 ut
2941 1148 3077 1203 dicit
3131 1152 3389 1221 magister
3455 1153 3582 1217 ille,

2016 1253 2035 1286 ι
2075 1242 2190 1301 aut,
2234 1245 2295 1291 ut
2335 1236 2579 1292 divinius
2619 1238 2833 1307 loquar,
2865 1238 2920 1293 in
2965 1238 3080 1308 ipsa
3118 1242 3583 1307 manifestatione,

2006 1327 2213 1381 etenim
2234 1327 2340 1382 hoc
2361 1328 2525 1383 etiam
2554 1328 2730 1398 ipsius
2754 1330 2880 1386 Jesu
2905 1332 3213 1386 occultatur
3236 1334 3583 1403 mysterium,

2004 1432 2111 1472 nec
2149 1416 2264 1472 ullo
2304 1433 2560 1474 sermone
2599 1420 2688 1475 vel
2712 1421 3378 1491 intellectu‘exprimitur.
3419 1425 3585 1493 quin-

2005 1507 2119 1564 imo
2148 1508 2279 1564 dum
2311 1509 2608 1579 profertur,
2642 1526 2928 1577 arcanum,
2954 1522 3030 1568 ‘et
3069 1513 3199 1568 dum
3234 1514 3577 1584 intelligitur,

2003 1611 2191 1656 manet
2224 1601 2494 1672 ignotum.
2535 1621 2554 1654 ι
2586 1600 2729 1669 Quid
2771 1610 2857 1658 est
2895 1604 3043 1673 quod
3092 1603 3337 1659 divinam
3378 1620 3578 1674 super-

2006 1690 2523 1748 substantialitatem
2569 1693 2787 1762 plenius
2833 1692 2939 1748 hoc
2972 1693 3350 1749 demonstrare
3387 1702 3575 1764 queat,

2005 1781 2127 1850 quae
2150 1797 2251 1851 per
2278 1796 2434 1837 suam
2464 1782 2962 1838 manifestationem
2995 1799 3054 1839 se
3093 1786 3352 1852 occultat,
3386 1787 3442 1841 et
3480 1803 3581 1857 per

2003 1887 2314 1927 sermonem
2349 1888 2407 1928 se
2450 1872 2781 1928 ineﬂabilem
2828 1874 3091 1940 declarat,
3115 1884 3173 1930 et
3213 1891 3313 1946 per
3338 1884 3579 1932 mentem

2001 1962 2437 2018 eminentissime
2487 1978 2548 2018 se
2591 1962 3076 2034 incognoscibilem
3122 1965 3338 2034 prohat,
3386 1975 3461 2029 et,
3516 1976 3582 2022 ut

2000 2054 2179 2124 majus
2198 2053 2404 2123 aliquid
2436 2054 2654 2118 addam,
2681 2070 2778 2124 per
2798 2055 3120 2110 substantiae
3147 2058 3577 2125 assumptionem

2001 2160 2060 2199 se
2086 2160 2206 2200 esse
2245 2160 2410 2215 supra
2441 2162 2660 2202 omnem
2693 2147 3056 2202 substantiam
3092 2148 3371 2203 ostendit?
3400 2169 3416 2199 ι
3448 2149 3580 2204 Pro-

2000 2234 2142 2291 fecto
2190 2237 2358 2308 hujus
2402 2239 2759 2310 praerogativa
2789 2239 2955 2294 etiam
3009 2255 3134 2295 cum
3180 2257 3311 2296 vere
3346 2241 3401 2295 in
3442 2242 3577 2296 sub-

1999 2328 2259 2384 stantiam
2295 2329 2532 2393 veniret,
2569 2344 2735 2399 supra
2773 2331 3139 2385 substantiam
3180 2332 3579 2387 substantiatus

1998 2427 2101 2474 est.
2133 2438 2152 2470 ι
2180 2418 2449 2474 Nimirum
2477 2420 2847 2490 generationis
2872 2421 3138 2475 naturalis
3170 2422 3342 2492 legem
3380 2423 3580 2476 immn-

1999 2509 2153 2574 tavit,
2188 2519 2243 2564 et
2284 2508 2492 2579 absque
2522 2509 2668 2564 virili
2704 2510 2913 2565 semine
2950 2509 3002 2563 in
3040 2512 3223 2580 specie
3250 2512 3416 2566 homo
3448 2528 3578 2567 vere
3633 2570 3637 2575 ,

1997 2596 2174 2653 factus
2204 2608 2317 2663 est;
2347 2598 2401 2652 id
2427 2598 2577 2667 quod
2618 2597 2864 2653 declarat
2887 2599 3053 2669 Virgo
3081 2614 3201 2668 quae
3228 2600 3380 2653 illum
3414 2599 3578 2654 modo
3633 2668 3642 2675 .

1997 2688 2398 2759 supernaturali
2441 2689 2588 2758 parit
2628 2688 2872 2745 Verbum
2916 2689 3477 2758 supersubstantialc,
3520 2697 3580 2745 et

1996 2780 2220 2850 quidem
2257 2779 2467 2849 absque
2495 2795 2599 2849 ope
2635 2778 2742 2833 viri
2772 2795 2840 2834 ex
2877 2794 2980 2833 suo
3012 2779 3266 2849 virginali
3310 2782 3577 2851 sanguine

1995 2878 2337 2933 concretum,
2372 2885 2440 2924 eo
2484 2869 2799 2944 modoquo
2845 2869 3028 2925 cmteri
3080 2869 3338 2925 homines
3367 2871 3576 2939 produ-

1996 2970 2219 3026 cuntur,
2250 2961 2369 3032 lege
2398 2969 2579 3017 tamen
2606 2961 2870 3016 nascendi
2912 2977 3023 3016 non
3050 2969 3286 3017 servata.
3317 2962 3385 3015 Et
3412 2978 3577 3031 supra

314 3025 471 3089 ποσὶ,
504 3027 818 3095 σωματικὸν
852 3028 1016 3098 ὄγκον
1044 3029 1251 3101 έχουσι.
1279 3034 1377 3088 καὶ
1402 3035 1534 3107 ὕλης
1575 3038 1764 3111 βάρος,
1792 3041 1894 3113 τὴν

1998 3052 2284 3108 hominum
2314 3052 2692 3109 conditionem
2716 3053 2885 3122 gessit
2910 3068 2975 3107 ea
3000 3069 3122 3123 quae
3147 3052 3385 3108 hominis
3413 3061 3575 3118 sunt;

314 3115 496 3187 ὑγρὰν
544 3119 641 3172 καλ⁸
688 3119 923 3176 ἄστατον
970 3122 1159 3178 οὐσίαν
1180 3123 1227 3158 ⁸⁸
1252 3128 1635 3196 μεταϐατικῶς
1679 3134 1883 3188 ἐπεπό-

314 3223 477 3281 ρευτο
502 3209 570 3276 ’⁵,
592 3210 914 3280 περιπατῶν
936 3213 1029 3266 ἐπὶ
1052 3214 1329 3288 Θαλάσσης
1355 3218 1432 3283 ὡς
1453 3221 1540 3274 ἐπ’
1564 3223 1610 3254 ⁸⁸
1638 3224 1893 3296 ἐδάφους,

313 3296 412 3350 καὶ
435 3299 504 3369 τῇ
533 3298 758 3369 δυνάμει
782 3301 884 3371 τῆς
905 3302 1102 3358 ἐαυτοῦ
1136 3305 1396 3379 θεότητος
1437 3312 1763 3384 ἀχωρίστως
1803 3317 1896 3374 διά

310 3387 415 3458 τῆς
436 3386 483 3421 ’⁷
520 3389 876 3458 μεταϐάσεως
918 3397 1295 3464 συνεκφαίνων
1324 3401 1426 3471 τῆς
1448 3403 1654 3469 οἰκείας
1693 3408 1896 3476 σαρκὸς

311 3476 416 3548 τὴν
447 3479 588 3570 κατά
627 3480 795 3548 φύσιν
837 3482 1125 3553 ἐνέργειαν
1159 3501 1174 3517 ⁸
1211 3486 1372 3560 εἴπερ
1406 3490 1570 3559 φύσει
1617 3495 1824 3567 ταύτης
1854 3500 1889 3570 ἡ

316 3568 657 3642 μετασατικη
683 3572 992 3644 καθέστηκε
1016 3576 1259 3645 κίνησις,
1287 3578 1405 3633 ἀλλ’
1434 3582 1494 3634 οὗ
1534 3584 1635 3654 τῆς
1671 3568 1891 3659 ἡνωμέέ-

313 3675 414 3749 νης
433 3661 572 3731 αὐτῇ
610 3664 732 3717 καθ’
767 3665 1068 3720 ὑπόστασιν
1096 3668 1474 3744 ύπεραπείρου
1523 3676 1623 3728 καὶ
1655 3677 1895 3750 ὑπερου-

314 3750 435 3804 σίου
484 3751 755 3825 θεότητος.
790 3756 971 3822 Ἀπαξ
999 3758 1107 3830 γὰρ
1148 3760 1517 3833 ἀνθρωπικῶς
1553 3767 1837 3834 ούσιωθεὶς
1865 3772 1894 3825 ὁ

315 3840 644 3912 ὑπερούσιος
699 3844 873 3915 Λόγος
942 3848 1080 3916 μετά
1125 3850 1227 3920 τῆς
1290 3852 1639 3927 ἀνθρωπίνης
1701 3860 1893 3926 οὐσίας

315 3934 590 4004 ἀμείωτον
619 3930 786 4007 εἶχεν,
816 3937 893 4002 ὡς
933 3938 1070 3993 ἰδίαν
1102 3941 1269 3996 αὑτοῦ
1299 3982 1315 4007 ,
1370 3946 1466 4000 καὶ
1499 3949 1680 4020 (ιιι
1713 3951 1763 4023 b)
1794 3953 1892 4025 τὴν

314 4026 550 4093 γενικῶς
580 4026 742 4080 αὑτὸν
781 4027 858 4092 ὼς
901 4027 1195 4101 ἄνθρωπον
1235 4040 1748 4110 χαρακτηρίζουσαν
1792 4046 1892 4116 τῆς

314 4116 504 4179 οὐσίας
550 4117 765 4188 κίνησιν
813 4121 979 4174 πᾶσιν
1031 4118 1112 4187 οἷς
1160 4123 1236 4185 ὠς
1281 4125 1568 4199 ἄνθρωπος
1594 4132 1816 4206 ἐνήργει
1843 4135 1891 4169 ⁸⁸

315 4208 564 4277 φυσικῶς
609 4212 1056 4285 εἰδοποιουμένην
1090 4232 1104 4247 ο
1156 4218 1318 4290 εἴπερ
1372 4221 1590 4294 άληθῶς
1655 4227 1885 4297 γέγονεν

314 4301 621 4374 ἄνθρωπος,
646 4304 953 4374 ἀναπνέων,
976 4306 1174 4377 λαλῶν,
1199 4311 1454 4381 βαδίζων,
1486 4320 1674 4388 χεῖρας
1699 4322 1886 4389 κινῶν,

1994 3142 2396 3197 elementorum
2443 3142 2591 3196 enim
2639 3150 2894 3197 naturam
2925 3142 3258 3207 immutavit,
3290 3143 3428 3197 nihil
3462 3145 3579 3214 ipse

1995 3234 2317 3290 immutatus
2365 3234 2481 3288 suis
2528 3234 2829 3303 gressibus.
2879 3234 2997 3289 Hoc
3046 3234 3193 3290 clare
3238 3234 3581 3291 demonstrat

1993 3338 2134 3394 aqua
2177 3339 2277 3394 per
2318 3340 2379 3381 se
2426 3324 2722 3388 instabilis,
2760 3340 2884 3396 quae
2914 3325 3117 3396 pedum
3161 3342 3226 3382 ex
3260 3327 3489 3382 materia
3511 3335 3579 3383 et

1994 3424 2141 3472 terra
2162 3423 2553 3470 coneretorum
2574 3415 2896 3487 gravitatem
2915 3415 3172 3481 sustinet,
3189 3431 3369 3486 neque
3393 3424 3576 3472 tamen

1993 3508 2161 3571 cedit,
2192 3508 2289 3563 sed
2318 3508 2523 3562 virtute
2549 3508 2957 3577 supernaturali
2983 3508 3102 3562 sine
3127 3507 3422 3562 ditl’usione
3447 3508 3579 3563 sub—

1993 3595 2158 3651 sistit.
2186 3596 2325 3651 Vere
2360 3597 2551 3665 utique
2586 3598 2750 3653 siccis
2789 3597 3047 3667 pedibus,
3072 3598 3240 3662 mole,
3285 3612 3518 3668 corpore
3545 3613 3575 3650 a

1992 3687 2246 3751 materia,
2280 3696 2339 3743 et
2382 3688 2626 3757 pondere
2673 3689 2941 3758 praeditis,
2979 3689 3155 3743 ﬂuxas
3186 3698 3242 3744 et
3292 3689 3579 3746 instabiles

1992 3794 2164 3850 aquas
2190 3768 2567 3849 pertransiens
2590 3780 3003 3847 obambulahat,
3035 3782 3391 3852 calcabatque
3425 3798 3577 3837 more

1994 3878 2254 3939 tanquam
2287 3870 2688 3941 pavimentum,
2720 3870 2884 3926 simul
2919 3887 3046 3926 cum
3078 3872 3326 3941 potentia
3357 3872 3579 3928 deitatis

1993 3976 2107 4029 sua},
2133 3962 2580 4032 inseparabiliter
2603 3978 2702 4032 per
2730 3978 2852 4018 eam
2877 3962 3366 4018 inambulationem
3394 3964 3581 4020 carnis

1991 4054 2230 4126 propriae
2272 4056 2651 4124 operationem
2696 4064 3157 4112 commonstrans.
3189 4055 3364 4127 Hujus
3405 4057 3580 4126 siqui-

1993 4145 2118 4201 dem
2153 4147 2336 4202 carnis
2382 4147 2642 4217 proprius
2692 4156 2813 4202 erat
2860 4148 2952 4203 ille
3000 4147 3322 4203 ambulandi
3371 4155 3574 4214 motus,

1993 4252 2345 4309 nequaquam
2388 4245 2573 4294 autem
2612 4240 2897 4295 immensas
2942 4247 3000 4294 et
3030 4232 3579 4309 supersubstantialis
3614 4310 3617 4311 ν

1994 4329 2216 4386 deitatis
2261 4330 2313 4385 ei
2362 4346 2461 4399 per
2502 4330 2821 4400 hypostasin
2855 4328 3116 4384 adunitaz.
3149 4330 3392 4384 Verbum
3426 4330 3577 4385 enim

315 4392 614 4491 προσφυῶς
661 4397 781 4491 ταῖς
833 4397 1120 4491 αἰσθήσεσι
1165 4402 1447 4473 χρώμενος
1490 4409 1571 4472 εἰς
1603 4411 1887 4482 ἀντίληψιν

1998 4421 2452 4491 superessentiale
2502 4420 2595 4474 ubi
2630 4421 2798 4475 semel
2852 4420 3095 4475 hominis
3143 4421 3438 4475 essentiam
3489 4437 3578 4476 as-

314 4484 427 4537 τῶν
474 4484 771 4556 αἰσθητῶν,
800 4489 1024 4557 πεινῶν,
1053 4490 1245 4562 διψῶν,
1276 4495 1496 4564 ἐσθίων,
1547 4500 1752 4570 ὑπνῶν,
1810 4521 1896 4558 κο-

316 4576 478 4636 πιῶν,
506 4577 780 4650 δακρύων,
839 4581 1113 4651 ἀγωνιῶν,
1142 4587 1322 4641 καίτοι
1361 4588 1590 4662 δύναμις
1629 4592 1706 4648 ὣν
1757 4596 1894 4649 αὐθ-

317 4668 639 4736 υπόστατος,
701 4671 797 4725 καὶ
843 4672 913 4727 τά
967 4674 1129 4731 λοιπά
1183 4680 1362 4734 πάντα
1390 4676 1471 4746 οἷς
1514 4683 1895 4757 αὐτουργικῶς

313 4757 494 4829 ψυχῆς
522 4760 679 4832 δίκην
709 4763 953 4832 φυσικῶς
978 4765 1039 4819 τὸ
1085 4769 1333 4840 συμφυὲς
1389 4770 1553 4841 σῶμα
1611 4775 1891 4846 κινούσης,

316 4849 417 4920 τὴν
455 4852 900 4924 προσληφθεῑσαν
951 4856 1114 4927 φύσιν
1150 4860 1318 4916 κινῶν
1345 4862 1423 4928 ὡς
1462 4865 1631 4918 αὐτοῦ
1673 4868 1769 4921 καὶ
1800 4885 1894 4937 γε-

317 4941 551 5013 νομένην
594 4944 810 5016 άληθῶς
850 4947 946 5001 καὶ
990 4949 1313 5023 λεγομένην,
1338 4954 1372 5024 ἦ
1428 4956 1636 5027 κυρίως
1685 4961 1888 5028 εἰπεῖν,

316 5032 483 5096 αὐτὸς
534 5033 661 5106 δίχα
708 5037 921 5107 τροπῆς
959 5039 1112 5095 τοῦθ’
1133 5043 1274 5114 ὅπερ
1329 5046 1447 5101 ἐστὶ
1485 5053 1894 5120 πραγματικῶς

306 5125 352 5194 ,ἠ
376 5124 539 5194 φύσις
559 5127 849 5198 γενόμενος
878 5130 1241 5202 ἀφαντάστως
1263 5124 1308 5169 ’δ
1327 5137 1427 5209 τὴν
1455 5139 1599 5213 ὑπὲρ
1635 5142 1792 5214 ἡμῶν
1817 5147 1893 5199 οἰ-

319 5216 578 5288 κονομίαν
605 5218 988 5292 πεπλήρωκεν.
1025 5224 1140 5279 Οὐκ
1174 5225 1382 5281 ἀνεῖλεν
1409 5225 1504 5285 οὖν
1546 5232 1645 5303 τὴν
1690 5251 1892 5289 συστα-

1992 4513 2247 4583 sumpsit,
2280 4513 2443 4568 simul
2473 4529 2600 4568 cum
2627 4500 2691 4568 ea
2725 4512 2920 4568 habuit
2946 4522 3004 4566 et
3034 4518 3243 4566 motum
3273 4513 3454 4580 plene.
3479 4514 3575 4579 qui

1992 4603 2202 4660 homini
2231 4605 2492 4675 proprius
2513 4615 2618 4669 est,
2647 4604 2854 4675 quique
2877 4604 2997 4674 ejus
3019 4603 3315 4658 essentiam
3343 4619 3576 4673 genera-

1990 4694 2119 4750 liter
2166 4696 2583 4759 characterizat,
2638 4696 2806 4765 inque
2842 4696 2911 4751 iis
2950 4696 3209 4751 omnibus
3252 4697 3577 4751 naturaliter

1992 4786 2342 4855 speciﬁcatur
2378 4787 2433 4840 in
2465 4787 2666 4856 quibus
2700 4796 2761 4841 ut
2795 4786 2962 4841 homo
2993 4787 3362 4857 operabatur;
3395 4802 3575 4856 quan-

1990 4875 2287 4946 doquidem
2326 4893 2456 4933 vere
2484 4878 2660 4933 factus
2684 4887 2769 4934 est
2796 4878 2985 4943 homo,
3019 4878 3347 4949 respirabat,
3379 4878 3574 4948 loque-

1990 4969 2175 5037 batur,
2203 4970 2538 5037 ambulabat,
2569 4976 2767 5027 manus
2792 4973 3068 5037 movebat,
3099 4972 3356 5028 sensibus
3383 4971 3578 5026 uteba-

1990 5066 2082 5113 tur
2129 5070 2498 5131 congruenter
2544 5062 2615 5116 ad
2680 5077 2770 5118 res
2816 5061 3110 5118 sensibiles
3154 5062 3570 5133 percipiendas,

1990 5149 2293 5216 esuriebat,
2331 5150 2575 5218 sitiebat,
2601 5151 2823 5217 edebat,
2857 5151 3188 5217 dormiebat,
3218 5152 3571 5224 fatigabatur,

1989 5238 2414 5311 lacrymabatur,
2447 5240 2897 5301 contristabatur.
2931 5242 3194 5311 Quamvis
3223 5243 3444 5299 interim
3482 5258 3573 5300 es-

1582 5369 1810 5426 VARIAE
1849 5371 2256 5430 LECTIONES.
3376 5422 3393 5437 ς

405 5444 797 5546 ῗλσυνέπειρεν
846 5453 1104 5546 ειξί..ϐιι1ἆ.
1135 5457 1312 5546 ιη’τε
1352 5461 1614 5546 ed._Gal._
1682 5466 1725 5498 ⁸⁷
1749 5467 1897 5537 ὄσῳι

2011 5469 2130 5525 Gal.
2177 5540 2191 5546 -
2213 5465 2519 5546 ’[ούδέν
2542 5472 2646 5529 θύω
2666 5472 2817 5546 βαι.⁸
2843 5474 2911 5546 ’ζ
2934 5479 3254 5546 περιουσίας
3302 5475 3392 5531 ed.
3448 5477 3569 5536 Gal.

256 5538 273 5543 -
319 5513 369 5548 “
416 5514 507 5571 τὸν
563 5534 671 5572 om.
707 5513 817 5574 'ed.
863 5521 981 5578 Gal.

318 5582 441 5639 Gal.
529 5586 584 5657 οξ
629 5589 994 5657 ἐπεπορεύετο

318 5656 627 5722 τασιαστῶς
650 5657 739 5712 ed.
770 5656 888 5716 Gal.
1114 5691 1119 5696 -
1144 5696 1159 5732 ε

1063 5528 1483 5613 έὶένξίργειεάε
1520 5533 1643 5613 Gal;
1708 5539 1759 5613 1’
1782 5528 1897 5613 εειύθι

1998 5557 2100 5613 τινα
2126 5540 2215 5613 ςειιἐ
2238 5539 2369 5613 Gal._
2426 5528 2732 5613 "ﬁstspt‘iw
2753 5544 2842 5599 ed.
2873 5543 2992 5600 Gal.
3009 5528 3021 5546 ’
3044 5544 3090 5576 ’⁵
3118 5528 3566 5604 οὐσίαντὸηιζεῐ

1049 5596 1137 5651 ed.
1183 5596 1301 5655 om;
1380 5603 1423 5634 θ’
1467 5604 1556 5656 ἐπὶ
1578 5604 1666 5661 ed.
1700 5606 1818 5661 Gal.
1889 5596 1897 5608 ’

1998 5608 2050 5663 st’
2082 5610 2252 5680 αὐτῆς
2304 5611 2393 5666 ed.
2451 5596 2566 5668 an.
2624 5596 3072 5687 “vesaniam.
3113 5596 3569 5688 GaIIW‘BeJ;
3624 5668 3627 5669 ,
