4008 6194
491 308 622 375 1351

1648 320 1709 378 s.
1750 320 2038 379 MAXIMI
2077 276 2587 381 CONFESSORIS
3176 323 3198 351 ’

3593 328 3714 397 1052

486 440 574 485 set
606 429 853 500 potentia
887 444 984 499 per
1011 444 1072 484 se
1102 429 1429 493 subsistens,
1466 441 1521 486 et
1546 447 1609 487 ea
1640 434 1692 487 in
1724 450 1783 488 se
1819 434 2072 489 contine-

2173 436 2333 506 τικήν
2355 436 2455 505 τῆς
2484 436 2501 466 ¹
2534 433 2972 507 προσληφθείσης
3001 430 3188 500 οὐσίας
3218 435 3515 506 ἐνέργειαν,
3544 441 3713 517 ῶσπερ

489 530 573 574 ret
601 520 788 573 omnia
822 535 921 588 per
955 535 1076 588 qua:
1123 520 1288 573 modo
1321 522 1625 585 liberrimo,
1658 541 1767 578 non
1813 541 1971 580 secus
2003 541 2069 580 ac

488 612 672 665 anima
699 627 902 680 corpus
935 611 1040 664 sibi
1084 611 1345 666 adnatum
1382 616 1710 669 naturaliter
1741 627 1942 681 movet,
1982 632 2072 672 as-

488 712 763 771 sumptam
794 710 1043 755 naturam
1076 702 1308 772 agitans.
1341 713 1400 757 ut
1425 720 1579 759 suam
1610 716 1666 761 et
1701 724 1829 762 vere
1871 708 2071 763 factam

488 801 546 846 et
576 807 708 846 vere
727 793 953 857 dictam,
989 793 1098 856 vel,
1146 800 1207 847 ut
1249 796 1473 864 proprie
1525 797 1739 866 loquar,
1787 798 1903 867 ipse
1952 801 2072 855 sine

488 884 791 939 mutatione
820 885 872 939 id
903 885 1082 954 ipsum
1129 887 1305 956 reipsa
1340 886 1517 941 factus
1571 897 1656 941 est
1702 890 1850 958 quod
1878 899 2073 944 natura

489 986 608 1030 erat
638 992 739 1045 pro
765 977 924 1031 nobis
950 977 1443 1047 dispensationem,
1471 994 1578 1032 non
1605 988 1786 1033 tamen
1817 982 1870 1034 in
1902 982 2073 1051 phan-

494 1072 743 1127 tasmate,
781 1065 1124 1135 adimplcvit.
1160 1068 1276 1121 Non
1311 1067 1479 1137 igitur
1514 1068 1754 1122 abolevit
1794 1071 2073 1139 operatio-

491 1171 638 1221 nem,
668 1173 790 1225 qua:
830 1167 949 1212 erat
977 1159 1332 1213 constitutiva
1365 1159 1504 1213 ratio
1548 1170 1841 1230 assumptaa
1879 1177 2073 1217 essene

496 1247 603 1310 tize,
649 1248 1113 1315 quemadmodum
1140 1266 1240 1304 nec
1282 1250 1454 1319 ipsam
1490 1251 1818 1306 sententiam
1854 1254 2077 1309 sustulit

498 1337 754 1405 magister
799 1352 926 1391 cum
971 1338 1218 1396 diceret:
1256 1359 1275 1390 ι
1316 1340 1492 1409 Super
1533 1341 1893 1398 substantiam
1939 1345 2076 1399 sub-

499 1426 792 1480 stantiatus
827 1437 947 1491 est,
985 1436 1042 1481 ct
1091 1444 1255 1498 supra
1303 1430 1676 1486 conditionem
1726 1433 1966 1490 hominis
2010 1451 2079 1491 ea

497 1532 620 1583 qua:
664 1516 904 1572 hominis
938 1528 1067 1573 sunt
1098 1520 1451 1589 operabatur,
1492 1542 1509 1573 ι
1549 1524 1645 1577 sed
1688 1526 1948 1595 utrinque
1983 1543 2076 1583 os-

500 1604 676 1659 tendit
702 1607 991 1675 quamdam
1026 1609 1314 1664 modorum
1339 1611 1658 1677 novitatem,
1686 1616 1852 1671 salvis
1882 1617 2075 1672 iisdem

498 1696 807 1751 rationibus
834 1700 1203 1766 naturalibus,
1247 1704 1450 1772 quibus
1490 1705 1688 1761 ablatis
1731 1708 1986 1772 nihilest
2018 1710 2074 1765 id

497 1787 644 1856 quod
674 1789 796 1843 esse
824 1801 1013 1845 natum
1048 1802 1185 1846 erat.
1218 1792 1274 1847 Si
1308 1810 1442 1849 vero
1481 1796 1782 1853 dixerimus
1810 1802 1956 1869 quod
1987 1817 2078 1855 as-
2108 1775 2151 1830 Β

497 1886 727 1944 sumpta:
775 1880 1093 1935 substantiae
1138 1883 1467 1951 positionem
1516 1886 1756 1967 itemque
1799 1893 2077 1960 operatio-

498 1966 585 2021 nis
617 1983 737 2022 eam
787 1970 1179 2027 constituentis
1224 1966 1867 2035 ablationemcontineat
1914 1982 1970 2036 in
2019 1997 2079 2037 se

497 2059 918 2126 supereminens
940 2062 1179 2130 negatio,
1197 2078 1315 2139 qua
1330 2065 1548 2118 tandem
1573 2068 1782 2123 ratione
1803 2071 2074 2136 eamdem,

498 2148 721 2218 utrique
755 2152 1042 2218 aequaliter
1077 2154 1422 2219 attributam,
1458 2156 1618 2212 istius
1650 2171 1897 2229 respectu
1931 2165 2076 2219 exsi-

497 2240 774 2303 stentiam,
805 2241 972 2311 hujus
1008 2258 1140 2297 vero
1173 2244 1539 2301 sublationem
1568 2248 1854 2319 designare
1889 2265 2076 2309 osten-

494 2330 728 2384 demus?
772 2331 827 2386 Si
860 2347 1074 2396 rursus,
1106 2336 1439 2405 quandoque
1466 2353 1577 2392 non
1616 2349 1700 2393 est
1734 2358 1831 2411 per
1858 2359 1918 2399 se
1959 2361 2080 2399 mo-

495 2419 624 2474 bilis
662 2432 943 2491 assumpta
986 2433 1206 2489 natura,
1239 2426 1334 2480 sed
1371 2437 1623 2483 movetur
1665 2446 1695 2484 a
1735 2433 1939 2489 deitate
1974 2437 2080 2491 sibi

494 2527 594 2580 per
618 2512 939 2584 hypostasin
973 2516 1103 2570 vere
1138 2517 1315 2580 unita,
1347 2526 1556 2573 motum
1584 2521 1677 2590 qui
1714 2538 1834 2577 eam
1872 2528 2080 2582 consti-

496 2605 602 2660 tuit
632 2606 955 2672 auferimus,
988 2626 1092 2664 nec
1125 2611 1297 2680 ipsam
1326 2612 1710 2680 substantiam,
1741 2618 1856 2673 sive
1888 2600 2097 2675 essen;

496 2697 650 2761 tiam,
682 2701 1219 2766 conservaverimus,
1270 2711 1332 2757 ut
1378 2720 1500 2773 quae
1539 2721 1646 2761 non
1684 2708 1853 2764 fuerit
1896 2727 1995 2781 per
2023 2728 2083 2768 se

495 2788 827 2853 subsistens,
860 2790 958 2844 sed
1008 2791 1063 2845 in
1106 2792 1287 2846 Verbo
1332 2794 1444 2849 Deo
1486 2811 1615 2852 vere
1639 2798 1689 2852 ei
1717 2801 2083 2857 consubstan-

498 2879 634 2932 tiato
684 2894 846 2933 suum
888 2896 1011 2935 esse
1058 2882 1327 2947 obtineat,
1365 2886 1492 2953 quia
1544 2902 1644 2956 par
1690 2898 1776 2943 est
1822 2892 2083 2962 utrinque

497 2969 639 3023 ratio
671 2970 739 3024 ad
787 2972 1209 3040 postulandum,
1253 2976 1420 3029 etiam
1468 2982 1699 3033 motum'
1729 2995 1853 3034 cum
1888 2989 2082 3038 natura

497 3060 880 3127 contiteamur,
915 3063 1035 3117 sine
1075 3079 1184 3133 qua
1230 3080 1301 3119 ne
1336 3075 1482 3122 stare
1518 3069 1741 3138 quidem
1773 3079 1954 3141 potest
1982 3089 2082 3129 na-
2109 3098 2153 3156 ο

500 3162 646 3218 tura,
678 3154 813 3208 illud
853 3164 1124 3221 tenentes,
1163 3158 1463 3227 quod’alia
1510 3160 1581 3216 sit
1607 3164 1827 3218 essendi
1871 3156 2083 3239 simpli-

498 3245 658 3326 citer,
690 3244 796 3300 alia
825 3253 1007 3300 autem
1036 3248 1143 3302 hoc
1178 3249 1344 3304 modo
1388 3252 1609 3306 essendi
1657 3255 1820 3319 ratio,
1853 3273 2085 3326 quarum

499 3318 579 3389 illi
615 3344 833 3401 natura,
872 3336 1002 3391 huic
1030 3336 1370 3407 dispensatio
1410 3339 1684 3397 innititur.
1709 3318 1911 3397 Harum
1950 3361 2084 3400 con-

500 3440 696 3480 cursus
724 3441 984 3497 magnum
1018 3429 1155 3484 illud
1182 3429 1311 3486 Jesu
1347 3434 1783 3501 supematuralis
1805 3436 2089 3506 physiolo-

499 3516 602 3587 gia;
626 3518 947 3587 mysterium
982 3520 1276 3589 perliciens
1312 3523 1367 3577 in
1409 3539 1477 3579 eo
1499 3524 1742 3579 ostendit
1770 3528 2086 3582 conservari

499 3608 884 3678 operationum
906 3610 1317 3669 distinctionem
1343 3615 1506 3669 simul
1528 3624 1584 3670 et
1605 3616 1931 3683 unitionem,
1954 3617 2086 3673 dum

501 3700 617 3755 hac
660 3700 909 3755 cernitur
953 3702 1232 3758 indivisim
1288 3705 1345 3758 in
1396 3706 1634 3760 naturali
1677 3707 1957 3761 unitorum
1996 3723 2086 3761 ra-

502 3791 674 3853 tione.
713 3793 805 3849 illa
838 3810 971 3849 vero
1003 3794 1333 3851 ineonfusim
1363 3794 1708 3865 dignoscitur
1753 3796 1809 3848 in
1851 3795 2086 3865 simplici

501 3883 883 3950 operationum
915 3885 1101 3940 modo.
1146 3886 1278 3951 Qua:
1317 3885 1464 3938 enim
1499 3893 1592 3938 aut
1627 3886 1824 3954 qualis,
1852 3887 1948 3940 ubi
1993 3896 2088 3941 aut

501 3973 781 4040 quomodo
810 3982 1007 4028 natura
1030 3976 1140 4029 erit
1182 3974 1538 4029 constitutiva
1566 3973 1781 4043 privata
1808 3977 2090 4045 potentia?

502 4063 637 4117 Nam
664 4065 813 4133 quod
852 4065 1081 4119 omnino
1116 4066 1322 4119 nullam
1362 4064 1531 4119 habet
1560 4066 1881 4133 potentiam,
1908 4082 2087 4137 neque

504 4158 682 4227 ipsum
714 4168 819 4223 est,
846 4176 1025 4230 neque
1070 4161 1244 4230 ipsius
1274 4160 1384 4213 ulla
1416 4160 1642 4215 omnino
1665 4170 1749 4216 est
1778 4163 1999 4232 positio,
2026 4172 2088 4218 ut

503 4251 581 4305 ait
611 4252 743 4305 alibi
793 4266 1021 4321 magnus
1061 4250 1152 4306 hic
1199 4252 1479 4321 magister.
1530 4251 1649 4308 Jam
1692 4254 1738 4308 si
1780 4255 1896 4310 hate
1935 4256 2087 4311 nullo

505 4341 670 4394 modo
694 4340 810 4395 ﬁeri
843 4341 1077 4410 possint,
1113 4349 1332 4410 oportet
1358 4342 1449 4409 pie
1474 4341 1725 4396 conﬁteri
1760 4358 1886 4397 eum
1922 4352 2085 4397 natu-

2170 526 2279 580 οὐδ’
2304 526 2475 595 αὑτὴν
2502 527 2602 596 τὴν
2636 525 2825 580 οὑσίαν
2850 528 2877 580 6
2904 526 3242 592 διδάσκαλος,
3277 528 3464 582 εἰπών·
3493 549 3513 582 ι
3557 532 3713 607 ’Υπέρ

2171 618 2359 670 ούσίαν
2390 618 2410 647 ’
2440 615 2702 688 οὑσιώθη.
2735 617 2831 669 καὶ
2870 617 3011 687 ὑπὲρ
3048 617 3335 689 ἄνθρωπον
3362 621 3577 692 ἐνήργει
3612 623 3632 656 ⁸
3653 628 3712 679 τὰ

2172 708 2461 779 ἀνθρώπου
2488 725 2502 740 ο
2548 708 2710 769 ιάλλ*
2737 707 2940 775 ἔδειξεν
2968 708 3057 761 ἐπ’
3086 709 3293 780 ἀμφοῖν
3320 711 3417 780 τὴν
3443 714 3714 786 καινότητα

2171 799 2278 851 τῶν
2296 799 2516 869 τρόπων
2547 802 2604 852 ἐν
2625 802 2691 870 τῇ
2719 799 3043 870 μονιμότητι
3073 801 3182 853 τῶν
3216 805 3461 871 φυσικῶν
3486 804 3712 877 σωζομέ-

2179 905 2275 957 νην
2305 888 2497 957 λόγων,
2544 882 2618 942 ὧν
2648 890 2816 960 χωρὶς
2861 889 3013 944 οὐδὲν
3056 890 3164 945 τῶν
3208 892 3377 947 ὄντων
3414 895 3555 950 ἐστὶν
3592 897 3713 968 ὅπερ

2172 980 2338 1034 ἐστίν.
2368 981 2428 1033 El
2460 981 2517 1034 δὲ
2537 981 2747 1051 φῶμεν,
2783 981 2859 1046 ὡς
2889 982 2988 1052 τῆς
3023 983 3121 1053 μὲν
3158 983 3593 1056 προσληφθείσης
3640 988 3713 1041 οὑ-

2176 1071 2294 1134 σίας
2323 1072 2491 1137 θέσις,
2516 1072 2617 1141 τῆς
2640 1073 2695 1126 δὲ
2719 1075 3049 1146 συστατικῆς
3079 1075 3249 1146 αὑτῆς
3277 1077 3551 1147 ἐνεργείας
3571 1081 3714 1149 ἀφαί·

2177 1180 2345 1234 ρεσις,
2377 1164 2413 1233 ἡ
2450 1164 2572 1217 καθ’
2606 1164 2628 1196 ⁸
2647 1165 2923 1236 ὑπεροχήν
2945 1168 3093 1220 ἐστιν
3119 1168 3422 1237 ἀπόφασις,
3446 1170 3550 1223 τίνι
3576 1170 3703 1241 λόγῳ

2172 1254 2271 1325 τὴν
2298 1256 2464 1327 αὑτὴν
2493 1256 2579 1308 ἐπ’
2618 1257 2820 1324 ἀμφοῖν
2851 1258 2982 1321 ἴσως
3013 1259 3285 1325 τεθεῖσαν,
3311 1261 3413 1330 τῆς
3447 1262 3541 1332 μὲν
3560 1261 3713 1334 ῦπαρ-

2176 1344 2279 1411 ξιν,
2300 1346 2406 1415 τῆς
2438 1344 2494 1397 δὲ
2517 1345 2737 1408 πάντως
2764 1346 3046 1417 ἀναίρεσιν
3062 1349 3440 1418 σημαίνουσαν
3470 1348 3710 1420 δείξομενς

2179 1434 2249 1485 Ἢ
2279 1432 2440 1485 πάλιν
2470 1432 2703 1503 ἐπείπερ
2727 1434 2829 1486 οὑκ
2860 1434 3216 1505 αὑτοκίνητος
3252 1437 3285 1505 ὴ
3336 1436 3713 1507 προσληφθεῖσα

2177 1523 2337 1593 φύσις
2365 1524 2531 1587 ἐστὶν,
2565 1525 2668 1578 ὑπὸ
2701 1524 2801 1595 τῆς
2833 1525 3118 1597 ήνωμένης
3139 1526 3322 1597 (112
3349 1529 3405 1597 a)
3436 1528 3566 1599 αὐτῇ
3609 1528 3718 1582 καθ’

2179 1611 2472 1664 ὑπόστασιν
2500 1611 2715 1683 ἀληθῶς
2744 1613 3036 1685 κινουμένῃ
3056 1615 3078 1647 ⁸
3107 1613 3383 1685 θεότητος,
3407 1616 3498 1669 καὶ
3526 1616 3615 1686 τήν
3637 1634 3716 1669 συ-

2180 1702 2441 1771 στατικὴν
2493 1702 2664 1772 αὐτῆς
2703 1703 3091 1775 ἀφαιρούμεθα
3134 1704 3373 1777 κίνησιν,
3403 1706 3523 1777 μηδ’
3571 1707 3718 1778 αὐτὴν

2180 1791 2277 1859 τὴν
2300 1792 2487 1846 οὐσίαν
2530 1794 2939 1865 ὁμολογήσομεν
2972 1796 3013 1861 ⁸,
3047 1796 3147 1851 οὑκ
3194 1797 3594 1853 αὑθυπόστατον
3632 1817 3718 1869 φα-

2178 1887 2380 1950 νεῖσαν,
2411 1886 2657 1939 τουτέστι
2687 1886 2812 1940 καθ’
2845 1888 3065 1957 ἑαυτήν,
3092 1887 3209 1941 ἀλλ’
3243 1890 3302 1941 ἐν
3326 1887 3476 1959 αὑτῷ
3507 1888 3579 1959 τῷ
3616 1890 3720 1943 κατ’

2179 1975 2438 2047 ἀλήθειαν
2461 1977 2632 2049 αὐτὴν
2658 1978 2975 2032 οὑσιωθέντι
3001 1978 3121 2049 Θεῷ
3166 1979 3326 2050 Λόγῳ
3377 1979 3439 2032 τὸ
3481 1974 3611 2035 εἶναι
3645 1979 3722 2034 ita.

2180 2066 2403 2131 δοῦσαν,
2429 2067 2551 2137 ίσην
2567 2069 2654 2120 ἐπ’
2670 2070 2873 2138 ἀμφοῖν
2895 2069 2995 2137 τὴν
3024 2068 3204 2122 αἰτίαν
3231 2068 3447 2139 ἔχοντες
3473 2070 3569 2139 τῆς
3592 2086 3717 2140 παρ·

2180 2160 2468 2230 σιτήσεως,
2501 2159 2534 2230 ἢ
2562 2158 2583 2190 ⁷
2621 2159 2717 2212 καὶ
2750 2160 2852 2229 τὴν
2882 2160 3098 2230 κίνησιν
3144 2162 3211 2231 τῇ
3255 2161 3416 2228 φύσει
3456 2160 3720 2232 συνομολοη

2180 2253 2445 2323 γήσομεν,
2466 2245 2535 2321 ἧς
2554 2250 2724 2320 χωρὶς
2746 2249 2868 2302 οὐδὲ
2901 2249 3063 2317 φύσις
3092 2250 3231 2318 ἐστὶ,
3266 2250 3619 2319 γινώσκοντες
3657 2250 3721 2311 ὡς

2180 2341 2368 2412 ἕτερος
2392 2340 2491 2410 μὲν
2528 2342 2556 2393 6
2584 2340 2677 2392 τοῦ
2706 2335 2847 2392 εἶναι
2868 2339 3022 2407 λόγος
3060 2341 3232 2405 ἐστὶν,
3266 2339 3458 2411 ἕτερος
3480 2340 3535 2393 δὲ
3577 2342 3604 2393 6
3639 2339 3723 2391 τοῦ

2183 2430 2301 2494 πῶς
2322 2426 2459 2483 εἶναι
2492 2430 2715 2500 τρόπος,
2739 2431 2766 2481 6
2794 2429 2894 2499 μὲν
2918 2428 3017 2498 τὴν
3049 2428 3236 2497 φύσιν,
3262 2430 3293 2483 6
3330 2431 3388 2482 δὲ
3418 2431 3514 2493 τὴν
3543 2431 3723 2483 οἰκονο-

2185 2524 2314 2594 μίαν
2347 2523 2727 2592 πιστούμενος.
2755 2516 2856 2574 Ὦν
2880 2523 2914 2591 ή
2939 2522 3154 2585 σύνοδος
3178 2524 3239 2576 τὸ
3280 2523 3426 2593 μέγα
3458 2523 3550 2592 τῆς
3578 2524 3726 2590 ὑπερ-

2183 2616 2354 2687 φυοῦς
2406 2615 2583 2686 Ἰησοῦ
2642 2615 2989 2684 φυσιολογίας
3051 2616 3405 2685 ποιησαμένη
3454 2616 3726 2685 μυστήριον

2185 2707 2500 2779 σωζομένην
2533 2707 2733 2772 ἔδειξεν
2760 2708 2817 2760 ἐν
2842 2706 3023 2776 ταυτῷ
3045 2707 3143 2777 τὴν
3173 2708 3443 2780 διαφορὰν
3464 2707 3567 2759 τῶν
3594 2708 3728 2775 ἐνερ-

2183 2798 2348 2863 γειῶν
2390 2799 2485 2852 καὶ
2515 2798 2613 2868 τὴν
2659 2797 2879 2861 ἕνωσιν,
2918 2796 3017 2867 τὴν
3039 2798 3154 2867 ,μὲν
3199 2798 3521 2869 ἀδιαιρέτως
3562 2799 3616 2850 ἐν
3660 2796 3728 2865 τῷ
3818 2786 3822 2791 ’

2186 2888 2397 2959 φυσικῷ
2452 2887 2835 2959 θεωρουμένην
2885 2888 3032 2957 λόγῳ
3066 2887 3174 2940 τῶν
3218 2889 3333 2957 ήνω
3345 2887 3540 2957 μένων,
3568 2887 3657 2956 τὴν
3678 2885 3727 2938 δὲ

2184 2978 2505 3051 ἀσυγχύτως
2555 2980 2612 3031 ἐν
2659 2978 2737 3049 τῷ
2786 2977 3058 3049 μοναδικῷ
3100 2977 3515 3048 γνωριζομένην
3564 2976 3729 3047 τρόπῳ

2184 3072 2293 3127 τῶν
2320 3071 2643 3142 γινομένων.
2683 3072 2748 3123 Τί
2779 3069 2888 3141 γὰρ
2919 3071 3012 3124 καὶ
3038 3069 3145 3135 τίς,
3171 3070 3276 3124 ποῦ
3307 3086 3368 3122 τε
3391 3072 3483 3124 καὶ
3507 3069 3617 3132 πῶς
3643 3067 3732 3136 qni-

2190 3179 2273 3225 σις
2310 3161 2461 3214 ἔσται
2501 3159 2835 3228 συστατικῆς
2873 3159 3082 3231 ἔρημος
3117 3163 3386 3234 γενομένη
3426 3159 3730 3229 δυνάμεως;

2188 3253 2261 3304 Τὸ
2297 3252 2404 3322 γὰρ
2467 3250 2697 3303 καθόλου
2769 3251 2904 3321 μηδὲ
2979 3251 3112 3321 μίαν
3150 3252 3284 3323 ,ἔχον
3340 3245 3565 3322 δύναμιν
3625 3247 3733 3302 οὔτε

2189 3339 2334 3393 ἔστιν
2359 3341 2403 3405 ⁸,
2431 3339 2555 3393 οῦτε
2583 3339 2636 3391 τί
2662 3340 2809 3391 ἐστιν
2839 3339 2882 3403 ⁸,
2908 3336 3033 3391 οὕτε
3067 3339 3185 3392 ἐστι
3220 3358 3306 3405 τις
3355 3340 3518 3394 αὑτοῦ
3557 3352 3737 3392 παντε-

2188 3431 2294 3493 λῶς
2348 3430 2517 3494 θέσις,
2557 3429 2724 3499 φησὶν
2764 3430 2791 3481 6
2839 3427 3011 3491 πολὺς
3045 3422 3202 3493 οὗτος
3242 3430 3580 3491 διδάσκαλος.
3608 3427 3735 3479 Εξδε

2186 3521 2389 3575 τούτων
2412 3521 2568 3590 λόγος
2600 3520 2795 3584 οὐδεὶς,
2831 3518 3074 3583 εὐσεϐῶς
3104 3520 3493 3589 ὁμολογεῖσθαι
3521 3519 3622 3589 χρὴ
3649 3515 3735 3577 τάς

2186 3630 2243 3667 τε
2266 3612 2355 3666 τοῦ
2389 3612 2626 3682 Χριστοῦ
2650 3610 2843 3680 φύσεις
2875 3603 2950 3663 ὧν
2992 3610 3154 3674 αὐτὸς
3198 3612 3499 3674 ὑπόστασις
3542 3606 3626 3679 ἦν,
3654 3608 3736 3659 καὶ

2185 3704 2285 3767 τάς
2330 3702 2497 3756 αὑτοῦ
2551 3701 2790 3770 φυσικὰς
2843 3699 3147 3771 ἐνεργείας,
3177 3693 3252 3754 ὧν
3291 3702 3456 3764 αὑτὸς
3475 3701 3658 3761 ἐνωσις
3679 3692 3738 3766 ἧν

2187 3794 2419 3864 ἀληθὴς,
2452 3795 2572 3846 κατ’
2595 3792 2764 3863 ἄμφω
2787 3792 2887 3855 τὰς
2918 3792 3113 3861 φύσεις
3143 3807 3157 3819 ·
3187 3791 3353 3862 εἴπερ
3382 3790 3560 3860 ἐαυτῷ
3589 3803 3736 3859 προσ-

2188 3885 2362 3954 φυῶς,
2395 3884 2715 3954 μοναδικῶς,
2746 3884 2915 3953 ἤγουν
2954 3882 3225 3947 ἐνοειδῶς,
3263 3882 3524 3953 ἐνεργῶν,
3557 3882 3645 3933 καὶ
3661 3874 3738 3930 διὰ

2187 3975 2405 4030 πάντων
2450 3973 2772 4044 ἀχωρίστως
2821 3975 2886 4043 τῇ
2939 3972 3096 4043 θεῖκῇ
3124 3974 3357 4043 δυνάμει
3393 3969 3739 4040 συνεκφαίνων

2185 4068 2286 4137 τῆς
2332 4066 2543 4129 οίκείας
2586 4065 2789 4135 σαρκὸς
2827 4065 2925 4136 τὴν
2977 4065 3282 4136 ἐνέργειαν.
3313 4066 3498 4135 (112
3530 4062 3580 4133 b)
3629 4058 3738 4120 Πῶς

2185 4158 2295 4227 γὰρ
2333 4155 2486 4211 ἔσται
2518 4156 2678 4225 φύσει
2701 4155 2860 4222 Θεὸς,
2893 4157 2989 4209 καὶ
3018 4155 3179 4225 φύσει
3213 4155 3381 4209 πάλιν
3417 4155 3689 4225 ἄνθρωπος
3714 4151 3739 4201 ὀ

2186 4247 2366 4312 αὐτὸς,
2396 4247 2495 4300 οὑκ
2546 4246 2686 4316 ἔχων
2732 4245 3036 4310 ἀνελλιπῶς
3066 4247 3110 4278 ¹⁰
3139 4245 3203 4299 τὸ
3236 4247 3399 4316 φύσει
3447 4245 3567 4301 κατ’
3591 4243 3740 4314 ἄμφω

2188 4340 2429 4407 πεφυκός
2464 4355 2480 4404 ;
2518 4339 2584 4391 Ti
2611 4355 2671 4391 τε
2702 4340 2799 4392 καὶ
2827 4339 2912 4402 τίς
2945 4339 3208 4409 ὑπάρχων
3246 4339 3638 4410 γνωσθήσεται,
3674 4330 3738 4403 μὴ

507 4446 595 4485 ras
620 4431 847 4498 Christi,
881 4447 1112 4502 quarum
1145 4432 1261 4501 ipse
1296 4432 1368 4486 sit
1408 4431 1739 4503 hypostasis,
1769 4442 1883 4487 tum
1916 4434 2083 4489 etiam

2188 4430 2549 4500 πιστούμενος
2608 4424 2690 4493 οἷς
2740 4430 2964 4500 ἐνήργει
3026 4430 3274 4497 φυσικῶς
3328 4433 3468 4501 ὅπερ
3528 4428 3638 4482 ἐστὶ
3674 4422 3740 4494 μὴ

505 4523 784 4578 naturales
807 4523 1177 4592 operationes,
1211 4537 1445 4591 quarum
1471 4537 1599 4576 vera
1630 4522 1745 4591 ipse
1770 4530 1854 4577 est
1879 4524 2081 4588 unitio,

478 4610 808 4667 ’secundum
853 4620 1147 4681 utramque
1191 4621 1466 4670 naturam.
1512 4613 1557 4666 si
1603 4628 1794 4667 verum
1834 4614 1966 4668 illud
2014 4616 2088 4669 sit

503 4702 652 4770 quod
697 4703 801 4757 sibi
843 4702 947 4771 ipsi
991 4712 1378 4772 congruenter,
1426 4702 1752 4772 simpliciter
1785 4711 1842 4757 et
1878 4705 2088 4759 unifor-

505 4794 670 4848 miter
702 4794 1055 4864 operabatur,
1091 4809 1299 4863 perque
1346 4796 1530 4847 omnia
1562 4794 1724 4848 simul
1768 4804 1824 4849 et
1867 4795 2087 4866 insepa-

504 4886 756 4941 rabiliter
779 4886 1179 4941 demonstravit
1212 4901 1321 4939 una
1357 4901 1483 4939 cum
1524 4885 1710 4940 divina
1736 4887 1940 4942 virtute
1974 4904 2088 4943 suae

503 4977 688 5032 carnis
723 4973 1133 5046 operationem.’
1166 4975 1270 5043 Qui
1302 4976 1448 5031 enim
1488 4991 1620 5031 vere
1651 4976 1817 5040 Deus,
1865 4985 1922 5030 et
1954 4992 2085 5031 vere

506 5067 671 5121 homo
706 5082 828 5122 esse
857 5076 1060 5135 posset,
1087 5068 1132 5122 si
1162 5076 1378 5123 careret
1405 5084 1473 5123 eo
1498 5068 1644 5138 quod
1676 5077 1967 5138 utramque
1990 5085 2085 5122 na-

506 5166 685 5212 turam
713 5173 842 5212 vere
871 5158 1194 5213 constituit?
1220 5160 1393 5214 Porro
1419 5159 1573 5229 quid,
1607 5174 1813 5229 quaeso,
1842 5167 1938 5213 aut
1960 5159 2087 5228 quis

501 5261 625 5303 esse
672 5248 1116 5316 existimabitur,
1168 5249 1212 5305 si
1264 5265 1363 5320 per
1411 5249 1689 5304 naturales
1737 5250 2085 5321 operationes

2192 4522 2529 4592 τρεπόμενον
2559 4538 2574 4585 ;
2606 4520 2721 4585 πῶς
2767 4521 2823 4574 δὲ
2875 4521 3210 4576 πιστώσεται
3238 4523 3283 4554 ¹¹
3311 4522 3435 4576 καθ’
3461 4522 3520 4575 ἓν
3563 4519 3666 4573 τῶν
3690 4515 3739 4579 ἐξ
3793 4562 3800 4574 .

2190 4607 2288 4676 ὧν,
2327 4615 2385 4665 ἐν
2424 4610 2505 4675 οἷς
2550 4628 2609 4665 τε
2649 4611 2745 4664 καὶ
2790 4610 2935 4683 ἅπερ
2973 4611 3122 4665 ἐστὶν
3151 4613 3412 4685 ἀκίνητος
3449 4612 3619 4683 μένων
3660 4605 3741 4659 καὶ

2189 4703 2546 4774 ἀνενέργητος
2574 4718 2589 4767 ;
2638 4701 2811 4772 ’Υπὲρ
2853 4702 3043 4756 οὐσίαν
3083 4702 3176 4757 οὖν
3206 4703 3469 4773 οὑσιὼθη,
3499 4701 3739 4769 γενέσεως

2188 4794 2361 4865 ἀρχὴν
2384 4794 2478 4846 καὶ
2501 4793 2808 4861 γεννήσεως
2829 4793 3022 4863 ἑτέραν
3047 4795 3114 4863 τῇ
3146 4791 3738 4865 φύσει-δημιουργήσαςν

2192 4883 2515 4954 συλληφθεὶς
2558 4883 2658 4953 μὲν
2689 4885 2868 4953 σπορᾷ
2902 4887 3003 4954 τῆς
3048 4885 3258 4947 οἰκείας
3303 4883 3526 4954 σαρκὸς,
3549 4877 3740 4948 τεχθεὶς

2190 4975 2245 5027 δὲ
2276 4974 2512 5044 σφραγὶς
2533 4974 2632 5043 τῆς
2661 4973 2963 5046 παρθενίας
2982 4977 3049 5046 τῇ
3070 4974 3306 5047 τεκούσῃ
3329 4975 3637 5045 γενόμενος,
3661 4967 3740 5022 καὶ

2189 5065 2300 5118 τῶν
2359 5065 2604 5134 ἀμίκτων
2655 5065 2740 5116 ἐπ’
2773 5065 2944 5135 αὐτῆς
2985 5067 3029 5097 ι’
3086 5066 3187 5134 τὴν
3242 5066 3531 5133 ἀντίφασιν
3580 5059 3741 5122 δείξας

2193 5154 2686 5224 συναληθεύουσαν.
2717 5154 2783 5207 Ἦ
2804 5155 2914 5224 γάρ
2940 5154 3078 5227 αὑτὴ
3105 5157 3199 5209 καὶ
3228 5156 3500 5226 παρθένος
3530 5153 3622 5206 καὶ
3651 5149 3742 5220 μήθ

2190 5265 2317 5318 τηρ,
2347 5245 2744 5317 καινοτομοῦσα
2773 5247 2873 5317 τὴν
2908 5246 3069 5315 φύσιν
3118 5250 3185 5318 τῇ
3220 5248 3428 5317 συνόδῳ
3456 5246 3564 5300 τῶν
3610 5244 3745 5295 ἀντι-

1814 5386 2045 5462 vanus
2085 5403 2491 5461 LECTIONES.

572 5535 590 5566 ¹
649 5535 751 5610 Ξὴγ
794 5537 912 5610 cod.
953 5540 1110 5610 Gud,
1182 5541 1201 5570 ²
1234 5541 1567 5610 ὑπερουσίαν
1589 5542 1713 5594 eod.
1750 5541 1891 5597 Gud.
1981 5542 2002 5572 ³
2028 5542 2261 5610 ὲνείργει
2305 5538 2393 5610 ed.
2419 5539 2536 5594 Gal.
2619 5543 2713 5595 ‘ti
2745 5543 2865 5594 καθ’
2902 5544 2988 5597 rd.
3036 5544 3155 5597 Cal.

3246 5547 3266 5576 ⁸
3318 5543 3413 5597 καὶ
3469 5538 3740 5606 κινουμένη

495 5600 585 5677 ed.
628 5598 766 5677 “Gal.
822 5602 1120 5677 όμοὶηγή
1134 5623 1299 5677 ταμεν
1318 5598 1405 5665 (δἐἰ.
1436 5612 1554 5668 Gal.
1610 5612 1629 5641 "
1665 5611 1695 5677 ἢ
1726 5628 1835 5665 οηι.
1863 5613 1951 5665 ed.
1982 5610 2099 5664 Gal.
2140 5598 2324 5661 ’⁸ὀῦτε
2349 5608 2494 5660 ἔστιν
2524 5611 2868 5664 desideratur
2900 5613 2950 5666 in
2975 5614 3061 5667 Nl.
3092 5615 3207 5669 (ἔπι.
3289 5617 3310 5646 ⁸
3363 5613 3472 5667 οὒτ’
3504 5612 3581 5664 ἔτι
3608 5598 3737 5660 ἐστὶν

494 5666 584 5723 cd.
623 5663 744 5718 Gal.
822 5669 860 5699 ¹⁰
884 5663 1234 5734 ἆνελλέίπίῖίς
1266 5678 1352 5732 ed,
1574 5682 1610 5712 ⁸⁸
1642 5663 2101 5749 πίστῶᾇηταιῗρά.
2138 5679 2253 5734 Gal.

1102 5848 1149 5863 ρ

2345 5680 2388 5709 ¹¹
2420 5679 2597 5744 αὑτοῖς
2620 5680 2704 5734 ed.
2740 5681 2856 5734 Gal.
