4008 6194
311 279 445 342 1053
636 324 641 330 .
1538 274 2057 337 AMBIGUORUM
2095 276 2348 336 LIBER.
3417 280 3554 347 105i

304 390 593 460 κειμένων,
612 388 772 459 εῐπερ
796 387 903 441 τῶν
927 387 1316 456 ἀντικειμένων
1345 384 1611 455 παρθενία
1635 387 1727 440 καὶ
1754 387 1865 455 γέν-

1981 401 2107 441 suas
2137 403 2245 440 non
2290 386 2451 441 faciat
2489 386 2646 442 tidem
2682 389 2889 443 nullam
2920 406 2978 445 se
3014 391 3429 447 conversionem
3459 411 3554 449 su-

302 500 477 548 νησις,
514 475 591 536 ὧν
621 482 685 534 ὲκ
714 480 927 550 φύσεως
967 481 1066 533 οὐκ
1099 479 1165 533 ἄν
1192 497 1271 541 τις
1298 478 1715 548 ὲπινοηθήσεται
1741 478 1865 548 σύμ-

1978 476 2184 531 biisse?
2226 479 2503 546 quomodo
2532 479 2699 532 etiam
2748 480 2909 534 tidem
2941 480 3105 535 faciet
3146 498 3203 536 se
3234 498 3403 536 unum
3434 499 3556 539 esse

302 572 481 634 ϐασις.
514 571 606 624 Διὸ
645 572 740 625 καὶ⁸
785 570 1044 633 Θεοτόκος
1069 568 1283 636 ἀληθῶς
1316 570 1350 639 ὴ
1383 566 1677 637 Παρθένος,
1708 568 1865 639 ὑπερ·

1977 580 2046 618 ex
2087 565 2303 620 duabus
2337 566 2570 629 naturis,
2605 568 2650 621 si
2695 569 2817 622 talis
2857 585 2981 622 cum
3015 571 3105 636 sit,
3138 580 3193 625 et
3221 587 3287 624 ex
3331 573 3553 638 talibus,

300 663 454 731 φυῶς
482 663 639 734 δίκην
680 663 886 733 σπορᾶς
916 658 1255 714 συλλαϐοῦσά
1294 675 1353 711 τε
1398 658 1494 712 καὶ
1522 657 1755 711 τεκοῦσα
1785 658 1865 711 τὸς.

1976 657 2339 734 nihilominus
2368 668 2423 713 et
2450 658 2568 712 sine
2593 669 2745 713 motu
2770 670 2827 714 et
2850 661 2966 715 sine
2997 646 3318 730 operatione
3340 678 3557 731 perma-

302 754 631 823 ὑπερούσιον
663 754 836 820 Λόγον
869 768 882 781 ’
920 753 1152 820 ἐπείπερ
1209 747 1303 802 τοῦ
1346 748 1647 819 σπαρέντος
1691 765 1749 801 τε
1780 747 1865 802 καὶ

1974 747 2140 801 neat?
2162 728 2165 735 ’
2189 746 2366 816 Super
2398 749 2759 803 substantiam
2809 751 2976 821 igitur
3019 728 3416 809 substantiat'us
3446 756 3557 821 est,

304 843 701 913 συλληφθέντος
736 841 940 912 κυρίως
973 842 1005 911 ή
1036 839 1294 893 τίκτουσα
1320 837 1523 908 μήτηρ.

1977 837 2252 892 fabricatis
2285 839 2341 892 in
2384 848 2579 893 natura
2610 856 2813 897 novum
2857 845 3230 912 generationis
3254 856 3309 900 et
3350 848 3555 901 nativi-

304 937 431 991 tatis
460 933 812 1006 principium.
847 931 1289 1001 Concipiebatur,
1323 938 1378 984 et
1417 944 1529 983 suae
1562 926 1743 983 carnis
1789 927 1904 998 ipse
1943 930 2315 984 rudimentum
2363 929 2494 996 fuit;
2554 932 2901 997 nascebatur,
2944 943 3002 988 et
3051 935 3289 1004 sigillum
3338 939 3554 1007 parenti

301 1026 481 1081 factus
508 1031 613 1087 est,
643 1021 991 1091 ostenditque
1027 1037 1089 1074 ea
1122 1021 1285 1074 simul
1308 1036 1439 1075 vera
1462 1034 1583 1074 esse
1613 1035 1735 1089 qua:
1791 1028 2018 1090 propter
2081 1021 2579 1076 contradictionem
2624 1022 2767 1077 inter
2836 1039 2894 1078 se
2938 1024 3089 1078 nullo
3125 1026 3289 1080 modo
3319 1042 3553 1084 concor-

301 1120 431 1175 dare
456 1134 618 1190 posse
645 1117 994 1172 videbantur.
1025 1116 1102 1170 Ea
1144 1116 1258 1186 ipsa
1290 1124 1348 1170 et
1373 1116 1531 1184 virgo
1560 1116 1662 1169 fuit
1686 1123 1743 1169 et
1766 1124 1971 1181 mater;
2006 1106 2262 1171 innovata
2296 1126 2415 1171 erat
2443 1125 2661 1181 natura,
2687 1126 2750 1171 ut
2777 1117 3026 1186 opposita
3094 1118 3238 1172 inter
3300 1135 3358 1174 se
3419 1137 3557 1175 con-

301 1211 629 1278 cordarent;
667 1226 793 1265 nam
828 1210 1078 1279 opposita
1120 1216 1249 1263 sunt
1276 1207 1567 1278 virginitas
1593 1216 1647 1261 et
1676 1217 1885 1277 partus,
1929 1208 1984 1261 in
2014 1196 2212 1262 natura
2280 1208 2476 1263 horum
2513 1209 2699 1263 nullus
2726 1218 2910 1278 potest
2953 1209 3182 1279 intelligi
3225 1225 3552 1266 concursus.

301 1303 643 1372 Quapropter
685 1301 853 1355 etiam
883 1300 1112 1368 Deipara
1145 1313 1274 1353 vere
1320 1298 1425 1352 fuit
1454 1298 1653 1366 Virgo;
1684 1299 2087 1367 supernaturali
2123 1299 2286 1353 modo
2320 1300 2387 1353 ad
2463 1299 2690 1354 seminis
2713 1299 2881 1353 ritum
2942 1300 3197 1369 concepit
3255 1309 3311 1354 ct
3341 1304 3557 1371 peperit

300 1392 765 1464 superessentiale
806 1391 1051 1446 Verbum
1093 1409 1108 1443 :
1157 1404 1284 1444 nam
1328 1404 1450 1459 quae
1483 1388 1700 1459 peperit
1741 1388 1889 1443 haud
1929 1388 2097 1445 dubie
2145 1398 2322 1444 mater
2365 1401 2451 1445 est
2483 1391 2603 1462 ejus
2648 1391 2743 1460 qui
2777 1390 2834 1444 in
2900 1405 2964 1445 ea
3011 1400 3164 1445 satus
3198 1391 3301 1446 fuit
3332 1399 3388 1447 et
3417 1409 3554 1449 con-

300 1499 514 1634 ?cﬁgs.
543 1577 684 1649 ὑπὲρ
745 1574 1030 1647 ἄνθρωπον
1082 1574 1304 1645 ἐνήργει
1338 1574 1385 1606 ’³
1433 1573 1503 1627 τὰ
1551 1571 1865 1644 hamato”,

2040 1572 2108 1626 Et
2136 1588 2300 1642 supra
2327 1572 2701 1629 conditionem
2727 1573 2969 1629 hominis
2994 1590 3056 1629 ca
3081 1590 3203 1644 qua:
3226 1587 3356 1630 sunt
3377 1577 3557 1631 homi-

299 1670 416 1727 κατ’
442 1669 617 1740 ἄκραν
654 1668 850 1721 ἕνωσιν
875 1666 998 1737 δίχα
1032 1665 1238 1737 τροπῆς
1272 1669 1615 1736 συμφυεϊσαν
1657 1666 1874 1727 δεικνὺς

298 1766 368 1835 τῇ
402 1762 555 1832 θεῖκῇ
582 1760 811 1827 δυνάμει
842 1759 940 1829 τὴν
963 1756 1309 1830 ἀνθρωπίνην
1331 1757 1610 1829 ἐνέργειαν
1638 1773 1653 1787 ’
1683 1755 1873 1827 ἐπειδὴ

298 1854 392 1910 καὶ
420 1856 454 1925 ἡ
504 1856 667 1923 φύσις
719 1850 1042 1922 ἀσυγχύτως
1088 1849 1351 1904 ἐνωθεῖσα
1370 1852 1435 1920 τῇ
1470 1850 1629 1918 φύσει
1653 1846 1723 1902 δι’
1749 1849 1871 1902 ὅλου

298 1944 741 2017 περικεκώρηκε,
774 1942 940 2014 μηδὲν
968 1941 1234 1995 ἀπόλυτον
1264 1939 1616 1993 παντάπασιν
1646 1938 1869 2008 ἔχουσα,

299 2039 394 2093 καὶ
423 2037 523 2106 τῆς
553 2036 839 2108 ἡνωμένης
864 2035 1001 2105 αὐτῇ
1031 2033 1156 2088 καθ’
1183 2032 1485 2085 ὑπόστασιν
1521 2028 1871 2100 κεχωρισμέ-

296 2148 387 2184 νον
432 2128 705 2198 θεότητος.
742 2127 915 2198 Ὑπὲρ
969 2127 1120 2197 ἡμᾶς
1173 2126 1282 2195 γὰρ
1311 2121 1528 2191 ἀληθῶς
1578 2120 1676 2191 τὴν
1711 2120 1870 2190 ἡμῶν

296 2221 487 2275 οὐσίαν
514 2219 798 2283 οὐσιωθείς
827 2219 855 2271 ό
877 2216 1201 2288 ὑπερούσιος
1229 2215 1401 2283 Λόγος
1431 2211 1637 2282 συνῆψε
1665 2214 1729 2282 τῇ
1757 2228 1871 2264 κα-

294 2311 525 2380 ταφάσει
545 2308 644 2378 τῆς
666 2308 880 2377 φύσεως
901 2308 996 2361 καὶ
1020 2306 1128 2360 τῶν
1147 2306 1316 2377 αὐτῆς
1336 2304 1580 2375 φυσικῶν
1604 2302 1785 2373 (113
1812 2303 1866 2371 a)

296 2402 419 2456 καθ’
442 2401 717 2473 ὑπεροχὴν
764 2400 862 2471 τὴν
904 2399 1203 2467 ἀπόφασιν,
1232 2397 1324 2451 καὶ
1380 2396 1604 2465 γέγονεν
1654 2396 1865 2465 ἀνθρω-

297 2512 415 2560 πος,
446 2494 535 2546 τὸν
596 2492 737 2562 ὑπὲρ
801 2491 962 2560 φύσιν
1009 2489 1104 2543 τοῦ
1158 2489 1275 2552 πῶς
1325 2482 1464 2543 εἶναι
1508 2488 1708 2559 τρόπον
1747 2487 1869 2559 ἔχον

227 2615 238 2627 ι
298 2585 642 2657 συνημμένον
708 2583 787 2653 τῷ
853 2582 946 2636 τοῦ
1014 2579 1154 2635 εἶναι
1215 2581 1359 2652 λόγῳ
1440 2579 1542 2649 τῆς
1606 2579 1817 2649 φύσεως
1852 2620 1867 2643 ν

297 2680 386 2731 ἵνα
446 2679 538 2730 καὶ
594 2677 691 2747 τὴν
755 2675 916 2744 φύσιν
976 2673 1318 2745 πιστώσηται
1364 2674 1431 2743 τῇ
1488 2671 1594 2726 τῶν
1650 2672 1869 2743 τρόπων

298 2769 597 2837 καινότητι,
632 2767 707 2839 μὴ
754 2766 1054 2837 δεχομένην
1080 2766 1222 2820 κατά
1250 2765 1341 2818 τὸν
1365 2766 1522 2832 λόγον
1554 2763 1859 2829 ἀλλοίωσιν,

297 2863 392 2915 καὶ
421 2861 569 2931 δείξῃ
596 2859 694 2931 τὴν
720 2858 1089 2929 ὑπεράπειρον
1111 2858 1340 2928 δύναμιν
1370 2857 1632 2920 ὡσαύτως
1667 2856 1772 2909 κάν
1799 2858 1864 2928 τῇ

1975 1663 2061 1717 nis
2099 1664 2447 1733 operabatur,
2486 1680 2584 1734 per
2621 1664 3023 1721 exactissimam
3069 1666 3397 1733 unitionem,
3435 1668 3555 1725 sine

1973 1754 2123 1808 omni
2163 1755 2553 1819 conversione,
2590 1770 2690 1825 per
2726 1755 2968 1810 divinam
3014 1756 3319 1825 potentiam
3364 1768 3555 1813 osten-

1974 1845 2110 1900 dens
2137 1845 2433 1900 humanam
2465 1847 2862 1916 operationem.
2886 1847 3346 1917 Quandoquidem
3379 1857 3435 1902 et
3461 1865 3556 1904 na-

1972 1944 2095 1991 tura
2122 1937 2362 1991 humana
2386 1937 2717 1992 inconfusim
2745 1928 2897 1992 unita
2926 1948 3133 1993 natura:
3158 1939 3357 1995 divinae
3385 1948 3554 1997 totam

1973 2032 2440 2097 circumiacessit,
2474 2033 2713 2087 solutum
2762 2032 2899 2086 nihil
2947 2040 3041 2086 aut
3086 2032 3323 2089 divisum
3372 2037 3554 2106 possi-

1971 2125 2110 2180 dens
2150 2141 2181 2180 a
2218 2126 2441 2189 deitatc,
2479 2141 2600 2195 qua:
2634 2125 2683 2179 ei
2730 2140 2829 2194 per
2872 2124 3192 2196 hyposlasin
3236 2127 3389 2180 unita
3427 2127 3552 2181 fuit.

1970 2218 2104 2273 Nam
2135 2234 2236 2288 pro
2266 2219 2425 2273 nobis
2450 2234 2580 2273 vere
2610 2225 2965 2286 nostramque
2993 2218 3357 2272 substantiam
3384 2220 3557 2274 susci-

1970 2308 2132 2378 piens
2162 2309 2401 2364 Verbum
2438 2309 2969 2379 supersubstautiale
3007 2308 3307 2364 connexuit
3336 2326 3399 2364 ea
3434 2326 3555 2380 qua:

1972 2399 2041 2454 de
2082 2410 2278 2455 natura
2319 2401 2682 2465 aliirmantur,
2716 2408 2771 2455 et
2810 2416 2873 2454 ea
2917 2417 3037 2470 qua:
3074 2416 3171 2470 per
3199 2401 3553 2457 eminentiam

1970 2492 2303 2546 naturalium
2332 2492 2577 2562 ejusdem
2608 2492 2980 2561 potentiarum
3004 2492 3291 2546 continent
3313 2493 3555 2562 negatio-

1971 2598 2119 2637 nem.
2148 2583 2345 2637 Factus
2373 2591 2458 2637 est
2486 2584 2669 2647 homo,
2700 2583 2795 2636 sed
2826 2582 3047 2637 modum
3079 2583 3300 2637 essendi
3333 2584 3549 2647 habuit,

1970 2675 2065 2744 qui
2088 2683 2339 2728 naturam
2362 2674 2829 2743 supercmiuebat,
2849 2688 3156 2727 connexum
3181 2690 3305 2727 cum
3333 2675 3553 2729 essendi

1970 2765 2197 2820 modum
2250 2765 2554 2820 secundum
2608 2774 2889 2829 naturam;
2944 2772 3003 2817 ut
3054 2772 3108 2818 et
3157 2772 3444 2829 naturam,
3485 2782 3551 2820 ex

1972 2860 2217 2914 novitate
2242 2858 2471 2913 istorum
2498 2856 2808 2920 modorum,
2833 2872 2941 2909 nou
2968 2855 3256 2911 admisisse
3283 2856 3337 2910 in
3364 2874 3553 2911 essene

293 2954 404 3007 τῶν
433 2924 690 3007 ἐναντίων
724 2924 937 3021 γενέσει
970 2924 1383 3022 γνωριζομένην
1414 2966 1427 2980 ·
1469 2948 1661 3019 ἀμέλει
1711 2924 1863 3014 ὲξουξ

1974 2950 2044 3004 tia
2091 2949 2475 3004 alterationcm
2524 2948 2876 3007 ostenderet,
2913 2947 3188 3017 simulque
3230 2964 3395 3017 super
3442 2948 3547 3000 im—

296 3050 387 3120 σίᾳ
434 3045 658 3116 γνώμης
709 3044 846 3114 ἔργα
878 3044 920 3076 ¹⁴⁵
947 3042 1261 3115 πεποιηκὼς
1301 3041 1372 3095 τά
1416 3042 1563 3114 πάθη
1603 3041 1704 3112 τῆς
1761 3040 1864 3111 φύ-

294 3158 455 3203 σεως,
498 3138 613 3191 ἀλλ’
660 3137 760 3207 οὐχ
809 3136 885 3199 ὡς
942 3137 1100 3205 ἡμεῖς
1141 3134 1387 3204 ἀνάγκης
1447 3133 1863 3201 ἀποτελέσματα

294 3231 553 3301 φυσικῆς,
586 3228 823 3298 ἔμπαλιν
849 3227 882 3297 ἢ
913 3227 955 3258 ¹⁸
986 3225 1071 3293 ἐφ’
1100 3224 1259 3295 ἡμῶν
1310 3224 1445 3295 ἔχει,
1474 3224 1533 3277 τὸ
1569 3223 1690 3275 καθ’
1712 3224 1860 3293 ἡμᾶς

192 3346 203 3353 -
293 3321 457 3390 φύσει
489 3318 732 3387 παθητὸν
756 3316 1056 3387 διεξῆλθεν,
1090 3316 1314 3387 ἐξουσίᾳ
1335 3314 1529 3386 γνώμῃ
1564 3315 1609 3346 ⁸⁸
1642 3314 1864 3383 κινητὸν

291 3412 477 3476 δείξας
500 3412 588 3480 ἐφ’
619 3408 812 3463 ἑαυτοῦ
849 3407 911 3461 τὸ
954 3406 1197 3476 πεφυκὸς
1227 3406 1312 3474 ἐφ’
1348 3404 1505 3474 ἡμῶν
1552 3398 1690 3455 εἶναι
1724 3403 1867 3471 γνὼ-

295 3518 405 3571 μης
456 3501 754 3570 κινητικόν.
780 3497 959 3566 Ὅπερ
993 3498 1105 3556 τοῖς
1136 3493 1264 3562 ἑξῆς
1304 3490 1615 3561 σαφηνίζων
1646 3491 1810 3560 φησὶν
1835 3489 1864 3540 ὁ

291 3593 610 3655 διδάσκαλος
634 3607 649 3623 ο
691 3609 710 3643 ι
756 3592 822 3644 Τί
860 3591 925 3643 ἄν
951 3605 1034 3652 τις
1062 3587 1133 3639 τὰ
1182 3585 1345 3639 λοιπά
1386 3583 1679 3654 πάμπολλα
1734 3582 1863 3637 ὅντα

290 3683 616 3748 διέλθοι;δι’
654 3678 729 3736 ὧν
755 3683 785 3734 ό
839 3679 995 3742 θείως
1045 3676 1187 3747 ὁρῶν
1234 3676 1374 3747 ὑπὲρ
1415 3674 1539 3728 νοῦν
1594 3671 1863 3742 γνώσεται

292 3774 388 3827 καὶ
447 3772 517 3824 τά
568 3771 661 3824 ἐπὶ
718 3772 783 3839 τῇ
852 3765 1233 3837 φιλανθρωπίᾳ
1295 3762 1391 3817 τοῦ
1458 3761 1631 3832 Ἰησοῦ
1694 3778 1865 3816 κατα-

292 3864 634 3935 φασκόμενα,
667 3855 896 3930 δύναμιν
952 3856 1291 3929 ῦπεροχικῆς
1349 3855 1679 3925 ἀποφάσεως
1707 3853 1861 3924 ἔχον-

289 3972 382 4010 τα.
423 3974 442 4006 ι
482 3954 562 4007 Τά
588 3954 697 4023 γὰρ
740 3951 841 4019 τῆς
879 3949 1095 4018 φύσεως
1142 3947 1323 4001 πάντα
1355 3946 1492 4016 μετά
1522 3946 1620 4015 τῆς
1646 3945 1863 4015 φύσεως

290 4044 433 4100 κατὰ
465 4038 724 4114 σύλληψῗν
755 4041 992 4113 ἄρρητον
1022 4037 1221 4101 ὑποδὺς
1269 4037 1298 4088 ὁ
1335 4035 1657 4106 ὑπερούσιος
1692 4036 1863 4105 Λόγος

289 4138 443 4191 οὐδὲν
486 4131 633 4205 εἶχεν
678 4131 1014 4202 ἀνθρώπινον
1064 4126 1281 4199 φυσικῷ
1331 4127 1477 4197 λόγῳ
1520 4126 1863 4195 καταφασκό-

295 4245 478 4299 μενον,
500 4227 529 4279 ὃ
560 4226 634 4297 μὴ
662 4224 755 4313 καὶ
785 4222 927 4275 θεῖον
946 4217 1037 4292 ἦν,
1064 4220 1251 4291 τρόπῳ
1268 4218 1346 4289 τῷ
1370 4217 1509 4313 ὑπὲρ
1540 4217 1705 4313 φύσιν
1726 4219 1862 4313 diro-
1891 4258 1937 4313 D

291 4318 655 4389 φασκόμενον.
687 4308 803 4375 Ὦν¹
826 4312 967 4384 ὑπὲρ
997 4310 1123 4364 νοῦν
1151 4309 1226 4373 ὡς
1255 4307 1646 4369 ἀναπόδεικτος
1684 4307 1861 4377 ὑπῆρ-

1938 3038 2213 3093 ‘mensam
2242 3037 2543 3107 potentiam
2577 3037 2630 3090 in
2664 3035 3068 3090 contrariorum
3099 3035 3390 3090 effectione
3419 3051 3550 3090 con-

1967 3126 2211 3195 spicuam
2256 3126 2431 3180 daret.
2472 3123 2685 3193 Quippe
2735 3123 2885 3192 quod
2934 3132 3148 3178 natura:
3196 3123 3549 3179 inﬁrmitates

1967 3231 2079 3271 suae
2111 3216 2239 3271 fecit
2274 3216 2476 3270 indicia
2514 3215 2824 3284 potestatis,
2857 3229 2968 3267 non
3002 3215 3351 3269 necessitatis
3385 3225 3548 3270 natu-

1966 3308 2118 3373 ralis,
2153 3315 2212 3361 ut
2248 3315 2377 3361 sunt
2416 3322 2539 3376 qua:
2575 3322 2683 3360 non
2731 3306 2993 3376 gerimus,
3026 3305 3243 3368 ell’ccta,
3280 3322 3548 3377 sccusque

1964 3413 2128 3467 quam
2166 3412 2225 3471 se
2258 3396 2423 3450 habet
2458 3396 2513 3449 in
2548 3395 2711 3449 nobis
2746 3405 2957 3449 natura:
2988 3395 3407 3464 passibilitatem
3450 3398 3548 3451 ad-

1966 3486 2321 3541 ministravit.
2352 3486 2507 3552 Quod
2545 3487 2693 3540 enim
2730 3485 2786 3538 in
2821 3486 2984 3539 nobis
3017 3495 3257 3539 nostram
3296 3488 3547 3542 volunta-

1966 3584 2076 3629 tem
2126 3575 2265 3629 solet
2306 3589 2675 3638 commovere,
2714 3574 2804 3627 ille
2854 3573 2911 3627 in
2957 3587 3015 3627 se
3063 3574 3284 3627 nonnisi
3328 3589 3397 3628 ex
3444 3592 3546 3630 suo

1965 3667 2196 3721 arbitrio
2223 3665 2433 3720 moveri
2465 3664 2676 3719 docuit.
2698 3662 2842 3730 Quid
2868 3664 3016 3718 aliud
3046 3664 3181 3718 dicit
3206 3665 3462 3741 magister
3488 3667 3542 3719 in

1964 3756 2356 3827 sequentibus?
2385 3756 2479 3810 ubi
2514 3755 2618 3810 hoc
2648 3756 2828 3825 ipsum
2858 3756 3114 3825 explanat
3140 3773 3153 3809 :
3189 3774 3205 3806 ι
3236 3755 3377 3822 Quid
3410 3773 3544 3812 vero

1965 3857 2159 3902 caetera
2188 3862 2311 3917 qua:
2336 3847 2493 3901 valde
2522 3846 2693 3900 multa
2722 3846 2848 3916 quis
2878 3848 3310 3901 commemoret?
3339 3847 3392 3901 in
3421 3863 3543 3918 qua:

1964 3939 2009 3993 si
2051 3938 2276 3992 divinus
2318 3938 2593 4008 quispiam
2640 3938 2951 4001 intueatur,
2987 3954 3155 4007 supra
3201 3938 3540 3993 intellectum

1964 4029 2234 4100 intelliget
2268 4030 2435 4085 etiam
2472 4045 2536 4084 ea
2575 4045 2698 4099 qua:
2732 4029 2802 4083 de
2838 4029 2968 4084 Jesu
3009 4030 3354 4084 humanitate
3392 4030 3540 4085 allir-

1964 4131 2186 4177 mantur
2206 4121 2466 4178 virtutem
2493 4117 2813 4177 excellentis
2839 4123 3148 4192 negationis
3170 4122 3481 4178 continuere.
3515 4142 3533 4174 ι

1964 4212 2505 4282 Supersubstantialc
2534 4213 2684 4267 enim
2710 4212 2950 4267 Verbum
2977 4214 3162 4266 omnia
3194 4229 3317 4282 quae
3346 4214 3413 4267 ad
3446 4230 3544 4268 na—

1966 4314 2146 4359 turam
2191 4304 2471 4374 pertinent
2510 4319 2618 4357 una
2663 4318 2787 4357 cum
2834 4310 3031 4355 natura
3077 4302 3132 4355 in
3177 4305 3540 4372 conceptione

289 4416 385 4480 χεν
418 4411 452 4480 ἡ
484 4407 706 4476 γνῶσις,
764 4404 933 4475 μόνην
962 4400 1267 4470 κατάληψιν
1295 4400 1492 4470 ἔχουσα
1538 4400 1638 4467 τὴν
1679 4398 1863 4451 πίστιν

1965 4393 2050 4448 illa
2084 4392 2355 4447 inell‘abili
2388 4392 2718 4461 suscipiens,
2746 4390 2886 4443 nihil
2917 4389 3110 4444 habuit
3138 4390 3440 4446 humanum
3471 4394 3539 4448 de

287 4501 397 4554 τῶν
429 4499 669 4570 γνησίως
717 4497 778 4549 τὸ
806 4494 899 4548 τοῦ
947 4490 1185 4563 Χριστοῦ
1236 4488 1615 4559 σεσαζομένων
1656 4489 1864 4558 μυστή-

1956 4498 2016 4539 se
2062 4484 2419 4549 allirmatum,
2465 4482 2705 4537 naturali
2752 4481 2996 4547 ratione,
3038 4482 3173 4552 quin
3223 4483 3368 4536 idem
3419 4493 3538 4538 erat

291 4609 426 4662 ριον.
458 4584 679 4651 Οὗτινος
707 4588 898 4655 ὥσπερ
925 4581 1248 4636 συνοπτικὺν
1274 4580 1367 4632 τὸν
1388 4579 1545 4647 λόγον
1576 4577 1862 4641 ἀποδιδούς

1965 4575 2241 4640 divinum,
2276 4575 2548 4645 modoque
2589 4590 2754 4644 supra
2804 4584 3055 4628 naturam
3101 4576 3288 4645 negari
3334 4576 3534 4644 potuit.

287 4698 453 4751 φησι·
492 4699 511 4732 ι
546 4678 657 4732 Καὶ
679 4676 809 4746 γὰρ,
846 4674 932 4727 ἵνα
962 4671 1274 4732 συνελόντες
1316 4669 1581 4739 εἴπωμεν,
1610 4667 1732 4721 οὐδὲ
1762 4668 1860 4721 ἀν-

289 4775 508 4844 θρωπος
546 4766 636 4840 ῆν,
681 4787 698 4819 ι
733 4768 816 4821 ὅτι
870 4764 1030 4834 φύσει
1077 4765 1177 4834 τῆς
1223 4760 1366 4815 κατά
1407 4761 1569 4829 φύσιν
1613 4760 1861 4828 ἀνάγκης

287 4864 473 4924 ἄνετος
507 4863 548 4893 ¹¹¹
590 4856 679 4931 ῆν,
717 4857 795 4928 τῷ
826 4858 871 4889 ¹⁸
902 4855 1022 4909 καθ’
1054 4855 1201 4923 ἡμᾶς
1232 4850 1412 4920 (113
1454 4850 1510 4919 b)
1538 4849 1635 4920 οὐχ
1686 4851 1860 4919 ὑπαχ-

286 4955 401 5017 θεὶς
417 4950 603 5021 θεσμῷ
627 4950 724 5017 τῆς
743 4945 1181 5017 γενέσεως.ιοὐχ
1199 4943 1273 5005 ὠς
1293 4943 1367 5012 μὴ
1388 4941 1691 5011 ἄνθρωπος,
1718 4959 1737 4991 ι
1776 4941 1858 4993 ὅτι

286 5045 409 5097 κατ’
434 5043 621 5096 οὐσίαν
658 5042 787 5111 ὃλην
822 5037 1037 5110 ἀληθῶς
1072 5036 1358 5105 ἄνθρωπος
1405 5028 1496 5101 ῆν,
1542 5032 1703 5101 φύσει
1746 5033 1857 5087 τῶν

284 5135 409 5189 καθ’
429 5135 576 5205 ἡμᾶς
600 5132 845 5201 φυσικῶν
875 5129 1221 5198 ἀνεχόμενος,
1256 5144 1275 5175 ι
1310 5123 1425 5177 ἀλλ’
1457 5124 1532 5186 ὡς
1554 5123 1611 5189 ἐξ
1643 5122 1852 5194 ἀνθρώ-

284 5241 422 5279 πων·
468 5242 487 5275 ι
514 5224 747 5291 ἐπείπερ
778 5222 907 5290 ἡμῖν
931 5216 1211 5287 ὁμοούσιος
1237 5211 1328 5285 ἦν,
1356 5214 1495 5284 ὅπερ
1524 5214 1685 5284 ἡμεῖς
1711 5214 1855 5267 κατά

284 5315 448 5385 φύσιν
469 5314 752 5385 ἄνθρωπος
784 5310 880 5373 ὣν,
919 5329 936 5360 ι
966 5307 1269 5377 ἀνθρώπων
1300 5304 1578 5365 ἐπέκεινα,
1620 5321 1638 5355 ι
1673 5304 1856 5358 καινό-

1963 4668 2168 4722 lIorum
2196 4668 2441 4720 omnium
2469 4668 2731 4737 cognitio,
2757 4674 2948 4736 utpote
2978 4682 3143 4737 supra
3172 4667 3533 4731 intellectum,

1962 4765 2083 4811 erat
2132 4759 2307 4812 etiam
2350 4773 2516 4827 supra
2567 4758 3128 4824 demonstrationem,
3177 4759 3403 4825 solaque
3450 4766 3551 4811 est‘

1962 4849 2339 4919 perceptibilis
2366 4849 2471 4903 [ide
2498 4865 2689 4903 eorum
2716 4849 2811 4918 qui
2834 4849 3036 4903 Christi
3069 4848 3389 4920 mysterium
3423 4849 3535 4902 sin-

1962 4954 2089 4994 cere
2130 4949 2482 4994 venerantur.
2515 4940 2689 5010 llujus
2730 4940 2978 5011 mystcrii
3026 4940 3295 4994 rationem
3337 4956 3533 5008 quam-

1963 5030 2088 5084 dam
2120 5040 2455 5086 contractam
2484 5033 2710 5086 exhibet
2734 5032 3054 5100 conspectui
3084 5032 3375 5102 Dionysius
3405 5046 3530 5085 cum

1960 5121 2093 5176 dicit
2122 5139 2136 5175 :
2178 5140 2195 5171 ι
2231 5122 2388 5187 Nam,
2419 5130 2479 5177 ut
2502 5124 2816 5177 summatim
2847 5124 3200 5187 dicamus,ne
3219 5124 3382 5176 homo
3411 5115 3532 5192 q‘ui-

1959 5213 2082 5267 dem
2115 5222 2233 5267 erat
2266 5232 2282 5264 ι
2325 5215 2583 5293 quoniam
2611 5230 2678 5269 ex
2708 5226 2905 5269 natura
2933 5231 3031 5269 sua
3059 5215 3240 5269 omnis
3263 5215 3532 5268 naturalis

1960 5305 2302 5361 necessitatis
2340 5321 2534 5375 expers
2573 5315 2719 5369 erat,
2751 5314 2807 5360 et
2842 5322 3008 5376 supra
3048 5306 3223 5378 legem
3266 5305 3528 5361 nascendi

1580 5466 1813 5521 VARhE
1847 5466 2249 5523 LECTIONES.

355 5591 399 5623 ¹³
446 5589 681 5659 ἒνείργει
729 5587 818 5640 ed.
872 5584 1012 5645 G:il.,
1053 5599 1173 5659 pro_
1202 5599 1423 5659 mor_e._
1447 5583 1491 5659 ¹ξ
1524 5585 1777 5659 ἐξουσίας.
1823 5583 2076 5659 ‘s'pyacd.
2109 5582 2415 5659 Gal.__limle
2467 5583 2787 5659 corrigenda
2819 5583 2938 5659 ejus
2974 5583 3174 5659 vc_rsio.

3275 5582 3317 5613 "
3343 5583 3376 5652 ἡ
3401 5580 3527 5638 cod.

280 5660 423 5718 Gud.
496 5661 540 5692 ¹⁶
561 5646 762 5729 ’γνώμῃ
794 5672 901 5711 non
936 5646 1108 5710 exstat
1148 5654 1215 5737 .in
1265 5654 1352 5710 ed.
1385 5653 1505 5710 Gal.
1566 5646 1625 5687 ⁷¹⁷
1653 5646 2003 5716 inito/ﬁed.
2035 5654 2151 5709 Gal.
2238 5654 2279 5684 ³³
2309 5654 2393 5725 mp
2415 5652 2502 5708 ed.
2534 5646 2674 5718 Gai,
2708 5646 2866 5724 quod
2890 5653 3149 5706 mendum
3175 5662 3287 5709 est.
