4008 6194
518 308 656 374 1055

1688 311 1748 370 S.
1791 309 2077 370 MAXIMI
2113 307 2617 370 CONFESSORIS

3609 315 3726 384 1056

517 426 603 480 cui
640 440 744 479 nos
774 425 1120 495 subjieimur.
1156 442 1173 474 ι
1205 424 1325 478 Νοιι
1359 424 1505 493 quod
1541 439 1651 479 non
1689 435 1837 479 esset
1859 425 2045 489 homo,
2079 443 2098 476 ι

2206 439 2330 492 τητι
2357 402 2576 492 τρόπων
2599 461 2612 482 ,
2647 421 2786 491 ὅπερ
2818 418 2916 489 οὐχ
2946 420 3128 490 ἡμεῖς,
3163 419 3262 490 τὴν
3303 420 3458 488 φύσιν
3495 433 3726 500 πριγρά.

518 516 779 584 quoniam
832 517 1138 570 secundum
1193 525 1362 570 totam
1409 518 1708 572 essentiam
1754 533 1884 572 vere
1935 518 2100 572 homo

517 616 666 668 erat,
705 607 882 674 iisque
924 607 1181 662 omnibus
1221 607 1494 662 obnoxius
1530 623 1653 677 quae
1697 615 1952 662 naturam
1997 623 2100 662 no-

520 701 691 746 stram
733 695 1098 762 comitantur;
1141 716 1159 748 ι
1204 701 1300 752 sed
1335 699 1482 768 quod
1518 707 1681 752 natus
1715 714 1868 753 more
1903 699 2100 752 huma-

517 798 613 847 no,
655 803 673 834 ι
723 783 998 854 siquidem
1041 788 1286 857 ejusdem
1329 789 1620 843 nobiscum
1665 799 1786 843 erat
1825 790 2098 856 essentizc,

518 882 573 926 et
614 873 777 927 homo
817 889 915 944 per
956 885 1234 942 naturam,
1268 893 1368 946 per
1403 893 1567 946 quam
1607 887 1663 932 et
1698 895 1817 933 nos.
1857 897 1875 930 ‹
1925 879 2102 949 Supra

521 958 797 1026 homines,
829 981 847 1013 ι
889 963 1054 1018 modo
1087 979 1252 1030 novo,
1279 965 1426 1034 quod
1457 981 1560 1020 nos
1588 981 1697 1020 non
1728 966 1974 1034 facimus,
2007 984 2103 1022 na-

522 1063 702 1107 turam
745 1055 1228 1112 circumscribens.
1280 1075 1298 1107 ι
1345 1057 1414 1110 Ει
1453 1072 1620 1127 supra
1648 1057 1934 1114 hominem
1972 1075 2102 1116 vere

522 1144 701 1200 factus
748 1147 931 1200 homo.
986 1166 1005 1198 ι
1060 1148 1250 1202 Modos
1295 1149 1446 1203 enim
1497 1164 1666 1220 supra
1712 1159 1998 1215 naturam,
2046 1158 2104 1206 et

523 1235 769 1289 rationes
813 1235 1122 1289 secundum
1165 1245 1420 1292 naturam
1466 1237 1704 1294 invicem
1747 1241 1866 1294 sine
1908 1239 2102 1300 fraude

523 1326 843 1380 connexuit.
879 1327 1086 1380 Horum
1129 1343 1433 1383 concursus
1465 1344 1591 1383 cum
1625 1345 1725 1399 per
1755 1347 1814 1385 se
1847 1331 2102 1401 impossi-

522 1413 651 1468 bilis
683 1425 850 1479 esset,
878 1416 991 1481 ille,
1026 1418 1115 1470 cui
1154 1418 1290 1472 nihil
1324 1428 1410 1474 est
1437 1420 1796 1489 impossibile,
1827 1437 1924 1476 eos
1955 1423 2010 1476 in
2043 1439 2102 1479 se

521 1519 652 1558 vere
704 1505 917 1570 univit,
967 1517 1219 1562 neutram
1269 1508 1326 1562 in
1378 1519 1590 1579 partem
1637 1512 1862 1568 omnino
1909 1498 2137 1569 eorum.

520 1610 758 1664 quorum
797 1604 914 1650 erat
951 1596 1266 1668 hypostasis
1305 1599 1374 1653 ab
1413 1600 1679 1655 alterutro
1723 1602 1779 1656 in
1823 1605 2104 1672 operando

521 1684 838 1749 declinans,
870 1685 979 1739 imo
1013 1687 1196 1756 potius
1229 1703 1331 1756 per
1364 1689 1691 1745 alterutrum
1731 1692 2098 1761 conﬁrmans;

520 1773 792 1844 siquidem
825 1785 1122 1847 utrumque
1155 1795 1286 1834 vere
1319 1791 1424 1845 est,
1456 1789 1512 1835 et
1538 1790 1599 1835 ut
1625 1782 1771 1837 Deus
1801 1798 1956 1838 suam
1987 1785 2104 1855 ipse

522 1877 704 1920 movet
741 1867 1161 1936 humanitatem,
1192 1881 1467 1941 quatenus
1507 1883 1692 1928 autem
1732 1875 1916 1942 homo,
1947 1893 2104 1933 suam

520 1957 766 2014 declarat
810 1960 1094 2016 deitatem.
1139 1962 1199 2016 In
1243 1971 1441 2017 natura
1483 1963 1701 2030 divina,
1740 1967 1783 2021 si
1829 1968 1908 2024 sic
1950 1970 2102 2040 loqui

520 2048 705 2115 liceat,
741 2066 938 2119 passus
981 2061 1096 2115 est,
1137 2068 1262 2106 nam
1307 2055 1619 2110 voluntarie
1665 2073 1860 2126 passus
1902 2068 2013 2126 est,
2047 2071 2105 2118 et

519 2155 709 2195 merus
738 2141 904 2196 homo
935 2159 1046 2196 non
1078 2143 1210 2211 fuit;
1244 2145 1300 2199 in
1333 2155 1530 2201 natura
1566 2148 1804 2203 humana
1839 2151 2105 2209 miracula

520 2232 791 2301 patravit,
841 2249 964 2286 nam
1016 2233 1072 2287 in
1120 2251 1284 2289 carne
1332 2237 1468 2300 fuit,
1513 2254 1617 2293 nec
1663 2240 1844 2295 nudus
1891 2244 2106 2300 exstitit

520 2320 688 2375 Deus.
722 2322 799 2375 lta
831 2323 1054 2391 quidem
1085 2325 1368 2394 passiones
1399 2335 1556 2380 erant
1582 2328 1862 2386 mirabiles
1893 2341 1949 2386 et
1975 2335 2104 2388 novi

519 2415 757 2481 generis,
784 2425 1008 2483 propter
1035 2418 1342 2484 potentiam
1369 2417 1613 2473 divinam
1640 2429 1847 2477 naturae
1869 2425 1988 2494 ejus
2008 2428 2103 2494 qui

519 2518 716 2573 passus
749 2514 852 2568 est,
879 2515 935 2560 et
967 2507 1232 2562 miracula
1266 2516 1427 2562 erant
1461 2509 1606 2564 inter
1638 2514 1942 2579 passiones,
1969 2531 2106 2584 quo-

518 2594 667 2648 niam
701 2604 911 2665 patrata
943 2608 1102 2652 erant
1128 2600 1181 2652 in
1210 2600 1457 2668 passibili
1485 2604 1728 2670 potentia
1761 2607 1962 2673 carnis,
1984 2609 2106 2678 ejus

518 2682 615 2750 qui
663 2698 727 2736 ea
769 2683 1001 2738 miriﬁce
1047 2687 1350 2740 secundum
1395 2696 1650 2744 naturam
1695 2705 1958 2762 operatus
1997 2706 2102 2750 est.

519 2771 680 2838 Quod
719 2773 993 2828 intellexit
1021 2778 1280 2845 magister
1308 2794 1432 2832 cum
1467 2780 1676 2836 diceret
1709 2802 1723 2835 :
1768 2803 1786 2834 ι
1822 2785 2105 2841 Postremo

519 2875 628 2914 non
661 2876 766 2929 qua
793 2862 936 2916 Deus
965 2863 1151 2918 divina
1181 2865 1370 2934 gessit.
1401 2884 1419 2916 ι
1453 2867 1574 2920 Νοιι
1610 2874 1822 2922 tantum
1851 2880 1911 2925 ut
1935 2873 2102 2937 Deus,

517 2960 575 3006 et
604 2967 854 3007 seorsum
889 2971 920 3007 a
958 2970 1156 3020 carne,
1191 2968 1369 3025 neque
1405 2958 1553 3010 enim
1595 2969 1803 3014 tantum
1841 2977 2100 3033 superes-

2202 529 2338 579 φων.
2376 529 2394 562 ι
2435 513 2544 564 Καὶ
2571 511 2710 578 ὑπὲρ
2737 511 3021 580 ἄνθρωπον
3051 509 3265 580 ἀληθῶς
3297 509 3564 581 ἅνθρωπος
3589 533 3726 586 γεγο-

2201 598 2327 667 νὼς,
2366 619 2384 650 ι
2418 601 2544 662 τοὺς
2574 601 2712 668 ὑπὲρ
2741 599 2901 666 φύσιν
2929 598 3159 667 τρόπους
3182 599 3274 650 καὶ
3297 600 3418 662 τοὺς
3442 603 3570 656 κατὰ
3590 605 3726 672 φύσιν

2202 690 2394 769 λόγους
2448 691 2769 760 ἀλυμάντως
2817 689 2954 760 ἔχων
3003 689 3254 759 ἀλλήλοις
3294 690 3336 720 ﬂ
3367 697 3722 765 συνημμένους.

2202 774 2277 835 ὧν
2308 782 2589 851 ἀμήχανος
2623 783 2655 850 ἡ
2683 781 2954 851 σύμϐασις
3005 777 3092 852 ἦν,
3126 781 3286 844 αὐτὸς
3313 776 3356 848 ᾧ
3383 784 3558 853 ιμηδέν
3601 790 3726 844 ἐστιν

2201 871 2484 941 ἀμήχανον
2535 873 2739 942 ἀληθὴς
2794 873 3086 942 γενόμενος
3125 871 3322 935 ἓνωσις
3368 874 3627 947 μηδετέρῳ
3675 881 3726 933 τὸ

2202 963 2468 1032 παράπαν
2514 957 2588 1016 ὧν
2624 963 2924 1026 ὑπόστασις
2966 959 3034 1032 ἦν
3083 961 3315 1034 Θατέρου
3350 969 3724 1037 κεχωρισμένως

2203 1054 2465 1123 ὲνεργῶν,
2498 1054 2567 1106 δι’
2601 1055 2866 1126 ἐκατέρου
2899 1054 2956 1107 δὲ
2992 1053 3191 1124 μᾶλλον
3225 1053 3579 1123 πιστούμενος.
3595 1058 3727 1113 θάτε-

2206 1163 2326 1218 ρον’
2363 1147 2521 1218 εἴπερ
2552 1147 2717 1217 ἄμφω
2737 1146 2863 1202 κατ’
2895 1147 3154 1218 ἀλήθειαν
3181 1144 3256 1200 ὢν
3293 1146 3368 1210 ὡς
3396 1147 3488 1216 μὲν
3507 1149 3623 1214 Θεὸς
3639 1151 3726 1220 τῆς

2205 1235 2344 1299 ιδίας
2389 1231 2457 1306 ἦν
2497 1236 2775 1307 κινητικὸς
2809 1235 3249 1306 ἀνθρωπότητος.
3284 1234 3360 1297 ὡς
3404 1234 3724 1305 ἀνθρωποςδὲ

2201 1327 2303 1396 τῆς
2368 1325 2576 1390 οἰκείας
2630 1325 2955 1396 ὲκφαντικδς
3003 1326 3215 1396 ὑπῆρχε
3246 1324 3512 1394 Θεότητος.
3553 1326 3724 1391 Θεῖκῶς

2206 1418 2326 1488 μὲν,
2360 1416 2427 1469 ἵν’
2452 1415 2625 1480 οὕτως
2657 1416 2818 1480 εἴπω,
2835 1417 2896 1469 τὸ
2920 1415 3149 1485 πάσχειν
3179 1415 3339 1487 ἔχων,
3367 1414 3597 1469 ἑκούσιον
3617 1417 3723 1488 γὰρ,

2203 1509 2326 1562 ἐπεὶ
2354 1508 2430 1579 μὴ
2458 1507 2611 1578 ψιλὸς
2637 1507 2924 1580 ἄνθρωπος
2943 1503 3032 1578 ἦν,
3063 1505 3429 1576 ἀνθρωπικῶς
3459 1505 3513 1559 δὲ
3538 1507 3593 1559 τὸ
3619 1506 3724 1560 Θαυ-

2207 1602 2556 1671 ματουργείν,
2574 1599 2662 1652 διά
2691 1599 2890 1670 σαρκὸς
2905 1597 3035 1669 γάρ,
3067 1597 3191 1650 ἐπεὶ
3223 1595 3299 1666 μὴ
3328 1595 3527 1666 γυμνὸς
3549 1596 3729 1666 ὑπῆρχε

2204 1697 2357 1760 Θεός.
2406 1697 2491 1760 Ὠς
2531 1693 2670 1775 εἶναι
2700 1696 2767 1751 τά
2827 1697 2926 1768 μὲν
2978 1696 3127 1763 πάθη
3171 1693 3462 1766 Θαυμαστὰ
3501 1694 3565 1764 τῇ
3609 1687 3728 1744 κατὰ

2205 1787 2366 1856 φύσιν
2397 1789 2550 1859 θεῖκῇ
2590 1790 2819 1860 δυνάμει
2851 1789 2946 1842 τοῦ
2970 1787 3269 1857 πάσχοντος
3299 1784 3649 1854 καινιξόμενα,
3672 1779 3732 1833 τὰ

2203 1880 2262 1935 δὲ
2297 1880 2553 1951 θαύματα
2581 1880 2823 1950 παθητὰ,
2851 1882 2918 1951 τῇ
2956 1880 3098 1934 κατὰ
3121 1877 3288 1947 φύσιν
3334 1875 3428 1930 τοῦ
3469 1873 3595 1928 αὐτὰ
3621 1872 3731 1925 θαυ-

2208 1971 2641 2042 ματουργοῦντος
2695 1969 2971 2041 παθητικῇ
3028 1970 3258 2038 δυνάμει
3307 1964 3733 2038 συμπληρούμενα

2203 2063 2302 2133 τῆς
2332 2063 2554 2133 σαρκός.
2582 2063 2760 2132 Ὅπερ
2805 2059 2958 2123 εἰδὼς
2991 2063 3019 2113 ὁ
3051 2059 3370 2121 διδάσκαλός
3397 2071 3557 2126 φησι·
3589 2073 3606 2104 ι
3641 2050 3732 2106 Καὶ

2202 2156 2264 2208 τὸ
2293 2155 2476 2207 λοιπὸν
2501 2153 2560 2205 οῦ
2590 2155 2731 2206 κατά
2756 2152 2888 2204 Θεὸν
2910 2151 2976 2204 τὰ
3003 2150 3120 2203 θεῖα
3141 2150 3368 2220 δράσας,
3401 2167 3418 2200 ι
3444 2149 3521 2200 ὅτι
3554 2145 3623 2214 μὴ
3651 2143 3731 2212 μόο

2205 2261 2295 2297 νον
2319 2243 2516 2307 Οεῖκῶς
2551 2244 2930 2314 κεχωρισμένα
2961 2241 3186 2311 σαρκὸς,
3210 2241 3270 2295 οὑ
3307 2239 3415 2309 γὰρ
3447 2233 3736 2305 ὑπερούσιος

2208 2333 2388 2404 μόνον,
2425 2331 2549 2386 οὔτε
2585 2332 2655 2386 τά
2702 2330 3016 2398 ἀνθρώπινα
3055 2329 3195 2392 κατά
3236 2327 3536 2398 ἄνθρωπον,
3569 2323 3643 2374 ὅτι
3675 2320 3739 2390 μὴ

2208 2425 2366 2493 μόνον
2399 2424 2674 2493 σαρκικῶς
2707 2422 3086 2491 κεχωρισμένα
3131 2421 3405 2487 Θεότητος,
3441 2417 3500 2470 οὑ
3529 2412 3740 2484 γὰράν-

2206 2516 2422 2586 θρωπος
2471 2516 2651 2584 μόνον.
2691 2514 2873 2584 (lla.
2911 2513 2965 2583 a)
3006 2531 3023 2562 ι
3078 2511 3192 2564 ἀλλ’
3237 2509 3595 2578 ἀνδρωθέντος
3620 2501 3737 2556 Θεοῦ

2206 2606 2400 2675 καινήν
2430 2623 2552 2658 τινα
2584 2605 2684 2674 τὴν
2729 2623 2747 2654 ι
2783 2603 3106 2675 θεανδρικὴν
3140 2622 3158 2654 ι
3195 2601 3476 2672 ἐνέργειαν
3508 2599 3627 2668 ἡμῖν
3657 2610 3741 2645 περ

2206 2696 2612 2766 πολιτευμένος.
2653 2715 2671 2746 ι
2716 2697 2824 2749 Καὶ
2857 2695 2966 2765 γὰρ
3012 2693 3318 2765 προσλήψει
3353 2689 3547 2761 σαρκὸς
3565 2683 3740 2754 νοερῶς

2207 2787 2564 2859 ἐψυχωμένης
2597 2788 2642 2819 ²⁰
2684 2785 2897 2857 ἀληθῶς
2928 2785 3214 2856 ἄνθρωπος
3245 2781 3508 2851 γεγονὼς,
3529 2781 3555 2831 ὁ
3577 2779 3743 2842 διαφε-

2211 2880 2407 2950 ρόντως
2443 2877 2845 2948 φιλάνθρωπος,
2882 2877 2980 2947 τὴν
3019 2876 3076 2928 δὲ
3111 2874 3299 2944 θεῖκὴν
3344 2873 3613 2942 ἐνέργειαν
3637 2863 3744 2918 καθ’

2168 3006 2174 3012 -
2206 2971 2401 3024 ἕνωσιν
2439 2971 2676 3041 ἄρρητον
2702 2970 2768 3038 τῇ
2811 2966 3061 3037 συμφυϊᾳ
3093 2965 3138 2997 ⁸⁸
3166 2965 3266 3033 τῆς
3306 2960 3570 3034 σαρκικῆς
3603 2958 3745 3025 ἐσχη-

519 3044 772 3098 sentialis
810 3053 928 3100 erat
971 3064 984 3099 :
1037 3065 1056 3096 ‹
1102 3063 1282 3117 neque
1322 3049 1563 3103 humana
1604 3061 1666 3106 ut
1697 3052 1890 3120 homo;
1934 3075 1952 3106 ι
1994 3072 2102 3110 non

2206 3060 2318 3121 κὼς
2361 3059 2749 3130 ἁνδρωθείσαν,
2787 3058 2885 3127 τὴν
2932 3055 3072 3127 ὑπὲρ
3121 3054 3284 3125 ἡμῶν
3335 3049 3748 3139 οίκονομίαν-πε-

518 3134 668 3188 enim
713 3143 924 3189 tantum
965 3145 1025 3190 ut
1061 3153 1221 3204 caro,
1255 3141 1550 3208 separatim
1588 3158 1620 3194 a
1655 3142 1887 3210 deitate,
1921 3162 2099 3216 neque

517 3227 668 3280 enim
695 3227 858 3281 homo
885 3236 1095 3283 tantum
1124 3247 1137 3283 :
1173 3249 1191 3280 ι
1222 3231 1318 3286 sed
1341 3232 1487 3287 Deus
1508 3233 1684 3289 factus
1706 3235 1878 3289 homo
1900 3253 2098 3293 novam

520 3314 821 3386 quamdam
858 3315 1196 3372 dei-virilem
1229 3319 1621 3387 operationem.
1642 3320 1931 3376 nobiscum
1964 3338 2101 3378 con-

518 3408 794 3462 versando
853 3409 1127 3464 exhibuit.
1186 3428 1204 3460 ι
1265 3409 1654 3479 Assumptione
1709 3412 1858 3466 enim
1919 3413 2100 3468 carnis

2207 3152 2464 3222 πλήρωκε
2495 3147 2844 3218 θεανδρικῶς,
2882 3148 3047 3218 ἤγουν
3079 3146 3276 3210 Θεῖκῶς
3325 3147 3442 3215 ἅμα
3472 3140 3561 3195 καὶ
3591 3135 3751 3204 ἀνδρι-

2205 3241 2317 3305 κῶς
2344 3239 2414 3294 τά
2454 3255 2515 3291 τε
2555 3238 2674 3290 θεῖα
2713 3238 2806 3290 καὶ
2836 3237 2906 3290 τὰ
2935 3235 3252 3307 ἀνθρώπινα
3283 3236 3511 3307 δράσας,
3545 3229 3574 3298 ἦ
3607 3222 3751 3292 σαφέ-

2207 3345 2398 3399 στερον
2429 3329 2623 3389 εἰπεῖν,
2656 3326 2841 3395 θεῖκὴν
2879 3328 2936 3380 ὲν
2987 3326 3170 3397 ταυτῷ
3209 3328 3304 3379 καὶ
3333 3320 3587 3394 ἀνδρικὴν
3621 3313 3753 3383 ὲνέρα

2206 3435 2362 3488 γειαν
2392 3417 2870 3486 πεπολιτευμένος.

519 3508 704 3553 mente
735 3500 1026 3569 animaque
1056 3500 1298 3571 prmdita:
1321 3517 1452 3556 vere
1483 3502 1650 3557 homo
1677 3502 1856 3557 factus
1883 3514 1968 3558 est
1997 3505 2089 3561 ille
2127 3523 2292 3579 supra
2329 3509 2552 3563 modum
2585 3524 2715 3578 erga
2782 3508 3034 3561 homines
3067 3505 3364 3576 benignus,
3427 3502 3753 3563 divinamquc

520 3591 896 3657 operationem
932 3592 1129 3647 uniens
1193 3591 1547 3646 ineﬁabiliter
1612 3593 1886 3658 humanae,
1918 3610 2017 3664 per
2044 3599 2227 3653 carnis
2260 3598 2630 3661 coalitionem,
2664 3613 2764 3666 pro
2792 3614 2797 3618 '
2823 3596 2984 3650 nobis
3019 3595 3344 3664 adimplevit
3413 3584 3752 3660 dispensatio-

519 3692 646 3732 nem
685 3679 1034 3750 θεανδρὶκῶς,
1069 3682 1174 3736 hoe
1205 3689 1290 3737 est
1323 3689 1380 3736 et
1414 3691 1673 3750 tanquam
1742 3681 1888 3736 Deus
1955 3692 2010 3738 et
2077 3694 2336 3754 tanquam
2381 3686 2566 3752 homo,
2636 3684 2932 3752 divinaque
2975 3691 3031 3737 et
3066 3682 3309 3736 humana
3352 3673 3752 3737 administravit,

519 3769 637 3834 vel,
665 3780 726 3824 ut
756 3771 960 3826 clarius
996 3771 1210 3842 loquar,
1239 3773 1359 3843 ejus
1396 3772 1586 3841 politia
1625 3773 1814 3826 divina
1851 3773 2012 3827 simul
2048 3785 2103 3829 et
2144 3776 2414 3831 humanas
2443 3775 2792 3846 operationes
2841 3775 3152 3828 exhibebat.

591 3883 730 3937 Cum
755 3884 922 3954 igitur
943 3884 1130 3938 divina
1152 3894 1208 3938 et
1230 3886 1470 3940 humana
1492 3885 1638 3939 inter
1658 3900 1718 3940 se
1740 3885 1912 3940 dividi
1931 3877 2098 3957 nega-

520 3973 616 4029 hat
649 3975 870 4043 sapiens
905 3976 1188 4044 magister,
1217 3975 1440 4044 quando
1470 3975 1731 4029 unionem
1764 3974 2095 4042 afﬁrmabat,

522 4082 636 4122 non
684 4068 924 4121 nescivit
971 4068 1124 4121 unita
1171 4067 1336 4121 etiam
1385 4067 1529 4121 inter
1571 4082 1629 4121 se
1671 4067 1923 4134 dill‘erre;
1969 4069 2101 4122 unio

522 4159 674 4214 enim
710 4158 1040 4212 divisionem
1076 4172 1366 4212 removens
1397 4173 1508 4212 non
1544 4157 1729 4212 offecit
1756 4158 2100 4214 differentiae.

525 4246 584 4302 Si
618 4258 802 4302 autem
831 4247 1158 4302 diﬂ'erentia:
1188 4247 1460 4302 rationem
1494 4248 1718 4303 unionis
1748 4249 1945 4304 modus
1973 4265 2105 4304 con-

523 4344 733 4400 servat,
761 4353 891 4392 sane
923 4338 1015 4392 liie
1046 4353 1226 4393 sermo
1255 4339 1362 4392 viri
1394 4339 1567 4392 sancti
1605 4339 1943 4408 periphrasis
1974 4341 2101 4404 erit,

529 4443 626 4498 per
644 4444 806 4496 quam
831 4429 1095 4491 ostendit,
1119 4428 1261 4483 bene
1285 4430 1606 4499 congruenti
1634 4431 1905 4494 oratione,
1929 4430 2104 4500 dupli-

525 4532 646 4573 cem
678 4519 1059 4587 operationem
1096 4519 1151 4572 in
1183 4519 1405 4574 Christo
1430 4519 1565 4572 duas
1591 4527 1818 4574 naturas
1846 4519 2102 4574 habente.

526 4609 794 4676 Quoniam
841 4611 992 4664 nullo
1037 4619 1197 4678 pacto
1242 4625 1340 4678 per
1384 4609 1668 4674 unionem,
1701 4609 1816 4663 sive
1855 4618 2106 4662 naluram

528 4708 746 4767 Spcetes
807 4700 924 4753 sive
983 4696 1340 4765 qualitatem,
1386 4685 1575 4750 ecrum
1636 4713 1756 4765 qua:
1811 4697 2106 4764 uniunlur,

526 4791 843 4845 essentialis
899 4790 1120 4844 laeditur
1167 4789 1328 4842 ratio.
1381 4789 1514 4852 Nec,
1553 4797 1615 4842 ut
1662 4790 1855 4843 volunt
1906 4790 2108 4858 aliqui,

527 4889 773 4946 extrema
801 4880 1054 4949 negando
1085 4880 1328 4934 medium
1359 4870 1636 4947 quoddam
1672 4878 1931 4944 alIirmat;
1974 4880 2110 4934 nihil

527 4970 675 5024 enim
705 4977 791 5024 est
819 4970 1062 5025 medium
1087 4972 1234 5040 quod
1265 4971 1332 5025 de
1360 4971 1582 5025 Christo
1615 4985 1715 5038 per
1737 4977 2108 5024 extremorum

530 5061 878 5130 negationem
914 5061 1172 5116 aﬂirmari
1207 5071 1407 5132 potest.
1447 5081 1464 5112 ι
1507 5062 1712 5116 Novam
1757 5080 1774 5112 ›
1817 5060 1971 5124 dixit,
2007 5061 2112 5116 hoc

529 5160 618 5204 est
643 5167 846 5206 novum
875 5154 1198 5223 mysterium
1227 5154 1646 5218 characterizat,
1672 5155 1829 5224 cujus
1856 5155 1996 5208 ratio
2023 5164 2106 5209 est

531 5239 830 5296 Lneﬂ‘abilis
851 5241 1046 5297 modus
1070 5241 1336 5296 naturalis
1358 5241 1783 5311 conjunctionis.
1802 5239 1936 5306 Quis
1956 5241 2102 5294 enim

2275 3891 2483 3944 Οὐκοῦν
2533 3890 2805 3958 ἀποφάσει
2832 3889 2930 3958 τῆς
2959 3887 3067 3941 τῶν
3091 3887 3252 3940 Θείων
3276 3889 3374 3941 καὶ
3395 3879 3748 3954 ἀνθρωπίνων

2205 3980 2340 4050 πρὸς
2367 3979 2570 4048 ἄλληλα
2599 3979 2916 4049 διαιρέσεως
2943 3979 3039 4049 τὴν
3065 3976 3167 4044 τῆς
3190 3975 3441 4039 ένὼσεως
3467 3973 3754 4040 κατάφασιν

2205 4074 2234 4125 ὁ
2276 4072 2436 4139 σοφὸς
2465 4070 2829 4139 ποιησάμενος
2873 4069 2971 4139 τὴν
3026 4067 3262 4138 φυσικὴν
3315 4068 3426 4121 τῶν
3482 4061 3755 4136 ἡνωμένων

2205 4161 2464 4230 διαφοράν
2493 4161 2594 4213 οὐκ
2617 4160 2899 4228 ἠγνόησεν·
2933 4161 2965 4228 ὴ
2995 4159 3103 4229 γὰρ
3144 4159 3342 4222 ἕνωσις
3381 4157 3480 4228 τὴν
3517 4152 3757 4220 διαίρεσιν

2208 4250 2546 4321 ἀπωσαμένη
2593 4251 2692 4319 τὴν
2724 4248 2984 4317 διαφορὰν
3030 4249 3131 4300 οὐκ
3157 4247 3457 4314 ὲλώϐησεν.
3495 4244 3558 4297 Ei
3589 4242 3642 4294 δὲ
3669 4237 3756 4306 τῆς

2203 4343 2464 4411 διαφορᾶς
2513 4341 2602 4394 τὸν
2647 4340 2802 4408 λόγον
2831 4341 2859 4392 ὁ
2897 4341 2994 4407 τῆς
3021 4338 3267 4402 ένώσεως
3299 4339 3503 4410 τρόπος
3532 4336 3639 4404 ἔχει
3668 4347 3756 4383 σω·

2203 4432 2444 4504 ζόμενον,
2477 4431 2584 4501 ἄρα
2613 4431 2658 4461 ¹²
2693 4429 3018 4498 περίφρασις
3057 4430 3204 4481 ἐστιν
3229 4429 3383 4499 ἢτοῦ
3419 4427 3572 4494 ἁγίου
3602 4418 3755 4491 φωνὴ,

2205 4521 2524 4590 καταλλήλῳ
2569 4519 2758 4589 κλήσει
2791 4517 2881 4570 τοῦ
2927 4517 3109 4570 διττοῦ
3139 4517 3186 4549 ²⁸
3220 4519 3319 4588 τὴν
3348 4517 3512 4586 φῦσιν
3543 4507 3754 4582 Χριστοῦ

2205 4609 2305 4680 τὴν
2333 4609 2513 4678 διττὴν
2542 4609 2588 4639 ’³⁸
2621 4606 3056 4677 παραδηλοῦντος
3090 4608 3400 4677 ἐνέργειανο
3432 4607 3590 4671 εἴπερ
3616 4600 3756 4666 φύσει

2204 4717 2264 4751 τε
2292 4699 2335 4729 ³⁵
2363 4699 2452 4749 καὶ
2481 4696 2727 4766 ποιότητι
2774 4696 2903 4758 κατ’
2945 4695 3136 4748 οὐδένα
3187 4697 3392 4768 τρόπον
3431 4697 3496 4747 ἐκ
3533 4693 3627 4762 τῆς
3652 4686 3758 4741 ἐνώ-

2211 4806 2347 4851 σεως
2378 4791 2406 4840 ὁ
2435 4788 2543 4840 τῶν
2578 4785 2873 4856 ἡνωμένων
2931 4787 3198 4856 οὐσιὼδης
3241 4787 3548 4857 μεμείωται
3598 4781 3755 4847 λόγοςο

2221 4877 2358 4930 Ἀλλ’
2399 4877 2496 4945 οὐχ
2551 4874 2626 4939 ὥς
2673 4891 2779 4926 τινι
2804 4875 2886 4937 ’⁸,
2930 4875 3203 4941 ἀποφάσει
3247 4876 3357 4926 τῶν
3404 4875 3590 4945 ἄκρων
3633 4865 3758 4925 τινὸς

2213 4968 2376 5038 μέσου
2408 4967 2727 5035 ποιουμένου
2757 4965 2802 4996 ³⁷
2858 4965 3191 5032 κατάφασιν.
3243 4968 3359 5019 Οὐκ
3413 4965 3526 5018 ἔστι
3575 4961 3677 5031 γάρ
3717 4973 3760 5008 τι

2213 5059 2375 5130 μέσον
2405 5059 2497 5110 ἐπὶ
2526 5057 2570 5088 ’⁸
2596 5055 2853 5126 Χριστοῦ,
2886 5059 2952 5126 τῇ
2978 5055 3087 5108 τῶν
3112 5057 3299 5127 ἄκρων
3325 5057 3600 5125 ἀποφάσει
3616 5067 3765 5105 κατα-

2213 5148 2573 5218 φασκόμενον.
2613 5166 2630 5197 ι
2677 5145 2886 5215 Καινὴν
2925 5147 3042 5216 μὲν,
3082 5164 3100 5196 ι
3145 5147 3220 5208 ὼς
3259 5147 3454 5200 καινοῦ
3481 5139 3760 5217 μυστηρίου

2209 5237 2733 5309 χαρακτηριστικὴν,
2751 5231 2812 5291 οὗ
2840 5237 2995 5304 λόγος
3025 5238 3173 5291 ἐστὶν
3197 5240 3225 5292 ὁ
3250 5240 3566 5309 ἀπόρρητος
3584 5235 3764 5306 τρόπος

1847 5401 2084 5456 VARI/li
2125 5397 2523 5457 LECTIONES.

590 5529 636 5559 "
676 5523 925 5592 ἀλλήλοις
954 5530 1099 5592 ἔχων
1140 5529 1244 5582 σᾶ.
1278 5531 1395 5586 Gal.

594 5550 635 5559 ·-
676 5550 925 5592 alumnati;
954 5550 979 5581 ε
1016 5550 1040 5583 ο

521 5596 612 5648 ed.
647 5593 766 5645 Gal.
821 5593 874 5643 In
919 5550 1040 5652 εοῇ,

521 5597 612 5648 ed.
647 5597 766 5645 Gal-
821 5597 874 5643 In
919 5597 1040 5652 cod.
1100 5597 1240 5649 Gud.
1297 5617 1326 5653 a
1372 5619 1452 5670 pr.
1510 5597 1756 5658 Infest':
1777 5597 1988 5657 διπλοῦ.

519 5662 638 5716 Gal.
735 5658 778 5686 ’⁷
827 5666 1158 5716 ποιουμένῳ)
1192 5665 1313 5716 (sic)
1362 5674 1480 5716 t‘nd.
1535 5673 1671 5716 “Iul,
1711 5673 1988 5716 qmnu'nrsw

1485 5535 1531 5566 ²⁰
1577 5534 1975 5605 ἑμψυχωμένης
1995 5533 2081 5586 ed.
2105 5532 2218 5586 Gal.
2310 5533 2351 5564 ³⁸
2381 5547 2590 5600 συμφυε

1510 5621 1584 5656 ιιι.
1645 5614 1750 5658 est.
1777 5603 1988 5657 διπλοῦ.
2067 5604 2110 5633 ⁸⁸
2139 5602 2325 5669 δικτὴν
2356 5600 2443 5653 ed.
2473 5600 2590 5653 Gal.

735 5658 778 5686 ¹⁷
827 5666 1158 5737 ποιουμένον
1192 5665 1313 5735 (sic)
1362 5658 1481 5727 cod.
1535 5673 1673 5727 Gud.
1711 5673 2034 5742 ποιούμενον
2066 5671 2152 5724 ed.
2187 5658 2305 5725 Gal.
2379 5671 2421 5702 ³⁸
2457 5670 2570 5721 ἐστί
2598 5667 2683 5722 (ξάο
2718 5668 2831 5725 Gil]-

2310 5533 2351 5564 "
2381 5530 2656 5600 συμφυεία
2681 5530 2768 5583 ed.
2809 5531 2925 5584 Gal.
2988 5534 3032 5564 “
3067 5528 3174 5600 ἄρα
3201 5534 3288 5587 ed.
3317 5532 3438 5590 Gal.
3527 5533 3571 5563 ²³
3598 5523 3762 5600 δικτοῦ

2673 5600 2717 5629 ⁸⁸
2752 5616 2832 5651 τε.
2883 5615 2991 5654 οιιι.
3044 5594 3134 5657 ed.
3189 5603 3307 5659 Gal.
3415 5606 3459 5634 ³⁸
3499 5617 3637 5662 τινες
3680 5594 3760 5650 ed-
