4008 6194
210 214 215 215 ί
314 233 447 302 1057

1394 294 1399 297 _
1512 186 1515 189 π
1548 232 2072 295 AMBIGUORUM
2112 233 2362 295 LIBER.

3418 239 3558 306 1058

309 349 409 417 τῆς
430 344 706 416 συμφυΐας
738 345 804 399 ⁸⁹.
832 344 928 408 Τίς
951 342 1060 414 γὰρ
1084 343 1223 413 ἔγνω
1257 340 1375 405 πῶς
1406 341 1702 412 σαρκοῦται
1732 341 1881 407 Θεὸς,

1989 340 2145 395 novit
2183 340 2459 410 quomodo
2498 341 2644 396 Deus
2681 341 3020 409 incarnatur,
3054 350 3110 398 et
3149 351 3331 400 tamen
3375 359 3561 403 manet

306 438 405 492 καὶ
430 434 773 506 μένειῆεόςς
811 436 926 500 πῶς
962 436 1136 505 μένων
1163 434 1297 496 Θεὸς
1333 433 1561 504 ἀληθὴς,
1596 431 1881 502 ἄνθρωπός

311 525 604 598 (1141))
668 528 816 579 ἐστιν
866 525 1117 595 ἀληθής;
1182 525 1348 594 ἄμφω
1421 524 1636 589 δεικνὺς
1691 521 1883 574 ἑαυτὸν

311 615 530 684 ἀληθῶς
570 614 805 683 ὑπάρξει
845 616 1074 683 φυσικῇ,
1115 614 1209 665 καὶ
1238 613 1303 664 δι’
1338 611 1606 682 ἐκατέρου
1632 609 1881 681 θάτερον,

312 706 408 761 καὶ
443 705 725 777 μηδετέρῳ
768 706 1126 775 τρεπόμενος.
1163 703 1347 756 Ταῦτα
1388 703 1524 773 μόνη
1561 701 1741 763 πίστις
1771 715 1883 770 χω-

314 801 417 873 ρεῖ,
468 800 593 866 σιγῇ
633 796 850 867 τιμῶσα
880 796 973 848 τὸν
1005 796 1199 864 Λόγον,
1235 790 1444 856 οὗτινος
1475 795 1541 864 τῇ
1584 792 1746 861 φύσει
1774 790 1883 844 τῶν

308 890 478 943 ὄντων
509 889 799 958 ἐμπέφυκε
852 888 1010 955 λόγος
1060 889 1258 949 οὐδείς.
1294 906 1312 937 ι
1349 885 1685 956 Θεανδρικὴν
1743 904 1761 936 ι
1801 884 1881 947 δὲ,

307 984 406 1051 οὐχ
431 980 507 1043 ὡς
546 980 749 1049 άπλῆν,
780 970 904 1033 οὐδὲ
949 979 1185 1049 πρᾶγμά
1223 996 1277 1031 τι
1309 978 1584 1042 σύνθετον,
1611 976 1705 1029 καὶ
1731 976 1765 1047 ἢ
1789 976 1885 1047 μόο

304 1090 403 1143 νης
446 1072 662 1142 γυμνῆς
712 1071 857 1124 κατὰ
899 1071 1060 1139 φύσιν
1107 1070 1397 1139 θεότητος,
1431 1069 1464 1139 ἥ
1514 1067 1680 1139 μόνης
1721 1067 1884 1138 ψιλῆς

305 1165 665 1235 ὑπάρχουσαν
694 1163 1117 1233 ἀνθρωπότητος
1137 1202 1153 1226 ,
1182 1161 1216 1232 ἢ
1253 1160 1493 1230 συνθέτῳ
1527 1158 1687 1228 φύσει
1719 1152 1883 1213 τινῶν

301 1255 490 1327 ἄκρων
540 1255 852 1325 μεταιχμίῳ
908 1255 1332 1323 προσήκουσαν,
1387 1251 1502 1304 ἀλλ’
1555 1250 1882 1320 ἀνδρωθέντι

302 1346 445 1415 Θεῷ.
484 1347 735 1400 τουτέστι
768 1345 993 1409 τελείως
1040 1344 1549 1415 ἐνανθρωπήσαντι,
1607 1351 1882 1412 προσφυε-

304 1439 530 1506 στάτην.
565 1437 689 1490 Οὐδ’
740 1433 808 1490 αὖ
866 1436 1029 1489 πάλιν
1069 1436 1218 1505 μίαν,
1268 1434 1347 1497 ὡς
1392 1435 1494 1487 οὐκ
1524 1433 1590 1487 ἂν
1622 1434 1667 1465 ’θ
1708 1432 1882 1496 ἄλλως

300 1530 565 1602 νοηθῆναι
613 1548 633 1582 ι
665 1530 764 1599 τῆς
797 1530 993 1597 καινῆς
1026 1548 1044 1580 ι
1084 1526 1228 1581 καθά
1259 1542 1400 1578 τισιν
1424 1524 1624 1588 ἔδοξεν,
1651 1524 1682 1583 ἢ
1711 1541 1729 1573 ι
1754 1525 1883 1591 μιᾶς

301 1620 632 1690 δυναμένης·
671 1639 690 1672 ι
720 1619 1007 1688 ποιότητος
1057 1617 1186 1686 γὰρ,
1234 1615 1349 1669 ἀλλ’
1399 1615 1461 1667 οὐ
1507 1614 1802 1682 ποσότητος
1846 1613 1879 1681 ἡ

1985 431 2163 486 Deus?
2184 433 2463 502 quomodo
2489 442 2707 488 maneat
2729 435 2875 488 Deus
2892 449 3078 500 verus,
3099 445 3153 491 et
3177 452 3340 492 verus
3360 439 3556 503 homo,

1983 524 2280 581 ostendens
2305 540 2365 579 se
2388 540 2518 579 vere
2548 541 2669 581 esse
2697 536 2994 597 utrumque
3024 530 3263 583 naturali
3291 531 3560 586 exsisten-

1984 614 2080 680 tia,
2098 624 2155 669 et
2177 630 2273 684 per
2293 616 2617 673 alterutrum
2642 628 2935 689 utrumque
2960 619 3014 672 in
3041 629 3239 697 neutro
3259 622 3561 677 alteratus?

1985 704 2111 758 Haec
2157 705 2292 761 ﬁdes
2338 708 2455 761 sola
2504 708 2678 778 capit,
2716 711 2935 765 silentio
2974 727 3245 766 venerans
3285 713 3556 781 Verbum,

1984 797 2142 866 cujus
2171 808 2381 853 naturae
2412 800 2563 853 nulla
2596 801 2653 854 in
2685 801 2853 855 rebus
2888 803 3089 856 creatis
3121 806 3301 857 oratio
3334 819 3561 874 respon-

1984 887 2097 941 det.
2123 887 2481 960 Θεανδρικὴν,
2516 911 2532 939 ο
2570 890 2932 955 dei-virilem,
2962 911 2980 943 ι
3013 893 3245 959 addidit,
3272 910 3381 948 non
3413 896 3557 965 quod

1984 977 2255 1048 intelligat
2292 979 2378 1034 vel
2423 979 2726 1049 simplicem
2785 983 3191 1051 operationem,
3252 985 3337 1039 vel
3379 985 3559 1055 reipsa

1984 1066 2367 1135 compositam,
2397 1084 2500 1123 nec
2539 1068 2722 1122 adhuc
2766 1085 2887 1123 eam
2927 1086 3048 1140 qua:
3087 1073 3257 1127 solius
3290 1075 3562 1144 nuquue

1982 1163 2129 1211 esset
2162 1155 2412 1221 deitatis,
2440 1168 2534 1214 aut
2568 1159 2739 1213 solius
2771 1169 2828 1214 et
2857 1176 3020 1215 merae
3053 1162 3439 1232 humanitatis,
3466 1174 3563 1220 aut

1982 1254 2262 1315 postremo
2296 1258 2507 1305 natura:
2539 1252 2826 1321 cujusdam
2862 1254 3199 1322 compositae,
3226 1270 3348 1324 quae
3382 1257 3561 1310 media

1966 1347 2137 1397 esset
2164 1339 2308 1393 inter
2339 1339 2451 1395 duo
2489 1351 2734 1397 extrema
2773 1362 2786 1397 :
2821 1345 2918 1398 sed
2956 1360 3075 1399 eam
3111 1361 3232 1415 quat
3265 1348 3561 1402 naturalis-

1982 1427 2118 1482 sime
2144 1437 2485 1498 competeret
2509 1432 2624 1486 Deo
2654 1433 3034 1498 inhumanato,
3061 1436 3166 1490 hoc
3197 1446 3284 1490 est
3311 1438 3405 1507 qui
3437 1454 3562 1507 per-

1968 1515 2123 1572 ‘l'ecte
2149 1516 2327 1573 factus
2380 1529 2466 1574 est
2520 1521 2705 1577 homo.
2749 1524 2964 1578 Rursus
3021 1541 3185 1578 unam
3239 1526 3408 1591 dixit,
3450 1542 3562 1580 non

1981 1612 2166 1662 tamen
2199 1610 2273 1663 ita
2300 1625 2365 1666 ac
2390 1611 2436 1665 si
2487 1627 2630 1667 nova
2662 1632 2683 1675 ς
2711 1615 2961 1683 operatio
2984 1630 3090 1669 non
3121 1627 3307 1685 posset
3328 1618 3560 1687 intelligi

311 1730 331 1762 ι
380 1678 665 1781 καινότηςο
725 1727 745 1760 ι
800 1678 925 1762 ἐπεὶ¹
974 1678 1080 1761 καὶ.
1107 1678 1272 1777 φύσιν
1306 1707 1364 1773 ἐξ
1419 1705 1665 1775 ἀνάγκης
1695 1678 1878 1773 -ἐαυτῇ

1986 1699 2091 1754 nisi
2122 1716 2241 1769 per,
2268 1717 2458 1768 unam,
2492 1723 2511 1755 ι
2544 1712 2605 1758 ut
2630 1708 2913 1761 nonnullis
2941 1707 3151 1776 placet;
3183 1723 3309 1763 nam
3337 1710 3404 1763 ad
3428 1725 3562 1779 qua-

305 1799 611 1865 συνεισάξει
642 1799 900 1871 τοιαύτην
924 1816 939 1830 ·
1000 1798 1162 1869 εἴπερ
1193 1798 1374 1865 πάσης
1429 1795 1648 1864 φύσεως
1696 1795 1822 1864 ὄρος
1853 1794 1882 1846 6

302 1888 402 1960 τῆς
434 1888 729 1951 οὐσιώδους
763 1888 932 1956 αὐτῆς
957 1886 1237 1955 ἐνεργείας
1271 1883 1576 1952 καθέστηκε
1606 1880 1784 1948 λόγος,
1813 1878 1883 1950 ἢν

303 1977 367 2032 οὐ
395 1977 589 2045 διπλῆν
629 1976 672 2008 ³³
707 1975 853 2028 εῐποι
908 1975 953 2006 ³¹
1006 1974 1123 2026 ποτ’
1171 1971 1237 2026 ἂν
1285 1970 1646 2042 τραγελάφων
1691 1967 1884 2037 μύθοις

303 2067 776 2137 φιλοτιμούμενος.
846 2063 974 2126 Πῶς
1031 2064 1085 2116 δὲ
1144 2064 1239 2116 καὶ
1294 2050 1484 2114 τούτου
1547 2057 1794 2121 δοθέντος
1845 2058 1882 2111 6

300 2156 464 2211 τοῦτο
505 2155 770 2225 πεφυκὼς
823 2155 955 2224 μίαν
1002 2153 1141 2224 ἔχων
1188 2153 1492 2221 ἐνέργειαν,
1521 2149 1618 2203 καὶ
1673 2146 1882 2219 ταύτην

297 2247 575 2319 φυσικὴν,
621 2246 925 2300 ἐπιτελέσει
974 2247 1041 2313 τῇ
1085 2244 1223 2314 αὐτῇ
1255 2241 1328 2296 τὰ
1376 2240 1631 2312 θαύματα
1666 2238 1767 2292 καὶ
1810 2238 1881 2292 τὰ

296 2338 476 2410 πάθη.
507 2338 653 2407 λόγῳ
687 2336 906 2405 φύσεως
944 2334 1190 2405 ἀλλήλων
1218 2332 1567 2403 διαφέροντα,
1594 2330 1719 2401 δίχα
1758 2344 1883 2382 στε-

299 2430 517 2504 ρήσεως
545 2411 1060 2497 ἐπισυμδαινούσης
1096 2427 1162 2496 τῇ
1191 2421 1515 2492 ἀπογενέσει
1545 2420 1648 2490 τῆς
1672 2420 1837 2487 ἐξεως
1861 2436 1877 2486 ;

298 2520 470 2576 Οὐδὲν
493 2519 605 2588 γὰρ
647 2518 757 2570 τῶν
783 2517 954 2570 ὄντων
986 2516 1084 2586 μιᾷ
1116 2515 1211 2568 καὶ
1234 2516 1301 2585 τῇ
1332 2513 1471 2583 αὐτῇ
1504 2512 1755 2581 ἐνεργείᾳ
1781 2510 1880 2563 τά-

298 2611 493 2665 ναντία
522 2609 740 2679 πέφυκε
784 2608 938 2678 δρᾷν,
972 2608 1085 2678 ὅρῳ
1116 2621 1176 2659 τε
1222 2606 1321 2659 καὶ
1347 2605 1492 2675 λόγῳ
1523 2602 1880 2672 συνεχόμενον

301 2703 539 2769 φύσεως.
584 2692 679 2755 Διδ
730 2700 860 2770 μίαν
909 2697 1096 2762 ἁπλῶς
1140 2696 1175 2767 ἢ
1218 2694 1454 2766 φυσικὴν
1502 2694 1596 2748 ἐπὶ
1643 2691 1878 2764 Χριστοῦ

298 2796 559 2865 θεότητος
591 2794 685 2847 καὶ
715 2791 919 2867 σαρκὸς
951 2789 1239 2860 ἐνέργειαν
1263 2787 1446 2856 λέγειν
1482 2785 1544 2840 οὐ
1587 2784 1767 2855 θέμις,
1798 2783 1879 2837 εί-

300 2904 409 2959 ·κερ
424 2889 502 2957 μὴ
526 2886 720 2941 ταυτὸν
748 2885 995 2955 ποιότητι
1015 2883 1219 2952 φυσικῇ
1251 2880 1444 2948 θεότης
1460 2878 1554 2931 καὶ
1579 2877 1736 2947 σὰρξ,
1758 2875 1879 2928 ἐπεὶ

296 2967 397 3033 καὶ
424 2978 607 3046 φύσιν,
636 2977 732 3031 καὶ
757 2978 1048 3069 γενήσεται
1074 2971 1272 3069 τετρὰς
1318 2969 1573 3069 :11-(115
1605 2971 1661 3069 α)
1694 2967 1875 3069 τριάςζ
1904 3012 1946 3069 C

296 3067 440 3122 Οὔτε
474 3068 582 3137 γὰρ
603 3067 745 3120 κατὰ
775 3065 958 3135 φύσιν,
988 3061 1114 3116 οὔτε
1144 3059 1286 3115 κατὰ
1314 3059 1567 3127 δύναμιν,
1602 3057 1725 3111 οὔτε
1754 3058 1875 3111 κατ’

296 3160 606 3230 ἐνέργειαν,
635 3157 830 3225 γέγονε
859 3154 1084 3216 ταυτὸν,
1116 3152 1271 3223 φησὶ,
1299 3154 1365 3221 τῇ
1396 3150 1561 3221 σαρκί
1588 3149 1655 3203 ³³.
1690 3147 1879 3202 Οὑδενὶ

298 3249 407 3318 γὰρ
447 3242 493 3314 ᾧ
553 3246 797 3316 πέφυκεν
850 3241 993 3296 εἶναι
1031 3243 1121 3296 διὰ
1164 3242 1265 3313 τὴν
1318 3241 1449 3311 μίαν
1481 3240 1671 3293 οὐσίαν
1701 3239 1879 3308 Πατρὶ

299 3339 396 3390 καὶ
416 3336 694 3406 Πνεύματι
718 3334 913 3387 ταυτὸν
944 3333 972 3384 6
1008 3332 1156 3393 Υἱὸς,
1183 3330 1374 3398 γέγονε
1401 3328 1597 3381 ταυτὸν
1620 3329 1687 3396 τῇ
1716 3324 1879 3397 σαρκὶΙ

297 3431 387 3485 διὰ
417 3430 515 3500 τὴν
540 3429 758 3490 ἕνωσιν,
793 3424 898 3479 κᾶν
929 3423 1232 3492 πεποίηκεν
1257 3419 1430 3490 αὐτὴν
1449 3417 1713 3483 ζωοποιὸν
1745 3415 1876 3469 ἐνώ-

302 3536 388 3573 σει
414 3522 481 3590 τῇ
513 3517 650 3589 πρὸς
693 3515 876 3581 αὐτὸν,
901 3514 1133 3583 ἔχουσαν
1170 3510 1233 3563 τὸ
1265 3508 1425 3578 φύσει
1464 3507 1680 3579 θνητόν.
1726 3505 1879 3558 Ἐπεὶ

292 3611 398 3664 »καὶ
434 3610 677 3681 τρεπτῆς
714 3606 979 3676 ὑπάρχων
1014 3600 1356 3673 δειχθήσεται
1391 3598 1628 3667 φύσεως,
1662 3595 1755 3650 καὶ
1778 3595 1879 3667 τὴν

298 3701 490 3756 οὐσίαν
526 3700 626 3770 τῆς
670 3696 873 3768 σαρκὸς
913 3696 995 3759 είς
1037 3693 1177 3763 ὅπερ
1200 3690 1303 3744 οὐκ
1329 3685 1399 3761 ἦν
1427 3687 1748 3753 ἀλλοιώσας,
1782 3686 1879 3740 καὶ

308 3792 507 3845 ταυτδν
540 3787 861 3858 πεποιηκὼς
913 3788 981 3858 τῇ
1030 3784 1190 3853 φύσει
1232 3782 1334 3851 τὴν
1377 3780 1595 3833 ἕνωσιν.
1626 3779 1740 3848 Τὴν
1767 3777 1878 3850 γὰρ

1982 1787 2214 1854 litatem,
2238 1805 2351 1845 non
2378 1807 2509 1847 vero
2544 1795 2611 1849 ad
2643 1797 3005 1864 quantitatem
3042 1800 3315 1868 καινότης,
3348 1819 3367 1852 ι
3404 1800 3561 1854 inno-

1982 1879 2162 1942 vatio,
2196 1899 2214 1931 ι
2250 1883 2521 1950 pertinet,
2547 1885 2807 1953 quoniam
2841 1898 3095 1942 naturam
3130 1892 3444 1946 neCessario
3477 1892 3560 1946 in-

1983 1968 2138 2026 ducit
2164 1972 2362 2037 talem;
2393 1987 2520 2027 nam
2545 1975 2727 2029 omnis
2755 1985 2965 2032 natura:
2987 1978 3235 2034 definitio
3260 1982 3468 2049 petitur
3489 1982 3561 2036 ab

1980 2063 2102 2132 ejus
2127 2063 2441 2118 essentialis
2464 2064 2804 2132 operationis
2830 2067 3064 2131 ratione,
3091 2084 3253 2138 quam
3281 2070 3558 2141 duplicem

1968 2166 2102 2207 esse
2133 2168 2204 2207 ne
2238 2152 2285 2207 is
2311 2153 2534 2222 quidem
2567 2155 2768 2211 dixerit
2796 2157 2889 2226 qui
2925 2159 3371 2229 tragelaphorum
3404 2161 3561 2217 fabu-

1980 2242 2063 2298 las
2091 2245 2458 2315 amplectitur.
2487 2246 2624 2310 lmo,
2652 2247 2757 2302 hoc
2783 2248 2934 2315 dato,
2965 2250 3090 2305 talis
3111 2250 3207 2320 qui
3236 2251 3423 2318 fuerit,
3451 2268 3560 2307 una

1982 2342 2196 2389 tantum
2236 2337 2578 2406 operatione,
2609 2352 2783 2408 eaque
2825 2340 3063 2395 naturali
3104 2341 3387 2412 praeditus,
3417 2358 3559 2414 quo.

1980 2424 2148 2479 modo
2188 2440 2289 2497 per
2322 2441 2445 2481 eam
2486 2434 2543 2481 et
2574 2427 2846 2483 miracula
2883 2439 2939 2485 et
2973 2432 3257 2501 passiones
3291 2434 3557 2500 ostendit,

1981 2531 2219 2587 quorum
2245 2519 2389 2573 ratio
2416 2518 2747 2576 naturaliter
2775 2520 3009 2576 multum
3042 2521 3261 2580 diversa
3291 2535 3397 2591 est,
3424 2527 3559 2595 quin

1981 2606 2204 2662 habitus
2248 2608 2661 2677 corruptionem
2704 2609 2942 2679 privatio
2984 2620 3374 2693 consequatur.
3408 2613 3557 2668 Nihil

1980 2698 2129 2752 enim
2161 2706 2247 2754 est
2276 2698 2425 2769 quod
2457 2715 2565 2754 una
2597 2698 2903 2770 eademque
2930 2703 3251 2771 operatione
3281 2706 3559 2760 contraria

1980 2797 2164 2860 potest
2191 2788 2428 2856 edicere,
2461 2791 2507 2846 si
2546 2800 2766 2846 maneat
2795 2792 2937 2847 intra
2976 2808 3088 2848 suae
3123 2804 3332 2853 natura:
3367 2800 3558 2853 termi-

1981 2895 2115 2935 num
2149 2889 2206 2935 et
2231 2880 2521 2936 rationem.
2549 2880 2897 2951 Quapropter
2924 2899 3034 2938 non
3065 2894 3150 2940 est
3178 2885 3260 2940 fas
3287 2886 3557 2944 afﬁrmare

1981 2969 2051 3024 de
2081 2968 2286 3024 Christi
2318 2969 2522 3024 deitate
2552 2978 2609 3024 et
2638 2986 2802 3026 carne
2833 2987 2998 3026 unam
3029 2974 3350 3044 simpliciter
3372 2986 3429 3032 et
3454 2994 3554 3032 na-

1979 3062 2217 3116 turalem
2245 3061 2646 3131 operationem,
2678 3063 2925 3118 si‘modo
2960 3065 3104 3121 idem
3139 3082 3247 3122 non
3284 3068 3352 3123 sit
3385 3084 3557 3138 penes

1976 3152 2299 3221 qualitatem
2352 3156 2656 3208 naturalem
2708 3153 2886 3209 deitas
2937 3164 2992 3209 et
3043 3172 3190 3212 caro.
3242 3158 3357 3215 Hoc
3405 3161 3553 3215 enim

1977 3249 2139 3311 pacto
2159 3250 2215 3296 et
2239 3258 2399 3296 unam
2426 3251 2680 3297 naturam
2705 3242 3116 3310 aﬁirmabimus,
3138 3256 3195 3302 et
3220 3248 3439 3304 trinitas
3462 3248 3557 3304 ﬁet

1974 3332 2339 3401 quaternitas.
2365 3332 2536 3388 Filius
2564 3333 2711 3386 enim
2744 3334 2889 3390 idem
2923 3346 3042 3390 erat
3070 3337 3213 3392 Patri
3245 3347 3301 3393 et
3324 3338 3557 3408 Spiritui

1977 3437 2079 3493 per
2103 3424 2368 3477 unitatem
2399 3425 2673 3490 essentia,
2701 3425 2796 3479 sed
2826 3441 2934 3480 non
2966 3426 3071 3481 fuit
3100 3428 3246 3483 idem
3276 3430 3426 3483 carni
3458 3447 3559 3499 per

1977 3513 2263 3579 unionem,
2286 3514 2503 3569 etiamsi
2523 3513 2797 3570 viviﬁcam
2828 3533 2947 3572 eam
2972 3518 3122 3581 fecit,
3149 3533 3272 3573 cum
3302 3534 3422 3574 eam
3448 3521 3556 3576 sibi

1976 3604 2189 3669 uniret;
2224 3605 2419 3660 habuit
2448 3606 2597 3660 enim
2627 3621 2693 3662 ea
2727 3605 2784 3660 in
2819 3622 2877 3663 se
2907 3608 3086 3663 adhuc
3118 3610 3403 3665 mortalem
3439 3625 3558 3666 sor-

1976 3704 2110 3750 tem.
2133 3694 2204 3749 Et
2227 3694 2343 3763 ipse
2372 3694 2631 3753 Christus
2660 3705 2872 3752 natura:
2899 3696 3180 3752 mutabilis
3202 3697 3372 3756 fuisse
3399 3715 3557 3770 repe-

1976 3786 2184 3851 rietur;
2217 3784 2385 3840 etiam
2412 3786 2596 3841 carnis
2624 3786 2922 3842 essentiam
2950 3788 3005 3842 in
3038 3788 3091 3842 id
3122 3789 3268 3858 quod
3297 3806 3408 3845 non
3436 3800 3557 3845 erat

301 3878 628 3951 θεανδρικὴν
680 3876 986 3947 ἐνέργειαν,
1020 3872 1098 3936 ὡς
1146 3869 1386 3940 ἀπεδόθη
1450 3870 1757 3939 νοήσωμεν
1809 3868 1878 3938 ἢν

1979 3877 2235 3940 mutavit,
2260 3886 2319 3932 et
2347 3877 2608 3932 unionem
2641 3893 2764 3934 cum
2799 3890 3000 3935 natura
3037 3880 3336 3936 identidem
3374 3881 3558 3937 conci-

290 3977 435 4048 ἡμῖν
465 3976 567 4045 οὐχ
599 3970 780 4042 ἐαυτῷ
796 3966 1262 4037 πολιτευσάμενος
1290 3965 1391 4034 τὴν
1413 3962 1577 4031 φύσιν
1607 3963 1719 4025 τοῖς
1735 3960 1877 4031 ὑπὲρ

302 4065 470 4137 φύσιν
506 4065 749 4119 ἐκαίνισε
769 4061 837 4117 ³⁸.
873 4059 1128 4116 Πολιτεία
1165 4058 1277 4128 γάρ
1317 4057 1435 4110 ἐστι
1469 4054 1583 4127 βίος
1617 4053 1761 4107 κατὰ
1784 4052 1877 4107 νό-

294 4172 410 4227 μον
468 4153 686 4224 φύσεως
736 4149 1144 4221 διεξαγόμενος.
1214 4145 1449 4209 Διπλοῦς
1497 4145 1553 4198 δὲ
1588 4142 1666 4198 ὢν
1699 4142 1746 4176 ³⁵
1770 4142 1872 4214 τὴν

300 4244 467 4315 φύσιν
491 4245 524 4297 6
548 4243 774 4315 Κύριος,
805 4241 1032 4304 εἰκότως
1064 4239 1179 4310 βίον
1219 4238 1359 4309 ἔχων
1407 4235 1582 4306 ἐφάνη
1607 4233 1877 4305 κατάλληο

1977 3967 2152 4022 liavit.
2173 3968 2605 4024 Consideremus
2627 3970 2776 4025 enim
2798 3968 3129 4025 dei-virilem
3157 3971 3555 4040 operationem,

1977 4056 2159 4127 qualis
2199 4058 2483 4127 apparuit;
2526 4066 2677 4114 certe
2719 4070 2831 4113 non
2872 4058 2992 4125 sui,
3023 4058 3122 4113 sed
3163 4059 3338 4115 nostri
3381 4061 3563 4132 gratia

1977 4144 2070 4202 hic
2105 4155 2363 4202 versatus
2401 4156 2516 4213 est,
2554 4156 2917 4218 naturamque
2967 4148 3034 4202 ad
3086 4151 3559 4219 supernaturalem

1976 4235 2353 4291 conditionem
2387 4237 2589 4293 evexit.
2618 4238 2736 4293 Jam
2773 4237 2966 4307 politia
2999 4247 3083 4292 est
3114 4240 3221 4294 vita
3253 4240 3559 4296 secundum

299 4334 414 4400 λον,
449 4335 601 4406 νόμῳ
628 4351 690 4388 τε
720 4333 850 4403 θείῳ
892 4334 988 4386 καὶ⁵
1031 4316 1384 4402 ἀνθρωπίνῳ,
1423 4328 1564 4381 κατὰ
1601 4325 1799 4381 ταυτὸν
1829 4325 1876 4358 ³⁸

1979 4336 2193 4384 natum
2225 4328 2376 4399 leges
2409 4328 2694 4395 traducta;
2732 4337 2789 4383 et
2818 4327 3075 4383 (liristus
3109 4338 3302 4383 natura
3337 4337 3422 4385 est
3450 4330 3559 4385 du-

300 4424 626 4495 ἁσυγχύτως
652 4421 1187 4493 συγκεκροτημένον·
1218 4417 1406 4473 καινὸν
1442 4417 1538 4471 καὶ⁵
1554 4416 1741 4479 αὐτὸν,
1775 4415 1876 4487 οὐχ

302 4513 380 4577 ὡς
413 4514 577 4585 μόνον
629 4512 778 4579 ξένον
821 4514 936 4575 τοῖς
986 4510 1081 4564 ἐπὶ
1128 4510 1235 4580 γῆς
1288 4509 1384 4562 καὶ
1416 4505 1741 4579 παράδοξον,
1782 4507 1877 4561 καὶ

303 4598 457 4654 οὔπω
498 4602 564 4671 τῇ
604 4599 764 4669 φύσει
819 4598 927 4652 τῶν
959 4598 1133 4652 ὄντων
1160 4595 1580 4666 διεγνωσμένον,
1609 4593 1749 4649 ἀλλὰ
1783 4595 1878 4649 καὶ

302 4691 630 4762 χαρακτῆρα
658 4692 850 4761 καινῆς
873 4689 969 4743 τοῦ
998 4688 1202 4752 καινῶς
1234 4687 1534 4759 βιώσαντος
1573 4685 1875 4758 ἐνεργείας.

308 4781 413 4835 Ἦν
446 4780 768 4853 θεανδρικὴν
813 4781 971 4851 τυχὸν
1003 4781 1444 4852 προσηγόρευσεν
1478 4779 1508 4832 6
1558 4777 1636 4847 τῷ
1675 4794 1882 4848 μυστη-

306 4870 409 4943 ρίῳ
441 4872 616 4943 τούτῳ
655 4873 852 4941 κλῆσιν
906 4876 1200 4943 ἐπινοήσας
1252 4870 1532 4943 ἁρμόδιον,
1582 4869 1668 4921 ἵνα
1731 4866 1883 4940 δείξῃ

302 4962 395 5017 τὸν
426 4964 569 5017 κατὰ
593 4963 691 5036 τὴν
713 4964 1025 5037 ἀπόρρητον
1052 4962 1251 5016 ἕνωσιν
1280 4961 1380 5030 τῆς
1405 4958 1729 5022 ἀντιδόσεως
1756 4958 1883 5031 τρό-

1979 4420 2109 4491 plex
2134 4436 2149 4473 :
2175 4419 2376 4475 merito
2398 4418 2568 4490 igitur
2589 4419 2758 4474 vitam
2782 4435 2937 4475 suam
2964 4419 3205 4475 ostendit
3226 4419 3333 4490 legi
3359 4419 3561 4475 divinae

1983 4519 2040 4566 et
2066 4510 2173 4582 legi
2203 4511 2458 4566 humanae
2484 4518 2902 4583 congruentem,
2931 4520 2988 4567 et
3014 4510 3083 4566 ad
3114 4518 3407 4580 utramque
3438 4511 3561 4566 sine

1984 4601 2311 4657 confusione
2335 4609 2821 4672 contemperatam.
2845 4602 2995 4658 Nova
3017 4602 3129 4657 vita
3154 4600 3279 4658 fuit.
3300 4615 3412 4655 non
3441 4609 3563 4656 tan-

1985 4700 2107 4747 tum
2134 4692 2412 4763 incognita
2436 4701 2493 4749 et
2515 4692 2656 4748 mira
2679 4708 2873 4749 eorum
2904 4701 3157 4765 respectu
3188 4691 3280 4762 qui
3311 4692 3368 4753 in
3399 4691 3562 4747 terris

1985 4791 2120 4837 tunc
2165 4791 2327 4838 erant
2369 4792 2428 4838 et
2471 4784 2655 4839 adhuc
2703 4799 2890 4840 rerum
2936 4792 3136 4838 natura
3186 4781 3561 4852 incomperta,

1982 4886 2178 4926 verum
2214 4872 2381 4926 etiam
2420 4874 2681 4942 quoniam
2719 4874 3005 4929 character
3034 4884 3153 4930 erat
3185 4890 3339 4930 novae
3372 4875 3561 4945 cujus-

1984 4958 2112 5015 dam
2146 4961 2505 5031 Operationis,
2538 4965 2658 5032 ejus
2689 4965 2782 5035 qui
2818 4981 2961 5020 novo
2996 4965 3104 5019 ritu
3136 4966 3376 5021 vivebat.
3410 4954 3563 5021 Hanc

303 5072 428 5122 πον,
488 5056 610 5110 κατ’
647 5056 964 5126 ἐπαλλαγὴν
1010 5055 1081 5109 τὰ
1130 5053 1376 5124 φυσικῶς
1420 5052 1667 5122 ἐκατέρῳ
1726 5051 1881 5122 μέρει

1980 5050 2123 5105 forte
2154 5051 2248 5120 qui
2281 5052 2494 5121 primus
2522 5053 2651 5108 huic
2685 5060 2944 5125 mysterio
2977 5056 3397 5124 appellationem
3432 5071 3562 5111 con-

284 5146 398 5218 _'l’06
436 5147 676 5221 Χριστοῦ
725 5147 999 5219 προσόντα
1028 5147 1243 5216 θατέρῳ
1271 5143 1662 5214 πεποιημένον,
1708 5142 1881 5212 χωρὶς

302 5237 404 5310 τῆς
442 5241 707 5309 ἐκατέρου
741 5238 940 5311 μέρους
977 5236 1113 5308 πρὸς
1156 5235 1389 5306 θάτερον
1423 5231 1568 5286 κατὰ
1599 5232 1692 5285 τὸν
1718 5231 1879 5300 φύσει

1979 5141 2294 5198 venientem
2316 5145 2662 5215 excogitavit,
2685 5165 2701 5195 ι
2726 5147 3056 5200 dei-virilem
3082 5167 3099 5196 ι
3127 5147 3564 5209 dixit,utosten-

1979 5231 2140 5288 deret
2182 5233 2409 5287 modum
2452 5234 2606 5287 illum
2643 5236 3158 5291 communirationis
3203 5236 3257 5290 in
3294 5236 3558 5292 ineffabili

1569 5363 1808 5420 VARIIE
1848 5332 2254 5423 moriones.

372 5464 421 5534 ’ἲ
472 5465 783 5534 συμφυείας
827 5463 949 5534 ed._
980 5461 1104 5534 Gal.
1157 5460 1255 5534 Uti
1285 5442 1636 5534 constanter.
1700 5458 1765 5534 f"
1815 5458 1892 5521 ὼς
1947 5457 2054 5512 κᾶν
2093 5458 2182 5534 e_d.
2233 5456 2353 5534 Gal.
2376 5460 2401 5475 ’
2464 5459 2508 5489 ³¹
2545 5459 2608 5512 οὐ
2635 5458 2831 5530 διπλῆν
2866 5461 2958 5534 ed.
2994 5459 3114 5534 _Gal.
3138 5460 3267 5534 οὺδέ
3309 5458 3564 5534 πλάστης

307 5526 614 5605 εοὰηϐιιᾶἶ
651 5534 858 5605 ξ’ᾃεῖπῃ
886 5532 1132 5605 ed.-Gal.
1158 5601 1171 5605 Α
1215 5531 1261 5564 ³³
1283 5527 1630 5605 Ῡοτὺιι-Οθτε
1652 5526 1763 5605 γὰρ
1777 5557 1952 5605 -ηή-
1981 5554 2056 5567 —-
2078 5530 2144 5600 τῇ
2174 5529 2339 5598 σαρκὶ
2372 5544 2484 5584 non
2512 5526 2835 5598 comparent
2864 5530 2920 5585 in
2942 5530 3032 5585 ed.
3057 5530 3175 5585 Gal.
3232 5530 3278 5563 ”
3305 5526 3562 5599 ὲκαίνησε

307 5602 401 5659 ed:
430 5602 546 5659 Gal.

645 5603 691 5635 ³⁸
710 5603 786 5683 ὢν
817 5596 927 5657 ὄω.
958 5602 1045 5657 ed.
1077 5601 1196 5657 Gal.
1283 5601 1329 5633 “
1358 5601 1479 5653 κατ’
1511 5598 1675 5651 αὐτὸν
1696 5596 1785 5652 ed.
1830 5596 1951 5653 Gal.
