4008 6194
542 205 679 270 1359

539 314 765 377 unione,
791 314 884 384 qui
916 314 1046 368 facit
1075 321 1134 367 ut
1156 312 1398 368 vicissim
1423 312 1791 382 proprietates
1812 313 2113 376 naturales,

538 419 663 472 quae
687 404 845 458 alteri
865 396 1072 457 Christi
1099 404 1242 473 parti
1282 403 1647 479 conveniunt,
1673 403 1786 458 sint
1808 394 2116 474 utriusque,

540 493 748 562 absque
785 502 964 551 tamen
1004 494 1153 547 illius
1185 493 1356 562 partis
1389 509 1515 547 cum
1549 493 1674 559 bac,
1698 509 1870 563 penes
1899 501 2123 549 natura-

540 588 647 640 lem
680 585 970 649 rationem,
998 586 1404 655 permutatione
1430 594 1527 641 aut
1552 585 1901 660 confusione,
1921 585 2124 654 Quem-

540 676 834 730 admodum
891 677 1038 729 enim
1093 676 1147 729 in
1198 676 1380 748 gladio
1430 677 1604 747 ignito
1657 677 1882 732 secandi
1932 677 2021 734 vis
2063 678 2125 733 ﬁt

540 767 708 832 ustio,
738 773 793 820 et
824 767 970 821 ustio
999 767 1247 823 vicissim
1281 766 1505 822 secandi
1536 767 1623 823 vis
1658 767 1804 837 (nam
1840 768 1983 823 sicut
2011 769 2125 840 gla-

538 858 633 913 dio
661 858 825 929 ignis,
857 858 930 913 ita
961 868 1017 913 et
1043 858 1210 929 gladii
1235 859 1463 923 actioni,
1490 874 1598 928 qua
1630 868 1802 923 secat,
1828 858 2018 914 unitur
2041 858 2124 914 vis

538 949 685 1020 ignis
725 966 849 1019 qum
892 951 1022 1015 urit,
1054 966 1264 1021 perque
1313 950 1577 1005 unionem
1621 950 1765 1005 hanc
1811 958 1868 1005 et
1910 949 2124 1021 gladius

540 1043 880 1096 nanciscitur
936 1042 1138 1096 urendi
1192 1042 1498 1108 actionem,
1542 1050 1600 1097 et
1645 1041 1788 1112 ignis
1841 1040 2120 1113 secandi).

539 1142 800 1186 neutrum
840 1144 1023 1187 tamen
1058 1149 1127 1187 ex
1159 1133 1264 1187 hac
1298 1133 1503 1187 unione
1536 1141 1591 1187 et
1622 1131 2123 1187 communicatione

541 1225 782 1295 aliquam
838 1226 1046 1295 patitur
1106 1225 1584 1299 immutationem,
1637 1224 1733 1279 sed
1787 1232 2121 1293 utrumque,

540 1316 708 1370 etiam
740 1316 793 1369 in
822 1315 912 1368 illa
939 1317 1163 1381 unione,
1192 1316 1247 1370 in
1277 1332 1385 1385 qua
1414 1325 1563 1371 certa
1592 1316 1843 1386 quaadam
1870 1325 1954 1373 est
1975 1333 2126 1373 com-

542 1408 708 1477 positi
752 1408 914 1469 ratio,
946 1409 1256 1462 naturalem
1300 1408 1404 1461 sibi
1443 1415 1626 1462 servat
1665 1407 2061 1477 proprietatem
2106 1425 2121 1461 :

543 1500 658 1568 pari
704 1499 917 1553 ratione
963 1507 1019 1553 et
1065 1499 1120 1552 in
1166 1498 1430 1568 mysterio
1476 1506 1681 1552 sanctae
1726 1495 2125 1553 incarnationis

542 1589 721 1643 dcitas
766 1598 822 1642 et
865 1588 1180 1642 humanitas
1227 1588 1501 1644 uniuntur
1539 1588 1912 1659 hypostatice,
1950 1587 2027 1642 ita
2065 1595 2127 1642 ut

543 1689 739 1733 neutra
762 1680 976 1732 amittat
996 1694 1094 1748 per
1115 1678 1375 1732 unionem
1395 1679 1701 1731 naturalem
1725 1676 2125 1747 operationem,

541 1780 597 1823 ιιι
626 1783 808 1826 tamen
837 1771 1097 1824 distincta
1126 1772 1197 1825 sit
1223 1770 1291 1824 ab
1315 1786 1380 1824 ea
1405 1786 1527 1839 quae
1553 1785 1660 1822 una
1687 1784 1875 1823 secum
1901 1769 2131 1839 conjun-

542 1864 691 1933 gitur
723 1871 779 1916 et
813 1863 1086 1928 consistit.
1119 1861 1242 1915 Toti
1284 1860 1556 1929 siquidem
1597 1859 1798 1913 divina:
1835 1867 1891 1913 et
1921 1859 2129 1914 efﬁcaci

541 1953 804 2022 potestati
845 1968 957 2006 sua:
996 1951 1221 2005 deitatis
1258 1950 1491 2005 verbum
1531 1950 1876 2004 incarnatum
1911 1950 2126 2016 nexuit,

544 2062 643 2114 per
671 2045 1093 2114 inseparabilem
1125 2043 1411 2107 unionem,
1435 2041 1796 2097 humanitatis
1821 2056 1936 2097 suae
1957 2041 2132 2111 passi-

544 2132 712 2186 bilem
746 2131 1150 2197 conditionem,
1184 2131 1350 2184 homo
1383 2130 1529 2185 Deus
1560 2129 1833 2184 exsistens
1863 2128 2130 2184 miracula

543 2223 827 2293 patrabat,
891 2223 948 2276 in
993 2237 1162 2276 carne
1214 2231 1415 2276 natura
1455 2235 1554 2274 sua
1592 2218 1889 2290 passibili:
1933 2234 2130 2279 rursus

544 2314 692 2368 Deus
723 2312 995 2368 exsistens
1026 2312 1191 2366 homo
1215 2320 1426 2366 naturae
1457 2309 1747 2381 passiones
1775 2308 2018 2375 subibat,
2051 2309 2128 2363 ita

542 2382 747 2461 tamen’
779 2413 838 2458 ut
881 2411 1163 2459 constaret
1211 2418 1307 2458 eas
1359 2417 1459 2473 per
1503 2408 1835 2472 potestatem
1883 2400 2127 2456 divinam

544 2498 698 2551 illum
724 2496 1172 2561 administrasse;
1208 2494 1320 2549 imo
1344 2495 1527 2565 potius
1552 2502 1847 2564 utrumque
1871 2492 2129 2564 praestitit

544 2589 899 2659 θεανδρικῶς,
929 2589 1075 2643 Deus
1120 2586 1312 2657 utique
1350 2587 1514 2642 simul
1556 2596 1613 2641 et
1650 2585 1819 2640 homo
1855 2592 1992 2640 erat.
2024 2584 2128 2640 Per

544 2678 830 2747 passiones
859 2678 1229 2746 nosmetipsos
1258 2676 1442 2743 nobis,
1467 2675 1658 2745 quales
1692 2688 1913 2729 eramus
1942 2673 2128 2729 reddi-

508 2822 509 2825 η
544 2769 646 2834 dit,
675 2784 774 2837 per
799 2768 1067 2822 miracula
1094 2783 1196 2822 nos
1224 2767 1329 2821 sibi
1364 2766 1611 2831 tradidit,
1640 2765 1687 2819 si
1715 2765 1888 2819 simus
1912 2764 1980 2819 ad
2008 2764 2128 2835 ejus

543 2858 824 2928 exemplar
853 2857 1185 2921 conformes,
1212 2864 1268 2911 et
1298 2872 1399 2926 per
1430 2866 1665 2926 utraque
1695 2853 1859 2908 [idem
1890 2853 2025 2907 fecit
2056 2852 2127 2908 de

543 2950 777 3025 veritate
810 2964 1005 3004 eorum
1039 2964 1107 3003 ex
1139 2947 1343 3019 quibus
1376 2962 1435 3002 se
1468 2962 1620 3012 esse,
1655 2954 1712 3000 et
1744 2945 1800 2999 in
1831 2945 2035 3016 quibus
2072 2952 2129 3000 et

544 3058 666 3112 qum
706 3041 990 3112 professus
1034 3048 1119 3095 est
1162 3058 1179 3093 :
1228 3040 1378 3095 solus
1422 3046 1570 3093 certe
1615 3038 1706 3093 ille
1742 3053 1909 3093 verus
1949 3047 2034 3093 est
2075 3046 2131 3093 et

547 3133 746 3196 ﬁdelis,
771 3141 827 3187 et
859 3132 911 3186 id
939 3131 1087 3201 quod
1116 3140 1202 3186 est
1230 3146 1261 3185 a
1289 3130 1452 3184 nobis
1482 3129 1592 3184 dici
1623 3129 1926 3199 haberique
1956 3129 2126 3198 cupit.

548 3222 706 3276 llunc
739 3222 925 3291 igitur,
955 3236 988 3274 o
1021 3220 1367 3275 sanctissime
1400 3227 1457 3273 et
1486 3219 1659 3273 verbo
1690 3230 1747 3274 et
1777 3233 1968 3288 opere,
1996 3235 2132 3289 quo-
2162 3256 2163 3259 η

548 3312 696 3366 niam
729 3314 784 3365 in
814 3311 1083 3365 vobismet
1106 3309 1403 3380 possidetis
1422 3308 1738 3374 formatum,
1759 3308 1899 3378 ejus,
1923 3324 2129 3378 quaeso,

550 3402 840 3457 imitamini
872 3401 1354 3473 longanimitatem
1383 3417 1396 3453 :
1428 3400 1572 3454 hanc
1603 3399 1962 3469 scriptionem
1991 3400 2134 3455 acci-

548 3495 691 3564 pite,
724 3494 796 3547 ita
835 3502 896 3547 ut
929 3493 1185 3563 experiar
1218 3507 1317 3547 vos
1346 3490 1562 3561 judices
1593 3505 1787 3546 eorum
1819 3506 1941 3560 quae
1972 3491 2133 3545 attuli

548 3589 869 3654 clementes,
902 3596 1089 3642 vestra
1130 3585 1519 3657 aequanimitas
1558 3583 1706 3640 servi
1742 3585 1914 3639 vestri
1952 3591 2134 3639 errata

550 3686 716 3749 tegat,
744 3677 841 3748 qui
872 3678 1083 3732 nullum
1111 3675 1311 3745 quaerit
1332 3675 1502 3729 alium
1529 3672 1856 3729 obedientiaa
1881 3688 1996 3727 sua:
2020 3674 2135 3727 fru-

549 3779 723 3825 ctum.
755 3770 944 3824 Estote
982 3768 1120 3823 mihi
1162 3766 1306 3837 apud
1343 3764 1629 3820 Christum
1670 3764 2136 3820 reconciliationis

549 3858 843 3930 sequestri,
870 3872 1174 3928 pacemque
1202 3855 1457 3910 conﬁcite
1483 3854 1633 3908 illam
1657 3868 1780 3922 qua:
1806 3868 2026 3908 omnem
2051 3855 2138 3910 in.-

552 3952 835 4006 tellectum
880 3956 1105 4019 superat
1146 3966 1160 4000 :
1203 3954 1453 4001 servator
1488 3946 1639 3999 solus
1675 3952 1763 3999 est
1795 3945 1950 4015 pacis
1986 3946 2137 4016 prin-

551 4058 704 4111 ceps,
733 4042 885 4097 solus
921 4041 1180 4094 timentes
1212 4052 1270 4092 se
1298 4052 1333 4090 a
1360 4035 1678 4105 passionum
1709 4035 1826 4090 salo
1854 4052 1953 4106 per
1980 4036 2137 4091 babi-

442 4161 455 4172 -
555 4145 646 4187 tus
670 4132 946 4202 practicos
974 4129 1195 4195 liberat,
1218 4128 1370 4182 solus
1392 4127 1556 4182 Pater
1578 4125 1797 4181 venturi
1824 4127 2011 4182 saeculi
2035 4142 2135 4198 per

554 4221 879 4275 ebaritatem
919 4228 975 4274 et
1010 4217 1383 4288 cognitionem
1426 4217 1483 4271 in
1526 4215 1735 4285 Spiritu
1778 4224 2005 4286 generat
2038 4233 2137 4274 eos

555 4313 652 4382 qui
677 4311 942 4366 mundum
971 4310 1312 4380 superiorem
1347 4308 1718 4378 complebunt.
1743 4308 1807 4363 Ei
1838 4309 1911 4364 sit
1934 4310 2128 4382 gloria,

555 4405 812 4474 majestas
838 4412 894 4459 et
922 4403 1237 4473 imperium,
1259 4417 1385 4456 cum
1414 4401 1573 4470 Patre
1597 4408 1655 4455 et
1675 4410 1866 4456 sancto
1892 4400 2130 4472 Spiritu,

555 4497 613 4550 in
642 4497 837 4552 smcula
866 4495 1208 4552 sicculorum.
1231 4495 1426 4548 Amen.

1691 207 1752 267 S.
1793 206 2081 268 ΜΑΧΙΜΙ
2120 205 2626 270 CONFESSORIS

3640 204 3762 271 1060

2149 316 2191 369 Α
2221 312 2379 381 λόγον
2425 316 2729 387 μεταϐολῆς
2785 316 2879 370 καὶ
2929 315 3295 386 συμφύρσεως
3332 314 3398 367 ³⁷.
3439 315 3643 385 Ὠςπερ
3668 319 3764 388 γὰρ

2224 401 2319 456 τοῦ
2351 405 2808 475 πυρακτωθέντος
2837 404 3022 475 ξίφους
3053 405 3114 457 τὸ
3158 403 3422 474 τμητικὸν
3447 405 3629 473 γέγονε
3655 424 3772 459 καυ-

2226 495 2443 560 στικὸν,
2481 497 2577 549 καὶ
2630 497 2690 550 τὸ
2735 497 3030 551 καυστικδν
3089 497 3353 568 τμητικῖιν
3412 496 3625 566 (ὴνώθη
3669 499 3760 567 γὰρ

2226 586 2419 660 ὥσπερ
2449 589 2653 661 σιδήρῳ
2687 590 2732 622 ³⁸
2759 590 2821 643 τὸ
2849 589 3003 660 πῦρ),
3038 589 3180 643 οὕτω
3205 588 3298 642 καὶ
3324 587 3402 659 τῷ
3438 587 3530 640 τοῦ
3570 590 3757 659 σιδήρου

2224 680 2476 752 τμητικῷ
2509 682 2571 736 τὸ
2604 682 2700 736 τοῦ
2733 682 2903 752 πυρὸς
2928 681 3111 751 (115
3138 681 3200 752 σὺ)
3233 675 3548 745 καυστιὶιδν,
3577 682 3664 734 καὶ
3683 683 3736 748 γέ

2225 787 2351 839 γονε
2383 770 2795 841 μὲν.καυστικδς
2813 773 2842 824 ὁ
2864 772 3076 843 σίδηρος
3101 771 3291 826 ὲνὼσει
3311 773 3378 839 τῇ
3408 770 3541 840 πρὸς
3563 772 3618 823 τὸ
3645 771 3753 842 πῦρ,

2225 862 2320 914 καὶ
2348 863 2614 932 τμητικὸν
2642 862 2704 916 τὸ
2745 861 2858 934 πῦρ
2906 861 3096 916 ὲνὼσει
3137 863 3203 932 τῇ
3247 861 3382 931 πρὸς
3432 861 3519 913 τὸν
3550 861 3753 931 σίδηρον·

2225 951 2506 1023 οὐδέτερον
2547 953 2604 1007 δὲ
2662 954 2861 1025 τρόπον
2900 953 2944 985 ³⁸
2986 956 3054 1023 τῇ
3112 951 3235 1005 καθ’
3285 951 3478 1005 ἕνωσιν
3527 952 3753 1005 mnam

2226 1041 2363 1114 πρὸς
2393 1042 2620 1114 θάτερον
2645 1043 2690 1076 ⁸⁰
2737 1043 3029 1107 πέπονθεν,
3058 1043 3175 1098 ἀλλ’
3208 1043 3468 1113 ἑκάτερον
3513 1043 3607 1096 κάν
3632 1044 3668 1073 ⁸¹
3698 1047 3750 1111 τῇ

2225 1132 2321 1184 τοῦ
2351 1133 2709 1205 συγκειμένου
2739 1135 2862 1188 καθ’
2896 1134 3090 1190 ἕνωσιν
3136 1134 3362 1205 ἰδιότητι
3397 1132 3656 1204 μεμένηκε
3674 1135 3753 1204 τῆς

2227 1220 2369 1275 κατὰ
2414 1221 2577 1291 φύσιν
2634 1224 2846 1288 οἰκείας
2894 1225 3272 1278 ἀνέκπτωτον·
3318 1223 3463 1277 οὕτω
3495 1225 3588 1277 κάν
3629 1226 3753 1295 ⁸³τῴ

2229 1316 2514 1386 μυστηρίῳ
2555 1316 2656 1386 τῆς
2686 1315 2836 1381 θείοις
2880 1316 3209 1389 σαρκώσεως
3240 1316 3431 1388 θεότης
3461 1318 3550 1371 καί
3577 1317 3751 1388 ἀνθρω-

2227 1403 2398 1473 πότης
2425 1404 2609 1476 ήνώθη
2645 1406 2767 1481 καθ’
2806 1407 3122 1472 ὑπόστασιν,
3166 1407 3470 1479 μηδετέρας
3498 1407 3592 1481 τῆς
3628 1425 3755 1475 φυσι-

2228 1495 2329 1566 κῆς
2358 1496 2629 1567 ὲκστάσης
2662 1479 2943 1567 ἐνεργείας
2972 1497 3059 1550 διὰ
3078 1498 3176 1566 τὴν
3207 1497 3424 1561 ἕνωσιν,
3454 1479 3582 1567 μήτε
3610 1497 3697 1566 μὴν
3718 1496 3753 1527 ⁸³

2228 1588 2457 1659 ἄσχετον
2489 1588 2659 1658 αὐτὴν
2702 1590 3044 1662 κεκτημένης
3091 1588 3229 1660 μετὰ
3289 1589 3392 1658 τὴν
3443 1588 3638 1652 ἕνωσιν,
3683 1589 3756 1641 καὶ

2229 1676 2331 1746 τῆς
2384 1679 2752 1749 συγκειμένης
2793 1681 2890 1733 καὶ
2941 1677 3363 1749 συνυφεστώσης
3409 1678 3757 1749 διακεκριμμέο

2230 1783 2328 1838 νην
2357 1766 2581 1840 ⁸⁸.“υλη
2612 1770 2725 1842 γὰρ
2771 1773 2840 1841 τῇ
2886 1771 3149 1842 δραστικῇ
3187 1770 3420 1839 δυνάμει
3463 1770 3556 1841 τῆς
3588 1769 3757 1831 οἰκείας

2230 1853 2484 1926 θεότητος
2516 1859 2544 1909 ὁ
2575 1858 2881 1929 σαρκωθεὶς
2914 1860 3086 1927 Λόγος
3114 1858 3243 1930 ὃλην
3273 1858 3520 1929 ἐσχηκὼς
3547 1860 3757 1929 συμφυεῖο

2232 1961 2332 1999 σαν
2361 1946 2485 2000 καθ’
2524 1947 2724 2002 ἕνωσιν
2775 1950 2972 2004 ἄλυτον
3013 1950 3115 2021 τὴν
3166 1949 3480 2020 παθητικὴν
3522 1949 3613 2019 τῆς
3650 1948 3758 2009 ἰδίας

2229 2036 2653 2109 ἀνθρωπότητος
2683 2038 2915 2111 δύναμιν
2963 2039 3324 2112 ἀνθρωπίνως
3357 2039 3490 2102 Θεὸς
3526 2038 3598 2094 ὣν
3632 2040 3761 2108 ὲνήρ·

2229 2143 2318 2196 γει
2345 2127 2390 2159 ⁸⁸
2422 2129 2491 2182 τὰ
2527 2128 2803 2200 θαύματα,
2835 2131 2925 2186 διὰ
2953 2131 3156 2202 σαρκὸς
3179 2130 3343 2202 φύσει
3390 2130 3625 2202 παθητῆς
3650 2147 3760 2199 συμ-

2230 2219 2606 2291 πληρούμενα,
2644 2223 2738 2279 καὶ
2787 2222 2985 2287 θεῖκῶς
3017 2223 3330 2301 ιᾶνθρωπος
3381 2222 3455 2275 ὢν
3504 2220 3685 2292 διεξῄει
3707 2220 3763 2272 τὰ

2231 2312 2379 2384 πάθη
2423 2314 2527 2384 τῆς
2576 2313 2812 2382 φύσεως,
2865 2315 2986 2368 κατ’
3035 2313 3287 2379 ἐξουσίαν
3322 2312 3689 2383 ἐπιτελούμενα
3726 2311 3762 2341 ⁸⁸

2229 2404 2439 2475 θεῖκήν·
2475 2404 2649 2475 ἄμφω
2692 2405 2748 2459 δὲ
2777 2405 2977 2475 μᾶλλον
3011 2404 3368 2476 θεανδρικῶς,
3403 2405 3474 2469 ὼς
3505 2404 3628 2467 Θεὸς
3649 2402 3761 2472 ὁμοῦ

2231 2499 2324 2551 καὶ
2355 2497 2644 2569 ἄνθρωπος
2673 2497 2751 2551 ὣν
2776 2497 2820 2529 ⁸⁷
2860 2499 2971 2561 τοῖς
3026 2496 3126 2567 μὲν
3152 2497 3307 2566 ἡμᾶς
3354 2497 3563 2558 ἑαυτοῖς
3603 2492 3762 2547 ἀποὸιτ

2227 2589 2373 2655 δοὺς,
2421 2589 2693 2658 φανέντας
2735 2590 2875 2661 ὅπερ
2920 2588 3251 2659 γεγόναμεν,
3302 2589 3413 2651 τοῖς
3450 2586 3507 2641 δὲ
3542 2585 3697 2647 διδοὺς
3724 2582 3762 2614 ⁸⁸

2226 2681 2377 2751 ἡμᾶς
2421 2679 2623 2751 ἐαυτῷ,
2670 2678 3003 2750 γενομένους
3051 2679 3193 2747 ὅπερ
3249 2676 3551 2749 παρέδειξε,
3583 2674 3666 2729 καὶ
3709 2672 3764 2726 δι’

2228 2769 2558 2840 ἀμφοτέρων
2594 2770 2962 2842 πιστούμενος
2993 2770 3091 2842 τὴν
3144 2769 3253 2823 τῶν
3310 2770 3372 2836 ἐξ
3422 2764 3515 2832 ὧν,
3546 2771 3600 2822 ὲν
3624 2762 3694 2830 οἷς
3714 2781 3763 2819 τε

2229 2860 2325 2913 καὶ
2363 2859 2508 2931 ειπερ
2537 2860 2787 2931 ὑπῆρχεν
2820 2860 3105 2931 ἀλήθειαν,
3136 2860 3215 2924 ὡς
3260 2863 3425 2931 μόνος
3459 2858 3648 2931 ἀληθὴς
3685 2859 3764 2911 καὶ

2154 2969 2200 3033 ο
2232 2952 2445 3019 πιστὸς,
2478 2954 2572 3006 καὶ⁴
2592 2953 2729 3023 ὅπερ
2763 2953 2883 3005 ἐστὶ
2916 2953 3048 3025 παρ’
3078 2952 3237 3024 ἡμῶν
3267 2950 3631 3022 ὁμολογεῖσθαι
3661 2948 3765 3019 βου-

2233 3040 2480 3114 λόμενος.
2537 3044 2635 3096 Ὃν
2681 3043 2921 3114 ἔχοντες,
2961 3043 3288 3114 ἡγιασμένοι
3341 3044 3387 3075 δ’
3422 3043 3558 3114 λόγῳ
3604 3058 3656 3094 τε
3691 3040 3766 3093 καὶ

2236 3137 2357 3207 βίῳ,
2395 3136 2775 3207 μορφούμενον
2812 3135 3126 3207 μιμήσασθε
3171 3135 3272 3207 τὴν
3332 3133 3690 3205 μακροθυμίαν
3710 3133 3763 3194 ⁵⁸,

2233 3229 2330 3281 καὶ
2351 3210 2447 3296 τὴν
2473 3226 2758 3300 παροῦσαν
2771 3224 3048 3295 δεχόμενοι
3074 3225 3319 3295 γραφὴν,
3355 3222 3555 3293 φάνητέ
3580 3237 3659 3292 μοι
3681 3216 3767 3270 τῶν

2234 3318 2626 3390 ἐμφερομένων
2647 3317 3024 3388 φιλάνθρωποι
3047 3318 3235 3387 κριταὶ
3261 3317 3447 3386 (ιιθ
3464 3315 3516 3386 a)
3544 3312 3767 3371 νικῶντες

2236 3408 2552 3480 συμπαθείᾳ
2583 3407 2653 3462 τὰ
2683 3406 2777 3460 τοῦ
2811 3407 3004 3468 παιδὸς
3043 3406 3201 3476 ὑμῶν
3230 3407 3275 3437 δι
3310 3405 3658 3476 ὀλισθήματα,
3689 3401 3768 3471 μό-

2235 3518 2335 3569 νην
2362 3500 2568 3570 ταύτην
2609 3498 2953 3570 ἐκδεχομένῳ
2972 3498 3019 3529 ⁵³
3053 3498 3151 3566 τῆς
3178 3496 3490 3560 εὐπειθείας
3513 3494 3763 3553 ἀντίδοσιν,

2237 3591 2330 3645 καὶ
2362 3588 2587 3658 γένεσθέ
2626 3604 2716 3658 μοι
2749 3589 2964 3658 μεσῖται
3003 3588 3102 3657 τῆς
3142 3586 3283 3655 πρὸς
3330 3586 3492 3639 αὑτὸν
3518 3584 3563 3615 ⁸⁸
3600 3580 3766 3636 καταλ-

2234 3682 2409 3752 λαγῆς
2432 3680 2656 3752 εἰρήνην
2685 3678 3149 3750 δημιουργοῦντες
3175 3680 3277 3747 τὴν
3305 3676 3483 3729 πάντα
3502 3674 3616 3728 νοῦν
3635 3674 3767 3740 ὑπερ·

2236 3750 2511 3843 έχουσανξ
2542 3750 2614 3840 ἧς
2670 3768 2833 3832 αὐτὸς
2862 3768 2910 3799 ⁵*
2945 3769 3131 3838 ἅρχων
3162 3768 3317 3821 ἐστὶν
3369 3769 3398 3821 ὀ
3437 3766 3635 3836 Σωτὴρ,
3680 3762 3764 3826 ἔξει

2236 3864 2519 3934 πρακτικῇ
2560 3860 2658 3931 τῆς
2708 3859 2821 3912 τῶν
2860 3857 3050 3911 παθῶν
3082 3857 3329 3928 ταραχῆς
3365 3854 3648 3925 ἐλευθερῶν
3667 3851 3765 3910 sub;

2238 3951 2609 4022 φοϐουμένους
2658 3947 2842 4010 αὑτὸν,
2883 3947 2979 4001 καὶ
3008 3945 3200 4017 Πατὴρ
3229 3944 3330 3998 τοῦ
3373 3944 3644 4016 μέλλοντος
3669 3938 3767 3992 αίώο

2238 4059 2349 4107 νος,
2380 4039 2661 4110 Πνεύματι
2691 4036 2894 4107 γεννῶν
2920 4036 2989 4090 δι’
3022 4036 3247 4107 ἀγάπης
3276 4037 3371 4093 καὶ
3403 4035 3642 4104 γνώσεως
3666 4028 3767 4088 τοὺς

2236 4135 2329 4188 τὸν
2360 4133 2475 4187 ἄνω
2496 4132 2704 4202 κόσμον
2739 4128 3161 4200 πληρώσαντας.
3191 4127 3356 4199 Αύτῴ
3381 4126 3527 4193 δόξα,
3551 4119 3764 4196 μεγαλω-

2240 4225 2377 4296 σύνη
2419 4224 2487 4288 ⁸⁸,
2512 4223 2744 4293 κράτος,
2783 4222 2881 4273 σὺν
2908 4219 2989 4291 τῷ
3027 4220 3207 4292 Πατρὶ
3237 4222 3335 4276 καὶ
3369 4219 3447 4292 τῷ
3478 4217 3611 4286 ἁγίῳ
3634 4209 3769 4267 Πνεύ-

2166 4296 2213 4352 D
2245 4331 2376 4386 ματι
2404 4315 2484 4376 εἰς
2512 4313 2640 4376 τοὺς
2664 4309 2867 4375 αἰῶνας
2893 4309 2962 4363 ⁸⁸.
3013 4309 3211 4381 Ἀμήν.

1837 4605 2071 4666 νΑιιιιΕ
2117 4604 2530 4669 LECTIONES.

627 4718 675 4794 ’ἶ
702 4717 1030 4794 συμφύσεέος
1050 4715 1153 4794 ed.‘
1168 4714 1290 4794 βαι.
1367 4716 1417 4794 ’ξ
1449 4715 1525 4794 τῷ
1553 4717 1756 4794 σιδήρῳ
1772 4718 1863 4794 ed.
1887 4717 2007 4794 _Gal.
2049 4722 2115 4794 _”
2142 4721 2350 4794 τροπὴν
2371 4717 2460 4774 ed.
2484 4716 2601 4772 Gal.
2631 4714 2703 4794 f"
2723 4715 2794 4794 τῇ
2829 4712 2968 4784 πρὸς
2997 4712 3303 4794 ἕτερονειλ.
3328 4710 3422 4794 βαι
3443 4708 3537 4794 u'”
3556 4705 3650 4794 θεᾶν

555 4768 913 4846 οαάξέὶἑάζ
936 4768 1075 4840 an:
1092 4768 1118 4771 ”
1141 4768 1199 4817 δ”
1218 4768 1325 4838 κᾶν
1351 4785 1441 4839 ed.
1466 4768 1592 4845 dat.

555 4856 1597 4990 ειιτξξεξιιηςρξιιαιῖῑριμίξηςῖγεξξιμὲιξ·

1692 4789 1738 4862 TT
1772 4789 1955 4862 Verba
1993 4792 2133 4862 μήτε

1693 4857 1740 4929 ξδ
1776 4857 2012 4929 ἐνείργει
2042 4857 2131 4916 ed.

552 5068 674 5123 Gal.
764 5068 810 5098 ⁸⁸
836 5066 1035 5130 αἰῶνας
1069 5064 1176 5118 τῶν
1201 5064 1413 5119 αἰώνων
1447 5066 1538 5121 ed.
1570 5064 1689 5121 Cal.

1212 4926 1258 4999 δῗ
1287 4922 1589 4995 ἢγιασμένε
1612 4997 1617 4999 _
1644 4927 1735 4983 ed.
1790 4922 1907 4983 Gal:
1937 4922 1948 4927 ’
1995 4930 2040 4960 ⁵⁰
2075 4929 2451 4999 μικροθυμίαν
2471 4926 2561 4981 ed.
2586 4924 2703 4999 Gal.
2786 4924 2831 4955 ⁸¹
2860 4922 3019 4999 ἡμῶν
3041 4922 3135 4999 ed:
3170 4922 3292 4999 Gal.

553 4998 649 5076 (id:
674 4996 808 5076 Gal_._
954 4994 1253 5076 γενήσεσθε
1278 5012 1366 5076 μοι
1401 4994 1666 5076 τῆς-πρὸς
1698 4999 1863 5051 αὐτὸν
1887 4994 2104 5069 μεσῐται
2126 4994 2218 5055 ed.
2246 4994 2366 5055 Gal;

2213 4780 2368 4862 ὴνὲ-
2397 4816 2467 4827 -—
2494 4817 2566 4827 —
2592 4786 2692 4855 τὴν
2723 4780 2917 4837 ἕνωσιν
2958 4797 3072 4837 om.
3095 4780 3218 4837 ‘ed.
3250 4782 3369 4837 Gai.
3443 4780 3487 4810 “
3537 4780 3631 4844 τῆς
3672 4786 3768 4823 συνο

2212 4862 2283 4914 al.
2374 4858 2420 4889 ⁸⁸
2474 4859 2591 4910 ἐστι
2644 4853 2949 4922 τελούμενα
2997 4853 3087 4907 ed.
3145 4852 3267 4907 Gal.
3341 4851 3387 4881 "
3431 4844 3632 4922 ὧνλθιι.
3672 4836 3765 4922 θει-

3382 4923 3427 4952 "
3456 4912 3764 4984 ἐκδεχομένῐζδ

2466 4973 2703 5057 ἢιῦτῖ
2739 4973 2980 5050 οηιξῖαῖ
3001 4973 3010 4978 ⁷
3033 4973 3153 5048 ea.
3181 4973 3287 5023 ’ὖ
3339 4973 3661 5063 μεγαλοσδνῆ
3695 4973 3763 5032 θα·
