4008 6194
364 276 497 343 1061
1597 280 1947 341 AMBIGUO

2022 279 2120 339 ΗΜ
2161 278 2413 339 LIBER.
3464 282 3605 348 1062

558 468 801 514 ΒΟΜΙΝΟ
846 468 1315 515 GLORIOSISSIMO
1364 467 1761 521 PIISSIMOQUE
1808 468 2020 513 DIVINA
2071 469 2472 513 PROVIDENTE
2522 469 2723 522 ATQUE
2769 467 3139 512 ADJUVANTE
3182 469 3407 512 GRATIA

1792 610 1938 654 REGI
1969 612 2218 656 ΚΛΕΟιο

676 751 956 797 JOANNES
987 750 1323 796 EXTREMUS
1354 748 1699 793 SERVORUM
1730 750 2111 796 VESTRORUM
2136 750 2514 794 PERPETUAM
2541 750 2605 794 IN
2635 750 2894 793 CIIRISTO
2926 749 3208 794 SALUTEM
3228 733 3281 791 ¥.

430 902 546 961 Hoc
578 922 706 977 opus
737 905 958 960 Maximi
986 908 1227 961 monachi
1259 915 1307 960 et
1332 907 1557 972 abbatis,
1576 907 1738 978 quod,
1766 906 2102 962 sanctissimo
2131 916 2291 979 atque
2317 908 2616 962 beatissimo
2648 908 3041 977 archiepiscopo
3065 905 3260 977 Kyzico
3290 903 3365 975 (a)
3389 904 3598 958 Joanne

364 991 689 1064 postulante,
719 993 782 1046 de
823 994 1201 1064 quorumdam,
1229 995 1282 1047 in
1339 996 1667 1048 sermonibus
1725 995 2010 1048 beatissimi
2044 995 2279 1065 Gregorii
2310 994 2535 1065 theologi
2564 994 2964 1064 Ambiguorum,
2996 996 3088 1046 hoc
3131 992 3201 1061 (b)
3232 1002 3305 1045 est
3340 992 3606 1044 intellectu

358 1080 681 1152 difﬁcilium,
725 1080 1186 1151 explanatiouibus
1216 1084 1525 1152 composuit,
1572 1083 1635 1136 de
1665 1082 1846 1139 Gra’co
1883 1085 1937 1136 in
1959 1083 2209 1136 Latinum
2238 1083 2380 1136 vobis
2414 1080 2712 1151 jubentibus
2734 1080 2907 1144 edidi;
2952 1078 3321 1147 difﬁcillimum
3369 1095 3604 1164 prorsus,

359 1169 800 1222 orthodoxissime
838 1185 1041 1238 regum,
1078 1168 1286 1223 servulo
1313 1180 1503 1234 vestro,
1532 1169 1783 1229 imbecilli
1816 1170 1968 1223 valde
1991 1170 2151 1223 etiam
2185 1170 2239 1222 in
2276 1168 2503 1231 Latinis,
2533 1165 2699 1219 multo
2727 1167 2893 1235 magis
2930 1167 2984 1218 in
3025 1164 3235 1227 Crwcis,
3263 1165 3492 1218 laborem
3521 1165 3605 1217 in-

353 1255 627 1326 junxistis.
649 1254 879 1325 Insuper
905 1257 1067 1308 etiam
1106 1255 1402 1310 accelerare
1423 1256 1585 1310 veluti
1611 1256 1817 1308 erudito
1842 1257 2113 1327 utriusque
2131 1255 2324 1325 lingua:
2343 1257 2545 1324 citoque
2570 1253 2818 1325 perﬁcere
2834 1253 3153 1322 imperastis.
3185 1251 3286 1335 sed
3304 1269 3398 1321 pro
3417 1252 3607 1305 viribus

359 1341 611 1412 ingenioli
650 1345 756 1395 mei
788 1351 835 1397 ct
868 1342 1191 1408 acceleravi,
1218 1352 1263 1396 et
1293 1343 1470 1396 divina
1518 1343 1738 1396 ducente
1767 1359 1830 1395 ac
1878 1342 2136 1413 largiente
2159 1344 2355 1412 gratia,
2397 1342 2465 1394 ad
2493 1341 2653 1409 ﬁnem
2691 1356 2852 1409 usque
2878 1340 3115 1410 perduxi.
3138 1337 3398 1391 Fortassis
3429 1344 3607 1390 autem

359 1428 723 1499 qualicunque
744 1430 990 1500 apologia
1022 1431 1285 1500 defensus,
1320 1448 1425 1484 non
1456 1440 1565 1484 tam
1594 1430 1783 1484 densas
1805 1430 2054 1484 subierim
2077 1430 2346 1499 caligines,
2379 1431 2478 1483 nisi
2499 1428 2725 1482 viderem
2754 1427 3037 1497 praefatum
3061 1426 3416 1479 beatissimum
3437 1424 3610 1479 Maxi-

362 1533 509 1571 mum
534 1520 822 1587 scepissime
852 1521 906 1573 in
936 1535 1177 1590 processu
1207 1521 1292 1574 sui
1317 1520 1487 1590 operis
1518 1519 1915 1573 obscurissimas
1946 1517 2266 1571 sanctissimi
2293 1515 2519 1585 theologi
2547 1515 2784 1585 Dionysii
2802 1514 3135 1584 Areopagitas
3167 1514 3474 1577 sententias,
3513 1529 3606 1565 cu-

353 1600 448 1673 jus
486 1604 794 1674 symbolicos
829 1605 1245 1676 theologicosque
1266 1622 1447 1661 sensus
1471 1623 1639 1677 nuper
1664 1607 1804 1661 vobis
1822 1604 2063 1661 similiter
2070 1604 2375 1675 jubentibus
2397 1602 2669 1665 transtuli,
2694 1602 3073 1665 introduxisse,
3100 1601 3431 1672 mirabilique
3455 1604 3609 1657 modo

359 1689 695 1755 dilucidasse,
721 1692 776 1745 in
809 1700 1016 1746 tantum
1037 1702 1093 1745 ut
1126 1693 1273 1747 nullo
1310 1693 1464 1747 modo
1497 1694 1792 1748 dubitarem
1818 1695 2051 1747 divinam
2067 1690 2422 1754 clementiam,
2449 1704 2566 1760 qute
2595 1688 2869 1763 illuminat
2905 1688 3209 1742 abscondita
3248 1689 3604 1752 tenebrarum,

359 1791 459 1831 sua
488 1775 740 1847 ineffabili
767 1779 1095 1847 providentia
1113 1780 1208 1831 hoc
1236 1778 1573 1848 disposuisse,
1600 1788 1657 1832 ut
1685 1795 1746 1832 ea
1771 1779 1985 1850 quidem
2022 1794 2138 1849 qua:
2165 1777 2308 1831 nobis
2336 1777 2565 1830 maxime
2589 1775 2826 1830 abstrusa
2858 1778 2913 1829 in
2949 1776 3212 1845 prwdictis
3245 1775 3381 1828 beati
3410 1776 3609 1846 Diony-

359 1861 426 1915 sii
457 1862 623 1927 libris,
658 1871 749 1916 aut
772 1863 870 1918 vix
916 1867 1115 1935 pervia,
1142 1882 1428 1936 sensusque
1448 1875 1652 1920 nostros
1674 1866 1850 1936 fugere
1879 1864 2208 1928 videbantur,
2234 1860 2484 1933 ap'eriret,
2514 1864 2902 1932 sapientissimo
2924 1864 3147 1933 praefato
3192 1862 3424 1916 Maximo
3471 1862 3604 1916 luci-

361 1949 574 2002 dissime
609 1950 951 2021 explanante.
980 1951 1226 2024 Exempli
1249 1955 1449 2024 gratia,
1477 1961 1536 2006 ut
1560 1969 1729 2023 pauca
1762 1952 1825 2005 de
1842 1950 2076 2021 pluribus
2104 1950 2295 2014 dicam,
2327 1949 2580 2017 quomodo
2603 1965 2764 2001 causa
2784 1950 3174 2017 omnium,quw
3202 1946 3338 2000 Deus
3366 1954 3462 2011 est,
3495 1963 3605 2001 una

360 2036 431 2088 sit
464 2035 692 2107 simplex
718 2054 781 2091 ac
840 2038 1155 2109 multiplex;
1204 2040 1379 2110 qualis
1434 2042 1501 2094 sit
1534 2040 1813 2109 processio,
1841 2038 1898 2091 id
1918 2046 1993 2091 est
2031 2034 2399 2105 multiplicatio
2424 2034 2614 2088 divina:
2642 2035 2892 2088 bonitatis
2935 2050 3027 2104 per
3055 2035 3230 2087 omnia
3263 2049 3380 2103 quae
3406 2042 3547 2096 sunt,
3571 2053 3604 2087 a

359 2136 567 2176 summo
593 2139 757 2194 usque
785 2125 1059 2189 deorsum,
1093 2143 1188 2197 per
1220 2127 1522 2197 generalem
1548 2129 1783 2180 omnium
1810 2125 2090 2179 essentiam
2124 2125 2314 2193 primo,
2342 2123 2581 2192 deinceps
2626 2138 2717 2192 per
2740 2138 2935 2192 genera
2970 2120 3389 2192 generalissima,
3421 2120 3603 2173 deinde

360 2222 457 2279 per
490 2224 683 2278 genera
710 2211 1065 2281 generaliora,
1087 2212 1210 2266 inde
1241 2229 1335 2283 per
1360 2214 1552 2283 species
1572 2211 1904 2283 specialiores
1933 2225 2095 2280 usque
2121 2210 2190 2263 ad
2216 2210 2410 2279 species
2424 2208 2830 2277 specialissimas
2853 2225 2946 2278 per
2964 2209 3282 2279 differentias
3312 2209 3605 2278 praprieta-

358 2302 539 2364 tesque
554 2296 886 2349 descendens.
914 2296 982 2350 Et
1012 2299 1226 2363 iterum,
1249 2300 1506 2368 ejusdem,
1539 2300 1729 2354 divina:
1750 2298 1986 2353 videlicet
2024 2296 2293 2358 bonitatis,
2329 2294 2505 2362 qualis
2540 2296 2609 2349 sit
2635 2296 2882 2359 reversio,
2924 2297 2977 2349 id
3010 2303 3084 2348 est
3122 2296 3477 2366 congregatio,
3510 2312 3606 2365 per

357 2380 565 2435 eosdem
595 2380 793 2450 gradus
813 2382 877 2436 ab
904 2381 1116 2450 inﬁnita
1152 2399 1335 2437 eorum
1359 2400 1477 2455 qua:
1496 2393 1620 2439 sunt
1658 2385 1911 2454 variaque
1936 2382 2374 2453 multiplicatione
2400 2397 2564 2446 usque
2592 2381 2661 2434 ad
2689 2379 3135 2451 simplicissimam
3157 2382 3391 2433 omnium
3428 2382 3607 2434 unita-
3632 2410 3635 2413 -

357 2474 486 2531 tem,
507 2483 624 2537 qua:
647 2469 704 2520 in
734 2468 845 2522 Deo
872 2476 948 2522 est
975 2477 1024 2522 et
1044 2469 1188 2523 Deus
1209 2479 1306 2535 est,
1333 2473 1411 2525 ita
1435 2479 1494 2525 ut
1517 2481 1568 2525 et
1606 2471 1743 2525 Deus
1773 2472 1952 2525 omnia
1978 2472 2047 2525 sit
2075 2477 2123 2522 et
2161 2469 2338 2522 omnia
2364 2467 2505 2521 Deus
2550 2469 2678 2522 sint.
2716 2467 2787 2521 Et
2816 2467 3074 2537 quomodo
3116 2467 3368 2537 prazdicta
3397 2467 3605 2536 quidem

354 2553 539 2607 divina
573 2554 628 2607 in
652 2556 832 2608 omnia
864 2559 1124 2625 processio
1150 2558 1449 2626 ἀναλυτικὴ
1489 2559 1702 2625 dicitur,
1746 2559 1841 2612 hoc
1865 2565 1941 2611 est
1972 2554 2242 2619 resolutio,
2296 2557 2522 2608 reversio
2549 2570 2672 2608 vero
2709 2554 2923 2619 θέωσις,
2962 2556 3056 2609 hoc
3110 2563 3185 2608 est
3225 2555 3503 2622 deificatio.
3534 2554 3605 2608 Et

350 2656 466 2712 qua
486 2641 691 2693 ratione
719 2658 838 2711 quae
897 2651 1029 2696 sunt
1046 2645 1283 2699 maxima
1305 2644 1768 2715 multiplicatione,
1808 2644 2030 2698 minima
2053 2650 2177 2697 sunt
2199 2642 2423 2707 virtute;
2455 2658 2572 2713 quae
2600 2659 2719 2696 vero
2742 2644 2963 2696 minima
2990 2641 3444 2711 multiplicatione,
3486 2658 3604 2694 ma-

348 2727 503 2781 sima
530 2728 743 2780 virtute.
773 2726 913 2792 Quid
963 2732 1340 2799 καταφατικὴν
1379 2742 1435 2785 et
1464 2729 1805 2800 ἀποφατικὴν
1830 2730 1931 2783 dice

2026 2729 2324 2797 θεολογίαν,
2352 2730 2413 2796 in
2455 2729 2640 2799 quibus
2682 2730 2913 2782 maxime
2961 2729 3200 2798 praedicti
3230 2728 3368 2781 beati
3402 2729 3602 2799 Diony-

343 2817 422 2870 sii
443 2816 778 2886 Areopagitae
814 2818 1225 2887 profundissima
1254 2818 1680 2888 divinissimaque
1718 2816 2039 2871 admiranda
2076 2825 2151 2870 est
2182 2816 2470 2887 disputatio
2495 2818 2520 2871 ἵ
2549 2817 2723 2883 Quam
2749 2817 2893 2872 clare
2919 2818 3230 2889 pulchreque
3251 2820 3448 2889 aperit,
3471 2836 3602 2889 quo-

350 2901 537 2966 modo,
561 2919 680 2956 cum
700 2903 841 2955 inter
865 2920 924 2959 se
957 2906 1208 2976 opposita:
1230 2903 1483 2975 valdeque
1506 2904 1787 2958 contraria:
1815 2904 2113 2969 videantur,
2143 2904 2212 2958 ad
2248 2921 2413 2959 unum
2444 2915 2623 2959 tamen
2669 2923 2978 2960 consensum
3019 2909 3359 2976 perveniunt,
3392 2917 3448 2960 ut
3481 2907 3603 2959 dum

355 3004 467 3041 una
499 2997 671 3057 neget,
699 2989 872 3043 altera
920 2990 1214 3058 conﬁrmet,
1252 2999 1536 3061 utrumque
1581 2993 1636 3045 in
1672 3000 1900 3061 utraque
1941 2993 2308 3057 contineatur;
2364 2994 2440 3046 ita
2474 2992 2535 3060 ﬁt
2584 3002 2642 3045 ut
2694 3003 2743 3046 et
2782 2995 3126 3064 καταφατικὴ
3176 3012 3279 3048 non
3334 2995 3605 3062 conﬁrmet

349 3074 503 3140 quod
536 3076 849 3146 ἁποφατικὴ
879 3077 1126 3147 abnegat,
1154 3093 1319 3147 neque
1345 3078 1656 3147 ἀποφατικὴ
1680 3077 1906 3146 αὺηεςειο

2023 3078 2087 3131 od
2132 3079 2476 3147 καταφατικὴ
2511 3080 2761 3149 affirmat.
2788 3079 2857 3132 Et
2881 3097 2983 3133 non
3010 3080 3182 3134 solum
3208 3083 3301 3134 has
3332 3082 3462 3135 duas
3493 3100 3606 3136 ma-

344 3160 530 3215 ximas
559 3162 831 3232 theologia:
866 3170 1045 3233 partes
1073 3164 1130 3216 in
1162 3162 1292 3226 Deo,
1325 3165 1416 3217 sed
1439 3166 1600 3218 etiam
1630 3166 1687 3218 in
1721 3165 1865 3217 omni
1910 3172 2158 3218 creatura
2193 3182 2305 3219 esse
2346 3168 2789 3237 manifestissimis
2830 3168 3068 3239 declarat
3100 3168 3384 3239 exemplis;
3410 3186 3606 3239 pereas

356 3264 590 3317 namque
620 3248 829 3302 ordines
857 3250 1143 3303 caelestium
1174 3249 1519 3304 essentiarum
1546 3260 1594 3303 et
1618 3250 1991 3303 discernuntur
2025 3264 2074 3303 et
2104 3252 2443 3305 ordinantur.
2480 3253 2551 3307 Et
2578 3271 2684 3323 qua
2710 3236 2914 3308 ratione
2948 3255 3088 3309 Deus
3110 3256 3301 3308 dicitur
3325 3272 3528 3308 movere
3555 3266 3607 3310 et

354 3335 572 3398 moveri,
604 3334 729 3388 dum
766 3336 832 3390 sit
853 3336 1238 3400 immutabilis;
1270 3346 1317 3390 et
1342 3336 1481 3408 quod
1508 3353 1599 3390 nec
1643 3336 1913 3391 sensibilia
1961 3354 2055 3409 per
2080 3355 2292 3393 sensum
2340 3340 2480 3394 Deus
2512 3343 2727 3401 sentiat,
2769 3359 2862 3396 nec
2913 3342 3263 3414 intelligibilia
3288 3360 3381 3413 per
3403 3342 3607 3397 intelle-

353 3428 519 3483 ctum,
554 3437 646 3474 nec
666 3422 933 3475 sensibilia
958 3438 1051 3492 per
1079 3423 1424 3487 intellectum,
1458 3441 1551 3477 nec
1574 3422 1927 3495 iutelligibilia
1975 3442 2068 3495 per
2106 3442 2351 3505 segsum,
2379 3427 2470 3479 sed
2506 3430 2682 3481 omnia
2704 3429 2759 3481 in
2778 3430 2989 3482 aeternis
3013 3431 3121 3482 suis
3161 3429 3451 3497 rationibus
3483 3447 3606 3483 con-

356 3505 668 3576 templatur.
702 3508 778 3561 De
796 3510 1004 3561 unitate
1026 3525 1233 3578 quoque
1262 3511 1423 3563 trium
1459 3510 1763 3565 divinarum
1814 3513 2262 3579 substantiarum,
2304 3513 2470 3584 deque
2518 3515 2678 3568 tribu‘s
2716 3515 3021 3568 substantiis
3054 3516 3244 3569 divinw
3270 3517 3490 3569 unitatis
3520 3532 3604 3571 ve-

357 3591 457 3644 luti
508 3594 870 3662 mgsticissimo
904 3594 1220 3648 mirabiliter
1254 3596 1494 3667 disputat
1522 3598 1774 3663 senario;
1807 3607 1855 3651 et
1898 3599 2069 3653 multa
2115 3601 2245 3665 alia,
2289 3618 2405 3671 quae
2439 3603 2699 3657 studiosus
2728 3602 2997 3666 prementis
3049 3603 3219 3672 operis
3276 3600 3436 3655 lector
3461 3605 3603 3657 inve-

351 3679 484 3732 niet.
518 3679 859 3735 Eusebestate
891 3680 958 3750 (c)
984 3682 1151 3751 igitur
1180 3698 1385 3751 regum,
1443 3697 1574 3752 opus
1607 3683 1745 3753 quod
1793 3684 1864 3736 ad
1892 3700 2220 3740 communem
2260 3686 2529 3741 catholicae
2561 3686 2686 3754 ﬁdei
2713 3688 3154 3742 illuminationem
3194 3689 3428 3758 jussistis
3456 3687 3604 3758 ﬁeri,"

353 3761 628 3819 altissimae
670 3767 1001 3820 auctoritatis
1033 3775 1216 3822 vestrae
1242 3768 1437 3831 iudicio
1463 3784 1568 3821 non
1604 3769 2125 3839 respuatis'roborari
2144 3812 2158 3835 ,
2195 3780 2245 3824 et
2277 3772 2415 3825 inter
2452 3772 2650 3826 similia
2676 3790 2823 3827 sanae
2848 3774 3097 3827 doctrina:
3124 3776 3477 3829 instrumenta
3511 3792 3599 3829 re-

349 3851 475 3919 cipi,
501 3868 621 3905 cum
647 3869 711 3906 ex
737 3852 1164 3922 praeclarissimis
1193 3853 1497 3909 Graecorum
1530 3855 1755 3924 fontibus
1777 3873 1882 3910 non
1910 3856 2149 3910 dubitetis
2171 3856 2433 3923 derivari;
2464 3858 2519 3911 in
2553 3858 2735 3928 quibus
2758 3859 2803 3912 si
2824 3858 2949 3927 quid
2969 3856 3246 3926 incognilaz
3263 3860 3431 3913 adhuc
3451 3861 3595 3915 nobis

352 3934 608 3992 doctrina:
632 3940 953 4004 inveniatur,
983 3940 1287 3993 auctoribus
1309 3941 1432 4010 ipsis
1472 3949 1547 3995 est
1568 3942 1947 4011 deputandum,
1971 3944 2095 4015 quia
2118 3958 2272 3997 nemo
2293 3942 2441 3998 aliud
2472 3945 2529 3999 in
2560 3945 2654 3998 hoc
2682 3960 2837 4015 opere
2858 3951 2992 3997 recte
3024 3945 3151 3998 mihi
3176 3945 3319 3999 debet
3346 3948 3591 4013 tribuere,

352 4023 456 4078 nisi
478 4023 810 4079 solummodo
839 4024 1150 4095 simpliciter
1178 4026 1528 4081 transtulisse.

847 4164 949 4216 EK
978 4163 1122 4215 ΤΟΥ
1146 4136 1195 4216 Α
1208 4164 1339 4216 rro
1356 4165 1409 4217 γ’.
1980 4236 1985 4241 ἣ

1980 4236 1985 4241 κ
2610 4167 2715 4222 EX
2749 4168 3009 4225 EODEM.

349 4266 509 4336 Πρός
547 4268 823 4340 Ἰωάννην
844 4271 1332 4340 ἀρχιεπίσκοπον
1362 4273 1622 4336 Κυζίκου
1657 4276 1927 4348 Μάξιμος

2029 4277 2371 4335 Sanctissimo
2395 4297 2456 4334 ac
2476 4281 2774 4335 beatissimo
2799 4284 3183 4353 archiepiscopo
3209 4282 3380 4355 Cyzici
3397 4284 3593 4342 Joanni

845 4360 915 4413 ἐν
939 4363 1132 4431 Κυρίῳ
1158 4365 1411 4431 χαίρειν.
2237 4368 2428 4423 Naxia

2237 4368 2506 4423 Maximus
2530 4369 2739 4423 humilis
2769 4372 3052 4425 monachus
3076 4371 3304 4426 salutem
3321 4375 3377 4427 “.

428 4454 812 4511 Ἐπαινοῦνται
848 4461 967 4529 μὲν,
1005 4461 1097 4515 καὶ¹
1128 4462 1291 4533 τυχὸν
1313 4463 1538 4529 δικαίως
1559 4504 1576 4530 ,
1608 4465 1761 4536 παρὰ
1786 4466 1922 4521 πάν-

2096 4466 2416 4522 Laudantur
2438 4466 2684 4536 quidem,
2711 4475 2766 4522 et
2783 4466 3037 4523 fortassis
3059 4468 3225 4538 juste,
3245 4469 3315 4523 ab
3336 4472 3594 4527 omnihus

345 4558 454 4599 om
497 4546 602 4615 τῆς
643 4548 999 4620 φιλομαθείας
1044 4552 1232 4606 ἕνεκεν
1270 4556 1319 4607 oi
1361 4555 1761 4628 προθυμότεροι
1811 4558 1921 4611 τῶν

2023 4556 2120 4626 qui
2166 4557 2309 4612 bona
2354 4565 2584 4627 propter
2631 4557 2872 4612 studium
2916 4557 3185 4613 doctrinae
3226 4561 3592 4630 promptiores

347 4635 531 4689 καλῶν
559 4637 789 4707 ἐρασταὶ
814 4642 908 4694 καὶ
930 4641 1031 4711 τῆς
1055 4643 1142 4696 ἐπ’
1168 4643 1354 4708 αὐτοῖς
1378 4646 1691 4718 ἐπιστήμης
1719 4649 1918 4719 ἐπιμε-

2025 4654 2229 4712 amant,
2253 4655 2311 4701 et
2346 4646 2713 4716 disciplinam,
2744 4661 2866 4716 quae
2900 4647 2956 4700 in
2991 4648 3074 4703 eis
3105 4658 3212 4713 est,
3240 4649 3592 4705 sollicitiores

345 4723 506 4795 ὶηταὶ
534 4730 943 4803 σπουδαιότεροι
969 4736 1085 4796 τοῖς
1111 4734 1390 4804 κρείττοσι
1419 4737 1514 4790 καί⁵
1537 4737 1659 4791 ’τῶν
1675 4739 1918 4809 κρειττόὲ

2022 4737 2291 4807 cogitant,
2318 4737 2386 4791 ad
2420 4737 2680 4792 meliores
2705 4745 2762 4791 et
2790 4737 3081 4791 meliorum
3111 4738 3403 4808 magistros
3436 4754 3592 4795 acce-

316 4864 321 4869 .
345 4830 454 4868 νων
481 4815 826 4885 διδασκάλοις
858 4822 1176 4893 προσιόντες
1194 4865 1209 4887 ,
1243 4824 1326 4877 ὃτι
1355 4824 1423 4877 δι’
1452 4826 1777 4898 ἐρωτήσεως
1817 4828 1899 4899 rip

2024 4828 2241 4891 dentes,
2269 4829 2398 4897 quia
2433 4843 2533 4897 per
2562 4828 3046 4898 interrogationem
3083 4830 3388 4899 sapientum
3418 4831 3589 4887 disci-

345 4901 546 4970 γνῶσιν
571 4905 680 4960 τῶν
704 4909 1059 4980 ἠγνοημένων
1105 4915 1201 4967 καὶ
1222 4914 1324 4984 τὴν
1352 4914 1663 4986 ἐπιστήμην
1695 4917 1919 4970 ἀνεπαιὲ

2024 4918 2229 4988 plinam
2255 4926 2578 4973 reverenter
2599 4918 2956 4988 accipientes,
2981 4932 3040 4974 se
3070 4919 3217 4988 ipsos
3244 4920 3312 4975 ab
3335 4920 3591 4989 ignoran-

347 4994 592 5066 σχύντως
646 4999 1014 5070 λαμϐάνοντες
1074 5006 1218 5074 σφᾶς
1287 5007 1484 5070 αὐτοὺς
1543 5007 1765 5075 ἀγνοίας
1824 5009 1918 5061 καὶ

2026 5008 2100 5063 tia
2140 5016 2198 5063 et
2234 5008 2509 5079 imperitia
2545 5018 2603 5064 et
2640 5025 2831 5065 earum
2868 5011 3168 5081 opprobrio
3199 5011 3457 5067 liberant.
3486 5014 3590 5068 Vos

413 5130 493 5267 fa)
517 5130 693 5202 Leges
725 5133 919 5218 ngici.
955 5137 1155 5220 (Gale.)
2022 5142 2274 5197 meminit
2299 5143 2549 5206 Photius,
2582 5138 3125 5202 meminitBaronius
3151 5156 3207 5203 et
3231 5147 3590 5203 incodicibus

439 5200 493 5267 b)
523 5200 577 5255 Is
597 5210 684 5257 est
711 5203 876 5267 huius
903 5221 1090 5267 operis
1114 5209 1333 5266 mulus.
1355 5211 1490 5266 Nam
1520 5211 1731 5266 Scholia
1762 5210 1913 5266 aliud
2024 5213 2309 5267 Vaticanis
2338 5215 2548 5267 servari
2586 5223 2843 5267 testatur.
2878 5214 3078 5267 (Gale.)

439 5200 493 5285 b7)
523 5200 684 5285 Is‘ést
711 5200 1090 5285 huiusoperis
1114 5200 1333 5285 titulus.
1355 5211 1731 5285 NamScholia
1762 5210 1913 5285 atiud
2024 5200 2548 5285 Vaticanisservari
2586 5223 2843 5269 testatur.
2878 5214 3078 5285 (Gale.)

345 5279 605 5355 opusest
627 5272 805 5355 Hujus
848 5272 1090 5355 Μιυὶίιιιίἑ
1131 5277 1355 5355 Horurrr
1388 5281 1764 5355 Ambiguorum
1798 5282 1914 5352 ipse
2058 5352 2067 5355 _
2096 5282 2164 5353 (c)
2194 5283 2435 5355 IEademA
2459 5300 2622 5338 manu
2661 5285 2718 5355 in
2747 5272 3215 5355 marglscriptum
3243 5286 3421 5355 reperi
3448 5287 3587 5341 Piis-

345 5339 601 5394 meminit
625 5339 898 5399 Maximus
934 5361 990 5414 p.
1026 5346 1093 5401 15
1141 5349 1279 5402 tomi
1311 5349 1355 5404 ll
1406 5339 1566 5421 Opp."
1603 5339 1916 5417 editoru‘m;
2022 5339 2171 5408 sime.
2194 5339 2379 5408 Credo
2403 5352 2627 5408 Scotum
2657 5353 2845 5408 Grmca
2871 5339 3187 5420 affecta-sse,
3226 5339 3473 5411 utralibi.
3498 5339 3583 5412 id.

402 5450 623 5526 f_Ex§t_at
653 5455 758 5526 huic
789 5455 997 5526 epistola
1038 5457 1171 5526 inter
1207 5459 1371 5523 Opera
1409 5461 1610 5526 Joannis
1651 5461 1781 5513 Βροιί
1810 5465 2017 5526 (nostra;
2042 5463 2361 5526 ,Patrologiaz
2399 5463 2577 5516 Latina:
2619 5473 2733 5515 tom.
2760 5466 2947 5526 CXX“,
2974 5479 3034 5515 ex
3064 5469 3361 5517 recensione
3388 5466 3590 5519 Joannis

338 5509 495 5589 Henr.
518 5514 684 5589 Aliloss,
706 5509 1023 5589 Bonﬁensis).
1059 5509 1227 5589 lfprro
1245 5509 1309 5571 ὁὶ
1335 5509 2168 5585 utriusque—editioniscollatione
2186 5509 2355 5577 Exibit;
2374 5509 3410 5589 τὲξὶἱὶὶῆωῐὲᾁιιῖἷὸὶῖἑάὶότὲἶὶἒιίἕὶιέίέ

343 5578 551 5637 ti‘apteni
577 5578 772 5627 oculum
798 5578 1041 5637 fugerant.
1070 5580 1205 5634 Enrr.

377 5630 425 5656 "'
469 5635 653 5687 Joanne
677 5640 824 5691 Scoto
845 5630 1138 5700 interprets.
