4008 6194
502 193 645 258 1063

1675 190 1744 251 S.
1777 185 2065 252 MAXIM]
2102 188 2609 258 CONFESSORIS

3588 203 3704 270 1081i

505 316 693 364 autem
727 307 854 379 quis
886 306 1051 380 digne
1086 306 1328 362 laudarit
1361 305 1577 360 sermo?
1609 312 1708 359 aut
1740 305 1864 375 quis
1900 305 2083 360 homi-

2184 308 2442 381 ἀπειρίας
2465 312 2562 365 καὶ
2588 312 2682 366 τοῦ
2718 316 2837 368 κατ’
2871 314 3038 379 αὑτάς
3069 272 3300 379 ὀνείδους
3346 316 3703 391 ἐλευθεροῦσιν.

506 416 641 454 num
663 442 678 466 ,
710 401 811 456 etsi
847 399 1147 471 diligentia:
1175 398 1615 467 experimentum
1649 396 1959 466 accipiens.
1982 411 2081 451 ve-

506 500 634 547 stra:
657 492 883 545 virtutis
913 489 1350 559 magnitudinem
1378 487 1616 542 idoneus
1642 486 1919 541 inveniet?
1944 486 2082 552 Quia

507 582 830 653 probabiles
853 582 1038 635 ovium
1066 580 1476 634 rationabilium
1502 587 1752 648 pastores
1776 577 1906 632 dum
1938 577 2078 641 sitis,

418 745 427 755 ‘
507 683 565 728 et
587 673 654 727 ad
687 688 989 742 supernum
1017 672 1163 726 ovile
1190 662 1418 724 vocibus
1444 670 1641 725 ﬁstulae
1666 668 1965 739 spiritualis
1990 682 2081 723 eas

505 768 712 821 ducere
753 774 810 820 et
850 760 1205 820 introducere
1248 762 1452 824 nostis,
1492 761 1856 831 singularem,
1892 759 2082 815 multis

506 857 924 927 impossibilem,
959 855 1201 925 mystica:
1236 854 1550 907 divinorum
1585 851 1828 905 scientiae
1859 851 2080 905 habitu-

506 949 691 1003 dinem
734 947 1188 1017 praeoccupastis,
1229 961 1328 1015 per
1368 939 1532 1014 quam
1572 942 1778 997 Christi
1817 941 2080 996 Ecclesia:

506 1041 656 1110 digni
712 1039 1011 1107 ﬁdelesque
1060 1036 1464 1107 gubernacula,
1509 1033 1666 1087 navis
1714 1032 1770 1085 in
1819 1031 2075 1096 modum,

505 1132 852 1201 disciplinate
896 1130 1164 1199 dirigitis,
1199 1144 1326 1183 cum
1371 1141 1539 1180 onere
1583 1124 1738 1187 ﬁdei,
1771 1123 2079 1193 divinaeque

506 1221 941 1276 conversationis
965 1220 1162 1273 decore
1190 1218 1257 1273 ad
1287 1226 1507 1287 portum
1533 1216 1734 1270 divina:
1756 1214 2075 1279 voluntatis,

504 1329 605 1382 per
634 1327 785 1365 mare
820 1310 1005 1365 saeculi
1038 1309 1434 1364 tentati'onibus
1466 1305 1716 1361 illaesam.
1752 1306 1826 1359 De
1858 1305 1948 1359 his
1981 1319 2079 1357 au-

505 1408 638 1462 tem,
671 1416 792 1469 quae
820 1399 980 1452 vobis
1008 1396 1226 1467 cognita
1257 1403 1406 1458 sunt,
1436 1409 1671 1463 quorum
1710 1393 1875 1447 etiam
1911 1393 2080 1463 magi—
2136 1386 2145 1391 “

504 1501 649 1546 stros
671 1506 768 1544 vos
802 1489 1093 1544 constituit
1117 1488 1402 1549 Dominus,
1432 1502 1542 1540 non
1575 1485 1753 1540 solum
1786 1483 2080 1552 sapientio-

505 1597 628 1644 res,
661 1581 706 1634 si
755 1580 880 1649 quis
933 1579 1009 1650 (ά)
1062 1577 1308 1634 ve'strum
1361 1584 1446 1631 est
1498 1575 1725 1630 omnino
1775 1573 2078 1629 secundum

2200 398 2376 469 Ὺμᾶς
2409 400 2468 455 δὲ
2504 401 2591 465 τίς
2621 402 2689 456 ἂν
2717 403 2880 470 ἀξίως
2912 404 3214 459 ἐπαινέσειε
3246 396 3436 471 ¹λόγοςς
3464 406 3496 476 ἢ
3524 408 3599 468 τίς
3624 410 3705 465 ἀν-

2188 490 2422 562 θρώπων
2448 495 2554 548 κᾶν
2576 494 2786 568 διανοίᾳ
2814 496 3126 568 περιλαϐεῖν
3156 495 3363 566 ὑμῶν⁸⁸
3390 497 3447 549 τὸ
3485 498 3575 566 τῆς
3595 499 3705 568 ἀρε-

2185 583 2286 651 τῆς
2317 583 2547 653 μέγεθος
2581 585 2765 650 ίκανδς
2794 587 3182 658 εὑρεθήσεται;
3207 587 3328 640 Ὀτι
3351 587 3551 656 δόκιμοι
3579 587 3703 656 λογι-

2186 673 2301 728 κῶν
2327 675 2618 745 προϐάτων
2659 678 2914 748 ποιμένες
2944 678 3312 748 ὑπάρχοντες,
3345 677 3439 729 καὶ⁸
3476 678 3598 746 πρὸς
3623 678 3703 748 τὴν

2185 763 2301 818 ἄνω
2331 764 2573 837 μάνδραν
2600 769 2807 836 φωναῖς
2829 767 3087 839 σύριγγος
3113 768 3482 838 πνευματικῆς
3512 769 3704 835 ἀνάγειν

2184 871 2245 907 τε
2291 856 2387 909 καὶ
2427 857 2712 927 ἐπάγειν⁵⁹
2744 860 2966 925 είδότες,
3007 855 3093 913 οἷα
3109 861 3154 892 ⁶⁰
3200 860 3264 929 δὴ
3310 857 3408 927 τῆς
3450 858 3701 925 ἀνεφίκτου

2184 945 2298 1007 τοῖς
2327 944 2508 1009 ἀλλοις
2536 948 2648 1002 τῶν
2677 948 2835 1002 θείων
2878 947 3145 1018 μυστικῆς
3193 946 3442 1015 γνώσεως
3482 946 3571 1015 τὴν
3610 945 3702 1010 ἕξιν

2186 1035 2610 1107 προειληφότεςο
2661 1037 2784 1092 καθ’
2841 1038 2909 1108 ἢν
2967 1040 3065 1106 τῆς
3118 1034 3354 1105 Χριστοῦ
3419 1034 3702 1102 Ἐκκλησίας

2185 1124 2356 1191 ἀξίως
2389 1127 2794 1198 πεπιστευμένοι
2826 1127 3009 1200 (116
3035 1128 3086 1195 b)
3113 1126 3239 1188 τοὺς
3261 1126 3447 1187 οἴακας
3466 1124 3580 1194 νηὸς
3600 1126 3702 1193 τρό-

2186 1231 2290 1268 πον
2318 1217 2698 1287 ἐπιστημόνως
2741 1218 2969 1280 ίθύνετε,
3016 1216 3155 1285 μετά
3180 1215 3273 1270 τοῦ
3301 1216 3491 1286 φόρτου
3519 1216 3604 1285 τῆς
3631 1216 3717 1267 πεί

2187 1321 2360 1383 στεῳς
2384 1307 2602 1378 καὶτῆς
2623 1306 2718 1361 τοῦ
2751 1307 2894 1362 κατὰ
2916 1308 3050 1363 Θεὸν
3083 1307 3198 1378 βίου
3225 1308 3564 1378 εὐπρεπείας,
3593 1307 3702 1376 πρὸς

2183 1396 2276 1449 τὸν
2320 1395 2516 1467 λιμένα
2562 1398 2657 1453 τοῦ
2693 1398 2839 1452 θείου
2871 1399 3175 1470 θελήματος
3197 1441 3214 1467 ,
3261 1400 3424 1471 μηδὲν
3462 1399 3560 1453 τῶν
3588 1400 3703 1452 κατά

2184 1486 2286 1569 τὴν
2319 1488 2599 1543 θάλασσαν
2628 1490 2719 1543 τοῦ
2754 1488 2869 1558 βίου
2914 1490 3238 1562 πειρασμῶν
3282 1489 3700 1560 παραϐλαϐεῖσαν.

2185 1573 2323 1645 Περὶ
2349 1574 2457 1627 τῶν
2485 1576 2841 1646 ἐγνωσμένων
2879 1578 3028 1648 ὑμῖν,
3070 1572 3145 1632 ὧν
3186 1577 3279 1631 καὶ
3310 1577 3566 1648 ἐξηγητάς
3588 1579 3705 1647 ὑμᾶς

507 1668 792 1723 scientiam
828 1667 1106 1737 superior,
1133 1665 1229 1720 sed
1264 1675 1321 1720 et
1351 1664 1505 1718 nullo
1536 1663 1754 1733 dignos,
1779 1672 1836 1717 et
1864 1662 2083 1732 penitus

2185 1664 2520 1735 κατέστησεν
2548 1668 2576 1720 ό
2615 1667 2748 1730 Θεὸς
2768 1709 2783 1733 ,
2814 1669 2877 1721 οὐ
2910 1670 3070 1739 μόνον
3098 1671 3225 1732 τοὺς
3255 1671 3607 1740 σοφωτέρους,
3641 1672 3705 1723 εί-

505 1760 687 1815 omnis
743 1760 1029 1829 imperitos
1071 1756 1370 1818 doctrinae,
1420 1755 1529 1810 ﬁde
1584 1753 1903 1809 inveniendi
1950 1751 2083 1823 quid

506 1853 693 1907 nobile
723 1852 888 1906 etiam
920 1850 1063 1920 apud
1101 1848 1169 1921 (e)
1209 1847 1543 1910 immundos,
1570 1846 1713 1901 sicut
1741 1844 1889 1901 soliti
1922 1843 2081 1908 estis,

508 1943 794 2012 indignum
824 1941 1169 2016 interrogare
1199 1955 1312 1994 non
1337 1937 1561 1993 ducitis.
1582 1936 1660 1991 Ac
1689 1951 1790 2006 per
1812 1935 1918 1989 hoc
1942 1933 2085 1989 acci-

504 2030 668 2100 piens
705 2037 762 2083 et
792 2045 894 2099 ego
924 2028 1297 2083 venerabilem
1327 2035 1566 2081 vestram
1605 2024 1918 2095 epistolam,
1944 2024 2083 2079 scri-

506 2121 639 2176 bere
676 2121 836 2176 vobis
871 2120 1157 2191 iubentem
1194 2119 1263 2174 de
1305 2132 1645 2187 unoquoque
1681 2115 1975 2170 dubiorum
2017 2113 2081 2185 (f)

502 2210 663 2265 vobis
699 2210 1067 2280 capitulorum
1102 2209 1156 2262 in
1191 2207 1368 2262 sancti
1404 2205 1646 2274 theologi
1679 2203 1928 2275 Gregorii
1961 2217 2083 2258 ser-

502 2302 793 2369 monibus,
837 2300 908 2357 de
958 2300 1165 2371 quibus
1216 2299 1462 2354 studium
1511 2297 1815 2360 habebam,
1860 2293 2083 2365 quando

502 2409 628 2449 cum
660 2393 1119 2449 convenientibus
1148 2406 1322 2454 eram,
1349 2388 1620 2444 redditam
1650 2396 1784 2442 tunc
1809 2385 2081 2440 rationem

501 2486 790 2555 scripturae
828 2483 1174 2539 commendo.
1204 2483 1316 2537 Vos
1355 2480 1581 2551 quidem
1623 2478 1823 2555 merito
1857 2474 2085 2532 virtutis

501 2577 735 2630 miratus
782 2590 936 2637 sum,
974 2582 1031 2628 et
1070 2573 1126 2626 in
1172 2573 1288 2642 ipsa
1342 2571 1544 2627 claram
1594 2577 1759 2637 atque
1803 2565 2080 2622 excelsam

499 2666 723 2721 Christo
752 2666 1058 2734 placentem
1092 2672 1330 2717 vestram
1368 2659 1798 2729 hospitalitatem
1832 2654 2076 2721 laudavi,

500 2759 677 2828 magis
705 2772 838 2811 vero
866 2771 966 2826 per
989 2769 1209 2810 omnem
1240 2754 1463 2807 modum
1498 2766 1596 2820 per
1623 2764 1721 2804 vos
1749 2758 1806 2804 et
1834 2748 1891 2802 in
1920 2745 2081 2801 vobis

501 2845 863 2918 gloriﬁcatum
891 2844 1205 2907 Dominum,
1233 2842 1326 2911 qui
1359 2842 1487 2896 fecit
1516 2855 1616 2895 vos
1648 2839 1716 2894 ad
1751 2839 1857 2893 hoc
1885 2837 2080 2908 dignos

500 2938 643 3003 ﬁeri,
668 2937 1035 3005 donatamque
1056 2936 1127 2989 ab
1153 2935 1275 3004 ipso
1293 2933 1575 2997 virtutem,
1601 2932 1695 3001 qui
1722 2932 1837 2985 suis
1864 2928 1938 2999 (g)
1962 2943 2079 2982 ser-

498 3027 586 3082 vis
610 3000 708 3097 per
728 3035 911 3081 vestra
932 3000 1101 3096 opera
1120 3000 1367 3080 veritatis
1391 3033 1579 3092 aperte
1602 3000 2073 3092 pulchritudinem
2101 3000 2146 3059 (ἶ

501 3119 837 3182 manifestat,
863 3133 1037 3187 usque
1071 3117 1141 3171 ad
1171 3131 1258 3171 me
1292 3128 1544 3184 parvum,
1570 3121 1629 3169 et
1650 3112 1801 3167 nullo
1827 3110 2074 3180 dignum,

500 3218 558 3263 et
603 3207 917 3273 inductum,
959 3214 1016 3261 et
1057 3206 1208 3260 omni
1258 3204 1469 3258 nudum
1513 3203 1740 3259 omnino
1775 3203 1980 3256 virtute
2021 3211 2079 3256 et

501 3297 756 3352 scientia.
794 3297 872 3350 Ac
914 3312 1014 3366 per
1053 3297 1158 3350 hoc
1206 3296 1525 3350 humiliatos
1569 3280 1957 3356 considerans,
1991 3307 2079 3347 me

502 3388 684 3457 ipsum
714 3388 970 3456 accipere
997 3395 1243 3442 vestrum
1277 3395 1610 3456 praeceptum
1643 3383 1943 3439 secundum
1970 3383 2080 3437 vir-

500 3487 675 3532 tutem
712 3478 1109 3547 compuleram,
1137 3476 1267 3530 dum
1301 3477 1357 3531 in
1390 3476 1543 3530 nullo
1578 3474 1906 3530 temerarius
1933 3473 2082 3528 testi—

501 3569 696 3623 mabor
726 3569 915 3623 multis
944 3567 1135 3623 vestri'
1157 3567 1331 3636 gratia
1371 3566 1578 3622 faciens
1617 3579 1950 3627 sermonem,
1983 3561 2079 3618 sed

500 3670 557 3716 et
585 3675 683 3714 vos
711 3666 921 3729 gratam
952 3666 1011 3712 et
1042 3658 1333 3713 amabilem
1365 3655 1734 3712 obaudientia:
1767 3653 2078 3709 mercedem

500 3744 756 3821 accipere
785 3750 1126 3820 exspectanti
1156 3758 1372 3804 vestras
1397 3747 1656 3803 videlicet
1686 3746 1966 3801 orationes
1995 3744 2082 3798 in-

502 3851 682 3897 tentas
706 3849 973 3897 consuete
995 3838 1294 3903 donabitis,
1317 3846 1379 3892 ut
1397 3836 1653 3892 Christus
1676 3833 1961 3899 Dominus,
1983 3830 2080 3902 qui

502 3942 589 3988 est
616 3940 868 4002 paratum
899 3928 1212 3985 timentium
1246 3943 1306 3983 se
1338 3925 1693 3996 adiutorium,
1725 3923 1912 3978 veniat
1942 3921 2078 3976 mihi

502 4024 778 4079 sermonis
802 4022 1055 4093 adjutor;
1086 4019 1261 4090 magis
1285 4026 1467 4072 autem
1493 4015 1727 4071 dicendo
1757 4023 1932 4070 totum
1964 4014 2076 4084 pie,

505 4122 567 4169 ut
608 4114 854 4169 Verbum
904 4109 1172 4180 largiatur
1216 4108 1469 4163 verbum.
1514 4106 1687 4161 Posco
1743 4112 1927 4159 autem
1976 4117 2076 4158 vos

503 4204 871 4277 postulantes,
896 4216 968 4257 ne
997 4212 1246 4257 ornatam
1276 4197 1538 4269 qumratis
1570 4213 1600 4252 a
1634 4213 1723 4252 me
1753 4196 2075 4259 dictionem,

504 4296 600 4366 qui
651 4303 914 4349 ornantes
964 4292 1213 4348 auditum
1264 4305 1548 4347 sermones
1598 4304 1709 4344 non
1764 4287 1971 4349 habeo,
2020 4293 2078 4340 et
2110 4326 2154 4381 υ

504 4387 743 4443 curiosis
779 4384 854 4455 (In)
886 4384 1108 4440 bombis
1135 4383 1378 4437 ambitus
1407 4381 1590 4436 facere
1624 4380 1836 4450 ignoro.
1862 4377 2075 4432 Talium

503 4478 655 4534 enim
684 4477 1060 4533 doctrinarum
1094 4475 1225 4531 dum
1256 4476 1360 4530 sim
1396 4474 1634 4536 inscius,
1660 4480 1718 4527 et
1755 4485 1931 4534 curae,
1956 4484 2078 4538 qum

505 4566 563 4621 in
594 4566 678 4621 eis
707 4573 814 4632 est,
841 4565 1276 4636 magnitudinem
1306 4580 1415 4620 non
1444 4561 1810 4625 constituens,
1839 4559 2081 4613 dilectis-

503 4645 706 4713 simum
735 4672 863 4711 reor
887 4667 1055 4726 atque
1083 4655 1351 4726 optabile,
1372 4654 1419 4707 si
1447 4665 1670 4707 sensum
1700 4647 1883 4718 magni
1914 4647 2080 4717 hujus

501 4757 562 4802 et
584 4748 761 4804 sancti
786 4747 1056 4818 magistri,
1076 4748 1181 4803 etsi
1211 4744 1441 4801 confusa
1468 4740 1873 4812 explanatione,
1891 4745 1951 4793 et
1974 4739 2081 4794 hoc

504 4836 909 4906 aliquantulum
950 4834 1377 4896 considerarim,
1409 4846 1522 4886 non
1564 4839 1749 4885 tamen
1785 4828 2077 4899 multiplici

2186 1770 2293 1823 περ
2314 1771 2397 1817 τις
2422 1754 2575 1825 ὑμῶν
2608 1757 2754 1811 ἐστιν
2775 1758 2913 1822 ὅλως
2940 1760 3083 1813 κατά
3108 1758 3206 1830 τὴν
3237 1761 3437 1828 γνῶσιν
3456 1760 3707 1833 ἀνώτερος,

2183 1843 2445 1898 ἀλλὰκαὶ
2473 1846 2599 1910 τοὺς
2640 1848 2867 1918 μηδενὸς
2906 1849 3091 1915 ἀξίους
3118 1850 3214 1904 καὶ
3242 1851 3515 1914 παντελῶς
3541 1852 3709 1915 παντὸς

2182 1934 2448 2007 ἀπείρους
2498 1936 2819 2010 μαθήματος
2843 1978 2859 2004 ,
2892 1941 3075 1995 πίστει
3120 1941 3213 1995 τοῦ
3255 1942 3434 2014 εὑρεῖν
3460 1960 3529 2010 τι,
3558 1942 3711 2005 καθὼς

2183 2027 2411 2082 εἰώθατε
2433 2071 2449 2095 ,
2486 2030 2586 2084 καὶ
2631 2031 2790 2100 παρὰ
2818 2034 2931 2094 τοῖς
2963 2033 3200 2101 ἀσήμοις
3240 2033 3507 2104 ἐπίσημον
3532 2035 3712 2104 ἐρωτᾷν

2181 2117 2281 2187 οὑχ
2306 2118 2526 2189 ἡγεῖσθε
2558 2120 2795 2187 ἀνάξιον.
2817 2120 2909 2174 Διὸ
2936 2121 3094 2189 κάγὼ
3118 2122 3412 2193 δεξάμενος
3435 2125 3530 2195 τὴν
3550 2124 3713 2193 τιμίαν

2182 2207 2337 2278 ὑμῶν
2361 2209 2652 2281 ἐπιστολὴν
2674 2212 2767 2264 τὸν
2801 2213 2932 2282 περὶ
2964 2214 3197 2267 ἑκάστου
3225 2215 3338 2268 τῶν
3363 2214 3715 2285 ἀπορηθέντων
3809 2238 3811 2241 τ

2182 2300 2369 2371 ὑμῖν⁸⁸
2403 2301 2714 2370 κεφαλαίων
2744 2303 2801 2356 ἐν
2829 2305 2942 2364 τοῖς
2988 2303 3085 2356 ¹τοῦ
3131 2303 3288 2371 ἁγίου
3334 2304 3615 2376 Γρηγορίου
3635 2301 3715 2357 τοῦ

2182 2392 2444 2461 Θεολόγου
2456 2393 2503 2426 ⁸⁸
2551 2393 2732 2461 λόγοις
2749 2433 2765 2459 ,
2810 2394 2941 2463 περὶ
2988 2387 3064 2451 ὧν
3109 2394 3531 2467 ἐφιλοπονοῦμεν
3578 2396 3718 2466 ήνίκα

2184 2485 2282 2537 σὺν
2311 2482 2561 2554 ἀλλήλοις
2589 2480 2732 2555 ἦμεν
2751 2526 2766 2549 ,
2800 2484 3134 2539 ἀποδοθέντα
3166 2486 3228 2539 τδ
3257 2483 3553 2556 τηνικαῦτα
3578 2485 3718 2552 λόγου

2182 2575 2368 2644 γραφῇ
2413 2573 2770 2644 καταθεμένῳ
2798 2574 3002 2628 στεῖλαι
3044 2575 3175 2645 ὑμῖν
3220 2576 3562 2638 κελεύουσαν,
3594 2575 3720 2644 ὑμᾶς

2185 2662 2284 2732 μέν
2313 2663 2541 2727 εἰκότως
2571 2663 2672 2733 τῆς
2704 2665 2905 2735 ἀρετῆς
2936 2663 3227 2734 ἐθαύμασα
3253 2666 3472 2734 καὶτῆς
3499 2664 3610 2719 κατ’
3634 2662 3720 2716 αὑ·

2179 2754 2281 2825 τὴν
2327 2755 2761 2826 χριστοπρεποῦς
2806 2755 2962 2826 ὑμῶν
3010 2756 3348 2826 πτωχείας⁶³
3388 2756 3447 2810 τδ
3494 2755 3722 2826 παμφαὲς

2179 2844 2279 2897 καὶ
2313 2844 2520 2913 ὑψηλὸν
2565 2844 2665 2898 ἀνύ
2674 2862 2778 2916 μνη
2788 2862 2854 2898 σα
2876 2885 2892 2910 ,
2945 2845 3145 2915 μᾶλλον
3177 2846 3236 2899 δέ
3281 2847 3377 2900 τὸν
3411 2845 3543 2901 κατά
3570 2844 3722 2898 πάντα

2179 2936 2381 3007 τρόπον
2415 2936 2485 2990 δι’
2516 2936 2670 3005 ὑμῶν
2699 2953 2758 2991 τε
2786 2938 2881 2991 καὶ
2905 2939 2964 2989 ἐν
2991 2938 3117 3008 ὑμῖν
3138 2936 3494 3009 δοξαζόμενον
3521 2937 3721 3007 Κύριον,

2178 3025 2400 3080 τδνκαὶ
2431 3027 2737 3097 ποιήσαντα
2766 3026 2913 3095 ὑμᾶς
2942 3025 3038 3079 καὶ
3062 3027 3163 3097 τὴν
3189 3027 3331 3096 πρὸς
3360 3028 3419 3082 τδ
3450 3026 3619 3092 ἀξίους
3648 3026 3727 3077 αὑ-

2178 3117 2273 3171 τοῦ
2312 3117 2568 3186 γενέσθαι
2607 3116 2958 3188 χαρισθεῖσαν
2988 3117 3118 3187 ὑμῖν
3147 3118 3385 3188 δύναμιν
3416 3121 3525 3181 τοῖς
3551 3114 3728 3171 ἑαυτοῦ

2182 3206 2436 3276 ίδιώμασι
2463 3206 2529 3260 δι’
2559 3206 2740 3261 αὑτῶν
2770 3206 2940 3261 τῶν“
2987 3207 3164 3278 ἔργων
3205 3210 3306 3263 καὶ
3348 3210 3448 3280 τῆς
3494 3206 3731 3277 ἀληθείας

2180 3297 2451 3368 ἀριδήλως
2482 3297 2832 3368 ὼραῖσμένην
2866 3297 3214 3368 ἐκφαίνοντα,
3249 3301 3443 3371 μέχρις
3487 3298 3613 3369 ἐμοῦ
3645 3295 3729 3349 τοῦ

2184 3387 2384 3459 μικροῦ
2414 3388 2509 3442 καὶ
2544 3388 2773 3459 μηδενὸς
2818 3387 2971 3454 ἀξίου
3014 3379 3113 3444 καὶ
3141 3389 3393 3461 ἀμαθοῦς
3436 3391 3528 3444 καὶ
3568 3389 3731 3456 πάσης

2179 3477 2392 3549 γυμνοῦ
2427 3479 2775 3533 παντάπασιν
2802 3479 3004 3550 ἀρετῆς
3029 3480 3124 3534 καὶ
3154 3482 3436 3549 γνώσεως.
3466 3480 3595 3550 Περὶ
3619 3478 3731 3532 τούο

2179 3586 2276 3624 του
2301 3568 2738 3633 ταπεινωθέντας
2769 3569 3041 3641 θεώμενος
3070 3572 3314 3642 ἐμαυτὸν
3337 3574 3396 3627 δὲ
3446 3573 3464 3643 (
3490 3572 3636 3643 117
3663 3568 3729 3639 a)

2180 3660 2582 3726 καταδέξασθαι
2607 3658 2762 3730 ὑμῶν
2784 3660 2849 3715 τὸ
2876 3662 3162 3734 ἐπίταγμα
3182 3664 3329 3718 κατά
3349 3663 3577 3734 δύναμιν
3602 3662 3732 3715 ἐϐιαο

2183 3747 2386 3819 σάμην,
2422 3747 2629 3820 μηδένα
2667 3747 2764 3803 τοῦ
2814 3750 3097 3821 προπετὴς
3125 3752 3451 3822 νομισθῆναι
3477 3753 3586 3814 τοῖς
3614 3747 3731 3802 πολ-

2178 3839 2292 3903 λοῖς
2350 3839 2502 3910 ὑμῶν
2563 3839 2724 3911 χάριν
2783 3840 3157 3911 ποιησάμενος
3215 3842 3411 3911 λόγον’
3472 3840 3606 3895 ἀλλά
3649 3837 3735 3909 καί

2181 3930 2340 4000 ὑμεῖς
2364 3930 2456 3984 τὸν
2483 3930 2755 4001 προσφιλῆ
2785 3931 2882 3985 καὶ
2907 3933 3172 4002 ἐράσμιον
3197 3933 3299 4001 τῆς
3328 3931 3633 3994 εὐπειθείας
3651 3946 3733 3999 tuo

2182 4019 2308 4074 σθδν
2346 4021 2656 4075 ἀντιλαϐεῖν
2692 4020 3035 4091 ἐκδεχομένῳ
3064 4021 3167 4086 τάς
3197 4021 3481 4092 ὑμετέρας
3513 4020 3736 4079 ἐκτενεῖς

2180 4112 2346 4181 εὑχάς
2372 4111 2621 4182 συνήθως
2648 4111 2971 4182 χαρίσασθε,
2996 4112 3148 4175 ὅπως
3189 4113 3431 4183 Χριστὸς
3460 4115 3488 4165 ό
3513 4112 3670 4173 Θεὸς.
3704 4109 3734 4176 ἠ

2179 4199 2368 4271 ἑτοίμη
2400 4199 2511 4266 τῶν
2539 4200 2890 4271 φοϐουμένων
2920 4201 3083 4255 αὑτὸν
3115 4202 3376 4271 βοήθεια,
3414 4203 3555 4258 ἔλθοι
3585 4203 3627 4234 ⁸⁸
3657 4217 3736 4272 μοι

2179 4289 2257 4358 τῷ
2298 4289 2442 4360 λόγῳ
2472 4289 2790 4361 σύμμαχος,
2826 4289 3027 4360 μᾶλλον
3055 4290 3112 4344 δὲ
3144 4292 3238 4344 τὸν
3278 4292 3375 4346 τοῦ
3419 4292 3598 4360 λέγειν
3629 4292 3735 4344 ὅλον

2180 4380 2425 4444 εὑσεϐῶς
2455 4380 2531 4445 ὡς
2579 4380 2752 4449 Λόγος
2784 4383 3081 4452 χορηγήσοι
3116 4381 3298 4450 λόγον.
3344 4384 3505 4450 Ἀξιῶ
3530 4384 3587 4437 δὲ
3608 4382 3737 4453 ὑμᾶς

2178 4471 2609 4540 ἐντυγχάνοντας
2629 4510 2644 4534 ,
2692 4471 2769 4541 μὴ
2816 4472 2917 4541 τὴν
2969 4472 3432 4543 κεκομψευμένην
3480 4472 3739 4541 ἐπιζητεῖν

2179 4562 2317 4632 πρὸς
2364 4560 2500 4632 ἐμοῦ
2546 4561 2713 4628 λέξιν,
2757 4562 2883 4624 τοὺς
2915 4564 3403 4633 περικομποῦντας
3442 4565 3542 4634 τὴν
3586 4564 3739 4631 ἀκοὴν

2179 4651 2373 4719 λόγους
2421 4651 2531 4706 ὀὑκ
2585 4650 2820 4721 ἔχοντος,
2857 4653 2951 4706 καὶ
3013 4655 3133 4716 ταῖς
3193 4655 3516 4727 περιέργοις
3566 4652 3743 4722 τομαῖς

2180 4741 2627 4812 ἐμπεριηχήτους
2654 4742 2831 4794 ποιεῖν
2859 4739 3205 4808 ἀγνοοῦντος.
3252 4739 3509 4817 Ἀτριϐὴς
3533 4741 3640 4811 γάρ
3677 4737 3748 4792 ὢν

2181 4831 2292 4883 τῶν
2323 4830 2580 4885 τοιούτων
2614 4830 2978 4901 μαθημάτων,
3004 4833 3101 4886 καὶ
3133 4833 3236 4903 τῆς
3272 4835 3362 4887 ἐπ’
3390 4835 3572 4896 αὑτοῖς
3600 4830 3743 4903 μελέ-

502 4943 671 4983 versu
702 4928 1102 4997 expositionem
1131 4911 1565 4982 honoriﬁcandd.
1590 4921 1901 4991 Theologus
1929 4921 2077 4977 enim

2184 4937 2285 4992 της
2327 4922 2558 4992 ἄπειρος
2585 4921 2896 4993 τυγχάνων,
2925 4923 3213 4994 ἀγαπητὸν
3238 4924 3485 4996 ἠγοῦμαι
3525 4924 3620 4979 καὶ
3657 4923 3743 4975 ἐπ-

442 5033 481 5131 ίι
524 5034 553 5123 .’
662 5130 667 5131 ν
1815 5034 2053 5090 VARIE
2093 5033 2498 5089 LECTIONES.

558 5130 607 5162 ⁸⁸
630 5130 758 5200 Haec
784 5131 1038 5200 imperite
1066 5131 1234 5185 vertit
1258 5130 1476 5200 Scottis,
1512 5129 1658 5200 quod
1690 5127 1914 5200 cuilibet
1943 5134 2114 5200 patet.
2141 5123 2337 5200 (Cale).
2397 5126 2762 5200 “ﬁngvayetg
2801 5128 2892 5200 ed.
2935 5127 3060 5200 Cal.
3140 5130 3187 5163 ⁶⁹
3222 5128 3425 5186 Scotus
3444 5129 3596 5185 male
3629 5123 3746 5197 legit

503 5200 645 5254 οῑαν.
695 5199 893 5265 (Gale.)
984 5202 1029 5232 ιι
1081 5203 1214 5269 ἡμῖν
1270 5200 1362 5254 ed.
1408 5199 1542 5254 Gal;
1652 5200 1696 5269 ἐ

793 5195 906 5282 ξεί).
972 5202 1029 5282 ξι
1081 5203 1214 5269 ἡμῖν
1260 5200 1362 5282 .ed-
1408 5195 1576 5282 ραις.
1652 5200 1703 5282 1:
1754 5197 2010 5282 ειεολεὶγοξ).
2050 5196 2356 5282 Ennaea
2388 5196 2496 5282 «1-.
2715 5197 2766 5282 ξ’
2788 5195 2961 5282 aee
2983 5201 3246 5269 παμφαὲς
3440 5200 3609 5268 αὐτὴν
3638 5195 3745 5267 xe-

394 5289 406 5299 -
507 5269 852 5336 στοπρεποῦς
876 5263 1039 5339 ’ὑμῶν
1067 5263 1340 5338 πτωχείας
1362 5269 1452 5324 ed.
1481 5269 1601 5323 Gal.
1663 5267 1709 5301 “
1728 5266 1833 5320 τῶν
1860 5266 2018 5320 abest
2045 5263 2114 5317 ab
2142 5263 2232 5319 ed.
2257 5264 2375 5319 Gal.
2450 5266 2497 5297 “
2519 5266 2646 5337 ἔλθῃ
2667 5265 2758 5321 ed.
2792 5265 2909 5322 Gal.

1983 5356 2213 5413 NOTE.

570 5443 653 5574 ἕάτ)
690 5443 855 5497 Verte
881 5447 1044 5501 vobis.
1077 5446 1279 5519 (Gale.)

594 5511 644 5574 ε)
675 5508 854 5563 Credo
879 5514 1095 5574 legerat
1124 5516 1279 5574 ἀσέμε

594 5508 644 5595 (ρ
672 5508 854 5595 [Crede
879 5508 1103 5595 legerat;
1124 5508 1416 5595 ἀσεμνους.
1452 5520 1652 5593 (Gale.)

568 5574 636 5642 (ι’)
668 5574 809 5641 Lege
831 5574 994 5636 nobis.
1039 5574 1242 5650 (Gale.)'

2257 5445 2332 5582 (οξ
2350 5446 2549 5529 Scotus
2564 5450 2765 5531 legisse
2783 5452 3007 5507 videtur
3026 5453 3200 5517 ἰδίοις,
3218 5453 3370 5524 quod
3391 5456 3655 5525 ineptum.
3668 5446 3742 5505 ld.

2257 5517 2308 5582 (h
2363 5518 2505 5582 de
2532 5519 2622 5573 hic
2642 5521 2844 5576 Scotus
2869 5523 3067 5582 legerit
3093 5524 3395 5579 incertum.
3431 5523 3604 5582 Τομαὶ
3621 5516 3741 5582 quid

2209 5586 2221 5599 ,
2255 5516 2331 5599 (fl)
2363 5518 2505 5599 qud
2532 5516 2844 5599 Scotus
2869 5523 3067 5599 legerit
3093 5516 3395 5599 incertu_m.
3431 5516 3741 5599 rogatqui‘d

2177 5586 2290 5639 sint
2321 5586 2562 5655 explicat
2593 5586 2970 5661 Hermogenes
2999 5592 3037 5647 l.
3091 5608 3152 5658 ιι,
3184 5594 3253 5649 de
3292 5586 3531 5653 Formis'.
3559 5586 3737 5664 (Cale).
