4008 6194
252 366 255 377 ι
292 327 431 399 1065

1488 324 2007 391 AMBIGUORUM
2045 327 2296 390 LIBER.

3393 332 3537 395 10%

288 440 506 504 τυκτὸν,
532 437 581 491 εί
596 434 962 508 ’τῆςδιανοίας
984 432 1078 489 τοῦ
1104 434 1260 504 ἁγίου
1278 431 1470 487 τούτου
1502 434 1597 488 καὶ
1621 434 1857 505 μεγάλου

1973 437 2064 489 iste
2094 432 2203 499 vir,
2229 419 2372 487 sicut
2402 430 2792 496 scitisf'brevis
2822 416 3171 488 sermonibus
3198 431 3329 487 dum
3362 432 3456 500 sit,
3481 443 3542 490 et

289 528 638 595 διδασκάλου,
670 525 773 581 κᾶν
801 528 860 579 έν
891 525 1329 597 χυδαίᾳφράσει,
1350 523 1625 578 καὶτοῦτο
1653 524 1857 588 ποσῶς,

170 603 175 606 4
291 622 792 692 καταστοχάσαιμι,
820 619 950 689 μήτι
978 617 1035 671 δὲ
1054 617 1099 648 ⁸⁸
1113 615 1190 687 τῷ
1215 615 1522 685 πολυστίχῳ
1542 613 1652 667 τῶν
1669 614 1863 684 ἐξηγή-

292 729 435 768 σεων
461 712 843 782 ἐπισκήπτειν.
885 711 944 762 '0
968 708 1232 777 Θεολόγος
1269 706 1378 777 γὰρ
1402 699 1559 768 οὗτος
1585 704 1725 775 ἀνὴρ
1741 747 1758 769 ,
1785 704 1860 767 ὡς

252 836 257 839 λ
291 803 411 856 ἴστε
437 843 453 870 ,
492 800 830 874 βραχυλόγος
869 798 1134 870 ὑπάρχων
1178 796 1274 850 καὶ
1312 794 1574 858 πολύνους
1616 794 1863 862 ἀνάγκην

252 926 259 931 -
290 895 476 949 δίδωσι
510 892 590 963 τῷ
629 889 896 957 έξαπλοῦν
928 888 1237 960 βουλομένῳ
1284 887 1377 939 τὸν
1418 885 1583 939 αὑτοῦ
1633 883 1858 949 σκοπὸν,

291 984 395 1039 κᾶν
445 985 476 1038 ὁ
529 981 963 1056 ρητορικώτατος
1021 977 1055 1050 ᾖ
1118 978 1214 1032 καὶ
1264 975 1721 1047 φιλοσοφώτατος,
1771 974 1863 1029 διὰ

290 1074 502 1129 πολλῶν
546 1073 726 1137 ίέναι,
775 1072 872 1125 καὶ⁵
902 1070 1139 1142 μάλιστα
1178 1069 1303 1139 ἐμοὶ
1341 1067 1420 1138 τῷ
1470 1064 1680 1137 ἰδιώτῃο
1717 1065 1765 1118 εί
1813 1064 1860 1118 δ’

290 1162 437 1233 ὑμᾶς
466 1160 713 1232 συνήθως
738 1162 767 1213 ὁ
800 1158 1052 1229 θεοφιλὴς
1080 1157 1399 1228 ἀνακινήσοι
1443 1154 1604 1225 ζῆλος
1634 1155 1773 1224 πρὸς
1801 1154 1862 1208 τὸ

292 1252 559 1323 σύντομον
596 1251 724 1321 ἃμα
760 1251 862 1305 ικαὶ
903 1249 1172 1322 εὐφραδὲς
1211 1249 1281 1302 τὰ
1324 1248 1648 1318 γραφόμενα
1695 1260 1863 1317 μετα-

277 1344 538 1415 κομίσας
568 1343 600 1414 ἢ
631 1343 727 1397 καὶ
759 1335 866 1396 τὸν
883 1341 1008 1397 νοῦν
1039 1342 1160 1396 ὅλον
1195 1339 1595 1410 διορθώσασθαι
1639 1338 1776 1408 πρὸς
1797 1336 1863 1391 τὸ

252 1459 256 1462 ⁴
289 1434 644 1506 ὑψηλότερον,
674 1433 866 1504 μισθὸν
907 1431 1170 1502 αὐτοτελῆ
1201 1429 1459 1501 λήψεσθε,
1488 1428 1589 1492 τὰς
1612 1427 1707 1481 τοῦ
1741 1428 1861 1481 θεο-
1881 1448 1902 1467 ο

289 1525 458 1595 φόρου
489 1525 628 1597 πρὸς
657 1526 750 1579 τὸν
779 1524 1061 1594 Δεσπότην
1088 1523 1199 1575 τῶν
1244 1522 1381 1575 ὅλων
1413 1520 1583 1591 εὐχὰς
1607 1559 1622 1586 ,
1654 1519 1751 1573 ἆτε
1785 1518 1862 1589 μὴ

291 1618 749 1689 συγχωρήσαντες
778 1615 798 1685 (
828 1615 984 1686 117
1012 1615 1078 1684 b)
1109 1612 1279 1667 αὑτοῦ
1313 1613 1382 1666 τὰ
1418 1612 1539 1667 θεῖα
1565 1611 1662 1664 καὶ
1691 1610 1863 1679 ὑπερι-

288 1707 400 1779 φυῆ
429 1710 677 1779 νοήματα
719 1709 840 1770 ταῖς
869 1704 1224 1767 ἀποτεύκτοις
1240 1704 1283 1737 ⁵⁷
1319 1704 1415 1757 καὶ
1458 1700 1860 1774 χαμαιπετέσιν

1963 523 2169 578 multus
2210 523 2530 588 intellectu,
2561 524 2941 579 necessitatem
2982 524 3075 579 dat
3114 523 3407 593 explanare
3446 539 3544 580 vo-

1961 613 2097 667 lenti
2119 614 2241 683 ejus
2268 612 2654 679 intentionem,
2673 615 2776 669 etsi
2799 615 3225 671 facundissimus
3246 624 3303 671 et
3325 617 3543 687 sapien—

1964 705 2215 760 tissimus
2242 704 2303 775 (ἰ)
2335 706 2392 760 in
2426 706 2611 760 multis
2643 708 2734 771 sit,
2760 714 2816 760 et
2843 708 3014 778 magis
3040 708 3177 763 mihi
3210 708 3451 763 indocto.
3481 709 3540 764 Si

1962 809 2100 849 vero
2128 809 2227 849 vos
2252 806 2515 850 consuete
2544 796 2925 852 Deo-amabilis
2950 799 3182 854 moverit
3208 799 3382 863 zelus,
3408 799 3540 853 dum

1958 884 2030 940 ad
2079 885 2250 940 breve
2291 885 2455 940 simul
2490 901 2564 940 ac
2605 886 2828 954 planum
2868 903 2952 952 ea,
2986 905 3106 958 qute
3144 890 3348 959 scripta
3387 900 3537 954 sunt,

1958 976 2284 1041 deferimus,
2314 991 2417 1031 nos
2448 977 2620 1047 magis
2654 993 2816 1047 quam
2849 987 3022 1033 totum
3059 980 3399 1035 intellectum
3433 982 3541 1035 eri-

1958 1058 2141 1139 gimus
2173 1067 2335 1123 adid
2368 1069 2516 1137 quod
2548 1070 2821 1125 excelsius
2854 1080 2970 1135 est,
2999 1074 3311 1128 mercedem
3347 1089 3447 1144 per
3480 1089 3539 1130 se

1960 1158 2258 1229 perfectam
2289 1160 2593 1230 accipietis,
2619 1160 2817 1216 Deiferi
2844 1162 2991 1218 illius
3019 1164 3229 1220 scilicet
3259 1166 3324 1220 ad
3355 1167 3540 1221 Domi-

1961 1239 2096 1306 num
2145 1252 2395 1306 omnium
2445 1254 2754 1319 orationes,
2786 1263 2975 1325 utpote
3016 1271 3128 1311 non
3174 1259 3541 1315 concedentes

1963 1342 2088 1412 ejus
2110 1341 2329 1398 divinos
2355 1351 2411 1398 et
2436 1346 2886 1414 supernaturalcs
2911 1347 3223 1402 intellectus
3251 1350 3452 1419 spretis
3478 1367 3541 1406 ac

1963 1432 2170 1487 vilibus
2224 1434 2451 1489 tractari
2504 1437 3079 1507 contemplationibus.
3124 1438 3543 1510 Consequenter

1962 1531 2146 1579 autem
2179 1535 2377 1582 vestra:
2415 1526 2663 1596 epistolae
2698 1545 2802 1599 per
2838 1531 3052 1601 singula
3089 1531 3267 1601 capita
3306 1532 3541 1602 inquisi-

1966 1613 2173 1669 tionem
2217 1614 2345 1681 l‘eci,
2377 1624 2434 1671 et
2474 1616 2674 1673 litteris
2720 1621 3122 1687 commendavi,
3154 1622 3331 1679 bonos
3375 1632 3541 1696 atque

1964 1703 2360 1761 misericordes
2378 1720 2478 1762 vos
2501 1721 2693 1763 eorum
2721 1724 2843 1782 quae
2865 1710 3013 1765 dicta
3033 1712 3399 1784 sunt‘judices
3421 1714 3541 1768 ﬁeri

244 1846 249 1850 .
286 1778 581 1864 ἐπιϐολαῖς.
597 1797 1035 1869 παρασύρεσθαι.
1077 1793 1415 1859 Ἀκολούθως
1438 1795 1495 1849 δὲ
1526 1796 1592 1865 τῇ
1617 1793 1862 1864 ὑμετέρᾳ

1973 1790 2287 1862 deprecans.

285 1892 544 1964 ἐπιστολῇ
608 1893 708 1964 τήν
775 1878 913 1964 περι
937 1890 1171 1945 ἑκάστου
1212 1889 1512 1960 κεφαλαίου
1559 1887 1932 1959 ποιησάμενος
1969 1887 2201 1958 ζήτησιν
2250 1891 2563 1963 κατεθέμην
2615 1893 2695 1964 τῷ
2748 1894 3066 1968 γράμματι,
3120 1900 3392 1967 χρηστοὺς
3445 1901 3541 1955 κοιλ⁵

285 1984 703 2058 φιλανθρώπους
728 1985 873 2057 ὑμᾶς
903 1983 1013 2038 τῶν
1041 1982 1351 2053 λεγομένων
1374 1978 1570 2053 κριτὰς
1601 1977 1858 2050 γενέσθαι
1894 1978 2250 2051 παρακαλῶν.

301 2169 403 2227 Ἐκ
428 2171 535 2227 τοῦ
567 2171 701 2240 περὶ
737 2170 1149 2240 φιλοπτωχίας
1174 2168 1384 2237 λόγου,
1422 2168 1511 2232 εις
1536 2164 1625 2229 τὸ,
1677 2181 1695 2217 ι
1727 2164 1858 2218 Φεί-

1973 2162 2048 2218 Ea:
2092 2181 2333 2221 sermone
2378 2167 2442 2222 de
2480 2169 2870 2241 hospitalitate,
2901 2172 2955 2226 in
3001 2174 3095 2227 hac
3140 2189 3158 2227 :
3207 2192 3225 2224 ι
3271 2173 3442 2228 Pareo
3482 2184 3541 2229 ut

358 2264 535 2334 δομαι
571 2264 655 2328 ὡς
694 2261 996 2331 συνεργοῦ
1018 2301 1034 2326 ,
1078 2259 1177 2314 καί
1229 2261 1342 2313 οὐκ
1372 2258 1491 2327 ἔχω
1526 2254 1654 2321 πῶς
1692 2256 1859 2325 φύγω

357 2357 475 2425 τὴν
505 2354 947 2417 ἐπανάστασιν,
984 2353 1023 2421 ἢ
1059 2349 1187 2418 πῶς
1224 2352 1311 2421 μή
1344 2351 1463 2405 ἀπὸ
1494 2348 1642 2403 Θεοῦ
1693 2346 1859 2401 πέσω

347 2446 642 2516 ,ϐαρηθεὶς
687 2444 817 2512 ταῖς
878 2444 1090 2510 πέδαις
1148 2440 1580 2507 κατασπώσαις
1627 2441 1667 2506 ἣ
1727 2455 1860 2492 κατ-

357 2543 645 2611 εχούσαις
671 2542 758 2605 είς
786 2538 1009 2607 ἔδαφος
1051 2536 1149 2608 (Ι).
1199 2554 1218 2586 ι

358 2635 433 2687 Οὐ
465 2632 659 2685 ταυτὸν
674 2629 750 2700 τῷ
771 2626 1196 2686 κατασπᾶσθαι
1215 2627 1276 2680 τὸ
1291 2626 1651 2695 κατέχεσθαι
1670 2624 1857 2696 νενόη-

283 2743 377 2779 ται
403 2723 482 2793 τῷ
516 2722 772 2792 μακαρίῳ
798 2719 974 2790 τούτῳ
999 2718 1183 2788 ἀνδρὶ,
1214 2716 1289 2788 μὴ
1315 2716 1456 2770 οὕτω
1480 2717 1731 2787 νομίσῃς,
1768 2715 1857 2769 δο-

288 2815 585 2887 κιμώτατε,
620 2816 780 2883 εἴπερ
806 2814 861 2865 τί
893 2828 975 2864 σοι
1008 2814 1149 2865 νοεῖν
1180 2811 1280 2879 τῆς
1305 2810 1472 2863 αὑτοῦ
1502 2809 1859 2880 μεγαλονοίας

287 2907 440 2972 ἄξιον
467 2904 883 2959 διεσπούδασται
905 2919 918 2933 ·
948 2902 1072 2957 ἐπεὶ
1100 2907 1352 2972 περιττὸς
1376 2900 1521 2955 οὓτω
1543 2904 1655 2963 τοῖς
1680 2899 1859 2969 λόγοις

286 2999 380 3052 καὶ
413 2997 504 3050 τὸν
532 2990 656 3051 νοῦν
684 2995 763 3067 τῷ
791 2994 936 3065 λόγῳ
970 2994 1045 3065 μὴ
1078 2994 1438 3065 ἐφιστάμενον
1465 2993 1606 3065 ἔχων
1645 2994 1857 3062 ἁναφασ

2031 2260 2390 2329 εοθρεναῑονὶ,
2421 2268 2471 2314 et
2503 2273 2607 2315 non
2639 2262 2802 2316 habeo
2834 2264 3092 2334 quomodo
3124 2265 3328 2335 fugiam
3359 2282 3544 2337 super-

2029 2356 2262 2416 ventum,
2300 2359 2395 2404 aut
2434 2352 2692 2421 quomodo
2735 2369 2840 2407 non
2883 2372 2914 2408 a
2956 2353 3065 2407 Deo
3101 2354 3310 2419 cadam,
3342 2372 3543 2426 grava-

2032 2448 2115 2496 tus
2167 2442 2237 2512 (j)
2286 2443 2462 2513 pueris
2512 2442 2883 2515 deripientibus
2941 2452 3035 2498 aut
3087 2444 3432 2500 detinentibus
3483 2447 3541 2501 in
3634 2472 3637 2475 <

2032 2538 2249 2584 terram.
2285 2549 2304 2581 ι

2030 2620 2151 2676 Non
2180 2622 2234 2677 id
2266 2623 2444 2692 ipsum
2485 2624 2657 2696 deripi
2688 2626 2837 2695 quod
2864 2636 2950 2682 est
2979 2629 3204 2685 detineri
3233 2631 3413 2687 visum
3455 2644 3543 2690 est

1959 2710 2121 2765 beato
2152 2710 2284 2765 huic
2304 2712 2454 2779 viro;
2476 2728 2655 2784 neque
2676 2714 2756 2769 sic
2772 2716 3085 2784 arbitreris,
3117 2720 3540 2789 probatissimo,

1959 2799 2002 2854 si
2028 2799 2163 2869 quid
2203 2801 2301 2856 tibi
2325 2803 2634 2873 intelligere
2653 2804 2827 2874 ipsius
2848 2809 3297 2878 magnanimitate
3314 2813 3542 2884 dignum

1957 2891 2322 2947 sollicitudini
2370 2894 2462 2947 sit.
2496 2895 2631 2949 Nam
2674 2898 2990 2967 superﬂuus
3042 2902 3231 2957 verbis
3280 2913 3337 2959 et
3378 2905 3542 2961 intel-

1957 2980 2165 3035 lectum
2191 2996 2481 3037 sermones
2498 2986 3004 3053 supereminentem
3033 3005 3144 3044 non
3176 2991 3387 3048 habens
3419 3011 3541 3051 ma-

283 3091 512 3161 νήσεται
534 3132 548 3151 ,
578 3065 741 3159 είπερτ
773 3087 846 3158 μὴ
880 3086 1031 3159 πάσῃ
1079 3085 1315 3157 συλλαϐῇ
1364 3086 1551 3156 σχεδὸν
1591 3085 1690 3156 τὴν
1724 3084 1859 3156 πρέ-

1973 3072 2338 3139 nifestaretur,
2376 3073 2422 3128 si
2454 3090 2567 3129 non
2614 3077 2765 3131 omni
2812 3076 2931 3135 fere
2978 3082 3203 3152 syllaba:
3247 3085 3540 3144 decentem

284 3196 497 3235 πουσαν
527 3179 814 3249 ἐνθέμενος
846 3176 1056 3231 ἔννοιαν
1092 3177 1230 3247 πρὸς
1259 3178 1327 3230 τὰ
1366 3177 1634 3232 κάλλιστά
1665 3193 1727 3230 τε
1765 3178 1859 3231 καὶ

1973 3179 2214 3221 .nserens
2242 3166 2495 3222 notitiam
2525 3209 2540 3233 ,
2587 3169 2653 3224 ad
2715 3172 3093 3240 pulcherrima
3141 3185 3198 3231 et
3250 3180 3408 3236 utilia
3455 3196 3542 3237 se-

287 3273 539 3345 χρήσιμα
566 3273 693 3334 τοὺς
717 3270 950 3332 ὀπαδοὺς
976 3270 1190 3341 ὁδηγεῖν
1221 3271 1384 3322 παντὶ
1414 3270 1600 3339 τρόπῳ
1634 3268 1859 3337 διεγνω-

1973 3264 2192 3325 luentes
2267 3257 2562 3324 ducendo,
2645 3262 2757 3317 ullo
2815 3265 2984 3320 modo
3052 3266 3396 3340 disceptandi
3448 3289 3541 3327 re-

284 3366 439 3420 κέναι
470 3363 780 3435 ὑποληφθῇ.
828 3364 943 3433 Οὐχ
982 3361 1127 3415 οὕτω
1180 3362 1236 3415 δὲ
1275 3361 1428 3415 ταῦτ’
1477 3360 1611 3433 ἔχει,
1658 3361 1855 3427 πόθεν;

1973 3347 2326 3417 ιὶηίιιιετοῑιιιθ.
2390 3349 2508 3404 Νοη
2557 3351 2640 3407 sic
2698 3353 2817 3408 haec
2868 3355 3079 3413 habent
3123 3375 3181 3415 se
3211 3362 3395 3433 longe,
3442 3366 3540 3421 sed

283 3457 423 3511 ἀλλὰ
451 3456 545 3510 καὶ
567 3455 643 3526 νῷ
671 3456 828 3523 λόγον
870 3453 1019 3523 σοφῷ
1042 3453 1344 3522 συνίστησι,
1382 3452 1475 3505 καὶ
1499 3452 1642 3520 λόγῳ
1669 3449 1859 3521 ὑψηλῷ

1973 3447 2016 3493 at
2072 3438 2383 3494 intellectui
2445 3458 2763 3499 sermonem
2821 3449 3102 3518 sapienter
3161 3456 3535 3523 constituunt,

177 3554 193 3572 ⁸
283 3550 411 3604 νοῦν
439 3550 725 3618 ἐφίστησιν
755 3546 1106 3617 ὑψηλότερον,
1138 3546 1207 3599 ἵν’
1238 3544 1442 3615 ὑψηλὸς
1483 3543 1671 3614 ὑψηλῷ
1700 3543 1857 3610 διαγ-

1973 3536 2015 3583 ξι
2042 3545 2351 3586 sermonem
2406 3535 2687 3590 excelsum
2740 3541 2994 3595 excelsus
3040 3548 3419 3613 supereminet
3451 3550 3538 3605 in-

283 3641 582 3710 γέλληται,
620 3639 714 3693 acati.
763 3639 863 3708 τῆς
912 3638 1172 3709 ἀληθείας
1220 3637 1405 3700 ποσῶς
1443 3637 1512 3690 δι’
1544 3638 1748 3707 ἀμφοῖν
1796 3635 1858 3688 τὸ

1973 3620 2247 3685 Lellectus,
2314 3632 2377 3677 ut
2441 3629 2695 3683 excelsus
2746 3632 2966 3687 ekcelso
3020 3637 3427 3704 anhuntietur,
3480 3651 3539 3696 et

282 3731 424 3794 τέως
468 3733 582 3793 τοῖς
630 3730 847 3791 πολλοῖς
878 3729 912 3803 ἢ
943 3730 1039 3784 καὶ
1071 3731 1239 3783 πᾶσιν
1265 3729 1596 3799 ἀνεπίϐατον
1627 3727 1858 3798 μέγεθος

1973 3711 2207 3766 veritatis
2228 3712 2633 3784 aliquantulum
2664 3737 2732 3773 ex
2760 3723 3030 3778 ambobus
3072 3725 3295 3783 interim
3321 3732 3533 3799 multis,

283 3819 558 3892 διαδειχθῇ
573 3821 639 3875 ⁸⁸.
676 3819 792 3873 Ἵνα
814 3819 871 3872 δὲ
900 3819 1133 3890 φανερὸν
1159 3819 1307 3873 ἆπαν
1336 3820 1467 3889 ήμῖν
1493 3818 1716 3888 γένηται
1749 3816 1858 3870 τῶν

1973 3810 2056 3856 tut
2097 3802 2264 3857 etiam
2300 3805 2560 3862 omnibus
2606 3808 2753 3864 invia
2804 3814 3125 3884 magnitudo
3183 3821 3533 3878 ostendatur.

282 3911 593 3982 λεγομένων
616 3911 680 3965 τὸ
703 3912 953 3981 αἴνιγμα,
995 3910 1135 3964 αὐτὰ
1163 3910 1240 3973 ὠς
1282 3909 1396 3980 ἔχει
1442 3909 1531 3963 τοῦ
1582 3908 1856 3981 μακαρίου

1973 3893 2031 3949 Ut
2062 3909 2194 3949 vero
2215 3897 2506 3953 manifesta
2548 3900 2711 3957 nobis
2741 3904 2812 3958 sit
2837 3906 3018 3962 omnis
3042 3923 3235 3967 eorum
3267 3929 3390 3982 qua:
3449 3915 3535 3969 di—

284 4004 652 4073 σκοπήσωμεν
711 4003 782 4056 τὰ
828 4002 987 4073 ῥητά.
1026 4002 1307 4073 Φείδομαι,
1360 4001 1548 4072 φησὶν,
1603 4000 1680 4065 ὡς
1732 4017 1858 4053 συν-

1973 3993 2051 4040 cta
2076 3994 2211 4040 sunt
2237 3986 2572 4058 obscuritas,
2613 3993 2730 4063 ipsa
2768 4003 2826 4049 ut
2847 4012 2905 4052 se
2930 3997 3141 4054 habent
3180 4001 3327 4058 beati
3349 4006 3533 4061 cousi-

282 4072 470 4167 εργοῢ,
502 4072 596 4150 καὶ
626 4095 726 4149 οὐκ
770 4072 892 4164 ἔχω
917 4092 1035 4157 πῶς
1066 4092 1223 4163 φύγω
1265 4093 1364 4163 τὴν
1397 4093 1788 4154 ἐπανάστασιν,
1820 4090 1855 4161 ἢ

1973 4072 2276 4131 ierabimus
2313 4078 2474 4134 verba
2515 4098 2528 4133 :
2567 4100 2585 4131 ι
2611 4084 2805 4150 Pareo,
2840 4087 3040 4158 inquit,
3060 4098 3121 4144 ut
3147 4095 3530 4164 cooperatori,

283 4189 404 4250 πῶς
461 4187 536 4258 μὴ
580 4186 690 4241 ἀπὸ
739 4185 872 4240 Θεοῦ
928 4185 1101 4251 πέσω,
1157 4184 1419 4256 βαρηθεὶς
1472 4185 1591 4248 ταῖς
1644 4184 1856 4249 πέδαις,

1973 4173 2015 4221 at
2040 4182 2153 4221 nou
2191 4170 2371 4226 habeo
2415 4175 2697 4242 quomodo
2734 4177 2941 4248 fugiam
2967 4193 3400 4252 superventum,
3437 4198 3536 4244 aut

283 4276 680 4341 κατασπώσαις
701 4277 734 4349 ἦ
767 4277 1125 4348 κατεχούσαις
1154 4278 1236 4340 είς
1260 4276 1476 4345 ἔδαφος.
1502 4274 1666 4328 Ταῦτ’
1689 4274 1858 4329 εἰπὼν

1973 4263 2238 4331 ιοοιηοᾶο
2281 4280 2390 4319 non
2419 4282 2448 4319 a
2481 4268 2591 4323 Deo
2612 4270 2823 4338 cadam,
2853 4283 3110 4343 gravatus
3142 4279 3337 4348 pueris
3384 4281 3534 4336 deri-

283 4371 383 4441 ούχ
416 4368 595 4438 ἑαυτῷ
639 4368 888 4433 πάντως,
935 4365 1071 4422 ἀλλά
1108 4366 1410 4437 (118a)
1450 4365 1517 4418 δι’
1561 4363 1752 4418 ἑαυτοῦ
1779 4363 1857 4434 τῷ

1973 4353 2241 4422 pientibus
2259 4365 2353 4411 aut
2376 4358 2754 4417 detinentibus
2776 4365 2837 4418 in
2873 4373 3098 4423 terram.
3130 4387 3147 4419 ι
3189 4369 3315 4426 Haec
3341 4372 3534 4430 dicens

283 4461 448 4532 κοινῷ
473 4461 570 4531 τῆς
587 4459 1003 4531 ἀνθρωπὸτητος
1024 4458 1353 4526 διαλέγεται,
1372 4456 1525 4520 εἰδὼς
1547 4457 1631 4510 ὅτι
1649 4458 1757 4519 πᾶς
1772 4472 1857 4518 τις

1973 4461 2075 4501 non
2108 4447 2176 4503 de
2236 4450 2420 4519 seipso
2453 4452 2700 4519 omnino,
2727 4456 2821 4509 sed
2856 4472 2954 4526 per
2985 4458 3230 4528 seipsum
3262 4462 3331 4516 de
3384 4478 3535 4518 com-

285 4556 315 4608 ὁ
347 4555 620 4625 σωτηρίας
649 4554 788 4625 ἐρῶν
826 4554 859 4625 ἢ
908 4552 1103 4623 πράξει
1133 4553 1166 4622 ἢ
1192 4551 1396 4623 θεωρίᾳ
1420 4550 1647 4613 ’πάντως
1686 4565 1858 4619 προσο

1973 4539 2117 4593 muni
2148 4540 2490 4597 humanitate
2522 4544 2806 4614 disputat,
2842 4549 3036 4605 videns
3060 4551 3189 4621 quia
3230 4534 3534 4625 omnis.qui

283 4646 489 4715 ανέχει.
539 4647 766 4717 Ἀρετῆς
811 4644 920 4716 γὰρ
954 4645 1048 4698 καὶ
1098 4648 1353 4712 γνώσεως
1397 4644 1566 4713 χωρὶς
1604 4641 1855 4712 οὐδαμῶς

1973 4631 2193 4687 salutem
2231 4643 2397 4698 amat,
2425 4644 2521 4689 aut
2548 4637 2752 4692 actioni
2795 4642 3017 4710 penitus
3063 4651 3159 4698 aut
3195 4649 3535 4716 contempla-

282 4734 455 4797 οὐδεὶς
503 4733 724 4787 πώποτε
772 4737 955 4804 τυχεῖν
1004 4735 1277 4803 σωτηρίας
1307 4731 1629 4802 ⁸δεδύνηται.
1684 4730 1858 4802 Εἴπερ

1973 4720 2099 4775 tioni
2143 4724 2399 4778 attendit.
2450 4725 2672 4796 Absque
2727 4731 2877 4787 enim
2941 4732 3150 4790 virtute
3197 4745 3256 4791 et
3301 4736 3531 4795 scientia

281 4821 377 4879 οὖν
400 4824 510 4878 τῶν
538 4825 627 4877 διὰ
657 4823 909 4894 θεωρίας,
938 4824 1094 4894 φησὶ,
1124 4824 1242 4893 Θεῷ
1273 4822 1741 4893 προσεδρευόντων
1764 4822 1858 4875 καὶ

1973 4813 2161 4868 nullus
2188 4816 2302 4869 ullo
2336 4817 2502 4871 modo
2518 4818 2824 4888 aliquando
2851 4825 3116 4895 consequi
3150 4827 3381 4882 salutem
3430 4844 3535 4898 po-

279 4908 381 4969 τοῦ
430 4916 701 4988 μακαρίου
750 4914 983 4978 κάλλους
1024 4914 1494 4985 κατατρυφῶντων
1540 4912 1856 4984 καθέστηκα
1962 4900 2088 4955 tu“.
2156 4902 2213 4957 Si
2245 4919 2378 4973 θτίξο
2404 4921 2502 4975 Per
2549 4912 3097 4980 οοηίοηῖΡῘθῑίοηθων
3131 4917 3330 4986 ἰηιιυῑι,
3365 4919 3535 4973 (θηο-

282 5001 400 5076 εἴς,
436 5009 658 5080 εἰρήνην
689 5007 828 5078 έχων
860 5008 1175 5063 παντάπασι
1203 5008 1296 5061 καὶ
1336 5007 1625 5077 ἁγιασμὸν,
1654 5007 1729 5069 ῶς
1756 5008 1852 5077 ὲμ-

1973 4999 2213 5046 satorum
2260 4995 2373 5049 Deo
2436 5006 2493 5051 et
2542 4998 2700 5054 beata
2752 5004 3169 5071 pulchritudine
3228 5008 3530 5065 [ruentium

1590 5099 1826 5156 VARIAE
1847 5103 2259 5161 LECTIONES.

374 5190 421 5223 “
441 5190 719 5270 Rescripsi
751 5193 880 5264 μήτι
908 5193 963 5245 δὲ
998 5192 1257 5270 proauita
1282 5191 1359 5252 δὲ,
1397 5191 1543 5270 quod
1583 5192 1707 5246 cod.
1761 5193 1929 5270 Qud”
1971 5197 2057 5270 vel
2105 5200 2265 5268 μήτε,
2321 5201 2467 5270 quod
2523 5202 2612 5258 ed.
2661 5203 2778 5260 Gal.
2824 5206 3012 5264 habet.
3090 5210 3132 5243 ⁸⁷
3165 5210 3367 5268 Eadem
3390 5215 3534 5270 anti-

277 5275 395 5330 qua
421 5276 616 5316 manus
634 5260 691 5317 in
720 5260 892 5333 marg.
924 5260 1047 5318 cod.
1083 5260 1226 5318 Gud.
1257 5260 1697 5317 emendationem
1716 5260 2011 5336 adscripsit
2033 5260 2354 5334 ἀπεύκτοῖςῖ
2429 5272 2485 5304 ’⁸⁸
2505 5272 2727 5346 διδαχθῇ
2757 5276 2845 5332 ed.
2870 5260 3001 5333 ὀᾀῂ

1379 5423 1383 5426 .
1863 5381 2095 5438 ΝΟΤλΕ.

449 5464 513 5520 In
540 5466 742 5548 multis,
782 5476 949 5550 verte.
976 5469 1141 5538 fusius
1182 5472 1495 5541 exspatiari.
1514 5470 1722 5595 ,φαίη
1955 5485 2176 5560 pturam
2229 5489 2480 5550 putarem
2533 5496 2873 5557 corruptam,
2923 5491 3272 5564 vertisseque
3300 5493 3530 5553 Scotum

405 5535 1066 5606 )7Puerzs,tnsc1ttssuue.
1108 5540 1270 5595 Verte
1289 5542 1522 5606 compede
1562 5558 1641 5606 us,
1671 5559 1857 5596 υιηειι-
1956 5547 2171 5606 pedicis.

405 5535 1066 5616 )“Paer‘iszinscitissime.
1108 5535 1641 5616 verte'compedibus,
1671 5535 1857 5616 υἶηειι-
1954 5535 2171 5616 pedicis.

282 5605 384 5661 (is;
409 5605 608 5676 (Cale)
640 5607 757 5662 Nisi
789 5608 932 5663 infra
957 5610 1103 5663 idem
1122 5611 1319 5665 vitium
1340 5605 1682 5678 occurreret,
1709 5613 1852 5666 scri-

349 5696 435 5767 _(l)
468 5696 630 5766 Greg.
664 5699 793 5752 Naz.
828 5698 920 5754 0r.
954 5701 1019 5753 de
1041 5700 1216 5773 Paup.
1250 5712 1430 5758 am‘ore
1460 5719 1580 5774 cap.
1619 5704 1672 5771 7,
1710 5720 1763 5774 p.
1794 5704 1918 5773 26!,
1948 5714 2085 5764 tom.
2120 5710 2160 5778 l,
2196 5710 2331 5767 non.
2367 5714 2456 5769 cd.
2490 5715 2695 5774 Bcned.

463 5848 469 5852 .
523 5790 798 5851 Ρηιιοι..
831 5792 948 5856 Gn.
981 5793 1142 5856 XCI.
2042 5855 2049 5862 .
2280 5854 2283 5857 ,
3144 5813 3223 5876 31,
