4008 6194
515 303 647 367 1067

1671 292 1732 352 S.
1772 289 2061 351 MAXIMI
2093 286 2607 350 CONFESSORIS

3627 283 3764 350 1068

511 429 657 470 unus
678 410 1014 468 constitutus
1067 422 1210 472 sum,
1258 419 1452 477 pacem
1490 401 1705 460 habens
1733 403 1791 458 in
1826 400 2088 458 omnibus

2213 399 2354 454 ιυτδν
2385 397 2648 462 ἀπλώσας
2688 394 2811 469 Θεῷ
2831 435 2848 463 ,
2891 395 3188 468 ἀδιαιρέτῳ
3221 395 3369 452 κατὰ
3407 395 3508 467 τὴν
3541 396 3766 468 γνώμην

504 514 570 559 et
619 497 1118 557 .sanctiilcationem
1147 537 1163 561 ,
1213 495 1421 566 quippe
1458 509 1547 548 me
1591 494 1772 565 ipsum
1799 494 2094 564 applicans

507 590 629 643 iDeo
658 584 1010 656 inseparabili
1043 600 1143 655 per
1170 584 1546 655 cognitionem
1583 582 1976 651 similitudine,
2013 583 2092 638 ir—

518 676 877 732 rationabiles
926 675 1167 730 virtutes
1219 674 1419 730 animae
1467 674 1764 746 cogitando
1807 675 2092 743 decenter,

517 776 574 822 et
624 766 799 821 menti
847 781 948 836 per
1004 766 1280 821 rationem
1334 765 1664 821 adducendo
1698 773 1756 822 et
1795 766 2097 823 familiares

508 857 796 923 faciendo,
843 856 1089 912 furorem
1139 857 1267 912 dico
1301 865 1359 913 et
1388 858 1922 927 concupiscentiam,
1971 868 2096 914 eam

506 948 747 1020 quidem
772 949 830 1004 in
862 949 1211 1014 charitatem,
1267 964 1395 1004 eum
1424 965 1557 1004 vero
1591 950 1649 1004 in
1663 949 1936 1020 «gaudium
1977 967 2100 1005 mu-

523 1049 680 1107 tans;
709 1040 986 1109 siquidem
1010 1040 1198 1111 gaudii
1223 1041 1510 1111 proprium
1531 1049 1616 1096 est
1638 1040 1917 1096 exsultare
1948 1040 2098 1096 divi-

513 1129 675 1185 rnitus
702 1139 760 1184 et
781 1128 980 1195 laetari,
1021 1129 1168 1184 sicut
1189 1129 1600 1198 praeexsultavit
1624 1143 1694 1183 ex
1721 1137 1895 1183 matre
1934 1127 2102 1183 Joan-

511 1237 654 1286 ines,
695 1237 928 1292 magnus
959 1220 1215 1276 veritatis
1272 1236 1585 1291 praacursor
1632 1227 1689 1276 et
1729 1219 2098 1290 praedicator;

523 1323 621 1366 aut
661 1313 834 1378 sicut,
889 1310 1023 1366 dum
1066 1311 1358 1381 quiescere
1391 1310 1525 1366 fecit
1565 1325 1747 1366 arcam
1803 1311 1971 1366 Israel
2007 1325 2105 1365 rex

528 1398 728 1453 David.
763 1397 823 1452 In
859 1408 1034 1453 matre
1062 1398 1210 1453 enim
1256 1397 1383 1470 (etsi
1423 1397 1852 1464 difficilis-ratio,
1897 1397 2105 1468 quippe

528 1491 677 1546 invia
715 1490 928 1556 multis,
953 1491 1052 1546 sed
1098 1500 1282 1545 tamen
1313 1491 1465 1563 vera)
1497 1499 1554 1546 et
1576 1506 1677 1546 nos
1704 1498 1762 1546 et
1799 1491 1946 1547 Deus
1973 1491 2108 1546 Ver-

527 1582 658 1636 bum
681 1597 896 1642 sumus.
921 1582 1016 1652 qui
1039 1581 1417 1638 universitatis
1442 1592 1529 1638 est
1547 1583 1723 1638 factor
1738 1591 1796 1638 et
1815 1583 2104 1651 Dominus;

521 1672 623 1742 qui
657 1671 879 1742 quidem
910 1672 967 1726 in
992 1673 1282 1742 praesentis
1315 1672 1443 1728 vitae
1485 1681 1633 1728 statu
1674 1675 1925 1740 occulte,
1955 1675 2109 1730 velut

2193 491 2504 562 ταυτότητι,
2554 487 2632 561 τῷ
2658 489 2759 554 τὰς
2801 487 3033 558 ἀλόγους
3059 487 3320 559 δυνάμεις
3347 489 3450 558 τῆς
3471 487 3647 559 ψυχῆς
3674 489 3765 542 λοο

2192 585 2347 654 γίσαι
2374 601 2437 637 τε
2463 582 2789 654 πρεπόντως
2822 581 2918 636 καὶ
2959 579 3038 651 νῷ
3074 579 3163 634 διὰ
3203 579 3365 648 λόγου
3395 582 3765 653 προσαγαγεῖν

2194 678 2292 732 καί
2321 674 2706 730 οικειὼσασθαι
2729 712 2746 742 ,
2779 673 2952 745 θυμὸν
2996 671 3141 742 λέγω
3185 671 3279 726 καὶ
3323 669 3630 742 ἐπιθυμίαν,
3671 671 3766 724 τὸν

2198 769 2299 841 μὲν
2325 769 2404 833 είς
2431 767 2678 838 ἀγάπην,
2711 768 2810 837 τὴν
2835 766 2893 820 δὲ
2924 766 3005 830 είς
3035 764 3209 836 χαρὰν
3244 762 3562 834 μεταϐαλὼν
3579 763 3646 828 ⁶⁹,
3685 764 3764 817 εἴ·

2188 878 2306 933 περ
2339 861 2515 932 χαρᾶς
2548 859 2678 913 ίδιον
2707 858 2770 912 τὸ
2799 859 3030 930 σκιρτᾷν
3060 854 3382 927 θεοπρεπῶς
3411 856 3505 909 καὶ
3533 854 3767 922 ἀγάλλε-

2201 953 2329 1005 σθαι
2355 951 2497 1006 κατὰ
2523 950 2618 1004 τὸν
2646 950 2714 1004 ὲκ
2745 951 2959 1021 μήτρας
2981 947 3464 1021 προσκιρτήσαντα
3496 947 3766 1017 Ἰωάννην,

2198 1043 2290 1096 τὸν
2323 1043 2494 1113 μέγαν
2527 1042 2626 1112 τῆς
2669 1039 2932 1112 ἀληθείας
2966 1036 3275 1111 πρόδρομόν
3302 1053 3362 1090 τε
3395 1036 3488 1090 καὶ
3523 1037 3768 1107 κήρυκα,

2198 1133 2235 1203 ἢ
2259 1134 2361 1187 τὸν
2403 1133 2498 1187 ἐπὶ
2540 1135 2608 1204 τῇ
2666 1131 3012 1186 καταπαύσει
3044 1129 3146 1200 τῆς
3166 1127 3402 1182 κιϐωτοῦ
3429 1127 3522 1180 τοῦ
3557 1125 3772 1198 Ἰσραὴλ

2202 1224 2430 1296 βασιλέα
2457 1224 2645 1279 Δαϐίδ.
2686 1224 2777 1277 Ἐν
2804 1223 2990 1294 μήτρᾳ
3019 1221 3128 1293 γὰρ
3156 1220 3294 1291 (κᾶν
3323 1221 3374 1273 εί
3409 1221 3611 1290 τραχὺς
3634 1221 3663 1272 6
3686 1218 3775 1272 λό-

2203 1332 2301 1385 γος
2323 1315 2400 1380 ὡς
2429 1315 2661 1387 ἀτριϐὴς
2685 1316 2802 1378 τοῖς
2849 1313 3065 1377 πολλοῖς
3083 1351 3100 1378 ,
3129 1311 3246 1366 ἀλλ’
3276 1306 3369 1365 οὖν
3397 1310 3635 1380 ἀληθὴς)
3675 1309 3774 1363 καὶ

2205 1408 2368 1477 ἡμεῖς
2391 1407 2488 1460 καὶ
2516 1405 2546 1458 6
2575 1405 2710 1465 Θεὸς
2738 1403 2913 1473 Λόγος
2942 1402 3110 1474 ὲσμὲν
3138 1402 3167 1454 6
3190 1399 3286 1455 τοῦ
3307 1399 3507 1462 παντὸς
3535 1399 3776 1470 Ποιητὴς

2205 1499 2302 1551 καὶ
2331 1496 2608 1569 Δεσπότης
2635 1536 2650 1561 ,
2699 1498 2757 1550 ὲν
2800 1498 2868 1568 τῇ
2900 1493 3155 1566 παρούσῃ
3196 1492 3300 1562 τῆς
3343 1491 3484 1561 ζωῆς
3513 1491 3780 1544 καταστά-

2209 1605 2314 1649 σει.
2348 1590 2377 1642 6
2413 1587 2514 1660 μὲν
2536 1586 2803 1659 ἀμυδρῶς
2828 1586 2906 1650 ὡς
2932 1588 2991 1639 ὲν
3018 1585 3225 1656 μήτρᾳ,
3262 1582 3359 1637 καὶ
3385 1581 3546 1652 μόγις
3581 1579 3660 1650 τῷ
3687 1582 3780 1633 αι-

2211 1679 2396 1751 σθητῷ
2424 1679 2599 1749 τούτῳ
2645 1680 2839 1748 κόσμῳ
2870 1675 3285 1746 διαφαινόμενος
3306 1712 3322 1738 ,
3360 1673 3455 1726 καὶ
3480 1671 3634 1725 τοῦτο
3665 1673 3782 1735 τοῖς

528 1764 582 1818 in
611 1772 808 1829 matre,
847 1771 902 1818 et
942 1764 1035 1818 vix
1079 1764 1362 1820 sensibilis
1403 1764 1535 1821 huic
1589 1766 1801 1823 mundo
1845 1777 2103 1838 apparet,

2213 1771 2352 1826 κατὰ
2389 1771 2649 1840 Ἰωάννην
2672 1769 2752 1840 τῷ
2776 1769 3056 1839 πνεύματι
3071 1807 3094 1832 ,,
3127 1769 3179 1820 οί
3205 1765 3251 1820 δ’
3291 1763 3584 1835 ἄνθρωποι,
3614 1762 3690 1826 ὡς
3718 1765 3784 1816 ἐκ

526 1861 583 1908 et
612 1853 740 1920 hoc,
771 1853 862 1909 his
882 1854 977 1923 qui
1001 1862 1134 1908 sunt
1159 1853 1467 1909 secundum
1493 1855 1844 1911 Joannem-in
1869 1857 2107 1926 spiritu;

524 1946 780 2001 homines
818 1960 949 2000 vero
973 1945 1146 2000 veluti
1175 1961 1244 2000 ex
1287 1956 1488 2013 matre,
1530 1947 1811 2004 materiali
1852 1948 2114 2004 videlicet

527 2038 964 2104 circumstantia,
997 2037 1102 2092 etsi
1122 2037 1392 2108 tantisper
1423 2038 1479 2093 in
1504 2039 1592 2094 his
1612 2055 1735 2110 qua).
1767 2049 1897 2095 sunt
1926 2041 2112 2095 occul-

521 2140 646 2185 itum
668 2129 1014 2200 perspiciunt
1029 2128 1292 2184 Verbum.
1310 2128 1377 2184 Et
1397 2129 1456 2184 in
1476 2129 1582 2185 hoc
1610 2130 1856 2186 fortassis
1881 2131 1992 2186 sint
2015 2131 2112 2201 qui

523 2220 748 2292 gaudiis
783 2220 1012 2275 Joannis
1059 2219 1355 2287 laetantur;
1398 2221 1468 2276 ad
1502 2220 1839 2278 ineffabilem
1875 2237 2114 2293 namque

530 2309 703 2365 futuri
739 2308 927 2364 saeculi
978 2308 1207 2385 gloriam
1258 2317 1314 2364 et
1359 2309 1688 2374 claritatem,
1735 2317 1792 2364 et
1843 2310 2113 2381 vitaequaa

526 2403 590 2457 in
617 2403 737 2473 ipso
767 2409 853 2458 est
886 2401 1283 2472 proprietatem
1301 2401 1352 2467 ιι,
1395 2401 1474 2456 nil
1503 2400 1698 2456 matris
1716 2401 2113 2473 distatjudicio

531 2493 767 2550 laetantis
789 2499 1100 2563 comparata
1115 2508 1359 2562 prmsens
1378 2492 1512 2559 vita,
1547 2492 1604 2546 in
1629 2501 1988 2564 quapropter
2013 2509 2115 2549 nos

533 2586 773 2642 infantes
799 2585 1058 2642 sensibus
1082 2585 1249 2651 Deus,
1298 2585 1394 2656 qui
1432 2592 1518 2642 est
1535 2585 1776 2642 Verbum
1805 2584 2115 2655 perfectum

533 2688 590 2733 et
645 2679 770 2749 plus
814 2693 982 2748 quam
1021 2676 1322 2748 perfectum
1353 2717 1369 2742 ,
1418 2685 1481 2733 ut
1534 2677 1870 2745 misericors,
1936 2677 2117 2734 infans

535 2768 716 2824 factus
752 2777 857 2825 est.
890 2769 948 2824 Si
977 2765 1131 2839 ergo,
1159 2777 1220 2824 ut
1250 2769 1464 2824 dictum
1507 2778 1613 2835 est,
1653 2770 1779 2825 talis
1817 2769 1944 2841 quis
1966 2783 2114 2836 sum,

537 2861 787 2931 possibili
833 2861 1157 2916 hominibus
1199 2860 1506 2916 secundum
1560 2871 1893 2932 praesentem
1943 2862 2117 2918 vitam

531 2951 916 3008 transitoriam
949 2952 1007 3008 in
1046 2951 1234 3007 divina
1263 2952 1584 3008 summitate
1607 2993 1622 3020 ,
1662 2953 1960 3024 neglexero
1984 2963 2118 3010 vero

538 3042 868 3098 deiformem
901 3041 1178 3109 habitum,
1209 3057 1296 3097 me
1331 3041 1510 3112 ipsum
1547 3041 1616 3096 ad
1645 3042 1897 3112 corporis
1932 3042 2116 3097 libens

2213 1859 2430 1931 μήτρας
2459 1860 2564 1931 τῆς
2591 1858 2782 1930 ὑλικῆς
2824 1857 3203 1929 περιστάσεως
3221 1895 3237 1921 ,
3271 1854 3372 1908 κᾶν
3399 1853 3576 1915 ποσῶς
3599 1852 3693 1906 τὸν
3723 1852 3784 1904 ἐν

2208 1953 2322 2016 τοῖς
2353 1945 2506 2005 οὖσιν
2549 1950 2996 2022 ὲγκρυπτόμενον
3025 1945 3408 2008 διαϐλέποντες
3454 1944 3631 2012 λόγον.
3668 1943 3785 1998 Καὶ

2209 2041 2356 2098 τοῦτ’
2405 2043 2582 2115 ἄνπερ
2625 2035 2729 2096 ὦσι
2763 2043 2885 2105 ταῖς
2946 2039 3195 2094 Ἰωάννου
3241 2036 3533 2108 αὐχοῦντες
3575 2036 3783 2107 χάρισι.

2212 2136 2358 2211 Πρὸς
2403 2137 2512 2208 γὰρ
2555 2136 2655 2208 τὴν
2700 2135 2910 2205 ἄφατον
2939 2133 3034 2188 τοῦ
3075 2131 3361 2204 μέλλοντος
3387 2130 3584 2193 αἰῶνος
3625 2127 3786 2195 δόξαν

2213 2245 2273 2282 τε
2315 2227 2411 2282 καὶ
2454 2227 2818 2299 λαμπρότητα
2861 2225 2956 2279 καὶ
2996 2222 3095 2295 τὴν
3137 2223 3238 2293 τῆς
3281 2219 3402 2274 κατ’
3447 2217 3606 2274 αὑτὸν
3639 2217 3787 2289 ζωῆς

2217 2319 2457 2390 ἰδιότητα
2485 2319 2698 2390 μήτρας
2723 2316 2910 2387 (1-18
2930 2316 2979 2386 b)
3013 2314 3165 2368 οὐδὲν
3192 2312 3439 2382 διαφέρει
3466 2309 3612 2381 ζόφῳ
3637 2326 3790 2379 περι-

2217 2409 2524 2482 κεχυμένης
2571 2406 2990 2479 συγκρινομένη·
3017 2407 3052 2476 ἡ
3099 2403 3353 2476 παροῦσα
3383 2401 3496 2471 ζωὴ
3521 2439 3537 2465 ,
3564 2402 3620 2454 ὲν
3653 2394 3690 2474 ᾖ
3718 2399 3789 2454 δι’

2216 2503 2365 2575 ἡμᾶς
2390 2503 2516 2566 τοὺς
2542 2502 2919 2572 νηπιάσαντας
2947 2502 3068 2562 ταῖς
3087 2497 3248 2569 φρεσὶ
3277 2497 3373 2550 καὶ
3400 2495 3429 2548 6
3455 2493 3585 2558 Θεὸς
3608 2495 3787 2562 Λόγος

2215 2595 2422 2660 τέλειος
2443 2593 2527 2648 ιῶν
2553 2594 2646 2648 καὶ
2672 2592 2997 2663 ὑπερτελὴς,
3019 2590 3095 2655 ὡς
3127 2587 3541 2660 φιλάνθρωπος,
3560 2585 3791 2654 ὲνηπίαο

2219 2705 2333 2743 σεν.
2372 2687 2553 2759 Εἴπερ
2582 2681 2696 2752 οὖν,
2731 2686 2807 2750 ὡς
2848 2685 3066 2756 εἴρηται
3087 2725 3104 2750 ,
3149 2681 3397 2744 τοιοῦτός
3421 2697 3505 2744 τις
3534 2679 3786 2748 ὑπάρχω,

2217 2780 2313 2834 καὶ
2335 2774 2442 2850 τῆς
2460 2778 2688 2848 ὲφικτῆς
2716 2775 3028 2848 ἀνθρώποις
3049 2773 3189 2828 κατά
3213 2773 3317 2844 τὴν
3337 2770 3610 2842 παροῦσαν
3635 2769 3790 2839 ζωὴν

2217 2868 2424 2940 ἐπέϐην
2451 2869 2603 2933 θείας
2629 2869 2933 2939 ἀκρότητπ
2955 2908 2970 2934 ,
3015 2864 3281 2936 ἀμελήσω
3309 2861 3370 2917 δὲ
3396 2864 3495 2933 τῆς
3519 2857 3788 2922 θεωιδοῦς

2217 2961 2420 3029 ἕξεως,
2463 2959 2701 3031 ἐμαυτὸν
2751 2958 2889 3030 πρὸς
2932 2955 3034 3028 τὴν
3081 2954 3178 3008 τοῦ
3226 2953 3479 3026 σώματος
3527 2950 3791 3012 ἑκουσίως

2219 3051 2507 3115 ἑπικλίνας
2534 3050 2787 3122 στοργὴν,
2822 3044 3210 3116 κατεσπάσθην
3245 3042 3506 3115 βαρηθεὶς
3540 3044 3653 3104 ταῖς
3683 3041 3791 3094 πέ-

537 3133 816 3190 inclinans
845 3133 1206 3199 desiderium,
1234 3132 1502 3203 dereptus
1527 3147 1648 3188 sum
1681 3140 1942 3204 gravatus
1974 3148 2115 3204 pue—

2216 3143 2355 3208 δαις,
2387 3143 2508 3214 ἦτοι
2534 3119 2655 3205 ταῖς
2688 3119 2934 3212 φροντίσι
2962 3179 2976 3206 ,
3031 3139 3127 3192 καὶ
3169 3137 3279 3191 ἀπὸ
3307 3134 3443 3189 Θεοῦ
3475 3133 3685 3198 ἔπεσον,
3710 3132 3796 3197 ὡς

540 3226 639 3292 ris,
674 3225 729 3280 id
759 3232 845 3282 est
869 3225 1040 3292 curis,
1072 3233 1129 3280 et
1159 3241 1192 3280 a
1224 3226 1336 3281 Deo
1369 3225 1570 3290 cecidi,
1626 3232 1819 3295 utpote
1869 3224 1945 3280 de
1996 3225 2116 3280 solo

543 3331 718 3388 regno
743 3317 1016 3373 caelorum
1045 3317 1435 3388 cogitationem
1464 3324 1520 3372 et
1545 3315 1988 3386 inquisitionem,
2028 3316 2119 3372 cui

542 3425 654 3464 non
679 3410 902 3477 licebat,
927 3415 1164 3466 terrena:
1193 3410 1319 3465 dico
1343 3409 1489 3475 vitae,
1515 3409 1850 3473 attribuens,
1894 3418 1951 3464 et
1995 3424 2122 3464 sen-

541 3500 702 3556 sibus
729 3501 1090 3567 coni'erendo,
1124 3515 1288 3570 quam
1321 3497 1389 3554 ad
1414 3499 1588 3556 Deum
1617 3498 1848 3554 ferendo
1872 3499 2121 3554 animum

545 3595 938 3650 dehonestans.
957 3592 1016 3649 Si
1036 3606 1170 3648 vero
1189 3592 1374 3646 adhuc
1389 3607 1489 3662 per
1510 3592 1743 3647 activam
1767 3591 1934 3646 vitam
1950 3591 2125 3646 bella-

547 3698 636 3742 tor
657 3695 846 3741 contra
876 3694 1114 3741 armatas
1141 3685 1425 3757 passiones
1453 3701 1596 3749 sum,
1621 3684 1865 3740 nondum
1889 3699 1992 3754 per
2017 3699 2124 3741 eas

543 3775 799 3846 accipere
861 3773 1164 3830 volentium
1224 3771 1578 3828 inimicorum
1653 3786 1791 3841 pure
1850 3769 2124 3840 effugiens

547 3865 726 3933 dolos,
752 3873 808 3920 et
839 3865 1083 3920 dilexero
1113 3863 1410 3920 indiscrete
1438 3877 1661 3932 corpus,
1711 3861 1972 3917 detentus
2002 3875 2125 3915 sum

549 3953 620 4008 ab
653 3970 742 4021 eo,
771 3955 1033 4011 videlicet
1065 3955 1135 4010 ad
1182 3955 1319 4009 illud
1350 3953 1602 4010 habitum
1647 3969 1678 4007 a
1707 3953 1916 4008 virtute
1961 3968 2124 4023 sepa-

551 4044 662 4099 rari
695 4060 1058 4115 praesumens.
1106 4043 1386 4113 Deripitur
1424 4042 1610 4112 itaque
1637 4041 2122 4112 contemplativus,

553 4135 953 4190 immoderatus
983 4135 1096 4206 jam
1128 4150 1228 4204 per
1260 4133 1508 4189 habitum
1543 4133 1845 4188 adveniens
1883 4134 2125 4204 corpori,

552 4225 867 4279 divinarum
899 4225 1180 4296 negligens
1209 4224 1741 4294 contemplationum
1789 4241 1802 4278 :
1844 4222 2130 4279 detinetur

553 4333 687 4372 vero
710 4317 944 4383 activus,
965 4318 1182 4389 corpori
1202 4332 1470 4389 pugnans,
1489 4315 1654 4372 datus
1667 4316 1736 4371 ad
1754 4317 1933 4387 ipsum
1950 4315 2129 4370 lucta-

556 4405 716 4472 tioni,
743 4407 1046 4463 laborando
1069 4423 1170 4478 pro
1191 4407 1398 4463 virtute
1423 4421 1544 4478 qua:
1560 4415 1645 4464 est
1661 4408 1856 4464 anima:
1872 4405 2123 4471 libertas,

542 4527 750 4576 servus
771 4517 1230 4591 essepassionum
1258 4519 1486 4590 eligens.

2218 3235 2316 3308 τὴν
2348 3234 2478 3306 περὶ
2522 3232 2692 3306 μόνης
2736 3233 2835 3304 τῆς
2884 3231 3162 3302 βασιλείας
3192 3227 3302 3282 τῶν
3348 3225 3802 3298 οὺρανῶν’μέρι-

2223 3325 2364 3397 μνάν
2396 3342 2456 3379 τε
2493 3325 2593 3379 καὶ
2631 3325 2860 3396 ζήτησιν
2900 3315 2944 3390 ᾧ
2968 3323 3012 3354 ⁷⁸
3048 3321 3123 3393 μὴ
3171 3318 3331 3390 θέμις
3373 3312 3464 3388 ἦν,
3511 3318 3575 3387 τῇ
3623 3317 3801 3387 γηῖνῃ

2220 3417 2364 3487 λέγω
2394 3416 2507 3488 ζωῇ
2534 3457 2550 3481 ,
2583 3413 2944 3487 προσνείμας,
2971 3411 3075 3466 καὶ
3103 3411 3224 3473 ταῖς
3269 3407 3553 3478 αἰσθήσεσι
3581 3406 3804 3476 συμφέ-

2211 3504 2414 3578 ρεσθαι
2448 3504 2673 3578 μᾶλλον,
2717 3505 2751 3575 ἦ
2798 3503 2934 3574 πρὸς
2967 3501 3098 3556 Θεὸν
3143 3499 3408 3570 φέρεσθαι
3433 3496 3530 3568 τὴν
3555 3496 3807 3550 διάνοιαν
3857 3518 3868 3526 <

2215 3598 2618 3669 ἀνασχόμενος.
2649 3598 2717 3653 El.
2745 3597 2802 3650 δὲ
2839 3594 2948 3648 τῶν
2983 3594 3064 3648 ἐτι
3097 3593 3186 3647 διὰ
3215 3591 3315 3662 τῆς
3345 3587 3657 3662 πρακτικῆς
3693 3604 3804 3640 πο-

2222 3689 2466 3761 λεμικῶς
2494 3689 2637 3743 κατὰ
2673 3688 2783 3743 τῶν
2826 3687 3014 3742 παθῶν
3056 3683 3401 3755 ὡπλισμένος
3442 3681 3594 3751 εἰμὶ,
3631 3680 3808 3751 μήπω

2221 3782 2333 3836 τῶν
2373 3782 2448 3837 δι’
2481 3782 2662 3836 αὐτῶν
2702 3781 2855 3833 ’ἑλεῖν
2895 3777 3235 3849 βουλομένων
3278 3774 3487 3846 ἐχθρῶν
3539 3770 3809 3842 καθαρῶς

2227 3873 2506 3938 ὑπαλύξας
2537 3874 2666 3937 τοὺς
2693 3872 2880 3934 δόλους
2905 3912 2920 3936 ,
2967 3871 3064 3923 καὶ
3108 3867 3320 3940 στέρξω
3361 3863 3690 3936 άδιακρίτως
3743 3861 3810 3916 τδ

2229 3967 2411 4038 σῶμα,
2455 3963 2794 4040 κατεσχέθην
2843 3962 2935 4015 ὑπ’
2964 3958 3133 4015 αὑτοῦ
3181 3959 3362 4030 δῆλον,
3409 3957 3484 4020 ὼς
3524 3956 3626 4025 τὴν
3663 3953 3812 4026 πρὸς

2226 4058 2362 4113 αὐτὸ
2392 4055 2577 4128 σχέσιν
2605 4054 2699 4109 τοῦ
2729 4054 2796 4107 δι’
2841 4051 3044 4124 ἀρετῆς
3083 4045 3367 4120 χωρισμοῦ
3417 4043 3813 4115 προελόμενος.

2228 4149 2592 4203 Κατασπᾶται
2645 4139 2738 4200 οὖν
2788 4144 2897 4212 ἄρα
2941 4143 2970 4194 6
3024 4136 3362 4210 θεωρητικὸς
3419 4135 3655 4204 ἄσχετος
3709 4133 3818 4204 ήδη

2229 4237 2372 4293 κατὰ
2402 4237 2519 4309 τὴν
2572 4235 2686 4300 ἕξιν
2740 4233 3024 4303 γινόμενος
3073 4229 3153 4300 τῷ
3203 4227 3440 4299 σώματι,
3491 4222 3600 4276 τῶν
3652 4221 3822 4275 θείων

2228 4331 2453 4404 ἀμελῶν
2487 4328 2801 4399 θεαμάτων.
2827 4322 3145 4393 ·Κατέχεται
3175 4320 3233 4373 δὲ
3271 4321 3300 4373 6
3327 4314 3638 4390 πρακτικὸς
3671 4315 3701 4368 6
3737 4315 3824 4385 τῷ

2233 4423 2445 4494 σώματι
2491 4420 2794 4493 μαχόμενος
2817 4457 2832 4482 ,
2907 4415 3140 4477 ἐνδιδοὺς
3177 4413 3244 4484 τῇ
3297 4411 3433 4481 πρὸς
3459 4407 3591 4463 αὐτὸ
3629 4406 3824 4478 πάλη,

2239 4515 2335 4568 καὶ
2390 4512 2484 4568 τοῦ
2541 4513 2723 4564 πονεῖν
2790 4508 2928 4582 ὑπὲρ
2983 4505 3218 4579 ἀρετῆς,
3281 4504 3402 4574 ἥτις
3459 4499 3580 4553 ἐστὶ
3638 4499 3825 4570 ψυχῆς

2217 4607 2537 4680 -ὲλευθερία,
2566 4606 2626 4660 τὸ
2654 4604 2838 4659 δοῦλον
2871 4599 3011 4658 εἶναι
3035 4599 3228 4656 ’παθῶν
3261 4595 3674 4666 ἐπιλεγόμενος.

559 4791 812 4863 Ejusdem
833 4806 896 4845 ea:
916 4790 1095 4844 eodem
1121 4804 1381 4853 sermone,
1414 4785 1472 4841 in
1500 4786 1617 4850 hoc,
1654 4802 1674 4836 ι
1721 4782 1853 4850 Quae
1893 4799 2020 4856 ergo
2049 4803 2115 4840 ηις

2249 4789 2350 4843 Ἐκ
2395 4785 2501 4840 τοῦ
2544 4781 2734 4839 αὑτοῦ
2775 4782 2985 4853 λόγου,
3033 4780 3120 4847 είς
3155 4779 3244 4841 τὸ,
3303 4793 3322 4827 ι
3357 4774 3451 4839 Τίς
3476 4771 3516 4840 ἡ
3545 4773 3680 4839 περὶ
3717 4772 3824 4840 ἐμὲ

627 4885 920 4955 sapientia,
972 4891 1022 4937 et
1050 4880 1189 4953 quod
1227 4894 1478 4950 magnum
1509 4876 1818 4948 mysterium
1845 4875 1870 4929 ?
1905 4876 1989 4931 An
2013 4875 2115 4930 υιιί.

2306 4879 2513 4950 σοφία,
2545 4877 2643 4932 καὶ
2675 4877 2730 4930 τί
2757 4875 2823 4929 τὸ
2845 4874 2998 4944 μέγα
3026 4871 3201 4926 τοῦτο
3221 4865 3589 4955 μυστήριονῖ
3676 4864 3830 4926 ,Βού-

510 5026 514 5031 .
626 4983 838 5046 partem
865 4990 958 5028 nos
985 4989 1094 5028 esse
1121 4972 1236 5037 Dei,
1270 4979 1320 5024 et
1350 4970 1628 5024 desursum
1669 4970 1909 5039 ﬂuentes.
1939 4977 1998 5022 ut
2029 4984 2115 5023 nat

2305 4971 2474 5022 λεται
2513 4966 2786 5038 μοῖραντι
2814 4963 2966 5034 ἡμᾶς
3000 4962 3177 5028 ὄντας
3209 4957 3356 5013 Θεοῦ
3379 4998 3395 5023 ,
3449 4952 3828 5046 καὶᾷᾅνωᾷεγ

506 5050 516 5087 ἶ
628 5044 723 5139 per
751 5068 1064 5138 dignitatem
1097 5064 1340 5128 exaltati,
1371 5071 1422 5116 et
1454 5060 1687 5117 cwlestia
1715 5060 2115 5131 contemplante.

2310 5061 2680 5128 ρεύσαντας,
2711 5058 2813 5111 ἵνα
2837 5054 2922 5126 μὴ
2953 5054 3052 5108 διὰ
3079 5051 3195 5142 τὴν
3220 5049 3407 5120 (119
3428 5046 3483 5116 a)
3509 5044 3702 5142 dam:
3717 5044 3824 5096 ἐκ·

510 5149 520 5227 ἱ
630 5160 981 5230 despiciamus
1029 5157 1330 5213 Creatorem
1372 5155 1428 5209 in
1495 5153 1785 5207 luctatione
1841 5169 1904 5206 ac
1954 5169 2115 5224 pugni

2301 5149 2613 5218 ιιιρόμενοι
2677 5143 2776 5200 και
2825 5140 3304 5216 μετεωριζόμενοι
3355 5140 3827 5230 κατάρρῳ-ὦμος

513 5255 518 5277 ⁷
631 5226 749 5323 qua:
794 5259 980 5306 contra
1030 5265 1219 5322 corpus
1246 5256 1343 5314 est,
1386 5245 1456 5300 ad
1499 5245 1672 5317 ipsum
1731 5259 1938 5314 semper
1994 5242 2115 5313 aspi‘

2297 5238 2417 5294 ’τοῦ
2457 5239 2818 5306 κτίσαντος,
2872 5236 2942 5290 ἐν
2965 5234 3040 5305 τῇ
3069 5233 3220 5304 πρὸς
3244 5232 3311 5288 τὸ
3333 5227 3697 5300 σῶμα-πάλῃ
3725 5226 3823 5280 καὶ

1835 5357 2070 5414 γΑιιυΕ
2093 5353 2509 5412 LECTIONES.

633 5461 677 5493 “
710 5455 1058 5529 μεταϐάλλων
1081 5453 1170 5510 ed.
1201 5451 1322 5507 Gal.
1418 5448 1465 5482 ⁷⁸
1493 5448 1522 5502 ὃ
1547 5445 1671 5503 cod.
1703 5445 1846 5502 Gud.
1924 5447 1965 5478 ⁷⁸
2000 5447 2115 5517 μοῖε

2225 5445 2314 5500 ed.
2349 5445 2492 5509 Gal.,
2528 5452 2584 5500 et
2609 5441 2732 5499 cod.
2756 5440 2897 5498 Gud.
2923 5438 3067 5496 Infra
3103 5437 3198 5495 fol.
3237 5435 3342 5492 122
3365 5434 3421 5491 ι).
3459 5432 3659 5504 μοίρας
3695 5427 3824 5488 cod.

565 5529 708 5590 cud'
2099 5583 2329 5639 sum.

642 5696 714 5763 σε)
747 5696 909 5752 Verte
961 5691 1092 5747 nihil
1149 5708 1180 5744 a
1226 5698 1396 5746 matre
1457 5684 1686 5742 tenebris
1743 5678 2012 5735 obvofuta.
2048 5679 2246 5752 (Gale.)
