4008 6194
267 325 402 396 1069

1497 315 2013 378 AMBIGUORUM
2051 313 2300 374 LIBER.

3375 306 3512 368 1070

335 435 502 509 μάχῃ
549 433 704 505 πρὸς
730 431 919 488 αὐτόν
961 427 1048 484 de!
1077 427 1333 494 βλέπειν
1357 464 1370 490 ,
1421 426 1521 480 καὶ
1551 425 1665 491 τὴν
1690 439 1842 479 συν-

2012 421 2287 486 ciendum,
2342 428 2393 474 et
2423 418 2758 488 conjunctam
2795 414 3156 484 inﬁrmitatem
3187 407 3514 469 autrituram

254 583 272 596 ,
333 529 692 602 εζευτμένην
746 524 1062 582 ἀσθένειαν
1109 517 1511 589 παιδαγιιηαίαν
1543 514 1695 572 εἶναι
1733 517 1842 571 τοῦ

336 620 665 691 ἀξιώματος
690 617 764 690 (2)
784 633 800 684 ;
836 634 856 667 ι

338 732 568 797 Τούτοις
605 731 749 794 τινές
781 727 1202 799 ἐντυγχάνοντες
1230 727 1340 788 τοῖς
1367 723 1574 794 λόγοις,
1620 720 1842 793 μηδένα,

269 823 344 888 ὡς
394 822 611 888 ἔοικεν,
665 820 806 890 ὑπὲρ
852 818 949 870 τοῦ
990 820 1176 870 πονεῖν
1219 814 1321 885 τῆς
1348 813 1629 886 ζητήσεως
1660 813 1848 865 ’ἐνεκεν

272 913 364 970 τοῦ
410 909 648 980 ἀληθοῦς
693 906 886 979 μισθὸν
928 905 1270 976 ἐκδεχόμενοι
1299 943 1315 970 ,
1374 903 1513 974 πρὸς
1539 903 1602 955 τὸ
1626 901 1847 955 εὔκολον

273 1003 366 1055 καὶ
412 997 612 1063 πολλὰς
655 996 778 1067 ἔχον
820 995 922 1067 ἥδη
963 996 1027 1048 ἐκ
1066 993 1176 1048 τῶν
1201 991 1528 1064 Ἑλληνικῶν
1564 990 1849 1062 δογμάτων

272 1092 370 1152 τὰς
397 1088 655 1160 ἀφορμὰς
683 1086 1091 1156 καταφεύγουσι
1108 1126 1124 1149 ,
1174 1086 1474 1155 φάσκοντες
1503 1083 1604 1155 τήν
1627 1083 1688 1137 τὲ
1717 1099 1848 1136 ποτε

274 1178 439 1236 οὖσαν
497 1180 642 1235 κατὰ
691 1179 753 1234 τὸ
799 1178 957 1243 δόξαν
1010 1177 1194 1241 αὐτοῖς
1241 1176 1349 1232 τῶν
1400 1176 1634 1245 λογικῶν
1687 1176 1851 1231 ἐνάδα

277 1275 399 1329 καθ’
437 1275 506 1344 ἣν
567 1275 828 1342 συμφυεῖς
876 1271 1032 1334 ὅντες
1075 1269 1196 1340 Θεῷ
1241 1270 1341 1342 τὴν
1384 1272 1442 1323 ἐν
1493 1270 1640 1342 αὐτῷ
1683 1271 1851 1342 μόνην

278 1367 473 1437 ἔχομεν
487 1367 533 1398 ⁷⁸
566 1365 662 1420 καὶ
691 1364 918 1434 ἵδρυσιν,
954 1363 1182 1435 προσέτι
1208 1379 1273 1431 γε
1305 1363 1396 1416 καὶ
1426 1363 1527 1434 τὴν
1555 1364 1850 1436 γενομένην

278 1457 532 1526 κίνησιν,
589 1455 649 1522 ἐξ
699 1449 768 1528 ἦς
825 1453 1191 1508 σκεδασθέντα
1237 1452 1510 1524 διαφόρως
1563 1453 1631 1506 τὰ
1659 1452 1852 1523 λογικὰ

280 1548 412 1619 πρὸς
469 1547 687 1615 γένεσιν
734 1545 830 1600 τοῦ
881 1543 1196 1615 σωματικοῦ
1252 1543 1444 1599 τούτου
1492 1545 1704 1615 κόσμου
1760 1545 1852 1598 τὸν

279 1639 410 1693 Θεὸν
462 1639 593 1692 ίδεϊν
639 1636 1060 1709 παρεσκεύασαν
1085 1678 1100 1702 ,
1153 1636 1316 1708 χάριν
1344 1636 1438 1690 τοῦ
1469 1636 1690 1707 ἐνδῆσαι
1715 1635 1854 1689 αὐτὰ

282 1730 526 1802 σώμασιν
558 1729 651 1782 ἐπὶ
675 1729 914 1800 τιμωρίᾳ
933 1728 1043 1782 τῶν
1066 1727 1604 1801 προημαρτημένων,
1629 1727 1719 1782 διὰ
1737 1727 1855 1782 τού·

279 1839 387 1874 των
442 1820 774 1875 αἰνίττεσθαι
824 1820 934 1873 τῶν
977 1819 1150 1889 λόγων
1204 1819 1516 1890 νομίζοντες
1560 1818 1655 1874 τὸν
1706 1819 1855 1875 διδά-

283 1910 498 1967 σκαλον.
552 1908 701 1962 Ἀλλ’
748 1907 1023 1979 ἠγνόησαν
1082 1907 1158 1971 ὡς
1208 1905 1451 1962 ἀδύνατα
1508 1904 1855 1960 ὑποτίθενται

281 2002 375 2056 καὶ
401 2001 513 2055 τῶν
541 1999 838 2072 ἀμηχάνων
868 1996 1364 2069 καταστοχάζονται
1387 2037 1402 2058 .
1437 1996 1620 2062 καθὼς
1648 1995 1858 2068 προϊὼν

283 2093 420 2164 μετά
459 2092 554 2146 τοῦ
595 2092 800 2154 εἰκότος
838 2092 867 2144 ό
896 2089 1103 2160 ἀληθὴς
1131 2088 1405 2154 ἀποδείξει
1432 2087 1614 2158 λόγος.
1651 2089 1716 2142 Et
1746 2087 1857 2160 γάρ

279 2185 339 2238 τὸ
369 2185 507 2238 θεῶν
551 2182 677 2256 [leg.
719 2180 882 2253 θεῖον]
918 2181 1175 2250 ἀκίνητον
1199 2220 1213 2246 ,
1266 2180 1342 2244 ὡς
1382 2179 1601 2234 πάντων
1635 2180 1860 2252 πληρω-

278 2274 452 2337 τικὸν,
483 2275 593 2328 πᾶν
620 2272 678 2326 δέ
709 2272 771 2325 τὸ
798 2273 862 2324 ἐκ
896 2271 971 2342 μὴ
996 2270 1166 2324 ὄντων
1197 2269 1259 2324 τὸ
1286 2266 1427 2324 εῖναι
1454 2269 1620 2325 λαϐὸν
1649 2269 1746 2324 καὶ
1769 2287 1858 2323 κι-

279 2365 440 2436 νητὸν
465 2406 480 2431 ,
528 2363 604 2426 ὡς
637 2363 776 2435 πρός
803 2378 927 2417 τινα
954 2361 1172 2426 πάντως
1198 2361 1501 2434 φερόμενον
1528 2360 1731 2427 αἰτίαν,
1765 2359 1858 2415 οὖ-

281 2474 368 2511 πω
409 2457 466 2511 δὲ
516 2454 670 2509 οὐδὲν
719 2452 1035 2525 κινούμενον
1080 2453 1234 2523 ἔστη,
1283 2453 1360 2517 ὡς
1396 2453 1495 2525 τῆς
1529 2454 1650 2509 κατ’
1674 2453 1860 2524 ἔφεσιν

280 2548 549 2618 κινήσεως
573 2546 673 2618 τὴν
697 2545 924 2616 δύναμιν
954 2545 1120 2616 μήπω
1139 2544 1218 2616 τῷ
1240 2543 1455 2615 ἐσχάτῳ
1479 2541 1860 2615 προσαναπαῦο

285 2656 382 2692 σαν
430 2637 640 2710 όρεκτῷ
695 2635 889 2724 (ρύδέν
932 2636 1043 2708 γὰρ
1098 2636 1252 2706 ίστᾷν
1301 2634 1430 2690 ἄλλο
1470 2633 1532 2689 τὸ
1561 2634 1861 2706 φερόμενον

283 2729 423 2783 κατὰ
445 2730 606 2798 φύσιν
633 2728 876 2799 πέφυκεν
905 2727 939 2798 ἢ
969 2729 1146 2781 ἐκεῖνο
1169 2726 1562 2798 δεικνύμενον),
1579 2726 1730 2780 οὐδὲν
1753 2726 1862 2797 ἄρα

285 2818 601 2890 κινούμενον
667 2818 797 2890 ἔστη
821 2857 836 2882 ,
915 2817 992 2883 ὡς
1050 2817 1146 2871 τοῦ
1198 2818 1428 2888 ἐσχάτου
1485 2819 1651 2890 μήπω
1700 2817 1862 2888 τυχὸν

284 2909 512 2984 ὀρεκτοῦ
537 2927 552 2943 ·
610 2911 736 2964 ἐπεὶ
767 2909 893 2981 μηδ’
918 2909 1097 2962 ἐκεῖνό
1125 2926 1214 2962 πω
1239 2909 1404 2980 φανὲν
1435 2909 1543 2965 τῶν
1574 2909 1704 2980 περὶ
1731 2907 1864 2963 αὐτὸ

285 3003 600 3075 φερομένων
622 3001 720 3074 τὴν
745 3003 960 3073 κίνησιν
989 3000 1236 3072 ἔστησεν.
1266 2995 1332 3054 Ei-
1351 3001 1409 3056 δὲ
1430 2999 1588 3054 τοῦτό
1609 2999 1862 3072 (1191i)

2015 529 2126 568 esse
2155 513 2427 582 dignitatis
2450 511 2476 563 ?
2503 529 2523 562 ι

2017 739 2143 796 Haec
2168 738 2394 810 quidam
2421 742 2830 805 consequentes
2855 733 3048 798 verba,
3076 731 3426 801 nullamque,
3455 736 3518 784 ut

1946 840 2188 904 oportet,
2216 846 2319 901 pro
2351 829 2543 884 labore
2558 826 2903 897 inquirendae
2923 824 3175 881 veritatis
3203 822 3518 879 mercedem
3591 891 3596 895 υ

1947 924 2305 995 accipientes,
2334 921 2404 976 ad
2427 921 2483 976 id
2518 918 2664 990 quod
2693 918 2853 973 facile
2891 925 2977 973 est
3011 927 3067 972 et
3107 918 3308 971 multas
3354 914 3522 969 habet

1881 1077 1886 1082 ,
1943 1017 2054 1088 jam
2081 1030 2148 1070 ex
2179 1012 2496 1068 Graecorum
2519 1009 2786 1066 doctrinis
2806 1008 3148 1074 occasiones,
3173 1005 3520 1076 confugiunt,

1949 1106 2199 1161 dicentes
2234 1102 2530 1173 quamdam
2568 1099 2885 1164 exstitisse,
2935 1107 2996 1154 ut
3036 1099 3119 1154 eis
3162 1099 3351 1154 visum
3397 1103 3520 1161 est,

1950 1194 2363 1252 rationabilium
2394 1194 2661 1248 unitatem
2689 1231 2704 1256 ,
2748 1204 2848 1259 per
2876 1204 3040 1259 quam
3078 1187 3294 1258 cognati
3333 1203 3526 1242 sumus

1949 1288 2083 1352 Deo,
2115 1286 2572 1354 mansionemque
2592 1283 2649 1336 in
2687 1282 2808 1351 ipso
2844 1280 3188 1335 habebamus
3257 1287 3313 1334 et
3350 1278 3526 1334 collo-

1951 1377 2242 1434 cationem.
2294 1374 2491 1430 Adhuc
2535 1386 2668 1427 vero
2689 1379 2757 1425 .et
2795 1369 3000 1425 factum
3049 1374 3283 1430 motum,
3315 1381 3385 1420 ex
3418 1380 3528 1435 quo

1953 1468 2202 1538 dispersa
2227 1471 2355 1520 sunt
2371 1463 2693 1519 dill‘erenter
2722 1457 3010 1514 rationalia
3026 1456 3094 1510 ad
3115 1454 3528 1526 generationem

1952 1560 2257 1632 corporalis
2284 1559 2458 1629 hujus,
2484 1553 2699 1617 mundi,
2734 1551 2796 1623 (Ι)
2827 1553 3110 1619 Deumque
3135 1562 3371 1602 noscens
3392 1561 3531 1616 prat-

1953 1660 2199 1722 paratam
2226 1648 2478 1720 gratiam,
2518 1645 2690 1715 ligare
2716 1657 2778 1696 ea
2821 1638 3147 1710 corporibus
3177 1637 3234 1690 in
3265 1636 3530 1690 ultionem

1954 1757 2147 1800 eorum
2182 1755 2305 1812 quae
2346 1746 2474 1794 ante
2520 1734 2810 1792 commissa
2846 1741 2996 1796 sunt,
3034 1737 3092 1784 et
3143 1729 3250 1784 hoc
3273 1742 3373 1797 per
3415 1727 3533 1780 haec

1957 1832 2269 1890 insinuasse
2289 1829 2458 1885 verba
2490 1827 2831 1883 arbitrantur
2862 1823 3205 1892 magistrum.
3237 1817 3345 1874 Sed
3374 1818 3531 1888 igno-

1957 1933 2083 1981 rant
2115 1921 2394 1994 quomodo
2418 1916 2781 1989 impossibilia
2809 1920 3121 1984 sequuntur
3164 1921 3222 1966 et
3274 1910 3534 1979 inoppor-

1958 2026 2093 2072 tuna
2113 2011 2558 2076 considerantur,
2602 2008 2746 2064 sicut
2774 2005 3084 2077 procedens
3128 2002 3381 2073 posthac,
3435 1997 3531 2070 (ιη)

1957 2119 2409 2177 consequensque
2440 2119 2504 2158 ac
2558 2117 2691 2157 vera
2747 2096 3078 2169 approbabit
3109 2095 3268 2150 ratio.
3292 2092 3361 2148 *Si
3386 2093 3534 2148 enim

1956 2199 2107 2255 Deus
2161 2194 2524 2252 immutabilis
2553 2200 2658 2256 est,
2707 2197 2904 2259 utputa
2932 2187 3182 2243 omnium
3222 2183 3532 2260 plenitudo,
3623 2220 3636 2228 ς

1961 2305 2124 2346 omne
2154 2297 2339 2343 autem
2360 2285 2507 2357 quod
2532 2300 2600 2340 ex
2626 2299 2737 2338 non
2763 2279 3162 2337 exsistentibus
3177 2293 3300 2332 esse
3333 2274 3537 2344 accipit

1959 2390 2237 2448 movetur,
2275 2379 2478 2436 merito
2516 2376 2585 2433 ad
2630 2372 2926 2446 quamdam
2951 2371 3180 2426 omnino
3205 2369 3382 2424 fertur
3408 2383 3539 2422 cau-

1961 2489 2076 2530 sam
2096 2492 2111 2542 ;
2141 2473 2386 2528 nondum
2404 2485 2538 2526 vero
2558 2467 2704 2539 quod
2727 2473 2980 2522 movetur
2995 2471 3124 2528 stat,
3144 2463 3269 2532 jure
3288 2467 3538 2516 extremo

1963 2564 2034 2620 ad
2060 2563 2304 2634 quietem
2330 2559 2555 2616 virtutis
2595 2565 2776 2623 motae,
2829 2570 2951 2625 quae
2984 2551 3287 2608 secundum
3323 2548 3540 2603 deside.

1962 2655 2107 2709 rium
2137 2663 2244 2717 est,
2280 2650 2521 2705 nondum
2540 2647 2737 2720 largito
2768 2662 2782 2699 :
2813 2644 2951 2699 nihil
2981 2638 3297 2698 enimaliud
3321 2639 3538 2702 sistere,

1961 2743 2111 2817 quod
2143 2743 2319 2798 fertur
2348 2739 2654 2798 secundum
2709 2743 3004 2799 naturam,
3033 2730 3342 2793 consuevit,
3376 2744 3542 2798 quam

1964 2835 2101 2892 illud
2126 2844 2410 2891 ostensum
2438 2851 2452 2887 :
2487 2831 2702 2886 nullum
2726 2828 2913 2896 itaque
2949 2835 3162 2879 motum
3188 2829 3316 2887 stat,
3349 2828 3543 2891 utpote

1964 2927 2270 2983 novissimo
2302 2913 2558 2979 nondum
2581 2919 2834 2976 fortassis
2862 2916 3013 2979 viso,
3063 2913 3325 2985 quoniam
3361 2925 3542 2980 neque

1967 3017 2103 3074 illud
2128 3016 2330 3072 alicubi
2354 3028 2626 3085 apparens
2651 3026 2843 3066 eorum
2870 3025 2992 3080 quae
3019 3009 3169 3062 circa
3197 3022 3254 3060 se
3288 3007 3546 3060 feruntur

287 3111 417 3148 ποτε
451 3094 779 3165 γεγενῆσθαι
812 3093 872 3161 ἐξ
905 3095 1274 3163 ἐπιτάγματος
1297 3091 1604 3157 κελεύουσι,
1639 3092 1734 3146 καὶ
1762 3091 1859 3161 τῆς

1966 3119 2179 3165 motum
2207 3105 2550 3164 stabilitavit.
2584 3103 2642 3160 Si
2678 3111 2862 3157 autem
2901 3101 3008 3155 hoc
3043 3097 3340 3168 aliquando
3375 3096 3546 3151 fuisse

288 3189 346 3242 ἐν
389 3187 468 3258 τῷ
517 3187 732 3259 ἐσχάτῳ
780 3187 876 3242 καὶ
928 3187 1074 3258 μόνῳ
1117 3184 1330 3259 όρεκτῷ
1383 3183 1646 3260 ίδρύσεώς
1674 3200 1734 3237 τε
1768 3184 1865 3238 καὶ

284 3280 457 3350 μονῆς
503 3278 1008 3349 παρακινηθένταπ
1053 3276 1122 3330 τά
1168 3276 1361 3346 λογικὰ
1413 3277 1504 3330 τὸν
1558 3274 1864 3342 σκεδασμὸν

287 3367 500 3435 ἐλαϐεν,
559 3367 648 3421 ἵνα
701 3367 774 3438 μὴ
820 3367 994 3435 λέγων
1043 3365 1336 3438 ἐρεσχελῶ,
1391 3363 1475 3428 τίς
1504 3364 1538 3433 ὴ
1569 3360 1864 3430 ἀπόδειξις,

287 3460 386 3523 τὰς
414 3458 585 3523 αὐτὰς
617 3459 710 3512 ἐπὶ
737 3461 850 3522 τοῖς
876 3460 1062 3522 αὐτοῖς
1092 3458 1180 3512 ἐπ’
1200 3457 1432 3527 ’ἄπειρον
1463 3453 1606 3520 ἕξειν
1622 3454 1670 3488 ’⁸
1690 3454 1759 3507 τὰ
1779 3453 1868 3507 λο-

288 3552 424 3624 γικά
447 3550 862 3623 μετεμπτώσεις
885 3551 943 3618 ἐξ
961 3551 1208 3621 ἀνάγκης
1229 3549 1454 3612 εἰκότως
1477 3546 1863 3619 ὑποϐήσονται.

290 3638 516 3708 Οὖτινος
541 3643 649 3714 γὰρ
681 3643 767 3697 διὰ
795 3643 898 3713 τῆς
927 3642 1126 3712 πείρας
1157 3640 1521 3711 καταφρονεῖν
1549 3637 1697 3705 ἅπαξ
1717 3637 1867 3691 δεδύ-

291 3753 521 3806 νηνται,
574 3736 670 3789 καὶ
719 3736 800 3796 εἰς
844 3733 932 3787 ἀεὶ
975 3732 1299 3803 δυνήσεσθαι
1341 3732 1518 3795 οὐδεὶς
1549 3734 1578 3785 ό
1605 3729 1866 3784 κωλύσων

282 3827 446 3881 ’ἐσται
492 3826 670 3894 λόγος.
731 3823 838 3878 Τοῦ
877 3823 934 3876 δέ
973 3823 1116 3878 οὕτω
1141 3820 1405 3894 φέρεσθαι
1441 3823 1512 3877 τὰ
1543 3819 1738 3891 λογικὰ
1770 3819 1866 3875 καὶ

295 3917 566 3989 μηδεμίαν
613 3918 755 3988 ἔχειν
896 3914 1138 3980 ἐλπίζειν
1186 3914 1342 3984 βάσιν
1370 3911 1724 3984 ’ἀμετάθετον
1769 3910 1868 3981 τῆς

291 4011 352 4063 ἐν
378 4009 457 4080 τῷ
485 4008 638 4078 καλῷ
665 4007 995 4077 παγιότητος
1017 4047 1032 4071 ,
1077 4006 1133 4058 τί
1155 4005 1293 4059 ’ἄλλο
1322 4004 1523 4074 γένοιτ’
1546 4003 1613 4058 ἂν
1637 4001 1868 4057 ἐλεεινό-

291 4113 478 4169 τερονς
537 4098 601 4150 El
629 4096 688 4149 δὲ
715 4095 972 4149 δύνασθαι
1001 4094 1101 4166 μέν
1133 4096 1321 4163 φαῖεν,
1375 4094 1449 4166 μὴ
1479 4092 1761 4164 βούλεσθαι
1786 4092 1866 4156 δὲ,

290 4187 384 4242 διὰ
429 4187 530 4258 τὴν
568 4188 867 4258 γενομένην
910 4181 1122 4257 πεῖραν
1152 4186 1248 4239 τοῦ
1276 4185 1540 4252 ἐναντίου,
1575 4185 1670 4239 κα)⁸
1697 4183 1870 4246 οὕτως

291 4280 357 4334 οὐ
409 4279 476 4332 δι’
507 4279 707 4344 ἑαυτὸ,
765 4277 839 4338 ὡς
888 4276 1052 4330 καλὸν
1069 4277 1158 4341 ⁷⁸,
1215 4276 1350 4332 ἀλλὰ
1397 4275 1485 4330 διὰ
1530 4276 1591 4330 τὸ
1631 4275 1870 4330 ἐναντίον

289 4373 357 4426 τὸ
385 4371 550 4426 καλὸν
585 4373 768 4434 αὐτοῖς
797 4370 950 4424 ἔσται
986 4369 1044 4436 ἐξ
1070 4368 1320 4440 ἀνάγκης
1347 4368 1710 4441 στεργόμενον
1728 4410 1744 4435 ,
1793 4367 1869 4432 ὡς

1964 3215 2033 3256 ex
2065 3206 2343 3271 praecepto
2371 3195 2574 3267 iubent
2601 3234 2615 3259 ,
2651 3201 2710 3248 et
2733 3207 2821 3258 ex,
2853 3191 2910 3245 in
2954 3189 3256 3244 novissimo
3286 3186 3548 3242 videlicet

1963 3300 2020 3348 et
2076 3286 2426 3361 permanenti
2502 3285 2667 3350 dato,
2723 3282 3088 3340 collocatione
3139 3287 3197 3335 et
3257 3278 3547 3334 mansione

1945 3388 2274 3453 ,permotata
2291 3379 2369 3449 (η)
2394 3374 2745 3432 rationabilia
2761 3373 3162 3444 dispersionem
3185 3379 3542 3440 acceperunt,

1966 3483 2028 3530 ut
2053 3489 2163 3528 non
2185 3469 2464 3541 superflua
2495 3468 2696 3532 dicam,
2725 3465 2905 3536 qualis
2935 3463 3284 3535 approbatio,
3321 3462 3546 3517 eosdem

1968 3564 2027 3618 in
2057 3579 2115 3619 se
2150 3561 2283 3631 ipsis
2306 3561 2362 3614 in
2385 3558 2662 3613 infinitum
2690 3556 2940 3612 habitum
2980 3553 3334 3608 rationabilia
3357 3552 3548 3621 lapsus

1970 3669 2040 3708 ex
2069 3649 2400 3706 necessitate
2430 3649 2577 3720 juste
2608 3645 2988 3701 sustinebunt.
3028 3644 3075 3698 Α
3107 3643 3258 3698 nullo
3281 3643 3428 3698 enim
3449 3658 3550 3712 per

1968 3741 2407 3811 experimentum
2432 3735 2733 3808 spernendi
2763 3739 2935 3791 semel
2962 3733 3414 3796 corroborantur,
3448 3748 3546 3786 ηε-

1969 3846 2078 3902 que
2122 3830 2176 3884 in
2224 3837 2494 3883 aeternum
2533 3825 2950 3881 corroboratum
3004 3823 3071 3878 iri
3106 3822 3217 3876 ulla
3247 3821 3549 3892 prohibens

1969 3922 2077 3977 erit
2109 3921 2269 3976 ratio.
2303 3918 2457 3973 Ferri
2513 3931 2646 3972 vero
2694 3916 2776 3971 sic
2817 3913 3169 3970 rationabilia
3196 3953 3210 3978 ,
3249 3920 3307 3968 et
3337 3913 3547 3974 nullam

1970 3983 2176 4067 bab’ere
2225 4008 2314 4063 vel
2360 4007 2634 4078 sperando
2659 4008 2843 4062 basim
2891 4005 3232 4060 immobilem
3293 4004 3350 4058 in
3400 4004 3549 4058 bono

1971 4102 2184 4168 fixurae,
2233 4100 2365 4172 quid
2417 4100 2565 4156 aliud
2611 4098 2768 4155 ﬁeret
2820 4097 3250 4153 miserabilius?
3300 4095 3358 4152 Si
3415 4111 3549 4150 vero

1971 4208 2131 4264 posse
2153 4192 2379 4262 quidem
2414 4191 2675 4254 dixerint,
2714 4188 2862 4245 nolle
2885 4204 3042 4254 vero,
3079 4189 3187 4243 nisi
3222 4204 3320 4258 per
3341 4187 3549 4242 factum

1971 4285 2234 4340 contrarii
2263 4283 2726 4353 experimentum,
2764 4289 2820 4336 et
2849 4280 2929 4334 sic
2967 4295 3078 4334 non
3124 4296 3223 4350 per
3262 4295 3322 4335 se
3367 4281 3548 4349 ipsum

1972 4388 2034 4432 ut
2068 4375 2296 4440 bonum,
2324 4375 2420 4430 sed
2451 4390 2550 4443 per
2586 4371 2952 4436 contrarium,
2979 4371 3087 4426 erit
3119 4372 3200 4426 eis
3229 4371 3436 4425 bonum
3481 4386 3549 4426 ex

294 4465 355 4519 ού
381 4464 542 4534 φύσει
561 4463 602 4534 «ἢ
629 4463 832 4534 κυρίως
859 4463 919 4516 ὃν
943 4461 1193 4534 ἐραστόν.
1221 4463 1334 4516 Πᾶν
1355 4461 1464 4532 γὰρ
1491 4460 1519 4513 ὃ
1542 4460 1617 4532 μὴ
1633 4459 1859 4515 δι’ἐαυτέ

1977 4467 2307 4524 necessitate
2345 4465 2601 4529 amabile,
2646 4463 2926 4534 quomodo
2964 4479 3073 4517 non
3109 4478 3176 4518 ex
3212 4471 3409 4517 natura
3457 4474 3552 4518 aut

296 4556 501 4625 ἀγαθόν
541 4557 655 4610 ἐστι
707 4556 801 4609 καὶ
844 4555 1074 4625 ἐραστὸν
1107 4555 1203 4608 κα)⁸
1229 4554 1410 4626 πάσης
1439 4554 1688 4608 ἑλκτικὸν
1714 4554 1874 4626 κινή-

298 4662 436 4709 σεως
485 4645 546 4698 ού
583 4645 789 4716 κυρίως
839 4645 1022 4700 καλόν.
1077 4645 1189 4700 Καὶ
1238 4644 1327 4698 διὰ
1370 4643 1527 4698 τοῦτο
1577 4643 1698 4697 οὐδὲ
1743 4642 1878 4697 καθ-

298 4739 515 4793 ικτικὸν
545 4738 770 4802 εἰκότως
790 4737 892 4808 τῆς
910 4737 1020 4791 τῶν
1047 4737 1134 4793 ἐπ’
1151 4737 1302 4809 αύτῷ
1319 4737 1594 4808 ἡδομένων
1613 4735 1873 4805 ἐφέσεως,

1973 4559 2218 4630 proprie,
2259 4557 2409 4628 quod
2445 4565 2529 4611 est
2565 4554 2820 4619 amabile,
2857 4561 2960 4608 est.
3003 4552 3182 4609 Omne
3223 4554 3368 4607 enim
3404 4553 3548 4622 quod

1971 4664 2084 4705 non
2111 4663 2210 4718 per
2229 4663 2290 4711 se
2322 4648 2502 4718 ipsum
2526 4646 2735 4701 bonum
2759 4651 2844 4699 est
2869 4651 2925 4698 et
2953 4642 3216 4708 amabile,
3239 4651 3294 4697 et
3327 4657 3548 4696 omnem

1973 4737 2043 4793 ad
2067 4753 2126 4794 se
2152 4753 2265 4793 non
2289 4737 2572 4793 attrahens
2587 4742 2821 4799 motum,
2841 4749 2951 4788 non
2971 4742 3056 4789 est
3076 4735 3298 4804 proprie
3321 4733 3549 4789 bonum.

296 4825 437 4882 ἀλλὰ
486 4829 582 4882 καὶ
630 4828 792 4899 χάριν
837 4827 1022 4890 λοιπὸν
1073 4827 1469 4899 ὁμολογήσαιεν
1507 4825 1574 4882 ἂν
1600 4825 1680 4899 τῷ
1720 4825 1859 4898 κακᾷ

1973 4829 2052 4884 Ac
2067 4844 2167 4901 per
2184 4829 2294 4885 hoc
2310 4844 2491 4900 neque
2507 4828 2746 4884 attrahet
2755 4829 2902 4901 juste
2920 4826 3309 4884 delectantium
3329 4843 3386 4882 se
3410 4826 3556 4881 desi-

1575 4962 1808 5020 VARIE
1856 4964 2264 5022 LECTIONES.

377 5055 427 5089 ⁷³
451 5054 672 5130 εἴχομεν
690 5056 780 5112 ed.
809 5055 934 5113 Gal.
1029 5056 1077 5088 ⁷³
1103 5055 1525 5129 περικινηθέντα
1554 5057 1644 5112 ed.
1669 5057 1792 5114 Gal.
1874 5060 1924 5092 "
1955 5059 2068 5128 ἕξιν
2092 5060 2188 5117 .ed.
2209 5059 2343 5116 Gal.
2423 5061 2470 5093 "
2503 5061 2753 5114 ἐαυτὸιτὸ
2776 5059 2855 5124 ὡς
2898 5059 3062 5114 καλὸν
3106 5058 3198 5115 ed.
3234 5058 3352 5115 Gal.

1778 5189 2014 5248 NOTAE.

374 5279 438 5352 (ι)
471 5279 598 5337 Haec
620 5289 872 5336 nontam
894 5291 1152 5352 corrupta
1172 5297 1340 5352 quam
1372 5298 1483 5337 non
1520 5281 1662 5338 bene
1712 5283 1878 5339 intel-

297 5351 444 5422 lecta
477 5367 508 5404 a
534 5351 722 5416 Scoto,
759 5352 1005 5421 adeoque
1031 5351 1170 5406 male
1197 5351 1466 5422 conversa
1493 5352 1567 5407 ita
1592 5353 1832 5422 reﬁngas
1859 5369 1873 5406 :

299 5420 388 5493 Ea:
413 5437 514 5493 qua
535 5421 834 5492 diﬁereuter
850 5420 1094 5493 dispersa
1121 5421 1437 5493 rationalia,
1473 5423 1551 5493 ad,
1582 5420 1875 5493 procrean-

299 5490 430 5544 dum
457 5490 946 5562 hune'corporalem'
971 5491 1247 5555 mundum,
1274 5492 1441 5546 Deum
1467 5490 1645 5562 videre
1682 5500 1876 5546 conata

297 5570 447 5622 sunt,
469 5575 537 5614 ea
559 5564 624 5614 de
657 5578 821 5614 causa
867 5561 1004 5632 quod
1042 5563 1159 5632 ipsa
1199 5562 1502 5633 corporibus
1541 5561 1777 5633 ligasset,
1820 5563 1877 5614 in

300 5643 488 5685 eorum
521 5647 638 5700 qua:
673 5639 831 5686 antea
860 5631 1208 5702 peccaverunt
1241 5631 1669 5686 vindicationem.

2053 5280 2148 5352 (m)
2179 5279 2365 5354 Verte
2395 5297 2512 5354 cum
2544 5279 3021 5334 verisimilitudine.
3068 5283 3306 5354 Legerat
3353 5285 3554 5344 Scotus

1978 5348 2223 5421 ἐπόντος.
2251 5348 2451 5421 (Gale.)
2524 5418 2536 5421 _
2770 5393 2778 5400 .

2058 5420 2137 5491 (η)
2157 5418 2491 5484 Ρενήιοεατα,
2515 5418 2661 5474 forte
2683 5419 3100 5491 προκινηθέντα.
3119 5421 3219 5475 Hic
3246 5423 3386 5479 nihil
3412 5425 3555 5482 vidit

1977 5490 2236 5562 Ει-ίεεῃε,
2268 5491 2338 5545 Et
2379 5505 2519 5560 pene
2543 5490 2737 5562 omnia
2767 5490 2824 5543 in
2865 5491 2970 5562 hoc
3015 5493 3194 5562 capite
3237 5495 3549 5562 pervertit;

1977 5508 2236 5616 nrigena.
2270 5508 2338 5545 bl.
2379 5508 2519 5560 pene
2543 5508 2729 5544 Omnia
2767 5508 2824 5543 ιιι
2865 5508 2970 5545 noc
3015 5508 3194 5559 capue
3237 5508 3549 5562 pervertit;

1976 5576 2072 5630 qui
2121 5577 2184 5633 us
2215 5571 2396 5633 tamen
2431 5560 2689 5633 notandis
2713 5601 2728 5626 ,
2762 5561 3029 5631 quoniam
3064 5561 3406 5633 plurasunt,
3463 5581 3557 5623 su-

1974 5632 2271 5700 persedeo.
2304 5631 2501 5702 (Gale.)

373 5742 454 5813 (‘2)
493 5743 640 5799 idem
671 5744 803 5836 ibid.
837 5760 958 5816 cap.
991 5748 1042 5812 7,
1073 5761 1128 5817 ρ.
1169 5745 1295 5814 261,
1326 5755 1462 5802 tom.
1493 5747 1544 5813 ΔΙ,
1585 5747 1724 5818 Opp.
1758 5747 1848 5802 ed.
1877 5745 2085 5800 Bened.
