4008 6194
547 268 679 331 1071

1711 268 1769 327 S.
1810 268 2095 328 MAXIMI
2135 265 2644 327 CONFESSORIS

3626 283 3744 353 1072

544 382 785 446 derium,
823 380 917 437 sed
938 391 994 434 et
1023 379 1228 449 gratias
1248 386 1419 434 restat
1448 378 1698 433 conﬁteri
1732 394 1828 434 eos
1848 380 1991 434 malo
2019 379 2108 448 qui

2224 379 2274 430 of
2325 378 2482 432 τοῦτο
2535 378 2890 449 περιέποντες
2943 380 3004 432 τδ
3052 382 3340 455 φρόνημα,
3393 388 3463 453 ὡς
3507 391 3567 445 δι’
3600 398 3738 453 αὑτοῦ

547 474 711 528 talem
730 476 1037 539 sequuntur
1052 468 1402 538 sapientiam,
1419 468 1618 522 merito
1631 483 1731 538 per
1750 468 1950 538 ipsum,
1971 468 2120 538 quod

544 568 889 623 necesseest,
908 559 1209 623 discentes,
1234 560 1289 613 in
1307 558 1455 614 bono
1477 558 1691 633 scilicet
1713 559 1946 612 fixuram
1977 573 2118 627 quo-

540 653 818 726 quomodo
838 652 1042 707 habere
1066 651 1420 721 ptenitentes,
1447 658 1503 706 et
1527 650 1941 721 generationem
1956 651 2028 704 ab
2052 665 2136 729 eo.

540 746 856 802 necessario
879 743 1142 807 dixerint,
1163 741 1436 813 siquidem
1469 742 1694 797 sibimet
1711 742 2116 813 generationem

529 846 794 892 astruere
812 842 1113 896 noverunt,
1147 842 1346 889 natura
1372 834 1488 904 ipsa
1517 833 1820 899 utiliorem,
1837 834 1962 905 jure
1986 833 2115 889 dum

540 934 612 986 sit.
635 929 883 1002 proficua
905 926 1208 984 secundum
1235 943 1429 982 eorum
1453 926 1760 982 doctrinam
1789 934 1847 982 et
1867 928 2116 982 omnium

538 1023 835 1093 pretiosior
851 1019 1148 1091 possessio.
1163 1018 1241 1073 Ex
1253 1019 1525 1075 charitate
1537 1018 1662 1074 dico
1675 1019 2113 1089 generationem,

539 1129 636 1183 per
663 1127 828 1183 quam
862 1109 1188 1165 naturaliter
1223 1110 1391 1176 inest,
1431 1109 1617 1164 omnia
1635 1125 1700 1165 ex
1737 1111 1851 1166 Deo
1882 1109 2023 1165 facta
2059 1110 2114 1164 in

522 1205 707 1258 'Deum
739 1199 1063 1271 congregari
1087 1207 1360 1279 perpetuo
1404 1207 1571 1269 atque
1593 1200 2112 1257 inconversibiliter.

605 1292 676 1346 Et
703 1292 925 1354 iterum,
979 1294 1171 1343 eorum
1220 1303 1344 1358 qua:
1403 1304 1471 1344 ex
1500 1288 1614 1344 Deo
1656 1288 1801 1344 facta
1854 1298 2023 1356 sunt,
2057 1300 2114 1345 et

528 1381 969 1453 intelligibilium
1003 1390 1060 1436 et
1095 1380 1446 1436 sensibilim
1470 1423 1484 1447 ,
1517 1382 1807 1453 generatio
1845 1390 1972 1438 ante
1999 1398 2114 1438 mo-

534 1488 651 1528 tum
681 1473 1029 1544 intelligitur.
1062 1473 1183 1529 Non
1198 1461 1356 1527 'enim
1406 1481 1593 1544 potest
1625 1482 1751 1530 ante
1798 1475 2110 1546 generatio-

532 1582 658 1621 nem
684 1574 867 1620 motus
908 1581 1068 1631 esse;
1107 1580 1301 1620 eorum
1337 1565 1483 1621 enim
1514 1581 1637 1636 quae
1669 1566 1813 1622 facta
1854 1575 1985 1622 sunt
2028 1576 2113 1622 est

533 1668 736 1725 motus,
764 1659 879 1714 sive
926 1658 1361 1730 intelligibilium
1410 1660 1800 1731 intelligibilis,
1833 1661 1953 1716 sive
1978 1676 2109 1716 sen-

2222 468 2283 521 τὸ
2333 469 2452 523 δέον
2506 468 2849 539 διδαχθέντες
2910 473 3005 524 καὶ
3053 474 3150 542 τὴν
3202 477 3260 528 ὲν
3308 479 3382 547 τῷ
3424 483 3558 554 καλῷ
3603 488 3739 559 πῆξιν

2224 560 2340 625 πῶς
2365 561 2511 631 ἔχειν
2540 562 2950 631 μεταμαθὸντες
2980 565 3072 617 καὶ
3097 565 3307 635 γένεσιν
3327 571 3452 626 αὐτὸ
3474 576 3738 646 ἀναγκαίως

2221 653 2428 706 εἴποιεν
2458 654 2524 705 ἂν
2546 694 2561 719 ,
2618 653 2780 725 εἴπερ
2812 656 3025 719 ἑαυτοῖς
3056 662 3285 728 στοιχεῖν
3316 661 3621 734 διέγνωσαν,
3663 674 3740 725 καὶ

2222 743 2319 815 τῆς
2364 744 2582 813 φύσεως
2625 745 2797 817 αὐτῆς
2838 749 3297 818 χρησιμωτέραν,
3346 751 3420 816 ὡς
3453 756 3537 809 τοῦ
3565 762 3737 830 συμφέ-

2222 851 2412 905 ροντος
2451 836 2576 889 κατ’
2596 836 2795 899 αὐτοὺς
2825 832 2991 891 οὖσαν
3017 836 3328 911 διδακτικὴν
3346 883 3360 906 ,
3406 845 3495 898 κα)⁵
3521 847 3602 900 τοῦ
3629 851 3743 903 πάν-

2218 942 2328 979 των
2356 927 2686 998 τιμιωτέρου
2718 930 3020 999 κτήματος,
3048 928 3150 1000 τῆς
3175 932 3394 1004 ἀγάπης
3416 936 3562 1005 λέγω,
3584 955 3737 1012 γενντ.-

2218 1017 2375 1088 τικὴν
2396 1059 2410 1083 ,
2462 1018 2582 1071 καθ’
2610 1019 2676 1089 ἣν
2721 1018 2930 1086 πέφυκε
2978 1020 3154 1074 πάντα
3188 1021 3257 1074 τὰ
3285 1024 3347 1075 ὲκ
3373 1023 3500 1078 Θεοῦ
3524 1030 3740 1098 γινόμενα

2217 1110 2299 1172 εἰς
2350 1108 2482 1161 Θεὸν
2555 1109 2893 1178 συνάγεσθαι
2971 1111 3219 1182 μονίμως
3292 1130 3351 1167 τε
3419 1116 3505 1170 καὶ
3557 1120 3734 1193 ἀπαρα-

2217 1200 2435 1274 τρέπτω
2443 1218 2487 1265 ς.

2287 1292 2399 1345 Καὶ
2448 1289 2610 1345 πάλιν
2633 1333 2649 1359 ,
2706 1293 2816 1347 τῶν
2865 1296 2930 1347 ὲκ
2972 1294 3107 1350 Θεοῦ
3152 1299 3458 1369 γενομένων
3491 1305 3668 1374 νοητῶν
3689 1324 3735 1360 τε

2216 1382 2401 1455 (120
2419 1391 2473 1454 a)
2512 1383 2608 1437 καὶ
2637 1384 2913 1454 αἰσθητῶν
2944 1386 2977 1457 ἡ
3004 1387 3219 1456 γένεσις
3248 1391 3346 1459 τῆς
3368 1393 3613 1462 κινήσεως
3636 1414 3740 1466 προ-

2214 1478 2530 1529 επινοείται.
2568 1477 2643 1530 Οὐ
2689 1477 2796 1549 γὰρ
2846 1472 2957 1531 οἶόν
2990 1496 3051 1532 τε
3101 1480 3212 1548 πρὸ
3240 1481 3499 1549 γενέσεως
3528 1482 3648 1541 εἶναι
3671 1489 3738 1540 κί-

2214 1582 2391 1638 νησιν.
2449 1566 2569 1621 Τῶν
2608 1567 2719 1639 γάρ
2758 1568 3068 1639 γενομένων
3101 1570 3451 1652 ήκίνησις,ἦ
3470 1591 3527 1629 τε
3551 1578 3741 1647 νοητῶν,

2213 1658 2378 1728 νοητὴ
2399 1698 2413 1721 ,
2440 1658 2475 1728 ἦ
2515 1675 2573 1711 τε
2601 1659 2910 1729 αἰσθητῶν,
2944 1660 3198 1734 αἰσθητή.
3239 1663 3407 1719 Οὑδδν
3430 1667 3531 1737 γάρ
3556 1668 3649 1720 τῶν
3668 1686 3744 1736 γε-

528 1751 776 1806 sibilium
807 1751 1088 1806 sensibilis
1123 1767 1137 1804 :
1170 1751 1382 1806 nullum
1406 1752 1554 1806 enim
1587 1767 1779 1807 eorum
1823 1768 1945 1821 qua:
1966 1752 2108 1808 facta

2214 1749 2455 1820 νομένων
2497 1749 2673 1802 ὲστὶτ⁸
2722 1748 2783 1801 τὺ
2825 1752 3089 1822 παράπαν
3136 1733 3220 1823 τῷ
3266 1754 3386 1807 καθ’
3415 1733 3538 1809 αὐτὸ
3555 1755 3592 1787 ⁷⁷
3630 1733 3750 1828 λόγῳ

530 1850 660 1896 sunt
695 1850 781 1897 est
811 1841 1039 1897 omnino
1071 1842 1263 1896 eadem
1288 1842 1501 1898 ratione
1562 1844 1846 1900 immobile
1876 1885 1890 1909 ,
1927 1860 2107 1915 neque

530 1949 725 1988 eorum
755 1934 937 1988 anima
985 1933 1295 1989 carentium
1326 1942 1382 1988 et
1414 1934 1784 1999 sensibilium,
1816 1935 1959 1991 sicut
1987 1944 2107 1991 stu-

531 2023 871 2079 iliosioribus
893 2040 1086 2079 eorum
1117 2041 1240 2094 qua:
1262 2033 1393 2080 sunt
1443 2026 1975 2097 contemplatoribus
2028 2018 2113 2082 vi-l

531 2130 653 2169 sum
697 2122 818 2180 est;
862 2115 1073 2169 moveri
1128 2115 1279 2169 enim
1326 2115 1511 2170 omnia
1551 2115 1813 2171 dixerunt
1854 2127 1951 2172 aut
2008 2133 2108 2189 per

535 2217 739 2261 rectam
787 2205 1015 2272 lineam,
1058 2214 1156 2262 aut
1210 2223 1309 2278 per
1353 2208 1650 2274 circulum,
1710 2218 1805 2264 aut
1856 2210 2103 2281 oblique.

529 2296 722 2352 tlmnis
747 2296 893 2351 enim
945 2304 1131 2351 motus
1180 2297 1421 2368 simplici
1470 2306 1529 2353 et
1587 2299 1895 2370 composito
1927 2300 2106 2355 conti-

533 2398 697 2443 netur
740 2388 927 2444 modo.
978 2388 1035 2443 Si
1096 2405 1230 2461 ergo
1270 2389 1593 2461 intelligitur
1645 2393 1927 2462 generatio
1980 2401 2105 2447 ante

530 2488 739 2536 motum
781 2496 976 2537 eorum
1037 2497 1277 2551 quorum
1324 2490 1450 2546 est,
1500 2482 1797 2553 inspicitur
1858 2483 2107 2554 profecto

528 2588 722 2627 eorum
750 2588 986 2643 quorum
1013 2581 1099 2628 est
1121 2582 1306 2628 motus
1325 2589 1424 2644 per
1449 2574 1889 2646 generationem,
1915 2583 2105 2646 utpote

528 2666 661 2719 dum
714 2665 787 2720 sit
847 2673 971 2734 post
1041 2679 1162 2719 eam
1222 2665 1528 2720 secundum
1584 2666 1861 2722 notitiam.
1917 2667 2107 2723 Talem

528 2767 713 2813 autem
766 2766 972 2812 motum
1042 2756 1302 2811 virtutem
1385 2766 1583 2812 vocant
1651 2759 1959 2813 naturalem
2038 2760 2105 2813 ad

528 2864 690 2906 suum
726 2847 887 2903 finem
922 2847 1292 2911 festinantem,
1318 2845 1390 2918 (ο)
1422 2849 1515 2919 qui
1547 2864 1756 2904 sacram
1791 2849 2106 2905 divinorum

519 2940 690 2996 nobis
747 2939 1148 3016 mysteriorum.
1203 2940 1490 2994 scientiam
1525 2954 1717 2995 'sacre
1781 2939 2104 2997 introduxe-

527 3040 709 3097 runt;
759 3042 854 3086 aut
905 3031 1240 3101 passionem,
1297 3031 1352 3085 id
1403 3039 1487 3086 est
1540 3038 1748 3086 motum
1807 3047 1875 3087 ex
1929 3033 2105 3088 altero

526 3125 839 3180 venientem
888 3123 956 3179 ad
989 3124 1225 3179 alterum
1270 3124 1427 3205 cujus
1474 3122 1597 3179 finis
1651 3132 1736 3179 est
1793 3125 2103 3195 impassibi-

514 3214 675 3279 litas,
713 3221 808 3268 aut
841 3213 1220 3283 operationem
1250 3212 1507 3277 activam,
1546 3215 1704 3286 cujus
1738 3214 1863 3271 finis
1899 3225 1983 3271 est
2005 3232 2104 3287 per

525 3307 769 3374 scipsuzn
815 3303 1104 3375 perfectio.
1138 3304 1383 3360 Nullum
1420 3320 1555 3360 vero
1590 3320 1785 3361 eorum
1817 3321 1939 3376 quze
1961 3306 2105 3375 fa_cta

529 3396 880 3452 suutsuimet
906 3395 1033 3451 linis
1062 3404 1167 3463 est,
1190 3395 1454 3466 quoniam
1475 3411 1655 3467 neque
1686 3397 1771 3451 sui
1798 3412 1965 3452 causa
1990 3404 2102 3464 est‘,

527 3486 775 3557 alioquin
810 3496 865 3541 et
910 3486 1219 3557 ingenitum
1265 3495 1323 3541 et
1380 3502 1577 3541 carens
1615 3487 1893 3557 principio
1933 3495 1989 3542 et
2023 3487 2105 3540 in-

527 3578 914 3633 commotabile
939 3585 1088 3633 esset
1111 3618 1125 3643 ,
1153 3578 1353 3633 merito
1379 3578 1447 3633 ad
1476 3578 1689 3633 nullum
1712 3578 2104 3649 quoquomodo

526 3668 739 3723 habens
775 3668 1027 3731 moveri;
1072 3667 1495 3722 transcenderet
1549 3668 1696 3722 enim
1730 3683 1925 3722 eorum
1975 3683 2098 3738 quae

496 3769 660 3816 -sunt
709 3769 984 3828 naturam,
1020 3768 1212 3831 utpote
1255 3776 1357 3830 pro
1390 3761 1543 3814 nullo
1588 3768 1775 3827 esset;
1821 3759 2099 3830 siquidem

528 3870 660 3909 Vera
688 3853 755 3908 de
787 3854 905 3923 ipso
935 3851 1209 3918 definitio,
1234 3853 1485 3921 quamvis
1514 3852 1713 3917 aliena,
1770 3868 1890 3922 qua:
1918 3851 2055 3906 dicit
2089 3868 2100 3903 :

532 3945 682 4002 Finis
707 3953 793 4000 est
826 3960 928 4017 pro
959 3960 1071 4014 quo
1102 3944 1309 4007 omnia,
1345 3944 1465 4013 ipse
1497 3959 1631 3998 vero
1667 3959 1768 4013 pro
1795 3942 2104 3998 nullorNe—

527 4054 636 4108 quc
672 4052 771 4107 per
794 4051 852 4091 se
878 4035 1145 4106 perfectio
1166 4077 1180 4101 ,
1213 4035 1461 4105 alioquin
1496 4050 1606 4089 non
1641 4034 1953 4089 eﬂiceretur
1978 4034 2104 4105 jure

470 4193 481 4201 .
528 4132 792 4199 plenum;
830 4134 886 4181 et
914 4125 1175 4181 similiter
1196 4135 1253 4180 et
1279 4141 1310 4179 a
1343 4125 1497 4180 nullo
1521 4140 1644 4180 esse
1684 4125 1955 4190 haberet;
2006 4141 2106 4196 per

529 4237 589 4274 se
628 4218 774 4272 enim
818 4216 1143 4288 perfectum,
1187 4215 1653 4286 quemadmodum
1695 4224 1752 4270 et
1797 4215 2100 4270 incausale.

530 4310 720 4379 Neque
756 4307 1192 4380 impassibilitas,
1226 4307 1432 4378 alioqui
1471 4317 1527 4363 et
1563 4306 1639 4380 (p)
1671 4322 1903 4362 manens
1933 4316 1988 4362 et
2021 4307 2104 4361 in-

2210 1838 2492 1909 ἀκίνητον,
2531 1838 2640 1892 οὐδ’
2664 1838 2845 1893 αὐτῶν
2873 1837 2980 1893 τῶν
3009 1839 3237 1912 ἀψύχων
3272 1843 3367 1897 καὶ
3395 1844 3664 1913 αἰσθητῶν,
3688 1849 3750 1909 ὡς

2207 1933 2322 1993 τοϊς
2342 1924 2788 2003 ἐπιμελεστέρως
2810 1930 2917 1983 τῶν
2937 1931 3109 1986 ὄντων
3138 1932 3404 2005 θεάμοσιν
3425 1935 3584 2002 ἔδοξε.
3609 1939 3753 1992 Κινεῖ-

2211 2023 2335 2078 σθαι
2358 2023 2466 2095 γὰρ
2496 2023 2672 2078 πάντα
2697 2024 2926 2093 ἔφασαν,
2962 2023 2994 2094 ἢ
3028 2024 3154 2078 κατ’
3178 2027 3419 2092 εὐθεῖαν,
3454 2028 3486 2100 ἢ
3520 2028 3646 2082 κατά
3671 2028 3754 2081 κύο

2208 2116 2356 2183 κλον,
2391 2116 2425 2187 ἢ
2456 2116 2788 2179 ὲλικοειδῶς.
2825 2117 2984 2170 Πᾶσα
3012 2116 3124 2188 γὰρ
3154 2118 3376 2189 κίνησις
3405 2121 3481 2191 τῷ
3508 2120 3650 2190 ἁπλῷ
3677 2119 3756 2175 καὶ

2206 2205 2284 2276 τῷ
2330 2205 2574 2277 συνθέτῳ
2621 2206 2943 2278 περιέχεται
2979 2209 3191 2281 τρόπῳ.
3253 2213 3319 2265 El
3351 2212 3527 2266 τοίνυν
3558 2229 3756 2284 προεπι-

2208 2300 2409 2353 νοεῖται
2443 2299 2543 2368 τῆς
2577 2291 2654 2353 ὧν
2695 2300 2812 2353 ἐστι
2849 2302 3118 2372 κινήσεως
3147 2303 3182 2373 ἡ
3207 2304 3446 2372 γένεσις,
3476 2303 3760 2374 ἐπιθεωρεῖ-

2206 2408 2296 2447 ται
2338 2391 2404 2463 δὴ
2421 2391 2538 2423 ’Μ’
2590 2391 2690 2460 τῆς
2736 2384 2812 2444 ὧν
2860 2393 2977 2453 ἐστι
3024 2394 3303 2460 γενέσεως
3345 2396 3378 2467 ἡ
3422 2395 3660 2465 κίνησις,
3701 2394 3767 2457 ὼς

2211 2483 2328 2555 μετ’
2348 2482 2520 2553 αὐτὴν
2545 2481 2899 2537 κατεπινοιαν
2932 2479 3084 2538 οὖσα.
3123 2486 3349 2557 Ταύτην
3373 2487 3429 2539 δὲ
3458 2485 3552 2558 τὴν
3579 2486 3767 2554 κίνησιν

2206 2573 2436 2642 δύναμιν
2466 2571 2723 2626 καλοῦσιν
2749 2568 3011 2645 φυσικὴν,
3046 2575 3189 2646 πρὸς
3218 2577 3282 2630 τὸ
3310 2577 3431 2630 κατ’
3455 2575 3616 2647 αὐτὴν
3635 2574 3770 2637 τέλος

2209 2663 2595 2734 ἐπειγομένην,
2633 2662 2667 2734 ἢ
2701 2662 2892 2729 πάθος,
2930 2665 3049 2733 ἦτοι
3076 2659 3323 2737 κίνησιῆ
3358 2667 3420 2731 ὲξ
3443 2666 3621 2737 ἑτέρου
3647 2666 3769 2736 πρὸς

2207 2753 2393 2824 ἔτερον
2418 2753 2735 2823 γινομένην,
2770 2752 2922 2818 τέλος
2950 2753 3182 2825 ἔχουσαν
3217 2756 3282 2810 τὸ
3312 2757 3544 2821 ἀπαθὲς,
3580 2758 3609 2829 ἢ
3638 2757 3772 2827 ἐνέρ-

2209 2868 2366 2921 γειαν
2393 2849 2714 2923 δραστικὴν,
2745 2849 2898 2914 τέλος
2924 2848 3158 2921 ἔχουσαν
3193 2849 3258 2904 τδ
3284 2847 3591 2911 αὐτοτελές.
3624 2847 3772 2900 Οὐδὲν

2207 2942 2264 2997 δὲ
2297 2942 2409 2996 τῶν
2433 2933 2677 3013 γενητῶν
2692 2942 2740 2974 ⁸ο
2781 2938 2972 2995 ἑαυτοῦ
3020 2940 3176 3005 τέλος
3206 2941 3363 2994 ἐστὶν
3390 2978 3407 3005 ,
3460 2939 3636 3008 ἐπειδὴ
3665 2936 3776 2991 οὔτε

2209 3033 2484 3088 αὐταίτιον
2506 3071 2525 3099 ,
2578 3033 2700 3087 ἐπεὶ
2733 3034 2824 3087 καὶ
2854 3032 3118 3103 ἀγένητον
3149 3032 3252 3085 καὶ
3281 3031 3523 3103 ἄναρχον
3555 3030 3643 3083 καὶ
3669 3028 3778 3082 ἀκί-

2208 3142 2401 3197 νητον,
2438 3124 2514 3188 ὡς
2547 3125 2687 3195 πρὸς
2723 3124 2893 3195 μηδὲν
2922 3122 3038 3187 πῶς
3065 3122 3186 3193 ἔχον
3223 3124 3547 3195 κινηθῆναι.
3580 3119 3783 3176 Έκῧαί-

2205 3231 2285 3268 νει
2314 3216 2424 3288 γὰρ
2456 3215 2563 3269 τῶν
2587 3213 2758 3269 ὄντων
2786 3215 2884 3287 τὴν
2914 3215 3101 3285 φύσιν,
3137 3216 3220 3279 ὼς
3245 3215 3470 3278 οὐδενὸς
3500 3214 3680 3268 ἕνεκεν
3708 3210 3782 3275 ὃν,

2205 3309 2366 3378 εἰπερ
2397 3306 2605 3378 ἀληθὴς
2648 3309 2675 3361 ὁ
2710 3309 2839 3379 περὶ
2865 3306 3031 3361 αὑτοῦ
3063 3308 3302 3379 ὁρισμὸς
3323 3348 3341 3373 ,
3391 3306 3498 3362 κᾶν
3527 3304 3788 3375 ἀλλότριος

2205 3395 2239 3472 ᾖ
2269 3401 2297 3453 ὁ
2322 3398 2521 3467 λέγων.
2559 3398 2723 3463 Τέλος
2749 3400 2898 3452 ἐστὶν
2934 3391 2997 3452 οὗ
3026 3398 3220 3453 ἕνεκεν
3253 3399 3325 3453 τὰ
3354 3398 3560 3463 πάντα,
3595 3395 3718 3449 αὖτδ
3740 3393 3788 3446 δὲ

2180 3490 2421 3569 ⁴οὐδενὸς
2466 3490 2677 3545 ἕνεκεν.
2741 3491 2877 3545 Οὐδὲ
2923 3490 3249 3555 αὐτοτελὲς,
3306 3492 3438 3544 ἐπεὶ
3464 3490 3563 3544 καὶ
3588 3486 3790 3556 ἀνενέρ-

2205 3593 2410 3648 γητον,
2466 3578 2542 3640 ὼς
2593 3577 2834 3649 πλῆρες,
2888 3579 2983 3633 καὶ
3027 3579 3301 3645 ὡσαύτως
3349 3579 3451 3634 καὶ
3494 3575 3789 3649 μηδαμόθεν

2205 3667 2265 3719 τὸ
2315 3661 2452 3720 εἶναι
2497 3665 2638 3737 ἔχον.
2695 3668 2769 3721 Τὸ
2798 3667 3085 3732 αὐτοτελὲς
3109 3669 3224 3741 γάρ
3256 3687 3384 3733 πως
3417 3669 3516 3723 καὶ
3544 3666 3787 3721 ἀναίτιον.

2206 3756 2330 3810 Οὐδ’
2352 3756 2581 3823 ἀπαθὲς,
2618 3758 2742 3811 ἐπεὶ
2776 3758 2872 3811 καὶ
2901 3759 3063 3829 μόνον
3097 3759 3192 3813 καὶ
3222 3759 3471 3830 ἄπειρον
3502 3759 3599 3812 καὶ
3617 3753 3791 3835 ἀπερί-

2206 3863 2435 3918 γραφον.
2476 3848 2551 3900 Οὐ
2582 3848 2690 3919 γὰρ
2716 3846 2947 3917 πάσχειν
2973 3848 3183 3917 πέφυκε
3212 3849 3464 3903 καθόλου
3492 3847 3556 3902 τὸ
3579 3844 3789 3910 ἀπαθὲς,

2205 3938 2283 4009 τῷ
2317 3939 2442 4009 μήτ’
2468 3939 2597 4009 ὲρᾷν
2625 3938 2786 3992 ἄλλου
2804 3976 2818 4001 ,
2855 3938 2887 4006 ἢ
2918 3939 3184 3993 κινεῖσθαι
3222 3940 3375 4012 πρὸς
3402 3940 3606 4011 (120
3626 3938 3681 4009 ὁ)
3703 3935 3790 4000 ἆρ-

2206 4028 2267 4083 λο
2293 4045 2344 4080 τι
2379 4030 2497 4082 κατ’
2522 4028 2728 4098 ἔφεσιν.
2786 4028 2951 4082 Οὐδὲν
2981 4029 3089 4100 ἄρα
3130 4030 3244 4083 τῶν
3276 4032 3541 4102 γενητῶν
3557 4030 3604 4064 ⁸⁸
3634 4024 3793 4083 κινού-

2210 4137 2372 4191 μενον
2400 4120 2552 4190 ἔστη.
2587 4121 2662 4183 ὡς
2696 4119 2797 4189 τῆς
2826 4118 3049 4193 πρώτης
3085 4122 3180 4175 καὶ
3213 4115 3402 4194 μόνης
3433 4123 3645 4187 αἰτίας,
3668 4118 3723 4183 ἐξ
3740 4111 3795 4187 ἧς

2205 4213 2267 4266 τὸ
2288 4208 2428 4267 εῖναι
2456 4215 2569 4277 τοῖς
2593 4208 2712 4267 οὖσι
2739 4215 3010 4285 περίεστι,
3041 4214 3210 4284 μήπω
3237 4216 3440 4285 τυχὸν,
3470 4216 3508 4286 ἢ
3537 4213 3634 4267 τοῦ
3656 4208 3799 4281 ὲσχά-

2207 4323 2300 4359 του
2335 4305 2487 4369 ὲντδς
2516 4306 2807 4377 γενόμενον
2835 4305 3083 4377 όρεκτοῢ,
3121 4306 3187 4359 ἵν’
3213 4309 3285 4360 ὲκ
3313 4305 3801 4381 προγεγενημένης

531 4401 751 4457 ﬁnitum
777 4411 833 4457 et
874 4399 1418 4470 incircumscriptum
1458 4410 1625 4455 esset.
1674 4399 1793 4454 Non
1816 4398 1964 4454 enim
1988 4398 2101 4469 pati

2209 4397 2392 4462 ἑνάδος
2444 4399 2473 4451 ό
2515 4397 2623 4451 τῶν
2671 4397 2908 4467 λογικῶν
2964 4397 3280 4469 σκεδασμὸς
3338 4398 3536 4470 ἐαυτῷ
3580 4397 3679 4469 τὴν
3707 4393 3799 4446 τῶν

532 4493 859 4549 naturaliter
906 4492 1094 4558 inest,
1139 4491 1286 4562 quod
1333 4491 1722 4546 universaliter
1767 4490 2105 4560 impassibile

2210 4490 2479 4560 σωμάτων
2509 4488 2723 4558 γένεσιν
2748 4487 3060 4552 ἀκολούθως
3084 4493 3540 4561 συνεισκομίσας
3567 4486 3802 4559 νομισθῇ.

531 4595 638 4649 est,
676 4585 824 4656 quod
873 4600 1055 4655 neque
1089 4595 1306 4640 amatur
1354 4584 1423 4639 ab
1456 4585 1564 4639 alio
1600 4590 1697 4639 aut
1741 4592 1994 4639 movetur
2037 4582 2105 4637 ad

2209 4580 2315 4633 Kal.
2378 4579 2717 4652 μαρτυροῦσι
2772 4579 3015 4649 Μωῡσῆς
3074 4580 3169 4633 καὶ
3228 4582 3417 4636 Δαϐὶδ
3472 4583 3574 4636 καὶ
3613 4578 3803 4638 Παῦλος

532 4677 683 4733 aliud
707 4676 839 4746 quid
865 4692 963 4747 per
990 4692 1258 4732 amorem.
1291 4676 1521 4732 Nullum
1558 4675 1730 4746 igitur
1765 4690 1960 4731 eorum
1984 4691 2107 4746 quae

2209 4671 2254 4722 οἱ
2277 4669 2443 4739 ἅγιοι,
2478 4672 2573 4724 καὶ
2602 4662 2865 4725 ὁτούτων
2889 4672 3169 4743 Δεσπότης
3191 4672 3480 4743 Χριστὸς,
3511 4675 3541 4727 ό
3565 4672 3691 4744 μὲν.
3726 4666 3806 4732 Μὴ

528 4779 791 4840 generata
817 4778 948 4824 sunt
982 4777 1191 4824 motum
1222 4774 1352 4832 stat,
1384 4773 1576 4838 utpote
1615 4766 1849 4836 primam
1890 4774 1948 4821 ct
1990 4781 2108 4820 ma-

2209 4763 2539 4832 γεύσασθαι
2591 4763 2697 4817 τοῦ
2741 4764 2933 4827 ξύλου
2973 4763 3083 4830 τῆς
3137 4761 3299 4830 ζωῆς
3346 4765 3450 4818 τὸν
3499 4762 3811 4835 προπάτορα

531 4871 754 4916 nentem
779 4876 1023 4924 causam,
1067 4876 1137 4914 ex
1160 4874 1268 4928 qua
1301 4872 1423 4913 esse
1467 4856 1555 4912 bis
1598 4872 1721 4926 quae
1769 4864 1901 4911 sunt
1938 4856 2103 4919 inest,

2217 4855 2527 4924 ἱστορήσας,
2565 4855 2658 4908 καὶ
2698 4854 2881 4909 ἄλλοθι
2927 4855 3128 4920 εἰπὼν,
3169 4858 3259 4909 Οὐ
3322 4859 3448 4926 τὰρ
3500 4857 3693 4925 ἢκατε
3720 4855 3813 4914 ἕως

530 4951 780 5006 nondum
809 4948 1309 5020 comprehendens,
1339 4955 1434 5003 aut
1458 4948 1601 5001 intra
1627 4946 1990 5002 novissimum
2023 4946 2105 5000 fa-

2215 4946 2320 5000 τοῦ
2340 4946 2458 5000 νῦν
2471 4949 2557 5011 εις
2578 4948 2695 5016 τὴν
2719 4946 3104 5004 κατάπαυσιν
3119 4947 3216 5002 καὶ
3251 4952 3351 5015 εἰς
3378 4949 3505 5017 τὴν
3535 4953 3811 5019 κληρονο-

533 5050 680 5099 ctum
703 5052 791 5098 est
829 5042 1053 5105 datum,
1104 5049 1200 5095 aut
1245 5056 1312 5098 ex
1354 5039 1722 5110 primogenita
1763 5039 1974 5094 unitate
2015 5054 2105 5093 ra-

2209 5040 2376 5108 μὰιν,
2403 5036 2484 5105 ἣν
2504 5039 2720 5106 Κύριος
2744 5041 2778 5092 ὁ
2797 5037 2944 5103 Θεὸς
2964 5038 3131 5108 ἡμῶν
3146 5037 3427 5094 δίδωσιν
3461 5041 3638 5112 ὑμῖν.
3672 5041 3730 5092 '0
3751 5035 3817 5096 ὁὲν

485 5133 495 5196 ἒ
1822 5151 2049 5209 vuum
2082 5151 2488 5209 LECTIONES.

485 5216 494 5265 ν
630 5250 676 5332 ’ξ
695 5250 812 5375 to?
852 5249 1083 5375 Edical.
1150 5250 1193 5282 7"
1224 5246 1373 5319 αὐτῷ
1398 5246 1486 5303 ed.
1513 5246 1633 5303 Gal.
1701 5246 1819 5278 "'7’
1847 5245 2054 5317 Scripsi
2085 5246 2149 5317 δὴ
2170 5262 2278 5317 pro
2304 5246 2380 5310 δὲ,
2416 5244 2562 5315 quod
2591 5241 2677 5301 est
2709 5245 2764 5300 in
2787 5244 2911 5300 cod.
2943 5244 3087 5301 Gud.
3120 5252 3174 5300 et
3201 5243 3266 5299 in
3303 5248 3409 5303 ed.
3437 5247 3568 5335 Gal.
3640 5246 3687 5279 ”
3715 5260 3810 5313 γεν-

537 5335 762 5375 νητωνθ
808 5360 820 5373 .
904 5336 933 5375 a
964 5362 977 5375 .

570 5336 713 5390 ητων
732 5335 820 5375 ea.
855 5335 977 5375 uat.

2012 5430 2238 5487 ΝΟΤᾹΞ.

611 5532 686 5603 (ρ)
716 5529 1224 5603 Quisacram_—_—_-
1255 5527 1665 5603 introduxerunt
1717 5524 2111 5603 desiderantur
2375 5533 2684 5603 sequuntur
2725 5530 2856 5603 sunt
2889 5521 3211 5577 obscuriora
3266 5521 3331 5577 in
3396 5522 3633 5580 Latinis
3679 5531 3826 5594 quam

542 5592 833 5658 in‘G'rae'cis
864 5609 973 5656 tam
998 5599 1086 5655 ed.
1120 5597 1238 5654 Gal.
1275 5613 1440 5666 quam
1465 5596 1589 5651 cod.
1613 5596 1758 5651 Gud.
1992 5664 2000 5666 _
2220 5594 2276 5647 in
2306 5593 2530 5650 Grmcis.
2568 5592 2765 5663 (Gale.)

560 5746 563 5749 _
618 5670 830 5742 (p)lmo
855 5686 1019 5724 unum
1056 5668 1247 5723 solum.
1279 5664 1348 5722 Et
1396 5682 1521 5722 mox
1563 5667 1790 5736 primam
1840 5674 1887 5719 ct
1918 5664 2109 5718 solum.
