4008 6194
306 243 443 312 1073

1538 246 2057 311 AMBIGUORUM
2097 224 2357 313 LIBER.

3418 192 3553 310 ωτι

303 360 797 430 Χορτασθήσομιιι
813 358 981 427 ,βοῶν
995 362 1066 417 ἐν
1084 360 1160 427 τῷ
1174 360 1431 430 ὀφθῆναί
1442 377 1542 430 μοι
1565 359 1678 428 τὴν
1691 358 1880 424 δόξαν

1994 358 2338 417 tionabilium
2367 377 2587 432 sparsor
2641 361 2865 424 sibimet
2913 373 3204 429 corporum
3247 358 3557 430 generatio-

305 471 442 510 aov'
462 456 578 519 καὶ,
594 455 918 525 Ἑδίψησεν
938 457 976 524 ή
999 455 1169 525 ψυχή
1182 472 1300 523 μου
1315 453 1466 523 πρὸς
1484 454 1592 507 τὸν
1612 451 1762 507 Θεὸν
1776 452 1883 505 τὸν

305 546 563 615 ισχηρὸν
589 543 695 601 τὸν
733 544 938 611 ζῶντα,
961 548 1105 601 πότε
1135 546 1262 615 ἥξω
1289 544 1389 600 καὶ
1425 540 1769 614 ὀφθήσομαι
1801 541 1883 607 τῷ

308 636 609 705 προσώπῳ
648 638 756 693 τὸν
782 640 950 693 Geor.
986 640 1046 691 '0
1081 638 1139 692 δὲ
1179 636 1566 703 Φιλιππησίοις
1605 634 1705 706 μὲν
1749 634 1884 704 γρά-

310 745 448 797 φων,
479 728 548 783 El
568 745 688 797 πως
721 730 1076 797 καταντήσω
1093 733 1179 797 εις
1203 730 1319 798 τὴν
1338 727 1752 795 ἐξανάστασιν
1767 723 1885 778 τῶν

309 836 378 874 νε
386 820 561 888 κρῶν,
578 823 691 891 οὐχ
707 822 797 876 ὅτι
809 822 927 893 ἤδη
940 822 1210 891 ἔλαϐονῆ
1226 822 1341 892 ἤδη
1355 820 1730 889 τετελείωμαι
1740 815 1886 882 ,διώ-

312 928 398 964 κω
415 911 484 965 δὲ
510 911 567 965 ει
594 929 662 982 γε
683 906 1016 976 καταλάϐω,
1051 914 1146 984 ἐφ’
1165 908 1214 981 ᾧ
1244 913 1340 970 καὶ
1360 911 1748 981 κατελήφθην
1765 907 1885 964 ὑπὸ

324 1003 524 1070 Ἰησοῦ
543 1004 824 1072 Χριστοῦ.
853 1004 1129 1075 Ἑϐραίοις
1148 1005 1227 1072 δὲ,
1266 1006 1319 1058 '0
1346 1005 1456 1075 γὰρ
1484 1002 1776 1058 εἰσελθὼν
1800 1003 1887 1067 είς

314 1093 828 1161 τὴνκατάπαυσιν
840 1096 1029 1151 αὐτοῦ
1047 1096 1147 1151 καί
1162 1096 1344 1162 αὐτὸς
1363 1095 1747 1149 κατέπαυσεν
1768 1093 1884 1148 ἀπὸ

316 1181 435 1236 τῶν
461 1183 652 1253 ἔργων
673 1187 880 1250 αὐτοῦ,
903 1185 1108 1255 ὥσπερ
1142 1185 1262 1242 ἀπὸ
1288 1185 1408 1241 τῶν
1439 1187 1622 1251 ἰδίων,
1654 1189 1687 1240 ὀ
1721 1185 1884 1249 Bede.

318 1273 429 1327 Καὶ
459 1274 621 1330 πάλιν
653 1276 711 1329 ἐν
738 1280 804 1349 τῇ
832 1267 977 1350 ἀὐτῇ
1006 1278 1292 1350 Ἐπιστολῇ
1326 1277 1532 1349 μηδένα
1554 1276 1907 1348 κομίσασθαι.

315 1362 415 1421 τὰς
466 1365 802 1433 ἐπαγγελίας
863 1368 1362 1439 διαϐεϐαιούμενος.
1425 1370 1486 1424 ὐ
1544 1368 1636 1431 δὲ,
1712 1368 1908 1443 Δεῦτε.

317 1455 465 1519 πρός
477 1470 573 1522 με,
598 1454 821 1523 πάντες
844 1460 900 1511 οἱ
921 1458 1248 1526 κοπιῶντες
1278 1460 1375 1514 καὶ
1406 1459 1887 1530 πεφορτισμένοι,

317 1543 481 1610 κάγὼ
524 1545 861 1604 ἀναπαύσω
901 1548 1077 1620 ὑμᾶς.
1121 1550 1288 1605 Οὔπω
1329 1547 1424 1606 οὗν
1462 1550 1711 1622 οὐδαμῶς
1737 1552 1890 1605 οὐδὲν

315 1632 427 1685 τῶν
473 1636 959 1709 γενητῶν³¹-⁸¹τὴν
971 1640 1207 1713 φυσικὴν
1239 1641 1468 1713 δύναμιν
1512 1643 1649 1713 πρὸς
1679 1641 1739 1695 rb
1770 1641 1889 1695 κατ’

317 1722 489 1796 αὐτὴν
515 1726 668 1791 τέλος
698 1730 1025 1800 κινουμένην
1050 1731 1299 1802 ἔστησεν,
1337 1733 1459 1786 οὐδὲ
1485 1734 1581 1802 τῆς
1609 1730 1891 1803 ἐνεργείας

312 1814 594 1870 ἐπαύσατο
635 1818 715 1890 τῷ
756 1821 877 1873 κατ’
901 1822 1070 1893 αὐτὴν
1113 1812 1256 1877 τέλει
1304 1827 1661 1896 προσερεῖσαν
1698 1822 1887 1893 αὐτὴν,

316 1904 438 1957 οὐδὲ
472 1906 567 1960 τοῦ
605 1908 848 1979 (121α)
887 1912 1028 1966 κατὰ
1058 1913 1281 1991 κίνησιν,
1319 1914 1523 1981 πάθους
1554 1917 1647 1970 τὸν
1678 1916 1889 1992 καρπὸν

317 1995 614 2066 ἐδρέψατο,
666 1999 728 2054 rb
773 2001 1013 2070 ἀπαθὲς,
1063 2004 1242 2083 φημὶ,
1304 2006 1398 2060 καὶ
1452 2008 1728 2078 ἀκίνητον.
1778 2007 1890 2062 Μό-

315 2104 412 2143 νου
447 2089 557 2162 γὰρ
599 2091 737 2145 Θεοῦ
779 2093 840 2146 rb
871 2094 1024 2158 τέλος
1052 2092 1191 2150 εἷναι
1239 2097 1333 2151 καὶ
1364 2098 1426 2151 rb
1456 2098 1658 2154 τέλειον
1703 2100 1796 2154 καὶ
1828 2100 1890 2155 rb

315 2173 524 2238 ἀπαθὲς
544 2213 560 2237 ,
618 2177 694 2241 ὡς
729 2179 989 2252 ἀκινήτου
1042 2183 1136 2236 καὶ
1169 2183 1409 2257 πλήρους
1438 2187 1540 2241 -καὶ
1569 2187 1886 2256 ἀπαθοῦς⁸³,

314 2265 427 2318 τῶν
456 2268 701 2339 γενητῶν
715 2269 763 2303 ⁸⁸
786 2271 845 2324 δὲ
882 2272 943 2326 rb
972 2275 1106 2345 πρὸς
1134 2275 1286 2355 τέλος
1321 2278 1554 2350 ἄναρχον
1580 2280 1891 2351 κινηθῆναι,

316 2357 413 2409 καὶ
443 2358 633 2430 ἀπόσῳ
669 2361 860 2432 τελείῳ
897 2361 1043 2417 τέλει
1071 2364 1117 2397 ⁸⁸
1175 2364 1379 2422 παῦσαι
1436 2369 1536 2440 τὴν
1584 2369 1886 2439 ἐνέργειαν,

318 2448 414 2499 καὶ
448 2448 663 2516 παθεῖν,
695 2452 811 2505 ἀλλ’
843 2454 944 2508 οὐκ
966 2451 1107 2510 εἶναι
1134 2457 1166 2529 ἢ
1222 2457 1474 2526 γενέσθαι
1528 2460 1646 2512 κατ’
1702 2460 1890 2514 οὐσίαν

316 2535 379 2587 rb
410 2534 600 2590 ἄποιον
625 2553 639 2567 ·
686 2541 796 2595 πᾶν
823 2540 934 2612 γὰρ
957 2545 1184 2615 γενητὸν
1215 2546 1307 2599 καὶ
1346 2546 1563 2605 κτιστδν
1590 2548 1688 2601 οὐκ
1725 2548 1889 2618 ἄσχε-

317 2642 410 2679 τον
434 2627 696 2699 δηλονότι.
728 2630 1102 2705 Εὐγνωμόνως
1127 2637 1184 2691 δὲ
1212 2638 1305 2691 τοῦ
1330 2639 1536 2702 πάθους
1563 2640 1854 2694 ἀκουστέον
1872 2657 1887 2673 ο

319 2718 382 2769 οὐ
404 2719 514 2790 γὰρ
547 2720 607 2774 τὸ
636 2726 777 2777 κατὰ
799 2727 1009 2797 τροπὴν
1039 2727 1072 2798 ἢ
1105 2727 1313 2799 φθορὰν
1340 2729 1622 2800 δυνάμεως
1657 2730 1890 2785 ἐνταῦθα

317 2808 573 2879 δηλοῦται
630 2815 822 2881 πάθος,
879 2818 1014 2873 ἀλλὰ
1074 2819 1134 2872 rb
1191 2821 1349 2889 φύσει
1404 2824 1746 2894 συνυπάρχον
1779 2826 1892 2888 τοῖς

317 2897 458 2956 οὖσι.
488 2904 672 2959 Πάντα
712 2909 821 2979 γὰρ
856 2910 957 2964 ὅσα
1001 2911 1191 2980 γέγονε
1225 2914 1425 2984 πάσχει
1492 2913 1552 2967 rb
1600 2915 1888 2980 κινεῖσθαι,

318 2993 394 3057 ὡς
426 2996 501 3065 μὴ
533 2996 664 3053 ὅντα
689 3000 1037 3073 αὐτοκίνησις
1086 3004 1118 3075 ἢ
1180 3000 1556 3077 αὐτοδύναμιςζ
1609 3008 1674 3061 Εἰ
1713 3008 1893 3063 τοίνυν

318 3087 525 3157 γενητὰ
576 3089 810 3161 ὑπάρχει
856 3092 926 3146 τὰ
975 3093 1169 3163 λογικά
1227 3096 1321 3150 καὶ
1376 3100 1607 3152 κινεῖται
1651 3099 1891 3168 πάντως,

316 3178 393 3241 ὡς
414 3179 472 3246 ἐξ
504 3180 678 3252 ἀρχῆς
706 3183 848 3237 κατὰ
884 3185 1044 3255 φύσιν
1093 3188 1182 3241 διὰ
1227 3188 1288 3241 rb
1342 3185 1504 3258 εἶναι,
1554 3190 1691 3261 πρὸς
1741 3191 1895 3257 τέλος

320 3271 463 3324 κατὰ
514 3272 742 3345 γνώμην
767 3275 858 3329 διὰ
892 3278 953 3331 τὸ
993 3273 1052 3332 εὖ
1084 3275 1223 3333 εἶναι
1252 3279 1564 3351 κινούμενα.
1594 3281 1760 3346 Τέλος
1786 3282 1897 3353 γὰρ

319 3362 420 3430 τῆς
453 3364 561 3417 τῶν
583 3368 917 3438 κινουμένων
947 3371 1216 3442 κινήσεως
1256 3371 1387 3424 αὐτὸ
1443 3374 1506 3425 rb
1555 3373 1615 3426 ἐν
1670 3371 1750 3445 τῷ
1808 3375 1895 3428 ἀεὶ

319 3451 383 3505 εὖ
423 3448 564 3507 εἶναί
605 3458 777 3521 ἐστιν,
812 3457 1002 3531 ὥσπερ
1033 3463 1128 3515 καὶ
1171 3461 1315 3533 ἀρχὴ
1343 3462 1475 3516 αὐτὸ
1497 3464 1558 3517 τὸ
1588 3460 1728 3519 εἶναι
1757 3467 1895 3537 ὅπερ

320 3544 475 3631 ἐστὶν
502 3548 531 3600 b
570 3546 721 3612 Θεὸς,
751 3552 779 3604 ὁ
813 3552 906 3605 καὶ
934 3550 1029 3604 τοῦ
1062 3547 1199 3606 εἶναι
1237 3555 1401 3627 δοτὴρ
1429 3556 1522 3610 καὶ
1553 3555 1648 3610 τοῦ
1671 3552 1728 3611 εὖ
1753 3553 1896 3611 εἶναι

320 3632 657 3701 χαριστικδς,
696 3635 772 3699 ὡς
808 3637 952 3709 ἀρχὴ
1003 3641 1097 3693 xui.
1128 3641 1279 3706 τέλος
1314 3660 1327 3673 θ
1381 3642 1441 3708 ἐξ
1469 3643 1634 3699 αὐτοῦ
1666 3645 1896 3718 γὰρκαὶ

320 3720 382 3784 rb
417 3722 612 3788 ἅπλῶς
656 3728 924 3783 κινεῖσθαι
979 3732 1147 3802 ἡμᾶς,
1201 3733 1277 3797 ὡς
1334 3735 1529 3806 ἀρχῆς,
1565 3737 1661 3790 καὶ
1690 3737 1751 3790 rb
1778 3738 1897 3802 πῶς

321 3817 587 3869 κινεῖσθαι
641 3819 778 3888 πρὸς
825 3821 990 3875 αὐτὸν
1019 3824 1094 3886 ὼς
1120 3824 1273 3888 τέλος
1301 3826 1469 3881 ἐστίν.
1495 3828 1559 3881 Ei
1581 3828 1640 3882 δὲ
1665 3833 1895 3885 κινεῖται

320 3906 599 3977 ἀναλόγως
624 3909 805 3981 ἐαυτῷ
833 3912 1036 3985 νοερῶς
1063 3914 1124 3968 rb
1151 3915 1355 3987 νοερὸν,
1389 3919 1482 3970 καὶ
1507 3920 1621 3972 νοεῖ
1645 3920 1860 3983 πάντως
1879 3936 1893 3951 ⁸

321 3995 450 4051 εἰδὲ
475 4002 603 4063 νοεῖ,
625 4000 721 4055 καὶ
745 4003 847 4074 ἐρᾷ
873 4004 1088 4069 πάντως
1122 4006 1218 4060 τοῦ
1249 4009 1533 4079 νοηθέντος
1566 4026 1581 4040 ·
1613 4013 1661 4064 εί
1692 4011 1737 4065 δ’
1772 4014 1893 4085 ἐρᾷ,

320 4088 418 4141 καὶ
459 4089 656 4161 πάσχει
708 4094 926 4160 πάντως
955 4097 1054 4167 τῆν
1085 4099 1221 4169 πρὸς
1259 4101 1391 4155 αὐτὸ
1435 4101 1512 4166 ὡς
1566 4103 1794 4175 ἐραστδν
1850 4106 1896 4139 ⁸⁸

321 4177 581 4236 ἔκστασιν
610 4199 626 4217 ο
662 4186 712 4238 εί
740 4185 796 4239 δὲ
845 4188 1068 4258 πάσχει,
1125 4190 1367 4260 δηλονότι
1420 4192 1516 4247 καὶ
1570 4194 1850 4265 ἐπείγεται
1878 4213 1894 4227 ’

322 4274 373 4325 εί
417 4272 474 4326 δὲ
520 4275 819 4345 ἐπείγεται,
870 4278 965 4333 καὶ
1010 4282 1269 4337 ἐπιτείνει
1330 4286 1550 4349 πάντως
1579 4286 1639 4339 rb
1667 4287 1896 4359 σφοδρὸν

1919 3052 1964 3112 C

1988 468 2114 507 nem
2171 462 2579 524 consequenter
2639 461 2904 523 coeptans
2955 450 3256 505 arbitratus
3315 456 3419 503 est.
3488 449 3558 502 Et

1986 544 2361 598 testimonium
2393 544 2693 615 perhibent
2725 544 2939 616 Moyses
2970 556 3026 597 et
3054 541 3226 596 David
3258 549 3313 593 et
3350 539 3556 593 Paulus

1985 636 2183 700 sancti,
2231 643 2288 690 et
2327 652 2521 691 eorum
2553 637 2820 692 Dominus
2851 634 3124 691 Christus.
3174 633 3389 704 Moyses
3433 630 3559 699 qui-

1985 726 2109 781 dem
2145 744 2158 780 :
2189 727 2265 781 Ne
2286 736 2462 798 gustet
2491 746 2553 783 ex
2586 728 2727 800 ligno
2760 730 2882 783 vita:
2907 728 2936 767 ι’
2965 770 2979 793 ,
3005 726 3247 797 primum
3270 729 3559 794 parentem

1986 816 2329 881 describens,
2360 826 2416 871 et
2446 818 2580 872 alibi
2612 818 2804 873 dicens
2830 835 2842 870 :
2879 816 2999 871 Non
3028 818 3170 870 enim
3215 814 3428 869 venistis
3470 830 3560 865 us-

1987 924 2086 974 que
2117 925 2255 962 nunc
2286 909 2343 962 in
2372 911 2600 979 quietem
2628 918 2677 963 et
2706 911 2761 963 in
2812 910 3193 972 Ittereditatem,
3245 923 3407 978 quam
3452 904 3560 957 Do—

1990 1000 2163 1053 minus
2198 998 2336 1053 Deus
2363 1008 2534 1053 vester
2587 999 2733 1053 dabit
2771 1000 2909 1055 vobis
2938 1010 2988 1054 °.
3032 998 3207 1054 David
3246 1012 3380 1052 vero
3414 1013 3428 1050 :
3460 993 3565 1050 See

1991 1091 2159 1147 tiabor
2192 1091 2455 1159 clamans,
2485 1091 2613 1146 dum
2637 1092 2950 1163 apparuerit
2996 1091 3123 1144 mihi
3156 1089 3327 1160 gloria
3371 1094 3465 1140 tua
3493 1083 3560 1151 d;

1988 1191 2045 1238 et
2085 1199 2100 1237 :
2134 1180 2312 1237 Sitivit
2347 1183 2529 1237 anima
2560 1200 2677 1237 mea
2713 1182 2783 1235 ad
2827 1180 2996 1235 Deum
3040 1179 3227 1249 fortem
3266 1178 3521 1231 viventem
3545 1191 3569 1228 τ

1989 1275 2202 1346 quando
2256 1276 2461 1329 veniam
2499 1284 2549 1328 et
2603 1273 2867 1346 apparebo
2908 1271 3076 1349 vultui
3109 1271 3204 1325 Dei
3240 1269 3315 1322 εἳ
3362 1268 3579 1322 Paulus.

1990 1382 2211 1437 quoque
2238 1365 2687 1437 Philippensibus
2706 1365 2933 1436 quidem
2955 1363 3235 1419 scribens:
3268 1359 3326 1416 Si
3350 1376 3570 1431 quomo-

1991 1455 2057 1509 do
2083 1471 2357 1509 occurram
2387 1456 2443 1509 in
2486 1455 2947 1520 resurrectionem,
2975 1469 3092 1523 qua:
3114 1458 3189 1505 est
3218 1466 3281 1504 ex
3305 1450 3524 1503 mortuis
3548 1465 3576 1513 ;~

1994 1563 2099 1600 non
2124 1546 2262 1617 quod
2276 1548 2397 1617 jam
2429 1547 2739 1617 acceperim,
2765 1552 2858 1599 aut
2869 1545 2991 1614 jam
3019 1543 3280 1613 perfectus
3307 1542 3405 1595 sim
3430 1558 3447 1605 ;
3475 1556 3568 1594 ex-

1993 1646 2167 1711 specto
2202 1654 2323 1693 vero
2355 1640 2400 1693 si
2434 1638 2568 1710 forte
2606 1635 3047 1708 comprehendam
3092 1635 3147 1687 in
3184 1648 3286 1703 quo
3330 1641 3380 1685 et
3424 1647 3570 1687 com-

1998 1733 2282 1802 prehensus
2311 1747 2429 1785 sum
2477 1730 2541 1784 ab
2576 1728 2705 1784 Jesu
2755 1727 2964 1784 Christo
2996 1726 3040 1781 τ.
3102 1723 3350 1780 Iiebrteis
3389 1722 3520 1778 item
3552 1739 3565 1774 :

1998 1819 2113 1890 Ipse
2150 1821 2289 1891 enim
2320 1822 2527 1874 intrans
2549 1820 2605 1872 in
2638 1818 2869 1888 requiem
2900 1834 3076 1881 suam,
3122 1824 3180 1879 ,et
3227 1815 3337 1885 ipse
3376 1812 3571 1884 quievit

1997 1917 2061 1970 ab
2091 1914 2330 1986 operibus
2352 1914 2483 1980 suis,
2512 1912 2719 1968 velutia
2757 1912 2985 1985 propriis
3009 1911 3147 1967 Deus
3182 1911 3228 1964 ⁸.
3264 1908 3333 1963 Et
3365 1908 3569 1961 iterum

1998 2009 2052 2063 in
2092 2006 2285 2061 eadem
2314 1991 2560 2074 Epistola
2584 2004 2861 2060 neminem
2886 2001 3207 2074 pervenisse
3236 2000 3302 2054 ad
3331 1998 3537 2069 promis
3556 2027 3569 2037 -

1996 2099 2181 2154 siones
2213 2097 2467 2151 afﬁrmat.
2502 2095 2759 2151 Christus
2792 2110 2961 2150 vero:
3006 2093 3188 2149 Venite
3213 2092 3282 2146 ad
3312 2107 3412 2154 me,
3456 2080 3570 2144 out-

1997 2208 2086 2246 nes
2119 2190 2421 2244 laborantes
2451 2196 2500 2242 et
2532 2188 2780 2253 onerati,
2830 2194 2880 2240 et
2916 2203 3009 2257 ego
3052 2187 3314 2257 quiescere
3359 2198 3447 2235 vos
3485 2182 3571 2250 la»

1996 2284 2200 2338 ciamh.
2230 2280 2484 2338 Nondum
2519 2292 2651 2353 ergo
2679 2280 2792 2335 ullo
2828 2278 2991 2334 modo
3017 2279 3188 2333 ullum
3224 2290 3415 2331 eorum
3452 2281 3593 2343 quze'

1996 2370 2137 2427 facta
2181 2379 2312 2427 sunt
2341 2372 2648 2426 naturalem
2694 2370 2957 2425 virtutem
3014 2368 3083 2423 ad
3147 2367 3310 2421 ﬁnem
3367 2373 3571 2418 motam

1996 2463 2369 2526 stabilitavit,
2419 2479 2600 2533 neque
2664 2461 3043 2532 operationem
3097 2459 3388 2531 quiescere
3445 2455 3574 2511 fecit

1999 2554 2074 2627 (q)
2138 2554 2569 2610 contendentem
2640 2570 2699 2609 se
2782 2568 2883 2607 suo
2960 2551 3067 2606 ﬁne
3101 2592 3115 2617 ,
3183 2564 3365 2620 neque
3446 2562 3575 2617 pas-

1997 2643 2171 2699 sionis
2195 2659 2318 2714 quae
2345 2642 2650 2698 secundum
2695 2649 2906 2696 motum
2943 2648 3029 2696 est
3050 2640 3295 2694 fructum
3316 2636 3569 2695 messuit,

1999 2734 2498 2805 impassibilitatem
2543 2734 2669 2790 dico
2714 2742 2771 2790 et
2810 2731 3336 2795 immutabilitatem.
3388 2727 3581 2782 Solius

1997 2830 2145 2885 enim
2166 2828 2263 2883 Dei
2287 2836 2372 2883 est
2391 2826 2518 2881 ﬁnis
2549 2842 2692 2893 esse,
2722 2834 2779 2882 et
2810 2824 3075 2895 perfectio
3104 2833 3162 2879 et
3217 2819 3573 2891 impassibili-

1999 2930 2081 2976 tas
2125 2938 2137 2974 :
2171 2934 2369 2975 eorum
2403 2935 2538 2975 vero
2561 2934 2685 2990 qua:
2712 2919 2852 2974 facta
2884 2908 3044 2983 sunt,
3071 2916 3140 2971 ad
3172 2915 3337 2974 ﬁnem
3368 2912 3577 2983 princi-

1998 3009 2091 3079 pio
2121 3018 2401 3065 carentem
2427 3009 2640 3065 moveri
2666 3018 2723 3064 et
2752 3024 2784 3063 a
2810 3016 2964 3064 tanto
2994 3007 3242 3079 perfecto
3277 3005 3385 3059 ﬁne
3416 3002 3573 3073 quie-

1997 3110 2107 3157 tam
2148 3101 2333 3158 facere
2362 3102 2765 3173 operationem,
2799 3109 2856 3158 et
2876 3100 3015 3172 pati,
3049 3098 3145 3155 sed
3172 3115 3283 3155 non
3314 3111 3457 3160 esse,
3478 3103 3603 3169 autﬂ

1995 3210 2109 3249 non
2139 3194 2260 3249 ﬂeri
2289 3195 2593 3250 secundum
2629 3192 2926 3251 essentiam
2960 3208 3072 3248 non
3105 3199 3192 3248 est
3218 3189 3288 3263 (r)
3333 3188 3577 3244 delecta-

1996 3286 2128 3341 bile.
2161 3285 2334 3342 Omne
2365 3286 2514 3342 enim
2536 3285 2743 3341 factum
2766 3293 2823 3341 et
2845 3290 3091 3340 ereatum
3114 3297 3224 3338 non
3244 3281 3579 3335 immensum

1998 3375 2283 3446 profecto;
2336 3375 2571 3430 ﬁdeliter
2616 3383 2799 3430 autem
2832 3371 3077 3444 passioni
3126 3369 3574 3426 auscultandum.
3632 3378 3637 3383 '

1995 3465 2116 3520 Non
2145 3465 2294 3520 enim
2318 3479 2383 3520 ea
2412 3480 2534 3534 quae
2558 3464 2864 3520 secundum
2907 3462 3329 3518 conversionem
3366 3469 3422 3515 et
3451 3474 3575 3514 cor-

1997 3555 2313 3626 ruptionem
2345 3554 2570 3616 virtutis
2603 3563 2688 3609 est
2717 3554 2811 3608 hic
2861 3553 3174 3608 declaratur
3207 3549 3412 3621 passio,
3479 3547 3574 3602 sed

1996 3663 2061 3703 ea
2101 3662 2223 3718 quae
2264 3662 2366 3718 per
2412 3655 2667 3701 naturam
2710 3644 2966 3700 subsistit
3000 3644 3055 3698 in
3100 3643 3189 3698 his
3236 3658 3359 3713 qua:
3410 3649 3573 3705 sunt;

1996 3739 2181 3795 omnia
2198 3739 2345 3794 enim
2364 3753 2709 3809 quaecunque
2732 3736 2874 3792 facta
2897 3735 3322 3805 suntpatiuntur
3339 3734 3572 3797 moveri,

1997 3832 2141 3887 sicut
2188 3846 2255 3886 ea
2309 3846 2432 3901 quae
2477 3845 2587 3884 non
2620 3838 2751 3884 sunt
2801 3844 2904 3899 per
2933 3842 2992 3882 se
3026 3827 3441 3897 ipsum-motus,
3479 3836 3575 3880 aut

1996 3910 2098 3997 pe‘r
2120 3939 2179 3981 se
2213 3925 2604 3996 ipsam-virtus
2627 3932 2776 3979 sunt.
2810 3923 2866 3978 Si
2912 3937 3043 3993 ergo
3073 3935 3195 3991 qua:
3236 3918 3417 3991 genita
3445 3927 3575 3973 sunt

1998 4016 2349 4072 rationabilis
2390 4016 2724 4081 subsistunt,
2773 4016 3002 4070 omnino
3031 4014 3199 4070 etiam
3257 4019 3570 4071 moventur.

1996 4118 2189 4179 utpote
2229 4126 2297 4165 ex
2328 4108 2606 4178 principio
2645 4107 2950 4163 secundum
2990 4115 3244 4160 naturam
3287 4119 3387 4174 per
3428 4117 3571 4166 esse,

1997 4200 2065 4255 ad
2097 4201 2284 4263 ﬁnem,
2330 4199 2636 4255 secundum
2688 4198 3063 4269 cognitionem
3119 4213 3217 4265 per
3266 4196 3407 4249 bene
3452 4210 3575 4248 esse

1996 4301 2181 4358 mota;
2219 4292 2345 4346 ﬁnis
2365 4291 2513 4346 enim
2549 4306 2744 4345 eorum
2779 4304 2903 4359 qum
2927 4296 3222 4343 moventur
3257 4297 3440 4342 motus
3490 4285 3561 4354 ips

320 4365 422 4435 τῆς
461 4368 728 4437 κινήσεως
757 4387 772 4402 ο
814 4372 861 4424 εί
908 4372 965 4425 δέ
1024 4375 1285 4429 ἐπιτείνει
1334 4377 1583 4451 σφοδρῶς
1611 4381 1711 4450 τὴν
1739 4382 1891 4453 κίνη-

1997 4401 2118 4441 sum
2146 4384 2198 4438 in
2222 4399 2290 4438 eo
2325 4382 2472 4453 quod
2507 4374 2724 4451 semper
2749 4390 2832 4435 est
2861 4380 3000 4435 bene
3032 4394 3155 4434 esse
3185 4385 3299 4444 est;
3346 4378 3493 4433 sicut
3520 4387 3577 4431 et

318 4473 427 4548 σιν,
480 4458 579 4529 οὐχ
636 4460 850 4516 ἵσταται
904 4466 1097 4535 μέχρις
1150 4467 1216 4521 ἂν
1263 4470 1487 4540 γένηται
1540 4472 1662 4525 ὅλον
1707 4474 1765 4527 ἐν
1813 4476 1891 4545 τῷ

2000 4476 2335 4548 principium
2363 4481 2447 4529 est
2470 4474 2648 4543 ipsum
2669 4487 2811 4536 esse,
2843 4472 2990 4541 quod
3020 4471 3244 4541 quidem
3289 4478 3375 4524 cst
3406 4469 3573 4530 Deus,

238 4552 243 4561 '
320 4547 537 4619 ὲραστῷ
569 4551 676 4621 ὅλῳ
731 4555 823 4606 καὶ
846 4554 890 4585 ⁸⁷
927 4557 1018 4624 ὑφ’
1048 4558 1170 4611 ὅλου
1227 4559 1408 4630 (12],
1441 4563 1493 4631 b)
1548 4564 1890 4637 περιληφθῇ,

319 4637 583 4703 ἑκουσίως
607 4641 728 4694 ὅλον
774 4646 918 4698 κατὰ
973 4648 1303 4719 προαίρεσιν·
1345 4652 1443 4722 τὴν
1492 4655 1760 4725 σωτήριον
1807 4674 1928 4712 πει.

322 4733 598 4803 ριγραςρὴν
617 4735 927 4806 δεχόμενον,
977 4740 1042 4792 ἵν’
1099 4742 1218 4795 ὅλον
1257 4742 1365 4813 ὅλῳ
1419 4745 1624 4817 ποιωθῇ
1671 4748 1747 4818 τῷ
1795 4767 1893 4803 πε-

323 4824 663 4892 ριγράνξρντι,
691 4827 765 4891 ὡς
801 4831 923 4901 μηδ’
953 4832 1089 4895 ὅλως
1129 4833 1311 4886 λοιπὸν
1344 4835 1628 4905 βούλεσθαι
1681 4839 1739 4905 ἐξ
1775 4840 1895 4893 ἑαυ-

398 4961 428 5002 δ
459 4962 598 5017 Gen.
634 4981 692 5027 ιι,
729 4966 813 5021 17.

323 5030 353 5070 ιι
392 5031 592 5119 Matth.
617 5050 692 5099 ιι,
717 5037 806 5092 28.

892 4979 913 5005 α
944 4969 1104 5024 Deut.
1130 4986 1224 5035 xu,
1253 4972 1303 5025 9.
1384 4976 1408 5010 α
1437 4972 1578 5027 Psal.
1619 4990 1705 5028 xw
1734 5016 1747 5038 ,
1768 4974 1842 5029 l5.
1926 4987 1946 5015 ε
1980 4975 2123 5030 Psal.
2163 4991 2244 5028 xu
2277 5016 2287 5037 ,
2317 4973 2372 5026 '2.

2003 4569 2096 4639 qui
2122 4576 2177 4623 et
2211 4583 2332 4623 esse
2355 4566 2449 4621 dat
2477 4575 2534 4621 et
2559 4565 2700 4620 bene
2730 4580 2852 4619 esse
2880 4564 3072 4628 donat,
3095 4565 3216 4635 jure
3239 4560 3573 4639 principium

2002 4670 2059 4715 et
2090 4659 2248 4725 ﬁnis;
2272 4673 2338 4713 ex
2369 4656 2490 4726 ipso
2512 4656 2660 4710 enim
2691 4664 2747 4709 et
2800 4655 3050 4713 absolute
3078 4653 3286 4709 moveri
3315 4667 3416 4705 nos
3450 4658 3509 4704 ut
3543 4665 3578 4710 a

2002 4749 2300 4821 principio,
2318 4757 2374 4802 et
2394 4747 2786 4818 quoquomodo
2802 4747 3013 4803 moveri
3030 4747 3096 4801 ad
3114 4762 3193 4811 se,
3215 4753 3275 4799 ut
3294 4744 3361 4798 ad
3385 4743 3574 4806 ﬁnem,

2003 4851 2107 4895 est.
2150 4840 2206 4894 Si
2262 4848 2445 4895 autem
2490 4848 2748 4895 movetur
2794 4837 3298 4894 corrationabiliter
3352 4834 3577 4890 sibimet

2496 4972 2513 5011 ί
2545 4972 2784 5043 Philipp.
2822 4988 2901 5037 ιη,
2950 4973 3039 5026 ιι.
3117 4980 3145 5019 ι
3176 4971 3344 5027 Hebr.
3378 4986 3454 5035 Iv,
3486 4970 3573 5024 10.

1568 5133 1796 5189 VARI/ﬁ
1834 5135 2242 5192 LECTIONES.

495 5221 771 5299 γεννητῶν
793 5222 880 5277 ed.
918 5222 1036 5299 Gal.
1134 5223 1183 5299 δή
1213 5223 1491 5299 Verbarb;
1520 5255 1589 5266 --
1611 5257 1680 5299 τ-
1700 5259 1771 5299 -ν
1796 5228 2041 5290 ἀπαθοῦς
2075 5244 2184 5282 non
2218 5228 2498 5299 transtulit
2521 5227 2735 5299 Scotus.
2769 5227 2925 5283 Unde
2953 5228 3263 5299 exemplum
3306 5245 3416 5298 quo
3441 5245 3575 5285 usus

322 5297 408 5370 est
439 5290 797 5370 eguisseeis
826 5293 1010 5370 uerbis
1037 5296 1308 5370 suspicor.
1342 5293 1678 5370 Δ[³⁵Αγενητῶν
1709 5298 1813 5370 alia
1857 5315 2054 5370 manus
2091 5299 2334 5370 correxit
2361 5298 2424 5370 iu
2457 5298 2581 5370 cod.
2616 5298 2912 5370 Gud.,_qui
2936 5314 2966 5353 a
3006 5315 3090 5369 pr.
3114 5290 3196 5352 'm.
3228 5290 3395 5354 habet
3418 5317 3573 5365 κινη-

320 5359 452 5444 τῶν.
479 5359 581 5444 Ed.
614 5360 732 5444 Gal:
766 5362 931 5444 habet
962 5359 1282 5444 ~{syvnfr7§._
1341 5364 1387 5395 ⁸⁵
1415 5359 1686 5436 Corrupte
1716 5368 1805 5422 ed.
1837 5369 1982 5433 Gal.,
2016 5377 2075 5421 ut
2108 5369 2161 5422 in
2216 5368 2426 5433 multis,
2490 5368 2598 5422 ἀπὺ
2625 5372 2701 5444 τῷ
2735 5359 2945 5439 τελείῳ.
3008 5359 3081 5401 ’⁸⁸
3116 5370 3311 5440 ἐρατὸν
3336 5368 3424 5424 ed.
3454 5359 3572 5427 Gal.

1823 5506 2054 5562 ΝθΤιΕ.

321 5426 368 5460 ⁸⁷
397 5431 456 5482 ἐν
484 5430 590 5501 ὅλῳ
618 5431 694 5503 τῷ
712 5432 926 5503 ἐραστῷ
956 5426 1048 5487 διαὶ
1071 5426 1160 5489 ed.
1188 5435 1304 5490 Gal.

392 5594 467 5672 (ᾳ)
506 5597 691 5672 Yoluit
716 5598 918 5672 dixisse
972 5602 1137 5670 ipsam
1172 5602 1221 5655 in
1249 5620 1343 5655 suo
1367 5603 1472 5671 [ine
1494 5603 1741 5672 deﬁgens.
1781 5600 1975 5667 (Cale)

396 5666 465 5728 ir)
499 5668 686 5723 ἄποιον
712 5700 780 5709 --
824 5670 935 5724 sine
980 5666 1248 5733 aﬂ‘crtionc
1278 5666 1565 5735 ad'aliud:
1598 5666 1860 5727 immune.
1908 5672 2105 5741 (Cale,
