4008 6194
493 252 632 327 1075
664 316 666 318 ,

1651 273 1711 332 S.
1746 273 2032 335 MAXIMI
2071 274 2582 342 CONFESSORIS
3409 339 3422 353 .
3594 286 3724 354 1076

494 376 942 435 intellectualiter
971 377 1367 446 intellectuale,
1399 379 1625 436 omnino
1645 381 1810 436 etiam
1856 379 2067 436 intelli-

2168 382 2263 454 τοῦ
2325 385 2458 440 αὐτὸ
2514 388 2694 442 ἐκεῖνο
2748 389 2870 445 ὅλον
2927 391 3289 464 γνωρίζεσθαι
3347 393 3595 448 δύνασθαι
3665 398 3723 451 τὸ

488 470 610 541 git:
644 473 690 526 si
743 483 926 529 autem
974 473 1261 544 intelligit,
1314 474 1539 528 omnino
1582 482 1731 529 amat
1773 473 1920 544 quod
1979 473 2064 528 in-

491 560 712 631 telligit;
733 562 778 616 si
797 570 963 628 amat,
985 562 1192 633 patitur
1214 564 1440 620 omnino
1459 565 1527 620 ad
1555 565 1732 634 ipsum
1751 575 1812 620 ut
1827 565 2063 621 amabile

486 667 809 719 excessum;
845 653 890 708 si
925 663 1112 711 autem
1133 656 1365 726 patitur,
1396 656 1645 727 profecto
1693 657 1858 712 etiam
1905 656 2061 711 festi-

486 747 583 792 nat
631 757 645 793 :
699 741 747 794 si
802 741 1044 810 festinat,
1085 745 1312 801 omnino
1336 746 1502 802 etiam
1541 746 1780 801 intendit
1817 745 2061 800 validum

485 837 732 896 motum;
759 833 804 886 si
827 845 1011 889 autem
1038 837 1276 892 intendit
1296 838 1542 892 validum
1567 847 1799 903 motum,
1824 853 1935 892 non
1953 845 2063 892 stat

485 939 776 995 quousque
812 925 906 981 ﬁat
937 936 1112 983 totum
1140 929 1196 982 in
1226 938 1341 984 toto
1379 941 1582 995 amato,
1607 937 1664 986 et
1708 946 1739 985 a
1768 937 1883 984 toto
1907 944 2061 984 com-

487 1016 871 1083 prehendatur
893 1035 907 1083 ;
927 1018 1170 1074 libenter
1193 1028 1374 1075 totum.
1386 1019 1692 1074 secundum
1717 1019 2060 1074 voluntatem

488 1105 784 1160 salutarem
807 1107 1088 1178 accipiens
1118 1109 1711 1180 circumscriptionem,
1766 1117 1828 1164 ut
1885 1116 2060 1165 totum

485 1196 756 1253 afficiatur
790 1199 1304 1259 circumseribente.
1354 1209 1415 1255 ut
1445 1200 1586 1255 nihil
1621 1200 1849 1255 omnino
1890 1207 2062 1255 restet

483 1289 625 1343 velle
647 1305 714 1342 ex
740 1305 798 1344 se
827 1290 967 1360 ipso,
987 1306 1044 1345 se
1073 1290 1250 1360 ipsum
1274 1300 1446 1346 totum
1475 1307 1806 1362 cognoscere
1828 1291 2062 1346 valendo

485 1381 989 1452 circumscriptum,
1024 1385 1120 1440 sed
1151 1385 1769 1450 ex.circumscrihentc;
1801 1384 1945 1439 sicut
1968 1398 2064 1439 aer

484 1487 585 1542 per
605 1480 777 1527 totum
812 1473 1404 1542 illuminatuslumine,
1424 1485 1482 1532 et
1504 1477 1628 1546 igne
1658 1475 1865 1530 ferrum
1883 1483 2062 1530 totum

485 1571 603 1618 toto
634 1564 1014 1633 liquefactum,
1048 1567 1158 1635 {aut
1184 1567 1230 1622 si
1260 1567 1394 1636 quid
1422 1567 1572 1622 aliud
1610 1567 1802 1621 talium
1836 1575 1939 1622 est.
1981 1567 2062 1622 Ex

485 1656 692 1725 quibus
741 1658 1080 1726 spcculative
1108 1659 1374 1724 futuram,
1433 1658 1529 1713 sed
1561 1673 1671 1713 non
1717 1660 1828 1729 jam
1860 1657 2060 1713 factam

2168 479 2670 548 περιγραφόμενον,
2721 481 2838 559 ἀλλ’
2887 483 2953 538 ἐκ
3005 483 3100 539 τοῦ
3159 485 3616 557 περιγράφοντος·
3648 489 3722 552 ὡς

2164 567 2274 638 ἀὴρ
2310 568 2379 622 δι’
2417 569 2544 624 ὅλου
2575 574 2991 645 πεφωτισμένος
3022 577 3183 646 φωτὶ,
3214 576 3307 630 καὶ
3336 577 3467 648 πυρὶ
3496 577 3717 648 σίδηρος.

2165 660 2286 724 ὅλος
2313 662 2418 732 ὅλῳ
2442 667 2966 736 πεπυρακτωμένος,
2997 668 3031 736 ἢ
3058 669 3111 722 εἴ
3136 685 3190 722 τι
3242 667 3369 723 ἀλλο
3404 668 3510 722 τῶν
3555 669 3721 722 τοιού-

2162 767 2272 803 των
2301 751 2470 807 ἐστίν.
2509 753 2600 819 Ἐξ
2620 749 2694 808 ὧν
2718 757 3090 826 στοχαπικῶς
3113 758 3210 830 τὴν
3232 758 3512 829 ἐσομένην,
3533 758 3640 812 ἀλλ’
3662 759 3719 812 οὐ

2163 841 2262 912 τὴν
2312 845 2690 916 γεγενημένην
2745 849 2840 901 καὶ
2900 849 3378 921 παραφθαρεῖσαν,
3405 853 3513 914 τοῖς
3561 849 3720 916 ἀξίοις

2163 932 2264 1002 τῆς
2284 933 2618 1006 ἀγαθότητος
2651 938 3091 1023 μετουσίαν-κατ’
3124 941 3368 994 εἰκασίαν
3402 941 3558 1012 μόνον
3581 941 3716 1009 λαμ·

2165 1023 2422 1094 σάνομεν,
2451 1025 2641 1098 ἐπειδὴ
2666 1027 2761 1081 καὶ¹
2787 1029 2928 1100 ὑπὲρ
2957 1029 3144 1113 ταῦτα’
3177 1031 3360 1085 πάντα·
3402 1031 3470 1084 τὰ
3518 1029 3716 1094 ἐλπιζό-

2168 1116 2307 1186 μενά
2362 1116 2532 1184 ἐστιν,
2579 1117 2656 1182 ὡς
2702 1118 2880 1188 ὅψεως
2915 1120 3043 1174 ὅντα
3073 1120 3215 1176 κατά
3241 1121 3304 1175 τὸ
3332 1121 3710 1193 γεγραμμένον,

2164 1207 2261 1261 καὶ
2288 1207 2458 1274 ἀκοῆς
2491 1210 2586 1264 καὶ
2617 1209 2856 1273 διανοίας
2903 1209 3179 1265 ἐπέκεινα.
3230 1211 3340 1266 Καὶ
3385 1210 3538 1265 τοῦτό
3579 1211 3715 1262 ἐστιν

2165 1301 2295 1365 ἴσως
2323 1302 2356 1372 ἡ
2389 1300 2638 1372 ὑποταγὴ
2693 1303 2761 1374 ἢν
2809 1304 2837 1356 ὅ
2888 1301 3034 1368 θεῖος
3088 1303 3406 1367 Ἀπόστολός
3467 1319 3595 1373 φησι
3647 1301 3715 1372 τῷ

2165 1391 2343 1463 Πατρὶ
2385 1392 2478 1446 τὸν
2532 1393 2668 1447 Υἱὺν
2714 1393 3062 1457 ὑποτάσσειν,
3113 1394 3242 1458 τοὺς
3294 1394 3550 1456 ἑκουσίως
3575 1393 3714 1462 δεχο-

2167 1481 2364 1552 μένους
2387 1482 2449 1535 τὺ
2481 1482 2906 1549 ὑποτάσσεσθαι,
2937 1483 3056 1555 μεθ’
3082 1485 3168 1555 ἢν,
3199 1485 3233 1556 ἢ
3263 1483 3328 1536 δι’
3353 1485 3438 1554 ἢν,
3467 1484 3522 1536 Ὁ
3545 1485 3715 1552 ἐσχα-

2164 1586 2268 1635 τος
2299 1569 2515 1640 ἐχθρὸς
2551 1572 2928 1641 καταργεῖται
2983 1575 3017 1628 d
3069 1572 3344 1640 θάνατος,
3393 1574 3467 1635 ὡς
3511 1573 3600 1626 τοῦ
3642 1574 3715 1641 ἐφ’

2165 1661 2504 1731 ἡμῖν,.ήγουν
2528 1660 2622 1715 τοῦ
2645 1661 3014 1728 αὑτεξουσίου,
3042 1661 3110 1716 δι’
3130 1654 3191 1715 οὗ
3221 1662 3354 1733 πρὸς
3379 1663 3522 1733 ἡμᾶς
3549 1660 3718 1715 ποιού-

485 1756 544 1802 et
563 1749 628 1818 (δ)
662 1748 1036 1818 incorruptam
1063 1749 1242 1820 dignis
1265 1750 1532 1806 bonitatis
1582 1750 2062 1819 participationem

2168 1768 2328 1822 μενος
2351 1750 2450 1822 τὴν
2477 1750 2684 1805 εἴσοδον
2719 1751 2990 1824 ἐπεκύρου
3020 1753 3142 1807 καθ’
3173 1751 3345 1824 ἡμῶν
3373 1753 3434 1805 τδ
3465 1754 3559 1824 τῆς
3599 1752 3720 1821 φθο-

484 1850 584 1904 per
606 1836 1030 1893 similitudinem
1053 1839 1401 1895 solummodo
1433 1839 1736 1909 accipimus
1759 1856 1774 1905 ;
1795 1839 2058 1909 quoniam

483 1935 540 1982 et
568 1943 734 1999 super
760 1931 946 1985 Omnia
961 1931 1079 1986 haec
1096 1940 1225 1986 sunt
1253 1946 1374 2002 quae
1392 1931 1667 2001 speranda
1681 1940 1831 1998 sunt,
1860 1930 2062 1987 merito

484 2019 615 2074 dum
650 2021 760 2076 sint
779 2037 990 2077 summa
1012 2023 1266 2086 visionis,
1299 2025 1440 2079 sicut
1463 2024 1730 2094 scriptum
1753 2031 1856 2089 est,
1883 2031 1940 2077 et
1961 2039 2061 2077 au-

484 2109 636 2167 ditus
668 2120 724 2167 et
783 2113 1126 2182 intellectus;
1159 2124 1216 2170 et
1240 2116 1346 2171 hoc
1371 2115 1563 2185 utique
1597 2124 1681 2170 est
1706 2115 1823 2185 ipsa
1854 2114 2066 2184 subjec-

483 2203 584 2270 tio,
606 2202 666 2274 (t)
690 2221 856 2275 quam
881 2205 1104 2261 divinus
1134 2206 1427 2276 Apostolus
1447 2207 1522 2262 ait
1540 2205 1688 2260 Patri
1709 2204 1909 2259 Filium
1933 2205 2064 2260 sub-

483 2295 758 2367 iecturum
781 2297 920 2364 fore,
951 2298 1259 2354 voluntarie
1293 2299 1569 2368 accepturi
1599 2297 1877 2368 subjecws
1915 2312 2059 2363 esse,

483 2394 610 2456 post
634 2402 797 2457 quam
824 2395 881 2442 et
909 2403 1007 2457 per
1027 2405 1190 2458 quam
1214 2389 1496 2443 novissima
1522 2389 1735 2442 inimica
1763 2387 2062 2441 destruetur

486 2495 626 2532 mors
655 2479 698 2544 ⁸,
735 2487 925 2549 utpote
950 2481 1325 2550 corruptionis
1372 2479 1643 2550 potentia,
1674 2495 1772 2550 per
1797 2495 1961 2550 quam
1992 2480 2061 2534 ad

483 2586 588 2626 nos
622 2571 752 2626 fecit
800 2571 1092 2626 introitum
1145 2572 1290 2641 (ipso
1323 2571 1382 2626 in
1405 2570 1587 2635 nobis,
1616 2572 1711 2641 qui
1742 2586 1840 2641 per
1869 2585 1927 2626 se
1959 2586 2062 2641 po-

407 2672 414 2680 ‘
485 2668 609 2717 tens
623 2671 728 2728 est,
745 2663 1035 2732 adiuvante
1048 2663 1350 2717 secundum
1363 2661 1483 2733 nos)
1494 2703 1507 2728 ,
1519 2663 1828 2718 voluntarie
1845 2663 2064 2717 univer-

487 2753 676 2808 saliter
692 2754 805 2808 Deo
827 2754 904 2824 (ιι)
925 2755 1189 2823 implente
1210 2765 1266 2808 et
1282 2753 1423 2809 bene
1443 2763 1706 2824 regnante
1723 2755 1870 2824 quod
1887 2755 1956 2825 (v)
1978 2770 2064 2810 re-

485 2841 584 2912 git,
617 2843 791 2896 otium
834 2843 1065 2913 agendo,
1104 2858 1172 2897 ne
1208 2843 1340 2912 quid
1370 2843 1502 2897 velit
1535 2852 1734 2912 prater
1763 2844 1912 2912 quod
1946 2845 2064 2899 vult

484 2936 664 3001 Deus;
690 2936 834 2991 sicut
848 2936 978 2990 alibi
999 2936 1075 2989 ait
1094 2935 1212 3006 ipse
1233 2935 1288 2988 in
1307 2951 1364 2990 se
1383 2935 1504 3005 ipso
1528 2935 1770 2990 formans
1793 2936 1939 3005 quod
1959 2951 2062 2990 no-

486 3035 662 3081 strum
690 3026 1039 3082 estSalvator
1058 3026 1127 3081 ad
1156 3027 1404 3081 Patrem:
1426 3026 1792 3081 Verumtamen
1813 3043 1917 3080 non
1931 3028 2064 3080 sicut
2089 3061 2134 3122 ο

487 3135 580 3190 ego
600 3120 736 3186 volo,
763 3121 853 3174 sed
882 3122 1015 3174 sicut
1045 3126 1101 3172 tu
1126 3117 1140 3168 ἱ
1173 3135 1190 3174 :
1221 3127 1276 3175 et
1297 3127 1421 3189 post
1446 3134 1572 3174 eum
1601 3119 1824 3174 divinus
1867 3135 1931 3174 ac
1959 3119 2065 3173 mi-

485 3212 678 3267 rabilis
702 3213 906 3268 Paulus
939 3211 1109 3268 veluti
1147 3226 1206 3267 se
1243 3212 1421 3282 ipsum
1453 3226 1661 3282 negans
1695 3219 1751 3266 et
1786 3211 2065 3281 propriam

485 3302 689 3357 habere
736 3304 847 3373 jam
904 3303 1072 3359 vitam
1114 3302 1406 3358 nesciens:
1437 3302 1559 3357 Vivo
1593 3311 1769 3357 autem
1785 3303 1908 3373 jam
1960 3318 2067 3356 non

486 3407 599 3462 ego,
627 3393 750 3446 vivit
779 3408 899 3446 vero
930 3393 984 3446 in
1019 3407 1100 3446 me
1132 3389 1367 3446 Christus
1403 3389 1450 3443 ιι.
1486 3389 1608 3445 Non
1645 3389 1949 3444 conturbet.
1967 3404 2068 3445 vos

485 3482 634 3552 quod
667 3482 877 3539 dictum
905 3492 992 3538 est
1026 3501 1040 3534 :
1078 3497 1190 3538 non
1245 3483 1394 3538 enim
1445 3481 1778 3537 ablationem
1828 3481 2068 3552 proprias

486 3575 747 3644 potentiae
783 3575 902 3630 ﬁeri
938 3574 1086 3640 dico,
1137 3573 1234 3629 sed
1280 3573 1612 3644 positionem
1647 3573 1820 3644 magis
1863 3589 2065 3630 secun-

487 3665 620 3721 dum
655 3674 910 3720 naturam
942 3665 1102 3720 ﬁxam
1133 3673 1190 3720 et
1222 3664 1644 3730 immutabilem,
1675 3664 1730 3719 id
1758 3673 1843 3720 est
1873 3681 2066 3723 exces-

487 3773 609 3810 sum
641 3757 1093 3822 intellectualem,
1115 3765 1176 3809 ut
1204 3756 1349 3810 unde
1373 3755 1535 3810 nobis
1564 3754 1814 3810 subsistit
1839 3771 1982 3822 esse,
2010 3766 2070 3813 et

486 3849 697 3905 moveri
751 3849 1000 3919 accipere
1049 3849 1452 3914 desideremus,
1497 3847 1648 3902 velut
1691 3847 1928 3918 imagine
1975 3864 2066 3904 re-

489 3941 694 3998 deunte
719 3941 786 3995 ad
818 3940 1135 4011 principale
1157 3939 1470 4008 exemplum
1497 3947 1554 3993 et
1588 3938 1732 4008 signi
1771 3938 1944 3995 iustar
1969 3955 2068 4009 per

486 4033 717 4104 ﬁguram
753 4033 898 4088 bene
932 4031 1202 4101 eompaeti
1239 4029 1529 4100 principali
1566 4029 1776 4097 formae,
1809 4041 1866 4086 et
1898 4031 2066 4086 alior«

489 4139 614 4179 sum
647 4123 780 4179 ferri
813 4139 992 4193 neque
1017 4121 1257 4176 habente
1280 4121 1348 4175 de
1375 4129 1574 4176 caetero
1597 4136 1778 4192 neque
1807 4121 2023 4178 valente
2051 4139 2064 4176 :

389 4273 395 4282 ,
488 4231 559 4270 an
592 4213 837 4285 apertius
873 4213 1170 4269 dicendum
1219 4222 1276 4270 et
1309 4213 1516 4278 verius,
1564 4229 1743 4284 neque
1776 4229 1937 4284 posse
1968 4229 2067 4269 vo-

489 4307 658 4374 lente,
693 4305 892 4360 merito
925 4305 1112 4362 divina
1145 4313 1373 4376 accepta
1399 4304 1745 4375 operatione,
1777 4305 1950 4376 magis
1974 4321 2069 4360 au-

2165 1843 2266 1913 ρᾶς
2298 1842 2522 1913 κράτος,
2551 1839 2818 1908 ἑκουσίως
2852 1843 2974 1898 καθ’
3005 1843 3128 1897 ὅλου
3173 1842 3574 1915 ἐκχωρηθέντος
3613 1841 3721 1913 Θεῷ

2164 1933 2260 1988 καὶ
2291 1932 2470 1997 καλῶς
2495 1932 2874 2003 βασιλεύοντος
2907 1934 2969 1987 τὸ
3008 1933 3408 2004 βασιλεύεσθαι,
3442 1932 3518 2004 τῷ
3544 1934 3722 2001 ἀργεῖν

2163 2024 2259 2079 τοῦ
2287 2042 2342 2078 τι
2397 2025 2600 2080 ἐθέλειν
2649 2025 2782 2098 παρ’
2831 2027 2864 2080 ὅ
2919 2026 3062 2081 θέλει
3120 2026 3290 2091 Θεός··
3337 2025 3524 2094 ὥσπερ
3569 2023 3723 2094 φησιν

2163 2117 2325 2181 αὐτὸς
2350 2117 2408 2170 ἐν
2445 2115 2624 2187 ἐαυτῷ
2651 2114 2840 2172 τυπῶν
2866 2116 2930 2170 τὸ
2973 2118 3247 2188 ἡμέτερον
3288 2117 3318 2170 ὁ
3369 2115 3555 2186 Σωτὴρ
3599 2113 3724 2186 πρδς

2161 2207 2255 2262 τὸν
2281 2207 2502 2278 Πατέρα
2519 2224 2533 2240 ·
2559 2207 2735 2276 Πλὴν
2761 2211 2875 2278 οὐχ
2901 2208 2982 2274 ὡς
3005 2207 3120 2278 ἐγὼ
3140 2207 3310 2272 θέλω,
3337 2205 3472 2261 ἀλλ’
3501 2205 3580 2271 ὡς
3629 2205 3723 2258 σύ.

2162 2298 2275 2352 Καὶ
2323 2297 2438 2368 μετ’
2473 2297 2633 2351 αὑτὸν
2665 2300 2693 2352 ὁ
2724 2297 3014 2362 Θεσπέσιος
3051 2295 3286 2361 Παῦλος,
3321 2294 3508 2367 ὥσπερ
3545 2293 3728 2348 ἐαυτὸν

2163 2387 2542 2460 ἀρνησάμενος
2574 2388 2670 2441 καὶ
2719 2387 2857 2441 ἰδίαν
2908 2387 3053 2458 ἐχειν
3095 2386 3176 2440 ἔτι
3233 2386 3388 2458 ζωὴν.
3416 2385 3502 2456 ’μὴ
3545 2383 3726 2448 εἰδώς.

2163 2479 2256 2535 Ζῶ
2280 2480 2391 2550 γὰρ
2419 2482 2530 2534 οὐκ
2558 2480 2646 2534 ἔτι
2843 2479 2912 2549 ζῆ
2943 2479 3054 2549 γὰρ
3082 2481 3152 2535 ὲν
3179 2479 3309 2550 ἐμοὶ
3343 2479 3613 2548 Χριστός.
3642 2475 3726 2544 Μὴ

2162 2573 2474 2642 ταραττέτω
2506 2572 2553 2604 ⁸⁸
2578 2571 2635 2626 δὲ
2664 2572 2808 2642 ὑμᾶς
2837 2570 2899 2624 τὸ
2923 2571 3237 2642 λεγόμενον.
3293 2569 3368 2623 Οὐ
3423 2569 3526 2639 γὰρ
3580 2565 3730 2620 ἀναί-

2167 2683 2314 2737 ρεσιν
2338 2665 2431 2718 τοῦ
2485 2663 2832 2729 αὐτεξουσίου
2880 2663 3126 2733 γίνεσθαί
3181 2680 3345 2733 φημι,
3402 2660 3538 2714 ἀλλά
3587 2658 3730 2713 θέσιν

2167 2757 2367 2827 μᾶλλον
2395 2757 2494 2828 τὴν
2537 2757 2678 2810 κατά
2730 2753 2896 2825 φύσιν
2956 2755 3162 2824 παγίαν
3206 2773 3266 2808 τε
3321 2753 3511 2824 (122
3539 2751 3594 2824 α)
3642 2749 3731 2803 καὶ

2163 2845 2516 2915 ἀμετάθετον,
2549 2845 2718 2916 ἧγουν
2777 2843 3086 2916 ἐκχώρησιν
3135 2843 3440 2914 γνωμικὴν,
3497 2843 3563 2895 ἶν’
3615 2837 3731 2893 ὅθεν

2165 2937 2296 3006 ἡμῖν
2330 2936 2568 3006 ὑπάρχει
2595 2936 2641 2969 ⁸³
2693 2935 2756 2988 τὸ
2795 2929 2934 2988 εἶναι
2993 2936 3088 2988 καὶ
3131 2934 3193 2986 τὸ
3244 2930 3511 2986 κινεῖσθαι
3552 2928 3731 2982 λαὸετν

2166 3027 2516 3098 ποθήσωμεν,
2569 3026 2645 3091 ὡς
2693 3027 2797 3097 τῆς
2854 3027 3064 3090 εἰκόνος
3116 3024 3444 3094 ἀνελθούσης
3492 3022 3626 3094 πρὸς
3674 3020 3733 3073 ea

2165 3116 2496 3188 ἀρχέτυπον,
2532 3118 2627 3170 καὶ
2667 3117 2962 3187 σφραγίδος
2987 3115 3142 3186 δίκην
3171 3114 3525 3186 ἐκτυπώματι
3555 3110 3733 3175 καλῶς

2166 3207 2522 3278 ἡρμοσμένης
2568 3208 2647 3278 τῷ
2703 3208 3020 3280 ἀρχετύπῳ,
3079 3211 3175 3262 καὶ
3237 3206 3420 3260 ἄλλοθι
3475 3204 3734 3277 φέρεσθαι

2169 3299 2294 3370 μήτ’
2325 3297 2555 3370 ἐχούσης
2573 3298 2760 3352 λοιπὸν
2793 3299 2932 3369 μήτε
2960 3299 3290 3369 δυναμένης,
3325 3298 3358 3367 ἢ
3403 3296 3735 3367 σαφέστερον

2166 3391 2339 3443 εἰπεῖν
2369 3389 2464 3443 καὶ
2493 3388 2876 3459 ἀληθέστερον,
2908 3389 3046 3460 μήτε
3077 3387 3361 3459 βούλεσθαι
3405 3385 3734 3456 δυναμένης,

2165 3483 2242 3548 ὡς
2280 3481 2380 3552 τῆς
2425 3480 2574 3545 θείας
2621 3480 3033 3552 ἐπειλημμένης
3084 3481 3387 3550 ἐνεργείας,
3440 3477 3644 3550 μᾶλλον
3683 3476 3740 3531 δέ

2166 3577 2297 3641 Θεὸς
2319 3579 2386 3647 τῇ
2431 3574 2623 3628 θεώσει
2657 3573 3051 3644 γεγενημένης,
3111 3575 3210 3628 καὶ
3255 3573 3416 3626 πλέον
3469 3571 3738 3642 ὴδομένης

2166 3672 2233 3741 τῇ
2291 3667 2549 3722 ἐκστάσει
2602 3666 2711 3720 τῶν
2763 3665 3010 3735 φυσικῶς
3059 3667 3144 3718 ἐπ’
3201 3665 3374 3735 αὐτῆς
3431 3661 3528 3717 καὶ
3569 3661 3736 3715 ὅντων

2167 3761 2262 3816 καὶ
2293 3759 2619 3831 νοουμένων,
2674 3758 2764 3813 διὰ
2813 3757 2910 3828 τὴν
2934 3758 3301 3828 ἐκνικήσασαν
3347 3754 3517 3826 αὐτὴν
3578 3753 3738 3825 χάριν

2166 3853 2260 3908 τοῦ
2290 3852 2626 3924 Πνεύματος,
2657 3851 2754 3906 καὶ
2787 3849 2948 3922 μόνον
2998 3849 3229 3920 ἔχουσαν
3282 3846 3614 3918 ἐνεργοῦντα
3651 3843 3740 3897 τὸν

2167 3945 2301 4000 Θεὸν
2334 3945 2608 4012 δείξασαν,
2662 3944 2805 3998 ὥστε
2851 3937 2991 3996 εἶναι
3025 3941 3155 4013 μίαν
3184 3943 3279 3995 καὶ
3303 3940 3471 4012 μόνην
3495 3938 3586 3992 διὰ
3616 3936 3740 3990 πάν-

2166 4055 2275 4092 των
2304 4035 2606 4108 ἐνέργειαν,
2626 4035 2722 4089 τοῦ
2740 4033 2879 4088 Θεοῦ
2907 4033 3136 4088 καὶτῶν
3159 4032 3326 4099 ἀξίων
3351 4029 3511 4091 Θεοῦ.
3539 4027 3745 4099 μᾶλλον

2167 4130 2224 4184 δέ
2259 4129 2424 4199 μόνου
2449 4127 2606 4192 Θεοῦ,
2639 4125 2865 4210 ὠςὸλον
2885 4125 3029 4188 ὅλοις
3050 4124 3165 4187 τοῖς
3203 4122 3377 4187 ἀξίοις
3424 4119 3737 4210 ἀγαθοπρετ

2169 4217 2289 4282 πῶς
2324 4206 2829 4289 περιχωρήσαντος.
2870 4213 3112 4285 Ἀνάγκη
3159 4212 3271 4284 γὰρ
3301 4213 3455 4265 πᾶσα
3483 4211 3587 4280 τῆς
3622 4204 3742 4263 κατ’

2173 4309 2360 4379 ἔφεσιν
2387 4307 2460 4362 τὰ
2488 4309 2666 4363 πάντα
2697 4306 2826 4378 περί
2854 4323 2914 4360 τι
2962 4305 3092 4360 ἀλλο
3142 4302 3457 4358 παύσασθαι
3507 4303 3740 4368 ἐξουσιαρ

491 4405 603 4452 tem
632 4399 778 4453 Deus
811 4413 910 4468 per
942 4399 1347 4455 deiﬁcationem
1382 4397 1544 4463 facta,
1576 4406 1631 4452 et
1656 4398 1780 4466 plus
1812 4397 2067 4452 dilectata

2179 4400 2370 4471 στικῆς
2416 4400 2706 4470 κινήσεως,
2763 4395 2858 4450 τοῦ
2911 4395 3140 4466 ἐσχάτου
3195 4395 3456 4463 φανέντος
3512 4389 3740 4466 δρεκτοῦ

489 4507 718 4547 excessu
745 4492 814 4547 ab
839 4493 926 4547 his
949 4507 1071 4562 qua:
1099 4491 1430 4546 naturaliter
1458 4490 1513 4544 in
1541 4506 1606 4545 ea
1641 4499 1771 4544 sunt
1801 4498 1857 4555 et
1886 4489 1955 4544 ab
1983 4489 2067 4545 his

2169 4494 2264 4547 καὶ
2293 4491 2682 4563 μετεχομένου,
2714 4490 2812 4544 καὶ
2849 4487 3130 4557 ἀναλόγως
3160 4490 3227 4559 τῇ
3264 4487 3373 4541 τῶν
3407 4488 3752 4558 μετεχόντων·

490 4600 615 4655 qua),
646 4593 779 4640 sunt
827 4591 883 4640 ct
916 4584 1299 4653 intelliguntur
1329 4598 1428 4653 per
1458 4589 1810 4652 superantem
1843 4596 1902 4636 se
1945 4598 2067 4653 gra-

2168 4583 2396 4652 δυνάμει
2427 4580 2747 4652 ἀχωρήτως,
2785 4579 2852 4633 ἵν’
2905 4577 3079 4643 οὑτως
3127 4577 3288 4641 εἴπω,
3347 4577 3697 4648 χωρουμένου
3721 4587 3736 4603 ⁶

490 4679 625 4732 tiam
661 4677 903 4746 Spiritus
930 4683 986 4730 et
1017 4673 1363 4729 solummodo
1396 4671 1690 4726 habentem
1723 4680 2067 4741 operatorem

2169 4675 2306 4748 πρὸς
2331 4674 2360 4728 δ
2387 4675 2538 4728 πᾶσα
2565 4671 2784 4725 σπεύδει
2808 4671 3054 4726 πολιτεία
3073 4669 3168 4724 τοῦ
3189 4669 3234 4702 ’⁵
3265 4666 3472 4739 ὑψηλοῦ
3504 4669 3602 4723 καὶ
3629 4667 3741 4722 διά·

491 4768 677 4824 Jesum
711 4777 768 4822 et
797 4765 1185 4835 accipientem,
1216 4763 1290 4817 ita
1339 4771 1402 4817 ut
1446 4763 1519 4818 sit
1567 4779 1677 4817 una
1709 4773 1766 4818 et
1815 4765 1930 4819 sola
1973 4781 2067 4836 per

2167 4783 2307 4832 νοια,
2345 4785 2363 4818 ι
2403 4765 2498 4820 καὶ
2528 4765 2608 4828 είς
2637 4763 2666 4817 ὅ
2711 4765 2864 4817 πᾶσα
2913 4761 3101 4833 ἔφεσις
3145 4761 3382 4825 ἵσταται,
3420 4760 3514 4814 καὶ
3547 4759 3686 4830 ὑπὲρ
3715 4755 3744 4811 ὅ

492 4859 677 4913 omnia
702 4857 953 4928 operatio
977 4857 1074 4910 Dei
1106 4863 1164 4910 et
1187 4854 1474 4925 dignorum
1509 4854 1650 4921 Deo;
1688 4855 1860 4926 magis
1885 4865 2067 4911 autem

2173 4855 2425 4928 οὐδαμῶς
2451 4855 2699 4926 φέρεται·
2726 4853 2851 4909 οὔτε
2881 4854 2991 4923 γὰρ
3022 4853 3159 4925 ἔχει.
3183 4851 3278 4906 καὶ
3315 4850 3452 4922 πρὸς
3507 4850 3538 4904 ὅ
3580 4849 3744 4904 τείνει

493 4947 664 5003 solius
686 4948 806 5014 Dei,
837 4955 1024 5017 utpote
1052 4953 1166 5000 toto
1196 4953 1339 5001 totos
1359 4945 1553 5016 dignos
1579 4945 1719 5001 bene
1749 4961 1813 5000 ac
1841 4947 2067 5016 pulchre

2175 4949 2324 5002 πᾶσα
2359 4946 2653 5000 σπουδαίου
2689 4945 2923 5015 κίνησις,
2966 4943 3062 4997 καὶ
3111 4937 3174 4997 οῦ
3201 4941 3518 5013 γενομένοις
3565 4939 3744 5009 πάσης

491 5040 791 5097 ambiente.
827 5038 990 5096 Omni
1023 5039 1171 5094 enim
1201 5038 1534 5095 necessitate
1570 5054 1670 5109 per
1702 5038 1886 5093 omnia
1920 5038 2066 5093 circa

2173 5036 2408 5108 θεωρίας
2433 5036 2758 5101 ἀνάπαυσις,
2783 5052 2801 5086 ι
2829 5032 2993 5104 φησὶν
3018 5033 3048 5086 ὅ
3069 5030 3338 5103 μακάριος
3369 5021 3581 5094 οὗτοςἰ
3605 5025 3744 5083 διδάρ

570 5159 586 5198 δ
622 5157 644 5213 ι
675 5156 804 5214 Cor.
836 5173 925 5223 xv,
955 5155 1046 5213 26.
1125 5155 1139 5207 i
1171 5156 1364 5223 Matth,
1390 5173 1542 5223 xm,
1565 5157 1652 5212 39.
1735 5157 1760 5197 Β
1789 5155 1968 5212 Galat.
1996 5172 2057 5222 ιι,
2085 5159 2178 5214 20.

1775 5265 2010 5325 VARle
2046 5267 2450 5326 LECTIONES.

564 5407 613 5442 ⁸⁸
660 5408 978 5481 ταρασσέτω
1006 5409 1097 5464 ed.
1157 5409 1278 5465 Gal.
1360 5408 1404 5442 δ’
1460 5409 1678 5482 ὑπάρχῃ
1711 5369 1800 5465 ed.
1829 5409 1947 5465 Gal.
2041 5412 2067 5442 ⁹¹

2165 5407 2201 5461 ιῦ
2235 5409 2391 5465 abest
2417 5409 2485 5463 ab
2512 5406 2603 5462 ed.
2631 5404 2750 5462 Gal.
2837 5405 2880 5438 ’ί
2903 5394 3058 5466 οὗτος
3078 5414 3190 5458 non
3217 5399 3386 5457 habet
3403 5398 3492 5456 ed.
3515 5395 3635 5456 θαι.

2022 5528 2246 5586 NOTAE.

2248 5618 2324 5681 tu)
2353 5617 2504 5687 Lege
2537 5617 2768 5670 cedente.
2803 5613 3001 5687 (Gala)

584 5635 611 5675 ε
673 5619 817 5690 Lege
844 5636 998 5674 corru
1040 5627 1151 5674 tam
1174 5619 1374 5693 (Gale.)
2248 5620 2263 5675 ί
2273 5619 2324 5681 ιι)
2362 5619 2504 5687 Lege
2537 5619 2629 5696 cert

561 5619 635 5761 ξιξ
667 5687 811 5759 Lege
841 5705 968 5758 qua,
1065 5687 1264 5760 (Gale.)
2247 5691 2317 5760 (ιι)
2347 5686 2489 5757 Lege
2522 5703 2628 5757 regi

592 5685 634 5760 t)
667 5685 811 5759 ιθέο
841 5705 968 5758 qua,
1065 5685 1264 5760 (Cale)
1355 5685 1365 5693 ⁷
2247 5691 2317 5760 (ιι)
2347 5685 2489 5757 Lege
2522 5687 2739 5757 regitur.
2778 5685 2974 5753 (Cale)

667 5687 811 5759 Leg'e
841 5705 968 5758 qua,
1003 5687 1038 5761 ᾖ
1065 5687 1264 5760 (σειε.)
