3984 6198
287 310 424 378 1077

1517 313 2038 375 AMBIGUORUM
2077 312 2327 374 LIBER-

3415 304 3554 371 1078

282 425 506 487 σκαλος.
549 420 826 493 οὔτεγὰρ
873 420 1028 477 ἔσται
1082 439 1136 476 τι
1197 422 1355 487 ἐκτὸς
1411 422 1548 477 Θεοῦ
1596 425 1718 478 τότε
1761 425 1867 478 δει-

1980 426 2123 481 aliud
2175 424 2309 496 quid
2349 424 2639 494 quiescent
2672 423 3002 494 potestativo
3035 429 3186 477 motu
3223 419 3328 492 qui~
3355 436 3561 481 secun-

283 515 639 586 κνύμενον,ἢ
681 514 803 586 Θεῷ
854 512 1288 586 ἀντισηκοῦσθαι,
1326 513 1546 584 δοκοῦν,
1589 515 1680 570 ἴνα
1723 515 1870 579 τινὸς

283 607 475 678 ῑφεσιν
505 605 652 678 πρὸς
686 605 821 660 αὐτὸ
852 606 1013 675 ῥέψαι
1058 606 1310 679 δελεάσῃ,
1364 605 1586 661 πάντων
1641 605 1868 676 περιλη-

284 699 532 768 φθέντων
562 697 712 768 αὐτῷ
760 697 944 767 (122
974 697 1025 768 ό)
1077 696 1284 769 νοητῶν
1325 715 1386 750 τε
1441 699 1536 751 καὶ
1595 696 1883 768 αἰσθητῶν-

287 788 431 844 κατὰ
459 788 558 859 τὴν
588 788 872 858 ἄφραστον.
889 787 1056 842 αὐτοῦ
1087 787 1347 857 ἔκφανσιν
1393 788 1486 843 καὶ
1543 788 1882 858 παρουσίαν,.

287 880 366 944 ὡς
410 879 520 932 οὐδ’
571 878 628 930 ἐν
675 878 872 948 ἡμέρα,
908 876 978 931 τὰ
1021 878 1248 950 ἀστρῷα
1276 877 1432 947 φῶτα
1463 876 1558 934 καὶ
1612 879 1752 933 αὐτὰ
1802 879 1872 934 τὰ

288 971 468 1040 ἄστρα
519 968 671 1040 ἡλίου
723 969 988 1038 φανέντος
1039 969 1116 1038 τῷ
1173 970 1354 1040 πολλῷ
1412 971 1505 1026 καὶ
1553 953 1871 1042 ἀσυγκρίτῳ

289 1063 453 1132 φωτὶ,
482 1061 550 1126 ἐξ
568 1041 630 1115 οῦ
661 1062 756 1115 καὶ
796 1061 982 1124 αὐτοῖς
1015 1061 1086 1115 τὸ.
1106 1061 1262 1130 φῶτα
1290 1058 1429 1116 εἶναι
1462 1041 1868 1133 καλυπτόμενα,

289 1157 388 1209 καὶ
417 1155 526 1208 οὐδτ
582 1155 664 1208 ὅτι
713 1154 760 1185 ’⁸
799 1152 936 1208 εἰσὶν
981 1153 1105 1206 ὅσον
1161 1153 1415 1224 αἰσθήσει
1465 1153 1868 1225 γνωριζόμενα.

303 1248 430 1301 Ἐπὶ
458 1247 503 1279 ⁸⁸
531 1244 669 1300 Θεοῦ
704 1245 762 1298 δὲ
811 1247 904 1299 καὶ
937 1246 1122 1307 πλέον,
1161 1246 1286 1298 ὅσον
1335 1244 1590 1298 ἀκτίστου
1634 1246 1728 1298 καὶ
1767 1263 1875 1300 κίτι⁶

291 1339 436 1393 στῶν
470 1338 698 1409 ἄπειρον
734 1337 796 1391 τὸ
823 1339 986 1408 μέσον
1019 1337 1136 1390 ἐστὶ
1165 1339 1260 1391 καὶ
1286 1337 1568 1408 διάφορον.
1601 1337 1736 1390 Τότε
1764 1337 1882 1408 γὰρ

289 1432 389 1484 καὶ
421 1430 521 1500 τὴν
554 1430 674 1483 κατ’
719 1429 920 1482 οὐσίαν
962 1427 1197 1499 ὓπαρξιν
1243 1427 1351 1480 τῶν
1397 1428 1568 1481 ὄντων
1617 1427 1763 1482 κατὰ
1813 1427 1876 1482 τὸ

286 1521 341 1573 τι
372 1521 468 1573 καὶ
491 1521 610 1585 πῶς
635 1519 728 1574 καὶ
757 1520 852 1573 ἐπὶ
879 1519 926 1551 ⁸⁸
948 1518 1052 1572 τίνι
1086 1513 1247 1580 εἶναι.
1301 1518 1377 1581 ὡς
1426 1514 1600 1590 οἶμαι,
1662 1518 1874 1590 μανθά-

287 1629 479 1675 νοντες
510 1611 645 1682 πρός
685 1629 738 1664 τι
767 1611 974 1679 ἐφετῶς
1029 1609 1109 1664 ἔτι
1155 1611 1299 1666 κατὰ
1351 1611 1554 1680 γνῶσιν
1599 1611 1676 1692 οὖν
1722 1629 1876 1683 κινη-

289 1701 594 1773 θησόμεοα,
627 1701 726 1771 τῆς
749 1701 980 1756 ἑκάστου
1005 1702 1098 1754 κα).
1153 1702 1238 1770 ἐφ’
1289 1703 1521 1758 ἑκάστου
1564 1701 1674 1756 τῶν
1737 1701 1878 1773 μετά

1971 517 2105 572 dum
2137 516 2478 571 desiderium
2526 527 2612 571 est
2663 515 2963 570 novissimo
2995 521 3296 584 apparente
3337 511 3467 568 dato
3500 522 3559 569 et

1970 607 2302 678 participato
2333 615 2391 663 et
2419 607 2928 663 corrationabiliter
2964 604 3418 677 participantium
3444 605 3559 660 vir-

1972 700 2076 753 tuti
2120 698 2780 768 incomprehensibiliter,
2819 707 2882 752 ut
2926 698 3000 759 ita
3035 697 3236 763 dicam,
3273 706 3454 767 capto;
3491 695 3561 752 ad

1971 791 2118 860 quod
2152 792 2333 847 omnis
2379 791 2603 846 festinat
2629 790 2986 847 conversatio
3033 790 3236 845 excelsi
3284 796 3344 844 et
3394 789 3561 845 intel-

1971 890 2170 949 lectus,
2200 903 2218 934 ι
2247 891 2306 938 et
2338 883 2397 936 in
2429 882 2579 952 quod
2607 883 2788 937 omnis
2811 881 3148 936 stabilitatur
3164 869 3472 952 appetitus,
3504 887 3576 935 et-

1971 987 2142 1042 supra
2173 972 2321 1043 quod
2353 973 2510 1026 nullo
2540 972 2704 1026 modo
2729 971 2925 1037 fertur,
2954 987 3136 1042 neque
3167 973 3318 1026 enim
3352 971 3519 1026 habet
3546 989 3559 1024 :

1971 1073 2027 1119 et
2052 1065 2120 1119 ad
2148 1065 2296 1134 quod
2326 1063 2506 1119 tendit
2539 1063 2722 1118 omnis
2744 1063 3058 1118 festinantis
3083 1071 3288 1127 motus,
3311 1071 3367 1118 et
3399 1078 3430 1116 a
3453 1078 3564 1132 quo

1970 1157 2328 1213 venientibus
2357 1155 2538 1211 omnis
2557 1154 3044 1225 contemplationis
3079 1155 3318 1225 requies,
3347 1172 3365 1206 ι
3401 1163 3460 1210 ut
3482 1154 3563 1208 ait

1973 1245 2170 1302 beatus
2197 1247 2300 1302 iste
2343 1247 2624 1317 magister.
2661 1245 2852 1316 Neque
2894 1247 3002 1300 erit
3033 1243 3168 1316 quid
3197 1255 3352 1300 extra
3380 1245 3578 1299 Deum

1974 1345 2108 1390 tunc
2159 1336 2600 1401 manifestatum,
2650 1342 2746 1389 aut
2805 1335 2920 1388 Deo
2971 1349 3004 1388 e
3052 1333 3244 1388 contra
3294 1331 3369 1401 (ω)
3421 1331 3561 1386 ima-

1975 1428 2154 1499 ginari
2205 1428 2408 1494 visum,
2447 1436 2510 1482 ut
2550 1426 2784 1496 alicujus
2831 1425 3168 1480 desiderium
3207 1423 3276 1478 ad
3317 1423 3560 1492 seipsum

1974 1518 2147 1575 ﬂuere
2177 1519 2491 1591 (y).erroris
2519 1521 2612 1586 sit,
2662 1519 2921 1575 omnibus
2949 1517 3171 1572 ambitis
3204 1516 3273 1571 ab
3303 1516 3422 1586 ipso
3469 1513 3557 1569 in-

1979 1611 2358 1682 telligibilibus
2387 1620 2442 1667 et
2485 1611 2842 1668 sensibilibus
2876 1608 3183 1682 secundum
3222 1606 3576 1662 ineffabilem

1978 1703 2693 1774 ipsiusmanifestationem
2735 1712 2792 1757 et
2837 1700 3224 1771 praesentiam;
3278 1698 3423 1752 sicut
3459 1713 3559 1752 ne-

285 1791 427 1846 Θεὸν
456 1790 710 1861 γνώσεως
737 1793 867 1864 ἡμῖν
896 1792 1328 1863 περατωθεεσης,
1369 1793 1463 1847 καὶ¹
1509 1794 1610 1864 τῆς
1644 1794 1875 1864 ἀπείρου

1980 1809 2086 1866 que
2114 1794 2172 1849 in
2208 1794 2298 1850 die
2331 1793 2548 1850 siderea
2577 1793 2785 1849 lumina
2828 1800 2886 1847 et
2918 1792 3036 1860 ipsa
3069 1801 3214 1845 astra
3252 1790 3367 1844 sole
3394 1804 3567 1858 appa-

287 1881 390 1935 καὶ
440 1881 592 1946 θείας
652 1883 748 1936 καὶ
802 1882 1179 1954 ἁπεριλήπτου
1255 1883 1675 1948 ἀπολαυστικῶς
1743 1885 1874 1955 ἡμῖν

286 1971 577 2040 ἀναλόγως
608 1971 981 2043 ὑποκειμένης
1024 1989 1083 2026 τε
1117 1972 1285 2044 μόνης
1323 1975 1418 2028 καὶ
1481 1974 1872 2045 μετεχομένης.

287 2063 410 2116 Καὶ
436 2062 599 2116 τοῦτό
635 2065 754 2116 ἐστι
793 2063 856 2117 τὸ
879 2065 1023 2118 πάνυ
1055 2063 1516 2135 φιλοσοφούμενον
1565 2065 1705 2120 κατὰ
1754 2064 1879 2119 τοῦ-

286 2168 387 2206 τον
426 2152 522 2206 τὸν
547 2152 811 2224 Θεοφόρον
853 2153 1174 2209 διδάσκαλον
1194 2195 1208 2218 ,
1243 2173 1261 2207 ι
1294 2154 1696 2224 ὲπιγνὼσεσθαι
1728 2157 1878 2226 ἡμᾶς

287 2260 428 2296 ποτε
490 2244 616 2297 ὅσον
666 2242 1012 2315 ὲγνὼσμεθα,
1059 2245 1282 2298 ἐπειδὰν
1329 2247 1390 2298 τὺ
1435 2245 1667 2309 θεοειδὲς
1719 2245 1878 2300 τοῦτο

291 2334 395 2388 καὶ
431 2333 578 2388 θεῖον
608 2335 911 2403 φάσκοντος
945 2336 1034 2389 τὸν
1059 2336 1330 2407 ἡμέτερον
1348 2335 1476 2390 νοῦν
1506 2354 1564 2390 τε
1596 2337 1690 2390 καὶ
1719 2337 1877 2407 λόγον

287 2427 374 2496 τῷ
399 2425 585 2497 οἰκείῳ
610 2424 1028 2497 προσμίξωμεν,
1060 2427 1152 2482 καὶ
1181 2429 1212 2497 ἠ
1243 2425 1409 2480 εἰκὼν
1432 2427 1629 2501 ἀνέλθῃ
1651 2430 1789 2500 πρὸς
1817 2429 1877 2484 τὸ

291 2517 626 2593 ἀρχέτυπον,
692 2511 755 2571 οῦ
805 2516 901 2570 νῦν
958 2517 1070 2588 ἔχει
1125 2520 1223 2589 τὴν
1284 2517 1492 2589 ἔφεσιν.
1524 2539 1544 2572 ›
1583 2519 1722 2590 Περὶ
1778 2519 1877 2590 μὲν

292 2604 516 2662 οὖντοῦ
548 2607 620 2679 μὴ
653 2602 793 2662 εἶναι
845 2609 944 2681 τὴν
995 2609 1374 2683 Θρυλουμένην
1423 2611 1607 2676 ὲνάδα,
1660 2613 1760 2672 καὶ
1780 2613 1874 2667 τοῦ

297 2698 420 2762 πῶς
468 2700 588 2752 κατ’
639 2699 876 2770 ἔμφασιν
926 2701 991 2755 ὲκ
1037 2702 1145 2754 τῶν
1197 2700 1292 2756 νῦν
1341 2701 1472 2773 ἡμῖν
1512 2703 1750 2772 ἐφικτῶν
1777 2703 1875 2774 τῆς

300 2789 342 2842 Γ
347 2790 525 2861 ραφῆς
552 2790 841 2861 νοημάτων
888 2809 948 2844 τε
989 2793 1086 2846 καὶ
1133 2792 1416 2863 λογισμῶν
1474 2792 1626 2846 ἔσται
1677 2795 1709 2864 ή
1767 2792 1876 2847 τῶν

305 2881 610 2951 μελλόντων
667 2882 1024 2948 κατάστασις,
1077 2883 1319 2955 εἰρήσθω
1388 2885 1578 2940 ταῦτα.
1633 2885 1772 2958 Περὶ
1818 2885 1878 2939 δὲ

300 2961 399 3024 ’.ίῦ
433 2971 548 3035 πῶς
581 2974 745 3043 μοῖρα
782 2973 934 3036 ὅντες
964 2971 1100 3026 Θεοῦ
1144 2972 1500 3045 ἀπερῤύημεν
1528 2973 1664 3028 Θεοῦ
1713 2978 1877 3045 ἡγου-

307 3064 469 3134 μένου
502 3063 754 3118 ἐντεῦθεν
779 3064 871 3118 τὸν
902 3064 1062 3133 λόγον
1096 3067 1414 3137 ποιήσομαι.

1979 1893 2136 1943 rente
2161 1887 2337 1941 multo
2363 1894 2420 1940 et
2450 1884 2871 1956 incomparabili
2905 1882 3114 1937 lumine
3143 1897 3209 1936 ex
3237 1896 3347 1950 quo
3372 1881 3454 1935 eis
3474 1883 3564 1934 lu-

1978 1978 2127 2033 mina
2161 1992 2283 2033 esse
2315 1977 2590 2032 occultata
2637 1983 2694 2032 et
2742 1990 2922 2046 neque
2952 1973 3082 2045 quia
3125 1980 3256 2027 sunt
3301 1978 3568 2040 quantum

1977 2069 2166 2126 sensui
2189 2068 2426 2140 cognita.
2455 2069 2514 2124 in
2543 2069 2657 2123 Deo
2686 2082 2817 2122 vero
2843 2067 2969 2137 plus
2995 2072 3262 2136 quantum
3289 2064 3435 2118 inter
3457 2078 3568 2117 non

1979 2168 2225 2214 creatum
2257 2167 2314 2214 et
2351 2165 2598 2214 creatum
2631 2157 2846 2212 infinita
2881 2155 3152 2211 medietas
3186 2163 3274 2209 est
3317 2161 3372 2208 ct
3405 2151 3586 2207 dific-7

1976 2253 2175 2306 rentia.
2218 2252 2375 2307 Tunc
2404 2251 2554 2306 enim
2586 2265 2685 2320 per
2717 2248 3012 2305 essentiam
3057 2262 3252 2303 eorum
3285 2262 3410 2316 qua:
3439 2253 3584 2300 sunt

1978 2341 2393 2399 subsistentiam
2431 2341 2738 2397 secundum
2771 2339 2940 2410 quod,
2978 2338 3136 2410 quid,
3168 2346 3222 2392 ct
3267 2335 3568 2406 quomodo,

1977 2443 2035 2489 et
2063 2433 2116 2487 in
2146 2449 2256 2503 quo
2285 2448 2428 2498 esse,
2465 2443 2526 2487 ut
2553 2433 2814 2498 arbitror,
2843 2431 3105 2495 scientes,
3139 2428 3207 2484 ad
3236 2428 3368 2499 quid
3398 2443 3570 2497 appe-

1978 2524 2144 2579 titum
2205 2523 2389 2578 adhuc
2445 2538 2544 2593 per
2616 2522 2989 2593 cognitionem
3050 2535 3163 2574 non
3225 2518 3586 2573 movebimus,

1978 2613 2416 2683 uniuscujusque
2463 2621 2519 2668 et
2559 2605 2621 2666 in
2673 2624 3009 2681 unoquoque
3043 2623 3240 2664 eorum
3283 2622 3404 2677 qua:
3446 2615 3570 2676 post

1979 2704 2152 2759 Deum
2181 2711 2313 2758 sunt
2341 2703 2656 2774 cognitione
2685 2703 2848 2757 nobis
2870 2709 3250 2756 consummata
3272 2709 3330 2753 et
3359 2696 3573 2752 infinita

1980 2811 2044 2852 ac
2106 2794 2295 2850 divina
2352 2803 2410 2850 et
2474 2792 3025 2864 incomprehensibili
3081 2792 3366 2846 fructuose
3409 2788 3586 2843 nobis

1978 2886 2466 2956 proportionaliter
2503 2886 2782 2956 proposita
2830 2884 3121 2940 mansione
3169 2893 3225 2939 ct
3267 2881 3569 2953 participa-

1980 2977 2150 3032 tione.
2198 2977 2270 3032 Et
2311 2977 2419 3033 hoc
2457 2985 2542 3033 est
2581 2976 2729 3046 quod
2775 2975 2937 3031 valde
2988 2975 3441 3046 philosophatum
3487 2981 3574 3027 est

1980 3067 2288 3125 secundum
2338 3067 2612 3123 deiferum
2677 3068 2828 3122 hunc
2876 3067 3198 3137 magistrum
3257 3064 3577 3128 dicentem,

312 3174 331 3207 ι
370 3155 790 3225 cognoscituros
845 3169 950 3210 nos
992 3155 1326 3225 quandoque
1355 3164 1622 3234 quantum
1671 3155 1882 3226 cogniti
1921 3172 2136 3223 sumus,
2174 3173 2298 3212 cum
2334 3159 2604 3214 deiforme
2635 3158 2762 3224 hoc,
2796 3167 2854 3213 et
2884 3158 3135 3213 divinum
3170 3167 3420 3214 nostrum
3451 3157 3583 3212 ani--

302 3261 455 3300 mum
481 3255 536 3300 et
570 3245 838 3300 rationem
866 3246 1093 3316 proprio
1120 3239 1566 3314 admiscehimus,
1601 3256 1660 3302 et
1703 3248 1885 3319 imago
1922 3249 2331 3306 reverteturad
2361 3249 2668 3320 principale
2734 3249 3045 3319 exemplum
3078 3249 3238 3320 cujus
3301 3263 3447 3302 nunc
3473 3247 3576 3303 ha-

302 3335 402 3392 bet
424 3336 749 3406 appetitum.
777 3356 796 3387 ›
834 3337 910 3391 De
938 3352 1006 3390 eo
1038 3337 1205 3408 igitur
1231 3337 1380 3407 quod
1417 3355 1528 3394 non
1569 3338 1640 3393 sit
1668 3339 1956 3410 dispertita
1994 3343 2180 3398 unitas
2212 3350 2268 3399 et
2295 3341 2572 3412 quomodo
2602 3341 2906 3396 secundum
2952 3341 3205 3396 notitiam
3241 3357 3308 3396 ex
3337 3340 3576 3411 possibi—

304 3428 454 3482 libus
486 3444 633 3483 nunc
699 3428 858 3484 nobis
893 3430 1184 3499 scripturae
1232 3431 1605 3487 intellectibus
1635 3439 1702 3487 et
1735 3431 2206 3502 disputationibus
2237 3435 2346 3488 erit
2407 3434 2719 3488 futurorum
2782 3441 2959 3488 status
3003 3432 3213 3487 dictum
3261 3439 3344 3488 est
3390 3431 3576 3486 hacte-

305 3537 446 3588 nus;
486 3521 554 3578 de
585 3538 652 3578 eo
674 3537 805 3576 vero
835 3523 1115 3593 quomodo
1155 3525 1286 3579 dum
1323 3540 1450 3594 pars
1493 3525 1589 3580 Dei
1633 3527 1826 3592 simus,
1856 3543 1887 3582 a
1923 3528 2039 3583 Deo
2074 3525 2417 3594 reduximus;
2461 3528 2574 3582 Deo
2601 3527 2777 3594 duce,
2827 3527 2958 3582 hinc
2991 3540 3304 3584 sermonem
3354 3525 3571 3582 faciam.

378 3615 475 3676 Τίς
503 3614 614 3685 γὰρ
638 3614 784 3685 λόγῳ
815 3615 973 3677 εἰδὼς
1030 3617 1125 3669 καί
1161 3615 1328 3688 σοφίᾳ
1379 3616 1446 3670 τὰ
1497 3617 1626 3671 ὄντα
1688 3620 1754 3672 ἐκ
1799 3619 1880 3672 τοί

2068 3619 2206 3686 Quis
2236 3618 2384 3674 enim
2431 3618 2648 3674 ratione
2693 3616 3061 3673 considerans
3097 3622 3156 3671 et
3197 3615 3466 3686 sapientia
3509 3630 3573 3673 ea

311 3703 388 3776 μὴ
418 3705 569 3768 ὄντος
609 3705 762 3775 παρὰ
805 3705 940 3760 Θεοῦ
976 3708 1055 3772 εἰς
1090 3707 1150 3760 τὸ
1181 3704 1322 3762 εἶναι
1367 3707 1668 3780 παρῆχθαι,
1729 3711 1777 3764 ει
1823 3713 1888 3784 τῇ

308 3797 556 3867 φυσικῶν
601 3798 713 3855 τῶν,
762 3798 936 3852 ὅντων
992 3799 1208 3871 ἀπείρῳ
1261 3800 1496 3872 διαφορᾷ
1550 3819 1609 3854 τε
1651 3803 1744 3856 καὶ
1781 3819 1893 3855 ποι-

309 3889 458 3960 κιλίᾳ
479 3891 765 3962 ἐμφρόνως
803 3892 986 3967 (123
1019 3892 1073 3960 α)
1125 3891 1190 3945 τὸ
1219 3892 1319 3963 τῆς
1347 3893 1528 3963 ψυχῆς
1559 3893 1890 3965 θεωρητικὸν

310 3983 681 4053 προσαγάγοι,
729 3983 827 4037 καὶ
867 3982 944 4053 τῷ
995 3983 1328 4054 ὲξεταστικῷ
1358 3984 1725 4056 συνδιακρίνοι
1746 3985 1890 4056 λόγῳ

309 4072 433 4126 κατ’
483 4074 746 4128 ἐπίνοιαν»
777 4075 868 4128 τὸν
915 4074 1037 4128 καθ’
1065 4074 1123 4128 ὃν
1162 4075 1492 4148 ἐκτίσθησαν
1548 4076 1726 4144 λόγον,
1768 4075 1891 4146 οὐχὶ

311 4161 540 4226 πολλοὺς
575 4165 780 4228 εἵσεται
821 4165 1013 4234 λόγους
1042 4165 1134 4219 τὸν
1162 4165 1262 4220 ἕνα
1291 4166 1474 4234 λόγον,
1496 4169 1564 4238 τῇ
1593 4165 1702 4220 τῶν
1728 4183 1889 4236 γεγο-

311 4254 482 4308 νότων
534 4254 838 4326 ’ἀδιαιρέτῳ
893 4257 1406 4330 συνδιακρινόμενον
1470 4257 1736 4330 διαφορᾷ,
1801 4257 1894 4312 διὰ

307 4347 408 4418 τὴν
432 4347 610 4403 αὐτῶν
654 4351 789 4420 πρὸς
831 4350 1038 4423 ἄλληλά
1089 4368 1150 4404 τε
1206 4351 1301 4406 καὶ
1363 4350 1533 4405 ἑαυτὰ
1584 4350 1891 4422 ἁσύγ-χυτον

313 4435 594 4508 ἰδιότητα;
646 4441 758 4494 Καὶ
808 4441 971 4496 πάλιν
1029 4441 1126 4495 ’ἐνα
1175 4442 1302 4505 τοὺς
1346 4442 1596 4505 πολλοὺς,
1639 4445 1708 4513 τῇ
1755 4441 1894 4513 πρὸς

311 4526 474 4580 αὑτὸν
501 4529 612 4612 τῶν
643 4531 862 4587 πάντων
889 4534 1138 4604 ἀναφορᾷ
1161 4532 1230 4587 δι’
1255 4533 1450 4588 ἑαυτὸν
1484 4534 1531 4566 ⁸⁸
1566 4533 1894 4604 ἀσυγχύτως

313 4618 662 4690 ὑπάρχοντα,
720 4624 965 4679 ὲνούσιόν
1009 4642 1068 4678 τε
1123 4627 1219 4680 καὶ
1269 4625 1637 4680 ὲνυπόστατον
1693 4627 1740 4659 ⁸⁸
1793 4625 1891 4684 τοῦ

311 4705 449 4762 Θεοῦ
480 4711 575 4764 καὶ
604 4712 819 4785 Πατρός
848 4715 980 4769 Θεὸν
1007 4717 1199 4786 Λόγον,
1230 4717 1307 4781 ὡς
1349 4716 1524 4789 ἀρχὴν
1564 4717 1658 4770 καὶ
1708 4718 1892 4772 αἰτίαν

310 4795 418 4849 τῶν
445 4797 604 4865 ὅλων,
653 4801 725 4856 ἐν
761 4795 810 4868 ᾧ
855 4805 1103 4875 ἐκτίσθη
1161 4807 1234 4862 τὰ
1283 4807 1481 4862 πάντα
1531 4810 1602 4863 τὰ
1647 4807 1717 4862 ἐν
1767 4807 1892 4877 τοῖς

310 4885 590 4955 οὐρανοῖς
639 4890 738 4946 καὶ
782 4892 854 4946 τὰ
888 4893 984 4948 ἐπὶ
1031 4893 1142 4964 τῆς
1172 4894 1306 4966 γῆς,
1361 4896 1482 4950 εἴτε
1515 4896 1718 4965 ὁρατὰ,
1769 4897 1891 4952 εἶτε

1993 3725 2116 3780 quae
2145 3717 2294 3775 sunt,
2333 3709 2403 3764 ab
2428 3724 2495 3764 co
2530 3708 2678 3778 quod
2702 3723 2814 3764 non
2838 3717 2921 3763 est
2949 3723 2978 3762 a
2999 3707 3113 3763 Deo
3147 3706 3204 3760 in
3234 3706 3290 3760 id
3321 3706 3467 3775 quod
3488 3715 3578 3762 est

1991 3802 2336 3866 transducta,
2371 3801 2414 3857 si
2441 3817 2541 3872 per
2562 3800 2868 3856 naturalem
2902 3815 3102 3856 eorum
3129 3813 3252 3868 qua:
3279 3806 3411 3853 sunt
3442 3798 3572 3852 infi-

1992 3893 2168 3949 nitam
2204 3892 2578 3950 differentiam
2609 3899 2666 3947 et
2690 3890 3016 3947 varietatem
3046 3889 3351 3959 prudenter
3377 3889 3581 3944 anima

1991 3985 2484 4056 contemplativum
2527 3983 2869 4048 adduceret,
2912 3989 2968 4037 et
2991 3979 3308 4051 inquisitiva
3348 3979 3577 4035 condis-

1990 4088 2243 4136 cerneret
2298 4078 2512 4134 ratione
2572 4093 2673 4148 per
2734 4074 3192 4146 intelligentiam,
3267 4072 3576 4129 secundum

1990 4187 2154 4241 quam
2186 4178 2375 4227 creata
2400 4150 2530 4225 εὰηι
2565 4183 2809 4232 causam,
2843 4183 2956 4221 non
2986 4167 3189 4220 multas
3212 4172 3574 4236 cognosceret

1991 4274 2188 4316 causas
2223 4275 2386 4314 unam
2412 4273 2638 4313 causam
2667 4271 2863 4311 eorum
2896 4254 3191 4324 quaefacta
3225 4263 3354 4311 sunt
3379 4253 3450 4324 (ι)
3489 4253 3574 4309 in-

1966 4350 2380 4423 separabiliter
2403 4351 2808 4405 condiscretam
2834 4347 3202 4402 differentiam
3234 4364 3334 4418 per
3376 4361 3570 4402 eorum

1991 4453 2048 4500 et
2077 4443 2220 4497 inter
2250 4457 2308 4497 se
2332 4441 2568 4496 invicem
2597 4448 2654 4496 et
2674 4455 2732 4495 se
2761 4439 2876 4510 ipsa
2898 4438 3245 4494 inconfusam
3267 4440 3574 4509 proprieta-

1993 4545 2139 4592 tem:
2171 4545 2228 4591 et
2255 4536 2457 4591 iterum
2487 4549 2653 4588 unam
2699 4533 2930 4595 multas,
2965 4531 3212 4585 omnium
3239 4529 3307 4585 ad
3343 4529 3418 4600 (a)
3449 4543 3571 4588 eam

1993 4629 2264 4686 relatione
2313 4643 2411 4699 per
2461 4625 2534 4697 (ό)
2585 4625 2824 4695 seipsum
2887 4623 3184 4678 inconfuse.
3237 4621 3568 4686 subsistens.

1994 4719 2488 4778 unum-essentiam
2505 4726 2560 4773 et
2589 4713 3155 4771 unum-substantiale
3175 4714 3272 4768 Dei
3303 4722 3362 4769 et
3390 4713 3574 4768 Patris

1993 4811 2168 4866 Deum
2200 4810 2462 4873 Verbum,
2495 4808 2697 4862 merito
2737 4806 3071 4878 principium
3109 4814 3409 4860 etcausam
3449 4819 3573 4858 om.-

1996 4901 2171 4964 nium,
2203 4900 2260 4954 in
2293 4915 2394 4970 quo
2421 4906 2602 4952 creata
2629 4905 2753 4951 sunt
2780 4897 2958 4950 omnia
2985 4911 3104 4966 qua:
3129 4895 3185 4948 in
3207 4893 3347 4949 cwlis
3375 4902 3424 4947 et
3453 4909 3572 4964 qum

310 4973 552 5046 ἀόρατα,
578 4979 700 5034 εἴτε
740 4983 962 5051 θρόνοι,
994 4985 1114 5039 εἴτε
1143 4986 1508 5055 κυριότητες,
1538 4987 1658 5041 εἴτε
1685 4988 1880 5056 ἀρχαὶ,

1990 4991 2046 5045 in
2077 5001 2241 5056 terra,
2264 4989 2369 5044 sive
2395 4987 2637 5054 visibilia,
2654 4989 2760 5042 sive
2783 4985 3087 5051 invisibilia,
3115 4990 3221 5040 sive
3247 4987 3442 5051 throni,
3464 4987 3572 5039 sive

1618 5099 1854 5156 VARUE
1897 5101 2302 5158 LECTIONES.

395 5207 444 5240 "
470 5207 531 5272 οὐ
581 5208 652 5262 δι’
683 5212 765 5266 ὅτι
816 5214 942 5270 cod.
987 5215 1128 5272 Gud.

1220 5218 1268 5250 ”
1323 5218 1385 5272 El
1417 5218 1506 5273 ed.
1544 5219 1684 5279 Gal..
1713 5219 1996 5277 mendose.

2089 5219 2136 5255 ’δ
2157 5215 2296 5274 εἶναι
2325 5233 2427 5290 pro
2456 5217 2550 5271 ἐπὶ
2581 5214 2844 5272 mendose
2869 5213 3039 5271 habet
3069 5213 3158 5271 ed.
3190 5213 3314 5270 Gal.
3425 5212 3472 5246 ’⁵
3499 5211 3578 5264 δι*

312 5277 521 5332 ἑαυτῶν
546 5279 638 5336 ed.
675 5281 794 5338 Gal.
851 5287 897 5318 "
923 5287 1166 5341 ἑνούσιόν
1191 5305 1249 5340 τε
1284 5291 1378 5341 καὶ
1415 5277 1777 5344 ἐνυπόστατον
1799 5291 1888 5346 ed.
1923 5291 2043 5348 Gal.

1821 5409 2044 5466 NOTIE.

385 5492 466 5633 (κζ
505 5493 648 5564 Lege
674 5465 1021 5565 aequipdrari.
1065 5496 1265 5567 (Gale.)

387 5564 444 5633 (ῃ
492 5564 714 5633 Legisse
735 5565 934 5622 Scotus
955 5567 1180 5622 videtur
1203 5569 1265 5621 δο

317 5564 714 5704 (ϐἓιῖὲλῐεεὶεεθ
735 5564 934 5622 ScOtus
955 5564 1180 5622 videtur
1203 5564 1448 5642 δολιὰσῃ.
1469 5570 1630 5625 Verte
1650 5569 1882 5625 alliccat.

392 5703 462 5764 (ι)
496 5705 706 5761 Mallem
731 5707 1015 5773 indivisim,
1061 5708 1414 5779 ἀδιαιρέτως,
1460 5710 1882 5773 cumdiscretam,

1995 5501 2032 5556 i.
2055 5516 2106 5556 e.
2142 5503 2527 5556 coexistentem.
2558 5501 2757 5570 (Gale.,

2067 5572 2328 5714 iiii
2349 5569 2892 5710 gigiuﬂl’egaum,
2926 5638 3072 5714 quod
3105 5639 3301 5712 probo.
3328 5637 3538 5712 (ςαιε.)
3609 5639 3620 5646 ·
