3984 6198
427 244 567 312 1079
626 192 629 195 ’

1586 255 1647 315 S.
1687 257 1977 317 ΜΑΧῙΜΙ
2015 258 2526 319 CONFESSOR'IS

3544 242 3691 321 1030'

425 365 972 434 dominationensive
1014 358 1366 441 principatus,
1399 374 1506 426 sive
1548 382 1854 445 potestates,
1884 391 1998 429 om-

2106 373 2224 427 εττε
2280 373 2576 439 ἐξουσίαι,
2643 372 2841 428 πάντα
2897 372 2969 439 ἐξ
3020 370 3213 447 αὐτοῦ
3258 346 3464 426 καίδι*
3495 369 3684 426 αὐτοῦ

428 459 520 512 nia
545 472 614 519 ex,
652 460 786 528 ipso,
833 468 881 512 et
914 475 1007 529 per
1032 461 1228 531 ipsum,
1275 463 1406 516 etin
1445 466 1558 535 ipso
1587 476 1767 520 creata
1808 474 1930 519 sunt
1955 464 1998 524 ¹.

424 547 638 603 Causas
664 548 813 602 enim
845 563 1036 604 corum
1083 565 1205 621 quae
1260 551 1401 607 facta
1451 563 1580 609 sunt
1612 554 1823 611 habens
1874 565 2005 611 ante

428 641 626 695 sarcula
676 642 1145 710 praesubstitutas,
1186 646 1471 701 voluntate
1517 648 1659 703 bona
1695 649 2000 704 secundum

431 748 526 786 eas
546 731 823 787 visibilem
853 742 909 788 et
947 734 1284 791 invisibilem
1321 753 1388 792 ex
1410 754 1521 793 non
1538 740 1840 795 ex‘sistente
1866 741 1999 795 sub-

431 820 614 878 stituit
632 832 963 892 creaturam,
986 827 1198 882 ratione
1219 836 1275 882 et
1303 828 1574 899 sapientia
1589 830 1773 883 omnia
1807 844 2002 884 secun-

431 916 563 970 dum
598 925 972 986 opportunum
1008 927 1227 988 tempus
1265 929 1321 975 et
1362 920 1493 975 fecit
1533 920 1771 985 etfacit,
1802 930 1859 975 et
1880 936 2001 990 qua:

431 1006 818 1062 universaliter
848 1017 1050 1063 suntet
1063 1024 1186 1079 quae
1207 1025 1305 1079 per
1325 1010 1559 1081 singula.
1598 1011 1830 1066 Causam
1851 1012 1997 1067 enim

426 1097 747 1167 angelorum
785 1100 1083 1154 creationis
1112 1101 1451 1170 pres-duxisse
1480 1102 1757 1158 credimus
1779 1118 1999 1157 causam

426 1187 862 1259 uniuscujusque
907 1190 1300 1258 complcntium
1351 1191 1615 1245 mundum
1676 1191 1770 1260 qui
1835 1180 2013 1260 super

425 1293 529 1333 nos
553 1290 655 1344 est,
690 1280 1054 1334 essentiarum
1087 1290 1143 1335 et
1172 1282 1464 1347 virtutum;
1518 1285 1786 1337 rationem
1821 1281 2001 1335 homi-

425 1383 558 1422 num
588 1368 858 1423 rationem
883 1370 1314 1440 uniuscujusque
1343 1386 1407 1424 ex
1433 1371 1546 1425 Deo
1566 1384 1687 1425 esse
1724 1369 2002 1439 accipien-

427 1460 589 1525 tium,
615 1470 805 1515 utnon
839 1476 939 1530 per
970 1462 1181 1531 singula
1215 1462 1415 1527 dicam,
1444 1461 1714 1532 siquidem
1737 1461 1853 1532 ipse
1880 1459 2004 1515 inli-

425 1553 539 1605 nite
562 1567 659 1620 per
679 1553 922 1621 seipsum
944 1553 1413 1623 supereminentia
1447 1554 1579 1608 dum
1615 1556 1687 1609 sit
1709 1552 2004 1609 ineﬂabilis

426 1653 483 1697 et
528 1644 984 1715 inintelligibilis,
1046 1653 1103 1698 et
1156 1646 1336 1701 omnis
1391 1663 1604 1702 summa
1640 1655 1906 1701 creaturae
1947 1654 2004 1701 et

426 1736 740 1790 cxsistentis
770 1710 877 1805 per
942 1737 1177 1807 seipsam
1237 1748 1293 1793 et
1348 1739 1641 1794 intellectze
1673 1738 2001 1793 diil‘erentize
2034 1710 2077 1769 Β

427 1837 485 1883 ct
510 1827 896 1895 discretionis,
936 1830 1178 1899 seipsum
1236 1831 1293 1884 in
1329 1831 1584 1885 omnibus
1611 1870 1624 1895 ,
1682 1845 1805 1900 quae
1838 1846 1903 1884 ex
1933 1844 2001 1883 eo

428 1929 594 1984 sunt,
638 1920 977 1991 singulorum
1028 1921 1335 1993 analogiam
1387 1922 1529 1977 bene
1559 1937 1624 1976 ac
1663 1921 1895 1991 pulchre
1930 1920 2000 1991 (ο)

429 2010 728 2066 ostendens
749 2020 805 2065 et
822 2012 1215 2082 multiplicans,
1240 2020 1296 2067 et
1325 2013 1380 2067 in
1409 2029 1467 2069 se
1491 2013 1669 2083 ipsum
1698 2013 1882 2068 omnia
1920 2028 2006 2066 re-

429 2100 760 2170 capitulans,
797 2118 895 2171 per
926 2118 1089 2172 quem
1121 2111 1329 2159 etesse
1372 2115 1429 2159 et
1466 2118 1808 2175 permanere,
1852 2112 1908 2157 et
1936 2118 2004 2157 ex

430 2209 542 2263 quo
563 2209 684 2264 qua:
716 2194 899 2265 genita
943 2203 1073 2249 sunt
1101 2203 1155 2248 et
1189 2196 1465 2250 manentia
1504 2204 1560 2251 et
1603 2205 1749 2251 mota
1775 2195 2005 2266 partici-

430 2295 563 2356 pant
593 2287 787 2341 Deum.
830 2285 1025 2342 Omnia
1070 2287 1217 2342 enim
1247 2287 1604 2358 participant,
1656 2303 1725 2342 eo
1747 2288 1895 2357 quod
1936 2302 2005 2341 ex

430 2377 545 2432 Deo
571 2377 712 2433 facta
746 2388 895 2444 sunt,
946 2380 1434 2449 proportionaliter
1484 2381 1677 2444 Deum,
1736 2381 1850 2435 sive
1909 2366 2010 2450 per

432 2467 795 2533 intellectum,
825 2469 941 2523 sive
969 2470 1261 2536 rationem,
1294 2469 1408 2525 sive
1435 2485 1678 2532 sensum,
1729 2469 1843 2525 sive
1885 2484 2006 2525 mo-

432 2568 551 2613 tum
576 2559 819 2625 vitalem,
861 2560 975 2614 sive
999 2560 1351 2615 essentialem
1370 2561 1619 2615 habitum
1653 2568 1711 2617 et
1741 2569 2009 2631 opportu-

433 2648 687 2711 nitatem,
714 2658 775 2704 ut
802 2666 999 2721 magno
1021 2660 1075 2705 et
1102 2652 1293 2707 divino
1318 2652 1717 2708 manifestatori
1746 2653 2007 2724 Dionysio

432 2743 654 2797 videtur
682 2744 1045 2814 Areopagitaz.
1095 2742 1490 2815 Unusquisque
1519 2761 1650 2815 ergo
1680 2744 2005 2815 intelligibi-

434 2834 570 2888 lium
617 2844 675 2889 et
722 2834 1135 2890 rationabilium
1167 2830 1486 2905 angelorum
1518 2844 1573 2889 et
1594 2834 1878 2889 hominum
1912 2849 2010 2903 per

433 2942 554 2981 eam
580 2942 688 2997 qua
723 2935 944 2982 creatus
969 2936 1053 2982 est
1081 2927 1378 2993 rationem,
1411 2942 1517 2996 qua
1542 2926 1598 2980 in
1623 2926 1736 2981 Deo
1757 2933 1917 2981 estet
1940 2923 2008 2978 ad

2075 451 2318 530 ’καίἐίς
2352 462 2540 518 αὐτὸν
2565 464 2852 518 ἔκτισται.
2881 462 3022 527 Τοὺς
3058 461 3168 534 γὰρ
3200 461 3394 530 λόγους
3442 461 3549 514 τῶν
3589 477 3682 528 γε-

2101 560 2337 629 γονότων
2392 559 2532 631 ἔχων
2588 559 2695 630 πρὸ
2746 559 2857 613 τῶν
2919 558 3133 614 αἰώνων
3184 557 3504 627 ὑφεστῶτας
3560 555 3682 625 βου-

2099 651 2255 724 λήσει
2300 651 2478 722 ἀγαθῇ
2533 650 2655 704 κατ’
2708 651 2907 714 αὐτοὺς
2934 651 3035 720 τήν
3065 666 3124 702 τε
3150 647 3353 719 ὁρατῆν
3390 647 3483 699 καὶ
3514 647 3680 717 ἀόρα-

2098 760 2191 798 τον
2234 744 2299 796 ἐκ
2354 740 2453 796 τοῦ
2504 742 2580 812 μὴ
2631 740 2782 803 ὄντος
2813 740 3161 810 ὑπεστήσατο
3189 737 3388 801 κτίσιν,
3418 736 3561 807 λόγῳ
3587 737 3684 791 καί

2101 834 2263 906 σοφίᾳ
2313 833 2385 887 τὰ
2432 834 2613 888 πάντα
2656 832 2799 885 κατὰ
2834 831 2928 883 τὸν
2972 830 3163 883 δέοντα
3211 827 3404 898 χρόνον
3450 828 3685 895 ποιήσας

2099 941 2159 978 τε
2192 924 2287 978 καὶ
2320 922 2508 988 ποιῶν,
2548 921 2617 976 τά
2639 919 2870 975 καθόλου
2895 937 2957 973 τε
2987 919 3082 973 καί⁸
3118 917 3189 971 τὰ
3250 916 3374 970 καθ’
3428 916 3673 970 ἕκαστον.

2101 1017 2276 1084 Λόγον
2324 1015 2442 1085 ,γὰρ
2500 1013 2751 1082 ἀγγέλων
2805 1010 3170 1083 δημιουργίας
3215 1007 3676 1080 προκαθηγεῖσθαι

2102 1108 2455 1177 πιστεύομεν,
2502 1105 2663 1174 λόγον
2714 1104 2954 1172 ἑκάστης
2985 1102 3094 1155 τῶν
3129 1097 3566 1170 συμπληρουσῶν
3591 1098 3680 1150 τὸν

2102 1192 2214 1255 ἀνω
2242 1200 2445 1269 κόσμον
2473 1197 2669 1251 οὐσιῶν
2707 1198 2801 1250 καὶ
2831 1196 3136 1264 δυνάμεων,
3169 1193 3331 1260 λόγον
3363 1188 3673 1261 ἀνθρώπων,

2102 1292 2260 1361 λόγον
2294 1291 2498 1353 παντὸς
2536 1290 2583 1322 ’⁷
2623 1288 2733 1342 τῶν
2784 1289 2850 1341 ὲκ
2894 1284 3031 1339 Θεοῦ
3085 1284 3145 1338 τὺ
3200 1279 3342 1336 εἶναι
3389 1281 3673 1341 λαϐόντων,

2104 1385 2193 1437 ἵνα
2221 1381 2296 1452 μὴ
2325 1381 2392 1434 τὰ
2417 1379 2540 1434 καθ’
2573 1379 2805 1433 ἕκαστον
2830 1377 2997 1444 λέγω,
3027 1374 3119 1427 τὸν
3142 1372 3307 1427 αὐτὸν
3341 1371 3441 1442 μὲν
3470 1369 3674 1439 ἀπείρῳ

2102 1473 2168 1528 δι’
2193 1471 2383 1526 ἑαυτὸν
2412 1472 2654 1542 ὑπεροχῇ
2690 1470 2969 1539 ἄφραστον
3002 1465 3132 1519 ὄντα
3165 1464 3262 1517 καί⁸
3290 1460 3681 1529 ἀκατανόητον,

2103 1565 2199 1619 καὶ
2249 1564 2430 1634 πάσης
2484 1562 2740 1615 ἐπέκεινα
2786 1560 3039 1622 κτίσεως,
3079 1556 3178 1611 καὶ
3207 1555 3307 1625 τῆς
3343 1553 3466 1608 κατ’
3517 1552 3681 1621 αὐτὴν

2104 1657 2272 1729 οὔσης
2326 1657 2422 1709 καὶ
2467 1653 2764 1724 νοουμένης
2794 1651 3057 1722 διαφορᾶς
3088 1649 3183 1702 καὶ
3214 1645 3559 1717 διακρίσεως,
3589 1643 3679 1697 καῖ

2102 1748 2194 1803 τὸν
2223 1747 2387 1802 αὑτὸν
2409 1741 2467 1799 ὲν
2499 1746 2634 1800 πᾶσι
2659 1745 2774 1806 τοῖς
2804 1742 2864 1807 ἐξ
2909 1741 3075 1794 αὑτοῦ
3119 1737 3261 1792 κατά
3306 1737 3407 1807 τὴν
3452 1734 3675 1788 ἑκάστου

2101 1840 2395 1909 ἀναλογίαν
2438 1835 2849 1907 ἀγαθοπρεπῶς
2898 1832 3079 1905 (123
3118 1829 3170 1901 b)
3224 1826 3575 1897 δεικνύμενόν
3622 1824 3683 1879 τε

2102 1935 2199 1989 καὶ
2230 1931 2656 2000 πληθυνόμενον,
2680 1926 2775 1982 καὶ
2800 1926 2879 1988 εἰς
2902 1924 3093 1977 ἑαυτὸν
3141 1921 3215 1976 τά
3269 1920 3445 1974 πάντα
3488 1917 3679 1970 ἀνακε-

2103 2023 2522 2094 φαλαιούμενον,
2550 2019 2674 2072 καθ’
2713 2017 2772 2071 ὃν
2796 2018 2859 2070 τό
2887 2033 2946 2069 τε
2985 2010 3243 2067 εἶναικαὶ
3283 2010 3345 2063 τὸ
3386 2007 3681 2079 διαμένειν,

2105 2120 2199 2173 καὶ
2225 2116 2286 2183 ἐξ
2320 2111 2382 2171 οῦ
2409 2114 2479 2169 τὰ
2502 2112 2763 2184 γεγονότα
2794 2111 2869 2174 ὡς
2896 2110 3113 2178 γέγονε,
3147 2106 3244 2160 καί⁸
3279 2105 3364 2173 ἐφ’
3397 2097 3441 2172 ᾧ
3471 2102 3680 2172 γέγονε.

2104 2210 2199 2265 καὶ
2260 2209 2488 2280 μένοντα
2545 2205 2640 2258 καὶ
2685 2201 2984 2271 κινούμενα
3032 2198 3252 2270 μετέχει
3301 2193 3458 2249 Θεοῦ.
3503 2192 3686 2247 Πάντα

2105 2303 2216 2374 γὰρ
2250 2297 2577 2372 μετέχειδιά
2620 2296 2680 2349 τὸ
2719 2296 2784 2349 ὲκ
2813 2293 2951 2348 Θεοῦ
2998 2288 3370 2360 γεγενῆσθαι,
3409 2285 3687 2353 ἀναλόγως

2107 2392 2265 2456 Θεοῦ,
2294 2391 2329 2463 ἢ
2387 2388 2528 2444 κατά
2552 2386 2700 2451 νοῦν,
2732 2386 2765 2457 ἢ
2796 2383 3034 2455 λόγον,ἢ
3065 2383 3343 2453 αἴσθησιν,
3393 2380 3426 2449 ἢ
3475 2379 3689 2446 κίνησιν

2108 2482 2383 2553 ζωτικὴν,
2437 2480 2471 2552 ἢ
2527 2477 2763 2549 οὐσιώδη
2823 2477 2918 2531 καὶ
2974 2474 3201 2543 ἐκτικὴν
3251 2470 3686 2541 ἐπιτηδειότητα,

2107 2575 2184 2639 ὡς
2217 2574 2295 2645 τῷ
2328 2572 2553 2645 μεγάλῳ
2586 2569 2682 2624 καὶ
2729 2568 3048 2638 θεοφάντορι
3100 2562 3363 2632 Διονυσίῳ
3423 2560 3575 2613 δοκεῖ
3615 2556 3691 2627 τῷ

2122 2665 2512 2735 Ἀρεοπαγίτῃ.
2540 2662 2814 2715 Ἕκαστον
2849 2654 2943 2712 οῦν
2961 2657 3072 2712 τῶν
3094 2655 3297 2726 νοερῶν
3328 2671 3386 2707 τε
3420 2652 3518 2706 καὶ
3546 2651 3691 2717 λογι-

2109 2759 2222 2814 κῶν
2249 2755 2498 2827 ἀγγέλων
2526 2771 2587 2807 τε
2638 2752 2735 2807 καὶ
2784 2748 3091 2821 ἀνθρώπων
3146 2745 3297 2816 αὐτῷ
3342 2742 3420 2814 τῷ
3466 2741 3591 2795 καθ’
3636 2740 3692 2794 ὃν

2111 2847 2340 2918 ἐκτίσθη
2390 2845 2537 2916 λόγῳ
2585 2842 2666 2913 τῷ
2721 2843 2779 2895 ὲν
2848 2839 2931 2911 τῷ
2992 2837 3114 2908 Θεῷ
3171 2836 3326 2898 ὄντι,
3394 2834 3490 2887 καὶ
3560 2830 3692 2902 πρὸς

2111 2942 2203 2996 τὸν
2253 2940 2386 2995 Θεὸν
2436 2939 2571 3001 ὖντι,
2637 2937 2802 3007 μοῖρα
2845 2933 2942 2988 καὶ
2988 2930 3207 3000 λέγεται
3257 2929 3353 2983 καὶ
3391 2926 3508 2980 ἔστι
3537 2924 3693 2985 Θεοῦ,

430 3019 606 3075 Deum
635 3026 740 3081 est,
774 3034 905 3089 pars
942 3025 1028 3073 est
1056 3026 1113 3073 et
1141 3018 1355 3103 (Ποίων,
1377 3017 1473 3072 Dei
1516 3033 1615 3086 per
1655 3032 1809 3071 suam
1852 3025 2008 3071 ante-

2110 3033 2199 3089 διά
2230 3033 2323 3087 τὸν
2346 3029 2511 3085 αὑτοῦ
2543 3028 2780 3100 προόντα
2831 3026 2888 3079 ὲν
2919 3023 2999 3094 τῷ
3040 3021 3181 3092 Θεῷ,
3223 3018 3407 3083 καθὼς
3454 3018 3692 3115 εἴρηται,

431 3110 785 3166 οιείειειιιειη
817 3111 874 3164 in
901 3111 1036 3175 Deo,
1062 3110 1207 3165 sicut
1236 3091 1448 3165 dictum
1481 3118 1595 3173 est,
1628 3123 1871 3164 causam.
1899 3108 2005 3161 Ita-

431 3220 542 3276 que
568 3204 614 3258 si
646 3203 949 3258 secundum
985 3204 1159 3274 ipsam
1190 3212 1527 3269 moveretur,
1575 3203 1632 3257 in
1671 3203 1783 3258 Deo
1826 3200 2011 3267 ﬁeret,

431 3292 492 3347 in
524 3307 634 3362 quo
652 3291 907 3346 essentia;
926 3306 1040 3347 suae
1058 3292 1199 3347 ratio
1220 3292 1541 3357 ante-inest,
1572 3299 1632 3346 ut
1654 3290 1708 3344 in
1734 3290 2012 3361 principio

431 3391 490 3438 et
511 3398 698 3449 causa,
731 3392 787 3438 et
816 3384 1025 3440 nullius
1051 3384 1284 3455 alicujus
1317 3392 1443 3439 ante
1485 3383 1770 3454 proprium
1809 3383 2014 3453 princi-

432 3475 585 3545 pium
611 3474 949 3531 desiderium
980 3475 1232 3545 accipere
1254 3475 1438 3540 vellet,
1470 3489 1654 3544 neque
1681 3473 1944 3529 retineret
1978 3489 2009 3527 a

432 3566 570 3630 Deo,
602 3566 698 3621 sed
732 3566 906 3638 magis
932 3582 1034 3637 per
1057 3582 1178 3622 eam
1211 3580 1332 3636 qua:
1361 3565 1429 3620 ad
1458 3580 1586 3620 eum
1621 3574 1708 3620 est
1746 3562 2006 3620 intentio-

432 3671 582 3720 nem,
613 3657 757 3711 Deus
780 3655 1006 3712 ﬂeretet
1033 3672 1162 3726 pars
1190 3655 1287 3710 Dei
1308 3655 1592 3711 diceretur
1623 3654 2011 3725 participando

434 3747 872 3803 connaturaliter
916 3748 1109 3814 Deum,
1160 3756 1350 3817 utpote
1402 3746 1707 3802 secundum
1756 3754 2011 3800 naturam

435 3839 715 3911 sapienter
770 3855 834 3896 ac
877 3840 1280 3895 rationabiliter
1302 3855 1402 3910 per
1459 3839 1758 3909 pulchrum
1802 3846 2012 3892 motum

435 3948 597 3989 suum
619 3939 946 4004 accepturus
966 3932 1301 4003 principium
1321 3940 1378 3986 et
1403 3945 1646 3997 causam,
1670 3945 1781 3984 non
1804 3930 2015 3985 habens

435 4025 699 4080 aliorsum
722 4025 791 4079 de
820 4031 1021 4079 caetero
1059 4030 1184 4093 post
1212 4038 1372 4078 suum
1398 4020 1730 4093 principium
1758 4021 1825 4076 ad
1850 4022 2017 4077 ratio-

434 4131 563 4171 nem
598 4132 700 4187 per
718 4129 882 4186 quam
902 4121 1187 4170 crearetur
1212 4128 1499 4168 ascensum
1528 4121 1585 4167 et
1607 4114 2013 4169 restitutionem

433 4206 697 4263 movendi
729 4214 833 4262 aut
852 4207 1130 4278 quomodo
1162 4214 1498 4271 moveretur,
1531 4205 1587 4260 in
1639 4205 1829 4261 divino
1862 4206 2019 4261 vide-

435 4301 570 4358 licet
599 4301 904 4368 desiderio,
944 4311 1097 4358 motu
1133 4317 1236 4357 suo
1265 4300 1446 4372 ipsum
1474 4300 1638 4355 tinem
1675 4302 2016 4371 accipiente,
2046 4297 2053 4303 ’

2111 3127 2288 3197 λόγον.
2336 3123 2553 3195 Ἀμέλει
2593 3139 2698 3186 τοι,
2749 3119 2844 3175 καί¹
2874 3119 2923 3171 εἰ
2963 3117 3085 3171 κατ’
3117 3113 3279 3168 αὐτὸν
3320 3108 3601 3181 κινηθείη,
3639 3110 3696 3160 ὲν

2110 3216 2190 3288 τῷ
2237 3213 2356 3285 Θεῷ
2401 3214 2718 3284 γενήσεται,
2765 3211 2823 3262 ὲν
2868 3201 2911 3277 ᾧ
2951 3209 2979 3261 ὁ
3014 3205 3109 3259 τοῦ
3148 3199 3290 3258 εἶναι
3332 3200 3501 3256 αὑτοῦ
3542 3200 3697 3267 λόγος

2112 3307 2451 3380 προένεστιν,
2489 3303 2567 3369 ὡς
2602 3302 2746 3376 ἀρχὴ
2780 3303 2874 3355 καὶ
2909 3298 3086 3360 αἰτία,
3121 3297 3227 3353 κᾶν
3261 3295 3494 3367 μηδενὸς
3526 3294 3692 3349 ἄλλου

2114 3379 2222 3472 πρὸ
2251 3398 2350 3469 τῆς
2400 3396 2539 3460 ἰδίας
2567 3395 2746 3467 ἀρχῆς
2787 3391 2930 3448 κατὰ
2958 3390 3122 3444 πόθον
3148 3386 3513 3443 ἐπιλαϐέσθαι
3544 3386 3697 3454 θελή.
3785 3379 3790 3384 ·

2114 3511 2219 3563 σοι,
2249 3492 2349 3545 οῦκ
2379 3488 2647 3561 ἀπορῤέει
2683 3485 2843 3551 Θεοῦ,
2872 3482 3011 3539 ἀλλὰ
3043 3481 3249 3554 μᾶλλον
3278 3482 3346 3549 τῇ
3375 3478 3512 3549 πρὸς
3539 3477 3697 3532 αὑτὸν

2113 3581 2376 3639 ἀνατάσει
2435 3578 2567 3642 Θεὸς
2612 3576 2823 3646 γίνεται
2860 3574 2952 3627 καὶ
3008 3575 3173 3642 μοῖρα
3211 3566 3345 3622 Θεοῦ
3377 3566 3602 3635 λέγεται
3624 3563 3699 3634 τῷ

2118 3674 2369 3746 μετέχειν
2410 3668 2799 3743 προσηκόντως
2839 3663 2996 3729 Θεοῦ,
3039 3663 3114 3727 ὡς
3152 3661 3292 3715 κατά
3322 3661 3486 3730 φύσιν
3520 3655 3696 3746 σοφῷς

2113 3744 2175 3822 τε
2228 3744 2324 3821 καὶ
2369 3761 2770 3832 λελογισμένως
2824 3757 2893 3812 δι’
2929 3753 3239 3827 εὐπρεποῦς
3282 3750 3558 3821 κινήσεως
3602 3744 3698 3814 τῆς

2114 3854 2322 3918 οἰκείας
2361 3851 2753 3922 ἐπιλαϐόμενος
2771 3848 2816 3881 ’⁸
2853 3845 3031 3918 ἀρχῆς
3062 3844 3154 3898 καὶ
3199 3840 3400 3907 αἰτίας,
3429 3839 3534 3895 οὐκ
3566 3837 3700 3909 ἔχων

2115 3943 2301 3998 λοιπὸν
2323 3939 2506 3997 ἄλλοθί
2531 3956 2626 3992 ποι
2653 3937 2791 4009 μετά
2815 3936 2915 4007 τὴν
2950 3936 3087 3989 ἰδίαν
3113 3931 3287 4004 ἀρχὴν
3314 3930 3412 3984 καὶ
3432 3929 3535 3999 τὴν
3568 3927 3699 4000 πρὸς

2116 4033 2208 4088 τὸν
2230 4030 2351 4086 καθ’
2378 4030 2438 4084 ὃν
2480 4026 2705 4098 ἐκτίσθη
2750 4012 2909 4095 λόγον
2951 4022 3138 4079 άνοδόν
3171 4037 3231 4075 τε
3278 4019 3376 4073 καὶ
3423 4016 3700 4074 ἀποκατά-

2120 4138 2310 4176 στασιν
2362 4118 2675 4191 κινηθῆναι,
2719 4115 2753 4186 ἢ
2805 4114 2923 4179 πῶς
2974 4111 3285 4183 κινηθῆναι,
3350 4109 3451 4178 τῆς
3494 4106 3590 4160 ἐπὶ
3626 4102 3700 4173 τῷ

2119 4214 2248 4282 θείῳ
2284 4211 2526 4283 δηλονότι
2570 4208 2760 4279 σκοπῷ
2804 4207 3071 4278 κινήσεως
3114 4200 3282 4257 αὐτοῦ
3312 4199 3475 4255 αὐτὸν
3517 4198 3691 4269 πέρας

2118 4304 2393 4376 λαϐούσης
2431 4303 2523 4357 τὸν
2566 4300 2711 4354 θεῖον
2747 4298 2971 4353 σκοπόν.
3012 4296 3102 4360 Ὠς
3155 4293 3306 4364 δηλοῖ
3352 4291 3447 4346 καὶ
3489 4290 3521 4343 ό
3551 4289 3701 4357 ἅγιος

438 4393 683 4449 divinam
714 4384 983 4449 visionem
1008 4435 1024 4460 ,
1061 4401 1122 4449 ut
1171 4394 1409 4450 Basilius
1460 4393 1703 4449 declarat
1755 4393 1813 4446 in
1846 4392 2009 4447 inter-

2122 4396 2427 4460 Βασίλειος,
2469 4395 2528 4447 ἐν
2565 4394 2633 4464 τῇ
2675 4393 2755 4456 εἰς
2789 4390 2884 4446 τὸν
2924 4388 3080 4457 ἆγιον
3128 4384 3416 4456 προφήτην
3470 4379 3701 4435 Ἠσαίαν

437 4488 749 4558 pretatione
788 4488 844 4542 in
888 4492 1138 4542 sanctum
1183 4487 1511 4557 prophetam
1551 4485 1747 4540 Isaiam
1777 4524 1792 4551 ,
1827 4484 2009 4541 dicens

2117 4487 2407 4562 ἑρμηνείᾳ,
2436 4485 2610 4553 λέγων
2634 4482 2832 4546 οῦτωςο
2869 4500 2888 4532 ι
2912 4479 3172 4534 Σάϐϐατα
3193 4477 3251 4530 δὲ
3277 4472 3464 4546 (12‘.
3486 4473 3545 4543 a)
3574 4470 3702 4541 ἀλη-

439 4577 566 4633 sic:
606 4595 625 4628 ι
661 4576 903 4632 Sabbata
943 4583 1129 4631 autem
1158 4591 1285 4631 vera
1330 4584 1461 4630 sunt
1509 4573 1753 4643 reposita
1800 4573 2009 4644 requies

2118 4581 2186 4652 θῆ
2213 4581 2247 4652 ή
2281 4576 2623 4647 ἀποκειμένη
2657 4575 2968 4636 ἀνάπαυσις
3005 4570 3083 4642 τῷ
3105 4569 3220 4641 λαῷ
3252 4567 3347 4623 τοῦ
3374 4565 3536 4633 Θεοῦ,
3561 4566 3703 4631 άπερ

440 4667 647 4738 populo
672 4667 791 4731 Dei,
823 4681 945 4736 qua:
967 4665 1189 4735 quidem
1227 4680 1295 4721 eo
1334 4664 1482 4735 quod
1509 4679 1641 4719 vera
1673 4663 1786 4719 sint
1823 4664 2009 4734 recipil

2127 4671 2217 4726 διά
2263 4670 2326 4723 τὸ
2368 4667 2542 4739 ἀληθῆ
2590 4661 2732 4719 εἶναι
2776 4664 3028 4735 ἀνέχεται
3071 4665 3100 4716 ό
3127 4661 3260 4726 Θεὸς
3286 4660 3383 4716 καί¹
3404 4658 3600 4730 φθάνει
3642 4672 3702 4725 γε

440 4760 590 4814 Deus
610 4766 667 4813 et
695 4757 1012 4813 manifestat
1053 4772 1268 4812 summa
1295 4756 1532 4811 Sabbata
1565 4755 1789 4826 quietis,
1817 4754 1909 4810 ille
1933 4760 2009 4813 cui

2118 4760 2206 4814 ἐπ’
2241 4760 2425 4813 ὲκείνα
2456 4758 2529 4812 τὰ
2560 4755 2825 4810 ’Σάϐϐατα
2867 4754 2970 4823 τῆς
3006 4753 3393 4819 ἀναπαύσεως,
3440 4751 3575 4822 παρ’
3605 4742 3649 4816 ᾧ
3675 4748 3702 4800 ό

440 4849 684 4905 mundus
705 4846 1002 4903 cruciﬁxus
1026 4856 1130 4909 est,
1150 4846 1442 4901 discedens
1464 4844 1711 4916 profecto
1734 4861 1764 4900 a
1788 4846 2009 4901 munda-

2125 4851 2329 4921 κόσμος
2356 4848 2721 4920 ἐσταύρωται,
2747 4845 2990 4908 ἀποστὰς
3015 4844 3255 4915 δηλονότι
3271 4828 3380 4896 τῶν
3402 4839 3702 4912 κοσμικῶν,

442 4941 551 5005 nis,
579 4948 636 4995 et
664 4939 719 4994 in
745 4938 1035 5009 proprium
1064 4938 1242 4992 locum
1268 4936 1579 5006 ερίτίιυειίε
1595 4935 1801 5006 quietis
1824 4952 2009 4991 occur-

2126 4941 2223 4996 καὶ
2255 4941 2350 4995 ἐπὶ
2392 4939 2485 4994 τὸν
2521 4940 2651 4993 ἴδιον
2694 4938 2862 4991 τόπον
2891 4937 2993 5007 τῆς
3050 4935 3427 5006 πνευματικῆς
3457 4929 3704 4987 ἀναπαύ-

443 5048 593 5099 rens,
622 5032 679 5087 in
717 5045 828 5103 quo
859 5030 1038 5087 factus
1064 5045 1177 5085 non
1198 5031 1312 5101 jam
1335 5029 1648 5085 movebitur
1675 5045 1704 5084 a
1734 5044 1836 5085 suo
1873 5030 2009 5095 loco,

2128 5045 2267 5092 σεως
2297 5029 2671 5098 καταντήσας,
2698 5028 2758 5080 ὲν
2797 5018 2842 5092 ᾧ
2862 5028 2890 5080 ὁ
2912 5027 3205 5095 γενόμενος
3243 5025 3345 5078 οὐκ
3365 5023 3448 5077 ἔτι
3476 5021 3704 5092 κινηθή⁹

430 5122 580 5181 dum
617 5122 690 5179 sit
713 5122 995 5179 silentium
1029 5125 1086 5177 et
1116 5136 1220 5192 pax
1249 5121 1395 5177 circa
1428 5121 1580 5176 illum
1625 5128 1851 5176 statum.
1885 5120 2009 5177 Om‘

2128 5137 2278 5174 σεται
2326 5120 2435 5175 ἀπὸ
2474 5119 2568 5175 τοῦ
2619 5119 2749 5175 ἰδίου
2790 5120 2983 5187 τόπου,
3008 5118 3244 5190 ἡσυχίας
3276 5118 3370 5172 καὶ
3400 5112 3702 5187 ἀταραξίας

523 5263 547 5306 ι
581 5264 800 5323 Coloss.
838 5280 877 5329 ι,
910 5264 995 5319 16.

2394 5288 2419 5307 ,Ι

1729 5353 1967 5409 \‘Allle
2011 5353 2414 5413 LECTIONES.

531 5447 582 5483 "
612 5448 832 5504 πάντων
854 5448 943 5505 ed.
972 5447 1090 5503 Gai.
1176 5447 1220 5479 ’⁸
1262 5445 1397 5508 ἰδίας
1419 5444 1926 5515 ἐπιλαμϐανόμενος
1959 5444 2049 5499 ed.
2081 5445 2200 5501 Gal.

1970 5556 2197 5611 NOTAE.

523 5656 598 5729 (c)
627 5654 789 5711 Verte
840 5651 1217 5723 pertransiens.
1267 5648 1451 5704 Graece
1490 5646 1879 5718 διῖκνοὺμενον.
1924 5647 2127 5717 (Galc.)
