3984 6198
445 279 574 346 1031

1667 285 2184 347 AMBIGUORUM
2223 286 2473 346 LIBER.

3558 287 3577 348 i
3588 289 3695 352 082

440 396 570 469 περὶ
596 393 693 464 τὴν
729 392 1069 447 κατάστασιν
1098 393 1316 463 ἐκείνην
1365 393 1719 464 ὑπαρχούσης
1741 410 1754 424 ⁸
1794 395 2014 448 πάντων

2118 395 2272 448 nium
2308 394 2478 465 igitur
2514 394 2669 449 locus
2710 394 3003 466 dignorum
3031 394 3126 450 tali
3168 393 3513 449 beatitudine
3548 396 3694 452 Deus

436 484 533 543 οὖν
563 485 726 548 τόπος
761 483 869 536 τῶν
897 482 1234 553 ἀξιουμένων
1263 483 1364 551 τῆς
1391 483 1652 554 τοιαύτης
1681 486 2017 554 μακαριότη-

439 577 531 639 τός
567 579 719 630 ἐστιν
750 578 778 628 6
808 574 939 637 Θεὸς
972 575 1116 647 κατὰ
1147 576 1208 627 τὸ
1239 574 1627 647 γεγραμμένον
1652 591 1664 604 ο
1696 576 1891 629 Γενοῦ
1911 593 2016 645 μοι

439 669 528 733 είς
589 666 739 720 Θεὸν
781 666 1253 734 ὑπερασπιστὴν
1287 664 1386 720 καὶ
1423 668 1511 731 εις
1560 657 1750 722 mm-
1791 666 2020 735 ὀχυρὸν

440 744 556 813 τοῦ
585 757 783 812 σῶσαί
809 773 906 826 με.
935 774 953 806 ι
994 756 1131 827 Παρ’
1160 748 1204 825 ᾧ
1244 756 1477 827 βεϐαίως
1512 757 1729 810 πάντων
1779 758 1826 809 οἱ
1869 757 2017 823 λόγοι

444 851 724 919 πεπήγασι
768 848 890 901 καθ’
929 846 1022 911 οὓς
1071 849 1166 901 καὶ
1200 848 1490 915 γινώσκειν
1541 848 1610 902 τὰ
1668 850 1844 903 πάντα
1888 849 2019 918 πρὶν

444 942 709 1007 γενέσεως
738 941 918 993 αὐτῶν
949 940 1190 1008 λέγεται,
1219 939 1293 1003 ὡς
1321 941 1379 993 ἐν
1422 941 1571 1011 αὐτῷ
1597 944 1691 994 καὶ
1720 941 1850 1013 παρ’
1870 940 2020 1010 αὐτῷ

442 1031 632 1095 ὄντων,
662 1031 798 1099 αὐτῇ
845 1033 911 1102 τῇ
957 1029 1190 1101 ἀληθείᾳ
1230 1030 1339 1084 τῶν
1368 1032 1605 1084 πάντων.
1637 1030 1758 1086 Κᾶν
1791 1033 1839 1084 εί
1874 1031 2019 1086 αὐτὰ

440 1123 508 1176 τὰ
547 1124 741 1181 πάντα.
782 1123 852 1175 τά
880 1139 937 1174 τε
967 1121 1098 1176 ὄντα
1127 1124 1223 1175 καὶ
1249 1123 1314 1175 τὰ
1350 1122 1604 1194 ἐσόμενα,
1636 1123 1733 1193 οὐχ
1759 1124 1877 1193 ἅμα
1905 1125 2018 1186 τοῖς

358 1246 373 1258 ο
440 1214 653 1266 ἑαυτῶν
703 1213 904 1281 λόγοις,
936 1213 969 1284 ἢ
1003 1213 1081 1282 τῷ
1114 1213 1428 1283 γνωσθῆναι
1473 1214 1581 1268 ὐπὸ
1625 1214 1782 1275 Θεοῦ,
1830 1215 1911 1278 είς
1960 1213 2020 1267 τὺ

439 1301 579 1358 εἶναι
602 1305 989 1376 παρήχθησαν,
1024 1304 1142 1358 ἀλλ’
1172 1306 1380 1359 ἕκαστα
1419 1305 1495 1376 τῷ
1529 1305 1819 1375 ἐπιτηδείῳ
1842 1303 2020 1374 καιρῷ

442 1397 584 1452 κατὰ
598 1397 695 1468 τὴν
711 1398 804 1451 τοῦ
824 1397 1169 1468 Δημιουργοῦ
1191 1397 1381 1466 σοφίαν
1403 1398 1721 1468 πρεπόντως
1732 1397 1872 1449 κατὰ
1894 1397 2021 1460 τοὺς

441 1485 650 1539 ἑαυτῶν
683 1485 872 1553 λόγους
902 1485 1383 1555 δημιουργούμενα
1411 1487 1504 1538 καὶ
1527 1485 1650 1539 καθ’
1684 1484 1851 1538 ἑαυτὰ
1878 1480 2037 1538 εἶναι

438 1579 505 1647 τῇ
522 1575 770 1647 ἐνεργείᾳ
785 1575 849 1629 λα
860 1575 1056 1646 μϐάνῃ.
1078 1575 1294 1644 Ἐπειδὴ
1316 1577 1342 1630 6
1363 1575 1460 1645 μὲν
1478 1576 1564 1630 ἀεὶ
1592 1575 1714 1629 κατ’
1736 1575 2033 1647 ἐνέργειάνΔ

440 1665 555 1715 ἔστι
583 1663 946 1734 Δημιουργὸς,
984 1664 1055 1717 τὰ
1082 1663 1139 1716 δὲ
1172 1664 1398 1735 δυνάμει
1439 1665 1538 1734 μέν
1565 1667 1732 1732 ἐστιν,
1765 1666 2018 1737 ἐνεργείᾳ

438 1754 495 1807 δὲ
525 1755 626 1808 οὐκ
656 1753 736 1807 ἔτι
756 1771 769 1784 ·
806 1756 891 1807 ὅτι
917 1755 1053 1825 μηδὲ
1080 1749 1192 1808 οἶόν
1228 1773 1287 1808 τε
1314 1755 1421 1809 τῶν
1460 1755 1574 1825 ἅμα
1598 1752 1819 1809 εἶναιτὸ
1852 1758 2016 1811 ἄπει-

440 1861 534 1915 ρον
565 1844 661 1898 καὶ
692 1843 760 1897 τὰ
789 1844 1203 1914 πεπερασμένα.
1240 1844 1362 1897 οὐδέ
1390 1861 1476 1907 τις
1507 1843 1675 1909 δεῖξαι
1705 1843 1861 1913 λόγος
1882 1846 2016 1899 ἀνα-

438 1935 741 2005 φανήσεται
784 1935 893 1988 τῶν
937 1935 1055 2004 ἅμα
1106 1931 1246 1989 εἶναι
1274 1934 1536 1989 δύνασθαι
1569 1936 1669 2006 τὴν
1706 1936 1896 1989 οὐσίαν
1922 1937 2017 1990 καὶ¹

435 2024 500 2079 τὸ
547 2025 893 2098 ὑπεροὺσιον,
942 2027 1040 2079 καὶ
1079 2028 1161 2090 είς
1196 2026 1404 2079 -ταυτδν
1449 2026 1675 2095 ἀγαγεῖν
1716 2026 1794 2097 τῷ
1826 2028 1885 2079 ὲν
1921 2026 2017 2096 μέ-

436 2133 552 2188 τρῳ
572 2116 634 2169 τὸ
662 2116 900 2188 ἄμετρον
917 2117 985 2181 ⁸³,
1016 2118 1108 2171 καὶ
1132 2117 1210 2188 τῷ
1230 2120 1295 2171 ἐν
1329 2117 1513 2188 σχέσει
1550 2118 1611 2171 τὸ
1642 2118 1893 2189 ἄσχετον,
1922 2121 2038 2173 καις

436 2207 497 2260 τὸ
532 2206 699 2280 μηδὲν
732 2207 855 2279 ἔχον
887 2210 973 2262 ἐπ’
1004 2208 1170 2263 αὐτοῦ
1213 2209 1552 2280 κατηγορίας
1593 2205 1734 2272 εἶδος
1765 2228 2016 2280 καταφα-

439 2296 705 2369 σκόμενον
734 2298 814 2370 τῷ
841 2299 931 2352 διὰ
962 2300 1182 2352 πάντων
1222 2301 1433 2354 τούτων
1465 2299 1651 2372 (124
1678 2300 1728 2370 b)
1763 2318 2014 2355 συνιστα-

443 2390 615 2464 μένῳ.
652 2391 837 2445 Πάντα
882 2391 991 2462 γὰρ
1018 2392 1088 2444 τὰ
1128 2391 1321 2444 κτιστὰ
1363 2393 1485 2445 κατ’
1507 2392 1697 2445 οὐσίαν
1719 2409 1778 2445 τε
1803 2394 1897 2447 καὶ
1924 2393 2019 2462 γέ-

436 2499 585 2535 νεσιν
616 2482 932 2535 παντάπασι
969 2482 1381 2549 καταφάσκεται
1428 2484 1542 2544 τοῖς
1576 2481 1729 2546 ἰδίοις
1767 2482 1862 2537 καὶ
1903 2485 2018 2547 τοῖς

436 2573 569 2645 περὶ
598 2573 735 2627 αὐτὰ
759 2569 878 2626 οὖσι
908 2572 1014 2625 τῶν
1046 2573 1202 2636 ἐκτὸς
1242 2572 1421 2641 λόγοις
1479 2574 1860 2645 περιεχόμενα.
1890 2573 2020 2628 Ὕπ-

437 2663 780 2736 εξῃρημένης
803 2658 897 2717 οὐν
928 2664 1026 2733 τῆς
1052 2662 1228 2733 ἄκρας
1248 2663 1343 2717 καὶ
1362 2664 1705 2733 ἀποφατικῆς
1733 2665 1826 2717 τοῦ
1856 2665 2018 2734 λόγου

438 2744 740 2822 θεολογίας,
775 2755 897 2809 καθ’
929 2755 995 2826 ἥν
1020 2753 1143 2808 οὐτε
1179 2754 1422 2823 λέγεται,
1451 2754 1577 2809 οὕτε
1603 2758 1806 2809 νοεῖται
1825 2757 1866 2820 ί,
1894 2756 2020 2823 οὔτε

439 2846 554 2900 ἔστι
583 2846 647 2899 τὺ
690 2845 911 2899 σύνολόν
942 2864 997 2899 τι
1024 2845 1134 2899 τῶν
1179 2845 1326 2915 ἄλλῳ
1348 2847 1369 2877 ’
1420 2847 1910 2918 συνεγνωσμένων,
1941 2848 2018 2913 ὡς

440 2936 781 3010 ὐπερούσιος,
807 2937 928 2991 οὐδὲ
960 2937 1064 2991 ὑπό
1093 2954 1237 2999 τινος
1256 2937 1507 3007 οὐδαμῶς
1529 2938 1655 2992 καθ’
1680 2939 1858 2994 ὁτιοῦν
1888 2957 2014 3010 μετ⁵

437 3029 642 3100 ἔχεται,
687 3028 873 3083 πολλοὶ
926 3029 1075 3097 λόγοι
1119 3031 1148 3083 ό
1197 3024 1278 3092 εἷς
1334 3030 1492 3098 λόγος
1526 3031 1665 3095 ἐστὶ,
1712 3032 1807 3086 καὶ
1845 3027 1926 3096 εἷς
1963 3034 2014 3087 oi

437 3118 660 3173 πολλοί·
687 3119 828 3174 κατὰ
872 3119 1105 3190 μὲν.τὴν
1146 3120 1505 3192 ἀγαθοπρεπῆ
1549 3123 1629 3186 είς
1655 3123 1721 3177 τὰ
1748 3122 1881 3178 ὄντα
1919 3123 2014 3177 τοῦ

436 3209 556 3272 ἑνὸς
597 3208 893 3279 ποιητικήν
938 3226 1000 3261 τε
1027 3210 1119 3263 καὶ
1152 3211 1479 3282 συνεκτικὴν
1509 3212 1737 3283 πρόοδον
1768 3212 1956 3267 πολλοὶ
1986 3216 2015 3268 6

436 3295 540 3366 εἷς,
580 3300 724 3354 κατὰ
752 3299 809 3352 δὲ
839 3298 939 3370 τὴν
979 3301 1062 3363 εἰς
1103 3299 1194 3353 τὸν
1231 3299 1332 3355 ἕνα
1363 3300 1472 3355 τῶν
1505 3302 1720 3356 πολλῶν
1753 3303 2016 3375 ἐπιστρε-

434 3389 640 3459 πτικήν
678 3406 737 3442 τε
764 3389 859 3443 καὶ
888 3390 1298 3462 χειραγωγικὴν
1331 3392 1619 3464 ἀναφοράν
1648 3410 1709 3446 τε
1744 3394 1841 3448 καὶ
1882 3395 2027 3465 πρό-·

435 3498 609 3546 νοιαν,
644 3480 836 3552 ὥσπερ
865 3482 946 3545 είς
978 3480 1156 3560 ἀρχὴν
1182 3483 1752 3558 παντοκρατορικὴνῆ
1789 3484 2016 3557 κέντρον

430 3573 543 3628 τῶν
573 3572 635 3639 ἐξ
678 3573 845 3628 αὐτοῦ
892 3572 1121 3627 εὐθειῶν
1166 3574 1268 3638 τὰς
1316 3575 1492 3646 ἀρχὰς
1518 3576 1891 3647 προειληφδς⁸
1922 3579 2016 3632 καὶ

429 3661 506 3728 ὥς
551 3663 771 3719 πάντων
825 3664 1165 3733 συναγωγδς,
1200 3658 1282 3728 εἷς
1333 3666 1384 3718 οἱ
1430 3665 1637 3721 πολλοί.
1685 3667 1864 3739 Μοῖρα
1920 3664 2016 3720 οὖν

431 3753 602 3825 ἔσμεν
625 3755 721 3808 καὶ
744 3753 1019 3825 λεγόμεοα
1043 3754 1177 3808 Θεοῦ
1206 3753 1296 3808 διὰ
1320 3754 1380 3807 τό
1407 3756 1534 3819 τοὺς
1569 3754 1664 3809 τοῦ
1692 3751 1831 3808 εἶναι
1857 3755 2015 3826 ἡμῶν

430 3844 625 3918 λόγους
657 3848 717 3901 ὲν
739 3846 818 3918 τῷ
845 3846 966 3917 θεῷ
1000 3847 1410 3918 προϋφεστάναι
1427 3864 1443 3879 ο
1467 3847 1763 3919 ῥεῦσαντες
1792 3847 1847 3901 δὲ
1874 3849 2015 3902 ἄνω-

432 3940 525 3997 οεν
570 3940 736 3995 πάλιν
779 3937 1054 4008 λεγόμεθα
1097 3938 1234 3993 διότι
1278 3938 1353 4010 μὴ
1393 3940 1516 3994 καθ’
1561 3939 1621 3994 ὃν
1667 3939 2016 4011 γεγενήμεθα

2116 494 2222 548 est,
2255 484 2561 540 secundum
2610 483 2756 553 quod
2810 483 3076 553 scriptum
3119 492 3203 538 est
3243 499 3257 536 :
3301 482 3428 536 Esto
3477 482 3602 537 mihi
3638 486 3693 537 in

2116 576 2286 630 Deum
2337 584 2685 646 protectorem
2726 585 2775 629 et
2825 578 2881 630 in
2935 575 3107 629 locum
3148 577 3411 629 ntunitum
3450 574 3695 629 salvandi

2118 676 2279 721 mem.
2318 687 2338 719 ι
2373 667 2531 736 Apud
2571 682 2736 736 quem
2769 665 3002 721 ﬁrmiter
3029 665 3275 721 omnium
3307 667 3549 721 rationes
3578 666 3695 721 ﬁxa:

2118 764 2269 816 sunt,
2300 770 2401 824 per
2429 770 2566 824 quas
2601 754 2768 809 etiam
2798 769 3134 825 cognoscere
3170 755 3356 809 omnia
3381 762 3506 808 ante
3532 771 3696 824 gene-

2119 846 2388 901 rationem
2421 861 2613 900 eorum
2650 828 2860 899 dicitur
2885 846 3083 900 merito
3108 846 3163 898 in
3190 846 3308 915 ipso
3342 855 3399 900 et
3436 846 3577 915 apud
3608 846 3691 915 ip-

2119 955 2242 995 sum
2277 939 2673 993 exsistentibus
2729 953 2824 1005 per
2852 938 3023 1006 ipsam
3071 938 3359 991 veritatem
3415 937 3691 1002 omnibus,

2119 1031 2223 1086 etsi
2248 1046 2313 1086 ea
2337 1030 2523 1083 omnia
2555 1037 2611 1083 et
2639 1045 2762 1098 qua:
2794 1037 2923 1081 sunt
2951 1038 3007 1082 et
3031 1044 3153 1097 qua:
3183 1028 3364 1082 futura
3399 1036 3547 1088 sunt,
3582 1045 3693 1082 non

2120 1123 2283 1178 simul
2319 1123 2437 1177 suis
2465 1121 2648 1175 causis
2674 1130 2733 1175 ut
2759 1120 2975 1190 cognita
3024 1130 3154 1173 sunt
3182 1134 3212 1172 a
3244 1120 3377 1181 Deo,
3422 1120 3475 1173 in
3501 1134 3693 1173 essen-

2122 1214 2254 1268 tiam
2298 1212 2535 1267 adducta
2563 1204 2711 1276 sunt,
2740 1210 2835 1264 sed
2873 1210 3087 1279 singula
3116 1224 3347 1278 qumque
3385 1210 3692 1279 opportuno

2121 1315 2367 1374 tempore
2418 1302 2722 1358 secundum
2765 1301 3040 1357 Creatoris
3084 1300 3405 1369 sapientiam
3465 1302 3694 1369 pulchre

2113 1394 2269 1464 juxta
2290 1407 2482 1448 eorum
2515 1406 2708 1445 causas
2731 1398 2912 1445 creata
2936 1396 3086 1452 sunt,
3115 1398 3170 1443 et
3200 1405 3298 1459 per
3322 1404 3380 1443 se
3416 1404 3538 1443 esse
3567 1404 3698 1458 ope-

2122 1486 2335 1541 ratione
2380 1485 2689 1554 accipiunt;
2725 1482 2984 1553 quoniam
3034 1482 3153 1551 ipse
3203 1482 3426 1551 quidem
3480 1497 3698 1551 semper

2121 1576 2425 1644 secundum
2462 1575 2839 1645 operationem
2872 1583 2957 1627 est
2977 1572 3222 1637 Creator,
3249 1589 3313 1627 ea
3341 1588 3473 1627 vero
3500 1581 3698 1641 poten-

2121 1669 2197 1724 tia
2222 1668 2446 1739 quidem
2480 1675 2645 1730 sunt,
2678 1665 3003 1736 operatione
3023 1674 3206 1718 autem
3240 1664 3526 1726 nondum;
3568 1663 3698 1733 quia

2051 1733 2092 1791 Β
2120 1733 2300 1829 neque
2323 1770 2553 1831 possunt
2575 1733 2770 1812 horum
2801 1756 2963 1811 simul
2988 1770 3109 1809 esse
3136 1754 3409 1808 inﬁnitum
3435 1765 3491 1808 et
3522 1754 3699 1818 ﬁnita,

2119 1868 2300 1921 neque
2336 1853 2445 1906 ulla
2493 1851 2635 1921 ratio
2665 1849 2972 1919 approbare
3016 1846 3456 1902 manifestabitur
3499 1847 3695 1901 horum

2118 1943 2282 1997 simul
2307 1958 2430 1998 esse
2471 1942 2663 1997 valens
2703 1940 3002 1996 essentiam
3038 1948 3094 1994 et
3123 1938 3614 2008 superessentiale,
3642 1947 3699 1993 ct

2117 2031 2174 2086 in
2211 2032 2264 2086 id
2295 2033 2472 2100 ipsum
2503 2031 2705 2086 dueere
2740 2043 2932 2084 menso
2973 2024 3302 2082 immensum
3324 2067 3339 2093 ,
3374 2036 3430 2082 et
3464 2028 3513 2083 ei
3549 2027 3697 2095 quod

2119 2123 2176 2178 in
2216 2123 2409 2179 habitu
2450 2131 2536 2177 est
2568 2122 2715 2191 quod
2752 2129 2903 2176 caret
2931 2119 3281 2183 habitudine,
3309 2127 3365 2173 et
3393 2118 3540 2189 quod
3571 2119 3717 2172 nul--

2119 2215 2225 2268 lam
2272 2215 2443 2269 habet
2489 2215 2547 2267 in
2576 2229 2634 2269 se
2664 2212 2957 2282 categorias
3000 2211 3243 2281 speciem
3275 2209 3596 2264 aﬂirmatam
3642 2217 3701 2264 et

2119 2322 2217 2376 per
2235 2322 2426 2361 omnes
2451 2321 2567 2370 eas,
2595 2305 2996 2376 categoriarum
3022 2302 3303 2367 videlicet,
3328 2302 3544 2372 species
3563 2317 3698 2356 cou-

2118 2397 2334 2451 stituto.
2399 2397 2597 2453 Omnia
2646 2397 2794 2451 enim
2838 2410 2960 2464 quae
2989 2402 3174 2449 creata
3219 2402 3346 2448 sunt
3394 2392 3699 2448 secundum

2117 2491 2412 2545 essentiam
2433 2500 2491 2545 et
2516 2491 2928 2559 generationem
2952 2487 3177 2541 omnino
3201 2486 3255 2540 in
3281 2485 3538 2540 omnibus
3556 2484 3702 2539 aﬁir—

2118 2589 2341 2636 mantur
2388 2597 2489 2651 per
2543 2579 2776 2645 formas,
2821 2586 2877 2634 et
2897 2578 3297 2633 exsistentibus
3337 2592 3527 2631 eorum
3577 2593 3700 2646 quz'e

2117 2673 2465 2729 extrinsecus
2488 2679 2621 2727 sunt
2653 2671 2801 2726 circa
2831 2685 2952 2724 eam
2981 2668 3288 2723 rationibus
3325 2666 3699 2721 continentur.

2120 2762 2346 2818 Sublata
2369 2763 2556 2831 itaque
2575 2775 2785 2815 summa
2809 2766 2864 2813 et
2881 2756 3191 2813 abdicativa
3213 2756 3381 2811 Verbi
3402 2755 3699 2826 theologia,

2119 2853 2423 2909 secundum
2454 2867 2620 2922 quam
2668 2864 2850 2920 neque
2895 2848 3320 2917 dicitur'neque
3352 2847 3699 2918 intelligitur,

2117 2960 2300 3015 neque
2348 2952 2434 3000 est
2471 2943 2701 3001 omnino
2730 2940 2865 3011 quid
2914 2940 3077 2995 alicui
3107 2940 3454 3011 cognitorum
3500 2940 3702 2994 merito

2117 3035 2629 3109 superessentiale,
2662 3048 2845 3103 neque
2901 3047 2932 3086 a
2983 3033 3220 3102 quodam
3263 3032 3375 3086 ullo
3427 3032 3591 3086 modo
3643 3032 3701 3087 in

2119 3125 2305 3196 aliquo
2333 3122 2723 3194 partieipatur,
2756 3121 2942 3176 multa:
2965 3136 3144 3176 causa:
3171 3137 3279 3176 una
3313 3136 3476 3176 causa
3499 3129 3603 3186 est,
3644 3128 3723 3203 et.

2121 3232 2230 3273 una
2257 3216 2464 3271 multa).
2492 3215 2628 3270 Nam
2659 3213 2967 3269 secundum
3006 3213 3206 3267 bonam
3235 3229 3300 3268 ac
3327 3213 3612 3283 pulchram
3645 3213 3701 3267 in

2116 3322 2181 3363 ea
2209 3323 2332 3378 qua:
2372 3314 2500 3362 sunt
2529 3305 2699 3361 unius
2739 3313 2799 3359 et
2827 3304 3110 3360 factrieem
3154 3313 3211 3360 ct
3240 3305 3702 3360 continuatricem

2116 3397 2530 3469 processionem
2558 3397 2747 3451 multa;
2785 3411 2928 3461 una;
2963 3410 3064 3465 per
3084 3409 3217 3449 vero
3260 3393 3315 3448 in
3349 3410 3520 3449 unum
3556 3395 3702 3449 mul—

2116 3496 2307 3545 torum
2343 3488 2759 3543 conversoriam
2787 3495 2846 3543 et
2869 3486 3344 3542 manuductricem
3378 3488 3701 3543 relationem

2117 3589 2173 3635 et
2199 3578 2602 3650 providentiam
2622 3618 2637 3643 ,
2685 3578 2838 3633 velut
2868 3560 2930 3632 in
2977 3576 3319 3647 principium
3350 3576 3703 3647 omnipotens

2117 3680 2213 3727 aut
2272 3679 2525 3727 centrum
2574 3677 2853 3724 rectarum
2903 3684 2970 3723 ex
3013 3682 3082 3723 eo
3112 3667 3385 3722 linearum
3429 3668 3700 3739 principia

2116 3762 2490 3836 perambiens,
2523 3768 2580 3817 et
2611 3760 2691 3816 sic
2713 3775 2908 3821 omnes
2941 3774 3303 3831 congregans,
3348 3775 3457 3814 una
3494 3760 3702 3815 multa}.

2116 3857 2252 3911 Pars
2276 3852 2445 3924 igitur
2478 3867 2671 3907 sumus
2687 3861 2746 3907 et
2770 3852 3011 3907 dicimur
3026 3852 3150 3915 Dei,
3182 3866 3250 3906 eo
3275 3851 3423 3921 quod
3449 3852 3706 3908 essentia:
3742 3848 3743 3851 “

2116 3954 2318 4001 nostra;
2358 3944 2601 3999 rationes
2628 3944 2684 3998 in
2704 3944 2819 3999 Deo
2848 3944 3277 4014 praesubstitutae
3311 3943 3447 4009 sint;
3470 3943 3706 3999 ﬂuentes

431 4032 590 4103 λόγον
619 4032 713 4086 τὸν
736 4033 797 4085 ὲν
818 4029 896 4101 τῷ
926 4029 1048 4100 θεῷ
1093 4030 1334 4102 προόντα
1364 4030 1726 4102 κεκινήμεθα.
1752 4032 1865 4086 Καὶ
1890 4032 2014 4086 καθ’

2117 4052 2253 4096 vero
2288 4036 2579 4091 desursum
2637 4036 2837 4091 iterum
2878 4035 3138 4101 dicimur,
3178 4051 3247 4091 eo
3283 4036 3432 4106 quod
3481 4051 3594 4091 non
3618 4051 3708 4092 se-

430 4122 620 4195 ἒτερον
646 4122 703 4176 δὲ
730 4121 933 4193 τρόπον
964 4120 1114 4175 ἐστὶν
1139 4121 1383 4193 εὐμαρὲς
1412 4120 1492 4191 τῷ
1515 4121 1756 4185 εὐσεϐῶς
1789 4120 2017 4176 ἐπιϐάλ-

2119 4128 2364 4184 cundum
2393 4128 2450 4182 in
2487 4128 2600 4183 Deo
2631 4127 3144 4197 praesubsistentem
3167 4143 3388 4183 causam
3416 4143 3516 4198 per
3540 4143 3706 4197 quam

430 4214 545 4269 λειν
578 4216 694 4278 τοῖς
732 4212 843 4267 τῶν
891 4211 1061 4265 όντων
1100 4211 1283 4280 λόγοις
1328 4212 1699 4283 δεδιδαγμένῳ
1741 4212 1838 4266 τὸν
1886 4214 2018 4285 περὶ

2119 4218 2249 4274 facti
2271 4233 2464 4273 sumus
2482 4219 2618 4273 moti
2636 4218 2860 4274 fuimus.
2886 4218 3207 4274 Secundum
3227 4220 3461 4274 alterum
3482 4234 3709 4289 quoque

431 4306 624 4361 τούτου
650 4306 808 4375 λόγον
831 4302 1151 4370 διεξελθεῖν.
1182 4305 1246 4358 Εἰ
1272 4305 1382 4376 γὰρ
1410 4304 1569 4379 οὐσία
1591 4305 1691 4375 τῆς
1717 4305 1776 4358 ὲν
1803 4303 2018 4376 ἑκάστῳ

2121 4310 2347 4365 modum
2380 4310 2539 4364 facile
2579 4318 2664 4364 est
2688 4310 2778 4378 pie
2817 4325 3001 4364 amare
3026 4325 3219 4366 eorum
3256 4327 3379 4381 quae
3417 4319 3547 4367 sunt
3571 4326 3707 4367 cau-

432 4399 636 4472 άρετῆς
669 4400 698 4453 6
733 4390 815 4462 εἷς
858 4396 1131 4468 ὑπάρχειν
1158 4395 1333 4465 Λόγος
1365 4394 1462 4450 τοῦ
1498 4395 1635 4449 Θεοῦ
1666 4396 1742 4466 μὴ
1772 4396 2013 4467 ἀμφιϐέ-

2119 4416 2237 4456 sam
2269 4400 2491 4455 erudito
2523 4399 2592 4454 de
2620 4399 2727 4455 hoc
2760 4400 3031 4454 rationem
3062 4415 3411 4470 percurrere.
3448 4401 3507 4456 Si
3552 4399 3707 4457 enim

431 4488 892 4561 ὄληται-οὐσία
920 4487 1031 4560 γὰρ
1054 4488 1275 4543 πάντων
1300 4486 1409 4541 τῶν
1432 4487 1644 4560 ἀρετῶν
1672 4488 1835 4552 αὐτός
1863 4489 2013 4543 ἐστιν

2117 4492 2415 4549 essentiam
2449 4491 2755 4560 unicuique
2792 4490 3024 4547 virtutis
3053 4506 3224 4545 unum
3264 4492 3569 4548 subsistere
3608 4494 3703 4548 Dei

431 4585 462 4638 6
509 4584 717 4654 Κύριος
757 4581 918 4654 ἡμῶν
959 4579 1167 4651 Ἰησοῦς
1219 4578 1497 4650 Χριστὸς,
1544 4577 1621 4643 ὡς
1661 4580 2007 4650 γέγραπται⁸

2118 4582 2360 4638 Verbum
2388 4597 2499 4637 non
2534 4581 2820 4636 dubitatur
2851 4580 2998 4653 (nam
3037 4581 3281 4637 essentia
3318 4582 3564 4637 omnium
3590 4583 3704 4637 vir-

437 4677 544 4742 Ὃς
591 4674 847 4746 ἐγενήθη
888 4673 1035 4743 ἡμῖν
1061 4672 1182 4728 ἀπὸ
1226 4671 1378 4727 Θεοῦ
1414 4672 1624 4741 σοφία,
1647 4670 2006 4739 δικαιοσύνη

2119 4683 2302 4729 tutum
2330 4674 2448 4744 ipse
2483 4681 2566 4729 est
2593 4672 2861 4727 Dominus
2890 4682 3082 4728 noster
3110 4682 3167 4728 et
3187 4674 3335 4729 Deus
3357 4674 3518 4729 Jesus
3546 4673 3711 4730 Chri-

432 4779 498 4818 τε
532 4763 629 4818 καί
660 4763 953 4833 ἁγιασμὸς
973 4764 1071 4817 καὶ
1098 4763 1541 4830 ἀπολύτρωσις,
1566 4764 1852 4830 ἁπολύτως
1879 4765 2011 4820 ταῦθ

2117 4777 2259 4833 stus,
2301 4769 2445 4823 sicut
2472 4766 2738 4838 scriptum
2759 4775 2846 4822 est
2876 4784 2889 4819 :
2918 4765 3021 4832 Qui
3051 4767 3222 4837 factus
3257 4774 3332 4820 est
3356 4766 3502 4820 nobis
3533 4785 3565 4820 a
3597 4766 3709 4821 Deo

431 4872 501 4908 τα
540 4854 725 4926 (125
749 4855 804 4924 α)
836 4854 1039 4926 δηλαδὴ
1074 4855 1162 4909 ἐπ’
1196 4854 1362 4908 αὐτοῦ
1401 4854 1672 4927 λεγόμενα
1720 4855 1881 4928 ἔχων,
1931 4857 2009 4922 ὡς

2116 4861 2374 4931 sapientia
2423 4869 2472 4913 et
2502 4860 2718 4929 justitia
2763 4867 2813 4912 et
2857 4857 3207 4927 sanctiﬁcatio
3256 4865 3307 4911 et
3345 4857 3633 4925 redemptio
3649 4866 3701 4922 ⁸³,

432 4946 732 5017 αὐτοσοφία
780 4946 876 5001 καὶ¹
915 4946 1237 5017 δικαιοσύνη
1279 4948 1375 5000 καὶ
1406 4948 1633 5020 ἁγιότης
1671 4947 1769 5015 ὢν,
1794 4949 1888 5003 καὶ
1916 4950 2015 5020 οὐχ

2116 4950 2363 5021 profecto
2384 4950 2501 5005 haec
2526 4965 2648 5020 quae
2674 4948 2819 5004 dicta
2847 4956 2977 5004 sunt
3007 4949 3257 5006 absolute
3283 4949 3341 5004 in
3394 4950 3588 5020 seipse
3612 4950 3737 5004 ba-‘

430 5035 509 5101 ὡς
526 5039 610 5107 ἔφ’
627 5037 783 5108 ἡμῶν
805 5036 1349 5109 προσδιωρισμένως,
1377 5031 1489 5092 οἷον
1516 5037 1593 5102 ὼς
1621 5038 1783 5109 σοφὸς
1809 5038 2018 5111 ἄνθρω-

2116 5041 2348 5112 betjure
2385 5040 2480 5112 qui
2502 5049 2588 5096 est
2611 5055 2710 5110 per
2743 5055 2804 5094 se
2831 5037 3102 5109 sapientia
3135 5046 3193 5095 et
3226 5039 3444 5111 justitia
3476 5046 3534 5095 et
3574 5054 3708 5094 san-

432 5141 557 5192 πος,
592 5126 859 5199 ἠδίκαιος
889 5127 1196 5199 ἄνθρωπος,
1218 5154 1286 5168 --
1308 5129 1418 5193 πᾶς
1455 5128 1699 5199 δηλονότι
1726 5128 2015 5199 ἄνθρωπος

2117 5134 2301 5198 ctitas,
2333 5141 2391 5189 et
2419 5148 2531 5187 non
2570 5132 2716 5187 sicut
2739 5132 2795 5186 in
2825 5131 2991 5186 nobis
3015 5146 3141 5186 cum
3171 5130 3519 5196 deﬁnitione,
3546 5130 3710 5186 verbi

434 5218 638 5288 ἀρετῆς
687 5217 811 5272 καθ’
858 5218 973 5285 ἕξιν
1020 5219 1228 5287 παγίαν
1283 5220 1532 5291 μετέχων
1583 5222 2018 5293 ἁναμφηρίστως

2118 5224 2318 5296 gratia,
2352 5223 2499 5280 sicut
2525 5223 2746 5293 sapiens
2775 5222 2944 5277 homo
2970 5232 3068 5279 aut
3099 5224 3282 5295 justus
3315 5220 3504 5294 homo)
3547 5239 3562 5276 :
3590 5238 3711 5277 om.

436 5307 573 5363 Θεοῦ
602 5310 821 5382 μετέχει
864 5310 965 5382 τῆς
1006 5310 1197 5375 οὐσίας
1229 5311 1338 5365 τῶν
1366 5312 1599 5383 ἀρετῶν,
1629 5313 1705 5378 ὡς
1745 5314 1847 5384 τὴν
1873 5313 2015 5368 κατὰ

2118 5316 2208 5371 nis
2264 5314 2511 5386 profecto
2559 5315 2725 5369 homo
2777 5314 3044 5370 virtutem
3089 5314 3395 5371 secundum
3454 5314 3709 5371 habitum

509 5433 547 5461 ιη
575 5421 722 5481 Psal.
764 5440 891 5493 xxx,
928 5423 982 5488 5,
1058 5435 1085 5462 ιι
1122 5424 1293 5481 lCor.
1340 5444 1378 5494 ι,
1411 5427 1500 5484 50.

718 5514 723 5519 ‘
1748 5501 1981 5558 VARIAS
2012 5500 2413 5560 LECTIONES.

510 5585 557 5662 ξ’
591 5586 852 5660 ἐμμέτρῳ
915 5587 977 5641 τὸ
1040 5588 1322 5662 ἄμμετρον
1357 5591 1446 5648 ed.
1479 5592 1597 5648 Gal.
1677 5593 1832 5648 ὀὐτ’
1888 5598 2149 5653 ἐννοεῖται
2217 5598 2305 5655 ed.
2341 5595 2460 5653 Gal.

434 5592 557 5710 Ga‘;
591 5592 852 5660 ἐμμέτρῳ
915 5592 977 5641 τὸ
1040 5592 1322 5662 ἄμμετρον
1357 5592 1446 5648 ed.
1479 5592 1597 5648 Gal.
1677 5593 1832 5648 ὀὐτ’
1888 5598 2149 5653 ἐννοεῖται
2217 5598 2305 5655 ed.
2341 5595 2460 5653 Gal.
2543 5596 2762 5651 ’ἄλλων
2820 5595 2909 5653 ed.
2974 5595 3093 5653 Gal.
3165 5597 3190 5627 ³
3236 5593 3579 5670 προειληφὼς
3610 5592 3707 5653 CG.
