  <div class='ocr_page' id='page_1' title='image "/cluster/home/n/w/nwhite01/storage/ocr_20150623/91/hvd.32044052742962/547.png"; bbox 0 0 4008 6194; ppageno 0'>
   <div class='ocr_carea' id='block_1_1' title="bbox 297 233 436 294">
    <p class='ocr_par' dir='ltr' id='par_1_1' title="bbox 297 233 436 294">
     <span class='ocr_line' id='line_1_1' title="bbox 297 233 436 294; baseline 0 0"><span class='ocrx_word' id='word_1_1' title='bbox 297 233 436 294; x_wconf 74' lang='grc' dir='ltr'><strong>ιο33</strong></span> 
     </span>
    </p>
   </div>
   <div class='ocr_carea' id='block_1_2' title="bbox 1445 241 2381 310">
    <p class='ocr_par' dir='ltr' id='par_1_2' title="bbox 1445 241 2381 310">
     <span class='ocr_line' id='line_1_2' title="bbox 1445 241 2381 310; baseline 0.009 -9"><span class='ocrx_word' id='word_1_2' title='bbox 1445 241 1505 301; x_wconf 82' lang='grc'><strong>8.</strong></span> <span class='ocrx_word' id='word_1_3' title='bbox 1544 244 1834 306; x_wconf 80' lang='lat' dir='ltr'><strong>MAXIMI</strong></span> <span class='ocrx_word' id='word_1_4' title='bbox 1871 246 2381 310; x_wconf 85' lang='lat' dir='ltr'><strong>CONFESSORIS</strong></span> 
     </span>
    </p>
   </div>
   <div class='ocr_carea' id='block_1_3' title="bbox 3420 247 3556 316">
    <p class='ocr_par' dir='ltr' id='par_1_3' title="bbox 3420 247 3556 316">
     <span class='ocr_line' id='line_1_3' title="bbox 3420 247 3556 316; baseline 0.022 -3"><span class='ocrx_word' id='word_1_5' title='bbox 3420 247 3556 316; x_wconf 69' lang='grc'><strong>1084</strong></span> 
     </span>
    </p>
   </div>
   <div class='ocr_carea' id='block_1_4' title="bbox 295 349 1894 439">
    <p class='ocr_par' dir='ltr' id='par_1_4' title="bbox 295 349 1876 432">
     <span class='ocr_line' id='line_1_4' title="bbox 295 349 1876 432; baseline 0.009 -29"><span class='ocrx_word' id='word_1_6' title='bbox 295 350 461 404; x_wconf 78' lang='lat' dir='ltr'><strong>ﬁxum</strong></span> <span class='ocrx_word' id='word_1_7' title='bbox 481 349 835 420; x_wconf 72' lang='lat' dir='ltr'><strong>participans,</strong></span> <span class='ocrx_word' id='word_1_8' title='bbox 860 352 978 409; x_wconf 85' lang='lat' dir='ltr'><strong>sine</strong></span> <span class='ocrx_word' id='word_1_9' title='bbox 995 353 1352 424; x_wconf 76' lang='lat' dir='ltr'><strong>ambiguitate</strong></span> <span class='ocrx_word' id='word_1_10' title='bbox 1367 357 1540 412; x_wconf 90' lang='lat' dir='ltr'><strong>Deum</strong></span> <span class='ocrx_word' id='word_1_11' title='bbox 1559 362 1876 432; x_wconf 73' lang='lat' dir='ltr'><strong>participat,</strong></span> 
     </span>
    </p>
   </div>
   <div class='ocr_carea' id='block_1_5' title="bbox 1994 349 3556 439">
    <p class='ocr_par' dir='ltr' id='par_1_5' title="bbox 1994 362 3556 439">
     <span class='ocr_line' id='line_1_5' title="bbox 1994 362 3556 439; baseline 0.004 -22"><span class='ocrx_word' id='word_1_12' title='bbox 1994 362 2144 433; x_wconf 56' lang='grc' dir='ltr'>φύσιν</span> <span class='ocrx_word' id='word_1_13' title='bbox 2182 365 2392 438; x_wconf 82' lang='grc' dir='ltr'>σπορὰν</span> <span class='ocrx_word' id='word_1_14' title='bbox 2417 364 2513 419; x_wconf 91' lang='grc' dir='ltr'><strong>τοῦ</strong></span> <span class='ocrx_word' id='word_1_15' title='bbox 2543 363 2754 434; x_wconf 82' lang='grc' dir='ltr'>ἀγαθοῦ</span> <span class='ocrx_word' id='word_1_16' title='bbox 2786 363 3027 436; x_wconf 79' lang='grc' dir='ltr'><strong>γνησίως</strong></span> <span class='ocrx_word' id='word_1_17' title='bbox 3053 364 3196 420; x_wconf 87' lang='grc' dir='ltr'>κατά</span> <span class='ocrx_word' id='word_1_18' title='bbox 3233 368 3556 439; x_wconf 86' lang='grc' dir='ltr'>προαίρεσιν</span> 
     </span>
    </p>
   </div>
   <div class='ocr_carea' id='block_1_6' title="bbox 294 441 1874 509">
    <p class='ocr_par' dir='ltr' id='par_1_6' title="bbox 294 441 1874 509">
     <span class='ocr_line' id='line_1_6' title="bbox 294 441 1874 509; baseline 0.008 -14"><span class='ocrx_word' id='word_1_19' title='bbox 294 441 594 495; x_wconf 84' lang='lat' dir='ltr'><strong>essentiam</strong></span> <span class='ocrx_word' id='word_1_20' title='bbox 658 443 926 498; x_wconf 89' lang='lat' dir='ltr'><strong>virtutum</strong></span> <span class='ocrx_word' id='word_1_21' title='bbox 974 444 1147 499; x_wconf 91' lang='lat' dir='ltr'><strong>veluti</strong></span> <span class='ocrx_word' id='word_1_22' title='bbox 1184 447 1460 504; x_wconf 77' lang='lat' dir='ltr'><strong>naturalis</strong></span> <span class='ocrx_word' id='word_1_23' title='bbox 1504 465 1694 509; x_wconf 84' lang='lat' dir='ltr'><strong>semen</strong></span> <span class='ocrx_word' id='word_1_24' title='bbox 1741 453 1874 508; x_wconf 84' lang='lat' dir='ltr'><strong>boni</strong></span> 
     </span>
    </p>
   </div>
   <div class='ocr_carea' id='block_1_7' title="bbox 298 531 1874 612">
    <p class='ocr_par' dir='ltr' id='par_1_7' title="bbox 298 531 1874 612">
     <span class='ocr_line' id='line_1_7' title="bbox 298 531 1874 612; baseline 0.009 -27"><span class='ocrx_word' id='word_1_25' title='bbox 298 531 536 586; x_wconf 84' lang='lat' dir='ltr'><strong>ﬁdeliter</strong></span> <span class='ocrx_word' id='word_1_26' title='bbox 567 547 667 602; x_wconf 90' lang='lat' dir='ltr'><strong>per</strong></span> <span class='ocrx_word' id='word_1_27' title='bbox 691 533 1034 589; x_wconf 81' lang='lat' dir='ltr'><strong>voluntatem</strong></span> <span class='ocrx_word' id='word_1_28' title='bbox 1059 536 1274 602; x_wconf 90' lang='lat' dir='ltr'><strong>colens,</strong></span> <span class='ocrx_word' id='word_1_29' title='bbox 1301 546 1359 593; x_wconf 85' lang='lat' dir='ltr'><strong>et</strong></span> <span class='ocrx_word' id='word_1_30' title='bbox 1394 539 1449 594; x_wconf 88' lang='lat' dir='ltr'><strong>id</strong></span> <span class='ocrx_word' id='word_1_31' title='bbox 1483 541 1663 612; x_wconf 84' lang='lat' dir='ltr'><strong>ipsum</strong></span> <span class='ocrx_word' id='word_1_32' title='bbox 1688 552 1874 598; x_wconf 87' lang='lat' dir='ltr'><strong>osten-</strong></span> 
     </span>
    </p>
   </div>
   <div class='ocr_carea' id='block_1_8' title="bbox 299 620 1876 702">
    <p class='ocr_par' dir='ltr' id='par_1_8' title="bbox 299 620 1876 702">
     <span class='ocr_line' id='line_1_8' title="bbox 299 620 1876 702; baseline 0.008 -29"><span class='ocrx_word' id='word_1_33' title='bbox 299 620 436 673; x_wconf 87' lang='lat' dir='ltr'><strong>dens</strong></span> <span class='ocrx_word' id='word_1_34' title='bbox 465 620 738 690; x_wconf 90' lang='lat' dir='ltr'><strong>principio</strong></span> <span class='ocrx_word' id='word_1_35' title='bbox 771 620 932 676; x_wconf 76' lang='lat' dir='ltr'><strong>linem</strong></span> <span class='ocrx_word' id='word_1_36' title='bbox 955 631 1016 677; x_wconf 81' lang='lat' dir='ltr'><strong>et</strong></span> <span class='ocrx_word' id='word_1_37' title='bbox 1041 623 1371 694; x_wconf 88' lang='lat' dir='ltr'><strong>principium</strong></span> <span class='ocrx_word' id='word_1_38' title='bbox 1393 627 1510 694; x_wconf 76' lang='lat' dir='ltr'><strong>lini,</strong></span> <span class='ocrx_word' id='word_1_39' title='bbox 1545 632 1716 702; x_wconf 78' lang='lat' dir='ltr'><strong>magis</strong></span> <span class='ocrx_word' id='word_1_40' title='bbox 1744 646 1876 686; x_wconf 87' lang='lat' dir='ltr'><strong>vero</strong></span> 
     </span>
    </p>
   </div>
   <div class='ocr_carea' id='block_1_9' title="bbox 301 710 1878 791">
    <p class='ocr_par' dir='ltr' id='par_1_9' title="bbox 301 710 1878 791">
     <span class='ocr_line' id='line_1_9' title="bbox 301 710 1878 791; baseline 0.01 -27"><span class='ocrx_word' id='word_1_41' title='bbox 301 710 356 768; x_wconf 87' lang='lat' dir='ltr'><strong>id</strong></span> <span class='ocrx_word' id='word_1_42' title='bbox 391 711 569 781; x_wconf 90' lang='lat' dir='ltr'><strong>ipsum</strong></span> <span class='ocrx_word' id='word_1_43' title='bbox 601 713 938 783; x_wconf 88' lang='lat' dir='ltr'><strong>principium</strong></span> <span class='ocrx_word' id='word_1_44' title='bbox 973 731 1097 770; x_wconf 89' lang='lat' dir='ltr'><strong>esse</strong></span> <span class='ocrx_word' id='word_1_45' title='bbox 1125 724 1182 770; x_wconf 93' lang='lat' dir='ltr'><strong>et</strong></span> <span class='ocrx_word' id='word_1_46' title='bbox 1215 718 1409 784; x_wconf 83' lang='lat' dir='ltr'><strong>tinem,</strong></span> <span class='ocrx_word' id='word_1_47' title='bbox 1445 724 1605 791; x_wconf 90' lang='lat' dir='ltr'><strong>quasi</strong></span> <span class='ocrx_word' id='word_1_48' title='bbox 1647 738 1878 780; x_wconf 89' lang='lat' dir='ltr'><strong>securus</strong></span> 
     </span>
    </p>
   </div>
   <div class='ocr_carea' id='block_1_10' title="bbox 300 802 1877 880">
    <p class='ocr_par' dir='ltr' id='par_1_10' title="bbox 300 802 1877 880">
     <span class='ocr_line' id='line_1_10' title="bbox 300 802 1877 880; baseline 0.01 -24"><span class='ocrx_word' id='word_1_49' title='bbox 300 802 473 856; x_wconf 90' lang='lat' dir='ltr'><strong>Deum</strong></span> <span class='ocrx_word' id='word_1_50' title='bbox 503 804 850 859; x_wconf 87' lang='lat' dir='ltr'><strong>constituens</strong></span> <span class='ocrx_word' id='word_1_51' title='bbox 877 807 1268 875; x_wconf 68' lang='lat' dir='ltr'><strong>contionator;</strong></span> <span class='ocrx_word' id='word_1_52' title='bbox 1295 811 1569 880; x_wconf 86' lang='lat' dir='ltr'><strong>siquidem</strong></span> <span class='ocrx_word' id='word_1_53' title='bbox 1604 815 1877 872; x_wconf 70' lang='lat' dir='ltr'><strong>universa:</strong></span> 
     </span>
    </p>
   </div>
   <div class='ocr_carea' id='block_1_11' title="bbox 302 893 1878 972">
    <p class='ocr_par' dir='ltr' id='par_1_11' title="bbox 302 893 1878 972">
     <span class='ocr_line' id='line_1_11' title="bbox 302 893 1878 972; baseline 0.01 -25"><span class='ocrx_word' id='word_1_54' title='bbox 302 894 380 948; x_wconf 86' lang='lat' dir='ltr'><strong>rei</strong></span> <span class='ocrx_word' id='word_1_55' title='bbox 413 893 741 964; x_wconf 88' lang='lat' dir='ltr'><strong>principium</strong></span> <span class='ocrx_word' id='word_1_56' title='bbox 761 905 818 951; x_wconf 90' lang='lat' dir='ltr'><strong>et</strong></span> <span class='ocrx_word' id='word_1_57' title='bbox 844 898 1008 953; x_wconf 84' lang='lat' dir='ltr'><strong>ﬁnem</strong></span> <span class='ocrx_word' id='word_1_58' title='bbox 1041 900 1136 968; x_wconf 90' lang='lat' dir='ltr'><strong>qui</strong></span> <span class='ocrx_word' id='word_1_59' title='bbox 1164 900 1217 954; x_wconf 92' lang='lat' dir='ltr'><strong>in</strong></span> <span class='ocrx_word' id='word_1_60' title='bbox 1270 903 1454 972; x_wconf 87' lang='lat' dir='ltr'><strong>seipso</strong></span> <span class='ocrx_word' id='word_1_61' title='bbox 1485 905 1658 971; x_wconf 85' lang='lat' dir='ltr'><strong>videt,</strong></span> <span class='ocrx_word' id='word_1_62' title='bbox 1695 908 1878 963; x_wconf 88' lang='lat' dir='ltr'><strong>subsi-</strong></span> 
     </span>
    </p>
   </div>
   <div class='ocr_carea' id='block_1_12' title="bbox 303 986 1876 1062">
    <p class='ocr_par' dir='ltr' id='par_1_12' title="bbox 303 986 1876 1062">
     <span class='ocr_line' id='line_1_12' title="bbox 303 986 1876 1062; baseline 0.01 -23"><span class='ocrx_word' id='word_1_63' title='bbox 303 994 450 1040; x_wconf 86' lang='lat' dir='ltr'><strong>stere</strong></span> <span class='ocrx_word' id='word_1_64' title='bbox 488 986 666 1041; x_wconf 84' lang='lat' dir='ltr'><strong>credit</strong></span> <span class='ocrx_word' id='word_1_65' title='bbox 691 1003 704 1039; x_wconf 88' lang='lat'><strong>:</strong></span> <span class='ocrx_word' id='word_1_66' title='bbox 730 988 1067 1059; x_wconf 87' lang='lat' dir='ltr'><strong>principium</strong></span> <span class='ocrx_word' id='word_1_67' title='bbox 1095 992 1342 1060; x_wconf 88' lang='lat' dir='ltr'><strong>quidem,</strong></span> <span class='ocrx_word' id='word_1_68' title='bbox 1374 996 1530 1062; x_wconf 90' lang='lat' dir='ltr'><strong>quasi</strong></span> <span class='ocrx_word' id='word_1_69' title='bbox 1571 997 1699 1052; x_wconf 88' lang='lat' dir='ltr'><strong>inde</strong></span> <span class='ocrx_word' id='word_1_70' title='bbox 1730 999 1876 1053; x_wconf 90' lang='lat' dir='ltr'><strong>acci-</strong></span> 
     </span>
    </p>
   </div>
   <div class='ocr_carea' id='block_1_13' title="bbox 303 1075 1878 1153">
    <p class='ocr_par' dir='ltr' id='par_1_13' title="bbox 303 1075 1878 1153">
     <span class='ocr_line' id='line_1_13' title="bbox 303 1075 1878 1153; baseline 0.01 -24"><span class='ocrx_word' id='word_1_71' title='bbox 303 1075 463 1146; x_wconf 89' lang='lat' dir='ltr'><strong>piens</strong></span> <span class='ocrx_word' id='word_1_72' title='bbox 505 1085 561 1132; x_wconf 89' lang='lat' dir='ltr'><strong>et</strong></span> <span class='ocrx_word' id='word_1_73' title='bbox 605 1081 904 1133; x_wconf 82' lang='lat' dir='ltr'><strong>essentiam</strong></span> <span class='ocrx_word' id='word_1_74' title='bbox 953 1096 1054 1149; x_wconf 89' lang='lat' dir='ltr'><strong>per</strong></span> <span class='ocrx_word' id='word_1_75' title='bbox 1101 1083 1579 1153; x_wconf 75' lang='lat' dir='ltr'><strong>participationem</strong></span> <span class='ocrx_word' id='word_1_76' title='bbox 1626 1090 1878 1145; x_wconf 86' lang='lat' dir='ltr'><strong>naturale</strong></span> 
     </span>
    </p>
   </div>
   <div class='ocr_carea' id='block_1_14' title="bbox 305 1167 1880 1251">
    <p class='ocr_par' dir='ltr' id='par_1_14' title="bbox 305 1167 1880 1251">
     <span class='ocr_line' id='line_1_14' title="bbox 305 1167 1880 1251; baseline 0.01 -31"><span class='ocrx_word' id='word_1_77' title='bbox 305 1167 539 1233; x_wconf 88' lang='lat' dir='ltr'><strong>bonum;</strong></span> <span class='ocrx_word' id='word_1_78' title='bbox 582 1169 745 1224; x_wconf 84' lang='lat' dir='ltr'><strong>ﬁnem</strong></span> <span class='ocrx_word' id='word_1_79' title='bbox 786 1186 918 1224; x_wconf 85' lang='lat' dir='ltr'><strong>vero</strong></span> <span class='ocrx_word' id='word_1_80' title='bbox 960 1173 1132 1227; x_wconf 84' lang='lat' dir='ltr'><strong>veluti</strong></span> <span class='ocrx_word' id='word_1_81' title='bbox 1178 1189 1277 1243; x_wconf 89' lang='lat' dir='ltr'><strong>per</strong></span> <span class='ocrx_word' id='word_1_82' title='bbox 1307 1177 1676 1247; x_wconf 80' lang='lat' dir='ltr'><strong>cognitionem</strong></span> <span class='ocrx_word' id='word_1_83' title='bbox 1706 1180 1880 1251; x_wconf 82' lang='lat' dir='ltr'><strong>ipsius</strong></span> 
     </span>
    </p>
   </div>
   <div class='ocr_carea' id='block_1_15' title="bbox 303 1259 1879 1340">
    <p class='ocr_par' dir='ltr' id='par_1_15' title="bbox 303 1259 1879 1340">
     <span class='ocr_line' id='line_1_15' title="bbox 303 1259 1879 1340; baseline 0.011 -29"><span class='ocrx_word' id='word_1_84' title='bbox 303 1259 562 1328; x_wconf 90' lang='lat' dir='ltr'><strong>principii</strong></span> <span class='ocrx_word' id='word_1_85' title='bbox 609 1269 662 1314; x_wconf 90' lang='lat' dir='ltr'><strong>et</strong></span> <span class='ocrx_word' id='word_1_86' title='bbox 710 1263 1039 1330; x_wconf 89' lang='lat' dir='ltr'><strong>appetitum,</strong></span> <span class='ocrx_word' id='word_1_87' title='bbox 1064 1264 1420 1332; x_wconf 86' lang='lat' dir='ltr'><strong>laudabilem,</strong></span> <span class='ocrx_word' id='word_1_88' title='bbox 1453 1269 1521 1323; x_wconf 90' lang='lat' dir='ltr'><strong>ad</strong></span> <span class='ocrx_word' id='word_1_89' title='bbox 1553 1270 1732 1340; x_wconf 91' lang='lat' dir='ltr'><strong>ipsum</strong></span> <span class='ocrx_word' id='word_1_90' title='bbox 1760 1273 1879 1328; x_wconf 89' lang='lat' dir='ltr'><strong>sine</strong></span> 
     </span>
    </p>
   </div>
   <div class='ocr_carea' id='block_1_16' title="bbox 303 1352 1884 1429">
    <p class='ocr_par' dir='ltr' id='par_1_16' title="bbox 303 1352 1884 1429">
     <span class='ocr_line' id='line_1_16' title="bbox 303 1352 1884 1429; baseline 0.011 -27"><span class='ocrx_word' id='word_1_91' title='bbox 303 1364 496 1404; x_wconf 89' lang='lat' dir='ltr'><strong>errore</strong></span> <span class='ocrx_word' id='word_1_92' title='bbox 539 1352 832 1406; x_wconf 84' lang='lat' dir='ltr'><strong>ducentem</strong></span> <span class='ocrx_word' id='word_1_93' title='bbox 867 1369 990 1408; x_wconf 93' lang='lat' dir='ltr'><strong>cum</strong></span> <span class='ocrx_word' id='word_1_94' title='bbox 1043 1355 1398 1414; x_wconf 78' lang='lat' dir='ltr'><strong>festinatione</strong></span> <span class='ocrx_word' id='word_1_95' title='bbox 1428 1361 1722 1429; x_wconf 82' lang='lat' dir='ltr'><strong>perﬁciens</strong></span> <span class='ocrx_word' id='word_1_96' title='bbox 1755 1379 1884 1418; x_wconf 89' lang='lat' dir='ltr'><strong>cur-</strong></span> 
     </span>
    </p>
   </div>
   <div class='ocr_carea' id='block_1_17' title="bbox 307 1442 1882 1512">
    <p class='ocr_par' dir='ltr' id='par_1_17' title="bbox 307 1442 1882 1512">
     <span class='ocr_line' id='line_1_17' title="bbox 307 1442 1882 1512; baseline 0.009 -17"><span class='ocrx_word' id='word_1_97' title='bbox 307 1456 452 1506; x_wconf 86' lang='lat' dir='ltr'><strong>sum,</strong></span> <span class='ocrx_word' id='word_1_98' title='bbox 485 1457 583 1511; x_wconf 89' lang='lat' dir='ltr'><strong>per</strong></span> <span class='ocrx_word' id='word_1_99' title='bbox 625 1459 788 1512; x_wconf 87' lang='lat' dir='ltr'><strong>quem</strong></span> <span class='ocrx_word' id='word_1_100' title='bbox 836 1442 896 1497; x_wconf 83' lang='lat' dir='ltr'><strong>ﬁt</strong></span> <span class='ocrx_word' id='word_1_101' title='bbox 938 1444 1104 1510; x_wconf 90' lang='lat' dir='ltr'><strong>Deus,</strong></span> <span class='ocrx_word' id='word_1_102' title='bbox 1152 1463 1218 1501; x_wconf 79' lang='lat' dir='ltr'><strong>ex</strong></span> <span class='ocrx_word' id='word_1_103' title='bbox 1259 1449 1372 1503; x_wconf 92' lang='lat' dir='ltr'><strong>Deo</strong></span> <span class='ocrx_word' id='word_1_104' title='bbox 1401 1450 1544 1504; x_wconf 84' lang='lat' dir='ltr'><strong>Deus</strong></span> <span class='ocrx_word' id='word_1_105' title='bbox 1580 1466 1701 1508; x_wconf 90' lang='lat' dir='ltr'><strong>esse</strong></span> <span class='ocrx_word' id='word_1_106' title='bbox 1739 1456 1882 1509; x_wconf 88' lang='lat' dir='ltr'><strong>acci-</strong></span> 
     </span>
    </p>
   </div>
   <div class='ocr_carea' id='block_1_18' title="bbox 308 1532 1879 1613">
    <p class='ocr_par' dir='ltr' id='par_1_18' title="bbox 308 1532 1879 1613">
     <span class='ocr_line' id='line_1_18' title="bbox 308 1532 1879 1613; baseline 0.011 -29"><span class='ocrx_word' id='word_1_107' title='bbox 308 1532 500 1602; x_wconf 86' lang='lat' dir='ltr'><strong>piens;</strong></span> <span class='ocrx_word' id='word_1_108' title='bbox 545 1535 743 1588; x_wconf 89' lang='lat' dir='ltr'><strong>merito</strong></span> <span class='ocrx_word' id='word_1_109' title='bbox 771 1536 1076 1590; x_wconf 88' lang='lat' dir='ltr'><strong>secundum</strong></span> <span class='ocrx_word' id='word_1_110' title='bbox 1117 1538 1410 1610; x_wconf 80' lang='lat' dir='ltr'><strong>imaginem</strong></span> <span class='ocrx_word' id='word_1_111' title='bbox 1441 1545 1678 1598; x_wconf 87' lang='lat' dir='ltr'><strong>naturali</strong></span> <span class='ocrx_word' id='word_1_112' title='bbox 1711 1545 1879 1613; x_wconf 90' lang='lat' dir='ltr'><strong>bono,</strong></span> 
     </span>
    </p>
   </div>
   <div class='ocr_carea' id='block_1_19' title="bbox 1978 457 3554 529">
    <p class='ocr_par' dir='ltr' id='par_1_19' title="bbox 1978 457 3554 529">
     <span class='ocr_line' id='line_1_19' title="bbox 1978 457 3554 529; baseline 0.003 -20"><span class='ocrx_word' id='word_1_113' title='bbox 1978 459 2305 529; x_wconf 79' lang='grc' dir='ltr'><strong>γεωργήσας</strong></span> <span class='ocrx_word' id='word_1_114' title='bbox 2337 459 2433 514; x_wconf 75' lang='grc' dir='ltr'><strong>καὶ</strong></span> <span class='ocrx_word' id='word_1_115' title='bbox 2451 457 2650 512; x_wconf 87' lang='grc' dir='ltr'>ταυτὸν</span> <span class='ocrx_word' id='word_1_116' title='bbox 2675 457 2856 523; x_wconf 81' lang='grc' dir='ltr'>δείξας</span> <span class='ocrx_word' id='word_1_117' title='bbox 2882 458 2950 528; x_wconf 80' lang='grc' dir='ltr'>τῇ</span> <span class='ocrx_word' id='word_1_118' title='bbox 2981 457 3122 528; x_wconf 79' lang='grc' dir='ltr'>ἀρχῇ</span> <span class='ocrx_word' id='word_1_119' title='bbox 3157 457 3217 509; x_wconf 90' lang='grc' dir='ltr'><strong>τὸ</strong></span> <span class='ocrx_word' id='word_1_120' title='bbox 3246 458 3422 524; x_wconf 80' lang='grc' dir='ltr'><strong>τέλος,</strong></span> <span class='ocrx_word' id='word_1_121' title='bbox 3455 460 3554 514; x_wconf 74' lang='grc' dir='ltr'><strong>καὶ</strong></span> 
     </span>
    </p>
   </div>
   <div class='ocr_carea' id='block_1_20' title="bbox 1976 546 3558 621">
    <p class='ocr_par' dir='ltr' id='par_1_20' title="bbox 1976 546 3558 621">
     <span class='ocr_line' id='line_1_20' title="bbox 1976 546 3558 621; baseline 0.004 -22"><span class='ocrx_word' id='word_1_122' title='bbox 1976 547 2076 618; x_wconf 79' lang='grc' dir='ltr'>τὴν</span> <span class='ocrx_word' id='word_1_123' title='bbox 2105 551 2282 621; x_wconf 78' lang='grc' dir='ltr'>ἀρχὴν</span> <span class='ocrx_word' id='word_1_124' title='bbox 2311 551 2389 621; x_wconf 81' lang='grc' dir='ltr'>τῷ</span> <span class='ocrx_word' id='word_1_125' title='bbox 2425 550 2588 615; x_wconf 86' lang='grc' dir='ltr'>τέλει,</span> <span class='ocrx_word' id='word_1_126' title='bbox 2625 549 2826 621; x_wconf 80' lang='grc' dir='ltr'>μᾶλλον</span> <span class='ocrx_word' id='word_1_127' title='bbox 2855 547 2911 601; x_wconf 81' lang='grc' dir='ltr'>δὲ</span> <span class='ocrx_word' id='word_1_128' title='bbox 2957 549 3157 602; x_wconf 87' lang='grc' dir='ltr'>ταυτὸν</span> <span class='ocrx_word' id='word_1_129' title='bbox 3187 549 3364 620; x_wconf 79' lang='grc' dir='ltr'>ἀρχὴν</span> <span class='ocrx_word' id='word_1_130' title='bbox 3389 546 3558 605; x_wconf 79' lang='grc' dir='ltr'>οὖσαν</span> 
     </span>
    </p>
   </div>
   <div class='ocr_carea' id='block_1_21' title="bbox 1977 639 3556 711">
    <p class='ocr_par' dir='ltr' id='par_1_21' title="bbox 1977 639 3556 711">
     <span class='ocr_line' id='line_1_21' title="bbox 1977 639 3556 711; baseline 0 -17"><span class='ocrx_word' id='word_1_131' title='bbox 1977 641 2072 694; x_wconf 73' lang='grc' dir='ltr'><strong>καὶ</strong></span> <span class='ocrx_word' id='word_1_132' title='bbox 2111 642 2288 707; x_wconf 78' lang='grc' dir='ltr'>τέλος,</span> <span class='ocrx_word' id='word_1_133' title='bbox 2320 643 2396 705; x_wconf 88' lang='grc' dir='ltr'>ὡς</span> <span class='ocrx_word' id='word_1_134' title='bbox 2425 642 2711 705; x_wconf 89' lang='grc' dir='ltr'>ἀνόθευτος</span> <span class='ocrx_word' id='word_1_135' title='bbox 2735 639 2873 695; x_wconf 83' lang='grc' dir='ltr'>Θεοῦ</span> <span class='ocrx_word' id='word_1_136' title='bbox 2903 639 3190 710; x_wconf 82' lang='grc' dir='ltr'><strong>τυγχάνων</strong></span> <span class='ocrx_word' id='word_1_137' title='bbox 3232 641 3556 711; x_wconf 84' lang='grc' dir='ltr'><strong>συνήγορος,</strong></span> 
     </span>
    </p>
   </div>
   <div class='ocr_carea' id='block_1_22' title="bbox 1978 727 3559 802">
    <p class='ocr_par' dir='ltr' id='par_1_22' title="bbox 1978 727 3559 802">
     <span class='ocr_line' id='line_1_22' title="bbox 1978 727 3559 802; baseline -0.001 -20"><span class='ocrx_word' id='word_1_138' title='bbox 1978 727 2138 801; x_wconf 69' lang='grc' dir='ltr'>εἶπερ</span> <span class='ocrx_word' id='word_1_139' title='bbox 2166 731 2369 794; x_wconf 88' lang='grc' dir='ltr'>παντὸς</span> <span class='ocrx_word' id='word_1_140' title='bbox 2398 730 2724 802; x_wconf 81' lang='grc' dir='ltr'>πράγματος</span> <span class='ocrx_word' id='word_1_141' title='bbox 2749 729 2891 800; x_wconf 83' lang='grc' dir='ltr'>ἀρχὴ</span> <span class='ocrx_word' id='word_1_142' title='bbox 2921 730 3017 782; x_wconf 73' lang='grc' dir='ltr'><strong>καὶ</strong></span> <span class='ocrx_word' id='word_1_143' title='bbox 3038 729 3191 792; x_wconf 83' lang='grc' dir='ltr'>τέλος</span> <span class='ocrx_word' id='word_1_144' title='bbox 3220 731 3248 782; x_wconf 85' lang='grc' dir='ltr'>ὁ</span> <span class='ocrx_word' id='word_1_145' title='bbox 3285 729 3372 784; x_wconf 78' lang='grc' dir='ltr'><strong>ἐπ’</strong></span> <span class='ocrx_word' id='word_1_146' title='bbox 3405 729 3559 798; x_wconf 84' lang='grc' dir='ltr'>αὐτῷ</span> 
     </span>
    </p>
   </div>
   <div class='ocr_carea' id='block_1_23' title="bbox 1980 818 3560 894">
    <p class='ocr_par' dir='ltr' id='par_1_23' title="bbox 1980 818 3560 894">
     <span class='ocr_line' id='line_1_23' title="bbox 1980 818 3560 894; baseline -0.002 -19"><span class='ocrx_word' id='word_1_147' title='bbox 1980 821 2185 884; x_wconf 86' lang='grc' dir='ltr'>σκοπὸς</span> <span class='ocrx_word' id='word_1_148' title='bbox 2213 822 2484 894; x_wconf 83' lang='grc' dir='ltr'><strong>ὑπάρχειν</strong></span> <span class='ocrx_word' id='word_1_149' title='bbox 2525 820 2908 884; x_wconf 79' lang='grc' dir='ltr'><strong>πεπίστευται,</strong></span> <span class='ocrx_word' id='word_1_150' title='bbox 2939 821 3040 891; x_wconf 83' lang='grc' dir='ltr'>τὴν</span> <span class='ocrx_word' id='word_1_151' title='bbox 3074 821 3172 891; x_wconf 77' lang='grc' dir='ltr'>μὲν</span> <span class='ocrx_word' id='word_1_152' title='bbox 3227 818 3302 883; x_wconf 85' lang='grc' dir='ltr'><strong>ὡς</strong></span> <span class='ocrx_word' id='word_1_153' title='bbox 3345 820 3560 872; x_wconf 71' lang='grc' dir='ltr'>ἐκεῖθεν</span> 
     </span>
    </p>
   </div>
   <div class='ocr_carea' id='block_1_24' title="bbox 1979 906 3551 984">
    <p class='ocr_par' dir='ltr' id='par_1_24' title="bbox 1979 906 3551 984">
     <span class='ocr_line' id='line_1_24' title="bbox 1979 906 3551 984; baseline -0.001 -20"><span class='ocrx_word' id='word_1_154' title='bbox 1979 910 2218 980; x_wconf 77' lang='grc' dir='ltr'>εἰληφὼς</span> <span class='ocrx_word' id='word_1_155' title='bbox 2241 912 2378 984; x_wconf 86' lang='grc' dir='ltr'>πρὸς</span> <span class='ocrx_word' id='word_1_156' title='bbox 2405 911 2482 983; x_wconf 84' lang='grc' dir='ltr'><strong>τῷ</strong></span> <span class='ocrx_word' id='word_1_157' title='bbox 2516 906 2656 966; x_wconf 76' lang='grc' dir='ltr'>εἶναι</span> <span class='ocrx_word' id='word_1_158' title='bbox 2682 911 2778 964; x_wconf 70' lang='grc' dir='ltr'><strong>κα)⁸</strong></span> <span class='ocrx_word' id='word_1_159' title='bbox 2805 910 2901 964; x_wconf 65' lang='grc' dir='ltr'>τὸδ</span> <span class='ocrx_word' id='word_1_160' title='bbox 2929 911 3068 965; x_wconf 85' lang='grc' dir='ltr'>κατά</span> <span class='ocrx_word' id='word_1_161' title='bbox 3097 909 3313 982; x_wconf 80' lang='grc' dir='ltr'><strong>μέθεξιν</strong></span> <span class='ocrx_word' id='word_1_162' title='bbox 3346 910 3508 980; x_wconf 75' lang='grc' dir='ltr'>φύσει</span> <span class='ocrx_word' id='word_1_163' title='bbox 3527 912 3551 943; x_wconf 86' lang='grc'><strong><em>⁵</em></strong></span> 
     </span>
    </p>
   </div>
   <div class='ocr_carea' id='block_1_25' title="bbox 1978 999 3559 1072">
    <p class='ocr_par' dir='ltr' id='par_1_25' title="bbox 1978 999 3559 1072">
     <span class='ocr_line' id='line_1_25' title="bbox 1978 999 3559 1072; baseline -0.001 -17"><span class='ocrx_word' id='word_1_164' title='bbox 1978 1001 2207 1069; x_wconf 83' lang='grc' dir='ltr'>ἀγαθὸν,</span> <span class='ocrx_word' id='word_1_165' title='bbox 2242 1001 2302 1055; x_wconf 91' lang='grc' dir='ltr'><strong>τὸ</strong></span> <span class='ocrx_word' id='word_1_166' title='bbox 2327 1002 2383 1056; x_wconf 82' lang='grc' dir='ltr'>δὲ</span> <span class='ocrx_word' id='word_1_167' title='bbox 2406 1001 2480 1065; x_wconf 87' lang='grc' dir='ltr'><strong>ῶς</strong></span> <span class='ocrx_word' id='word_1_168' title='bbox 2505 1002 2628 1055; x_wconf 86' lang='grc' dir='ltr'>κατ’</span> <span class='ocrx_word' id='word_1_169' title='bbox 2659 1000 2830 1072; x_wconf 78' lang='grc' dir='ltr'>αὐτὴν</span> <span class='ocrx_word' id='word_1_170' title='bbox 2852 999 3050 1072; x_wconf 81' lang='grc' dir='ltr'>γνώμῃ</span> <span class='ocrx_word' id='word_1_171' title='bbox 3080 1017 3140 1052; x_wconf 88' lang='grc' dir='ltr'><strong>τε</strong></span> <span class='ocrx_word' id='word_1_172' title='bbox 3175 999 3272 1052; x_wconf 74' lang='grc' dir='ltr'><strong>καὶ</strong></span> <span class='ocrx_word' id='word_1_173' title='bbox 3297 999 3559 1070; x_wconf 81' lang='grc' dir='ltr'>προαιρέ-</span> 
     </span>
    </p>
   </div>
   <div class='ocr_carea' id='block_1_26' title="bbox 1980 1090 3560 1163">
    <p class='ocr_par' dir='ltr' id='par_1_26' title="bbox 1980 1090 3560 1163">
     <span class='ocr_line' id='line_1_26' title="bbox 1980 1090 3560 1163; baseline 0.001 -18"><span class='ocrx_word' id='word_1_174' title='bbox 1980 1110 2064 1145; x_wconf 85' lang='grc' dir='ltr'><strong>σει</strong></span> <span class='ocrx_word' id='word_1_175' title='bbox 2111 1093 2202 1145; x_wconf 87' lang='grc' dir='ltr'><strong>τὸν</strong></span> <span class='ocrx_word' id='word_1_176' title='bbox 2252 1093 2538 1146; x_wconf 76' lang='grc' dir='ltr'>ἐπαινετὸν</span> <span class='ocrx_word' id='word_1_177' title='bbox 2570 1093 2665 1146; x_wconf 77' lang='grc' dir='ltr'><strong>καὶ</strong></span> <span class='ocrx_word' id='word_1_178' title='bbox 2709 1092 2848 1163; x_wconf 78' lang='grc' dir='ltr'>πρὸς</span> <span class='ocrx_word' id='word_1_179' title='bbox 2873 1091 3042 1162; x_wconf 81' lang='grc' dir='ltr'>αὐτὴν</span> <span class='ocrx_word' id='word_1_180' title='bbox 3070 1090 3328 1154; x_wconf 82' lang='grc' dir='ltr'>ἀπλανῶς</span> <span class='ocrx_word' id='word_1_181' title='bbox 3354 1091 3560 1159; x_wconf 82' lang='grc' dir='ltr'>ἀγοντα</span> 
     </span>
    </p>
   </div>
   <div class='ocr_carea' id='block_1_27' title="bbox 1979 1181 3558 1253">
    <p class='ocr_par' dir='ltr' id='par_1_27' title="bbox 1979 1181 3558 1253">
     <span class='ocr_line' id='line_1_27' title="bbox 1979 1181 3558 1253; baseline 0.001 -19"><span class='ocrx_word' id='word_1_182' title='bbox 1979 1181 2245 1246; x_wconf 68' lang='grc' dir='ltr'>ἐξανύσας</span> <span class='ocrx_word' id='word_1_183' title='bbox 2261 1183 2281 1215; x_wconf 81' lang='grc'>⁸</span> <span class='ocrx_word' id='word_1_184' title='bbox 2311 1182 2510 1253; x_wconf 78' lang='grc' dir='ltr'>δρόμον</span> <span class='ocrx_word' id='word_1_185' title='bbox 2537 1182 2626 1236; x_wconf 87' lang='grc' dir='ltr'><strong>διά</strong></span> <span class='ocrx_word' id='word_1_186' title='bbox 2659 1181 2916 1250; x_wconf 85' lang='grc' dir='ltr'>σπουδῆς,</span> <span class='ocrx_word' id='word_1_187' title='bbox 2941 1181 3064 1234; x_wconf 78' lang='grc' dir='ltr'>καθ’</span> <span class='ocrx_word' id='word_1_188' title='bbox 3085 1182 3144 1235; x_wconf 83' lang='grc' dir='ltr'><strong>ὃν</strong></span> <span class='ocrx_word' id='word_1_189' title='bbox 3171 1182 3380 1250; x_wconf 87' lang='grc' dir='ltr'>γίνεται</span> <span class='ocrx_word' id='word_1_190' title='bbox 3402 1182 3558 1246; x_wconf 88' lang='grc' dir='ltr'>Θεὸς,</span> 
     </span>
    </p>
   </div>
   <div class='ocr_carea' id='block_1_28' title="bbox 1981 1268 3561 1344">
    <p class='ocr_par' dir='ltr' id='par_1_28' title="bbox 1981 1268 3561 1344">
     <span class='ocr_line' id='line_1_28' title="bbox 1981 1268 3561 1344; baseline 0.001 -20"><span class='ocrx_word' id='word_1_191' title='bbox 1981 1272 2046 1325; x_wconf 84' lang='grc' dir='ltr'><strong>ὲκ</strong></span> <span class='ocrx_word' id='word_1_192' title='bbox 2071 1272 2167 1324; x_wconf 84' lang='grc' dir='ltr'><strong>τοῦ</strong></span> <span class='ocrx_word' id='word_1_193' title='bbox 2201 1271 2338 1326; x_wconf 90' lang='grc' dir='ltr'>Θεοῦ</span> <span class='ocrx_word' id='word_1_194' title='bbox 2376 1272 2438 1325; x_wconf 83' lang='grc' dir='ltr'><strong>τὸ</strong></span> <span class='ocrx_word' id='word_1_195' title='bbox 2471 1272 2606 1336; x_wconf 89' lang='grc' dir='ltr'>Θεὸς</span> <span class='ocrx_word' id='word_1_196' title='bbox 2654 1268 2795 1326; x_wconf 75' lang='grc' dir='ltr'>εἶναι</span> <span class='ocrx_word' id='word_1_197' title='bbox 2841 1273 3159 1344; x_wconf 78' lang='grc' dir='ltr'>λαμϐάνων,</span> <span class='ocrx_word' id='word_1_198' title='bbox 3191 1274 3268 1337; x_wconf 82' lang='grc' dir='ltr'>ὡς</span> <span class='ocrx_word' id='word_1_199' title='bbox 3294 1273 3411 1343; x_wconf 63' lang='grc' dir='ltr'>τῶν</span> <span class='ocrx_word' id='word_1_200' title='bbox 3436 1273 3561 1326; x_wconf 82' lang='grc' dir='ltr'>κατ’</span> 
     </span>
    </p>
   </div>
   <div class='ocr_carea' id='block_1_29' title="bbox 1981 1363 3561 1435">
    <p class='ocr_par' dir='ltr' id='par_1_29' title="bbox 1981 1363 3561 1435">
     <span class='ocr_line' id='line_1_29' title="bbox 1981 1363 3561 1435; baseline 0.001 -18"><span class='ocrx_word' id='word_1_201' title='bbox 1981 1365 2167 1417; x_wconf 82' lang='grc' dir='ltr'>εἰκόνα</span> <span class='ocrx_word' id='word_1_202' title='bbox 2211 1364 2374 1433; x_wconf 85' lang='grc' dir='ltr'>φύσει</span> <span class='ocrx_word' id='word_1_203' title='bbox 2427 1363 2580 1434; x_wconf 85' lang='grc' dir='ltr'>καλῷ</span> <span class='ocrx_word' id='word_1_204' title='bbox 2608 1365 2704 1416; x_wconf 76' lang='grc' dir='ltr'><strong>καὶ</strong></span> <span class='ocrx_word' id='word_1_205' title='bbox 2751 1366 3072 1435; x_wconf 79' lang='grc' dir='ltr'>προαιρέσει</span> <span class='ocrx_word' id='word_1_206' title='bbox 3106 1365 3205 1434; x_wconf 83' lang='grc' dir='ltr'>τὴν</span> <span class='ocrx_word' id='word_1_207' title='bbox 3242 1364 3311 1418; x_wconf 85' lang='grc' dir='ltr'><strong>δι’</strong></span> <span class='ocrx_word' id='word_1_208' title='bbox 3345 1363 3561 1435; x_wconf 83' lang='grc' dir='ltr'>ἀρετῶν</span> 
     </span>
    </p>
   </div>
   <div class='ocr_carea' id='block_1_30' title="bbox 1982 1453 3561 1526">
    <p class='ocr_par' dir='ltr' id='par_1_30' title="bbox 1982 1453 3561 1526">
     <span class='ocr_line' id='line_1_30' title="bbox 1982 1453 3561 1526; baseline 0.001 -20"><span class='ocrx_word' id='word_1_209' title='bbox 1982 1455 2244 1525; x_wconf 72' lang='grc' dir='ltr'>προσθεὶς</span> <span class='ocrx_word' id='word_1_210' title='bbox 2277 1453 2621 1526; x_wconf 75' lang='grc' dir='ltr'>ἐξομοίωσιν,</span> <span class='ocrx_word' id='word_1_211' title='bbox 2672 1454 2761 1508; x_wconf 84' lang='grc' dir='ltr'><strong>διὰ</strong></span> <span class='ocrx_word' id='word_1_212' title='bbox 2823 1455 2926 1526; x_wconf 83' lang='grc' dir='ltr'>τῆς</span> <span class='ocrx_word' id='word_1_213' title='bbox 2971 1455 3216 1526; x_wconf 77' lang='grc' dir='ltr'><strong>ἐμφύτου</strong></span> <span class='ocrx_word' id='word_1_214' title='bbox 3271 1455 3410 1526; x_wconf 91' lang='grc' dir='ltr'>πρὸς</span> <span class='ocrx_word' id='word_1_215' title='bbox 3460 1454 3561 1526; x_wconf 76' lang='grc' dir='ltr'>τὴν</span> 
     </span>
    </p>
   </div>
   <div class='ocr_carea' id='block_1_31' title="bbox 1987 1544 3562 1618">
    <p class='ocr_par' dir='ltr' id='par_1_31' title="bbox 1987 1544 3562 1618">
     <span class='ocr_line' id='line_1_31' title="bbox 1987 1544 3562 1618; baseline -0.001 -19"><span class='ocrx_word' id='word_1_216' title='bbox 1987 1545 2126 1600; x_wconf 86' lang='grc' dir='ltr'>ἰδίαν</span> <span class='ocrx_word' id='word_1_217' title='bbox 2155 1547 2330 1616; x_wconf 80' lang='grc' dir='ltr'>ἀρχὴν</span> <span class='ocrx_word' id='word_1_218' title='bbox 2356 1544 2672 1610; x_wconf 74' lang='grc' dir='ltr'>ἀναϐάσεὼς</span> <span class='ocrx_word' id='word_1_219' title='bbox 2699 1564 2758 1600; x_wconf 90' lang='grc' dir='ltr'><strong>τε</strong></span> <span class='ocrx_word' id='word_1_220' title='bbox 2781 1547 2874 1601; x_wconf 79' lang='grc' dir='ltr'><strong>καὶ</strong></span> <span class='ocrx_word' id='word_1_221' title='bbox 2902 1546 3256 1618; x_wconf 85' lang='grc' dir='ltr'>οἰκειότητος.</span> <span class='ocrx_word' id='word_1_222' title='bbox 3287 1547 3398 1599; x_wconf 70' lang='grc' dir='ltr'><strong>Καὶ</strong></span> <span class='ocrx_word' id='word_1_223' title='bbox 3426 1545 3562 1615; x_wconf 64' lang='grc' dir='ltr'>πλη-</span> 
     </span>
    </p>
   </div>
   <div class='ocr_carea' id='block_1_32' title="bbox 308 1625 1894 1708">
    <p class='ocr_par' dir='ltr' id='par_1_32' title="bbox 308 1625 1883 1708">
     <span class='ocr_line' id='line_1_32' title="bbox 308 1625 1883 1708; baseline 0.011 -33"><span class='ocrx_word' id='word_1_224' title='bbox 308 1625 618 1689; x_wconf 77' lang='lat' dir='ltr'><strong>volunlate,</strong></span> <span class='ocrx_word' id='word_1_225' title='bbox 662 1642 759 1695; x_wconf 91' lang='lat' dir='ltr'><strong>per</strong></span> <span class='ocrx_word' id='word_1_226' title='bbox 799 1627 1036 1682; x_wconf 79' lang='lat' dir='ltr'><strong>virtutes</strong></span> <span class='ocrx_word' id='word_1_227' title='bbox 1070 1629 1280 1686; x_wconf 89' lang='lat' dir='ltr'><strong>addens</strong></span> <span class='ocrx_word' id='word_1_228' title='bbox 1320 1633 1744 1692; x_wconf 87' lang='lat' dir='ltr'><strong>similitudinem</strong></span> <span class='ocrx_word' id='word_1_229' title='bbox 1784 1653 1883 1708; x_wconf 89' lang='lat' dir='ltr'><strong>per</strong></span> 
     </span>
    </p>
   </div>
   <div class='ocr_carea' id='block_1_33' title="bbox 1994 1625 3562 1708">
    <p class='ocr_par' dir='ltr' id='par_1_33' title="bbox 1994 1634 3562 1705">
     <span class='ocr_line' id='line_1_33' title="bbox 1994 1634 3562 1705; baseline -0.003 -15"><span class='ocrx_word' id='word_1_230' title='bbox 1994 1637 2175 1705; x_wconf 82' lang='grc' dir='ltr'>ροῦται</span> <span class='ocrx_word' id='word_1_231' title='bbox 2203 1635 2388 1688; x_wconf 86' lang='grc' dir='ltr'>λοιπὸν</span> <span class='ocrx_word' id='word_1_232' title='bbox 2409 1636 2504 1688; x_wconf 73' lang='grc' dir='ltr'><strong>καὶ</strong></span> <span class='ocrx_word' id='word_1_233' title='bbox 2530 1635 2618 1688; x_wconf 82' lang='grc' dir='ltr'><strong>ἐπ’</strong></span> <span class='ocrx_word' id='word_1_234' title='bbox 2649 1634 2797 1705; x_wconf 83' lang='grc' dir='ltr'>αύτῷ</span> <span class='ocrx_word' id='word_1_235' title='bbox 2828 1635 2888 1689; x_wconf 90' lang='grc' dir='ltr'><strong>τὸ</strong></span> <span class='ocrx_word' id='word_1_236' title='bbox 2915 1635 3272 1689; x_wconf 88' lang='grc' dir='ltr'>ἀποστολικὸν</span> <span class='ocrx_word' id='word_1_237' title='bbox 3305 1635 3468 1705; x_wconf 71' lang='grc' dir='ltr'>ῥητὸν</span> <span class='ocrx_word' id='word_1_238' title='bbox 3499 1635 3562 1688; x_wconf 85' lang='grc' dir='ltr'><strong>τὸ</strong></span> 
     </span>
    </p>
   </div>
   <div class='ocr_carea' id='block_1_34' title="bbox 313 1699 1894 1796">
    <p class='ocr_par' dir='ltr' id='par_1_34' title="bbox 313 1699 1886 1794">
     <span class='ocr_line' id='line_1_34' title="bbox 313 1699 1886 1794; baseline 0.01 -25"><span class='ocrx_word' id='word_1_239' title='bbox 313 1715 530 1771; x_wconf 86' lang='lat' dir='ltr'><strong>insitam</strong></span> <span class='ocrx_word' id='word_1_240' title='bbox 581 1717 648 1772; x_wconf 88' lang='lat' dir='ltr'><strong>ad</strong></span> <span class='ocrx_word' id='word_1_241' title='bbox 687 1719 972 1790; x_wconf 89' lang='lat' dir='ltr'><strong>proprium</strong></span> <span class='ocrx_word' id='word_1_242' title='bbox 1027 1721 1364 1794; x_wconf 89' lang='lat' dir='ltr'><strong>principium</strong></span> <span class='ocrx_word' id='word_1_243' title='bbox 1405 1699 1802 1786; x_wconf 50' lang='lat' dir='ltr'><strong>ascensionem-</strong></span> <span class='ocrx_word' id='word_1_244' title='bbox 1829 1740 1886 1786; x_wconf 89' lang='lat' dir='ltr'><strong>et</strong></span> 
     </span>
    </p>
   </div>
   <div class='ocr_carea' id='block_1_35' title="bbox 1994 1699 3558 1796">
    <p class='ocr_par' dir='ltr' id='par_1_35' title="bbox 1994 1699 3558 1796">
     <span class='ocr_line' id='line_1_35' title="bbox 1994 1699 3558 1796; baseline -0.004 -14"><span class='ocrx_word' id='word_1_245' title='bbox 1994 1699 2228 1794; x_wconf 62' lang='lat' dir='ltr'><strong>tpdaxov&#39;</strong></span> <span class='ocrx_word' id='word_1_246' title='bbox 2276 1724 2374 1779; x_wconf 81' lang='grc' dir='ltr'><strong>Ἐν</strong></span> <span class='ocrx_word' id='word_1_247' title='bbox 2402 1723 2561 1790; x_wconf 85' lang='grc' dir='ltr'>αὐτῷ</span> <span class='ocrx_word' id='word_1_248' title='bbox 2593 1725 2702 1796; x_wconf 72' lang='grc' dir='ltr'>γὰρ</span> <span class='ocrx_word' id='word_1_249' title='bbox 2735 1699 2922 1795; x_wconf 77' lang='grc' dir='ltr'>ζῶμεν</span> <span class='ocrx_word' id='word_1_250' title='bbox 2965 1725 3064 1780; x_wconf 82' lang='grc' dir='ltr'><strong>καί</strong></span> <span class='ocrx_word' id='word_1_251' title='bbox 3108 1699 3431 1794; x_wconf 61' lang='grc' dir='ltr'>κινούμεθα</span> <span class='ocrx_word' id='word_1_252' title='bbox 3462 1723 3558 1777; x_wconf 82' lang='grc' dir='ltr'><strong>καί</strong></span> 
     </span>
    </p>
   </div>
   <div class='ocr_carea' id='block_1_36' title="bbox 313 1810 1887 1894">
    <p class='ocr_par' dir='ltr' id='par_1_36' title="bbox 313 1810 1887 1894">
     <span class='ocr_line' id='line_1_36' title="bbox 313 1810 1887 1894; baseline 0.01 -30"><span class='ocrx_word' id='word_1_253' title='bbox 313 1810 764 1866; x_wconf 82' lang='lat' dir='ltr'><strong>familiaritatem.</strong></span> <span class='ocrx_word' id='word_1_254' title='bbox 795 1814 863 1868; x_wconf 85' lang='lat' dir='ltr'><strong>Et</strong></span> <span class='ocrx_word' id='word_1_255' title='bbox 895 1814 1159 1884; x_wconf 88' lang='lat' dir='ltr'><strong>impletur</strong></span> <span class='ocrx_word' id='word_1_256' title='bbox 1182 1817 1251 1872; x_wconf 90' lang='lat' dir='ltr'><strong>de</strong></span> <span class='ocrx_word' id='word_1_257' title='bbox 1284 1827 1484 1875; x_wconf 64' lang='lat' dir='ltr'><strong>caetero</strong></span> <span class='ocrx_word' id='word_1_258' title='bbox 1516 1821 1570 1875; x_wconf 89' lang='lat' dir='ltr'><strong>in</strong></span> <span class='ocrx_word' id='word_1_259' title='bbox 1601 1823 1720 1892; x_wconf 90' lang='lat' dir='ltr'><strong>ipso</strong></span> <span class='ocrx_word' id='word_1_260' title='bbox 1754 1839 1887 1894; x_wconf 88' lang='lat' dir='ltr'><strong>apo-</strong></span> 
     </span>
    </p>
   </div>
   <div class='ocr_carea' id='block_1_37' title="bbox 313 1903 1886 1978">
    <p class='ocr_par' dir='ltr' id='par_1_37' title="bbox 313 1903 1886 1978">
     <span class='ocr_line' id='line_1_37' title="bbox 313 1903 1886 1978; baseline 0.009 -22"><span class='ocrx_word' id='word_1_261' title='bbox 313 1903 541 1959; x_wconf 89' lang='lat' dir='ltr'><strong>stolicus</strong></span> <span class='ocrx_word' id='word_1_262' title='bbox 571 1905 989 1970; x_wconf 88' lang='lat' dir='ltr'><strong>sermo,_dicens</strong></span> <span class='ocrx_word' id='word_1_263' title='bbox 1017 1925 1030 1960; x_wconf 91' lang='lat'><strong>:</strong></span> <span class='ocrx_word' id='word_1_264' title='bbox 1063 1906 1128 1961; x_wconf 89' lang='lat' dir='ltr'><strong>In</strong></span> <span class='ocrx_word' id='word_1_265' title='bbox 1145 1909 1258 1978; x_wconf 77' lang='lat' dir='ltr'><strong>ipso</strong></span> <span class='ocrx_word' id='word_1_266' title='bbox 1289 1912 1429 1964; x_wconf 78' lang='lat' dir='ltr'><strong>enim</strong></span> <span class='ocrx_word' id='word_1_267' title='bbox 1448 1913 1670 1968; x_wconf 73' lang='lat' dir='ltr'><strong>vivimus</strong></span> <span class='ocrx_word' id='word_1_268' title='bbox 1697 1924 1746 1968; x_wconf 83' lang='lat' dir='ltr'><strong>et</strong></span> <span class='ocrx_word' id='word_1_269' title='bbox 1770 1931 1886 1969; x_wconf 87' lang='lat' dir='ltr'><strong>mo-</strong></span> 
     </span>
    </p>
   </div>
   <div class='ocr_carea' id='block_1_38' title="bbox 312 1997 1886 2072">
    <p class='ocr_par' dir='ltr' id='par_1_38' title="bbox 312 1997 1886 2072">
     <span class='ocr_line' id='line_1_38' title="bbox 312 1997 1886 2072; baseline 0.009 -25"><span class='ocrx_word' id='word_1_270' title='bbox 312 2011 496 2048; x_wconf 79' lang='lat' dir='ltr'><strong>vemur</strong></span> <span class='ocrx_word' id='word_1_271' title='bbox 519 2004 568 2048; x_wconf 83' lang='lat' dir='ltr'><strong>et</strong></span> <span class='ocrx_word' id='word_1_272' title='bbox 601 2013 781 2051; x_wconf 75' lang='lat' dir='ltr'><strong>sumus</strong></span> <span class='ocrx_word' id='word_1_273' title='bbox 800 2004 847 2050; x_wconf 86' lang='grc' dir='ltr'><strong>ο.</strong></span> <span class='ocrx_word' id='word_1_274' title='bbox 877 1997 964 2052; x_wconf 89' lang='lat' dir='ltr'><strong>Fit</strong></span> <span class='ocrx_word' id='word_1_275' title='bbox 991 1999 1140 2052; x_wconf 88' lang='lat' dir='ltr'><strong>enim</strong></span> <span class='ocrx_word' id='word_1_276' title='bbox 1160 2001 1218 2055; x_wconf 86' lang='lat' dir='ltr'><strong>in</strong></span> <span class='ocrx_word' id='word_1_277' title='bbox 1243 2001 1356 2056; x_wconf 91' lang='lat' dir='ltr'><strong>Deo</strong></span> <span class='ocrx_word' id='word_1_278' title='bbox 1382 2018 1480 2072; x_wconf 89' lang='lat' dir='ltr'><strong>per</strong></span> <span class='ocrx_word' id='word_1_279' title='bbox 1503 2006 1886 2060; x_wconf 80' lang='lat' dir='ltr'><strong>excellentiam</strong></span> 
     </span>
    </p>
   </div>
   <div class='ocr_carea' id='block_1_39' title="bbox 312 2086 1888 2150">
    <p class='ocr_par' dir='ltr' id='par_1_39' title="bbox 312 2086 1888 2150">
     <span class='ocr_line' id='line_1_39' title="bbox 312 2086 1888 2150; baseline 0.007 -11"><span class='ocrx_word' id='word_1_280' title='bbox 312 2086 827 2142; x_wconf 78' lang='lat' dir='ltr'><strong>ante-exsistentcm</strong></span> <span class='ocrx_word' id='word_1_281' title='bbox 891 2087 947 2141; x_wconf 84' lang='lat' dir='ltr'><strong>in</strong></span> <span class='ocrx_word' id='word_1_282' title='bbox 978 2089 1092 2144; x_wconf 90' lang='lat' dir='ltr'><strong>Deo</strong></span> <span class='ocrx_word' id='word_1_283' title='bbox 1151 2091 1404 2146; x_wconf 67' lang='lat' dir='ltr'><strong>essentia;</strong></span> <span class='ocrx_word' id='word_1_284' title='bbox 1455 2093 1724 2150; x_wconf 90' lang='lat' dir='ltr'><strong>rationem</strong></span> <span class='ocrx_word' id='word_1_285' title='bbox 1776 2111 1888 2150; x_wconf 91' lang='lat' dir='ltr'><strong>non</strong></span> 
     </span>
    </p>
   </div>
   <div class='ocr_carea' id='block_1_40' title="bbox 311 2181 1888 2255">
    <p class='ocr_par' dir='ltr' id='par_1_40' title="bbox 311 2181 1888 2255">
     <span class='ocr_line' id='line_1_40' title="bbox 311 2181 1888 2255; baseline 0.006 -23"><span class='ocrx_word' id='word_1_286' title='bbox 311 2191 700 2247; x_wconf 87' lang='lat' dir='ltr'><strong>corrumpens,</strong></span> <span class='ocrx_word' id='word_1_287' title='bbox 733 2187 790 2232; x_wconf 91' lang='lat' dir='ltr'><strong>et</strong></span> <span class='ocrx_word' id='word_1_288' title='bbox 813 2188 1066 2234; x_wconf 86' lang='lat' dir='ltr'><strong>movetur</strong></span> <span class='ocrx_word' id='word_1_289' title='bbox 1089 2181 1145 2234; x_wconf 90' lang='lat' dir='ltr'><strong>in</strong></span> <span class='ocrx_word' id='word_1_290' title='bbox 1191 2182 1302 2236; x_wconf 90' lang='lat' dir='ltr'><strong>Deo</strong></span> <span class='ocrx_word' id='word_1_291' title='bbox 1331 2183 1638 2238; x_wconf 89' lang='lat' dir='ltr'><strong>secundum</strong></span> <span class='ocrx_word' id='word_1_292' title='bbox 1679 2201 1888 2255; x_wconf 70' lang='lat' dir='ltr'><strong>praece-</strong></span> 
     </span>
    </p>
   </div>
   <div class='ocr_carea' id='block_1_41' title="bbox 314 2267 1890 2346">
    <p class='ocr_par' dir='ltr' id='par_1_41' title="bbox 314 2267 1890 2346">
     <span class='ocr_line' id='line_1_41' title="bbox 314 2267 1890 2346; baseline 0.008 -25"><span class='ocrx_word' id='word_1_293' title='bbox 314 2267 539 2323; x_wconf 90' lang='lat' dir='ltr'><strong>dentem</strong></span> <span class='ocrx_word' id='word_1_294' title='bbox 588 2268 642 2322; x_wconf 92' lang='lat' dir='ltr'><strong>in</strong></span> <span class='ocrx_word' id='word_1_295' title='bbox 684 2271 797 2324; x_wconf 93' lang='lat' dir='ltr'><strong>Deo</strong></span> <span class='ocrx_word' id='word_1_296' title='bbox 830 2271 971 2325; x_wconf 87' lang='lat' dir='ltr'><strong>bene</strong></span> <span class='ocrx_word' id='word_1_297' title='bbox 1019 2287 1142 2328; x_wconf 90' lang='lat' dir='ltr'><strong>esse</strong></span> <span class='ocrx_word' id='word_1_298' title='bbox 1183 2274 1476 2342; x_wconf 88' lang='lat' dir='ltr'><strong>rationem,</strong></span> <span class='ocrx_word' id='word_1_299' title='bbox 1523 2292 1623 2346; x_wconf 87' lang='lat' dir='ltr'><strong>per</strong></span> <span class='ocrx_word' id='word_1_300' title='bbox 1653 2278 1890 2333; x_wconf 88' lang='lat' dir='ltr'><strong>virtutes</strong></span> 
     </span>
    </p>
   </div>
   <div class='ocr_carea' id='block_1_42' title="bbox 312 2363 1889 2437">
    <p class='ocr_par' dir='ltr' id='par_1_42' title="bbox 312 2363 1889 2437">
     <span class='ocr_line' id='line_1_42' title="bbox 312 2363 1889 2437; baseline 0.006 -23"><span class='ocrx_word' id='word_1_301' title='bbox 312 2375 568 2430; x_wconf 89' lang='lat' dir='ltr'><strong>operans,</strong></span> <span class='ocrx_word' id='word_1_302' title='bbox 601 2370 656 2415; x_wconf 90' lang='lat' dir='ltr'><strong>et</strong></span> <span class='ocrx_word' id='word_1_303' title='bbox 679 2363 813 2416; x_wconf 88' lang='lat' dir='ltr'><strong>vivit</strong></span> <span class='ocrx_word' id='word_1_304' title='bbox 835 2363 890 2416; x_wconf 91' lang='lat' dir='ltr'><strong>in</strong></span> <span class='ocrx_word' id='word_1_305' title='bbox 918 2364 1030 2418; x_wconf 91' lang='lat' dir='ltr'><strong>Deo</strong></span> <span class='ocrx_word' id='word_1_306' title='bbox 1067 2366 1374 2420; x_wconf 89' lang='lat' dir='ltr'><strong>secundum</strong></span> <span class='ocrx_word' id='word_1_307' title='bbox 1399 2367 1803 2437; x_wconf 65' lang='lat' dir='ltr'><strong>praecedentem</strong></span> <span class='ocrx_word' id='word_1_308' title='bbox 1831 2371 1889 2424; x_wconf 90' lang='lat' dir='ltr'><strong>in</strong></span> 
     </span>
    </p>
   </div>
   <div class='ocr_carea' id='block_1_43' title="bbox 315 2451 1892 2530">
    <p class='ocr_par' dir='ltr' id='par_1_43' title="bbox 315 2451 1892 2530">
     <span class='ocr_line' id='line_1_43' title="bbox 315 2451 1892 2530; baseline 0.006 -23"><span class='ocrx_word' id='word_1_309' title='bbox 315 2451 427 2507; x_wconf 88' lang='lat' dir='ltr'><strong>Deo</strong></span> <span class='ocrx_word' id='word_1_310' title='bbox 453 2469 674 2523; x_wconf 89' lang='lat' dir='ltr'><strong>semper</strong></span> <span class='ocrx_word' id='word_1_311' title='bbox 705 2470 825 2509; x_wconf 85' lang='lat' dir='ltr'><strong>esse</strong></span> <span class='ocrx_word' id='word_1_312' title='bbox 857 2455 1147 2510; x_wconf 86' lang='lat' dir='ltr'><strong>rationem.</strong></span> <span class='ocrx_word' id='word_1_313' title='bbox 1188 2457 1289 2510; x_wconf 85' lang='lat' dir='ltr'><strong>Hic</strong></span> <span class='ocrx_word' id='word_1_314' title='bbox 1311 2458 1534 2528; x_wconf 91' lang='lat' dir='ltr'><strong>quidem</strong></span> <span class='ocrx_word' id='word_1_315' title='bbox 1555 2461 1665 2530; x_wconf 89' lang='lat' dir='ltr'><strong>jam</strong></span> <span class='ocrx_word' id='word_1_316' title='bbox 1693 2477 1892 2516; x_wconf 84' lang='lat' dir='ltr'><strong>secun-</strong></span> 
     </span>
    </p>
   </div>
   <div class='ocr_carea' id='block_1_44' title="bbox 315 2539 1893 2617">
    <p class='ocr_par' dir='ltr' id='par_1_44' title="bbox 315 2539 1893 2617">
     <span class='ocr_line' id='line_1_44' title="bbox 315 2539 1893 2617; baseline 0.008 -24"><span class='ocrx_word' id='word_1_317' title='bbox 315 2539 450 2595; x_wconf 90' lang='lat' dir='ltr'><strong>dum</strong></span> <span class='ocrx_word' id='word_1_318' title='bbox 476 2541 868 2611; x_wconf 89' lang='lat' dir='ltr'><strong>impassibilem</strong></span> <span class='ocrx_word' id='word_1_319' title='bbox 894 2543 1052 2597; x_wconf 87' lang='lat' dir='ltr'><strong>valde</strong></span> <span class='ocrx_word' id='word_1_320' title='bbox 1077 2544 1328 2599; x_wconf 89' lang='lat' dir='ltr'><strong>habitum</strong></span> <span class='ocrx_word' id='word_1_321' title='bbox 1368 2547 1423 2601; x_wconf 93' lang='lat' dir='ltr'><strong>id</strong></span> <span class='ocrx_word' id='word_1_322' title='bbox 1456 2547 1638 2617; x_wconf 90' lang='lat' dir='ltr'><strong>ipsum</strong></span> <span class='ocrx_word' id='word_1_323' title='bbox 1669 2549 1893 2605; x_wconf 88' lang='lat' dir='ltr'><strong>sibimet</strong></span> 
     </span>
    </p>
   </div>
   <div class='ocr_carea' id='block_1_45' title="bbox 307 2631 1892 2700">
    <p class='ocr_par' dir='ltr' id='par_1_45' title="bbox 307 2631 1892 2700">
     <span class='ocr_line' id='line_1_45' title="bbox 307 2631 1892 2700; baseline 0.007 -12"><span class='ocrx_word' id='word_1_324' title='bbox 307 2639 371 2688; x_wconf 78' lang='lat' dir='ltr'><strong>et</strong></span> <span class='ocrx_word' id='word_1_325' title='bbox 397 2631 856 2688; x_wconf 89' lang='lat' dir='ltr'><strong>incommotabilis</strong></span> <span class='ocrx_word' id='word_1_326' title='bbox 875 2643 986 2700; x_wconf 88' lang='lat' dir='ltr'><strong>est;</strong></span> <span class='ocrx_word' id='word_1_327' title='bbox 1016 2635 1070 2690; x_wconf 90' lang='lat' dir='ltr'><strong>in</strong></span> <span class='ocrx_word' id='word_1_328' title='bbox 1095 2636 1291 2692; x_wconf 70' lang='lat' dir='ltr'><strong>futui-0.</strong></span> <span class='ocrx_word' id='word_1_329' title='bbox 1305 2654 1436 2694; x_wconf 88' lang='lat' dir='ltr'><strong>vero</strong></span> <span class='ocrx_word' id='word_1_330' title='bbox 1470 2641 1670 2696; x_wconf 62' lang='lat' dir='ltr'><strong>seculo</strong></span> <span class='ocrx_word' id='word_1_331' title='bbox 1693 2657 1892 2698; x_wconf 88' lang='lat' dir='ltr'><strong>secun-</strong></span> 
     </span>
    </p>
   </div>
   <div class='ocr_carea' id='block_1_46' title="bbox 311 2723 1891 2801">
    <p class='ocr_par' dir='ltr' id='par_1_46' title="bbox 311 2723 1891 2801">
     <span class='ocr_line' id='line_1_46' title="bbox 311 2723 1891 2801; baseline 0.006 -23"><span class='ocrx_word' id='word_1_332' title='bbox 311 2723 446 2778; x_wconf 83' lang='lat' dir='ltr'><strong>dum</strong></span> <span class='ocrx_word' id='word_1_333' title='bbox 475 2723 658 2777; x_wconf 87' lang='lat' dir='ltr'><strong>datam</strong></span> <span class='ocrx_word' id='word_1_334' title='bbox 695 2724 933 2790; x_wconf 86' lang='lat' dir='ltr'><strong>theosin,</strong></span> <span class='ocrx_word' id='word_1_335' title='bbox 984 2725 1038 2780; x_wconf 91' lang='lat' dir='ltr'><strong>id</strong></span> <span class='ocrx_word' id='word_1_336' title='bbox 1083 2735 1167 2781; x_wconf 91' lang='lat' dir='ltr'><strong>est</strong></span> <span class='ocrx_word' id='word_1_337' title='bbox 1197 2728 1633 2795; x_wconf 84' lang='lat' dir='ltr'><strong>deiﬁcationem,</strong></span> <span class='ocrx_word' id='word_1_338' title='bbox 1689 2734 1891 2801; x_wconf 68' lang='lat' dir='ltr'><strong>prmdi-</strong></span> 
     </span>
    </p>
   </div>
   <div class='ocr_carea' id='block_1_47' title="bbox 318 2815 1894 2894">
    <p class='ocr_par' dir='ltr' id='par_1_47' title="bbox 318 2815 1894 2894">
     <span class='ocr_line' id='line_1_47' title="bbox 318 2815 1894 2894; baseline 0.007 -25"><span class='ocrx_word' id='word_1_339' title='bbox 318 2823 438 2870; x_wconf 89' lang='lat' dir='ltr'><strong>etas</strong></span> <span class='ocrx_word' id='word_1_340' title='bbox 485 2815 540 2869; x_wconf 91' lang='lat' dir='ltr'><strong>in</strong></span> <span class='ocrx_word' id='word_1_341' title='bbox 592 2815 703 2875; x_wconf 81' lang='lat' dir='ltr'><strong>Deo</strong></span> <span class='ocrx_word' id='word_1_342' title='bbox 757 2817 1149 2874; x_wconf 87' lang='lat' dir='ltr'><strong>antecedentes</strong></span> <span class='ocrx_word' id='word_1_343' title='bbox 1197 2835 1430 2886; x_wconf 86' lang='lat' dir='ltr'><strong>causas,</strong></span> <span class='ocrx_word' id='word_1_344' title='bbox 1489 2824 1663 2894; x_wconf 80' lang='lat' dir='ltr'><strong>magis</strong></span> <span class='ocrx_word' id='word_1_345' title='bbox 1708 2835 1894 2880; x_wconf 89' lang='lat' dir='ltr'><strong>autem</strong></span> 
     </span>
    </p>
   </div>
   <div class='ocr_carea' id='block_1_48' title="bbox 319 2906 1914 2982">
    <p class='ocr_par' dir='ltr' id='par_1_48' title="bbox 319 2906 1914 2982">
     <span class='ocr_line' id='line_1_48' title="bbox 319 2906 1914 2982; baseline 0.006 -22"><span class='ocrx_word' id='word_1_346' title='bbox 319 2907 515 2970; x_wconf 84' lang='lat' dir='ltr'><strong>Deum,</strong></span> <span class='ocrx_word' id='word_1_347' title='bbox 564 2906 620 2961; x_wconf 89' lang='lat' dir='ltr'><strong>in</strong></span> <span class='ocrx_word' id='word_1_348' title='bbox 649 2923 761 2976; x_wconf 91' lang='lat' dir='ltr'><strong>quo</strong></span> <span class='ocrx_word' id='word_1_349' title='bbox 803 2923 984 2963; x_wconf 69' lang='lat' dir='ltr'><strong>causae</strong></span> <span class='ocrx_word' id='word_1_350' title='bbox 1033 2909 1303 2966; x_wconf 90' lang='lat' dir='ltr'><strong>bonorum</strong></span> <span class='ocrx_word' id='word_1_351' title='bbox 1335 2913 1567 2982; x_wconf 57' lang='lat' dir='ltr'><strong>praeﬁxa;</strong></span> <span class='ocrx_word' id='word_1_352' title='bbox 1621 2923 1780 2980; x_wconf 89' lang='lat' dir='ltr'><strong>sunt,</strong></span> <span class='ocrx_word' id='word_1_353' title='bbox 1833 2916 1914 2970; x_wconf 53' lang='lat' dir='ltr'><strong>in&#39;</strong></span> 
     </span>
    </p>
   </div>
   <div class='ocr_carea' id='block_1_49' title="bbox 321 2998 1894 3073">
    <p class='ocr_par' dir='ltr' id='par_1_49' title="bbox 321 2998 1894 3073">
     <span class='ocr_line' id='line_1_49' title="bbox 321 2998 1894 3073; baseline 0.003 -19"><span class='ocrx_word' id='word_1_354' title='bbox 321 2998 591 3055; x_wconf 89' lang='lat' dir='ltr'><strong>eharitate</strong></span> <span class='ocrx_word' id='word_1_355' title='bbox 619 3015 809 3054; x_wconf 89' lang='lat' dir='ltr'><strong>amans</strong></span> <span class='ocrx_word' id='word_1_356' title='bbox 831 3008 887 3054; x_wconf 87' lang='lat' dir='ltr'><strong>et</strong></span> <span class='ocrx_word' id='word_1_357' title='bbox 920 3000 1294 3067; x_wconf 89' lang='lat' dir='ltr'><strong>salutaturus;</strong></span> <span class='ocrx_word' id='word_1_358' title='bbox 1328 3011 1384 3056; x_wconf 90' lang='lat' dir='ltr'><strong>et</strong></span> <span class='ocrx_word' id='word_1_359' title='bbox 1411 3010 1498 3057; x_wconf 89' lang='lat' dir='ltr'><strong>est</strong></span> <span class='ocrx_word' id='word_1_360' title='bbox 1523 3019 1650 3073; x_wconf 89' lang='lat' dir='ltr'><strong>pars</strong></span> <span class='ocrx_word' id='word_1_361' title='bbox 1677 3004 1796 3071; x_wconf 90' lang='lat' dir='ltr'><strong>Dei,</strong></span> <span class='ocrx_word' id='word_1_362' title='bbox 1833 3013 1894 3059; x_wconf 92' lang='lat' dir='ltr'><strong>ut</strong></span> 
     </span>
    </p>
   </div>
   <div class='ocr_carea' id='block_1_50' title="bbox 322 3091 1898 3162">
    <p class='ocr_par' dir='ltr' id='par_1_50' title="bbox 322 3091 1898 3162">
     <span class='ocr_line' id='line_1_50' title="bbox 322 3091 1898 3162; baseline 0.002 -16"><span class='ocrx_word' id='word_1_363' title='bbox 322 3100 406 3146; x_wconf 87' lang='lat' dir='ltr'><strong>est</strong></span> <span class='ocrx_word' id='word_1_364' title='bbox 433 3108 533 3162; x_wconf 85' lang='lat' dir='ltr'><strong>per</strong></span> <span class='ocrx_word' id='word_1_365' title='bbox 555 3091 806 3146; x_wconf 71' lang='lat' dir='ltr'><strong>essentia:</strong></span> <span class='ocrx_word' id='word_1_366' title='bbox 839 3107 951 3146; x_wconf 75' lang='lat' dir='ltr'><strong>sua:</strong></span> <span class='ocrx_word' id='word_1_367' title='bbox 981 3092 1034 3145; x_wconf 91' lang='lat' dir='ltr'><strong>in</strong></span> <span class='ocrx_word' id='word_1_368' title='bbox 1064 3092 1174 3148; x_wconf 92' lang='lat' dir='ltr'><strong>Deo</strong></span> <span class='ocrx_word' id='word_1_369' title='bbox 1208 3093 1477 3147; x_wconf 89' lang='lat' dir='ltr'><strong>rationem</strong></span> <span class='ocrx_word' id='word_1_370' title='bbox 1499 3133 1513 3156; x_wconf 96' lang='lat'><strong>,</strong></span> <span class='ocrx_word' id='word_1_371' title='bbox 1544 3101 1602 3147; x_wconf 91' lang='lat' dir='ltr'><strong>et</strong></span> <span class='ocrx_word' id='word_1_372' title='bbox 1632 3104 1696 3148; x_wconf 89' lang='lat' dir='ltr'><strong>ut</strong></span> <span class='ocrx_word' id='word_1_373' title='bbox 1716 3094 1898 3149; x_wconf 86' lang='lat' dir='ltr'><strong>bonus</strong></span> 
     </span>
    </p>
   </div>
   <div class='ocr_carea' id='block_1_51' title="bbox 322 3183 1899 3256">
    <p class='ocr_par' dir='ltr' id='par_1_51' title="bbox 322 3183 1899 3256">
     <span class='ocr_line' id='line_1_51' title="bbox 322 3183 1899 3256; baseline 0.002 -18"><span class='ocrx_word' id='word_1_374' title='bbox 322 3199 422 3253; x_wconf 87' lang='lat' dir='ltr'><strong>per</strong></span> <span class='ocrx_word' id='word_1_375' title='bbox 457 3184 597 3238; x_wconf 83' lang='lat' dir='ltr'><strong>bene</strong></span> <span class='ocrx_word' id='word_1_376' title='bbox 629 3183 848 3238; x_wconf 90' lang='lat' dir='ltr'><strong>essendi</strong></span> <span class='ocrx_word' id='word_1_377' title='bbox 885 3184 940 3237; x_wconf 91' lang='lat' dir='ltr'><strong>in</strong></span> <span class='ocrx_word' id='word_1_378' title='bbox 983 3185 1093 3239; x_wconf 91' lang='lat' dir='ltr'><strong>Deo</strong></span> <span class='ocrx_word' id='word_1_379' title='bbox 1118 3184 1410 3251; x_wconf 90' lang='lat' dir='ltr'><strong>rationem,</strong></span> <span class='ocrx_word' id='word_1_380' title='bbox 1441 3193 1497 3240; x_wconf 91' lang='lat' dir='ltr'><strong>et</strong></span> <span class='ocrx_word' id='word_1_381' title='bbox 1525 3193 1584 3239; x_wconf 91' lang='lat' dir='ltr'><strong>ut</strong></span> <span class='ocrx_word' id='word_1_382' title='bbox 1615 3186 1761 3240; x_wconf 90' lang='lat' dir='ltr'><strong>Deus</strong></span> <span class='ocrx_word' id='word_1_383' title='bbox 1798 3202 1899 3256; x_wconf 89' lang='lat' dir='ltr'><strong>per</strong></span> 
     </span>
    </p>
   </div>
   <div class='ocr_carea' id='block_1_52' title="bbox 325 3275 1901 3345">
    <p class='ocr_par' dir='ltr' id='par_1_52' title="bbox 325 3275 1901 3345">
     <span class='ocr_line' id='line_1_52' title="bbox 325 3275 1901 3345; baseline 0.002 -14"><span class='ocrx_word' id='word_1_384' title='bbox 325 3291 544 3345; x_wconf 86' lang='lat' dir='ltr'><strong>semper</strong></span> <span class='ocrx_word' id='word_1_385' title='bbox 567 3275 788 3330; x_wconf 88' lang='lat' dir='ltr'><strong>essendi</strong></span> <span class='ocrx_word' id='word_1_386' title='bbox 824 3276 1096 3332; x_wconf 89' lang='lat' dir='ltr'><strong>rationem</strong></span> <span class='ocrx_word' id='word_1_387' title='bbox 1118 3316 1133 3341; x_wconf 94' lang='lat'><strong>,</strong></span> <span class='ocrx_word' id='word_1_388' title='bbox 1165 3277 1367 3331; x_wconf 90' lang='lat' dir='ltr'><strong>merito</strong></span> <span class='ocrx_word' id='word_1_389' title='bbox 1397 3292 1490 3332; x_wconf 87' lang='lat' dir='ltr'><strong>eas</strong></span> <span class='ocrx_word' id='word_1_390' title='bbox 1534 3277 1813 3334; x_wconf 88' lang='lat' dir='ltr'><strong>bonorans</strong></span> <span class='ocrx_word' id='word_1_391' title='bbox 1844 3287 1901 3334; x_wconf 90' lang='lat' dir='ltr'><strong>et</strong></span> 
     </span>
    </p>
   </div>
   <div class='ocr_carea' id='block_1_53' title="bbox 326 3368 1903 3442">
    <p class='ocr_par' dir='ltr' id='par_1_53' title="bbox 326 3368 1903 3442">
     <span class='ocr_line' id='line_1_53' title="bbox 326 3368 1903 3442; baseline 0.002 -19"><span class='ocrx_word' id='word_1_392' title='bbox 326 3368 631 3424; x_wconf 88' lang='lat' dir='ltr'><strong>secundum</strong></span> <span class='ocrx_word' id='word_1_393' title='bbox 669 3383 764 3423; x_wconf 90' lang='lat' dir='ltr'><strong>eas</strong></span> <span class='ocrx_word' id='word_1_394' title='bbox 803 3383 1065 3438; x_wconf 88' lang='lat' dir='ltr'><strong>operans,</strong></span> <span class='ocrx_word' id='word_1_395' title='bbox 1131 3378 1188 3425; x_wconf 90' lang='lat' dir='ltr'><strong>et</strong></span> <span class='ocrx_word' id='word_1_396' title='bbox 1219 3386 1320 3440; x_wconf 87' lang='lat' dir='ltr'><strong>per</strong></span> <span class='ocrx_word' id='word_1_397' title='bbox 1366 3386 1460 3426; x_wconf 89' lang='lat' dir='ltr'><strong>eas</strong></span> <span class='ocrx_word' id='word_1_398' title='bbox 1500 3372 1740 3442; x_wconf 85' lang='lat' dir='ltr'><strong>seipsum</strong></span> <span class='ocrx_word' id='word_1_399' title='bbox 1776 3372 1903 3440; x_wconf 83' lang='lat' dir='ltr'><strong>qui-</strong></span> 
     </span>
    </p>
   </div>
   <div class='ocr_carea' id='block_1_54' title="bbox 328 3446 1901 3533">
    <p class='ocr_par' dir='ltr' id='par_1_54' title="bbox 328 3446 1901 3533">
     <span class='ocr_line' id='line_1_54' title="bbox 328 3446 1901 3533; baseline 0.003 -19"><span class='ocrx_word' id='word_1_400' title='bbox 328 3460 452 3514; x_wconf 89' lang='lat' dir='ltr'><strong>dem</strong></span> <span class='ocrx_word' id='word_1_401' title='bbox 475 3459 590 3514; x_wconf 90' lang='lat' dir='ltr'><strong>Deo</strong></span> <span class='ocrx_word' id='word_1_402' title='bbox 633 3459 734 3514; x_wconf 91' lang='lat' dir='ltr'><strong>soli</strong></span> <span class='ocrx_word' id='word_1_403' title='bbox 780 3475 877 3529; x_wconf 88' lang='lat' dir='ltr'><strong>per</strong></span> <span class='ocrx_word' id='word_1_404' title='bbox 912 3466 1089 3514; x_wconf 90' lang='lat' dir='ltr'><strong>totum</strong></span> <span class='ocrx_word' id='word_1_405' title='bbox 1119 3461 1411 3516; x_wconf 84' lang='lat' dir='ltr'><strong>inserens:</strong></span> <span class='ocrx_word' id='word_1_406' title='bbox 1446 3462 1617 3517; x_wconf 89' lang='lat' dir='ltr'><strong>Deum</strong></span> <span class='ocrx_word' id='word_1_407' title='bbox 1642 3446 1901 3533; x_wconf 62' lang='grc' dir='ltr'>γει-(θεο-</span> 
     </span>
    </p>
   </div>
   <div class='ocr_carea' id='block_1_55' title="bbox 328 3551 1899 3625">
    <p class='ocr_par' dir='ltr' id='par_1_55' title="bbox 328 3551 1899 3625">
     <span class='ocr_line' id='line_1_55' title="bbox 328 3551 1899 3625; baseline 0.004 -19"><span class='ocrx_word' id='word_1_408' title='bbox 328 3553 442 3606; x_wconf 82' lang='lat' dir='ltr'><strong>lum</strong></span> <span class='ocrx_word' id='word_1_409' title='bbox 478 3551 701 3606; x_wconf 87' lang='lat' dir='ltr'><strong>sibimet</strong></span> <span class='ocrx_word' id='word_1_410' title='bbox 737 3566 837 3622; x_wconf 88' lang='lat' dir='ltr'><strong>per</strong></span> <span class='ocrx_word' id='word_1_411' title='bbox 864 3559 1040 3606; x_wconf 87' lang='lat' dir='ltr'><strong>totum</strong></span> <span class='ocrx_word' id='word_1_412' title='bbox 1071 3560 1127 3608; x_wconf 93' lang='lat' dir='ltr'><strong>et</strong></span> <span class='ocrx_word' id='word_1_413' title='bbox 1173 3555 1479 3625; x_wconf 80' lang='lat' dir='ltr'><strong>imaginans</strong></span> <span class='ocrx_word' id='word_1_414' title='bbox 1527 3565 1584 3611; x_wconf 92' lang='lat' dir='ltr'><strong>et</strong></span> <span class='ocrx_word' id='word_1_415' title='bbox 1623 3555 1899 3622; x_wconf 85' lang='lat' dir='ltr'><strong>formans,</strong></span> 
     </span>
    </p>
   </div>
   <div class='ocr_carea' id='block_1_56' title="bbox 330 3643 1904 3714">
    <p class='ocr_par' dir='ltr' id='par_1_56' title="bbox 330 3643 1904 3714">
     <span class='ocr_line' id='line_1_56' title="bbox 330 3643 1904 3714; baseline 0.003 -16"><span class='ocrx_word' id='word_1_416' title='bbox 330 3645 406 3700; x_wconf 79' lang='lat' dir='ltr'><strong>ita</strong></span> <span class='ocrx_word' id='word_1_417' title='bbox 437 3654 500 3703; x_wconf 88' lang='lat' dir='ltr'><strong>ut</strong></span> <span class='ocrx_word' id='word_1_418' title='bbox 529 3652 585 3700; x_wconf 88' lang='lat' dir='ltr'><strong>et</strong></span> <span class='ocrx_word' id='word_1_419' title='bbox 617 3644 734 3714; x_wconf 87' lang='lat' dir='ltr'><strong>ipse</strong></span> <span class='ocrx_word' id='word_1_420' title='bbox 788 3643 860 3698; x_wconf 90' lang='lat' dir='ltr'><strong>sit</strong></span> <span class='ocrx_word' id='word_1_421' title='bbox 881 3645 1060 3714; x_wconf 74' lang='lat' dir='ltr'><strong>gratia</strong></span> <span class='ocrx_word' id='word_1_422' title='bbox 1091 3653 1147 3699; x_wconf 88' lang='lat' dir='ltr'><strong>et</strong></span> <span class='ocrx_word' id='word_1_423' title='bbox 1179 3654 1410 3701; x_wconf 88' lang='lat' dir='ltr'><strong>vocetur</strong></span> <span class='ocrx_word' id='word_1_424' title='bbox 1450 3646 1615 3713; x_wconf 86' lang='lat' dir='ltr'><strong>Deus,</strong></span> <span class='ocrx_word' id='word_1_425' title='bbox 1662 3656 1719 3703; x_wconf 92' lang='lat' dir='ltr'><strong>et</strong></span> <span class='ocrx_word' id='word_1_426' title='bbox 1758 3648 1904 3704; x_wconf 88' lang='lat' dir='ltr'><strong>Deus</strong></span> 
     </span>
    </p>
   </div>
   <div class='ocr_carea' id='block_1_57' title="bbox 331 3737 1905 3816">
    <p class='ocr_par' dir='ltr' id='par_1_57' title="bbox 331 3737 1905 3816">
     <span class='ocr_line' id='line_1_57' title="bbox 331 3737 1905 3816; baseline 0 -22"><span class='ocrx_word' id='word_1_427' title='bbox 331 3739 406 3794; x_wconf 91' lang='lat' dir='ltr'><strong>sit</strong></span> <span class='ocrx_word' id='word_1_428' title='bbox 434 3737 902 3793; x_wconf 85' lang='lat' dir='ltr'><strong>condescensione</strong></span> <span class='ocrx_word' id='word_1_429' title='bbox 958 3746 1013 3793; x_wconf 90' lang='lat' dir='ltr'><strong>et</strong></span> <span class='ocrx_word' id='word_1_430' title='bbox 1045 3753 1154 3816; x_wconf 79' lang='lat' dir='ltr'><strong>per</strong></span> <span class='ocrx_word' id='word_1_431' title='bbox 1193 3753 1253 3793; x_wconf 85' lang='lat' dir='ltr'><strong>se</strong></span> <span class='ocrx_word' id='word_1_432' title='bbox 1304 3746 1535 3794; x_wconf 88' lang='lat' dir='ltr'><strong>vocetur</strong></span> <span class='ocrx_word' id='word_1_433' title='bbox 1582 3740 1787 3805; x_wconf 90' lang='lat' dir='ltr'><strong>homo,</strong></span> <span class='ocrx_word' id='word_1_434' title='bbox 1849 3747 1905 3794; x_wconf 88' lang='lat' dir='ltr'><strong>et</strong></span> 
     </span>
    </p>
   </div>
   <div class='ocr_carea' id='block_1_58' title="bbox 225 3827 1905 3904">
    <p class='ocr_par' dir='ltr' id='par_1_58' title="bbox 225 3827 1905 3904">
     <span class='ocr_line' id='line_1_58' title="bbox 225 3827 1905 3904; baseline 0.002 -20"><span class='ocrx_word' id='word_1_435' title='bbox 225 3895 238 3904; x_wconf 17' lang='grc' dir='ltr'>ἢ,</span> <span class='ocrx_word' id='word_1_436' title='bbox 331 3838 525 3884; x_wconf 81' lang='lat' dir='ltr'><strong>mutuo</strong></span> <span class='ocrx_word' id='word_1_437' title='bbox 573 3829 626 3883; x_wconf 89' lang='lat' dir='ltr'><strong>in</strong></span> <span class='ocrx_word' id='word_1_438' title='bbox 666 3829 773 3883; x_wconf 84' lang='lat' dir='ltr'><strong>hoc</strong></span> <span class='ocrx_word' id='word_1_439' title='bbox 815 3827 1015 3884; x_wconf 69' lang='lat' dir='ltr'><strong>aﬂ‘ectu</strong></span> <span class='ocrx_word' id='word_1_440' title='bbox 1049 3828 1374 3884; x_wconf 87' lang='lat' dir='ltr'><strong>ostendatur</strong></span> <span class='ocrx_word' id='word_1_441' title='bbox 1403 3829 1620 3892; x_wconf 87' lang='lat' dir='ltr'><strong>virtus,</strong></span> <span class='ocrx_word' id='word_1_442' title='bbox 1677 3848 1800 3902; x_wconf 66' lang='lat' dir='ltr'><strong>quae</strong></span> <span class='ocrx_word' id='word_1_443' title='bbox 1849 3841 1905 3888; x_wconf 89' lang='lat' dir='ltr'><strong>et</strong></span> 
     </span>
    </p>
   </div>
   <div class='ocr_carea' id='block_1_59' title="bbox 333 3916 1906 3985">
    <p class='ocr_par' dir='ltr' id='par_1_59' title="bbox 333 3916 1906 3985">
     <span class='ocr_line' id='line_1_59' title="bbox 333 3916 1906 3985; baseline 0.003 -13"><span class='ocrx_word' id='word_1_444' title='bbox 333 3916 613 3972; x_wconf 83' lang='lat' dir='ltr'><strong>hominem</strong></span> <span class='ocrx_word' id='word_1_445' title='bbox 662 3917 776 3970; x_wconf 90' lang='lat' dir='ltr'><strong>Deo</strong></span> <span class='ocrx_word' id='word_1_446' title='bbox 823 3931 923 3985; x_wconf 89' lang='lat' dir='ltr'><strong>per</strong></span> <span class='ocrx_word' id='word_1_447' title='bbox 963 3916 1214 3970; x_wconf 86' lang='lat' dir='ltr'><strong>divinum</strong></span> <span class='ocrx_word' id='word_1_448' title='bbox 1261 3933 1510 3971; x_wconf 89' lang='lat' dir='ltr'><strong>amorem</strong></span> <span class='ocrx_word' id='word_1_449' title='bbox 1560 3918 1803 3984; x_wconf 77' lang='lat' dir='ltr'><strong>deiﬁcat,</strong></span> <span class='ocrx_word' id='word_1_450' title='bbox 1848 3931 1906 3976; x_wconf 90' lang='lat' dir='ltr'><strong>et</strong></span> 
     </span>
    </p>
   </div>
   <div class='ocr_carea' id='block_1_60' title="bbox 327 4007 1902 4079">
    <p class='ocr_par' dir='ltr' id='par_1_60' title="bbox 327 4007 1902 4079">
     <span class='ocr_line' id='line_1_60' title="bbox 327 4007 1902 4079; baseline -0.001 -14"><span class='ocrx_word' id='word_1_451' title='bbox 327 4009 504 4066; x_wconf 81' lang='lat' dir='ltr'><strong>Deum</strong></span> <span class='ocrx_word' id='word_1_452' title='bbox 534 4009 739 4065; x_wconf 86' lang='lat' dir='ltr'><strong>homini</strong></span> <span class='ocrx_word' id='word_1_453' title='bbox 786 4023 885 4079; x_wconf 89' lang='lat' dir='ltr'><strong>per</strong></span> <span class='ocrx_word' id='word_1_454' title='bbox 918 4007 1222 4062; x_wconf 88' lang='lat' dir='ltr'><strong>humanum</strong></span> <span class='ocrx_word' id='word_1_455' title='bbox 1257 4023 1501 4063; x_wconf 88' lang='lat' dir='ltr'><strong>amorem</strong></span> <span class='ocrx_word' id='word_1_456' title='bbox 1555 4007 1902 4076; x_wconf 89' lang='lat' dir='ltr'><strong>inhumanat,</strong></span> 
     </span>
    </p>
   </div>
   <div class='ocr_carea' id='block_1_61' title="bbox 331 4099 1904 4171">
    <p class='ocr_par' dir='ltr' id='par_1_61' title="bbox 331 4099 1904 4171">
     <span class='ocr_line' id='line_1_61' title="bbox 331 4099 1904 4171; baseline 0.001 -14"><span class='ocrx_word' id='word_1_457' title='bbox 331 4111 391 4157; x_wconf 79' lang='lat' dir='ltr'><strong>et</strong></span> <span class='ocrx_word' id='word_1_458' title='bbox 432 4100 566 4156; x_wconf 74' lang='lat' dir='ltr'><strong>facit</strong></span> <span class='ocrx_word' id='word_1_459' title='bbox 619 4115 719 4170; x_wconf 89' lang='lat' dir='ltr'><strong>per</strong></span> <span class='ocrx_word' id='word_1_460' title='bbox 751 4100 953 4154; x_wconf 87' lang='lat' dir='ltr'><strong>bonam</strong></span> <span class='ocrx_word' id='word_1_461' title='bbox 1001 4099 1422 4154; x_wconf 83' lang='lat' dir='ltr'><strong>conversionem</strong></span> <span class='ocrx_word' id='word_1_462' title='bbox 1457 4101 1632 4157; x_wconf 90' lang='lat' dir='ltr'><strong>Deum</strong></span> <span class='ocrx_word' id='word_1_463' title='bbox 1677 4102 1904 4171; x_wconf 89' lang='lat' dir='ltr'><strong>quidem</strong></span> 
     </span>
    </p>
   </div>
   <div class='ocr_carea' id='block_1_62' title="bbox 333 4190 1906 4261">
    <p class='ocr_par' dir='ltr' id='par_1_62' title="bbox 333 4190 1906 4261">
     <span class='ocr_line' id='line_1_62' title="bbox 333 4190 1906 4261; baseline 0.002 -14"><span class='ocrx_word' id='word_1_464' title='bbox 333 4193 615 4248; x_wconf 86' lang='lat' dir='ltr'><strong>hominem</strong></span> <span class='ocrx_word' id='word_1_465' title='bbox 651 4206 750 4261; x_wconf 87' lang='lat' dir='ltr'><strong>per</strong></span> <span class='ocrx_word' id='word_1_466' title='bbox 794 4190 1038 4246; x_wconf 88' lang='lat' dir='ltr'><strong>hominis</strong></span> <span class='ocrx_word' id='word_1_467' title='bbox 1075 4190 1500 4260; x_wconf 83' lang='lat' dir='ltr'><strong>deiﬁcationem,</strong></span> <span class='ocrx_word' id='word_1_468' title='bbox 1537 4201 1592 4248; x_wconf 90' lang='lat' dir='ltr'><strong>et</strong></span> <span class='ocrx_word' id='word_1_469' title='bbox 1627 4194 1906 4250; x_wconf 88' lang='lat' dir='ltr'><strong>hominem</strong></span> 
     </span>
    </p>
   </div>
   <div class='ocr_carea' id='block_1_63' title="bbox 333 4292 1908 4366">
    <p class='ocr_par' dir='ltr' id='par_1_63' title="bbox 333 4292 1908 4366">
     <span class='ocr_line' id='line_1_63' title="bbox 333 4292 1908 4366; baseline -0.001 -15"><span class='ocrx_word' id='word_1_470' title='bbox 333 4296 506 4351; x_wconf 81' lang='lat' dir='ltr'><strong>Deum</strong></span> <span class='ocrx_word' id='word_1_471' title='bbox 532 4309 630 4365; x_wconf 87' lang='lat' dir='ltr'><strong>per</strong></span> <span class='ocrx_word' id='word_1_472' title='bbox 661 4293 756 4348; x_wconf 88' lang='lat' dir='ltr'><strong>Dei</strong></span> <span class='ocrx_word' id='word_1_473' title='bbox 791 4292 1318 4348; x_wconf 87' lang='lat' dir='ltr'><strong>inhumanationem.</strong></span> <span class='ocrx_word' id='word_1_474' title='bbox 1345 4292 1474 4348; x_wconf 85' lang='lat' dir='ltr'><strong>Vult</strong></span> <span class='ocrx_word' id='word_1_475' title='bbox 1508 4293 1654 4348; x_wconf 89' lang='lat' dir='ltr'><strong>enim</strong></span> <span class='ocrx_word' id='word_1_476' title='bbox 1691 4310 1908 4366; x_wconf 87' lang='lat' dir='ltr'><strong>semper</strong></span> 
     </span>
    </p>
   </div>
   <div class='ocr_carea' id='block_1_64' title="bbox 1989 1815 3565 1888">
    <p class='ocr_par' dir='ltr' id='par_1_64' title="bbox 1989 1815 3565 1888">
     <span class='ocr_line' id='line_1_64' title="bbox 1989 1815 3565 1888; baseline -0.003 -17"><span class='ocrx_word' id='word_1_477' title='bbox 1989 1815 2196 1887; x_wconf 76' lang='grc' dir='ltr'>ἐσμέν.</span> <span class='ocrx_word' id='word_1_478' title='bbox 2228 1816 2444 1870; x_wconf 79' lang='grc' dir='ltr'>Γίνεται</span> <span class='ocrx_word' id='word_1_479' title='bbox 2472 1817 2582 1888; x_wconf 82' lang='grc' dir='ltr'>γὰρ</span> <span class='ocrx_word' id='word_1_480' title='bbox 2615 1818 2675 1869; x_wconf 89' lang='lat' dir='ltr'><strong>tv</strong></span> <span class='ocrx_word' id='word_1_481' title='bbox 2700 1815 2776 1887; x_wconf 85' lang='grc' dir='ltr'><strong>τῷ</strong></span> <span class='ocrx_word' id='word_1_482' title='bbox 2801 1815 2920 1887; x_wconf 90' lang='grc' dir='ltr'><strong>Θεῷ</strong></span> <span class='ocrx_word' id='word_1_483' title='bbox 2945 1816 3032 1870; x_wconf 88' lang='grc' dir='ltr'><strong>διά</strong></span> <span class='ocrx_word' id='word_1_484' title='bbox 3065 1817 3360 1888; x_wconf 84' lang='grc' dir='ltr'>προσοχῆς,</span> <span class='ocrx_word' id='word_1_485' title='bbox 3383 1815 3476 1869; x_wconf 89' lang='grc' dir='ltr'><strong>τὸν</strong></span> <span class='ocrx_word' id='word_1_486' title='bbox 3505 1818 3565 1868; x_wconf 82' lang='grc' dir='ltr'>ὲν</span> 
     </span>
    </p>
   </div>
   <div class='ocr_carea' id='block_1_65' title="bbox 1985 1904 3563 1982">
    <p class='ocr_par' dir='ltr' id='par_1_65' title="bbox 1985 1904 3563 1982">
     <span class='ocr_line' id='line_1_65' title="bbox 1985 1904 3563 1982; baseline -0.003 -18"><span class='ocrx_word' id='word_1_487' title='bbox 1985 1910 2066 1982; x_wconf 85' lang='grc' dir='ltr'>τῷ</span> <span class='ocrx_word' id='word_1_488' title='bbox 2097 1909 2218 1980; x_wconf 84' lang='grc' dir='ltr'><strong>Θεῷ</strong></span> <span class='ocrx_word' id='word_1_489' title='bbox 2260 1909 2499 1982; x_wconf 86' lang='grc' dir='ltr'>προόντα</span> <span class='ocrx_word' id='word_1_490' title='bbox 2538 1908 2633 1962; x_wconf 86' lang='grc' dir='ltr'><strong>τοῦ</strong></span> <span class='ocrx_word' id='word_1_491' title='bbox 2682 1904 2823 1962; x_wconf 75' lang='grc' dir='ltr'>εἶναι</span> <span class='ocrx_word' id='word_1_492' title='bbox 2861 1907 3018 1977; x_wconf 87' lang='grc' dir='ltr'>λόγον</span> <span class='ocrx_word' id='word_1_493' title='bbox 3052 1907 3126 1978; x_wconf 80' lang='grc' dir='ltr'>μὴ</span> <span class='ocrx_word' id='word_1_494' title='bbox 3161 1907 3563 1978; x_wconf 82' lang='grc' dir='ltr'>παραφθείρας,</span> 
     </span>
    </p>
   </div>
   <div class='ocr_carea' id='block_1_66' title="bbox 1988 1997 3565 2071">
    <p class='ocr_par' dir='ltr' id='par_1_66' title="bbox 1988 1997 3565 2071">
     <span class='ocr_line' id='line_1_66' title="bbox 1988 1997 3565 2071; baseline -0.002 -17"><span class='ocrx_word' id='word_1_495' title='bbox 1988 2002 2082 2055; x_wconf 73' lang='grc' dir='ltr'><strong>καὶ</strong></span> <span class='ocrx_word' id='word_1_496' title='bbox 2104 2003 2334 2055; x_wconf 82' lang='grc' dir='ltr'>κινεῖται</span> <span class='ocrx_word' id='word_1_497' title='bbox 2363 2001 2422 2053; x_wconf 83' lang='grc' dir='ltr'><strong>ὲν</strong></span> <span class='ocrx_word' id='word_1_498' title='bbox 2451 2000 2529 2071; x_wconf 82' lang='grc' dir='ltr'>τῷ</span> <span class='ocrx_word' id='word_1_499' title='bbox 2559 1999 2678 2070; x_wconf 79' lang='grc' dir='ltr'><strong>Θεῷ</strong></span> <span class='ocrx_word' id='word_1_500' title='bbox 2704 1998 2848 2053; x_wconf 85' lang='grc' dir='ltr'>κατά</span> <span class='ocrx_word' id='word_1_501' title='bbox 2879 1999 2968 2052; x_wconf 88' lang='grc' dir='ltr'><strong>τὸν</strong></span> <span class='ocrx_word' id='word_1_502' title='bbox 2997 1999 3236 2068; x_wconf 83' lang='grc' dir='ltr'>προόντα</span> <span class='ocrx_word' id='word_1_503' title='bbox 3263 2000 3322 2051; x_wconf 88' lang='lat' dir='ltr'><strong>tv</strong></span> <span class='ocrx_word' id='word_1_504' title='bbox 3343 1998 3420 2068; x_wconf 87' lang='grc' dir='ltr'>τῷ</span> <span class='ocrx_word' id='word_1_505' title='bbox 3446 1997 3565 2069; x_wconf 86' lang='grc' dir='ltr'><strong>Θεῷ</strong></span> 
     </span>
    </p>
   </div>
   <div class='ocr_carea' id='block_1_67' title="bbox 1985 2088 3560 2163">
    <p class='ocr_par' dir='ltr' id='par_1_67' title="bbox 1985 2088 3560 2163">
     <span class='ocr_line' id='line_1_67' title="bbox 1985 2088 3560 2163; baseline -0.003 -17"><span class='ocrx_word' id='word_1_506' title='bbox 1985 2092 2082 2146; x_wconf 87' lang='grc' dir='ltr'><strong>τοῦ</strong></span> <span class='ocrx_word' id='word_1_507' title='bbox 2119 2092 2178 2146; x_wconf 79' lang='grc' dir='ltr'>εὖ</span> <span class='ocrx_word' id='word_1_508' title='bbox 2213 2088 2353 2146; x_wconf 67' lang='grc' dir='ltr'>εἶναι</span> <span class='ocrx_word' id='word_1_509' title='bbox 2391 2093 2570 2158; x_wconf 87' lang='grc' dir='ltr'>λόγον,</span> <span class='ocrx_word' id='word_1_510' title='bbox 2605 2091 2694 2146; x_wconf 85' lang='grc' dir='ltr'><strong>διὰ</strong></span> <span class='ocrx_word' id='word_1_511' title='bbox 2739 2090 2848 2144; x_wconf 88' lang='grc' dir='ltr'><strong>τῶν</strong></span> <span class='ocrx_word' id='word_1_512' title='bbox 2885 2091 3098 2162; x_wconf 83' lang='grc' dir='ltr'>ἀρετῶν</span> <span class='ocrx_word' id='word_1_513' title='bbox 3151 2091 3560 2163; x_wconf 79' lang='grc' dir='ltr'>ὲνεργούμενος,</span> 
     </span>
    </p>
   </div>
   <div class='ocr_carea' id='block_1_68' title="bbox 1989 2177 3566 2254">
    <p class='ocr_par' dir='ltr' id='par_1_68' title="bbox 1989 2177 3566 2254">
     <span class='ocr_line' id='line_1_68' title="bbox 1989 2177 3566 2254; baseline -0.003 -18"><span class='ocrx_word' id='word_1_514' title='bbox 1989 2181 2086 2236; x_wconf 78' lang='grc' dir='ltr'><strong>καὶ</strong></span> <span class='ocrx_word' id='word_1_515' title='bbox 2116 2181 2183 2254; x_wconf 80' lang='grc' dir='ltr'>ζῇ</span> <span class='ocrx_word' id='word_1_516' title='bbox 2219 2185 2277 2236; x_wconf 92' lang='lat' dir='ltr'><strong>tv</strong></span> <span class='ocrx_word' id='word_1_517' title='bbox 2312 2181 2392 2253; x_wconf 81' lang='grc' dir='ltr'><strong>τῷ</strong></span> <span class='ocrx_word' id='word_1_518' title='bbox 2429 2181 2550 2248; x_wconf 87' lang='grc' dir='ltr'>Θεῷ</span> <span class='ocrx_word' id='word_1_519' title='bbox 2583 2181 2726 2234; x_wconf 86' lang='grc' dir='ltr'>κατά</span> <span class='ocrx_word' id='word_1_520' title='bbox 2753 2181 2844 2234; x_wconf 85' lang='grc' dir='ltr'><strong>τὸν</strong></span> <span class='ocrx_word' id='word_1_521' title='bbox 2874 2181 3111 2252; x_wconf 90' lang='grc' dir='ltr'>προόντα</span> <span class='ocrx_word' id='word_1_522' title='bbox 3140 2183 3197 2234; x_wconf 88' lang='lat' dir='ltr'><strong>tv</strong></span> <span class='ocrx_word' id='word_1_523' title='bbox 3220 2178 3297 2251; x_wconf 83' lang='grc' dir='ltr'>τῷ</span> <span class='ocrx_word' id='word_1_524' title='bbox 3324 2179 3442 2249; x_wconf 88' lang='grc' dir='ltr'>Θεῷ</span> <span class='ocrx_word' id='word_1_525' title='bbox 3470 2177 3566 2232; x_wconf 90' lang='grc' dir='ltr'><strong>τοῦ</strong></span> 
     </span>
    </p>
   </div>
   <div class='ocr_carea' id='block_1_69' title="bbox 1989 2269 3566 2342">
    <p class='ocr_par' dir='ltr' id='par_1_69' title="bbox 1989 2269 3566 2342">
     <span class='ocr_line' id='line_1_69' title="bbox 1989 2269 3566 2342; baseline -0.004 -14"><span class='ocrx_word' id='word_1_526' title='bbox 1989 2273 2080 2328; x_wconf 56' lang='grc' dir='ltr'><strong>ἀεὶ⁸</strong></span> <span class='ocrx_word' id='word_1_527' title='bbox 2111 2269 2250 2327; x_wconf 73' lang='grc' dir='ltr'>εἶναι</span> <span class='ocrx_word' id='word_1_528' title='bbox 2279 2273 2460 2342; x_wconf 87' lang='grc' dir='ltr'>λόγον.</span> <span class='ocrx_word' id='word_1_529' title='bbox 2501 2271 2784 2326; x_wconf 82' lang='grc' dir='ltr'>Ἐντεῦθεν</span> <span class='ocrx_word' id='word_1_530' title='bbox 2828 2271 2927 2342; x_wconf 86' lang='grc' dir='ltr'>μὲν</span> <span class='ocrx_word' id='word_1_531' title='bbox 2971 2271 3074 2342; x_wconf 74' lang='grc' dir='ltr'><strong>ἤδη</strong></span> <span class='ocrx_word' id='word_1_532' title='bbox 3107 2271 3250 2324; x_wconf 89' lang='grc' dir='ltr'>κατά</span> <span class='ocrx_word' id='word_1_533' title='bbox 3278 2271 3379 2341; x_wconf 78' lang='grc' dir='ltr'>τὴν</span> <span class='ocrx_word' id='word_1_534' title='bbox 3424 2270 3566 2323; x_wconf 85' lang='grc' dir='ltr'>ἀπα-</span> 
     </span>
    </p>
   </div>
   <div class='ocr_carea' id='block_1_70' title="bbox 1990 2359 3564 2436">
    <p class='ocr_par' dir='ltr' id='par_1_70' title="bbox 1990 2359 3564 2436">
     <span class='ocr_line' id='line_1_70' title="bbox 1990 2359 3564 2436; baseline -0.004 -17"><span class='ocrx_word' id='word_1_535' title='bbox 1990 2365 2259 2436; x_wconf 86' lang='grc' dir='ltr'>θεστάτην</span> <span class='ocrx_word' id='word_1_536' title='bbox 2301 2365 2416 2432; x_wconf 71' lang='grc' dir='ltr'>’ἐξιν</span> <span class='ocrx_word' id='word_1_537' title='bbox 2441 2363 2640 2418; x_wconf 83' lang='grc' dir='ltr'>ταυτὸν</span> <span class='ocrx_word' id='word_1_538' title='bbox 2669 2363 2848 2435; x_wconf 81' lang='grc' dir='ltr'>ἑαυτῷ</span> <span class='ocrx_word' id='word_1_539' title='bbox 2881 2364 2975 2417; x_wconf 76' lang='grc' dir='ltr'><strong>καὶ</strong></span> <span class='ocrx_word' id='word_1_540' title='bbox 3012 2363 3268 2432; x_wconf 86' lang='grc' dir='ltr'>ἀκίνητος</span> <span class='ocrx_word' id='word_1_541' title='bbox 3295 2362 3391 2424; x_wconf 83' lang='grc' dir='ltr'>ὢν,</span> <span class='ocrx_word' id='word_1_542' title='bbox 3426 2362 3482 2413; x_wconf 87' lang='lat' dir='ltr'><strong>tv</strong></span> <span class='ocrx_word' id='word_1_543' title='bbox 3509 2359 3564 2413; x_wconf 72' lang='grc' dir='ltr'><strong>δὸ</strong></span> 
     </span>
    </p>
   </div>
   <div class='ocr_carea' id='block_1_71' title="bbox 1989 2453 3563 2530">
    <p class='ocr_par' dir='ltr' id='par_1_71' title="bbox 1989 2453 3563 2530">
     <span class='ocr_line' id='line_1_71' title="bbox 1989 2453 3563 2530; baseline -0.004 -18"><span class='ocrx_word' id='word_1_544' title='bbox 1989 2458 2068 2530; x_wconf 82' lang='grc' dir='ltr'><strong>τῷ</strong></span> <span class='ocrx_word' id='word_1_545' title='bbox 2105 2458 2353 2530; x_wconf 89' lang='grc' dir='ltr'>μέλλοντι</span> <span class='ocrx_word' id='word_1_546' title='bbox 2393 2459 2550 2511; x_wconf 89' lang='grc' dir='ltr'>αἰῶνι</span> <span class='ocrx_word' id='word_1_547' title='bbox 2593 2455 2736 2511; x_wconf 86' lang='grc' dir='ltr'>κατά</span> <span class='ocrx_word' id='word_1_548' title='bbox 2765 2457 2862 2528; x_wconf 84' lang='grc' dir='ltr'>τὴν</span> <span class='ocrx_word' id='word_1_549' title='bbox 2894 2455 3269 2528; x_wconf 81' lang='grc' dir='ltr'>δοθησομένην</span> <span class='ocrx_word' id='word_1_550' title='bbox 3306 2453 3486 2525; x_wconf 71' lang='lat'><strong>(125</strong></span> <span class='ocrx_word' id='word_1_551' title='bbox 3510 2453 3563 2521; x_wconf 89' lang='lat' dir='ltr'><strong>b)</strong></span> 
     </span>
    </p>
   </div>
   <div class='ocr_carea' id='block_1_72' title="bbox 1992 2545 3567 2620">
    <p class='ocr_par' dir='ltr' id='par_1_72' title="bbox 1992 2545 3567 2620">
     <span class='ocr_line' id='line_1_72' title="bbox 1992 2545 3567 2620; baseline -0.006 -15"><span class='ocrx_word' id='word_1_552' title='bbox 1992 2551 2188 2605; x_wconf 83' lang='grc' dir='ltr'>θέωσιν</span> <span class='ocrx_word' id='word_1_553' title='bbox 2234 2551 2360 2614; x_wconf 75' lang='grc' dir='ltr'>τοὺς</span> <span class='ocrx_word' id='word_1_554' title='bbox 2403 2549 2733 2620; x_wconf 84' lang='grc' dir='ltr'>εἰρημένους</span> <span class='ocrx_word' id='word_1_555' title='bbox 2787 2548 2882 2602; x_wconf 78' lang='grc' dir='ltr'><strong>καὶ</strong></span> <span class='ocrx_word' id='word_1_556' title='bbox 2938 2548 2996 2600; x_wconf 91' lang='lat' dir='ltr'><strong>tv</strong></span> <span class='ocrx_word' id='word_1_557' title='bbox 3036 2547 3113 2617; x_wconf 87' lang='grc' dir='ltr'>τῷ</span> <span class='ocrx_word' id='word_1_558' title='bbox 3155 2545 3275 2616; x_wconf 84' lang='grc' dir='ltr'>Θεῷ</span> <span class='ocrx_word' id='word_1_559' title='bbox 3302 2545 3567 2616; x_wconf 88' lang='grc' dir='ltr'>προόντας</span> 
     </span>
    </p>
   </div>
   <div class='ocr_carea' id='block_1_73' title="bbox 1991 2633 3569 2714">
    <p class='ocr_par' dir='ltr' id='par_1_73' title="bbox 1991 2633 3569 2714">
     <span class='ocr_line' id='line_1_73' title="bbox 1991 2633 3569 2714; baseline -0.004 -17"><span class='ocrx_word' id='word_1_560' title='bbox 1991 2643 2204 2712; x_wconf 82' lang='grc' dir='ltr'>λόγους,</span> <span class='ocrx_word' id='word_1_561' title='bbox 2239 2643 2438 2714; x_wconf 80' lang='grc' dir='ltr'>μᾶλλον</span> <span class='ocrx_word' id='word_1_562' title='bbox 2469 2641 2526 2694; x_wconf 81' lang='grc' dir='ltr'>δὲ</span> <span class='ocrx_word' id='word_1_563' title='bbox 2551 2641 2640 2694; x_wconf 88' lang='grc' dir='ltr'><strong>τὸν</strong></span> <span class='ocrx_word' id='word_1_564' title='bbox 2669 2641 2822 2705; x_wconf 89' lang='grc' dir='ltr'>Θεὸν,</span> <span class='ocrx_word' id='word_1_565' title='bbox 2853 2641 2912 2693; x_wconf 89' lang='lat' dir='ltr'><strong>tv</strong></span> <span class='ocrx_word' id='word_1_566' title='bbox 2942 2633 2986 2708; x_wconf 86' lang='grc' dir='ltr'>ᾧ</span> <span class='ocrx_word' id='word_1_567' title='bbox 3012 2640 3061 2693; x_wconf 87' lang='grc' dir='ltr'><strong>οἰ</strong></span> <span class='ocrx_word' id='word_1_568' title='bbox 3092 2639 3240 2708; x_wconf 84' lang='grc' dir='ltr'>λόγοι</span> <span class='ocrx_word' id='word_1_569' title='bbox 3260 2638 3367 2691; x_wconf 83' lang='grc' dir='ltr'><strong>τῶν</strong></span> <span class='ocrx_word' id='word_1_570' title='bbox 3391 2637 3569 2692; x_wconf 85' lang='grc' dir='ltr'>καλῶν</span> 
     </span>
    </p>
   </div>
   <div class='ocr_carea' id='block_1_74' title="bbox 1993 2729 3565 2806">
    <p class='ocr_par' dir='ltr' id='par_1_74' title="bbox 1993 2729 3565 2806">
     <span class='ocr_line' id='line_1_74' title="bbox 1993 2729 3565 2806; baseline -0.004 -18"><span class='ocrx_word' id='word_1_571' title='bbox 1993 2735 2330 2806; x_wconf 85' lang='grc' dir='ltr'>πεπήγασιν,</span> <span class='ocrx_word' id='word_1_572' title='bbox 2359 2733 2726 2802; x_wconf 82' lang='grc' dir='ltr'>ἀγαπητικῶς</span> <span class='ocrx_word' id='word_1_573' title='bbox 2758 2733 3004 2804; x_wconf 87' lang='grc' dir='ltr'>στέργων</span> <span class='ocrx_word' id='word_1_574' title='bbox 3028 2731 3124 2784; x_wconf 79' lang='grc' dir='ltr'><strong>καὶ</strong></span> <span class='ocrx_word' id='word_1_575' title='bbox 3155 2729 3565 2798; x_wconf 76' lang='grc' dir='ltr'>ἀσπαζόμενος·</span> 
     </span>
    </p>
   </div>
   <div class='ocr_carea' id='block_1_75' title="bbox 1993 2815 3571 2896">
    <p class='ocr_par' dir='ltr' id='par_1_75' title="bbox 1993 2815 3571 2896">
     <span class='ocr_line' id='line_1_75' title="bbox 1993 2815 3571 2896; baseline -0.005 -17"><span class='ocrx_word' id='word_1_576' title='bbox 1993 2827 2091 2880; x_wconf 77' lang='grc' dir='ltr'><strong>καὶ</strong></span> <span class='ocrx_word' id='word_1_577' title='bbox 2122 2826 2237 2879; x_wconf 76' lang='grc' dir='ltr'>ἔστι</span> <span class='ocrx_word' id='word_1_578' title='bbox 2284 2829 2449 2896; x_wconf 76' lang='grc' dir='ltr'>μοῖρα</span> <span class='ocrx_word' id='word_1_579' title='bbox 2471 2823 2632 2889; x_wconf 85' lang='grc' dir='ltr'>Θεοῦ,</span> <span class='ocrx_word' id='word_1_580' title='bbox 2661 2825 2738 2888; x_wconf 85' lang='grc' dir='ltr'>ὼς</span> <span class='ocrx_word' id='word_1_581' title='bbox 2763 2823 2861 2888; x_wconf 81' lang='grc' dir='ltr'>ὢν,</span> <span class='ocrx_word' id='word_1_582' title='bbox 2890 2823 2978 2876; x_wconf 75' lang='grc' dir='ltr'><strong>διὰ</strong></span> <span class='ocrx_word' id='word_1_583' title='bbox 3005 2821 3096 2875; x_wconf 85' lang='grc' dir='ltr'><strong>τὸν</strong></span> <span class='ocrx_word' id='word_1_584' title='bbox 3126 2823 3184 2876; x_wconf 89' lang='lat' dir='ltr'><strong>tv</strong></span> <span class='ocrx_word' id='word_1_585' title='bbox 3220 2821 3296 2891; x_wconf 85' lang='grc' dir='ltr'>τῷ</span> <span class='ocrx_word' id='word_1_586' title='bbox 3325 2819 3446 2890; x_wconf 80' lang='grc' dir='ltr'><strong>Θεῷ</strong></span> <span class='ocrx_word' id='word_1_587' title='bbox 3475 2815 3571 2872; x_wconf 89' lang='grc' dir='ltr'><strong>τοῦ</strong></span> 
     </span>
    </p>
   </div>
   <div class='ocr_carea' id='block_1_76' title="bbox 1995 2909 3572 2985">
    <p class='ocr_par' dir='ltr' id='par_1_76' title="bbox 1995 2909 3572 2985">
     <span class='ocr_line' id='line_1_76' title="bbox 1995 2909 3572 2985; baseline -0.005 -14"><span class='ocrx_word' id='word_1_588' title='bbox 1995 2914 2136 2971; x_wconf 71' lang='grc' dir='ltr'>εἶναι</span> <span class='ocrx_word' id='word_1_589' title='bbox 2195 2917 2359 2970; x_wconf 80' lang='grc' dir='ltr'>αὑτοῦ</span> <span class='ocrx_word' id='word_1_590' title='bbox 2415 2917 2596 2985; x_wconf 84' lang='grc' dir='ltr'>λόγον,</span> <span class='ocrx_word' id='word_1_591' title='bbox 2631 2915 2728 2970; x_wconf 69' lang='grc' dir='ltr'><strong>καὶ</strong></span> <span class='ocrx_word' id='word_1_592' title='bbox 2779 2915 2855 2978; x_wconf 85' lang='grc' dir='ltr'><strong>ὡς</strong></span> <span class='ocrx_word' id='word_1_593' title='bbox 2886 2913 3114 2983; x_wconf 85' lang='grc' dir='ltr'>ἀγαθὸς,</span> <span class='ocrx_word' id='word_1_594' title='bbox 3147 2911 3236 2965; x_wconf 84' lang='grc' dir='ltr'><strong>διά</strong></span> <span class='ocrx_word' id='word_1_595' title='bbox 3283 2911 3374 2965; x_wconf 88' lang='grc' dir='ltr'><strong>τὸν</strong></span> <span class='ocrx_word' id='word_1_596' title='bbox 3413 2913 3470 2964; x_wconf 86' lang='lat' dir='ltr'><strong>tv</strong></span> <span class='ocrx_word' id='word_1_597' title='bbox 3495 2909 3572 2980; x_wconf 85' lang='grc' dir='ltr'>τῷ</span> 
     </span>
    </p>
   </div>
   <div class='ocr_carea' id='block_1_77' title="bbox 1996 3001 3573 3079">
    <p class='ocr_par' dir='ltr' id='par_1_77' title="bbox 1996 3001 3573 3079">
     <span class='ocr_line' id='line_1_77' title="bbox 1996 3001 3573 3079; baseline -0.006 -17"><span class='ocrx_word' id='word_1_598' title='bbox 1996 3008 2116 3079; x_wconf 87' lang='grc' dir='ltr'><strong>Θεῷ</strong></span> <span class='ocrx_word' id='word_1_599' title='bbox 2155 3008 2257 3061; x_wconf 82' lang='grc' dir='ltr'><strong>τοῦ</strong></span> <span class='ocrx_word' id='word_1_600' title='bbox 2276 3003 2334 3060; x_wconf 77' lang='grc' dir='ltr'>εὖ</span> <span class='ocrx_word' id='word_1_601' title='bbox 2368 3005 2507 3060; x_wconf 75' lang='grc' dir='ltr'>εἶναι</span> <span class='ocrx_word' id='word_1_602' title='bbox 2539 3005 2701 3060; x_wconf 78' lang='grc' dir='ltr'>αὑτοῦ</span> <span class='ocrx_word' id='word_1_603' title='bbox 2727 3005 2908 3074; x_wconf 91' lang='grc' dir='ltr'>λόγον,</span> <span class='ocrx_word' id='word_1_604' title='bbox 2946 3005 3041 3058; x_wconf 75' lang='grc' dir='ltr'><strong>καὶ</strong></span> <span class='ocrx_word' id='word_1_605' title='bbox 3086 3004 3161 3066; x_wconf 80' lang='grc' dir='ltr'>ὡς</span> <span class='ocrx_word' id='word_1_606' title='bbox 3190 3002 3342 3066; x_wconf 82' lang='grc' dir='ltr'>Θεὸς,</span> <span class='ocrx_word' id='word_1_607' title='bbox 3372 3001 3461 3054; x_wconf 85' lang='grc' dir='ltr'>διὰ</span> <span class='ocrx_word' id='word_1_608' title='bbox 3484 3001 3573 3054; x_wconf 87' lang='grc' dir='ltr'><strong>τὸν</strong></span> 
     </span>
    </p>
   </div>
   <div class='ocr_carea' id='block_1_78' title="bbox 1997 3093 3572 3172">
    <p class='ocr_par' dir='ltr' id='par_1_78' title="bbox 1997 3093 3572 3172">
     <span class='ocr_line' id='line_1_78' title="bbox 1997 3093 3572 3172; baseline -0.007 -16"><span class='ocrx_word' id='word_1_609' title='bbox 1997 3103 2056 3156; x_wconf 83' lang='grc' dir='ltr'>ἐν</span> <span class='ocrx_word' id='word_1_610' title='bbox 2086 3100 2166 3172; x_wconf 80' lang='grc' dir='ltr'>τῷ</span> <span class='ocrx_word' id='word_1_611' title='bbox 2216 3100 2336 3171; x_wconf 81' lang='grc' dir='ltr'>Θεῷ</span> <span class='ocrx_word' id='word_1_612' title='bbox 2380 3098 2476 3153; x_wconf 90' lang='grc' dir='ltr'><strong>τοῦ</strong></span> <span class='ocrx_word' id='word_1_613' title='bbox 2524 3099 2612 3152; x_wconf 74' lang='grc' dir='ltr'><strong>ἀεὶ</strong></span> <span class='ocrx_word' id='word_1_614' title='bbox 2655 3095 2796 3151; x_wconf 73' lang='grc' dir='ltr'>εἶναι</span> <span class='ocrx_word' id='word_1_615' title='bbox 2835 3096 2999 3150; x_wconf 77' lang='grc' dir='ltr'>αὑτοῦ</span> <span class='ocrx_word' id='word_1_616' title='bbox 3045 3096 3221 3164; x_wconf 86' lang='grc' dir='ltr'>λόγον,</span> <span class='ocrx_word' id='word_1_617' title='bbox 3253 3093 3327 3157; x_wconf 87' lang='grc' dir='ltr'><strong>ὡς</strong></span> <span class='ocrx_word' id='word_1_618' title='bbox 3352 3093 3572 3158; x_wconf 81' lang='grc' dir='ltr'>τούτους</span> 
     </span>
    </p>
   </div>
   <div class='ocr_carea' id='block_1_79' title="bbox 1997 3184 3576 3264">
    <p class='ocr_par' dir='ltr' id='par_1_79' title="bbox 1997 3184 3576 3264">
     <span class='ocr_line' id='line_1_79' title="bbox 1997 3184 3576 3264; baseline -0.006 -17"><span class='ocrx_word' id='word_1_619' title='bbox 1997 3195 2238 3264; x_wconf 81' lang='grc' dir='ltr'>τιμήσας</span> <span class='ocrx_word' id='word_1_620' title='bbox 2283 3193 2375 3245; x_wconf 74' lang='grc' dir='ltr'><strong>καὶ</strong></span> <span class='ocrx_word' id='word_1_621' title='bbox 2418 3190 2540 3244; x_wconf 84' lang='grc' dir='ltr'>κατ’</span> <span class='ocrx_word' id='word_1_622' title='bbox 2571 3190 2771 3254; x_wconf 81' lang='grc' dir='ltr'>αὐτοὺς</span> <span class='ocrx_word' id='word_1_623' title='bbox 2811 3189 3137 3258; x_wconf 75' lang='grc' dir='ltr'>ἐνεργήσας,</span> <span class='ocrx_word' id='word_1_624' title='bbox 3170 3187 3264 3240; x_wconf 70' lang='grc' dir='ltr'><strong>καὶ</strong></span> <span class='ocrx_word' id='word_1_625' title='bbox 3304 3185 3371 3238; x_wconf 86' lang='grc' dir='ltr'><strong>δι’</strong></span> <span class='ocrx_word' id='word_1_626' title='bbox 3399 3184 3576 3238; x_wconf 77' lang='grc' dir='ltr'>αὐτῶν</span> 
     </span>
    </p>
   </div>
   <div class='ocr_carea' id='block_1_80' title="bbox 2000 3275 3576 3354">
    <p class='ocr_par' dir='ltr' id='par_1_80' title="bbox 2000 3275 3576 3354">
     <span class='ocr_line' id='line_1_80' title="bbox 2000 3275 3576 3354; baseline -0.007 -14"><span class='ocrx_word' id='word_1_627' title='bbox 2000 3285 2193 3340; x_wconf 78' lang='grc' dir='ltr'>ἑαυτὸν</span> <span class='ocrx_word' id='word_1_628' title='bbox 2227 3283 2326 3354; x_wconf 82' lang='grc' dir='ltr'>μὲν</span> <span class='ocrx_word' id='word_1_629' title='bbox 2356 3283 2433 3353; x_wconf 83' lang='grc' dir='ltr'>τῷ</span> <span class='ocrx_word' id='word_1_630' title='bbox 2458 3283 2578 3353; x_wconf 83' lang='grc' dir='ltr'><strong>Θεῷ</strong></span> <span class='ocrx_word' id='word_1_631' title='bbox 2619 3282 2766 3353; x_wconf 83' lang='grc' dir='ltr'>μόνῳ</span> <span class='ocrx_word' id='word_1_632' title='bbox 2798 3282 2863 3335; x_wconf 84' lang='grc' dir='ltr'>δι’</span> <span class='ocrx_word' id='word_1_633' title='bbox 2890 3282 3011 3335; x_wconf 85' lang='grc' dir='ltr'>ὅλου</span> <span class='ocrx_word' id='word_1_634' title='bbox 3049 3279 3360 3350; x_wconf 75' lang='grc' dir='ltr'>ἐνθέμενος,</span> <span class='ocrx_word' id='word_1_635' title='bbox 3388 3278 3480 3330; x_wconf 84' lang='grc' dir='ltr'><strong>τὸν</strong></span> <span class='ocrx_word' id='word_1_636' title='bbox 3517 3275 3576 3330; x_wconf 71' lang='grc' dir='ltr'>δὲ</span> 
     </span>
    </p>
   </div>
   <div class='ocr_carea' id='block_1_81' title="bbox 2000 3367 3576 3446">
    <p class='ocr_par' dir='ltr' id='par_1_81' title="bbox 2000 3367 3576 3446">
     <span class='ocr_line' id='line_1_81' title="bbox 2000 3367 3576 3446; baseline -0.006 -18"><span class='ocrx_word' id='word_1_637' title='bbox 2000 3375 2132 3446; x_wconf 84' lang='grc' dir='ltr'>Θεὸν</span> <span class='ocrx_word' id='word_1_638' title='bbox 2167 3374 2327 3446; x_wconf 86' lang='grc' dir='ltr'>μόνον</span> <span class='ocrx_word' id='word_1_639' title='bbox 2378 3373 2558 3443; x_wconf 80' lang='grc' dir='ltr'>ἑαυτῷ</span> <span class='ocrx_word' id='word_1_640' title='bbox 2584 3372 2652 3426; x_wconf 83' lang='grc' dir='ltr'>δι’</span> <span class='ocrx_word' id='word_1_641' title='bbox 2686 3372 2810 3426; x_wconf 76' lang='grc' dir='ltr'>ὅλου</span> <span class='ocrx_word' id='word_1_642' title='bbox 2841 3367 3162 3431; x_wconf 80' lang='grc' dir='ltr'>ὲντυπώσας</span> <span class='ocrx_word' id='word_1_643' title='bbox 3198 3385 3257 3421; x_wconf 87' lang='grc' dir='ltr'><strong>τε</strong></span> <span class='ocrx_word' id='word_1_644' title='bbox 3313 3367 3410 3421; x_wconf 66' lang='grc' dir='ltr'><strong>καὶ</strong></span> <span class='ocrx_word' id='word_1_645' title='bbox 3447 3384 3576 3438; x_wconf 87' lang='grc' dir='ltr'>μορ-</span> 
     </span>
    </p>
   </div>
   <div class='ocr_carea' id='block_1_82' title="bbox 2002 3443 3576 3536">
    <p class='ocr_par' dir='ltr' id='par_1_82' title="bbox 2002 3443 3576 3536">
     <span class='ocr_line' id='line_1_82' title="bbox 2002 3443 3576 3536; baseline -0.007 -15"><span class='ocrx_word' id='word_1_646' title='bbox 2002 3443 2212 3536; x_wconf 75' lang='grc' dir='ltr'>φώσας.</span> <span class='ocrx_word' id='word_1_647' title='bbox 2257 3465 2398 3520; x_wconf 80' lang='grc' dir='ltr'>ὥστε</span> <span class='ocrx_word' id='word_1_648' title='bbox 2441 3465 2536 3516; x_wconf 71' lang='grc' dir='ltr'><strong>καὶ</strong></span> <span class='ocrx_word' id='word_1_649' title='bbox 2575 3463 2738 3517; x_wconf 82' lang='grc' dir='ltr'>αὑτὸν</span> <span class='ocrx_word' id='word_1_650' title='bbox 2783 3457 2926 3516; x_wconf 76' lang='grc' dir='ltr'>εἷναί</span> <span class='ocrx_word' id='word_1_651' title='bbox 2955 3479 3016 3514; x_wconf 87' lang='grc' dir='ltr'><strong>τε</strong></span> <span class='ocrx_word' id='word_1_652' title='bbox 3046 3461 3231 3531; x_wconf 86' lang='grc' dir='ltr'>χάριτι</span> <span class='ocrx_word' id='word_1_653' title='bbox 3258 3459 3351 3511; x_wconf 68' lang='grc' dir='ltr'><strong>καὶ</strong></span> <span class='ocrx_word' id='word_1_654' title='bbox 3391 3457 3576 3511; x_wconf 80' lang='grc' dir='ltr'>καλεῖ-</span> 
     </span>
    </p>
   </div>
   <div class='ocr_carea' id='block_1_83' title="bbox 2005 3546 3579 3622">
    <p class='ocr_par' dir='ltr' id='par_1_83' title="bbox 2005 3546 3579 3622">
     <span class='ocr_line' id='line_1_83' title="bbox 2005 3546 3579 3622; baseline -0.007 -10"><span class='ocrx_word' id='word_1_655' title='bbox 2005 3559 2126 3612; x_wconf 86' lang='grc' dir='ltr'>σθαι</span> <span class='ocrx_word' id='word_1_656' title='bbox 2156 3557 2308 3622; x_wconf 86' lang='grc' dir='ltr'>Θεὸν,</span> <span class='ocrx_word' id='word_1_657' title='bbox 2337 3556 2434 3608; x_wconf 68' lang='grc' dir='ltr'><strong>καὶ</strong></span> <span class='ocrx_word' id='word_1_658' title='bbox 2466 3554 2557 3608; x_wconf 89' lang='grc' dir='ltr'><strong>τὸν</strong></span> <span class='ocrx_word' id='word_1_659' title='bbox 2589 3554 2723 3606; x_wconf 85' lang='grc' dir='ltr'>Θεὸν</span> <span class='ocrx_word' id='word_1_660' title='bbox 2755 3546 2896 3606; x_wconf 74' lang='grc' dir='ltr'>εἶναι</span> <span class='ocrx_word' id='word_1_661' title='bbox 2939 3569 3000 3605; x_wconf 82' lang='grc' dir='ltr'><strong>τε</strong></span> <span class='ocrx_word' id='word_1_662' title='bbox 3047 3549 3455 3618; x_wconf 73' lang='grc' dir='ltr'>συγκαταὸάσει</span> <span class='ocrx_word' id='word_1_663' title='bbox 3483 3547 3579 3602; x_wconf 67' lang='grc' dir='ltr'><strong>καὶ</strong></span> 
     </span>
    </p>
   </div>
   <div class='ocr_carea' id='block_1_84' title="bbox 2004 3638 3580 3715">
    <p class='ocr_par' dir='ltr' id='par_1_84' title="bbox 2004 3638 3580 3715">
     <span class='ocr_line' id='line_1_84' title="bbox 2004 3638 3580 3715; baseline -0.007 -12"><span class='ocrx_word' id='word_1_664' title='bbox 2004 3648 2285 3704; x_wconf 80' lang='grc' dir='ltr'>καλεῖσθαι</span> <span class='ocrx_word' id='word_1_665' title='bbox 2308 3647 2376 3700; x_wconf 86' lang='grc' dir='ltr'><strong>δι’</strong></span> <span class='ocrx_word' id='word_1_666' title='bbox 2410 3645 2572 3700; x_wconf 83' lang='grc' dir='ltr'>αὑτὸν</span> <span class='ocrx_word' id='word_1_667' title='bbox 2604 3643 2916 3715; x_wconf 72' lang='grc' dir='ltr'>ἄνθρωπον,</span> <span class='ocrx_word' id='word_1_668' title='bbox 2967 3643 3061 3696; x_wconf 75' lang='grc' dir='ltr'><strong>καὶ</strong></span> <span class='ocrx_word' id='word_1_669' title='bbox 3099 3642 3202 3711; x_wconf 80' lang='grc' dir='ltr'>τῆς</span> <span class='ocrx_word' id='word_1_670' title='bbox 3248 3638 3580 3709; x_wconf 85' lang='grc' dir='ltr'>ἀντιδιδομέ-</span> 
     </span>
    </p>
   </div>
   <div class='ocr_carea' id='block_1_85' title="bbox 2003 3728 3581 3808">
    <p class='ocr_par' dir='ltr' id='par_1_85' title="bbox 2003 3728 3581 3808">
     <span class='ocr_line' id='line_1_85' title="bbox 2003 3728 3581 3808; baseline -0.01 -14"><span class='ocrx_word' id='word_1_671' title='bbox 2003 3756 2102 3808; x_wconf 86' lang='grc' dir='ltr'><strong>νης</strong></span> <span class='ocrx_word' id='word_1_672' title='bbox 2129 3738 2221 3790; x_wconf 76' lang='grc' dir='ltr'><strong>ἐπὶ</strong></span> <span class='ocrx_word' id='word_1_673' title='bbox 2251 3736 2424 3807; x_wconf 83' lang='grc' dir='ltr'>τούτῳ</span> <span class='ocrx_word' id='word_1_674' title='bbox 2442 3734 2736 3796; x_wconf 82' lang='grc' dir='ltr'>διαθέσεως</span> <span class='ocrx_word' id='word_1_675' title='bbox 2763 3731 3041 3802; x_wconf 84' lang='grc' dir='ltr'>δειχθῆναι</span> <span class='ocrx_word' id='word_1_676' title='bbox 3069 3731 3167 3801; x_wconf 81' lang='grc' dir='ltr'>τὴν</span> <span class='ocrx_word' id='word_1_677' title='bbox 3195 3729 3445 3799; x_wconf 88' lang='grc' dir='ltr'>δύναμιν,</span> <span class='ocrx_word' id='word_1_678' title='bbox 3482 3728 3581 3797; x_wconf 74' lang='grc' dir='ltr'><strong>τὴν</strong></span> 
     </span>
    </p>
   </div>
   <div class='ocr_carea' id='block_1_86' title="bbox 2005 3819 3579 3898">
    <p class='ocr_par' dir='ltr' id='par_1_86' title="bbox 2005 3819 3579 3898">
     <span class='ocr_line' id='line_1_86' title="bbox 2005 3819 3579 3898; baseline -0.008 -14"><span class='ocrx_word' id='word_1_679' title='bbox 2005 3831 2102 3884; x_wconf 70' lang='grc' dir='ltr'>καὶ</span> <span class='ocrx_word' id='word_1_680' title='bbox 2131 3828 2224 3881; x_wconf 83' lang='grc' dir='ltr'><strong>τὸν</strong></span> <span class='ocrx_word' id='word_1_681' title='bbox 2261 3827 2548 3898; x_wconf 83' lang='grc' dir='ltr'>ἄνθρωπον</span> <span class='ocrx_word' id='word_1_682' title='bbox 2575 3823 2651 3895; x_wconf 80' lang='grc' dir='ltr'>τῷ</span> <span class='ocrx_word' id='word_1_683' title='bbox 2675 3823 2796 3893; x_wconf 84' lang='grc' dir='ltr'>Θεῷ</span> <span class='ocrx_word' id='word_1_684' title='bbox 2824 3822 3049 3876; x_wconf 81' lang='grc' dir='ltr'>θεοῦσαν</span> <span class='ocrx_word' id='word_1_685' title='bbox 3077 3821 3166 3876; x_wconf 86' lang='grc' dir='ltr'><strong>διά</strong></span> <span class='ocrx_word' id='word_1_686' title='bbox 3205 3821 3266 3874; x_wconf 90' lang='grc' dir='ltr'><strong>τὸ</strong></span> <span class='ocrx_word' id='word_1_687' title='bbox 3312 3819 3579 3890; x_wconf 84' lang='grc' dir='ltr'>φιλόθεον,</span> 
     </span>
    </p>
   </div>
   <div class='ocr_carea' id='block_1_87' title="bbox 2007 3911 3584 3987">
    <p class='ocr_par' dir='ltr' id='par_1_87' title="bbox 2007 3911 3584 3987">
     <span class='ocr_line' id='line_1_87' title="bbox 2007 3911 3584 3987; baseline -0.008 -12"><span class='ocrx_word' id='word_1_688' title='bbox 2007 3921 2101 3975; x_wconf 73' lang='grc' dir='ltr'><strong>καὶ</strong></span> <span class='ocrx_word' id='word_1_689' title='bbox 2133 3921 2224 3973; x_wconf 87' lang='grc' dir='ltr'><strong>τὸν</strong></span> <span class='ocrx_word' id='word_1_690' title='bbox 2260 3918 2392 3972; x_wconf 86' lang='grc' dir='ltr'>Θεὸν</span> <span class='ocrx_word' id='word_1_691' title='bbox 2420 3917 2498 3987; x_wconf 84' lang='grc' dir='ltr'>τῷ</span> <span class='ocrx_word' id='word_1_692' title='bbox 2529 3915 2800 3986; x_wconf 83' lang='grc' dir='ltr'>ἀνθρώπῳ</span> <span class='ocrx_word' id='word_1_693' title='bbox 2845 3914 2931 3968; x_wconf 72' lang='grc' dir='ltr'><strong>διὰ</strong></span> <span class='ocrx_word' id='word_1_694' title='bbox 2974 3913 3034 3966; x_wconf 90' lang='grc' dir='ltr'><strong>τὸ</strong></span> <span class='ocrx_word' id='word_1_695' title='bbox 3080 3912 3460 3982; x_wconf 83' lang='grc' dir='ltr'>φιλάνθρωπον</span> <span class='ocrx_word' id='word_1_696' title='bbox 3490 3911 3584 3962; x_wconf 84' lang='grc' dir='ltr'><strong>ἀν-</strong></span> 
     </span>
    </p>
   </div>
   <div class='ocr_carea' id='block_1_88' title="bbox 2007 4004 3584 4084">
    <p class='ocr_par' dir='ltr' id='par_1_88' title="bbox 2007 4004 3584 4084">
     <span class='ocr_line' id='line_1_88' title="bbox 2007 4004 3584 4084; baseline -0.005 -19"><span class='ocrx_word' id='word_1_697' title='bbox 2007 4011 2392 4084; x_wconf 75' lang='grc' dir='ltr'>Θρωπίζουσαν</span> <span class='ocrx_word' id='word_1_698' title='bbox 2425 4009 2520 4063; x_wconf 74' lang='grc' dir='ltr'><strong>καὶ</strong></span> <span class='ocrx_word' id='word_1_699' title='bbox 2573 4005 2838 4060; x_wconf 86' lang='grc' dir='ltr'>ποιοῦσαν</span> <span class='ocrx_word' id='word_1_700' title='bbox 2887 4007 3031 4060; x_wconf 82' lang='grc' dir='ltr'>κατά</span> <span class='ocrx_word' id='word_1_701' title='bbox 3080 4005 3178 4075; x_wconf 76' lang='grc' dir='ltr'>τὴν</span> <span class='ocrx_word' id='word_1_702' title='bbox 3219 4004 3393 4076; x_wconf 75' lang='grc' dir='ltr'>καλὴν</span> <span class='ocrx_word' id='word_1_703' title='bbox 3437 4006 3584 4058; x_wconf 77' lang='grc' dir='ltr'>ἀντιο</span> 
     </span>
    </p>
   </div>
   <div class='ocr_carea' id='block_1_89' title="bbox 2008 4096 3582 4175">
    <p class='ocr_par' dir='ltr' id='par_1_89' title="bbox 2008 4096 3582 4175">
     <span class='ocr_line' id='line_1_89' title="bbox 2008 4096 3582 4175; baseline -0.005 -17"><span class='ocrx_word' id='word_1_704' title='bbox 2008 4102 2270 4175; x_wconf 81' lang='grc' dir='ltr'>στροφὴν,</span> <span class='ocrx_word' id='word_1_705' title='bbox 2315 4101 2406 4156; x_wconf 84' lang='grc' dir='ltr'><strong>τὸν</strong></span> <span class='ocrx_word' id='word_1_706' title='bbox 2445 4099 2544 4170; x_wconf 83' lang='grc' dir='ltr'>μὲν</span> <span class='ocrx_word' id='word_1_707' title='bbox 2577 4098 2712 4152; x_wconf 86' lang='grc' dir='ltr'>Θεὸν</span> <span class='ocrx_word' id='word_1_708' title='bbox 2739 4097 3052 4169; x_wconf 77' lang='grc' dir='ltr'>ἄνθρωπον,</span> <span class='ocrx_word' id='word_1_709' title='bbox 3087 4097 3175 4152; x_wconf 88' lang='grc' dir='ltr'><strong>διά</strong></span> <span class='ocrx_word' id='word_1_710' title='bbox 3219 4096 3319 4168; x_wconf 77' lang='grc' dir='ltr'><strong>τὴν</strong></span> <span class='ocrx_word' id='word_1_711' title='bbox 3362 4097 3458 4151; x_wconf 89' lang='grc' dir='ltr'><strong>τοῦ</strong></span> <span class='ocrx_word' id='word_1_712' title='bbox 3487 4098 3582 4151; x_wconf 87' lang='grc' dir='ltr'><strong>ἀν-</strong></span> 
     </span>
    </p>
   </div>
   <div class='ocr_carea' id='block_1_90' title="bbox 2009 4188 3584 4267">
    <p class='ocr_par' dir='ltr' id='par_1_90' title="bbox 2009 4188 3584 4267">
     <span class='ocr_line' id='line_1_90' title="bbox 2009 4188 3584 4267; baseline -0.004 -18"><span class='ocrx_word' id='word_1_713' title='bbox 2009 4195 2228 4267; x_wconf 84' lang='grc' dir='ltr'>θρώπου</span> <span class='ocrx_word' id='word_1_714' title='bbox 2273 4192 2494 4256; x_wconf 87' lang='grc' dir='ltr'>θέωσιν,</span> <span class='ocrx_word' id='word_1_715' title='bbox 2527 4191 2618 4246; x_wconf 89' lang='grc' dir='ltr'><strong>τὸν</strong></span> <span class='ocrx_word' id='word_1_716' title='bbox 2645 4191 2703 4245; x_wconf 84' lang='grc' dir='ltr'>δὲ</span> <span class='ocrx_word' id='word_1_717' title='bbox 2746 4191 3035 4262; x_wconf 80' lang='grc' dir='ltr'>ἄνθρωπον</span> <span class='ocrx_word' id='word_1_718' title='bbox 3062 4189 3214 4254; x_wconf 88' lang='grc' dir='ltr'>Θεὸν,</span> <span class='ocrx_word' id='word_1_719' title='bbox 3241 4189 3330 4243; x_wconf 81' lang='grc' dir='ltr'><strong>δίἀ</strong></span> <span class='ocrx_word' id='word_1_720' title='bbox 3367 4189 3467 4260; x_wconf 77' lang='grc' dir='ltr'>τὴν</span> <span class='ocrx_word' id='word_1_721' title='bbox 3489 4188 3584 4242; x_wconf 89' lang='grc' dir='ltr'><strong>τοῦ</strong></span> 
     </span>
    </p>
   </div>
   <div class='ocr_carea' id='block_1_91' title="bbox 2009 4279 3581 4356">
    <p class='ocr_par' dir='ltr' id='par_1_91' title="bbox 2009 4279 3581 4356">
     <span class='ocr_line' id='line_1_91' title="bbox 2009 4279 3581 4356; baseline -0.006 -14"><span class='ocrx_word' id='word_1_722' title='bbox 2009 4279 2146 4342; x_wconf 78' lang='grc' dir='ltr'><strong>Θεόῦ</strong></span> <span class='ocrx_word' id='word_1_723' title='bbox 2180 4286 2535 4356; x_wconf 84' lang='grc' dir='ltr'>ἀνθρώπησιν</span> <span class='ocrx_word' id='word_1_724' title='bbox 2552 4285 2596 4338; x_wconf 82' lang='grc'><strong>⁸.</strong></span> <span class='ocrx_word' id='word_1_725' title='bbox 2631 4282 2892 4336; x_wconf 87' lang='grc' dir='ltr'>Βούλεται</span> <span class='ocrx_word' id='word_1_726' title='bbox 2917 4281 3027 4351; x_wconf 84' lang='grc' dir='ltr'><strong>γὰρ</strong></span> <span class='ocrx_word' id='word_1_727' title='bbox 3054 4281 3142 4335; x_wconf 74' lang='grc' dir='ltr'>ἀεὶ</span> <span class='ocrx_word' id='word_1_728' title='bbox 3177 4282 3272 4336; x_wconf 72' lang='grc' dir='ltr'><strong>καὶ</strong></span> <span class='ocrx_word' id='word_1_729' title='bbox 3319 4284 3377 4335; x_wconf 85' lang='lat' dir='ltr'><strong>tv</strong></span> <span class='ocrx_word' id='word_1_730' title='bbox 3417 4282 3581 4334; x_wconf 80' lang='grc' dir='ltr'>πᾶσιν</span> 
     </span>
    </p>
   </div>
   <div class='ocr_carea' id='block_1_92' title="bbox 334 4370 1894 4456">
    <p class='ocr_par' dir='ltr' id='par_1_92' title="bbox 334 4383 1894 4456">
     <span class='ocr_line' id='line_1_92' title="bbox 334 4383 1894 4456; baseline -0.001 -14"><span class='ocrx_word' id='word_1_731' title='bbox 334 4386 477 4443; x_wconf 88' lang='lat' dir='ltr'><strong>etin</strong></span> <span class='ocrx_word' id='word_1_732' title='bbox 514 4384 772 4440; x_wconf 89' lang='lat' dir='ltr'><strong>omnibus</strong></span> <span class='ocrx_word' id='word_1_733' title='bbox 808 4383 905 4438; x_wconf 86' lang='lat' dir='ltr'><strong>Dei</strong></span> <span class='ocrx_word' id='word_1_734' title='bbox 943 4384 1186 4440; x_wconf 85' lang='lat' dir='ltr'><strong>Verbum</strong></span> <span class='ocrx_word' id='word_1_735' title='bbox 1221 4391 1278 4438; x_wconf 91' lang='lat' dir='ltr'><strong>et</strong></span> <span class='ocrx_word' id='word_1_736' title='bbox 1308 4384 1456 4440; x_wconf 87' lang='lat' dir='ltr'><strong>Deus</strong></span> <span class='ocrx_word' id='word_1_737' title='bbox 1498 4401 1596 4441; x_wconf 90' lang='lat' dir='ltr'><strong>sua</strong></span> <span class='ocrx_word' id='word_1_738' title='bbox 1645 4385 1894 4456; x_wconf 89' lang='lat' dir='ltr'><strong>incorpo-</strong></span> 
     </span>
    </p>
   </div>
   <div class='ocr_carea' id='block_1_93' title="bbox 1994 4370 3580 4456">
    <p class='ocr_par' dir='ltr' id='par_1_93' title="bbox 2008 4370 3580 4443">
     <span class='ocr_line' id='line_1_93' title="bbox 2008 4370 3580 4443; baseline -0.007 -10"><span class='ocrx_word' id='word_1_739' title='bbox 2008 4382 2037 4434; x_wconf 89' lang='grc' dir='ltr'><strong>ό</strong></span> <span class='ocrx_word' id='word_1_740' title='bbox 2069 4377 2162 4432; x_wconf 93' lang='grc' dir='ltr'><strong>τοῦ</strong></span> <span class='ocrx_word' id='word_1_741' title='bbox 2194 4375 2330 4430; x_wconf 88' lang='grc' dir='ltr'>Θεοῦ</span> <span class='ocrx_word' id='word_1_742' title='bbox 2362 4376 2535 4443; x_wconf 87' lang='grc' dir='ltr'>Λόγος</span> <span class='ocrx_word' id='word_1_743' title='bbox 2560 4374 2658 4428; x_wconf 73' lang='grc' dir='ltr'><strong>καὶ</strong></span> <span class='ocrx_word' id='word_1_744' title='bbox 2691 4374 2826 4437; x_wconf 88' lang='grc' dir='ltr'>Θεὸς</span> <span class='ocrx_word' id='word_1_745' title='bbox 2884 4375 2986 4443; x_wconf 80' lang='grc' dir='ltr'>τῆς</span> <span class='ocrx_word' id='word_1_746' title='bbox 3027 4371 3193 4426; x_wconf 78' lang='grc' dir='ltr'>αὑτοῦ</span> <span class='ocrx_word' id='word_1_747' title='bbox 3251 4370 3580 4441; x_wconf 78' lang='grc' dir='ltr'>ὲνσωματὼο</span> 
     </span>
    </p>
   </div>
   <div class='ocr_carea' id='block_1_94' title="bbox 336 4474 1909 4546">
    <p class='ocr_par' dir='ltr' id='par_1_94' title="bbox 336 4474 1909 4546">
     <span class='ocr_line' id='line_1_94' title="bbox 336 4474 1909 4546; baseline 0 -14"><span class='ocrx_word' id='word_1_748' title='bbox 336 4476 550 4532; x_wconf 79' lang='lat' dir='ltr'><strong>ratione</strong></span> <span class='ocrx_word' id='word_1_749' title='bbox 581 4474 797 4546; x_wconf 89' lang='lat' dir='ltr'><strong>operari</strong></span> <span class='ocrx_word' id='word_1_750' title='bbox 840 4477 1184 4546; x_wconf 87' lang='lat' dir='ltr'><strong>mysterium.</strong></span> <span class='ocrx_word' id='word_1_751' title='bbox 1216 4476 1320 4543; x_wconf 86' lang='lat' dir='ltr'><strong>Qui</strong></span> <span class='ocrx_word' id='word_1_752' title='bbox 1358 4491 1491 4533; x_wconf 85' lang='lat' dir='ltr'><strong>vero</strong></span> <span class='ocrx_word' id='word_1_753' title='bbox 1529 4492 1690 4531; x_wconf 90' lang='lat' dir='ltr'><strong>suum</strong></span> <span class='ocrx_word' id='word_1_754' title='bbox 1738 4477 1909 4532; x_wconf 84' lang='lat' dir='ltr'><strong>relin-</strong></span> 
     </span>
    </p>
   </div>
   <div class='ocr_carea' id='block_1_95' title="bbox 338 4566 1910 4638">
    <p class='ocr_par' dir='ltr' id='par_1_95' title="bbox 338 4566 1910 4638">
     <span class='ocr_line' id='line_1_95' title="bbox 338 4566 1910 4638; baseline 0.001 -17"><span class='ocrx_word' id='word_1_755' title='bbox 338 4582 516 4638; x_wconf 88' lang='lat' dir='ltr'><strong>quens</strong></span> <span class='ocrx_word' id='word_1_756' title='bbox 556 4566 891 4637; x_wconf 82' lang='lat' dir='ltr'><strong>principium</strong></span> <span class='ocrx_word' id='word_1_757' title='bbox 940 4582 1069 4635; x_wconf 87' lang='lat' dir='ltr'><strong>pars</strong></span> <span class='ocrx_word' id='word_1_758' title='bbox 1113 4567 1211 4622; x_wconf 91' lang='lat' dir='ltr'><strong>Dei</strong></span> <span class='ocrx_word' id='word_1_759' title='bbox 1260 4567 1594 4622; x_wconf 88' lang='lat' dir='ltr'><strong>constitutus</strong></span> <span class='ocrx_word' id='word_1_760' title='bbox 1639 4582 1738 4637; x_wconf 91' lang='lat' dir='ltr'><strong>per</strong></span> <span class='ocrx_word' id='word_1_761' title='bbox 1767 4568 1910 4623; x_wconf 82' lang='lat' dir='ltr'><strong>exsi-</strong></span> 
     </span>
    </p>
   </div>
   <div class='ocr_carea' id='block_1_96' title="bbox 338 4657 1911 4728">
    <p class='ocr_par' dir='ltr' id='par_1_96' title="bbox 338 4657 1911 4728">
     <span class='ocr_line' id='line_1_96' title="bbox 338 4657 1911 4728; baseline -0.001 -14"><span class='ocrx_word' id='word_1_762' title='bbox 338 4665 575 4714; x_wconf 84' lang='lat' dir='ltr'><strong>stentem</strong></span> <span class='ocrx_word' id='word_1_763' title='bbox 602 4658 658 4712; x_wconf 88' lang='lat' dir='ltr'><strong>in</strong></span> <span class='ocrx_word' id='word_1_764' title='bbox 683 4658 802 4728; x_wconf 89' lang='lat' dir='ltr'><strong>ipso</strong></span> <span class='ocrx_word' id='word_1_765' title='bbox 837 4657 1060 4712; x_wconf 85' lang='lat' dir='ltr'><strong>virtutis</strong></span> <span class='ocrx_word' id='word_1_766' title='bbox 1097 4657 1370 4713; x_wconf 89' lang='lat' dir='ltr'><strong>rationem</strong></span> <span class='ocrx_word' id='word_1_767' title='bbox 1396 4657 1700 4714; x_wconf 90' lang='lat' dir='ltr'><strong>secundum</strong></span> <span class='ocrx_word' id='word_1_768' title='bbox 1724 4658 1911 4713; x_wconf 57' lang='lat' dir='ltr'><strong>reddi-</strong></span> 
     </span>
    </p>
   </div>
   <div class='ocr_carea' id='block_1_97' title="bbox 340 4747 1912 4816">
    <p class='ocr_par' dir='ltr' id='par_1_97' title="bbox 340 4747 1912 4816">
     <span class='ocr_line' id='line_1_97' title="bbox 340 4747 1912 4816; baseline -0.001 -13"><span class='ocrx_word' id='word_1_769' title='bbox 340 4756 451 4803; x_wconf 88' lang='lat' dir='ltr'><strong>tam</strong></span> <span class='ocrx_word' id='word_1_770' title='bbox 484 4763 704 4804; x_wconf 83' lang='lat' dir='ltr'><strong>causam</strong></span> <span class='ocrx_word' id='word_1_771' title='bbox 761 4748 831 4803; x_wconf 90' lang='lat' dir='ltr'><strong>ad</strong></span> <span class='ocrx_word' id='word_1_772' title='bbox 889 4747 944 4802; x_wconf 93' lang='lat' dir='ltr'><strong>id</strong></span> <span class='ocrx_word' id='word_1_773' title='bbox 974 4747 1130 4816; x_wconf 86' lang='lat' dir='ltr'><strong>quod</strong></span> <span class='ocrx_word' id='word_1_774' title='bbox 1169 4763 1278 4802; x_wconf 89' lang='lat' dir='ltr'><strong>non</strong></span> <span class='ocrx_word' id='word_1_775' title='bbox 1320 4755 1406 4803; x_wconf 90' lang='lat' dir='ltr'><strong>est</strong></span> <span class='ocrx_word' id='word_1_776' title='bbox 1456 4747 1912 4804; x_wconf 82' lang='lat' dir='ltr'><strong>irrationabiliter</strong></span> 
     </span>
    </p>
   </div>
   <div class='ocr_carea' id='block_1_98' title="bbox 340 4837 1908 4906">
    <p class='ocr_par' dir='ltr' id='par_1_98' title="bbox 340 4837 1908 4906">
     <span class='ocr_line' id='line_1_98' title="bbox 340 4837 1908 4906; baseline -0.002 -10"><span class='ocrx_word' id='word_1_777' title='bbox 340 4840 538 4906; x_wconf 79' lang='lat' dir='ltr'><strong>fertur,</strong></span> <span class='ocrx_word' id='word_1_778' title='bbox 595 4849 744 4896; x_wconf 86' lang='lat' dir='ltr'><strong>recte</strong></span> <span class='ocrx_word' id='word_1_779' title='bbox 793 4840 1083 4896; x_wconf 87' lang='lat' dir='ltr'><strong>desursum</strong></span> <span class='ocrx_word' id='word_1_780' title='bbox 1129 4838 1373 4893; x_wconf 81' lang='lat' dir='ltr'><strong>deﬂuere</strong></span> <span class='ocrx_word' id='word_1_781' title='bbox 1411 4837 1640 4903; x_wconf 88' lang='lat' dir='ltr'><strong>dicitur,</strong></span> <span class='ocrx_word' id='word_1_782' title='bbox 1688 4855 1797 4893; x_wconf 86' lang='lat' dir='ltr'><strong>non</strong></span> <span class='ocrx_word' id='word_1_783' title='bbox 1842 4839 1908 4893; x_wconf 88' lang='lat' dir='ltr'><strong>ad</strong></span> 
     </span>
    </p>
   </div>
   <div class='ocr_carea' id='block_1_99' title="bbox 341 4929 1914 5002">
    <p class='ocr_par' dir='ltr' id='par_1_99' title="bbox 341 4929 1914 5002">
     <span class='ocr_line' id='line_1_99' title="bbox 341 4929 1914 5002; baseline -0.001 -16"><span class='ocrx_word' id='word_1_784' title='bbox 341 4947 503 4986; x_wconf 86' lang='lat' dir='ltr'><strong>suum</strong></span> <span class='ocrx_word' id='word_1_785' title='bbox 537 4929 872 5002; x_wconf 86' lang='lat' dir='ltr'><strong>principium</strong></span> <span class='ocrx_word' id='word_1_786' title='bbox 913 4939 970 4986; x_wconf 91' lang='lat' dir='ltr'><strong>et</strong></span> <span class='ocrx_word' id='word_1_787' title='bbox 1021 4944 1272 4994; x_wconf 87' lang='lat' dir='ltr'><strong>causam,</strong></span> <span class='ocrx_word' id='word_1_788' title='bbox 1315 4943 1347 4983; x_wconf 92' lang='lat' dir='ltr'><strong>a</strong></span> <span class='ocrx_word' id='word_1_789' title='bbox 1374 4943 1484 4999; x_wconf 91' lang='lat' dir='ltr'><strong>qua</strong></span> <span class='ocrx_word' id='word_1_790' title='bbox 1515 4937 1573 4985; x_wconf 90' lang='lat' dir='ltr'><strong>et</strong></span> <span class='ocrx_word' id='word_1_791' title='bbox 1607 4929 1662 4983; x_wconf 90' lang='lat' dir='ltr'><strong>in</strong></span> <span class='ocrx_word' id='word_1_792' title='bbox 1705 4946 1812 4999; x_wconf 89' lang='lat' dir='ltr'><strong>qua</strong></span> <span class='ocrx_word' id='word_1_793' title='bbox 1858 4938 1914 4984; x_wconf 82' lang='lat' dir='ltr'><strong>et</strong></span> 
     </span>
    </p>
   </div>
   <div class='ocr_carea' id='block_1_100' title="bbox 340 5021 1916 5094">
    <p class='ocr_par' dir='ltr' id='par_1_100' title="bbox 340 5021 1916 5094">
     <span class='ocr_line' id='line_1_100' title="bbox 340 5021 1916 5094; baseline -0.002 -17"><span class='ocrx_word' id='word_1_794' title='bbox 340 5038 442 5094; x_wconf 85' lang='lat' dir='ltr'><strong>per</strong></span> <span class='ocrx_word' id='word_1_795' title='bbox 464 5038 629 5093; x_wconf 89' lang='lat' dir='ltr'><strong>quam</strong></span> <span class='ocrx_word' id='word_1_796' title='bbox 651 5021 831 5078; x_wconf 81' lang='lat' dir='ltr'><strong>factus</strong></span> <span class='ocrx_word' id='word_1_797' title='bbox 859 5029 964 5088; x_wconf 85' lang='lat' dir='ltr'><strong>est,</strong></span> <span class='ocrx_word' id='word_1_798' title='bbox 1000 5030 1222 5086; x_wconf 88' lang='lat' dir='ltr'><strong>motus;</strong></span> <span class='ocrx_word' id='word_1_799' title='bbox 1249 5029 1306 5076; x_wconf 83' lang='lat' dir='ltr'><strong>et</strong></span> <span class='ocrx_word' id='word_1_800' title='bbox 1323 5029 1407 5076; x_wconf 85' lang='lat' dir='ltr'><strong>est</strong></span> <span class='ocrx_word' id='word_1_801' title='bbox 1446 5021 1504 5075; x_wconf 91' lang='lat' dir='ltr'><strong>in</strong></span> <span class='ocrx_word' id='word_1_802' title='bbox 1531 5028 1710 5075; x_wconf 89' lang='lat' dir='ltr'><strong>meatu</strong></span> <span class='ocrx_word' id='word_1_803' title='bbox 1741 5021 1916 5074; x_wconf 85' lang='lat' dir='ltr'><strong>insta-</strong></span> 
     </span>
    </p>
   </div>
   <div class='ocr_carea' id='block_1_101' title="bbox 342 5110 1914 5180">
    <p class='ocr_par' dir='ltr' id='par_1_101' title="bbox 342 5110 1914 5180">
     <span class='ocr_line' id='line_1_101' title="bbox 342 5110 1914 5180; baseline -0.002 -13"><span class='ocrx_word' id='word_1_804' title='bbox 342 5111 442 5168; x_wconf 89' lang='lat' dir='ltr'><strong>bili</strong></span> <span class='ocrx_word' id='word_1_805' title='bbox 491 5121 550 5167; x_wconf 85' lang='lat' dir='ltr'><strong>et</strong></span> <span class='ocrx_word' id='word_1_806' title='bbox 584 5111 988 5166; x_wconf 77' lang='lat' dir='ltr'><strong>inordinatione</strong></span> <span class='ocrx_word' id='word_1_807' title='bbox 1032 5110 1204 5164; x_wconf 75' lang='lat' dir='ltr'><strong>tle-xiii</strong></span> <span class='ocrx_word' id='word_1_808' title='bbox 1253 5111 1453 5166; x_wconf 68' lang='lat' dir='ltr'><strong>animas</strong></span> <span class='ocrx_word' id='word_1_809' title='bbox 1495 5119 1553 5166; x_wconf 92' lang='lat' dir='ltr'><strong>et</strong></span> <span class='ocrx_word' id='word_1_810' title='bbox 1594 5110 1847 5180; x_wconf 89' lang='lat' dir='ltr'><strong>corporis</strong></span> <span class='ocrx_word' id='word_1_811' title='bbox 1886 5125 1914 5164; x_wconf 91' lang='lat' dir='ltr'><strong>a</strong></span> 
     </span>
    </p>
   </div>
   <div class='ocr_carea' id='block_1_102' title="bbox 343 5200 1922 5283">
    <p class='ocr_par' dir='ltr' id='par_1_102' title="bbox 343 5200 1922 5283">
     <span class='ocr_line' id='line_1_102' title="bbox 343 5200 1922 5283; baseline -0.001 -25"><span class='ocrx_word' id='word_1_812' title='bbox 343 5218 464 5260; x_wconf 31' lang='lat' dir='ltr'><strong>non;</strong></span> <span class='ocrx_word' id='word_1_813' title='bbox 488 5211 716 5258; x_wconf 74' lang='lat' dir='ltr'><strong>errante</strong></span> <span class='ocrx_word' id='word_1_814' title='bbox 745 5211 802 5256; x_wconf 88' lang='lat' dir='ltr'><strong>et</strong></span> <span class='ocrx_word' id='word_1_815' title='bbox 830 5201 1087 5258; x_wconf 76' lang='lat' dir='ltr'><strong>similiter</strong></span> <span class='ocrx_word' id='word_1_816' title='bbox 1117 5201 1356 5260; x_wconf 76' lang='lat' dir='ltr'><strong>habente</strong></span> <span class='ocrx_word' id='word_1_817' title='bbox 1382 5216 1568 5270; x_wconf 86' lang='lat' dir='ltr'><strong>causa,</strong></span> <span class='ocrx_word' id='word_1_818' title='bbox 1591 5200 1670 5256; x_wconf 88' lang='lat' dir='ltr'><strong>ad</strong></span> <span class='ocrx_word' id='word_1_819' title='bbox 1689 5201 1746 5256; x_wconf 91' lang='lat' dir='ltr'><strong>id</strong></span> <span class='ocrx_word' id='word_1_820' title='bbox 1769 5200 1922 5283; x_wconf 87' lang='lat' dir='ltr'><strong>quod</strong></span> 
     </span>
    </p>
   </div>
   <div class='ocr_carea' id='block_1_103' title="bbox 417 5341 899 5411">
    <p class='ocr_par' dir='ltr' id='par_1_103' title="bbox 417 5341 899 5411">
     <span class='ocr_line' id='line_1_103' title="bbox 417 5341 899 5411; baseline -0.006 -13"><span class='ocrx_word' id='word_1_821' title='bbox 417 5349 447 5380; x_wconf 72' lang='grc'><em>³</em></span> <span class='ocrx_word' id='word_1_822' title='bbox 474 5342 598 5398; x_wconf 86' lang='lat' dir='ltr'><strong>Act.</strong></span> <span class='ocrx_word' id='word_1_823' title='bbox 651 5359 784 5411; x_wconf 80' lang='lat' dir='ltr'><strong>xvu,</strong></span> <span class='ocrx_word' id='word_1_824' title='bbox 808 5341 899 5396; x_wconf 75' lang='lat'><strong>28.</strong></span> 
     </span>
    </p>
   </div>
   <div class='ocr_carea' id='block_1_104' title="bbox 2008 4460 3588 4538">
    <p class='ocr_par' dir='ltr' id='par_1_104' title="bbox 2008 4460 3588 4538">
     <span class='ocr_line' id='line_1_104' title="bbox 2008 4460 3588 4538; baseline -0.005 -16"><span class='ocrx_word' id='word_1_825' title='bbox 2008 4485 2145 4531; x_wconf 88' lang='grc' dir='ltr'>σεως</span> <span class='ocrx_word' id='word_1_826' title='bbox 2176 4464 2516 4538; x_wconf 79' lang='grc' dir='ltr'>ἐνεργεῖσθαι</span> <span class='ocrx_word' id='word_1_827' title='bbox 2558 4463 2619 4517; x_wconf 87' lang='grc' dir='ltr'><strong>τὸ</strong></span> <span class='ocrx_word' id='word_1_828' title='bbox 2665 4463 2985 4533; x_wconf 86' lang='grc' dir='ltr'>μυστήριον.</span> <span class='ocrx_word' id='word_1_829' title='bbox 3021 4462 3210 4526; x_wconf 88' lang='grc' dir='ltr'>Ὅστις</span> <span class='ocrx_word' id='word_1_830' title='bbox 3233 4461 3290 4514; x_wconf 81' lang='grc' dir='ltr'>δὲ</span> <span class='ocrx_word' id='word_1_831' title='bbox 3326 4463 3426 4533; x_wconf 82' lang='grc' dir='ltr'>τῆς</span> <span class='ocrx_word' id='word_1_832' title='bbox 3455 4460 3588 4523; x_wconf 85' lang='grc' dir='ltr'>ἰδίας</span> 
     </span>
    </p>
   </div>
   <div class='ocr_carea' id='block_1_105' title="bbox 2007 4552 3588 4628">
    <p class='ocr_par' dir='ltr' id='par_1_105' title="bbox 2007 4552 3588 4628">
     <span class='ocr_line' id='line_1_105' title="bbox 2007 4552 3588 4628; baseline -0.007 -13"><span class='ocrx_word' id='word_1_833' title='bbox 2007 4560 2284 4628; x_wconf 81' lang='grc' dir='ltr'>ἀφέμενος</span> <span class='ocrx_word' id='word_1_834' title='bbox 2315 4557 2493 4628; x_wconf 80' lang='grc' dir='ltr'>ἀρχῆς</span> <span class='ocrx_word' id='word_1_835' title='bbox 2549 4556 2714 4626; x_wconf 86' lang='grc' dir='ltr'>μοῖρα</span> <span class='ocrx_word' id='word_1_836' title='bbox 2755 4555 3043 4624; x_wconf 83' lang='grc' dir='ltr'>τυγχάνων</span> <span class='ocrx_word' id='word_1_837' title='bbox 3095 4553 3232 4606; x_wconf 86' lang='grc' dir='ltr'>Θεοῦ</span> <span class='ocrx_word' id='word_1_838' title='bbox 3274 4552 3362 4607; x_wconf 81' lang='grc' dir='ltr'><strong>διὰ</strong></span> <span class='ocrx_word' id='word_1_839' title='bbox 3399 4553 3490 4606; x_wconf 80' lang='grc' dir='ltr'><strong>τὸν</strong></span> <span class='ocrx_word' id='word_1_840' title='bbox 3529 4554 3588 4605; x_wconf 86' lang='lat' dir='ltr'><strong>tv</strong></span> 
     </span>
    </p>
   </div>
   <div class='ocr_carea' id='block_1_106' title="bbox 2007 4642 3588 4719">
    <p class='ocr_par' dir='ltr' id='par_1_106' title="bbox 2007 4642 3588 4719">
     <span class='ocr_line' id='line_1_106' title="bbox 2007 4642 3588 4719; baseline -0.005 -15"><span class='ocrx_word' id='word_1_841' title='bbox 2007 4649 2156 4719; x_wconf 82' lang='grc' dir='ltr'>αὐτῷ</span> <span class='ocrx_word' id='word_1_842' title='bbox 2189 4649 2291 4718; x_wconf 84' lang='grc' dir='ltr'>τῆς</span> <span class='ocrx_word' id='word_1_843' title='bbox 2322 4646 2528 4717; x_wconf 82' lang='grc' dir='ltr'>ἀρετῆς</span> <span class='ocrx_word' id='word_1_844' title='bbox 2554 4645 2685 4699; x_wconf 76' lang='grc' dir='ltr'>ὅντα</span> <span class='ocrx_word' id='word_1_845' title='bbox 2733 4644 2895 4713; x_wconf 85' lang='grc' dir='ltr'>λόγον</span> <span class='ocrx_word' id='word_1_846' title='bbox 2940 4642 3084 4698; x_wconf 87' lang='grc' dir='ltr'>κατά</span> <span class='ocrx_word' id='word_1_847' title='bbox 3106 4643 3206 4714; x_wconf 81' lang='grc' dir='ltr'>τὴν</span> <span class='ocrx_word' id='word_1_848' title='bbox 3234 4642 3588 4697; x_wconf 85' lang='grc' dir='ltr'>ἀποδοθεῖσαν</span> 
     </span>
    </p>
   </div>
   <div class='ocr_carea' id='block_1_107' title="bbox 2009 4732 3591 4807">
    <p class='ocr_par' dir='ltr' id='par_1_107' title="bbox 2009 4732 3591 4807">
     <span class='ocr_line' id='line_1_107' title="bbox 2009 4732 3591 4807; baseline -0.006 -14"><span class='ocrx_word' id='word_1_849' title='bbox 2009 4739 2187 4795; x_wconf 77' lang='grc' dir='ltr'>αἰτίαν</span> <span class='ocrx_word' id='word_1_850' title='bbox 2221 4736 2359 4806; x_wconf 86' lang='grc' dir='ltr'>πρὸς</span> <span class='ocrx_word' id='word_1_851' title='bbox 2389 4737 2452 4790; x_wconf 93' lang='grc' dir='ltr'><strong>τὸ</strong></span> <span class='ocrx_word' id='word_1_852' title='bbox 2486 4737 2562 4807; x_wconf 82' lang='grc' dir='ltr'>μὴ</span> <span class='ocrx_word' id='word_1_853' title='bbox 2600 4734 2661 4788; x_wconf 81' lang='grc' dir='ltr'>ὃν</span> <span class='ocrx_word' id='word_1_854' title='bbox 2692 4733 3020 4806; x_wconf 89' lang='grc' dir='ltr'>παραλόγως</span> <span class='ocrx_word' id='word_1_855' title='bbox 3073 4733 3322 4803; x_wconf 81' lang='grc' dir='ltr'>φέρεται,</span> <span class='ocrx_word' id='word_1_856' title='bbox 3365 4732 3591 4795; x_wconf 80' lang='grc' dir='ltr'>εἰκότως</span> 
     </span>
    </p>
   </div>
   <div class='ocr_carea' id='block_1_108' title="bbox 2006 4824 3590 4901">
    <p class='ocr_par' dir='ltr' id='par_1_108' title="bbox 2006 4824 3590 4901">
     <span class='ocr_line' id='line_1_108' title="bbox 2006 4824 3590 4901; baseline -0.003 -17"><span class='ocrx_word' id='word_1_857' title='bbox 2006 4829 2214 4886; x_wconf 84' lang='grc' dir='ltr'>ἄνωθεν</span> <span class='ocrx_word' id='word_1_858' title='bbox 2242 4829 2434 4901; x_wconf 76' lang='grc' dir='ltr'>ῥεῦσαι</span> <span class='ocrx_word' id='word_1_859' title='bbox 2472 4828 2718 4896; x_wconf 85' lang='grc' dir='ltr'>λέγεται,</span> <span class='ocrx_word' id='word_1_860' title='bbox 2749 4826 2826 4896; x_wconf 82' lang='grc' dir='ltr'>μὴ</span> <span class='ocrx_word' id='word_1_861' title='bbox 2853 4825 2992 4896; x_wconf 89' lang='grc' dir='ltr'>πρὸς</span> <span class='ocrx_word' id='word_1_862' title='bbox 3020 4825 3118 4896; x_wconf 80' lang='grc' dir='ltr'>τὴν</span> <span class='ocrx_word' id='word_1_863' title='bbox 3151 4824 3287 4878; x_wconf 89' lang='grc' dir='ltr'>ἰδίαν</span> <span class='ocrx_word' id='word_1_864' title='bbox 3329 4825 3504 4896; x_wconf 83' lang='grc' dir='ltr'>ἀρχήν</span> <span class='ocrx_word' id='word_1_865' title='bbox 3531 4840 3590 4879; x_wconf 78' lang='grc' dir='ltr'><strong>τε</strong></span> 
     </span>
    </p>
   </div>
   <div class='ocr_carea' id='block_1_109' title="bbox 2013 4917 3592 4991">
    <p class='ocr_par' dir='ltr' id='par_1_109' title="bbox 2013 4917 3592 4991">
     <span class='ocr_line' id='line_1_109' title="bbox 2013 4917 3592 4991; baseline -0.004 -15"><span class='ocrx_word' id='word_1_866' title='bbox 2013 4923 2112 4976; x_wconf 80' lang='grc' dir='ltr'><strong>καὶ</strong></span> <span class='ocrx_word' id='word_1_867' title='bbox 2168 4921 2351 4975; x_wconf 86' lang='grc' dir='ltr'>αἰτίαν</span> <span class='ocrx_word' id='word_1_868' title='bbox 2389 4919 2514 4973; x_wconf 83' lang='grc' dir='ltr'>καθ’</span> <span class='ocrx_word' id='word_1_869' title='bbox 2564 4919 2632 4991; x_wconf 79' lang='grc' dir='ltr'><strong>ἢν</strong></span> <span class='ocrx_word' id='word_1_870' title='bbox 2676 4917 2772 4990; x_wconf 72' lang='grc' dir='ltr'><strong>καὶ</strong></span> <span class='ocrx_word' id='word_1_871' title='bbox 2801 4917 2887 4986; x_wconf 67' lang='grc' dir='ltr'><strong>ἐφ’</strong></span> <span class='ocrx_word' id='word_1_872' title='bbox 2920 4931 2955 4990; x_wconf 81' lang='grc' dir='ltr'>ῃ</span> <span class='ocrx_word' id='word_1_873' title='bbox 2990 4917 3086 4970; x_wconf 70' lang='grc' dir='ltr'><strong>καὶ</strong></span> <span class='ocrx_word' id='word_1_874' title='bbox 3116 4917 3182 4971; x_wconf 80' lang='grc' dir='ltr'><strong>δι’</strong></span> <span class='ocrx_word' id='word_1_875' title='bbox 3212 4917 3279 4988; x_wconf 82' lang='grc' dir='ltr'><strong>ἢν</strong></span> <span class='ocrx_word' id='word_1_876' title='bbox 3303 4917 3592 4986; x_wconf 81' lang='grc' dir='ltr'>γεγένηται</span> 
     </span>
    </p>
   </div>
   <div class='ocr_carea' id='block_1_110' title="bbox 2011 5007 3591 5083">
    <p class='ocr_par' dir='ltr' id='par_1_110' title="bbox 2011 5007 3591 5083">
     <span class='ocr_line' id='line_1_110' title="bbox 2011 5007 3591 5083; baseline -0.004 -16"><span class='ocrx_word' id='word_1_877' title='bbox 2011 5011 2273 5083; x_wconf 78' lang='grc' dir='ltr'>κινηθεὶς,</span> <span class='ocrx_word' id='word_1_878' title='bbox 2307 5011 2402 5066; x_wconf 78' lang='grc' dir='ltr'><strong>καὶ</strong></span> <span class='ocrx_word' id='word_1_879' title='bbox 2437 5011 2586 5065; x_wconf 78' lang='grc' dir='ltr'>ἔστιν</span> <span class='ocrx_word' id='word_1_880' title='bbox 2618 5011 2678 5064; x_wconf 86' lang='lat' dir='ltr'><strong>tv</strong></span> <span class='ocrx_word' id='word_1_881' title='bbox 2708 5010 2926 5080; x_wconf 84' lang='grc' dir='ltr'>ἀστάτῳ</span> <span class='ocrx_word' id='word_1_882' title='bbox 2967 5010 3243 5080; x_wconf 77' lang='grc' dir='ltr'>περιφορᾷ</span> <span class='ocrx_word' id='word_1_883' title='bbox 3269 5009 3365 5062; x_wconf 74' lang='grc' dir='ltr'><strong>καὶ</strong></span> <span class='ocrx_word' id='word_1_884' title='bbox 3394 5007 3591 5078; x_wconf 77' lang='grc' dir='ltr'>ἀταξία</span> 
     </span>
    </p>
   </div>
   <div class='ocr_carea' id='block_1_111' title="bbox 2013 5100 3591 5177">
    <p class='ocr_par' dir='ltr' id='par_1_111' title="bbox 2013 5100 3591 5177">
     <span class='ocr_line' id='line_1_111' title="bbox 2013 5100 3591 5177; baseline -0.005 -17"><span class='ocrx_word' id='word_1_885' title='bbox 2013 5107 2158 5177; x_wconf 74' lang='grc' dir='ltr'>δεινῇ</span> <span class='ocrx_word' id='word_1_886' title='bbox 2205 5105 2385 5177; x_wconf 77' lang='grc' dir='ltr'>ψυχῆς</span> <span class='ocrx_word' id='word_1_887' title='bbox 2435 5121 2495 5158; x_wconf 85' lang='grc' dir='ltr'><strong>τε</strong></span> <span class='ocrx_word' id='word_1_888' title='bbox 2545 5103 2641 5158; x_wconf 63' lang='grc' dir='ltr'><strong>καὶ¹</strong></span> <span class='ocrx_word' id='word_1_889' title='bbox 2703 5102 2976 5174; x_wconf 86' lang='grc' dir='ltr'>σώματος,</span> <span class='ocrx_word' id='word_1_890' title='bbox 3026 5102 3129 5170; x_wconf 81' lang='grc' dir='ltr'>τῆς</span> <span class='ocrx_word' id='word_1_891' title='bbox 3179 5100 3455 5164; x_wconf 90' lang='grc' dir='ltr'>ἀπλανοῦς</span> <span class='ocrx_word' id='word_1_892' title='bbox 3497 5101 3591 5154; x_wconf 75' lang='grc' dir='ltr'><strong>καὶ</strong></span> 
     </span>
    </p>
   </div>
   <div class='ocr_carea' id='block_1_112' title="bbox 2015 5192 3592 5269">
    <p class='ocr_par' dir='ltr' id='par_1_112' title="bbox 2015 5192 3592 5269">
     <span class='ocr_line' id='line_1_112' title="bbox 2015 5192 3592 5269; baseline -0.006 -15"><span class='ocrx_word' id='word_1_893' title='bbox 2015 5200 2277 5263; x_wconf 83' lang='grc' dir='ltr'>ὡσαύτως</span> <span class='ocrx_word' id='word_1_894' title='bbox 2299 5197 2530 5269; x_wconf 76' lang='grc' dir='ltr'>ἐχούσης</span> <span class='ocrx_word' id='word_1_895' title='bbox 2563 5195 2743 5260; x_wconf 82' lang='grc' dir='ltr'>αἰτίας</span> <span class='ocrx_word' id='word_1_896' title='bbox 2766 5196 2833 5266; x_wconf 84' lang='grc' dir='ltr'><strong>τῇ</strong></span> <span class='ocrx_word' id='word_1_897' title='bbox 2869 5194 3006 5266; x_wconf 87' lang='grc' dir='ltr'>πρὸς</span> <span class='ocrx_word' id='word_1_898' title='bbox 3035 5195 3100 5247; x_wconf 86' lang='grc' dir='ltr'><strong>τὸ</strong></span> <span class='ocrx_word' id='word_1_899' title='bbox 3121 5193 3308 5266; x_wconf 73' lang='lat'><strong>(126</strong></span> <span class='ocrx_word' id='word_1_900' title='bbox 3327 5192 3384 5263; x_wconf 89' lang='lat' dir='ltr'><strong>a)</strong></span> <span class='ocrx_word' id='word_1_901' title='bbox 3409 5193 3592 5264; x_wconf 82' lang='grc' dir='ltr'>χεῖρον</span> 
     </span>
    </p>
   </div>
   <div class='ocr_carea' id='block_1_113' title="bbox 1653 5451 2338 5511">
    <p class='ocr_par' dir='ltr' id='par_1_113' title="bbox 1653 5451 2338 5511">
     <span class='ocr_line' id='line_1_113' title="bbox 1653 5451 2338 5511; baseline -0.004 -2"><span class='ocrx_word' id='word_1_902' title='bbox 1653 5452 1889 5510; x_wconf 65' lang='lat' dir='ltr'><strong>VARUS</strong></span> <span class='ocrx_word' id='word_1_903' title='bbox 1930 5451 2338 5511; x_wconf 78' lang='lat' dir='ltr'><strong>LECTIONES.</strong></span> 
     </span>
    </p>
   </div>
   <div class='ocr_carea' id='block_1_114' title="bbox 421 5582 2131 5659">
    <p class='ocr_par' dir='ltr' id='par_1_114' title="bbox 421 5582 2131 5659">
     <span class='ocr_line' id='line_1_114' title="bbox 421 5582 2131 5659; baseline -0.002 -17"><span class='ocrx_word' id='word_1_904' title='bbox 421 5585 461 5659; x_wconf 29' lang='grc'>⁸,</span> <span class='ocrx_word' id='word_1_905' title='bbox 486 5588 549 5641; x_wconf 81' lang='grc' dir='ltr'><strong>τὸ</strong></span> <span class='ocrx_word' id='word_1_906' title='bbox 596 5587 908 5659; x_wconf 86' lang='lat' dir='ltr'><strong>nonhabet</strong></span> <span class='ocrx_word' id='word_1_907' title='bbox 940 5589 1031 5647; x_wconf 90' lang='lat' dir='ltr'><strong>ed.</strong></span> <span class='ocrx_word' id='word_1_908' title='bbox 1071 5589 1188 5647; x_wconf 88' lang='lat' dir='ltr'><strong>Gal.</strong></span> <span class='ocrx_word' id='word_1_909' title='bbox 1264 5589 1284 5623; x_wconf 86' lang='lat'><strong>&#39;</strong></span> <span class='ocrx_word' id='word_1_910' title='bbox 1317 5587 1476 5659; x_wconf 82' lang='grc' dir='ltr'>φύσει</span> <span class='ocrx_word' id='word_1_911' title='bbox 1525 5601 1635 5643; x_wconf 89' lang='lat' dir='ltr'><strong>non</strong></span> <span class='ocrx_word' id='word_1_912' title='bbox 1691 5584 1858 5642; x_wconf 86' lang='lat' dir='ltr'><strong>habet</strong></span> <span class='ocrx_word' id='word_1_913' title='bbox 1890 5583 1978 5641; x_wconf 89' lang='lat' dir='ltr'><strong>ed.</strong></span> <span class='ocrx_word' id='word_1_914' title='bbox 2013 5582 2131 5640; x_wconf 84' lang='lat' dir='ltr'><strong>Gal.</strong></span> 
     </span>
    </p>
   </div>
   <div class='ocr_carea' id='block_1_115' title="bbox 359 5654 908 5731">
    <p class='ocr_par' dir='ltr' id='par_1_115' title="bbox 359 5654 908 5731">
     <span class='ocr_line' id='line_1_115' title="bbox 359 5654 908 5731; baseline 0.002 -19"><span class='ocrx_word' id='word_1_915' title='bbox 359 5654 646 5731; x_wconf 75' lang='grc' dir='ltr'>θρὼπησιν</span> <span class='ocrx_word' id='word_1_916' title='bbox 667 5658 758 5716; x_wconf 90' lang='lat' dir='ltr'><strong>ed.</strong></span> <span class='ocrx_word' id='word_1_917' title='bbox 790 5659 908 5716; x_wconf 85' lang='lat' dir='ltr'><strong>Gal.</strong></span> 
     </span>
    </p>
   </div>
   <div class='ocr_carea' id='block_1_116' title="bbox 2247 5576 3595 5644">
    <p class='ocr_par' dir='ltr' id='par_1_116' title="bbox 2247 5576 3595 5644">
     <span class='ocr_line' id='line_1_116' title="bbox 2247 5576 3595 5644; baseline 0 -10"><span class='ocrx_word' id='word_1_918' title='bbox 2247 5581 2267 5613; x_wconf 80' lang='grc'><strong>⁸</strong></span> <span class='ocrx_word' id='word_1_919' title='bbox 2291 5578 2546 5644; x_wconf 83' lang='grc' dir='ltr'>διανύσας</span> <span class='ocrx_word' id='word_1_920' title='bbox 2570 5579 2658 5636; x_wconf 91' lang='lat' dir='ltr'><strong>ed.</strong></span> <span class='ocrx_word' id='word_1_921' title='bbox 2681 5578 2798 5636; x_wconf 86' lang='lat' dir='ltr'><strong>Gal.</strong></span> <span class='ocrx_word' id='word_1_922' title='bbox 2889 5579 2911 5614; x_wconf 83' lang='lat'><strong>&quot;</strong></span> <span class='ocrx_word' id='word_1_923' title='bbox 2941 5579 3002 5634; x_wconf 86' lang='grc' dir='ltr'><strong>τὸ</strong></span> <span class='ocrx_word' id='word_1_924' title='bbox 3057 5577 3147 5636; x_wconf 88' lang='lat' dir='ltr'><strong>ed.</strong></span> <span class='ocrx_word' id='word_1_925' title='bbox 3176 5577 3294 5636; x_wconf 88' lang='lat' dir='ltr'><strong>Gal.</strong></span> <span class='ocrx_word' id='word_1_926' title='bbox 3384 5579 3406 5611; x_wconf 83' lang='lat'><strong>&#39;</strong></span> <span class='ocrx_word' id='word_1_927' title='bbox 3433 5576 3595 5634; x_wconf 82' lang='grc' dir='ltr'>ἀναν-</span> 
     </span>
    </p>
   </div>
  </div>
