3984 6198
469 233 608 300 [085‘
1696 241 2220 302 'AMBIGUORUM
2260 244 2508 304 LIBER.
3587 251 3725 316 1086

461 344 695 416 ἑκουσίῳ
739 346 879 416 ῥοπῇ
918 345 1347 418 τῆνοάποτυχίαν
1373 346 1566 402 ἑαυτοῦ
1615 349 2034 421 καταπραξάμεε

2148 352 2352 406 malum
2381 361 2467 409 est
2501 353 2815 412 voluntario
2853 366 3131 414 momento
3159 358 3538 430 expulsionem
3565 379 3721 417 suam

461 453 570 499 νος.
618 436 736 505 Ἐφ’
763 431 826 491 οὗ
851 438 946 490 καὶ¹
973 437 1033 491 τὸ
1072 437 1261 508 ῥεῦσαι
1312 441 1518 511 κυρίως
1563 441 1780 512 λεχθείη
1812 440 1879 494 ἂν
1912 442 1993 493 ὅτι
2015 443 2034 472 ⁸

2146 453 2432 511 peragens.
2463 442 2544 497 Ex
2562 459 2673 512 quo
2701 453 2758 500 et
2789 444 2960 502 ﬂuere
2981 449 3202 517 proprie
3225 449 3450 516 dicitur,
3483 464 3549 504 eo
3573 451 3719 522 quod

462 531 551 584 ἐπ’
588 530 741 602 αὐτῷ
773 533 1039 602 κειμένης
1065 533 1162 604 τῆς
1191 535 1325 604 πρὸς
1353 534 1484 589 Θεὸν
1511 535 1784 606 ἀδηρίτως
1810 535 1913 598 τὰς
1941 538 2035 607 τῆς

2146 529 2198 583 in
2222 546 2296 591 se
2319 540 2478 587 motae
2507 533 2574 588 ad
2594 535 2764 590 Deum
2782 536 2858 607 (ά)
2876 538 3316 608 inseparabiliter
3347 540 3543 595 anima:
3568 557 3719 611 gres-

462 621 643 693 ψυχῆς
674 622 859 693 βάσεις
892 625 1162 678 ποιεῖσθαι
1189 624 1497 696 δυναμένης
1527 625 1794 694 ἐξουσίας,
1833 626 1897 680 τὸ
1927 628 2035 696 χεῖ-

2148 635 2236 676 sus
2265 621 2516 679 faciendo
2542 625 2724 680 valido
2761 629 3040 698 potentiae,
3078 631 3224 700 quod
3269 631 3514 687 deterius
3554 641 3638 688 est
3665 643 3721 690 et

468 712 683 780 ροννκαὶ⁷
721 712 799 784 μὴ
830 712 891 767 ὃν
914 713 1009 767 τοῦ
1039 713 1348 785 κρείττονος
1384 716 1478 770 καὶ
1496 715 1648 780 ὄντος
1675 719 1813 774 ἑιιὼν
1840 716 2040 788 ἀντηλ-

1863 716 2040 788 ιντηλ-
2144 712 2294 780 quod
2318 728 2429 767 non
2465 722 2550 769 est
2583 731 2683 785 pro
2718 718 2936 772 meliori
2969 720 3161 774 volens
3184 721 3436 776 mutavit.

464 799 681 866 λάξατο.
1551 850 1561 857 ς

534 879 771 958 Τούτους
801 893 858 947 δὲ
888 894 984 959 οὓς
1021 895 1158 966 ἔφην
1193 896 1323 960 τούς
1344 895 1539 965 λόγους
1566 898 1596 951 ό
1632 894 1732 968 μὲν
1773 897 2042 967 ’Δρεοπα-

2215 885 2330 941 Has
2379 893 2563 942 autem
2607 906 2744 958 quas
2773 891 3019 948 dixeram
3051 895 3293 952 rationes
3337 897 3454 967 ipse
3493 897 3715 968 quidem

389 984 394 990 ’
465 986 626 1056 γίτης
659 985 816 1054 ἅγιος
857 986 1135 1050 Διονύσιος
1180 990 1555 1059 προορισμοὺς
1587 990 1683 1042 καὶ
1726 988 1846 1042 θεῖα
1878 989 1962 1042 θελ

2146 977 2472 1050 Aeropagita
2521 991 2744 1037 sanctus
2773 985 3066 1056 Dionysius
3101 978 3614 1057 praedestinationes
3661 1001 3719 1047 et

467 1095 614 1147 ματα
645 1077 930 1131 καλεῖσθαι
976 1078 1079 1132 ὐπὸ
1112 1079 1211 1150 τῆς
1247 1081 1480 1150 Γραφῆς
1523 1081 1672 1151 ἡμᾶς
1705 1080 2040 1136 ἐκδιδάσκει.

2145 1069 2363 1125 divinas
2407 1071 2721 1128 voluntates
2756 1077 2936 1130 vocari
2986 1094 3016 1131 a
3059 1078 3245 1133 divina
3295 1080 3577 1151 Scriptura
3616 1098 3718 1140 nos

477 1169 710 1239 Ὁμοίως
746 1169 805 1222 δὲ
847 1170 940 1223 καὶ
985 1171 1036 1223 ot
1078 1171 1209 1240 περὶ
1255 1172 1556 1225 Πάνταινον
1603 1173 1694 1225 τὸν
1746 1170 2042 1242 γενόμενον

2142 1158 2358 1214 edocet.
2390 1158 2767 1231 Similiterque
2787 1173 2842 1216 et
2875 1165 2943 1235 (e)
2972 1165 3066 1234 qui
3094 1167 3204 1220 sint
3232 1168 3378 1222 circa
3397 1171 3715 1224 Pantmnum

465 1262 787 1332 καθηγητὴν
841 1261 936 1314 τοῦ
992 1263 1365 1332 Στρωματέως
1433 1264 1672 1335 μεγάλου
1718 1264 2038 1334 Κλήμεντος

2144 1250 2325 1320 magni
2359 1250 2661 1306 Clementis
2706 1253 2966 1318 amicum,
2992 1257 3086 1324 qui
3140 1257 3314 1312 factus
3345 1268 3427 1313 est
3457 1259 3717 1329 magister

465 1351 588 1404 θεῖα
635 1351 920 1422 θελήματα
972 1355 1040 1423 τῇ
1087 1353 1278 1424 Γραφῇ
1331 1354 1488 1422 φίλον
1539 1353 1826 1407 καλεῖσθαί
1885 1370 2038 1423 φασι.

2143 1341 2460 1408 Stromatei,
2493 1343 2712 1398 divinas
2753 1346 3069 1401 voluntates
3111 1363 3141 1401 a
3190 1347 3472 1419 Scriptura
3531 1351 3716 1405 vocari

468 1440 632 1495 Ὅθεν
684 1442 1056 1513 ἐρωτηθέντες
1095 1443 1200 1497 ὐπό
1245 1461 1406 1498 τινων
1446 1444 1555 1498 τῶν
1605 1444 1712 1510 ἔξω
1757 1444 2041 1499 παίδευσιν

2144 1433 2357 1500 dicunt,
2386 1434 2514 1488 inde
2565 1436 2884 1507 interrogati
2923 1454 2953 1492 a
2983 1439 3310 1508 quibusdam
3357 1442 3613 1511 superbis
3660 1443 3717 1497 in

466 1532 710 1604 γαύρων,
740 1533 858 1596 πῶς
889 1534 1183 1601 γινώσκειν
1216 1534 1284 1588 τὰ
1315 1536 1445 1590 ὅντα
1494 1535 1591 1590 τὸν
1620 1536 1754 1590 Θεὸν
1791 1535 2039 1600 δοξάζου·

2143 1541 2334 1580 eorum
2365 1525 2680 1582 eruditione
2721 1544 2842 1598 quae
2870 1527 3216 1588 extrinsecus
3242 1543 3398 1600 sunt,
3439 1533 3716 1603 quomodo

467 1641 554 1679 σιν
586 1626 635 1678 οί
668 1625 1010 1696 Χριστιανοὶ,
1046 1626 1423 1697 ὐπειληφότων
1457 1628 1707 1694 ἐκείνων,
1745 1629 1946 1700 νοερῶς
1972 1612 2040 1684 τὰ

2142 1637 2477 1693 cognoscere
2498 1640 2562 1679 ea
2589 1641 2709 1694 qum
2733 1633 2864 1680 sunt
2891 1627 3063 1680 Deum
3087 1628 3360 1682 aestimant
3389 1625 3713 1691 Christiani,

464 1717 654 1786 νοητὰ,
706 1685 801 1770 καὶ
851 1685 1186 1787 αἰσθητικῶς
1334 1718 1592 1790 αἰσθητὰ,
1621 1685 2037 1788 γινώσκειν-αὐ-

2144 1715 2580 1786 suscipientibus
2606 1685 2722 1771 illis
2774 1718 3223 1772 intellectualiter
3266 1719 3632 1790 intelligibilia
3660 1730 3717 1778 et

462 1808 556 1862 τὸν
600 1809 670 1862 τὰ
713 1808 844 1862 ὄντα
886 1809 1274 1879 ἀπεκρίναντο,
1313 1813 1452 1881 μήτε
1502 1811 1840 1882 αἰσθητικῶς
1863 1812 1932 1867 τὰ
1956 1815 2035 1867 αἰ-

2142 1803 2472 1859 sensualiter
2501 1805 2784 1860 sensibilia
2812 1821 2936 1860 eum
2968 1821 3304 1878 cognoscere
3324 1825 3388 1862 ea
3414 1826 3536 1880 qua:
3561 1821 3714 1868 sunt.

465 1901 662 1973 σθητὰ,
696 1904 834 1973 μήτε
857 1903 1059 1975 νοερῶς
1097 1903 1175 1957 τά
1193 1905 1378 1974 νοητά.
1411 1906 1487 1959 Οὐ
1516 1905 1625 1976 γὰρ
1646 1902 1784 1961 εἶναι
1806 1907 2038 1963 δυνατὸν

2143 1895 2563 1966 Respondemus
2587 1913 2768 1968 neque
2801 1899 3134 1954 sensualiter
3173 1900 3453 1955 sensibilia
3484 1941 3499 1967 ,
3531 1916 3716 1972 neque

462 1977 568 2046 τὸν
587 1993 729 2064 ὑπὲρ
759 1994 828 2049 τὰ
853 1993 984 2048 ὄντα
1014 1994 1157 2049 κατὰ
1195 1995 1263 2048 τὰ
1296 1995 1426 2051 ὄντα
1453 1997 1758 2053 τῶν-ὅντων
1780 2000 2035 2070 ἀντιλαμ-

2144 1986 2591 2044 intellectualiter
2620 1988 3034 2045 intellectualis.
3063 1989 3182 2045 Non
3211 1990 3359 2046 enim
3394 2007 3515 2047 esse
3541 1992 3717 2063 possi-

463 2084 722 2140 ὁάνεσθαι
742 2087 817 2118 ¹⁰’
851 2087 968 2142 ἀλλ’
1002 2088 1078 2152 ώς
1109 2089 1218 2142 ίδια
1240 2089 1522 2161 θελήματα
1555 2091 1848 2160 γινώσκειν
1877 2090 2036 2146 αὐτὸν

2141 2079 2252 2136 bile
2278 2088 2382 2145 est,
2432 2090 2494 2135 ut
2524 2081 2770 2138 ostendit
2810 2082 2976 2150 ratio,
3025 2099 3152 2139 eum
3195 2083 3289 2154 qui
3344 2093 3429 2139 est
3458 2101 3624 2154 super
3649 2101 3714 2142 ea

460 2175 532 2230 τὰ
562 2176 692 2232 ὄντα
729 2179 930 2250 φαμὲν,
974 2181 1306 2251 προσθέντες
1336 2182 1433 2235 καὶ
1477 2181 1572 2236 τοῦ
1605 2182 1766 2253 λόγου
1799 2183 1860 2238 τὸ
1888 2183 2033 2238 εὐλοα

2140 2187 2262 2241 qua:
2285 2180 2433 2239 sunt,
2458 2188 2558 2244 per
2581 2190 2643 2230 ea
2674 2191 2795 2244 qua:
2833 2183 2981 2242 sunt,
3010 2191 3073 2232 ea
3101 2192 3222 2246 quae
3259 2185 3391 2232 sunt
3419 2178 3711 2248 accipere;

460 2286 577 2338 γον.
612 2271 676 2326 El
699 2270 809 2342 γὰρ
837 2270 1103 2344 θελήματι
1123 2273 1192 2328 τὰ
1221 2273 1402 2328 πάντα
1425 2275 1718 2346 πεποίηκε,
1745 2276 1840 2329 καὶ
1861 2275 2033 2340 οὐδεὶς

2141 2262 2238 2318 sed
2267 2264 2412 2319 sicut
2446 2279 2574 2320 suas
2603 2265 2916 2321 voluntates
2945 2281 3274 2337 cognoscere
3311 2282 3438 2322 eum
3476 2267 3714 2323 dicimus

461 2365 685 2434 ἀντερεῖ
708 2363 884 2432 λόγος,
912 2365 1202 2433 γινώσκειν
1231 2365 1291 2419 δὲ
1312 2365 1374 2418 τὸ
1399 2365 1530 2419 ἴδιον
1561 2366 1774 2438 θέλημα
1794 2366 1886 2420 τὸν
1906 2366 2034 2421 Θεὸν

2139 2375 2204 2416 ea
2225 2376 2347 2430 quae
2377 2369 2527 2429 sunt,
2555 2362 2822 2418 addentes
2851 2362 3018 2418 etiam
3042 2379 3107 2418 ex
3131 2378 3293 2418 causa
3331 2363 3711 2419 ratiocinatio-

401 2496 410 2502 .
460 2454 686 2519 εὐσεϐές
724 2472 784 2508 τε
819 2455 999 2524 λέγειν
1042 2457 1130 2510 ἀεὶ
1157 2457 1252 2510 καὶ¹
1279 2456 1486 2510 δίκαιόν
1518 2459 1688 2524 ἐστιν,
1725 2457 1953 2511 ἕκαστον

2139 2466 2300 2518 nem;
2333 2451 2379 2506 si
2409 2451 2558 2506 enim
2584 2453 2865 2508 voluntate
2893 2452 3076 2508 omnia
3109 2453 3256 2518 fecit,
3295 2459 3352 2508 et
3391 2454 3540 2508 nulla
3574 2469 3709 2509 con-

457 2546 570 2600 τῶν
597 2549 899 2616 γεγονότων
929 2548 1100 2602 θέλων
1131 2549 1457 2620 πεποίηκεν,
1489 2550 1597 2620 ἄρα
1616 2547 1691 2613 ὡς
1731 2549 1838 2603 ίδια
1877 2548 2030 2620 θελή-

2143 2542 2390 2608 tradicit,
2425 2544 2569 2600 ratio
2596 2559 2928 2616 cognoscere
2972 2555 3152 2600 autem
3185 2561 3338 2599 suam
3369 2546 3709 2601 voluntatem

464 2655 609 2706 ματα
643 2639 672 2690 ὁ
701 2639 946 2704 Θεὸςτὰ
966 2639 1095 2694 ὄντα
1131 2639 1415 2708 γινώσκει,
1436 2641 1621 2711 ἐπειδὴ
1653 2640 1746 2695 καὶ
1769 2640 1941 2695 θέλων
1968 2640 2037 2696 τὰ

2140 2633 2335 2700 Deum,
2367 2649 2586 2704 semper
2611 2635 2762 2704 pium
2814 2634 3000 2689 dicere
3035 2643 3090 2689 et
3127 2636 3335 2705 justum
3369 2643 3472 2700 est,
3507 2650 3710 2689 unum-

457 2727 592 2783 ὄντα
639 2730 959 2800 πεποίηκεν.
1014 2729 1295 2785 Ἐντεῦθεν
1361 2730 1419 2784 δὲ
1478 2731 1811 2802 ὁρμώμενος,
1860 2730 2030 2800 ἔγωγε

2137 2725 2395 2796 quodque
2426 2741 2558 2781 vero
2589 2741 2782 2781 eorum
2811 2743 2932 2797 quae
2963 2727 3106 2783 facta
3138 2735 3267 2782 sunt
3302 2728 3496 2782 volens
3537 2725 3707 2793 fecit;

459 2817 614 2893 οἶμαι
641 2822 784 2876 κατὰ
814 2822 1034 2887 τούτους
1064 2823 1313 2894 εἰρῆσθαι
1337 2825 1404 2895 τῇ
1427 2824 1619 2894 Γραφῇ
1654 2827 1788 2887 τοὺς
1816 2824 2032 2892 λόγους,

2138 2816 2308 2888 igitur
2349 2826 2412 2873 ut
2443 2833 2571 2873 suas
2620 2819 2933 2874 voluntates
2959 2820 3106 2874 Deus
3152 2818 3436 2889 cognoscit
3485 2834 3550 2873 ea
3588 2833 3710 2888 quae

460 2914 540 2979 τὸ,
580 2915 812 2982 "Ervom
849 2930 923 2968 σε
966 2914 1126 2982 παρὰ
1169 2913 1420 2980 πάντας,
1461 2914 1598 2985 πρὸς
1621 2915 1903 2985 Μωύσῆν,
1940 2914 2033 2969 καὶ

2137 2916 2290 2975 sunt,
2319 2909 2580 2979 quoniam
2625 2918 2680 2964 et
2711 2911 2901 2966 volens
2941 2926 3004 2965 ea
3037 2926 3158 2980 quas
3191 2917 3322 2965 sunt
3374 2909 3526 2966 fecit.
3569 2909 3710 2964 Hine

461 3006 590 3078 περί
614 3024 776 3060 τινων
813 3006 896 3073 τὸ,
938 3007 1127 3075 Ἔγνω
1156 3008 1369 3075 Κύριος
1400 3003 1664 3077 (ι26ὐ)
1689 3005 1829 3072 τοὺς
1853 3006 2032 3073 ὄντας

2136 3008 2191 3055 et
2225 3014 2327 3070 ego
2350 2999 2625 3069 aspiciens
2650 3015 2848 3055 censeo
2879 3000 3184 3055 secundum
3211 3000 3313 3055 has
3341 2999 3545 3054 dixisse
3560 2997 3709 3055 Scri-

457 3099 669 3162 αὐτοῦ,
708 3118 726 3150 ι
746 3099 841 3152 καὶ
872 3098 1034 3153 πάλιν
1062 3099 1202 3168 πρός
1227 3116 1381 3162 τινας
1409 3098 1502 3164 τὸ,.
1530 3101 1650 3154 Οὐκ
1679 3093 1814 3152 οἶδα
1840 3097 2028 3168 ὑμᾶς’

2132 3098 2351 3161 pturam
2389 3089 2633 3145 rationes
2674 3090 2819 3145 hoc:
2855 3089 3238 3162 Cognosccbam
3275 3099 3326 3144 te
3381 3106 3538 3160 super
3590 3107 3705 3144 om-

457 3187 534 3252 ώς
563 3187 796 3242 ἕκαστον
829 3186 1074 3259 δηλονότι
1104 3188 1138 3259 ἢ
1171 3187 1313 3241 κατὰ
1347 3187 1408 3241 τὸ
1447 3187 1659 3259 θέλημα
1687 3189 1784 3242 καὶ
1821 3187 1912 3242 τὸν
1940 3187 2030 3241 λό-

2134 3199 2225 3237 nes
2247 3193 2294 3249 Ρ,
2321 3182 2388 3237 ad
2415 3182 2689 3254 Moyscm;
2723 3192 2779 3238 et
2805 3183 2872 3239 de
2903 3183 3233 3254 quihusdam
3273 3183 3418 3237 hoc:
3455 3181 3706 3253 Cognovit

456 3293 576 3345 γον,
608 3277 641 3348 ἦ
681 3277 834 3347 παρὰ
858 3277 919 3330 τὸ
941 3276 1152 3349 θέλημα
1178 3279 1274 3331 καὶ
1299 3277 1396 3332 τὸν
1414 3276 1575 3346 λόγον
1598 3275 1695 3331 τοῦ
1723 3275 1860 3331 Θεοῦ
1894 3294 2028 3350 προσ

2133 3274 2388 3338 Dominus
2409 3275 2497 3346 qui
2521 3284 2643 3329 sunt
2675 3276 2759 3329 sui
2779 3285 2841 3341 tt;
2872 3285 2928 3330 et
2953 3275 3154 3330 iterum
3186 3275 3291 3330 hoc
3308 3273 3373 3329 ad
3402 3273 3704 3344 quosdam:

457 3368 771 3438 αιρετικὴ,¹¹
797 3366 1011 3440 κίνησις
1041 3368 1142 3439 τῆς
1185 3366 1336 3432 θείας
1379 3365 1612 3422 ἀκοῦσαι
1659 3367 1843 3438 φωνῆς
1888 3383 2030 3438 παρ-

2134 3364 2251 3420 Νοη
2274 3367 2393 3421 ηουί
2425 3383 2513 3421 vos
2540 3377 2583 3420 ι’.
2617 3367 2708 3422 Sic
2733 3367 2980 3438 profecto
3011 3381 3457 3437 unumquemque
3495 3373 3590 3420 aut
3623 3380 3707 3420 se-

456 3459 744 3517 εσκεύασι.
2132 3456 2374 3511 cundum
2410 3457 2753 3512 voluntatem
2779 3466 2834 3512 et
2862 3458 3153 3520 rationem,
3177 3463 3272 3510 aut
3293 3463 3482 3511 contra
3509 3455 3707 3510 volun-

2133 3555 2299 3602 tatem
2333 3556 2389 3601 et
2415 3546 2688 3602 rationem
2734 3548 2833 3603 Dei
2855 3547 3203 3602 voluntarius
3238 3552 3423 3601 motus
3463 3545 3707 3600 divinam

2131 3636 2325 3692 audire
2354 3652 2545 3691 vocem
2568 3639 2919 3708 praeparavit.

523 3725 712 3780 Ταῦτα
742 3723 940 3780 καὶτὰ
958 3723 1185 3780 τοιαῦτα
1224 3725 1317 3780 τὸν
1341 3724 1601 3797 θεοφόρον
1642 3724 1831 3780 τοῦτον
1860 3725 2030 3795 ἄνδρα

2200 3727 2326 3783 Hac
2347 3737 2403 3784 et
2424 3728 2744 3799 huiusmodi
2779 3729 3051 3784 deiferum
3074 3744 3224 3784 nunc
3253 3728 3434 3783 virum
3462 3727 3707 3783 arbitror

448 3815 603 3888 οἶμαι
650 3819 925 3889 νοήσαντα
978 3818 1173 3884 εἰπεῖν,
1209 3837 1229 3871 ι
1252 3818 1474 3872 ἐπειδὰν
1506 3817 1566 3871 τὸ
1598 3816 1832 3881 θεοειδὲς
1869 3817 2021 3871 τοῦτο

2133 3819 2530 3889 intelligentem
2550 3819 2758 3884 dicere,
2783 3839 2800 3871 ι
2823 3835 2948 3874 cum
2966 3819 3235 3875 deiforme
3252 3819 3360 3874 hoc
3384 3827 3440 3874 et
3455 3818 3706 3872 divinum

452 3910 544 3963 καὶ
580 3909 743 3977 θεῖον,
775 3910 868 3964 τὸν
888 3909 1159 3981 ἡμέτερον
1195 3909 1312 3963 νοῦν
1341 3925 1401 3963 τε
1429 3901 1528 3962 ’καὶ
1543 3909 1722 3979 λόγον,
1744 3908 1821 3981 τῷ
1842 3908 2025 3979 οἰκείῳ

2134 3919 2384 3965 nostrum
2415 3909 2660 3964 animum
2688 3916 2746 3963 et
2800 3909 3077 3964 rationem
3111 3909 3336 3980 proprio
3378 3909 3707 3964 admiscebi-

453 4001 866 4072 προσμίξωμεν,
901 4003 997 4056 καὶ
1020 4004 1053 4072 ἠ
1091 4000 1258 4055 εἰκὼν
1292 4001 1492 4074 ἀνέλθῃ
1526 4000 1665 4072 πρὸς
1697 4001 1760 4054 τὸ
1800 4001 2026 4073 ἀρχέτυ-

2129 4017 2275 4069 mus,
2308 4010 2366 4058 et
2395 4002 2576 4072 imago
2606 4010 2923 4058 revertetur
2964 4002 3032 4057 ad
3068 4002 3372 4073 principale
3401 4001 3702 4072 exemplar,

450 4101 576 4152 πον,
597 4082 658 4142 οὐ
678 4089 773 4142 νῦν
797 4089 909 4160 ἔχει
935 4091 1034 4162 τὴν
1059 4089 1246 4160 ἔφεσιν
1273 4107 1287 4122 ο
1321 4109 1340 4144 ι
1366 4089 1502 4160 ὁμοῦ
1524 4107 1585 4144 τε
1611 4090 1708 4144 καὶ
1730 4091 1872 4144 κατὰ
1890 4098 2023 4143 ’ταυ-

2129 4095 2289 4167 cujus
2316 4109 2429 4149 non
2459 4093 2626 4149 habet
2651 4094 2981 4164 appetitum.
3007 4113 3024 4145 ι
3058 4093 3136 4150 Ac
3164 4109 3264 4164 per
3293 4094 3397 4150 hoc
3427 4093 3702 4160 similiter,

450 4179 542 4232 τὸν
560 4179 648 4234 διὰ
671 4181 779 4234 τῶν
809 4181 1022 4252 μικρῶν
1055 4180 1258 4236 τούτων
1295 4181 1558 4253 ῥημάτων
1590 4181 1684 4235 τοῦ
1717 4199 1847 4235 ποτε
1869 4181 2023 4236 τοῦτό

2130 4201 2230 4256 per
2255 4199 2430 4256 pauca
2456 4185 2576 4240 haec
2602 4186 2794 4251 verba,
2845 4185 3219 4256 quodcunque
3253 4185 3571 4255 aliquando,
3608 4201 3703 4240 eo-

449 4287 505 4324 τι
534 4270 645 4325 τῶν
677 4272 846 4327 ὸντων
879 4271 1187 4342 ἐφθακέναι.
1205 4271 1265 4326 τὸ
1297 4273 1493 4343 μέτρον
1531 4272 1738 4327 οίεσθαι
1767 4273 2022 4328 διδασκα-

2132 4294 2253 4334 rum
2281 4295 2406 4350 qua:
2437 4286 2566 4334 sunt
2593 4279 2834 4349 tetigisse
2863 4295 3175 4334 mensuram
3201 4280 3538 4336 arbitrantes
3557 4279 3705 4336 aesti-

449 4361 618 4427 λικῶς
651 4364 938 4433 ἀπάγοντα
967 4363 1095 4426 τοὺς
1140 4362 1484 4434 νομίζοντας,
1516 4364 1612 4417 καὶ
1650 4363 1742 4418 τὸν
1780 4363 1876 4418 τοῦ
1909 4364 2022 4430 πῶς

2131 4370 2393 4424 mandum
2421 4369 2807 4425 doctrinaliter
2836 4370 3140 4436 retrahere,
3162 4381 3218 4426 et
3238 4373 3528 4438 rationem,
3561 4388 3701 4442 quo-

451 4453 616 4523 μοῖρά
662 4454 841 4523 ἐσμεν.
880 4453 1017 4507 Θεοῦ
1083 4452 1242 4520 λόγον
1300 4451 1744 4523 παραδηλοῦντα,
1795 4456 1892 4508 καὶ
1934 4453 2024 4525 τὴν

2130 4460 2295 4516 modo
2321 4475 2452 4531 pars
2479 4460 2579 4516 Dei
2607 4475 2817 4526 sumus,
2846 4461 3149 4527 declarare,
3178 4471 3234 4518 et
3263 4463 3500 4518 futuram
3530 4465 3703 4521 beata;

450 4540 758 4612 μέλλουσαν
805 4541 909 4612 τῆς
958 4542 1236 4612 μακαρίας
1265 4541 1475 4612 λήξεως
1520 4542 1759 4614 ἰδιότητα
1796 4545 2023 4598 αἰνιττό-

2129 4553 2336 4623 quietis
2365 4553 2765 4624 proprietatem
2787 4553 3119 4619 insinuasse,
3162 4563 3219 4608 et
3259 4555 3328 4609 ad
3360 4555 3702 4612 immobilem

450 4649 630 4702 μενον,
661 4633 754 4686 καὶ
783 4632 919 4703 πρὸς
958 4631 1057 4704 τὴν
1101 4633 1352 4688 ἄσειστον
1392 4634 1564 4704 αὐτῆς
1602 4635 1699 4688 καὶ
1728 4635 2023 4707 ἀκλόνητον

2127 4646 2328 4716 ipsius,
2359 4653 2416 4701 et
2441 4645 2709 4715 quietem,
2759 4654 2816 4700 et
2855 4647 3008 4702 nullo
3061 4647 3226 4702 modo
3261 4647 3550 4704 cadentem
3581 4648 3700 4702 fru-

447 4724 543 4778 xal.
565 4724 804 4795 οὐδαμοῦ
837 4723 1286 4796 μεταπίπτουσαν
1311 4725 1613 4782 ἀπόλαυσιν
1639 4745 1786 4800 παρο
1803 4729 2020 4801 ρμῶντα

2128 4744 2278 4790 ctum
2309 4735 2570 4792 incitasse
2596 4736 2653 4790 in
2687 4752 2752 4791 ea
2789 4753 2910 4807 quae
2963 4737 3020 4792 in
3069 4737 3174 4793 hoc
3199 4747 3283 4793 est
3313 4753 3410 4808 spe
3440 4745 3701 4808 purgatos

444 4817 572 4880 τοὺς
603 4817 697 4870 ἐπὶ
723 4817 897 4889 τούτῳ
922 4817 990 4870 δι’
1014 4817 1225 4882 ἐλπίδος
1257 4817 1689 4890 καθαιρομένους
1725 4822 1820 4876 καὶ
1860 4822 2017 4876 σπεύ-

2128 4835 2185 4883 et
2214 4827 2561 4883 festinantes.
2593 4825 2895 4898 Oportebat
2935 4828 3106 4894 enim,
3133 4827 3597 4899 quemadmodum
3630 4828 3699 4883 ad

445 4903 656 4969 δοντας.
689 4906 843 4978 ᾜδει
892 4908 1024 4980 γὰρ,
1054 4909 1188 4963 ὡσεὶ
1217 4909 1355 4980 πρὸς
1383 4909 1412 4961 ὃ
1440 4909 1637 4980 ἔχομεν
1665 4910 1825 4983 οὐσίᾳ
1845 4929 1903 4966 τε
1932 4913 2018 4968 καὶ

2127 4919 2233 4972 hoc
2254 4916 2522 4972 habemus
2543 4924 2600 4971 et
2630 4917 2686 4972 in
2707 4917 2951 4974 essentia
2971 4924 3028 4973 et
3056 4919 3269 4974 ratione
3293 4918 3567 4985 notiones,
3597 4933 3699 4990 per

446 4993 589 5067 λόγῳ
617 4997 715 5062 τὰς
740 4999 1009 5070 ἐμφάσεις
1042 5000 1186 5056 κατὰ
1217 5000 1375 5071 λόγον
1407 5002 1503 5057 καὶ⁸
1532 5001 1695 5072 φύσιν
1721 5003 2019 5078 εὐθυπορή-

2135 5006 2408 5063 rationem
2430 5015 2488 5063 et
2532 5015 2786 5064 naturam
2815 5017 2962 5066 recte
2995 5009 3222 5081 quidem
3258 5008 3474 5083 ingredi
3500 5007 3697 5080 simple

517 5143 546 5184 ν
574 5133 749 5191 Exod.
767 5146 958 5200 χχχιιι,
978 5138 1060 5193 l7.
1133 5137 1232 5194 τιῐί
1261 5136 1405 5195 Τίω.
1430 5155 1492 5206 ιι,
1533 5141 1621 5197 19.
1698 5143 1947 5201 rMatth.
1993 5164 2090 5216 vn,
2123 5149 2215 5204 2'5.
2303 5145 2308 5152 ’

1711 5270 1947 5330 VARLE
1985 5274 2388 5334 LECTIONES.

523 5357 546 5391 '
576 5355 710 5416 διότι
740 5357 955 5415 ed.Gal.
1038 5360 1475 5431 ι’λαμϐάνεσθαι
1497 5363 1586 5420 ed.
1615 5363 1733 5422 Gal.
1829 5369 1876 5401 η’
1907 5369 2305 5442 προαιρετικῶς
2333 5369 2423 5426 ed.
2450 5370 2574 5426 Gal.

1951 5483 2181 5544 NOTAE.

535 5565 592 5645 d_)
615 5567 783 5645 _V_erte
809 5570 925 5645 δίης
947 5572 1246 5642 offensione.
1291 5573 1488 5645 (Gale.)
2121 5602 2134 5614 ·

536 5636 585 5704 e)
615 5638 778 5695 Verte
803 5649 852 5694 et
877 5636 1186 5708 Pantaenus,
1218 5636 1307 5712 qui
1331 5636 1578 5716 magister
1601 5647 1699 5718 fuit
1727 5645 2006 5707 Clementis
2048 5653 2229 5725 magni
2265 5652 2570 5710 Stromatct'.
2601 5651 2802 5728 (Gale.)
