3984 6198
375 261 504 327 1091
1559 261 1626 320 ‘S.
1670 260 1944 321 MAXIM]

2044 262 2495 325 DNFESSORIS
3485 267 3618 334 1032

366 373 485 436 hic,
511 369 615 426 sed
647 368 988 441 ingeniueei
1041 367 1278 422 miseria:
1313 381 1536 421 causam
1571 382 1810 421 narrare
1855 381 1944 420 vo-

2049 366 2139 431 Θα,
2179 368 2314 424 ἀλλὰ
2352 372 2450 440 τῆς
2492 372 2888 442 ἐπιγενομένης
2922 374 3059 445 αὐτῇ
3101 375 3475 448 ταλαιπωρίας
3511 379 3618 449 τὴν

374 461 810 531 Iuisse.'Lugens
845 459 994 514 enim
1021 458 1274 528 corporis
1315 460 1492 514 nostri
1533 459 1810 514 miseriam
1846 473 1944 528 per

2044 460 2225 512 αἰτίαν
2280 461 2615 530 ἀφηγεῖσθαι
2674 462 2979 532 βούλεσθαι.
3033 464 3325 536 Θρηνήσας
3364 466 3473 536 γὰρ
3523 469 3617 524 τοῦ

375 556 482 611 boc
514 553 754 609 dicendo
783 572 796 607 :
839 570 858 603 ι
889 552 941 606 .O
979 551 1431 622 conjunctionem
1455 561 1511 606 et
1536 552 1944 621 separationem

2046 549 2299 619 σώματος
2355 552 2512 622 ἡμῶν
2576 553 2675 622 τὴν
2728 553 3072 624 ἐλεεινότητα
3121 555 3212 609 διὰ
3257 554 3354 610 τοῦ
3417 559 3615 624 εἰπεῖν,

372 661 538 717 quam
564 645 696 700 dum
720 644 891 698 timeo
909 643 1416 713 circumsequor,et
1439 643 1585 713 quod
1612 659 1737 698 amo
1755 644 1938 709 dedi,»

372 745 431 791 et
461 736 719 804 reliqua:
748 741 806 789 et
828 733 998 788 veluti
1045 736 1192 802 apud
1228 733 1590 802 semetipsum
1624 733 1943 789 deliberans

373 829 443 884 de
477 842 642 882 causa
676 841 872 882 eorum
919 825 1128 895 quibus
1167 823 1601 880 dehonestamur
1645 827 1940 892 malorum,

370 929 429 975 et
456 926 651 973 contra
679 932 800 972 eam
839 915 1252 986 sapientissima
1292 915 1588 985 prudentia
1630 915 1941 985 disputans,

370 1024 472 1082 per
498 1010 608 1064 hoc
635 1008 784 1078 quod
819 1006 990 1062 dicit:
1029 1025 1048 1058 ι
1079 1006 1213 1071 Quae
1246 1021 1393 1075 erga
1447 1020 1535 1060 me
1563 1005 1864 1074 sapientia,
1888 1013 1946 1059 et

369 1104 521 1175 quod
553 1117 814 1173 magnum
841 1098 1206 1172 mysterium?
1247 1116 1265 1148 ι
1315 1096 1552 1162 addidit,
1611 1095 1944 1151 solutionem

369 1197 534 1266 plane
557 1194 767 1247 faciens
792 1192 910 1246 sic:
949 1209 966 1242 ι
999 1189 1083 1244 An
1115 1188 1235 1242 vult
1277 1197 1491 1257 partem
1531 1201 1634 1240 nos
1669 1200 1793 1241 esse
1822 1186 1942 1253 Dei,

369 1299 429 1344 et
453 1284 1033 1346 desursumﬂuentes,
1066 1289 1128 1334 ut
1155 1295 1267 1333 non
1298 1294 1398 1349 per
1435 1277 1762 1348 dignitatem
1791 1277 1946 1332 exal-

371 1380 472 1435 tati
501 1386 558 1433 et
581 1375 830 1432 ccelestia
853 1371 1292 1440 contemplantes
1320 1368 1693 1439 despiciamus
1715 1368 1947 1424 Greatov

371 1485 490 1525 rem
519 1470 576 1523 in
602 1466 906 1522 luctatione
936 1478 1000 1517 ac
1027 1477 1212 1532 pugna
1239 1475 1361 1530 quae
1380 1468 1577 1515 contra
1607 1474 1810 1530 corpus
1836 1467 1942 1526 est,

365 1560 441 1615 ad
474 1561 656 1629 ipsum
695 1570 914 1623 semper
943 1551 1324 1622 aspiciendum
1367 1557 1425 1605 et
1471 1551 1824 1621 conjunctam
1857 1550 1944 1604 in-

364 1649 687 1704 ﬁrmitatem
722 1645 1060 1699 nutrituram
1091 1656 1213 1696 esse
1259 1640 1568 1711 dignitatis.
1596 1658 1614 1692 ι
1667 1639 1744 1695 Ac
1793 1641 1840 1695 si
1864 1640 1945 1697 sic

361 1740 603 1801 diceret,
636 1737 900 1807 quoniam
929 1734 1154 1804 quidem
1187 1748 1256 1787 ex
1292 1733 1474 1786 anima
1502 1742 1558 1788 et
1586 1748 1822 1803 corpore
1843 1747 1944 1802 per

370 1830 674 1886 bonitatem
701 1843 733 1882 a
761 1827 873 1881 Deo
898 1824 1077 1879 factus
1111 1832 1198 1878 est
1225 1824 1415 1887 homo,
1463 1824 1518 1876 in
1553 1823 1660 1877 hoc
1710 1823 1945 1878 medita-

369 1922 523 1977 bitur
545 1918 696 1989 quod
722 1917 829 1972 sibi
868 1913 1160 1970 rationalis
1197 1924 1254 1968 et
1287 1913 1682 1970 intellectualis
1710 1914 1836 1969 data
1870 1916 1943 1970 sit

369 2014 576 2076 anima,
602 2009 809 2080 quippe
832 2005 1139 2062 secundum
1196 2004 1493 2072 imaginem
1533 2005 1788 2060 facientis
1819 2020 1940 2060 eam

371 2103 690 2164 substituta,
715 2114 837 2169 quae
861 2114 962 2168 per
991 2095 1336 2151 desiderium
1387 2095 1612 2164 quidem
1655 2104 1712 2151 et
1735 2111 1804 2150 ex
1827 2104 1943 2152 tota

368 2195 579 2250 virtute
602 2189 976 2244 universalem
1007 2185 1335 2239 charitatem
1368 2184 1604 2239 firmiter
1642 2186 1815 2240 Deum
1843 2201 1944 2241 co-

370 2283 623 2355 gnitione
654 2279 922 2352 possidet,
952 2285 1010 2332 et
1032 2276 1342 2332 secundum
1371 2276 1794 2332 similitudinem
1821 2277 1944 2332 dei-

369 2373 686 2430 ﬁcationem
713 2369 969 2440 accipiet,
1013 2367 1320 2423 secundum
1373 2382 1506 2421 vero
1539 2367 1943 2438 disciplinalem

344 2465 438 2530 .ad
457 2465 766 2535 subjectum
788 2459 1193 2532 providentiam
1223 2467 1280 2514 et
1307 2457 1376 2514 de
1397 2458 1678 2529 diligendo
1692 2462 1944 2529 proximo

367 2557 518 2613 sicut
541 2571 599 2610 se
624 2555 798 2625 ipsam
827 2553 1029 2625 iubens
1056 2552 1375 2608 mandatum
1407 2555 1430 2583 '
1450 2591 1471 2621 ,
1500 2554 1800 2623 prudenter
1815 2569 1944 2610 cor-

361 2663 476 2718 pus
495 2645 716 2716 recipit,
758 2659 861 2714 per
891 2643 1126 2697 virtutes
1148 2643 1317 2697 etiam
1369 2643 1507 2698 illud
1537 2644 1796 2698 famulari
1827 2645 1944 2699 Deo

365 2737 558 2802 efﬁcit,
592 2743 655 2790 ut
688 2749 1042 2795 conservum,
1092 2741 1151 2788 et
1205 2749 1306 2803 per
1366 2749 1522 2789 suam
1586 2735 1943 2790 medietatem

370 2831 638 2884 factorem
675 2825 843 2880 faciet
868 2839 1275 2894 possessurum,
1321 2834 1379 2879 et
1429 2825 1558 2880 data
1613 2825 1944 2881 immortali-

369 2930 484 2978 tate
515 2919 799 2976 insolubili
831 2918 1056 2972 vinculo
1087 2917 1224 2971 illud
1265 2914 1372 2972 sibi
1404 2919 1855 2988 conjuncturum,
1884 2926 1946 2974 ut

2052 659 2069 690 ι
2116 641 2180 692 Ὠ
2218 641 2318 709 τῆς
2354 641 2616 708 συζυγίας
2642 643 2736 695 καὶ
2765 643 2867 713 τῆς
2903 643 3400 715 ἀλλοτριώσεωςίδ
3423 647 3620 716 φοϐοῦ-

2047 748 2168 800 μαι,
2203 731 2471 800 περιὲπω,
2500 733 2596 786 καὶ
2618 733 2648 785 ό
2671 732 2903 804 στέργω,
2925 733 3166 799 δέδοικα,
3203 752 3222 785 ι
3254 735 3351 788 καὶ
3375 736 3443 788 τὰ
3469 737 3616 808 ἑξῆς,

2045 823 2140 876 καὶ
2185 818 2296 875 οἷον
2330 823 2469 892 πρὸς
2509 824 2703 878 ἐαυτὸν
2741 824 3084 896 διαπορήσας
3115 826 3246 896 περὶ
3288 827 3387 897 τῆς
3438 829 3619 894 αἰτίας

2043 913 2155 968 τῶν
2183 907 2267 975 οἷς
2288 913 2632 984 ἐνεσχήμεθα
2667 915 2855 969 κακῶν
2885 917 2982 970 καὶ
3014 915 3116 986 τῆς
3160 916 3284 970 κατ’
3315 916 3487 988 αὐτὴν
3527 936 3620 972 σο·

2045 1005 2296 1075 φωτάτης
2341 1007 2598 1076 προνοίας
2658 1008 2747 1062 διὰ
2803 1008 2897 1062 τοῦ
2960 1007 3146 1077 φάναι,
3187 1026 3205 1058 ι
3248 1008 3348 1071 Τίς
3393 1010 3430 1078 ἡ
3494 1009 3620 1082 περὶ

2046 1095 2146 1165 ἐμὲ
2211 1095 2393 1163 σοφία,
2455 1097 2551 1149 καὶ
2595 1097 2648 1150 τί
2688 1097 2749 1150 τὸ
2806 1099 2952 1168 μέγα
3014 1097 3172 1152 τοῦτο
3210 1099 3512 1170 μυστήριον
3545 1117 3560 1161 ;
3594 1118 3614 1150 ι

2045 1186 2243 1255 ἐπάγει
2271 1187 2372 1256 τὴν
2420 1187 2576 1242 λύσιν
2611 1189 2825 1259 τρανῶς
2853 1188 3180 1259 ποιούμενος
3209 1184 3386 1252 οὓτως
3411 1207 3428 1223 ο
3477 1209 3497 1242 ι
3548 1192 3617 1244 Ἦ

2047 1276 2296 1346 βούλεται
2330 1282 2528 1349 μοῖραν
2559 1280 2708 1350 ἡμᾶς
2735 1280 2903 1343 ¹ὄντας
2926 1279 3063 1333 Θεοῦ
3093 1280 3190 1334 καὶ
3219 1280 3441 1334 ἄνωθεν
3493 1281 3618 1352 ῥεύ-

2047 1385 2272 1435 σαντας,
2301 1370 2389 1423 ἵνα
2437 1370 2513 1441 μὴ
2541 1371 2630 1424 διὰ
2654 1372 2752 1442 τὴν
2778 1370 2936 1436 ἀξίαν
2965 1372 3317 1443 ἐπαιρόμενοι
3354 1373 3450 1427 καὶ
3483 1390 3615 1444 μετ-

2044 1459 2396 1530 εωριζόμενοι
2437 1461 2878 1533 ⁴καταφρονῶμεν
2915 1460 3012 1516 τοῦ
3052 1463 3380 1526 Κτίσαντος,
3432 1464 3492 1516 ἐν
3545 1466 3610 1534 τῇ

2047 1551 2186 1620 πρὸς
2238 1553 2302 1605 τὸ
2334 1550 2494 1622 σῶμα
2521 1553 2666 1623 πάλῃ
2693 1553 2787 1606 καὶ
2813 1552 2963 1625 μάχῃ
3004 1552 3144 1622 πρὸς
3168 1553 3334 1606 αὑτὸν
3378 1553 3468 1606 ἀεὶ
3511 1552 3622 1624 βλέ-

2046 1660 2190 1708 πειν,
2217 1647 2313 1698 καὶ
2341 1646 2442 1715 τὴν
2472 1645 2909 1716 συνεξευγμένην
2931 1643 3217 1698 ἀσθένειαν
3239 1644 3619 1712 παιδαγωγίαν

2045 1731 2182 1788 εἶναι
2212 1734 2304 1788 τοῦ
2333 1735 2664 1805 ἀξιώματος.
2695 1755 2716 1788 ι
2760 1735 2972 1789 ἀσανεὶ
2991 1735 3206 1803 ἔλεγεν,
3225 1737 3538 1810 ἐπειδήπερ
3557 1738 3621 1792 ἐκ

2043 1823 2223 1894 ψυχῆθ
2267 1825 2367 1877 καὶ
2425 1823 2680 1891 σώματος
2707 1825 2774 1878 δι’
2800 1825 3114 1895 ἀγαθότητα
3139 1827 3184 1883 ,ὁ
3211 1825 3501 1898 ἄνθρωπος
3525 1827 3620 1896 γέ-

2043 1931 2170 1983 γονε
2201 1916 2248 1948 ³⁵
2277 1915 2431 1985 παρὰ
2479 1915 2574 1968 τοῦ
2619 1915 2780 1980 Θεοῦ,
2823 1917 2911 1984 ἐφ’
2935 1910 2982 1985 ᾧ
3015 1917 3118 1987 τὴν
3151 1917 3414 1972 ’δοθεῖσαν
3472 1919 3621 1990 αὐτῷ

2043 2005 2270 2076 λογικήν
2287 2021 2356 2058 τε
2379 2008 2477 2058 καὶ
2511 2006 2707 2076 νοερὰν
2729 2005 2932 2079 ψυχὴν,
2958 2007 3053 2062 ἅτε
3071 2007 3135 2077 δὴ
3168 2011 3290 2061 κατ’
3317 2011 3506 2063 είκόνα
3527 2010 3620 2063 τοῦ

2043 2097 2371 2167 ποιήσαντος
2393 2096 2564 2168 αὐτὴν
2597 2098 2975 2168 ὑπάρχουσαν,
3003 2100 3143 2152 κατὰ
3175 2100 3273 2169 μὲν
3303 2101 3403 2172 τὴν
3433 2102 3622 2170 ἔφεσιν

2046 2187 2144 2240 καὶ⁵
2193 2187 2293 2257 τὴν
2321 2187 2382 2252 ἐξ
2412 2188 2542 2258 ὅλης
2574 2187 2862 2258 δυνάμεως
2887 2190 3077 2259 ὀλικὴν
3111 2190 3161 2221 ’⁸
3190 2191 3415 2261 ἀγάπην
3445 2187 3618 2264 ἀπρὶξ

2045 2280 2184 2334 Θεοῦ
2234 2281 2556 2349 γνωστικῶς
2611 2282 2901 2351 ἐχομένην,
2953 2282 3049 2334 καὶ
3101 2281 3163 2334 τὸ
3211 2281 3333 2334 καθ’
3357 2282 3621 2353 ὁμοίωσιν

2047 2371 2465 2442 προσλαϐοῦσαν
2486 2372 2776 2442 θεωθῆναι,
2812 2371 3002 2442 (129
3017 2373 3072 2441 a)
3123 2373 3266 2427 κατά
3289 2373 3347 2426 δὲ
3370 2373 3470 2447 τὴν
3500 2377 3622 2430 ἐπι·

2048 2463 2385 2535 στημονικὴν
2468 2464 2608 2533 πρὸς
2671 2464 2733 2517 τὸ
2795 2463 3085 2534 ὑφειμένον
3161 2465 3440 2537 πρόνοιαν,
3515 2465 3622 2521 καὶ

2044 2553 2143 2624 τὴν
2168 2555 2297 2625 περὶ
2317 2554 2378 2608 τὸ
2405 2555 2624 2626 ἀγαπᾷν
2661 2553 2754 2607 τὸν
2779 2552 3010 2623 πλησίον
3040 2553 3114 2618 ὡς
3141 2555 3334 2608 ἐαυτὸν
3355 2555 3620 2612 κελεύου-

2046 2662 2148 2699 σαν
2177 2645 2418 2716 ὲντολὴν,
2452 2645 2740 2715 ἐμφρόνως
2781 2642 2879 2697 τοῦ
2919 2643 3175 2714 σώματος
3215 2647 3618 2718 ἀπεχομένην,

2045 2735 2261 2805 λογίσαι
2305 2753 2367 2790 τε
2415 2736 2483 2790 δι’
2516 2735 2732 2808 ἀρετῶν
2761 2734 2898 2789 αὐτὸ
2947 2737 3043 2789 καὶ
3080 2722 3361 2791 οἰκειῶσαι
3392 2737 3514 2808 Θεῷ
3544 2738 3620 2802 ὡς

2044 2828 2335 2900 ὁμόδουλον
2360 2827 2427 2881 δι’
2451 2827 2652 2897 ἑαυτῆς
2683 2826 3074 2897 μεσιτευούσης
3098 2829 3192 2880 τὸν
3217 2830 3449 2900 ποιητὴν
3477 2829 3619 2884 ἐνοιο

2046 2937 2164 2984 κον,
2203 2921 2298 2992 καὶ
2329 2919 2429 2990 τῆς
2457 2918 2706 2989 δοθείσης
2732 2917 3037 2983 ἀθανασίας
3059 2919 3265 2974 ἄλυτον
3286 2921 3490 2992 δεσμὸν
3521 2923 3624 2977 αὺ-

365 3010 519 3082 quod
557 3010 706 3064 Deus
733 3007 956 3072 anima),
988 3005 1096 3060 hoc
1120 3004 1306 3070 aukua
1330 3007 1552 3076 corpori
1581 3006 1695 3073 fiat,
1717 3017 1774 3062 et
1797 3023 1943 3063 unus

2044 3007 2139 3061 τὸν
2166 3006 2538 3077 ποιησομένην
2565 3005 2715 3076 αὑτῷ
2732 3006 2826 3060 τὸν
2849 3005 3215 3077 συνδήσαντα,
3238 3008 3307 3062 ἵν’
3337 3009 3476 3080 ὅπερ
3504 3010 3623 3062 ἐστὶ

369 3099 700 3156 ostendatur
722 3096 970 3152 omnium
999 3094 1251 3158 Creator,
1304 3096 1795 3166 proportionaliter
1840 3113 1943 3168 per

372 3193 774 3248 humanitatem
825 3187 1014 3244 omnia
1069 3187 1395 3258 ingrediens
1449 3204 1573 3258 qua:
1613 3197 1765 3256 sunt,
1799 3193 1944 3245 etin

363 3299 545 3338 unum
577 3281 805 3336 veniant
832 3280 1009 3334 multo
1031 3294 1064 3333 a
1087 3295 1146 3334 se
1172 3278 1408 3334 invicem
1447 3279 1754 3334 secundum
1783 3288 1945 3336 natu-

371 3389 489 3428 ram
531 3371 813 3435 distantia,
846 3370 993 3424 circa
1034 3385 1200 3425 unam
1253 3371 1498 3426 hominis
1550 3381 1804 3427 naturam
1835 3372 1943 3428 sibi

361 3465 608 3522 invicem
637 3461 1047 3527 convenientia,
1077 3471 1134 3517 et
1161 3463 1221 3515 fit
1241 3462 1429 3517 omnia
1457 3462 1513 3518 in
1544 3464 1805 3520 omnibus
1826 3465 1943 3535 ipse

370 3556 520 3611 Deus
547 3551 732 3608 omnia
770 3550 1280 3622 comprehendens,
1311 3561 1369 3606 et
1401 3568 1576 3607 unum
1600 3553 1945 3610 substituens

371 3646 616 3709 sibimet,
643 3657 710 3698 eo
733 3642 882 3712 quod
914 3642 1132 3697 nullum
1164 3643 1404 3713 amplius
1432 3658 1628 3698 eorum
1657 3660 1779 3716 qua:
1811 3654 1941 3700 sunt

369 3735 575 3793 sinitur
597 3731 882 3804 possidere
913 3740 1149 3798 motum,
1195 3741 1250 3786 et
1272 3732 1449 3802 ipsius
1485 3749 1683 3803 expers
1705 3750 1946 3804 praesen-

371 3827 486 3891 tiae,
509 3840 610 3895 per
642 3839 810 3893 quam
843 3831 902 3877 et
925 3822 991 3893 (j)
1027 3822 1106 3878 dii
1129 3831 1185 3877 et
1211 3820 1313 3876 ﬁlii
1345 3830 1402 3876 et
1446 3836 1651 3892 corpus
1686 3830 1744 3878 et
1772 3839 1946 3880 mem-

358 3917 473 3973 ‘bra
493 3923 551 3972 et
578 3930 708 3985 pars
731 3914 830 3970 Dei
861 3923 920 3969 et
954 3913 1158 3968 horum
1185 3912 1394 3968 similia
1415 3921 1473 3968 et
1500 3929 1695 3969 sumus
1718 3923 1776 3969 et
1801 3915 1945 3971 dici-

364 4025 500 4064 mur
528 4012 551 4050 t
583 4023 650 4066 ea
670 4021 794 4078 qua:
819 4005 890 4060 ad
915 4005 1081 4061 tinem
1105 4015 1193 4062 est
1210 4004 1478 4060 relatione
1514 4004 1716 4062 divinae
1751 4022 1947 4079 specu-

365 4100 619 4157 iiationis.

441 4189 716 4258 Quoniam
753 4187 923 4259 igitur
951 4196 1008 4244 et
1056 4188 1165 4244 hoc
1203 4198 1261 4244 et
1291 4188 1349 4242 in
1383 4187 1490 4243 hoc
1541 4186 1712 4243 homo
1765 4189 1946 4246 factus

2043 3094 2177 3157 Θεὸς
2190 3093 2358 3165 ψυχῇ,
2386 3093 2549 3148 τοῦτο
2567 3093 2712 3165 ψυχὴ
2735 3093 2951 3165 σώματι
2969 3093 3198 3165 γένηται
3215 3135 3230 3157 ,
3252 3096 3348 3150 καὶ
3369 3091 3451 3160 εἷς
3484 3099 3625 3151 ἀπο-

2041 3185 2230 3257 δειχθῇ
2244 3185 2357 3239 τῶν
2373 3184 2511 3239 ὅλων
2522 3188 2598 3257 Δη
2606 3202 2728 3256 μιου
2736 3185 2886 3256 ργὸς,
2907 3185 3184 3254 ἀναλόγως
3199 3187 3286 3241 διά
3298 3191 3399 3258 τῆς
3413 3187 3628 3261 ἀνθρω-

2043 3278 2280 3348 πότητος
2295 3278 2464 3331 πᾶσιν
2483 3277 2822 3331 ἐπιϐατεύων
2838 3279 2953 3341 τοῖς
2963 3274 3108 3342 οὖσι,
3130 3278 3226 3331 καὶ
3238 3279 3318 3342 είς
3335 3278 3394 3333 ἓν
3409 3279 3544 3352 ἔλθῃ
3557 3280 3626 3334 τὰ

2044 3368 2220 3422 πολλὰ
2237 3367 2486 3440 ἀλλήλων
2519 3367 2664 3422 κατὰ
2691 3366 2793 3439 τὴν
2819 3367 2984 3437 φύσιν
3011 3369 3331 3439 διεστηκότα
3356 3371 3488 3442 περὶ
3524 3373 3625 3444 τὴν

2047 3460 2180 3530 μία-ν
2202 3458 2297 3513 τοῦ
2323 3457 2614 3531 ἀνθρώπου
2643 3456 2808 3529 φύσιν
2847 3458 3099 3531 ἀλληλοις
3133 3462 3460 3516 συννεύοντα
3477 3504 3494 3530 ,
3517 3466 3624 3519 καὶ

2041 3549 2268 3620 γένηται
2293 3549 2365 3603 τὰ
2384 3549 2566 3604 πάντα
2585 3551 2644 3603 ἐν
2665 3551 2831 3604 πᾶσιν
2849 3550 3012 3614 αὐτὸς
3034 3553 3064 3605 ό
3082 3551 3235 3618 Θεὸς,
3263 3554 3439 3608 πάντα
3463 3574 3535 3610 πε
3543 3575 3626 3628 ρι-

2048 3641 2234 3696 λαϐὼν
2263 3642 2360 3695 καὶ
2386 3641 2765 3714 ἐνυποστήσας
2795 3641 2999 3712 ἐαυτῷ,
3019 3643 3110 3696 διὰ
3130 3644 3226 3697 τοῦ
3258 3645 3427 3716 μηδὲν
3453 3647 3545 3702 ἔτι
3577 3650 3622 3682 ’τ

2043 3730 2156 3784 τῶν
2183 3731 2356 3785 ὅντων
2381 3731 2582 3801 ἄφετον
2609 3729 2909 3801 κεκτῆσθαι
2927 3730 3027 3803 τὴν
3047 3733 3280 3803 κίνησιν,
3295 3737 3504 3807 καὶτῆς
3525 3739 3623 3792 αὐ-

2043 3822 2139 3876 τοῦ
2157 3823 2387 3894 ἄμοιρον
2407 3822 2736 3894 παρουσίας.
2756 3823 2880 3878 καθ’
2899 3823 2966 3894 ἢν
2981 3824 3076 3878 καὶ
3094 3823 3206 3878 θεοὶ
3225 3826 3320 3879 καὶ⁵
3334 3826 3505 3881 τέκνα
3526 3833 3622 3885 καὶ

2046 3913 2206 3986 σῶμα
2219 3915 2320 3968 καὶ
2331 3913 2473 3986 μέλη
2497 3915 2592 3968 καὶ
2609 3917 2786 3986 μοῖρα
2813 3915 2948 3970 Θεοῦ
2977 3917 3073 3971 καὶ⁵
3106 3916 3174 3971 τὰ
3208 3918 3433 3974 τοιαῦτά
3450 3922 3623 3993 ἐσμεν

2055 4007 2151 4060 καὶ
2179 4005 2453 4078 λεγόμεθα
2485 4009 2556 4079 τῇ
2585 4006 2722 4077 πρὸς
2764 4007 2826 4062 τὸ
2861 4007 3015 4072 τέλος
3052 4009 3299 4082 ἀναφορᾷ
3333 4011 3428 4065 τοῦ
3469 4012 3619 4068 Θείου

2049 4097 2275 4151 σκοποῦ.

2130 4189 2348 4258 Ἐπειδὴ
2371 4190 2550 4246 τοίνυν
2571 4189 2732 4245 τοῦτο
2749 4191 2844 4245 καὶ
2866 4191 2959 4246 ἐπὶ
2978 4190 3152 4263 τούτῳ
3169 4194 3198 4245 ό
3218 4191 3506 4264 ἄνθρωπος
3527 4196 3619 4262 γέ-

363 4289 482 4347 est,
515 4281 784 4352 inprimo
806 4295 942 4336 vero
966 4290 1124 4351 patre
1168 4295 1236 4334 eo
1265 4278 1414 4348 quod
1449 4288 1718 4349 paratum
1741 4289 1828 4336 est
1871 4281 1941 4336 ad

2047 4298 2228 4350 γονεν,
2257 4283 2316 4336 ἐν
2354 4281 2412 4335 δὲ
2440 4282 2520 4352 τῷ
2546 4282 2853 4354 προπάτορι
2873 4281 2952 4354 τῷ
2968 4281 3169 4354 ἑτοίμῳ
3197 4283 3333 4355 πρὸς
3365 4283 3619 4350 ἐξουσίαν

355 4351 704 4444 :potentiam,
771 4371 981 4427 abusus
1024 4369 1197 4426 estad
1241 4369 1469 4434 malum,
1494 4370 1845 4428 transferens
1873 4389 1942 4428 ex

2047 4374 2138 4428 ἐπ)⁸
2174 4373 2236 4428 τὸ
2287 4376 2466 4444 χεῖρον
2492 4351 2810 4444 ἐχρήσατο,
2857 4351 3200 4447 μετενεγκὼν
3241 4351 3319 4429 ⁷ἐκ
3368 4375 3464 4430 τοῦ
3503 4380 3621 4432 ἐπιο

354 4478 440 4518 -eo
465 4464 614 4532 quod
639 4478 966 4518 concessum
995 4470 1081 4517 est
1109 4461 1179 4515 ad
1221 4460 1277 4514 id
1313 4460 1464 4530 quod
1486 4461 1831 4530 prohibitum
1863 4474 1948 4520 est

353 4553 712 4608 alesiderium
762 4551 995 4624 (etenim
1042 4556 1164 4605 erat
1189 4564 1289 4619 per
1337 4565 1398 4605 se
1450 4558 1648 4620 potens
1677 4559 1734 4606 et
1761 4553 1948 4624 editae:

359 4659 502 4700 σει-ο
531 4645 768 4700 Domino
789 4643 920 4699 etin
947 4641 1208 4712 spiritum
1254 4639 1409 4708 ﬁeri;
1452 4641 1739 4699 adhaerere
1771 4659 1949 4702 mere-

355 4736 501 4791 ctrici
538 4737 677 4792 etin
702 4749 907 4806 corpus
933 4733 1054 4788 ﬁeri
1097 4729 1360 4788 seductus
1387 4732 1562 4802 eligit,
1599 4742 1657 4789 et
1679 4733 1870 4791 divina
1891 4747 1948 4792 ct

357 4827 533 4882 rimata
581 4827 797 4882 visione
842 4823 1035 4880 volens
1071 4822 1314 4892 seipsum
1375 4823 1627 4894 expulit,
1672 4826 1752 4880 sic
1780 4826 1942 4882 .dum

352 4926 519 4974 esset
550 4919 699 4974 Deus
727 4916 927 4990 gratia,
961 4924 1108 4971 terra
1143 4914 1264 4970 ﬁeri
1297 4930 1407 4985 :per
1436 4917 1775 4973 voluntatem
1800 4935 1944 4990 pra:-

357 5008 704 5080 monorans),
749 5009 1031 5079 sapienter
1084 5006 1249 5062 simul
1293 5015 1352 5062 et
1419 5007 1858 5066 misericorditer
1887 5022 1944 5067 et

436 5138 464 5168 ³
500 5127 964 5194 Matth.~xxn,'59.
1101 5126 1134 5162 “
1169 5124 1297 5182 Cor.
1333 5123 1530 5193 xu,27;
1552 5126 1572 5182 ι
1595 5126 1753 5184 Joan.
1786 5145 1864 5196 ιιι,
1899 5131 1949 5185 1.

2043 4463 2427 4535 τετραμμένου
2466 4464 2606 4534 πρὸς
2639 4464 2702 4517 τὸ
2738 4464 3121 4537 κεκωλυμένον
3158 4467 3259 4537 τὴν
3293 4466 3478 4537 ὄρεξιν
3501 4469 3620 4538 (καὶ

2045 4555 2153 4627 γάρ
2182 4550 2250 4626 ἦν
2278 4553 2660 4622 αὐτεξούσιος,
2689 4557 2784 4610 καὶ
2823 4556 2917 4610 τοῦ
2952 4557 3277 4630 κολληθῑψαι
3301 4559 3378 4631 τῷ
3424 4562 3618 4634 Κυρίῳ

2035 4647 2147 4701 ,καὶ
2173 4645 2235 4700 ἓν
2266 4645 2487 4716 πνεῦμα
2512 4646 2790 4715 γενέσθαι,
2811 4648 3018 4704 καὶτοῦ
3040 4649 3369 4722 minerva
3388 4653 3456 4722 τῆ
3481 4655 3618 4725 πόρ-

2003 4770 2010 4776 -
2049 4753 2117 4810 νῃ
2143 4738 2240 4792 καὶ
2271 4737 2331 4791 ἐν
2369 4738 2529 4809 σῶμα
2553 4738 2827 4808 γενέσθαι,
2859 4741 3160 4812 ἀπατηθεὶς
3190 4742 3490 4814 προείλετο,
3518 4745 3615 4797 καὶ

2049 4832 2142 4886 τοῦ
2169 4829 2316 4884 θείου
2347 4831 2444 4886 καὶ
2477 4832 2750 4903 μακαρίου
2782 4834 2986 4888 σκοποῦ
3001 4834 3164 4890 *ἐκὼν
3189 4835 3382 4890 ἐαυτὸν
3409 4837 3615 4903 άπεξέ-

2049 4939 2226 4988 νωσε,
2266 4921 2364 4975 τοῦ
2389 4921 2522 4986 Θεὸς
2548 4917 2688 4977 εἶναι
2728 4925 2914 4996 χάριτι
2952 4930 3013 4979 τὸ
3039 4925 3168 4997 χοῦς
3211 4927 3459 4995 γενέσθαι
3491 4929 3614 4983 καθ’

2051 5014 2264 5085 αἵρεσιν
2285 5013 2680 5086 προτιμήσας),
2710 5016 2893 5086 σοφῶς
2929 5016 3045 5088 ἃμα
3079 5019 3172 5073 καὶ
3219 5019 3616 5092 φιλανθρώπως

1638 5237 1871 5295 νΑιιιΑι
1914 5241 2325 5299 LECTIONES.

437 5330 490 5408 ξ’
518 5329 673 5408 παρά
694 5326 952 5408 θεοῦθεοῦ
982 5329 1011 5381 ό
1042 5323 1844 5408 ᾀνθίρωποςλέγονεν.θεὲ-ἀει.
1920 5332 2198 5408 'f'Eadem
2219 5334 2667 5408 manus-antiqua
2707 5334 2759 5390 in
2798 5335 2926 5390 cod.
2955 5337 3097 5393 Gud;
3124 5338 3358 5393 correxit
3391 5338 3612 5403 ὑλικῶς.

369 5401 421 5435 ’⁷
445 5402 526 5455 ἐτι
548 5394 897 5457 desideratur
920 5398 978 5453 in
1006 5397 1098 5454 ed.
1127 5394 1247 5451 Gal.
1323 5394 1369 5426 ³⁸
1388 5395 1450 5448 τὸ
1475 5395 1824 5468 κοᾺηΘῆναι,
1851 5402 2056 5458 omisso
2089 5395 2202 5466 ml,
2231 5403 2322 5458 ed.
2351 5403 2470 5460 Gal.

1901 5511 2130 5569 NOTAE.

435 5584 503 5656 (j)
537 5581 745 5656 Deliae
780 5595 839 5656 re
864 5580 975 5656 egit
1000 5578 1268 5636 Maximus
1289 5583 1349 5656 in
1372 5577 1939 5656 Prgwmio__ad_Qua;-

365 5649 586 5714 stiones
614 5652 669 5707 in
700 5652 756 5707 S.
777 5649 1145 5719 Scripturam,
1171 5661 1225 5707 et
1254 5650 1421 5714 alibi;
1449 5649 1630 5706 fusius
1652 5650 1728 5705 ibi
1757 5650 1938 5706 innuit

2044 5593 2417 5724 :Eﬁgtprum,
2445 5586 2593 5656 quod
2618 5586 2708 5642 hic
2741 5586 2891 5643 fecit.
2921 5590 2983 5647 V.
3012 5591 3267 5646 Plnotium
3299 5591 3363 5645 ad
3393 5592 3450 5646 P.
3481 5591 3610 5650 ωε.
