4008 6194
476 247 612 313 1039
654 227 659 233 ’

460 642 569 710 γάρ
615 657 749 709 φασι
782 641 824 670 ¹⁶
859 642 997 711 μήτε
1044 642 1223 713 λύπην
1284 648 1613 700 ἐπίστασθαι
1641 651 2037 719 παρελθοῦσανδ

462 734 601 802 μήτε
628 733 718 785 τὸν
744 734 806 786 ἐκ
834 734 1001 802 φόϐου
1045 735 1205 804 κόρον
1249 737 1603 807 ἐπιδέχεσθαι
1648 742 2038 812 προσδοι.ὡμε-

457 842 567 889 νον,
591 823 781 896 ὥσπερ
813 827 844 896 ἡ
878 826 1232 899 ήδονή.”υΟεν
1265 832 1359 884 καὶ
1383 831 1458 894 ὼς
1492 832 1833 905 ἐνδεικτικὴν
1869 852 2037 904 προσ-

453 916 687 987 ηγορίαν
730 918 831 987 τῆς
872 917 1177 989 μελλούσης
1224 920 1487 992 ἀληθείας
1536 924 1890 994 ὑπάρχουσαν
1941 925 2034 996 τὴν

453 1009 631 1079 χαρὰν
664 1008 952 1079 ἐκύρωσαν
982 1011 1263 1081 πανταχοῦ
1306 1010 1360 1064 οἴ
1397 1029 1456 1065 τε
1488 1012 1838 1084 θεόπνευστοι
1885 1013 2033 1082 λόγοι

451 1103 548 1155 καὶ
586 1102 636 1155 οί
667 1101 728 1167 ἐξ
750 1102 933 1157 αὐτῶν
960 1103 1029 1157 τὰ
1062 1102 1181 1157 θεῖα
1216 1105 1565 1173 σοφισοέντες
1616 1107 1893 1178 μυστήρια
1922 1109 2031 1160 [ια-

448 1195 610 1264 τέρες
671 1194 939 1269 ήμιῖιν.Εί
984 1194 1167 1248 τοίνυν
1189 1195 1264 1260 ὡς
1318 1198 1376 1249 ἐν
1428 1199 1727 1269 ἐπιδρομῇ,
1756 1200 1878 1252 κατ’
1928 1199 2030 1268 ἐμὲ

449 1261 617 1353 φάναι
649 1261 763 1337 τὸν.
784 1285 1002 1355 μικρὸν,
1034 1287 1279 1354 φυσικῶς
1301 1303 1363 1339 τε
1405 1288 1501 1341 xat
1530 1289 1821 1362 Γραφικῶς
1860 1289 1900 1319 ⁸⁷
1938 1290 2031 1341 καὶ

447 1375 742 1445 Πατρικῶς
771 1375 1060 1442 δέδεικται,
1099 1376 1179 1440 ὡς
1207 1377 1361 1431 οὐδὲν
1393 1378 1503 1433 τῶν
1551 1378 1796 1450 γενητῶν
1830 1378 1873 1410 ’⁸
1910 1378 2026 1431 mb-

449 1482 587 1518 ποτε
619 1464 942 1535 κινούμενον
984 1465 1137 1535 ἔστη,
1164 1466 1284 1519 οὐδὲ
1315 1467 1415 1535 τῆς
1445 1466 1636 1536 (128
1666 1467 1722 1537 α)
1744 1471 2033 1527 ὲπάὗτδη

447 1559 590 1611 κατᾶ
636 1557 726 1611 τὸν
780 1558 921 1611 Θεῖον
971 1560 1172 1613 σκοπὸν
1209 1549 1511 1613 ἐπελάϐετο
1551 1560 1781 1630 λήξεως,
1814 1562 1951 1630 πρὸς
1971 1559 2029 1612 δὲ

446 1649 657 1713 τούτοις
686 1651 779 1702 καὶ
800 1649 874 1713 ὡς
910 1651 1194 1721 ἀμήχανον
1220 1652 1317 1722 τῆς
1343 1652 1400 1702 ἐν
1422 1651 1500 1722 τῷ
1522 1650 1643 1722 Θεῷ
1666 1653 2027 1722 μονιμότητος

1725 263 1961 325 AMBIG
1973 265 2246 329 UORUM
2286 273 2535 336 LIBER.

453 364 619 434 ,παρὰ
639 361 863 417 τοῦτοη
900 362 1004 417 τῶν
1057 365 1226 420 ὄντων
1281 366 1659 445 uadimonia
1715 375 1775 426 τὸ
1837 377 2045 439 ἀπαθὲς

460 457 691 520 δεόντως
753 459 1058 522 ακολουθεῖ,
1125 464 1302 532 χαρὰν
1346 465 1404 515 δὲ
1459 465 1532 525 ὼε
1592 466 1760 535 μηδὲν
1812 469 2042 537 ἔχουσαν

460 549 839 619 ἀντικείμενον
867 551 1004 620 μήτε
1034 553 1303 621 παρελθὸν
1329 556 1467 624 μήτε
1497 556 1708 625 μέλλον.
1736 558 1846 628 Τὴν
1868 561 2041 630 χαρὰν

3586 300 3733 365 1090

2076 405 2118 456 Α
2156 385 2345 440 raliter
2378 404 2442 443 ac
2480 405 2632 455 vere,
2661 409 2842 465 neque
2867 398 3017 453 aliud
3053 401 3187 471 quid
3227 419 3372 474 esse,
3404 419 3603 479 praeter
3630 415 3737 472 hoc

2149 490 2346 531 eorum
2373 496 2496 548 quae
2517 493 2646 537 sunt
2671 488 2976 556 capitulum
3022 493 3151 562 (hoc
3179 507 3266 550 est
3298 504 3735 558 consummatio-
3774 524 3783 535 ν

2148 578 2325 636 nem),
2382 588 2548 640 quam
2624 577 3045 646 impassibilitas
3092 596 3402 655 opportune
3450 593 3734 662 sequitur;

2144 661 2409 726 gaudium
2437 671 2822 741 quoquejure,
2863 674 2995 729 dum
3028 679 3168 733 nihil
3207 681 3411 736 habeat
3439 661 3736 753 contrapo-

2142 750 2332 816 situm,
2355 768 2533 823 neque
2569 763 2909 826 praeteritum
2937 782 3113 836 neque
3146 770 3438 838 futurum;
3470 773 3734 842 gaudium

2140 841 2290 895 enim
2342 844 2537 898 dicunt
2580 867 2761 919 neque
2790 852 3098 912 'tristitiam
3156 877 3320 916 nosse
3351 866 3687 931 praeteritam
3714 905 3729 928 ,

2139 945 2321 999 neque
2342 950 2411 988 ex
2435 936 2628 993 timore
2652 944 2963 999 satietatem
2981 961 3339 1019 accepturum
3365 954 3435 1007 iri
3478 965 3734 1024 spectan-
3804 976 3807 979 ·

2139 1020 2290 1087 dam,
2318 1025 2465 1081 sicut
2500 1028 2819 1088 delectatio.
2871 1037 3025 1093 Unde
3079 1042 3246 1096 etiam
3288 1046 3464 1099 veluti
3493 1020 3728 1102 deruun-

2138 1116 2423 1172 strativam
2442 1123 2871 1191 appellationem
2905 1129 3105 1187 futura:
3127 1136 3380 1192 veritatis
3412 1139 3725 1195 subsisten-

2135 1214 2246 1261 tem
2266 1208 2635 1268 decreverunt
2657 1215 2862 1286 ubique
2887 1228 2944 1273 et
2973 1235 3004 1273 a
3023 1221 3137 1275 Deo
3160 1224 3415 1294 inspirati
3433 1244 3722 1288 sermones

2130 1309 2188 1354 et
2219 1316 2287 1354 ex
2312 1303 2393 1357 eis
2423 1303 2611 1360 divina
2634 1309 2913 1377 sapientes
2968 1314 3229 1382 mysteria
3284 1318 3475 1374 Patres
3519 1323 3720 1382 nostri.

2131 1391 2322 1462 Itaque
2346 1398 2814 1465 quemadmodum
2841 1403 2900 1457 in
2951 1407 3187 1463 transitu
3237 1421 3469 1479 apparet
3495 1430 3594 1483 per
3623 1433 3712 1472 me

2135 1486 2443 1552 paululum,
2473 1498 2529 1543 et
2548 1492 2880 1547 naturaliter
2908 1504 2967 1549 et
3008 1512 3108 1566 per
3140 1498 3503 1570 ~Scripturam
3530 1506 3627 1578 -(Ιι)
3664 1516 3721 1561 et

2135 1574 2327 1631 Patres
2348 1588 2633 1635 ostensum
2662 1592 2769 1649 est,
2797 1589 3076 1654 quomodo
3104 1592 3319 1645 nullum
3374 1610 3569 1651 eorum
3599 1615 3721 1667 qua:

2135 1667 2279 1723 facta
2307 1680 2458 1737 sunt,
2500 1689 2743 1743 unquam
2774 1678 2921 1731 sistit
2947 1664 3124 1747 motu,
3156 1699 3339 1753 neque
3364 1687 3419 1741 in
3442 1705 3500 1743 se
3529 1706 3722 1746 secun-

445 1740 553 1796 τῶν
581 1742 918 1815 ἀξιουμένων
940 1744 1376 1816 παρεγκλιϐῆναι
1401 1745 1463 1799 τὸ
1494 1744 1746 1816 βάσιμον.
1771 1744 1896 1808 Πῶς
1919 1746 2018 1845 γᾴρ

2133 1760 2267 1815 dum
2290 1762 2536 1818 divinam
2568 1769 3003 1836 speculationem
3028 1776 3241 1844 accepit
3271 1779 3537 1845 quietem,
3593 1798 3719 1838 cum

445 1836 562 1886 ἐστι
588 1834 837 1904 δυνατὸν,
880 1836 970 1890 ἵνα
999 1839 1113 1900 τοῖς
1148 1838 1463 1908 εἰρημένοις
1493 1837 1700 1908 μικράν
1734 1854 1855 1892 τινα
1884 1837 2022 1926 πρὸς

445 1927 735 1997 βεϐαίωσιν
783 1929 881 2001 τὴν
929 1931 994 1983 ἐκ
1035 1928 1314 1998 λογισμων
1351 1931 1533 2000 δῶμεν
1583 1932 1862 2002 βοήθειαν,
1895 1932 2022 1995 τους

444 2019 599 2084 ἅπαξ
645 2022 703 2073 ἐν
738 2021 816 2092 τῷ
840 2021 960 2092 Θεῷ
995 2022 1350 2091 ὑπαρκτικῶς
1386 2024 1713 2092 γενομένους
1740 2023 1831 2076 τὸν
1862 2023 2020 2092 ὑϐρι-

444 2112 576 2182 στὴν
633 2112 778 2166 κατὰ
814 2112 914 2184 τὴν
953 2114 1138 2183 ἔφεσιν
1181 2113 1549 2178 ὑποδέξασθαι
1597 2114 1780 2184 κόρον,
1817 2116 2020 2177 παντὸς

442 2205 606 2274 κόρου
633 2204 773 2257 κατὰ
791 2204 883 2257 τὸν
907 2205 1034 2258 ἴδιον
1063 2205 1220 2273 λόγον
1249 2221 1308 2257 τε
1341 2205 1437 2258 καὶ
1471 2207 1597 2276 ὅρον
1625 2207 1859 2278 ὀρέξεως
1892 2220 2021 2272 τυγ-

442 2297 695 2365 χάνοντος
747 2295 1057 2361 σϐεστικοῦ,
1084 2298 1177 2349 καὶ
1225 2297 1367 2348 κατὰ
1399 2296 1494 2348 δύο
1547 2295 1941 2367 συνισταμένου
1972 2296 2017 2325 ³⁸

439 2388 695 2459 τρόπους.
731 2390 800 2442 Ἥ
833 2392 942 2461 γὰρ
974 2390 1045 2442 τὰ
1076 2391 1412 2460 ὑποκείμενα
1436 2389 1511 2452 ὡς
1546 2388 1721 2459 μικρὰ
1745 2389 2016 2460 περιγρά-

440 2498 619 2553 φουσα
651 2484 685 2553 ἡ
715 2482 892 2554 ὄρεξις
929 2483 1237 2547 σϐέννυται,
1270 2486 1303 2553 ἢ
1336 2485 1678 2553 ἁτιμάζουσα
1706 2482 1781 2546 ὡς
1812 2482 2016 2553 αἰσχρά

438 2591 500 2627 τε
537 2574 634 2627 καὶ
677 2575 893 2645 εἰδεχθῆ
946 2575 1319 2644 βδελύσσεται,
1349 2575 1440 2644 ὑφ’
1468 2570 1542 2627 ὧν
1592 2575 1621 2626 ό
1671 2574 1830 2644 κόρος
1871 2575 2017 2641 γίνε-

444 2665 569 2718 σθαι
596 2666 858 2733 πέφυκεν.
900 2666 956 2717 Ὀ
987 2666 1044 2718 δὲ
1071 2666 1203 2729 Θεὸς
1229 2666 1389 2735 φύσει
1423 2666 1685 2736 ὑπάρχων
1706 2668 1930 2739 ἄπειρός
1954 2683 2014 2719 τε

442 2758 533 2810 καὶ
554 2757 732 2825 τίμιος
759 2750 1051 2810 ἐπιτείνειν
1075 2759 1275 2827 μᾶλλον
1305 2758 1414 2810 τῶν
1440 2759 1822 2809 ἀπολαυόντων
1847 2758 2011 2810 αὑτοῦ

441 2850 528 2901 διὰ
547 2851 645 2919 τῆς
681 2850 921 2919 μετοχῆς
947 2850 1085 2919 πρὸς
1114 2850 1175 2902 τὸ
1197 2851 1451 2921 ἀόριστον
1479 2851 1577 2919 τὴν
1610 2850 1789 2919 δρεςιι
1841 2867 2014 2915 πεπρυ-

443 2955 557 2992 κεν.
587 2940 651 2992 Εἰ
683 2940 740 2993 δὲ
774 2940 921 2992 τοῦτ’
954 2941 1152 3011 ἀληθὲς
1177 2984 1197 3010 ,θ
1227 2940 1421 3012 ὥσπερ
1458 2939 1551 2994 οὖν
1591 2944 1686 2992 καὶ
1719 2947 1886 3005 εστιν,
1914 2941 2016 2994 οὐκ

439 3026 509 3101 ἦν
540 3030 648 3100 ἄρα
675 3033 708 3101 ὴ
749 3030 1016 3101 λεγομένη
1052 3032 1177 3095 ὲνὰς
1201 3032 1309 3085 τῶν
1332 3032 1566 3100 λογικῶν
1595 3035 1637 3063 ³³
1663 3072 1678 3098 ,
1706 3032 1827 3100 ἥτις
1854 3029 2012 3099 κόρον

2131 1848 2219 1902 bis
2249 1865 2492 1920 quoque,
2527 1857 3174 1929 quomodoimpossibile.
3205 1862 3288 1918 est
3341 1868 3396 1919 in
3440 1869 3551 1924 Deo
3588 1888 3718 1940 pero
3784 1941 3790 1947 ι

2130 1944 2435 1999 mansionis
2456 1946 2751 2019 dignorum
2792 1953 3127 2021 reprehendi
3175 1955 3514 2015 ﬁrmitatem.
3566 1967 3717 2031 Quo-

2129 2034 2297 2089 modo
2318 2037 2465 2090 enim
2510 2030 2596 2094 εει
2648 2043 2935 2110 possibile,
2996 2057 3058 2100 ut
3107 2048 3194 2103 bis
3235 2066 3357 2119 qua:
3407 2054 3553 2109 dicta
3584 2030 3718 2117 sunt

2127 2140 2357 2194 parvum
2388 2130 2664 2198 quoddam
2691 2134 2761 2187 ad
2795 2140 3276 2195 conﬁrmationem
3316 2158 3386 2197 ex
3415 2145 3713 2205 ratiocina—

2130 2217 2379 2275 tionibus
2406 2221 2600 2278 demus
2641 2226 3003 2298 adjutorimn,
3032 2234 3198 2287 semel
3236 2233 3292 2288 in
3317 2236 3429 2291 Deo
3458 2239 3715 2296 substan-

2126 2310 2333 2364 tialiter
2361 2311 2535 2369 factos
2563 2315 2835 2386 ingratam
2873 2335 2975 2389 per
3033 2321 3380 2380 desiderium
3430 2333 3711 2401 accepisse

2124 2400 2456 2468 satietatem,
2495 2404 2626 2460 dum
2672 2410 2855 2463 omnis
2910 2413 3155 2476 satietas,
3200 2424 3508 2473 secundum
3552 2438 3707 2478 suam

2126 2490 2397 2547 rationem
2448 2506 2507 2551 et
2557 2496 2940 2556 deﬁnitionem
3005 2506 3306 2565 constituta
3366 2510 3706 2582 desiderium

2122 2584 2458 2654 exstinguat,
2484 2596 2542 2643 et
2565 2591 2872 2645 secundum
2905 2593 3047 2649 duos
3080 2598 3452 2655 constituatur
3490 2606 3703 2661 modos.

2123 2673 2234 2727 Aut
2273 2675 2428 2730 enim
2462 2693 2585 2747 quae
2609 2680 2852 2751 subjecta
2884 2694 3013 2738 sunt
3053 2688 3220 2742 veluti
3250 2706 3418 2759 parva
3462 2695 3705 2751 circum-

2122 2765 2374 2822 scribens
2404 2768 2744 2825 desiderium
2775 2777 3097 2847 exstinguit,
3129 2790 3224 2834 aut
3243 2798 3509 2851 spernens
3531 2790 3703 2843 veluti

2125 2857 2309 2925 turpia
2337 2874 2402 2913 ac
2431 2860 2703 2918 deformia
2735 2865 3112 2935 abominetur,
3130 2887 3199 2925 ex
3228 2873 3317 2929 bis
3339 2877 3565 2933 satietas
3580 2879 3705 2937 fieri

2121 2949 2428 3003 consuevit.
2452 2952 2601 3007 Deus
2624 2970 2754 3010 vero
2786 2965 2983 3013 natura
3021 2961 3332 3020 subsistens
3364 2967 3613 3025 inﬁnitus
3636 2986 3702 3027 ac

2122 3039 2399 3106 pretiosus
2421 3045 2720 3101 extendere
2755 3049 2927 3119 magis
2956 3051 3259 3109 l‘ruentium
3291 3073 3349 3113 se
3381 3074 3483 3127 per
3524 3064 3700 3131 parti-

438 3120 679 3173 λαϐοῦσα
704 3123 801 3191 τῆς
830 3124 889 3174 ἐν
918 3124 996 3193 τῷ
1027 3122 1146 3193 θεῷ
1178 3125 1541 3194 μονιμότητος
1586 3126 1883 3192 ἐμερίσνη,
1914 3125 2009 3173 καὶ

2121 3129 2448 3199 cipationem
2480 3135 2549 3189 ad
2603 3136 2656 3191 id
2697 3117 2867 3208 quod
2895 3141 3176 3198 inﬁnitum
3206 3156 3312 3213 est,
3361 3150 3699 3211 desiderium

438 3212 516 3284 τῷ
546 3213 729 3284 οἰκείῳ
759 3214 1050 3284 σκεδασμῷ
1086 3216 1183 3286 τὴν
1217 3215 1313 3268 τοῦ
1355 3216 1565 3289 κόσμου
1612 3215 1805 3266 τούτου
1853 3214 2009 3279 γένε-

440 3320 525 3356 σιν
555 3303 970 3373 συνεισήγαγεν,
998 3304 1084 3357 ἵνα
1112 3305 1189 3376 μὴ
1223 3305 1284 3358 τὸ
1326 3306 1531 3373 ἀγαυὸν
1559 3306 2007 3374 ὲμπερίγρατιτον
2034 3309 2039 3323 ³

436 3394 722 3463 ποιώμεθα
758 3396 854 3446 καὶ
880 3396 1098 3465 ἄτιμον,
1131 3397 1206 3459 ὡς
1237 3397 1383 3466 κόρῳ
1408 3398 1513 3448 τινὶ
1555 3396 2008 3465 περιοριζόμενον

438 3489 531 3538 καὶ
554 3488 793 3549 στάσεως
826 3486 997 3540 αἴτιον
1029 3487 1310 3555 γινόμενον
1341 3487 1591 3550 ἐκείνοις,
1621 3483 1697 3544 ὧν
1725 3490 1825 3556 τὴν
1873 3487 2006 3553 ἐρε-

439 3596 522 3631 σιν
560 3580 817 3650 ἀκίνητον
869 3584 1090 3650 κρατεῖν
1141 3580 1201 3632 οὐ
1254 3579 1537 3648 δεδύνηται
1571 3579 1638 3632 ’⁸.
1669 3581 1779 3631 Καὶ
1827 3582 2005 3647 μάτην

435 3672 622 3725 λοιπόν
672 3688 816 3736 τινες
858 3672 1065 3744 ταύτην
1113 3671 1485 3736 θεσπίζουσιν,
1520 3671 1593 3731 ὼς
1622 3671 1815 3742 ἔμοιγε
1837 3671 2005 3733 δοκεῖ,

434 3770 502 3817 τὰ
542 3765 617 3836 μὴ
646 3764 775 3819 ὄντα
802 3764 1195 3836 πλαττόμενοι,
1224 3767 1318 3818 καὶ
1349 3764 1411 3817 τὸ
1453 3765 1519 3834 δὴ
1551 3764 1743 3817 τούτου
1776 3763 2008 3834 βαρύτε-

438 3872 552 3925 ρον,
583 3856 789 3908 καὶτοῦ
824 3858 1096 3928 μακαρίου
1121 3860 1312 3911 τοότου
1339 3856 1545 3927 πατρὸς
1569 3856 1642 3918 ὼς
1673 3856 1848 3907 ταυτα
1873 3871 2005 3923 φρο-

421 3948 653 4011 ’νοῦντος
682 3948 1167 4020 καταψευδόμενοι,
1205 3944 1353 4019 ἐφἰἷ)
1394 3950 1469 4020 μὴ
1499 3949 1658 4019 μόνον
1690 3949 1889 4009 αὐτοὺς
1941 3952 2005 3998 εκ

438 4040 700 4111 προτέρου
752 4041 925 4102 ειδους
954 4042 1096 4112 ζωῆς
1120 4046 1218 4105 τὰς
1248 4043 1426 4111 ψυχὰς
1451 4043 1531 4103 είς
1569 4040 1796 4139 σώματα
1831 4039 2004 4139 sauia.

435 4131 528 4182 ἐπὶ
565 4131 806 4203 τιμωρίᾳ
863 4132 972 4184 τῶν
1022 4134 1433 4203 προγεγονότων
1494 4133 1681 4204 (128
1716 4131 1768 4201 ὁ)
1816 4131 2004 4183 κακῶν

435 4224 653 4291 φρονεῖν
686 4224 732 4254 ³³
782 4225 868 4275 ἐπ’
900 4224 1083 4288 ἀδείας
1138 4225 1416 4289 δύνασθαι,
1475 4226 1616 4278 ἄλλα
1663 4226 1758 4277 καὶ
1812 4224 2004 4285 ἄλλους

431 4315 646 4385 ἀπατᾷν
668 4314 840 4379 οὕτως
873 4317 1017 4387 ἔχειν
1047 4317 1285 4387 εὐλόγως
1320 4320 1623 4389 ἐπιχειρεῖν
1650 4316 1739 4370 διὰ
1769 4320 1870 4387 τῆς
1892 4317 2001 4368 τῶν

2112 3225 2422 3280 consuevit.
2456 3226 2513 3282 Si
2543 3240 2728 3283 autem
2755 3231 2860 3287 hoc
2883 3250 3099 3302 verum,
3156 3239 3305 3294 sicut
3346 3252 3404 3297 et
3437 3253 3543 3310 est,
3586 3262 3699 3303 non

2109 3324 2228 3368 erat
2257 3316 2426 3385 igitur
2454 3319 2567 3384 illa,
2611 3336 2735 3390 qua:
2774 3324 2920 3379 dicta
2978 3338 3085 3392 est,
3149 3332 3332 3387 unitas
3389 3336 3698 3393 rationabi-

2108 3405 2271 3471 lium,’
2298 3424 2421 3477 qua:
2453 3412 2763 3467 satietatem
2786 3417 3068 3486 accipiens
3089 3427 3539 3492 perseverantiae,
3573 3444 3697 3498 qua:

2109 3498 2166 3552 in
2191 3500 2323 3566 Deo,
2356 3503 2558 3570 partita
2581 3513 2685 3570 est,
2707 3516 2762 3560 et
2790 3524 2859 3561 ex
2891 3513 3115 3580 propria
3144 3514 3476 3573 discissione
3503 3507 3697 3577 mundi

2108 3590 2273 3660 hujus
2329 3595 2745 3661 generationem
2806 3599 3232 3668 cointroduxit;
3289 3620 3359 3660 ne
3421 3611 3693 3677 optimum

2107 3682 2314 3736 bonum
2346 3684 2833 3756 circumscriptum
2874 3692 3140 3747 faciamus
3162 3703 3221 3748 et
3244 3698 3376 3762 vile,
3404 3703 3575 3756 veluti
3600 3719 3692 3759 sa-

2110 3780 2296 3826 tietate
2323 3773 2562 3842 quadam
2587 3777 3041 3846 circumﬁnitum,
3066 3791 3122 3836 et
3149 3785 3445 3844 seditionis
3468 3805 3691 3848 causam

2105 3862 2305 3916 factam
2337 3864 2464 3928 illis,
2490 3880 2730 3934 quorum
2782 3869 3143 3940 desiderium,
3192 3876 3247 3931 id
3300 3880 3449 3948 quod
3481 3883 3695 3939 incom-

2107 3957 2373 4010 mutabile
2406 3967 2510 4021 est,
2539 3968 2725 4013 tenere
2755 3976 2865 4016 non
2889 3965 3068 4031 potuit
3097 3967 3178 4037 (ἕ).
3206 3967 3275 4021 Ει
3293 3984 3363 4024 ne
3391 3973 3689 4029 vanitatem

2109 4049 2271 4103 talem
2297 4050 2521 4119 quidam
2553 4050 2622 4106 de
2649 4062 2848 4108 cancro
2879 4055 3133 4124 adorent,
3186 4071 3247 4113 ut
3281 4061 3418 4117 mihi
3445 4064 3684 4132 videtur,

2104 4153 2167 4192 ea
2190 4156 2312 4208 quae
2338 4144 2448 4196 nOn
2474 4153 2603 4198 sunt
2627 4142 2915 4214 ﬁngentes,
2948 4157 3004 4202 et
3030 4150 3177 4218 quod
3198 4167 3265 4206 eo
3287 4156 3529 4223 gravius,
3553 4158 3654 4213 bca
3674 4189 3686 4198 -

2106 4239 2223 4283 tum
2256 4232 2405 4286 hunc
2426 4234 2668 4299 Patrem,
2714 4237 2885 4291 veluti
2933 4240 3063 4293 talia
3097 4243 3421 4311 sapientem,
3479 4252 3686 4302 calum-

2105 4322 2353 4389 nientur,
2419 4325 2473 4379 in
2513 4341 2624 4395 quo
2678 4343 2792 4381 non
2842 4330 3020 4383 solum
3084 4347 3145 4386 se
3183 4349 3253 4388 ex
3300 4339 3471 4405 priori
3500 4353 3684 4408 specu:

433 4405 738 4475 προσώπων
783 4410 1235 4474 ἀξιοπιστίαςιοὺ
1271 4409 1451 4470 καλῶς
1494 4409 1599 4462 οὐδ’
1630 4408 1792 4471 ὁσίως
1828 4410 1999 4478 πράτ-

2121 4414 2232 4468 ιὶιω
2262 4429 2474 4469 animas
2504 4415 2561 4469 in
2612 4431 2846 4486 corpora
2889 4421 3078 4475 venire
3108 4423 3165 4476 in
3198 4426 3463 4480 ultionem
3489 4444 3682 4483 eorum

431 4511 642 4561 τοντας,
688 4499 802 4550 ἀλλ’
838 4500 1080 4563 ἐκείνους
1129 4501 1349 4571 Ιιέχοντας
1399 4500 1629 4569 ἀφέντες
1676 4500 1750 4563 ὡς
1783 4499 1998 4569 ἔχουσιν

431 4584 585 4638 αὐτοὶ
618 4588 858 4654 εὐσεϐῶς
887 4592 1047 4663 ἡμεῖς
1068 4592 1161 4645 τὸν
1201 4592 1327 4645 νοῦν
1351 4591 1445 4643 τοῦ
1476 4591 1800 4644 διδασκάλου
1859 4590 1996 4660 πρὸς

429 4678 544 4740 τοῖς
570 4681 878 4751 εἰρημένοις
901 4684 993 4737 καὶ
1011 4683 1131 4737 κατ’
1161 4683 1756 4753 ἄλλον-σκοπήσομενυ
1775 4685 1995 4753 τρόπον.

2106 4519 2230 4574 qua:
2252 4516 2379 4560 ante
2412 4514 2729 4576 perpetrata
2756 4519 2883 4563 sunt
2914 4512 3184 4565 malorum
3212 4513 3462 4571 dicentes
3488 4533 3681 4571 conso-

2104 4606 2344 4664 quenter
2377 4607 2632 4666 possunt,
2665 4600 2761 4653 sed
2787 4608 2843 4655 et
2866 4600 3004 4655 alios
3038 4602 3307 4659 seducere
3361 4606 3441 4660 sic
3471 4606 3678 4661 habere

2105 4688 2513 4744 rationabiliter
2539 4690 2793 4746 conando
2823 4707 2922 4761 per
2940 4708 3299 4763 personarum
3322 4696 3674 4766 probitatem,

430 4782 611 4838 neque
638 4771 779 4826 bene
807 4787 986 4843 neque
1017 4781 1206 4828 sancte
1228 4781 1474 4843 agentes,
1522 4773 1617 4828 sed
1646 4775 1769 4828 illos
1795 4776 1891 4843 qui
1918 4776 1998 4831 sic
2035 4759 2242 4834 habent
2295 4780 2502 4835 habere
2552 4781 2915 4848 dimittentes,
2953 4799 3057 4839 nos
3089 4785 3191 4855 ipsi
3219 4787 3308 4856 pie
3337 4788 3677 4846 intellectum

432 4866 677 4936 magistri
705 4883 830 4922 cum
856 4869 942 4924 his
970 4884 1091 4940 quae
1119 4871 1265 4925 dicta
1312 4880 1444 4926 sunt
1483 4872 1650 4928 etiam
1697 4886 1795 4941 per
1829 4872 1997 4925 alium
2034 4874 2532 4943 contemplabimur
2562 4876 2807 4930 modum.

506 4962 617 5013 Οὐκ
645 4957 800 5029 οἶμαι
830 4963 928 5032 τῆς
957 4960 1302 5034 ἀνθρωπίνης
1332 4963 1495 5017 αὑτὸν
1522 4965 1786 5031 γενέσεως
1811 4962 2005 5016 ἐνταῦο

2182 4966 2303 5020 Non
2335 4966 2578 5021 arbitror
2638 4968 2807 5039 igitur
2852 4970 3108 5027 humana:
3139 4987 3266 5027 eum
3304 4976 3679 5045 generationis

1740 5117 1775 5172 V
1787 5121 1825 5171 Α
1837 5116 1975 5174 BHE
2016 5117 2423 5176 LECTIONES.

523 5264 565 5296 “
584 5264 678 5318 τοῦ
701 5264 759 5318 τὸ
784 5265 872 5320 ed.
895 5264 1012 5321 Gal.
1092 5266 1134 5298 "
1158 5268 1335 5337 φαμὲν
1362 5268 1593 5331 εά.,(ῖιιιι.
1672 5268 1715 5300 ¹⁷
1771 5285 1829 5321 τε
1880 5268 1974 5321 καὶ
2012 5269 2316 5372 ΓραφικῶςῖΙ
2345 5253 2487 5372 ηιριῇ
2509 5272 2677 5372 δεξιρι
2697 5348 2706 5357 _
2721 5275 2839 5372 sd.”
2860 5275 2986 5360 'Gal.
3066 5279 3405 5372 ¹⁸Ᾱγεχνητῶν
3432 5283 3521 5339 ed.
3551 5284 3675 5343 Gal.

523 5336 651 5372 η’μηῖι
683 5337 748 5372 ml
810 5336 905 5372 (int
1005 5338 1050 5368 ιο
1091 5340 1480 5372 η..υ.ηηνῖ...ευι...
1510 5341 1575 5372 ΔΑ
1626 5340 1719 5372 Πηι
1823 5344 1864 5370 ιι
1896 5341 2187 5372 animm...“
2217 5356 2297 5372 η...
2657 5364 2713 5372 -..
2759 5366 2771 5372 -
2845 5363 3035 5372 ...___~-
3072 5365 3095 5372 ..
3240 5355 3283 5372 Δ..
3384 5356 3429 5372 η
3626 5361 3643 5372 .

431 5336 477 5369 "
503 5336 651 5389 αὐτῶ
683 5337 771 5391 ed.
810 5336 928 5392 Gal.
1005 5338 1050 5368 ¹⁰
1091 5336 1480 5407 συνιστάμενον
1509 5341 1598 5393 ed.
1626 5340 1743 5393 Gal.
1823 5344 1864 5370 “
1896 5336 2187 5392 πολιτικων
2216 5340 2341 5395 cod.
2370 5343 2511 5398 Gud.
2585 5346 2630 5376 “
2656 5347 2773 5398 οὐδε
2811 5346 3039 5419 δύνηται
3068 5336 3156 5404 ed:
3188 5336 3307 5408 (ἰαί.
3384 5356 3431 5386 ’³
3477 5361 3676 5426 φωνεῖν

432 5406 493 5426 -.ι
574 5388 666 5426 μὴ.
769 5407 812 5426 ις.
868 5410 1069 5426 _,__._
1175 5424 1186 5426 μ
1260 5408 1315 5426 ,Α
1368 5407 1458 5426 η.

427 5406 517 5463 ed.
572 5407 723 5461 Gal-
769 5407 813 5438 “
862 5410 1223 5477 σκοπήσωμεν
1250 5406 1335 5461 ed.
1366 5407 1481 5462 Gal.

1950 5500 2183 5560 NOTAE.

524 5611 579 5680 lt)
621 5609 830 5663 Vocula
858 5618 905 5662 et
932 5607 1280 5663 desideratur
1304 5608 1358 5690 in
1385 5608 1474 5663 ed.
1508 5609 1660 5691 Gale.

499 5611 562 5749 fit
601 5681 759 5735 Verte
791 5691 839 5733 et
865 5684 1064 5749 [rustra
1096 5696 1210 5734 eam
1245 5688 1556 5749 (unitatem)
1589 5686 1660 5735 de:

523 5683 562 5751 ί)
601 5681 759 5735 Verte
791 5691 839 5733 et
865 5684 1064 5750 [rustra
1096 5696 1210 5734 eam
1245 5680 1556 5751 (unitatem)
1589 5684 1826 5752 deinceps
1855 5684 2143 5753 prwdirant
2170 5684 2398 5757 (ϐεδε.)-
