3984 6198
363 240 375 247 ’
400 240 539 307 3095

1565 239 1625 297 S.
1668 235 1953 298 MAXIM!
1995 236 2504 299 CONFESSORIS

3528 246 3655 314 1096

401 355 721 422 ostendere,
772 355 972 410 animal
1008 370 1197 419 unum,
1243 369 1308 407 ex
1338 350 1601 407 invisibili
1646 350 1773 404 dico
1812 357 1869 403 et
1899 350 1979 401 vi-

2082 350 2318 417 ἀοράτου
2346 351 2492 419 λέγω
2526 353 2621 405 καὶ
2646 354 2849 424 ὁρατῆς
2880 354 3097 424 φῦσεως
3123 397 3137 420 ,
3503 360 3654 432 δημι-

368 468 371 471 ·
404 448 553 503 sibili
581 459 798 513 natura,
818 447 1096 500 hominem
1120 456 1303 509 creat;
1334 452 1389 498 et
1411 459 1477 497 ex
1502 441 1730 496 materia
1751 439 1978 509 quidem

405 539 688 607 accipiens
724 551 925 605 corpus
985 536 1100 605 jam
1152 544 1280 589 ante
1328 532 1626 587 substituta
1654 572 1669 595 ,
1711 545 1741 584 a
1796 529 1980 597 seipso

403 643 541 683 vero
573 627 736 680 vitam
762 625 1000 695 imponit
1030 623 1480 695 (intellectualem
1500 636 1720 691 quoque
1738 620 1978 673 animam

403 726 463 771 et
492 716 784 786 imaginem
818 715 916 769 Dei
956 715 1110 769 novit
1166 714 1453 783 Verbum),
1481 711 1652 766 veluti
1683 708 1977 780 quemdam

408 806 677 860 mundum
739 805 1067 868 secundum,
1126 805 1181 858 in
1223 818 1392 873 parvo
1430 815 1707 871 magnum,
1746 800 1802 852 in
1832 808 1977 853 terra

400 897 616 961 statuit,
665 896 919 966 angelum
952 895 1144 958 alium,
1176 894 1523 948 adoratorem
1568 890 1821 953 mixtura,
1856 907 1875 939 ι
1921 895 1977 941 et

406 988 636 1056 reliqua.
674 986 734 1041 In
761 1001 829 1041 eo
855 1001 989 1040 vero
1033 985 1129 1055 qui
1181 993 1268 1039 est
1307 984 1361 1037 in
1404 982 1583 1046 Φῶτα,
1617 983 1722 1035 hoc
1751 990 1836 1034 est
1876 979 1983 1033 ba:

406 1078 684 1147 ptismata,
718 1091 971 1131 sermone
1007 1092 1022 1128 :
1070 1094 1088 1125 ι
1121 1074 1392 1140 Quoniam
1441 1073 1523 1127 sic
1568 1072 1685 1125 hac
1710 1079 1804 1125 aut
1830 1070 1973 1123 hoc:

404 1170 697 1239 oportebat
744 1182 874 1223 vero
917 1182 1031 1222 non
1063 1167 1151 1220 bis
1199 1166 1295 1235 qui
1329 1179 1547 1219 sursum
1592 1170 1723 1217 sunt
1770 1163 1977 1216 solum-

407 1260 573 1315 modo
612 1259 989 1314 adorationem
1013 1255 1417 1319 circumscribi,
1441 1254 1537 1309 sed
1563 1268 1682 1307 esse
1709 1251 1975 1321 quosdam

403 1361 460 1406 et
479 1352 739 1406 deorsum
758 1350 1101 1413 adoratores,
1128 1357 1187 1401 ut
1206 1348 1573 1417 implerentur
1601 1344 1785 1397 omnia
1802 1342 1975 1413 gloria

404 1444 525 1506 Dei,
566 1442 829 1511 quoniam
861 1447 917 1494 et
964 1439 1093 1503 Dei;
1125 1446 1183 1492 et
1211 1445 1508 1508 propterea
1537 1443 1759 1489 creatur
1808 1433 1975 1486 homo

406 1549 571 1587 manu
622 1532 742 1595 Dei,
798 1529 1203 1584 honoriﬁcatus
1248 1528 1417 1583 etiam
1472 1527 1732 1597 imagine.
1765 1545 1783 1576 ι
1848 1525 1974 1579 Haec

404 1627 627 1696 quidem
665 1622 917 1678 sutlicere
952 1622 1219 1691 suscipio,
1272 1621 1376 1676 etsi
1410 1635 1576 1690 parva
1609 1618 1971 1681 constituant,

405 1733 515 1771 non
553 1715 780 1770 omnino
809 1714 1156 1769 contentiose
1180 1709 1521 1767 discernenti
1542 1719 1599 1764 et
1632 1708 1978 1764 solummodo

407 1797 652 1876 pugnare
705 1804 1007 1875 gloriosum
1055 1818 1168 1857 non
1233 1801 1527 1872 iudicanti,
1572 1800 1641 1855 ad
1670 1800 1981 1854 ostenden-

405 1899 530 1953 dam
583 1906 752 1951 totam
787 1895 1035 1966 magistri
1070 1894 1139 1949 de
1171 1893 1261 1948 his
1282 1908 1405 1963 qua:
1432 1892 1579 1947 dicta
1613 1898 1742 1946 sunt
1773 1890 1978 1945 intelli-

403 1989 667 2060 gentiam.
689 1987 746 2042 Si
772 1997 954 2041 autem
980 1987 1048 2041 de
1070 1986 1197 2051 hoc,
1230 1983 1509 2055 quomodo
1531 1982 1628 2038 Dei
1664 1982 1981 2052 portionem

406 2082 668 2151 magister
725 2096 827 2134 nos
866 2080 1105 2142 vocavit,
1163 2087 1533 2150 repugnatur,
1600 2076 1981 2147 multipliciter

405 2172 630 2241 quidem
657 2172 769 2241 jam
806 2170 1063 2240 superius
1093 2168 1161 2223 de
1195 2169 1301 2223 hoc
1334 2168 1551 2222 reddita
1580 2176 1666 2222 est
1704 2167 1878 2231 ratio;
1917 2173 1979 2219 ut

408 2273 593 2317 autem
630 2262 845 2317 ﬁdelior
871 2262 966 2316 ﬁat
992 2261 1379 2330 spiritualibus
1397 2260 1741 2315 contendens
1767 2258 1975 2325 verbis,

407 2361 633 2407 sanctus
674 2361 731 2407 et
776 2352 972 2407 beatus
1027 2352 1310 2421 apostolus
1364 2352 1571 2405 Paulus
1618 2350 1890 2405 occultam
1918 2348 1975 2403 in

410 2444 522 2497 Deo
554 2452 681 2497 ante
721 2442 922 2497 saecula
965 2441 1200 2496 laudans
1246 2441 1594 2510 sapientiam,
1646 2449 1705 2495 et
1755 2452 1976 2495 omnem

409 2535 756 2592 tenebrosam
790 2535 1088 2589 humanam
1139 2536 1310 2588 vitam
1357 2533 1693 2605 illuminans,
1729 2540 1786 2587 et
1820 2533 1979 2602 igno-

408 2628 601 2681 rantiaa
622 2627 910 2697 caliginem
934 2625 1227 2681 animabus
1256 2626 1505 2696 abigens,
1531 2624 1600 2680 de
1626 2624 1732 2679 hoc
1766 2623 1981 2679 satisfa-

407 2717 487 2771 cit
539 2716 812 2786 Ephesiis,
859 2715 1053 2772 dicens
1096 2716 1256 2770 haec:
1293 2715 1358 2771 Ut
1390 2715 1531 2769 Deus
1565 2714 1776 2768 Domini
1812 2714 1979 2768 nostri

406 2806 532 2860 Iesu
567 2804 761 2861 Christi
798 2804 962 2859 Pater
985 2805 1171 2876 gloria
1193 2806 1279 2858 det
1305 2797 1444 2858 vobis
1474 2802 1734 2875 Spiritum
1762 2804 1977 2873 sapien-

409 2896 497 2949 tia
548 2904 598 2948 et
644 2893 999 2960 reuelationis,
1035 2896 1091 2947 in
1139 2893 1434 2964 cognitione
1486 2892 1621 2962 ejus,
1645 2890 1976 2945 illuminatos

2078 445 2270 512 ουργεϊ
2301 442 2393 495 τὸν
2421 442 2728 515 ἄνθρωπον,
2767 450 2863 498 καὶ
2894 448 3043 518 παρὰ
3069 448 3171 518 μὲν
3199 449 3301 518 τῆς
3327 450 3462 517 ὕλης
3484 450 3653 508 λαδὼν

2079 534 2139 585 τὸ
2182 534 2341 604 σῶμα
2383 535 2485 606 ἤδη
2523 539 2946 609 προῦποστάσης
2966 580 2982 603 ,
3045 540 3177 610 παρ’
3206 541 3401 593 ἑαυτοῦ
3432 542 3489 595 δέ
3521 542 3652 616 ζωὴν

2080 622 2255 685 ἐνθεὶς
2285 624 2333 693 (ὃ
2357 624 2422 695 δὴ
2448 624 2644 693 νοερὰν
2663 625 2843 698 ψυχὴν
2870 629 2966 681 καὶ
2989 629 3173 683 είκόνα
3196 629 3333 683 Θεοῦ
3356 628 3499 685 οἶδεν
3520 632 3654 686 6A6-

2077 716 2248 786 τος),
2303 712 2416 771 οἷόν
2464 736 2587 772 τινα
2630 721 2835 790 κόσμον
2878 720 3131 792 δεύτερον
3170 723 3229 775 ἐν
3265 723 3451 796 μικρῷ
3490 726 3652 795 μέγαν

2078 806 2171 859 ἐπὶ
2204 807 2303 878 τῆς
2328 808 2432 877 γῆς
2461 808 2675 879 ἵστησιν
2698 851 2712 875 ,
2770 810 3002 879 ἄγγελον
3026 812 3187 866 ἄλλον
3205 852 3221 877 ,
3279 819 3652 887 προσκυνητὴν

2082 898 2329 968 μικτὸν,ι
2371 899 2466 951 καὶ
2493 898 2562 951 τὰ
2595 898 2743 969 ἑξῆς.
2780 896 2871 952 Ἐν
2895 900 2952 953 δέ
2976 900 3052 971 τῷ
3084 903 3178 965 Ei;
3208 905 3277 956 τὰ
3300 903 3459 956 Φώτα
3486 905 3647 975 λόγῳ·

2083 1005 2102 1038 ι
2127 986 2280 1040 Ἐπεὶ
2308 985 2365 1038 δέ
2399 984 2544 1039 οὕτω
2576 986 2759 1042 ταῦτα
2786 987 2820 1058 ἢ
2849 988 3041 1041 τοῦτο·
3077 990 3185 1042 ἔδει
3214 990 3271 1044 δὲ
3308 990 3385 1062 μὴ
3409 995 3524 1055 τοῖς
3550 994 3651 1047 diu

2079 1076 2242 1146 μόνον
2278 1074 2377 1146 τὴν
2412 1075 2786 1147 προσκύνησιν
2821 1080 3266 1149 περιγράφεσθαι
3294 1121 3310 1146 ,
3378 1082 3498 1135 ἀλλ’
3525 1080 3649 1137 εἷναί

2075 1185 2230 1231 τινας
2248 1168 2350 1220 καὶ
2376 1168 2529 1220 κάτω
2553 1170 2964 1238 προπυνητάς,
2991 1172 3079 1223 ἵνα
3106 1171 3370 1243 πληρωθῇ
3393 1173 3464 1226 τὰ
3486 1174 3647 1227 πάντα

2075 1259 2235 1327 δόξης
2265 1259 2402 1312 Θεοῦ
2422 1300 2438 1322 ,
2475 1259 2596 1311 ἐπεὶ
2629 1260 2725 1313 καὶ
2756 1259 2924 1313 Θεοῦο
2976 1261 3072 1315 καὶ
3104 1261 3193 1315 διὰ
3223 1262 3385 1316 τοῦτο
3415 1265 3648 1329 κτίζεται

2075 1350 2368 1421 ἄνθρωπος
2402 1351 2547 1420 χειρὶ
2579 1350 2716 1403 Θεοῦ
2748 1350 3002 1422 τιμηθεὶς
3037 1355 3132 1407 καὶ
3163 1354 3357 1409 εἰκόνι.
3386 1373 3405 1407 s
3450 1356 3648 1426 ’Δρκείν

2080 1443 2179 1513 μέν
2213 1442 2309 1495 καὶ
2333 1441 2511 1494 ταῦτα
2541 1441 2932 1511 ὑπολαμϐάνω,
2971 1442 3076 1496 κᾶν
3102 1445 3151 1496 εἰ
3178 1448 3354 1515 μικρά
3378 1446 3645 1516 τυχχάνοι,

2076 1533 2153 1605 τῷ
2202 1534 2279 1604 μὴ
2329 1534 2508 1603 πάντη
2563 1532 2883 1599 φιλονείκως
2927 1532 3291 1605 διακειμένῳ,
3351 1536 3448 1588 καὶ
3505 1536 3647 1605 μόνον

2076 1623 2137 1676 τὸ
2178 1621 2448 1694 μάχεσθαι
2486 1620 2731 1685 ἐπίδοξον
2764 1622 3035 1692 κρίνοντι,
3069 1621 3207 1692 πρὸς
3234 1622 3296 1674 τὸ
3324 1621 3648 1687 ἐνδείξασθαι

2075 1714 2175 1785 τὴν
2222 1714 2352 1784 ὅλην
2404 1710 2500 1765 τοῦ
2543 1711 2867 1765 διδασκάλου
2902 1712 3031 1781 περὶ⁵
3060 1710 3171 1764 τῶν
3196 1711 3510 1785 εἰρημένων
3543 1711 3649 1765 διά-

2077 1821 2250 1858 νοιαν.
2299 1804 2364 1856 Εἰ
2408 1803 2466 1856 δὲ
2511 1802 2593 1856 ἐτι
2629 1802 2760 1872 περὶ
2785 1800 2880 1854 τοῦ
2913 1802 3030 1866 πῶς
3054 1801 3192 1855 Θεοῦ
3231 1804 3432 1874 μοῖραν
3460 1806 3490 1858 ὁ
3516 1802 3649 1856 διδά-

2081 1894 2280 1957 σκαλος
2311 1895 2461 1965 ἡμᾶς
2486 1893 2748 1947 ἐκάλεσεν
2778 1893 3127 1964 ἀπομάχεται
3155 1933 3171 1958 ,
3237 1893 3527 1964 πολλαχῶς
3563 1894 3650 1964 μὲν

2077 1986 2180 2058 ἤδη
2212 1985 2469 2056 ἀνωτέρω
2499 1986 2528 2038 ὁ
2556 1985 2689 2057 περὶ
2713 1984 2907 2038 τούτου
2938 1984 3260 2039 ἀποδέδοται
3281 1985 3584 2053 λόγος.ἰνα
3602 1985 3652 2039 δέ

2079 2079 2401 2149 πιστότερος
2427 2077 2659 2148 γένηται
2705 2080 2816 2141 τοῖς
2856 2077 2952 2130 τοῦ
2980 2061 3291 2146 πνεῦματος
3325 2076 3652 2148 ἐρειδόμενος

2078 2169 2298 2239 λόγοις,
2349 2170 2379 2222 ὁ
2429 2167 2585 2237 ἅγιος
2637 2168 2731 2222 καὶ
2781 2169 3054 2238 μακάριος
3098 2166 3397 2231 ἀπόστολος
3422 2167 3653 2233 Παῦλος,

2078 2263 2108 2316 ὁ
2143 2261 2243 2332 τὴν
2273 2260 2781 2332 ἀποκεκρυμμένην
2817 2262 2875 2312 ἐν
2908 2260 2985 2331 τῷ
3015 2260 3135 2331 Θεῷ
3170 2260 3278 2332 πρὸ
3312 2260 3421 2313 τῶν
3450 2259 3655 2315 αἰώνων

2078 2348 2451 2420 κομισάμενος
2497 2350 2691 2417 σοφίαν
2715 2387 2732 2411 ,
2800 2349 2896 2402 καὶ
2949 2348 3128 2402 πάντα
3161 2348 3256 2402 τὸν
3286 2349 3507 2418 ἀφεγγῆ
3556 2347 3656 2401 τῶν

2076 2441 2383 2515 ἀνθρώπων
2412 2440 2523 2512 βίον
2550 2439 2960 2510 καταςωτίσας,
2984 2422 3079 2494 καὶ
3103 2441 3205 2511 τῆς
3226 2442 3449 2511 ἀγνοίας
3471 2442 3563 2494 τὸν
3576 2441 3655 2507 ζό-

2078 2550 2177 2602 φον
2228 2532 2337 2586 τῶν
2393 2532 2582 2603 ψυχῶν
2636 2532 2936 2597 ἀπελάσας,
3000 2533 3228 2604 ἀρκέσει
3285 2533 3417 2604 περὶ
3469 2533 3654 2587 τούτου

2089 2623 2359 2693 Ἐφεσίοις
2379 2623 2589 2688 διεξιὼν
2611 2622 2888 2688 τάδε,”1να
2914 2625 2947 2676 ό
2964 2623 3107 2687 Θεὸς
3131 2624 3236 2678 τοῦ
3251 2624 3470 2691 Κυρίου
3494 2620 3657 2693 ἡμῶν

2090 2714 2284 2783 Ἰησοῦ
2306 2712 2563 2784 Χριστοῦ
2579 2716 2611 2768 ό
2628 2713 2832 2782 Πατὴρ
2850 2712 2959 2780 τῆς
2974 2713 3157 2781 δόξης
3176 2712 3295 2781 δῴη
3314 2713 3455 2783 ὑμῖν
3472 2713 3659 2768 Πνεῦ-

2071 2818 2157 2872 μα
2183 2803 2404 2871 σοφίας
2435 2802 2532 2855 καὶ
2553 2802 2994 2871 ἀποκαλύψεως
3016 2803 3087 2856 ἐν
3104 2802 3425 2874 ἐπιγνώσει
3448 2803 3655 2867 αὑτοῦ,

2076 2893 2564 2963 πεφωτισμένους
2626 2892 2761 2959 τοὺς
2832 2893 3180 2963 ὀφθαλμοὺς
3236 2893 3349 2962 τῆς
3413 2894 3661 2964 καρδίας

406 2987 585 3042 oculos
612 2988 787 3041 cordis
834 2988 1014 3051 vestri,
1065 2994 1121 3039 ut
1167 2986 1345 3040 sciatis
1382 2999 1472 3038 vos
1501 2999 1618 3054 qua
1638 2985 1707 3038 sit
1741 2999 1859 3054 spes
1889 3000 1979 3037 vo-

2081 2984 2245 3057 ὑμῶν
2262 3029 2278 3052 ,
2313 2989 2400 3052 είς
2429 2985 2496 3039 τὸ
2521 2984 2743 3041 ειδέναι
2771 2984 2931 3056 ὑμᾶς
2958 2986 3050 3052 τίς
3076 2986 3246 3040 ἐστιν
3274 2986 3314 3053 ή
3342 2986 3523 3051 ἐλπίς
3553 2984 3661 3055 τῆς

407 3085 628 3137 cationis
658 3084 793 3153 ejus,
832 3090 882 3135 et
916 3097 1033 3151 qua
1061 3080 1258 3135 divitia
1306 3080 1492 3151 gloria
1517 3080 1834 3135 hareditatis
1863 3082 1977 3153 ejus

406 3175 463 3226 in
492 3174 708 3236 sanctis,
750 3181 798 3225 et
838 3187 957 3242 qua
987 3173 1054 3225 sit
1082 3173 1473 3241 supereminens
1519 3171 1825 3242 magnitudo
1866 3172 1978 3225 vir-

410 3264 534 3316 tutis
587 3266 699 3333 ejus
735 3264 790 3316 in
818 3279 932 3327 nos,
982 3264 1247 3317 credentes
1293 3264 1579 3317 secundum
1623 3265 1980 3333 operationem

409 3357 631 3426 potentis
668 3357 873 3409 virtutis
914 3357 1049 3426 ejus,
1079 3372 1238 3425 quam
1266 3363 1512 3426 Operatus
1549 3364 1624 3409 est
1663 3358 1718 3409 in
1748 3354 1976 3424 Christo,

398 3448 665 3500 suscitans
701 3462 820 3500 eum
854 3462 917 3500 ex
970 3447 1207 3509 mortuis,
1247 3454 1295 3499 et
1330 3463 1450 3500 eum
1474 3446 1654 3500 sedere
1697 3447 1894 3516 faciem
1923 3448 1981 3501 in

402 3538 596 3591 dextra
623 3553 719 3590 sua
762 3537 817 3589 in
857 3535 1164 3600 calestibus,
1207 3552 1367 3606 super
1394 3552 1601 3589 omnem
1625 3538 1980 3607 principatum

406 3635 460 3681 et
492 3634 799 3697 potestatem
848 3634 897 3679 et
938 3627 1185 3679 virtutem
1222 3634 1269 3679 et
1293 3626 1706 3679 dominationem
1745 3635 1795 3680 et
1828 3642 1982 3692 omne

411 3734 598 3772 nomen
645 3719 994 3782 nominatum,
1040 3733 1145 3770 non
1191 3716 1362 3771 solum
1398 3718 1453 3771 in
1496 3716 1690 3770 saculo
1731 3719 1845 3782 hoc,
1890 3716 1982 3770 sed

406 3809 570 3861 etiam
608 3809 663 3861 in
702 3809 911 3877 futuro;
947 3818 995 3861 et
1042 3809 1222 3861 omnia
1266 3808 1408 3861 dedit
1449 3808 1542 3862 sub
1593 3807 1807 3879 pedibus
1843 3808 1979 3879 ejus,

391 3889 461 3952 ‘et
493 3914 612 3952 eum
651 3900 792 3952 dedit
832 3908 989 3970 caput
1024 3917 1182 3970 super
1227 3901 1405 3953 omnia
1443 3899 1713 3965 Ecclesia,
1748 3916 1864 3971 qua
1907 3909 1982 3954 est

402 4007 595 4060 corpus
630 3992 742 4061 ejus
782 3999 831 4043 et
874 3991 1141 4060 plenitudo
1165 3992 1298 4061 ejus,
1328 3992 1507 4045 omnia
1532 3993 1583 4045 in
1612 3994 1849 4047 omnibus
1877 3994 1981 4047 im-

410 4081 601 4150 pleatis
652 4092 700 4133 υ.
754 4081 822 4134 Ει
860 4088 985 4149 post
1040 4081 1323 4150 aliquanta
1370 4080 1571 4134 iterum
1616 4098 1631 4134 :
1668 4081 1788 4152 Ipse
1832 4082 1977 4136 dedit

409 4171 667 4241 quosdam
701 4172 909 4241 quidem
938 4171 1222 4240 apostolos,
1244 4172 1500 4243 quosdam
1527 4190 1647 4227 vero
1679 4177 1981 4245 prophetas,

407 4262 668 4333 quosdam
686 4261 1056 4333 evangelistas,
1076 4264 1330 4335 quosdam
1352 4273 1589 4335 pastores
1614 4273 1662 4317 et
1681 4268 1980 4336 magistros,

2079 3079 2356 3143 κλήσεως
2380 3077 2559 3147 (131
2589 3076 2645 3147 a)
2676 3076 2901 3140 αὐτοῦ,
2950 3076 3045 3130 καὶ
3077 3076 3169 3143 τίς
3196 3079 3228 3130 ό
3254 3076 3527 3144 πλοῦτος
3554 3075 3661 3146 τῆς
3758 3083 3769 3090 “

2078 3167 2265 3236 δόξης
2312 3165 2421 3235 τῆς
2466 3168 2873 3237 κληρονομίας
2923 3166 3111 3221 αὑτοῦ
3160 3167 3231 3219 ἐν
3273 3166 3401 3234 τοῖς
3443 3168 3659 3237 ἁγίοις.

2078 3257 2179 3311 καί
2237 3258 2297 3311 τί
2346 3256 2415 3311 τὸ
2463 3256 2852 3325 ὑπερϐάλλον
2898 3255 3148 3327 μέγεθος
3193 3256 3303 3326 τῆς
3354 3257 3664 3328 δυνάμεως

2076 3347 2266 3403 αὑτοῦ
2320 3351 2408 3415 είς
2459 3346 2617 3418 ἡμᾶς
2669 3348 2815 3416 τοὺς
2865 3350 3293 3416 πιστεύοντας,
3346 3350 3508 3403 κατὰ
3554 3350 3667 3419 τὴν

2079 3439 2382 3511 ἐνέργειαν
2422 3442 2529 3494 τοῦ
2573 3442 2831 3511 κράτους
2886 3443 2999 3511 τῆς
3040 3443 3254 3512 ἰσχύος
3298 3443 3490 3497 αὑτοῦ
3518 3483 3534 3509 ,
3588 3442 3667 3513 ἣν

2080 3534 2419 3602 ἓνήργησεν
2451 3534 2520 3586 ἐν
2544 3532 2797 3603 Χριστῷ,
2834 3534 3069 3603 ἐγείρας
3096 3536 3284 3588 αὐτὸν
3313 3533 3382 3588 ἐκ
3412 3536 3666 3605 νεκρῶν,

2081 3625 2182 3679 καί
2234 3625 2491 3690 καθίσας
2538 3625 2731 3679 αὑτὸν
2781 3625 2852 3679 ἐν
2885 3623 3055 3693 δεξιᾷ
3088 3623 3276 3679 αὑτοῦ
3306 3626 3378 3678 ἐν
3401 3626 3532 3693 τοῖς
3556 3629 3669 3681 οὐ-

2074 3716 2306 3786 ρανοῖς,
2341 3716 2621 3785 ὑπεράνω
2653 3716 2859 3785 πάσης
2886 3716 3083 3787 ἀρχῆς
3116 3707 3215 3771 παὶ
3246 3716 3541 3784 ἐξουσίας
3572 3718 3669 3772 καὶ

2082 3808 2392 3878 δυνάμεως
2420 3809 2520 3863 καί
2551 3809 2903 3878 κυριότητος
2925 3850 2941 3874 ,
2994 3807 3096 3863 καί
3121 3807 3343 3876 παντὸς
3373 3809 3669 3880 ὀνόματος

2084 3899 2542 3969 ὀνομαζομένου,
2573 3901 2647 3953 οὐ
2667 3899 2861 3968 μόνον
2887 3900 2957 3953 ὲν
2982 3896 3065 3963 τῷ
3086 3896 3253 3953 αίῶνι
3274 3900 3487 3965 τούτῳ,
3506 3900 3672 3955 ἀλλά

2083 3992 2185 4045 καὶ
2215 3991 2285 4045 ἐν
2312 3989 2393 4055 τῷ
2416 3991 2733 4060 μέλλοντι.
2794 3988 2893 4043 καί
2919 3989 3115 4043 πάντα
3134 3988 3356 4042 ἔδωκεν
3379 3989 3501 4045 ὑπὸ
3526 3990 3671 4055 τοὺς

2085 4081 2276 4147 πόδας
2308 4080 2499 4135 αὐτοῦ
2524 4120 2539 4144 ,
2597 4080 2696 4133 καὶ
2744 4079 2936 4133 αὑτὸν
2980 4079 3166 4133 ἔδωκε
3207 4078 3487 4148 κεφαλὴν
3515 4082 3670 4149 ὑπὲρ

2086 4172 2281 4227 πάντα
2306 4171 2381 4241 τῇ
2412 4171 2745 4238 Ἐκκλησία
2761 4170 2828 4233 ³³,
2851 4170 2982 4238 ἣτις
3006 4170 3139 4223 ἐστὶ
3166 4170 3233 4223 τὸ
3253 4168 3423 4239 σῶμα
3452 4172 3669 4235 αὐτοῦ,

2085 4264 2152 4318 τὸ
2178 4264 2469 4332 πλήρωμα
2496 4262 2603 4316 τοῦ
2629 4262 2702 4316 τὰ
2723 4262 2921 4316 πάντα
2948 4262 3016 4315 ὲν
3042 4260 3191 4317 πᾶσι
3217 4266 3668 4332 πληρουμένου.

408 4352 485 4406 ad
530 4353 876 4423 cognitionem
904 4358 1220 4409 sanctorum‘
1237 4357 1292 4409 in
1318 4372 1447 4425 opus
1488 4357 1979 4423 administrationis,

2095 4353 2207 4407 Καὶ
2238 4353 2355 4423 μεθ’
2382 4352 2545 4422 ἔτερα
2570 4351 2736 4405 πάλιν
2757 4368 2772 4381 ο
2834 4351 2943 4405 Kal
2971 4350 3156 4417 αὐτὸς
3177 4351 3361 4405 ἔδωκε
3378 4353 3534 4419 ’τοὺς
3554 4353 3673 4421 μὲν

404 4446 469 4499 in
510 4444 910 4514 adiﬁcationem
945 4449 1178 4517 corporis
1208 4446 1420 4511 Christi,
1453 4448 1616 4500 donec
1650 4463 1989 4503 occurramus

408 4552 593 4590 omnes
633 4537 689 4590 in
724 4538 982 4591 unitatem
1022 4537 1145 4605 ﬁdei
1199 4547 1250 4592 et
1294 4539 1612 4609 cognitionis
1641 4537 1762 4593 Filii
1798 4537 1897 4592 Dei
1932 4540 1988 4592 in

406 4626 587 4678 uirum
619 4625 929 4695 perfectum,
976 4626 1033 4679 in
1080 4642 1384 4680 mensuram
1438 4628 1610 4680 atatis
1646 4625 1987 4695 plenitudinis

406 4715 631 4781 aCItristi,
676 4723 735 4768 ut
761 4717 881 4786 jam
930 4732 1036 4770 non
1093 4718 1256 4771 simus
1308 4716 1515 4787 parvuli
1550 4719 1886 4785 ﬂuctuantes,
1939 4725 1989 4771 et

406 4808 853 4877 circumferamur
883 4809 1028 4861 omni
1066 4819 1220 4862 vento
1257 4809 1510 4862 doctrina
1544 4809 1600 4862 in
1632 4810 1867 4879 nequitia
1892 4812 1988 4864 Ito-

408 4898 640 4963 aninum,
670 4900 726 4953 in
762 4899 957 4953 astutia
987 4898 1059 4953 ad
1096 4906 1268 4953 artem
1307 4901 1531 4965 erroris;
1566 4900 1783 4954 veridici
1807 4911 1987 4955 autem

406 4988 473 5041 in
520 4988 778 5041 charitate
817 5003 1113 5042 crescamus
1154 4989 1210 5041 in
1252 5004 1371 5043 eum
1414 5004 1506 5060 per
1542 4988 1743 5055 omnia,
1782 4991 1872 5061 qui
1910 4999 1988 5044 est

407 5087 574 5149 eaput
595 5077 849 5144 Christus,
876 5094 945 5133 ea:
966 5095 1067 5150 quo
1094 5096 1249 5134 omne
1275 5096 1464 5151 corpus
1484 5083 1913 5152 compaginatum
1938 5093 1987 5138 et

408 5169 731 5224 collocatum
764 5186 856 5242 per
889 5187 1097 5226 omnem
1128 5171 1194 5226 ab
1226 5187 1285 5226 eo
1315 5172 1853 5240 administrationem,
1906 5193 1987 5231 se-

410 5261 646 5317 cundum
689 5264 1047 5333 operationem
1089 5263 1500 5335 uniuscujusque
1536 5266 1776 5333 membri,
1812 5267 1987 5322 incre-

495 5412 519 5438 ιι
551 5392 752 5469 Ephes.
811 5415 853 5465 ι,
896 5399 1083 5456 ιτυεδ.

2096 4445 2507 4509 ἀποστόλους,
2540 4442 2682 4508 τοὺς
2708 4441 2777 4494 δὲ
2802 4440 3133 4511 προφήτας,
3165 4442 3308 4509 τοὺς
3329 4441 3398 4495 δὲ
3422 4444 3675 4512 εὐαγγε-

2089 4535 2325 4601 λιστὰς,
2358 4533 2502 4599 τοὺς
2523 4531 2590 4586 δὲ
2620 4532 2909 4602 ποιμένας
2934 4531 3502 4600 καιηδιδασκάλουςί
3521 4535 3676 4603 «pec

2087 4630 2197 4683 τὸν
2222 4625 2628 4695 καταρτισμὸν
2670 4623 2792 4678 τῶν
2818 4625 3002 4693 ἁγίων
3029 4626 3117 4690 είς
3138 4623 3314 4694 ἔργον
3335 4623 3671 4690 διακονίας.

2087 4721 2176 4784 είς
2204 4716 2531 4785 οἰκοδομὴν
2571 4714 2679 4769 τοῦ
2707 4713 2983 4783 σώματος
3010 4715 3118 4769 τοῦ
3143 4714 3399 4783 Χριστοῦ
3420 4756 3435 4780 ,
3489 4715 3672 4784 μέχρι

2088 4807 2551 4877 καταντήσομεν
2579 4809 2631 4861 οι
2660 4806 2883 4872 πάντες
2910 4810 2997 4873 είς
3020 4808 3134 4873 τὴν
3154 4806 3404 4875 ἑνότητα
3431 4806 3548 4874 τῆς
3576 4806 3672 4859 πί-

2089 4917 2278 4967 στεως
2323 4903 2423 4954 καὶ
2466 4898 2581 4967 τῆς
2619 4898 2996 4968 ἐπιγνώσεως
3038 4899 3148 4953 τοῦ
3185 4898 3322 4953 Υίοῦ
3362 4898 3471 4952 τοῦ
3496 4896 3669 4959 Θεοῦ.

2091 4994 2181 5059 είς
2205 4990 2394 5060 ἄνδρα
2416 4990 2673 5053 τέλειον,
2696 4990 2784 5056 είς
2803 4988 3024 5058 μέτρον
3042 4989 3285 5057 ἡλικίας
3307 4987 3414 5042 τοῦ
3437 4984 3673 5056 πληρώ-

2083 5101 2273 5155 ματος
2325 5082 2432 5136 τοῦ
2484 5080 2743 5150 Χριστοῦ
2767 5121 2784 5147 ,
2844 5082 2948 5135 ἵνα
2996 5081 3210 5151 μηκέτι
3257 5076 3414 5160 ὦμεν
3459 5078 3673 5147 νήπιοι

2089 5172 2587 5243 κλυδωνιζόμενοι
2600 5174 2646 5206 ⁸³
2673 5173 2774 5227 καί
2798 5177 3245 5245 περιφερόμενοι
3270 5175 3448 5229 παντί
3468 5174 3677 5245 ἀνέμῳ

2086 5267 2201 5337 τῆς
2231 5266 2629 5331 διδασκαλίας
2654 5305 2668 5333 ,
2712 5266 2789 5322 ἐν
2826 5266 2900 5338 τῇ
2939 5268 3145 5338 κυόείᾳ
3172 5266 3293 5324 τῶν
3318 5265 3671 5339 ἀνθρώπων,

1779 5544 2011 5600 VARLE
2051 5543 2458 5602 LECTIONES.

489 5653 549 5691 ss.
571 5650 771 5714 παντὸς
826 5652 927 5722 τῆς
995 5654 1318 5726 Ἐκκλησίας
1357 5657 1448 5713 ed.
1502 5657 1622 5713 Gal.

1716 5661 1761 5694 ⁸³
1805 5662 2239 5734 κλυδανιζόμςνοι
2277 5663 2367 5719 ed.
2394 5663 2512 5720 Gal.
