3984 6198
513 272 647 339 1099

1682 270 1741 331 S.
1780 267 2065 333 MAXIMI
2101 262 2613 335 CONFESSORIS

3626 281 3748 354 1100

506 399 628 439 esse
681 382 988 437 membrum
1040 389 1095 436 et
1140 390 1355 451 portent
1418 380 1477 435 in
1533 380 1753 437 talibus.
1817 380 1876 436 Si
1929 380 2073 434 enim

2180 380 2280 455 τὴν
2307 382 2514 456 φωνὴν,
2540 382 2814 456 μηδεμίαν
2836 385 3018 459 ἐαυτῷ
3044 387 3269 444 κυϐείαν
3289 388 3568 463 λογισμῶν
3587 410 3743 468 παρα-

506 475 690 547 portio
740 474 991 544 corporis
1035 472 1290 529 subsistit
1323 472 1655 539 membrum,
1685 472 1870 544 portio
1893 482 2079 528 autem

505 567 560 620 id
598 567 775 635 ipsum
808 572 893 620 est
940 574 995 618 et
1025 580 1170 634 pars,
1205 564 1260 619 id
1306 565 1488 634 ipsum
1529 565 1716 643 itaque
1769 564 2078 620 membrum

502 667 553 711 et
592 673 718 727 pars
754 650 885 711 est.’
912 656 967 711 Si
1005 664 1190 710 autem
1235 656 1291 711 id
1338 657 1516 725 ipsum
1549 656 1862 711 membrum
1905 664 1990 711 est
2022 665 2079 711 et

501 763 648 818 pars,
696 747 1071 802 membrorum
1118 762 1252 802 vero
1296 748 1599 802 cumulatio
1646 755 1703 802 et
1748 746 2078 816 compositio

502 856 705 910 corpus
743 839 874 894 facit
910 838 1252 911 organicum,
1294 852 1498 907 corpus
1538 845 1724 893 autem
1752 837 2075 909 organicum

500 934 700 987 animae
751 932 966 986 unitum
1014 930 1378 986 intellectuali
1432 930 1712 986 hominem
1767 928 2075 1000 perfectum

498 1024 765 1089 ostendit,
802 1025 970 1094 igitur
1007 1031 1219 1093 partem
1250 1022 1492 1076 hominis
1518 1023 1616 1092 qui
1644 1022 1781 1077 dicit
1811 1036 1932 1077 esse
1957 1021 2077 1077 ani-

499 1132 643 1170 mam
674 1131 774 1171 seu
801 1130 1002 1185 corpus
1023 1130 1119 1169 seu
1143 1114 1453 1169 membrum
1479 1114 1622 1185 ejus,
1645 1130 1677 1169 a
1696 1115 1932 1169 veritate
1962 1130 2073 1169 non

496 1206 798 1261 abcrrabit.
848 1205 903 1261 Si
944 1215 1129 1260 autem
1188 1205 1585 1260 intellectualis
1623 1205 1838 1270 animae,
1881 1212 2072 1275 utpote

496 1295 758 1360 hominis,
782 1294 1035 1349 subsistit
1066 1309 1268 1362 corpus
1290 1308 1582 1364 organum,
1604 1309 1705 1364 per
1733 1302 1908 1349 totum
1938 1308 2073 1348 vero

495 1400 701 1455 corpus
744 1393 854 1439 tota
890 1385 1139 1455 limplens
1190 1386 1374 1439 anima
1419 1384 1609 1440 vivere
1658 1383 1710 1439 ei
1759 1392 1817 1439 et
1861 1382 2072 1439 moveri

494 1479 608 1541 dat,
659 1485 719 1531 ut
760 1477 954 1547 simpla
990 1492 1089 1548 per
1129 1484 1382 1531 naturam
1422 1485 1479 1531 et
1523 1475 1909 1546 incorporalis,
1959 1491 2071 1530 non

495 1567 891 1636 cundispertita
944 1576 1039 1621 aut
1069 1565 1329 1621 conclusa
1355 1564 1417 1619 in
1452 1578 1540 1630 co,
1572 1564 1669 1619 sed
1708 1564 1813 1618 toti
1857 1572 1914 1618 et
1943 1563 2070 1617 uni-

495 1659 694 1726 cuique
734 1656 1109 1711 membrorum
1142 1658 1262 1727 ejus
1297 1657 1378 1711 sic
1409 1657 1699 1712 consuevit
1742 1671 1864 1711 eam
1895 1655 2070 1711 susei-

494 1765 625 1820 pere
653 1751 810 1821 juxta
856 1748 1183 1803 naturaliter
1232 1748 1538 1819 subjectam
1586 1748 1692 1803 sibi
1730 1748 2069 1818 acceptivam
2105 1729 2145 1783 Β

493 1839 833 1908 operationis
862 1839 1060 1893 animae
1082 1840 1375 1905 virtutem,
1401 1847 1515 1894 tota
1543 1855 1786 1910 praesens
1803 1838 2069 1895 dill‘eren-

492 1945 579 1986 tor
620 1948 740 1986 eam
794 1931 1120 2001 accipientia
1158 1932 1405 1986 membra
1460 1930 1957 2001 prOportionaliter
2000 1931 2069 1987 ad

494 2025 938 2080 nb;ervationem
972 2039 1143 2077 unum
1188 2022 1305 2077 ﬁeri
1334 2038 1538 2093 corpus
1571 2023 1857 2094 adjungit;
1892 2024 2070 2080 intro-

494 2118 723 2171 ductum
747 2124 831 2171 est
854 2115 909 2170 in
933 2131 1188 2186 magnum
1232 2121 1288 2169 et
1313 2114 1593 2170 ineffabile
1624 2114 2069 2171 Christianorum

495 2209 668 2263 λίπητε
694 2209 811 2279 spei
844 2208 1188 2279 mysterium,
1225 2215 1281 2262 et
1312 2207 1498 2275 parvis
1530 2215 1587 2262 et
1611 2205 1917 2262 secundum
1941 2222 2068 2272 nos,

495 2312 718 2368 magnas
760 2304 819 2352 et
861 2313 1027 2368 supra
1067 2312 1168 2352 nos
1218 2312 1329 2351 non
1366 2296 1576 2351 alienas
1604 2295 1883 2366 accipiens
1912 2296 2069 2351 simi-

493 2393 777 2455 litudines,
829 2392 925 2461 qui
956 2390 1203 2461 quietam
1252 2397 1309 2445 et
1341 2388 1485 2446 bene
1514 2389 1735 2446 facilem
1768 2389 1837 2445 de
1870 2389 2073 2445 talibus

494 2482 676 2536 adhuc
739 2481 1158 2551 intelligentiam
1212 2481 1441 2537 creavit.
1486 2483 1574 2553 ;Ac
1617 2482 1686 2539 de
1746 2483 1875 2548 hoc,
1922 2482 2071 2553 quod

494 2575 691 2628 anima:
714 2584 841 2629 ante
866 2588 1099 2643 corpora
1132 2574 1459 2641 subsistant,
1484 2574 1921 2631 irrationabilem
1948 2575 2070 2646 opi-

497 2667 719 2719 nionem
763 2666 1105 2736 relinquens,
1151 2668 1442 2721 nobiscum
1477 2667 1671 2724 credat
1714 2668 1952 2724 Domino
1988 2669 2073 2724 di-

496 2757 641 2812 t-enti
677 2757 745 2812 de
796 2757 884 2812 his
930 2758 1026 2827 qui
1075 2758 1131 2812 in
1165 2761 1628 2816 resurrectionem
1665 2772 1914 2833 surgent,
1958 2778 2071 2818 non

496 2864 657 2920 posse
688 2849 830 2903 mori
870 2858 1095 2920 prepter
1139 2850 1313 2919 ipsius
1338 2850 1603 2907 videlicet
1631 2854 2072 2925 purgatissimam

491 2944 615 3012 jure
659 2942 944 2997 novissimi
995 2942 1107 2996 dati
1150 2942 1650 2999 manifestationem
1678 2954 1734 3000 et
1769 2947 2072 3018 participa-

495 3034 725 3089 tionem.
764 3034 832 3088 Et
860 3033 1059 3087 iterum
1092 3050 1104 3086 :
1138 3032 1317 3088 Omnis
1340 3036 1430 3105 qui
1460 3037 1582 3090 vivit
1614 3046 1664 3090 et
1696 3038 1860 3092 credit
1888 3041 1944 3093 in
1969 3057 2071 3107 me,

496 3140 602 3177 non
651 3125 905 3178 morietur
940 3125 997 3177 in
1039 3132 1295 3177 wternum
1323 3136 1370 3179 ιι.
1402 3125 1558 3192 Quod
1601 3128 1825 3198 quidem
1864 3130 1911 3184 si
1945 3140 2074 3187 ante

498 3216 657 3270 ﬁeret
693 3214 1013 3284 aliquando,
1050 3215 1389 3285 impossibile
1437 3226 1605 3285 esset,
1645 3227 1705 3274 ut
1729 3229 1855 3276 ante
1884 3220 2075 3277 datum

497 3317 601 3370 cst,
659 3322 759 3376 per
798 3307 1216 3362 conversionem
1279 3310 1575 3379 quamdam
1632 3313 2075 3384 qualemcunque

500 3399 747 3468 recipere
776 3407 1034 3454 mortem.
1081 3400 1150 3455 Et
1180 3410 1334 3455 extra
1368 3403 1651 3459 naturales
1684 3420 1795 3459 non
1825 3406 2076 3476 egredia-

501 3499 592 3543 tur
647 3488 911 3553 rationes,
967 3504 1064 3559 per
1098 3490 1418 3557 vanitatem,
1466 3509 1577 3549 non
1609 3495 1967 3552 exsistentem
2007 3498 2075 3554 de

497 3581 678 3634 anima
731 3580 1049 3649 opinionem
1115 3581 1386 3639 divinitus
1438 3584 1741 3643 admirans.
1804 3586 1859 3643 Si
1924 3590 2072 3644 enim

500 3672 742 3727 hominis
793 3682 999 3741 partes,
1041 3672 1186 3729 sicut
1241 3682 1372 3730 ante
1417 3676 1694 3732 redditum
1739 3687 1846 3745 est,
1871 3695 2075 3751 corpus

496 3774 553 3817 et
601 3764 783 3819 anima
821 3765 1256 3831 constituuntur,
1308 3774 1493 3835 partes
1532 3776 1714 3824 autem
1760 3772 2075 3826 necessario

498 3856 821 3911 relationem
850 3856 918 3910 ad
941 3856 1149 3927 aliquid
1173 3857 1491 3928 accipiunt;
1529 3866 1704 3914 totum
1732 3861 1879 3916 enim
1907 3861 2075 3919 habet

497 3948 725 4003 omnino
779 3947 1269 4017 pradicamentum
1303 3965 1317 4000 :
1351 3964 1473 4019 quae
1514 3964 1647 4005 vero
1693 3951 1773 4006 sic
1810 3952 2074 4009 dicuntur

497 4038 563 4093 ad
595 4038 827 4108 aliquid,
859 4052 1054 4091 eorum
1099 4045 1230 4090 sunt
1267 4051 1391 4107 qua:
1416 4037 1579 4092 simul
1614 4038 1823 4110 ubique
1848 4049 1903 4095 et
1933 4058 2075 4098 sem-

496 4143 596 4196 per
634 4125 938 4182 secundum
981 4125 1390 4197 generationem
1424 4135 1578 4195 sunt,
1609 4130 2072 4198 quemadmodum

496 4226 684 4287 partes
722 4218 961 4288 speciem
1003 4226 1172 4273 totam
1210 4218 1361 4273 coitu
1404 4218 1720 4289 perﬁciunt,
1755 4224 1870 4281 sola
1915 4225 2075 4282 intel-

496 4309 724 4379 legentia
771 4309 839 4364 ad
881 4309 987 4365 hoc
1035 4309 1471 4380 dignoscendum
1497 4311 1631 4381 quid
1666 4312 1739 4368 sit
1769 4315 2071 4371 secundum

2101 3078 2149 3139 C

2184 472 2414 541 γεννῶν,
2434 473 2591 539 είδὼς
2610 476 2809 529 ταύτὸν
2827 470 2967 532 εἶναι
2992 477 3071 549 τῷ
3087 479 3239 550 μέλει
3259 478 3360 551 τὴν
3375 483 3569 554 μοῖραν
3583 487 3632 538 ὲν
3644 492 3744 552 τοῖς

2182 565 2465 630 τοιούτοις.
2502 566 2564 619 Ei
2583 567 2692 639 γάρ
2724 567 2892 640 μέρος
2916 570 3010 624 τοῦ
3036 571 3288 643 σώματος
3317 575 3555 645 ὑπάρχει
3581 576 3635 631 τὸ
3657 581 3740 649 μέ-

2180 655 2273 719 λος
2291 694 2307 721 ,
2360 656 2424 710 τὸ
2448 656 2506 710 δὲ
2540 658 2701 728 μέλος
2732 660 2930 714 ταύτόν
2954 663 3071 715 ἐστι
3101 666 3168 735 τῇ
3194 664 3392 735 μοίρᾳ,
3428 667 3622 722 ταύτὸν
3646 670 3738 740 ἄρα

2178 748 2240 801 τὸ
2268 748 2430 818 μέλος
2454 752 2522 822 τῇ
2552 750 2719 822 μοίρᾳ
2747 749 2919 807 ἔσται.
2955 754 3016 807 Εἰ
3039 752 3097 807 δὲ
3122 754 3321 810 ταύτὸν
3344 755 3421 826 τῷ
3443 756 3594 827 μέλει
3612 760 3738 815 ἐστὶν

2179 840 2213 910 ἡ
2248 842 2450 912 μοῖρα,
2515 840 2695 910 μελῶν
2739 840 2798 894 δὲ
2843 842 3144 915 ἀθροισμὸς
3177 849 3274 900 καὶ
3303 847 3556 914 σύνθεσις
3600 852 3739 922 σῶμα

2178 933 2325 984 ποιεῖ
2359 930 2543 1001 (132
2565 932 2614 1003 ὁ)
2648 932 2971 1004 ὀργανικὸν,
3032 936 3193 1006 σῶμα
3214 937 3273 990 δὲ
3297 937 3588 1007 ὀργανικὸν
3613 942 3735 1015 ψυχῇ

2178 1018 2382 1073 ἑνωοὲν
2408 1021 2572 1091 νοερᾷ
2596 1021 2884 1093 ἄνθρωπον
2909 1023 3116 1079 τέλειον
3135 1016 3431 1094 δείκνυσιν,
3462 1028 3573 1101 ἄρα
3598 1032 3737 1102 μέρος

2176 1108 2469 1181 ἀνθρώπου
2498 1111 2528 1164 ὁ
2549 1110 2725 1180 λέγων
2756 1107 2895 1165 εἶναι
2925 1113 3026 1185 τὴν
3051 1114 3230 1186 ψυχὴν
3270 1116 3303 1188 ἢ
3333 1115 3393 1170 τὸ
3417 1118 3578 1189 σῶμα
3600 1120 3630 1190 ἢ
3656 1121 3735 1191 μέ-

2174 1198 2266 1262 λος
2294 1201 2458 1254 αὐτοῦ
2500 1202 2601 1272 τῆς
2630 1201 2889 1272 ἀληθείας
2914 1203 3014 1274 οὐχ
3038 1206 3441 1278 ἁμαρτήσεται.
3488 1208 3551 1262 Εί
3576 1210 3627 1262 δὲ
3652 1212 3733 1283 τῆς

2172 1294 2364 1363 νοερᾶς
2386 1291 2566 1363 ψυχῆς
2588 1291 2662 1356 ὡς
2683 1292 2973 1364 ἀνθρώπου
2998 1295 3233 1367 ὑπάρχει
3250 1297 3313 1350 τὸ
3330 1298 3491 1368 σῶμα
3511 1298 3732 1371 ὄργανον,

2171 1385 2239 1439 δι’
2260 1385 2381 1439 ὅλου
2405 1384 2464 1439 δὲ
2505 1384 2599 1439 τοῦ
2630 1383 2882 1456 σώματος
2911 1386 3009 1458 ὅλη
3034 1386 3292 1458 χωροῦσα
3337 1391 3373 1460 ἡ
3396 1389 3545 1463 ψυχὴ
3571 1392 3625 1445 τὸ
3649 1391 3734 1459 ζῇν

2172 1476 2323 1548 αύτῷ
2355 1477 2450 1531 καὶ
2474 1475 2745 1532 κινεῖσθαι
2771 1477 2986 1531 δίδωσιν
3008 1517 3023 1540 ,
3057 1478 3134 1543 ὼς
3160 1478 3308 1553 ἁπλῆ
3333 1481 3435 1551 τὴν
3462 1482 3619 1549 φύσιν
3657 1485 3735 1534 καὶ

2171 1566 2499 1638 ἀσώματος,
2549 1565 2624 1637 μὴ
2660 1565 3159 1636 συνδιατεμνομένη
3196 1566 3734 1639 ἢσυναποκλειομένη

2171 1657 2343 1729 αύτῷ,
2371 1658 2488 1712 ἀλλ’
2508 1658 2616 1728 ὅλῳ
2645 1657 2739 1711 καὶ
2765 1656 2984 1728 ἑκάστῳ
3014 1657 3121 1709 τῶν
3145 1657 3312 1712 αὐτοῦ
3337 1657 3540 1729 μελῶν,
3569 1658 3637 1722 ὡς
3657 1658 3738 1711 πέ-

2178 1766 2350 1820 φυκεν
2366 1749 2537 1820 αὐτὴν
2554 1748 2913 1819 ὑποδέχεσθαι
2927 1749 3070 1802 κατὰ
3085 1748 3184 1821 τὴν
3202 1748 3452 1819 φυσικῶς
3469 1750 3740 1819 ὑποκειμέ-

2177 1857 2274 1914 νην
2304 1840 2456 1911 αύτῷ
2480 1839 2736 1912 δεκτικὴν
2758 1840 2860 1910 τῆς
2882 1840 3165 1911 ἐνεργείας
3189 1840 3362 1911 αὐτῆς
3385 1840 3632 1912 δύναμιν,
3655 1840 3740 1912 ὅλη

2179 1935 2431 2007 παροῦσα
2459 1934 2528 1989 τά
2557 1933 2829 2004 διαφόρως
2855 1927 3028 2004 αὐτῆς
3054 1933 3285 1987 δεκτικά
3315 1933 3452 2004 μέλη
3486 1932 3744 2001 ἀναλόγως

2179 2028 2318 2097 πρὸς
2345 2027 2444 2099 τὴν
2475 2025 2570 2080 τοῦ
2603 2025 2662 2080 ἓν
2690 2021 2831 2080 εἶναι
2864 2024 3026 2094 σῶμα
3061 2028 3395 2096 συντήρησιν
3418 2025 3741 2095 ὲπισφίγγει,

2176 2119 2362 2188 δδηγεί
2369 2118 2480 2172 σθω
2496 2118 2588 2171 ἐπὶ
2601 2116 2661 2170 τὸ
2675 2116 2817 2187 μέγα
2831 2116 2925 2170 καὶ
2936 2116 3176 2187 άρρητον
3184 2115 3284 2185 τῆς
3297 2115 3407 2169 τῶν
3417 2113 3747 2187 Χριστιανῶν

2182 2208 2464 2280 μακαρίας
2514 2207 2733 2270 ἐλπίδος
2791 2205 3119 2277 μυστήριον,
3154 2208 3219 2259 ὲκ
3260 2206 3372 2261 τῶν
3409 2207 3623 2277 μικρῶν
3663 2204 3750 2259 καὶ

2178 2299 2303 2353 καθ’
2326 2301 2477 2370 ἡμᾶς
2520 2300 2631 2352 τῶν
2667 2298 2921 2369 μεγάλων
2951 2299 3047 2352 καὶ
3085 2298 3228 2370 ὑπὲρ
3255 2299 3406 2369 ἡμᾶς
3424 2299 3530 2351 οὐκ
3558 2297 3749 2368 ἀγεννῆ

2177 2388 2359 2443 λαδὼν
2395 2388 2465 2442 τὰ
2497 2390 2829 2459 εἰκάσματα,
2853 2388 3007 2451 ὅστις
3037 2388 3231 2457 ἀπαγῆ
3262 2388 3359 2442 καὶ
3390 2387 3752 2459 εὐκράδαντον

2178 2483 2308 2555 περὶ
2331 2480 2537 2535 τούτων
2564 2481 2645 2533 ἔτι
2667 2480 2768 2552 τὴν
2790 2480 3030 2535 διάνοιαν
3056 2480 3342 2551 κέκτηται.
3373 2480 3486 2535 Καὶ
3514 2479 3614 2550 τὴν
3636 2478 3754 2550 περὶ

2175 2574 2273 2629 τοῦ
2301 2574 2680 2644 προϋπάρχειν
2717 2572 2826 2627 τῶν
2853 2573 3123 2644 σωμάτιον
3153 2573 3253 2635 τάς
3273 2572 3454 2643 ψυχάς
3478 2572 3584 2626 οὐκ
3607 2569 3756 2625 εὔλο-

2178 2682 2274 2735 γον
2308 2665 2466 2730 δόξαν
2510 2665 2669 2734 ἀφεὶς
2702 2663 2820 2734 μεθ’
2851 2664 3008 2735 ἡμῶν
3037 2663 3321 2718 πιστεύσει
3360 2663 3439 2734 τῷ
3468 2662 3649 2734 κυρίῳ
3675 2660 3758 2715 λέ-

2177 2775 2330 2827 γοντι
2360 2756 2489 2829 περὶ¹
2525 2755 2635 2810 τῶν
2669 2756 2749 2819 είς
2786 2755 2886 2827 τὴν
2923 2755 3222 2810 ἀνάστασιν
3270 2756 3643 2827 ἐγειρομένων
3687 2754 3761 2825 μὴ

2179 2849 2440 2905 δύνασθαι
2470 2847 2866 2918 ἀποθνήσκειν,
2903 2846 2995 2902 διά
3019 2847 3120 2919 τὴν
3156 2847 3325 2902 αὑτοῦ
3356 2848 3566 2921 δηλαδὴ
3593 2847 3761 2902 καθαο

2182 2939 2428 3014 ρωτέραν
2464 2939 2693 3010 ἐσχάτου
2723 2938 2769 2972 ⁸⁸
2801 2938 3032 3012 δρεκτοῦ
3076 2939 3390 3011 φανέρωσίν
3418 2957 3487 2994 τε
3515 2941 3614 2996 xui.
3642 2955 3762 3012 μετ-

2180 3036 2390 3089 ουσίαν.
2413 3031 2524 3086 Καὶ
2544 3031 2724 3095 πάλιν,
2745 3030 2871 3097 Πᾶς
2898 3034 2932 3086 ό
2955 3029 3067 3093 ζῶν
3086 3029 3183 3086 καὶ
3197 3032 3506 3087 πιστεύων
3522 3035 3616 3099 είς
3638 3030 3763 3102 ἐμὲ,

2179 3123 2253 3176 οὐ
2278 3119 2367 3190 μὴ
2396 3118 2673 3187 ἀποθάνῃ
2701 3121 2789 3185 εις
2819 3121 2928 3173 τὸν
2957 3118 3161 3175 αἰῶνα.
3183 3119 3367 3191 Ὅπερ
3388 3122 3441 3173 εί
3464 3117 3766 3191 προεγεγό-

2178 3229 2260 3267 νει
2291 3211 2339 3245 ”
2369 3210 2521 3275 ποτὲ,
2556 3210 2821 3265 ἀδύνατον
2855 3208 2948 3282 ἦν,
2989 3211 3066 3275 ὡς
3104 3209 3612 3282 προαποδέδεικται
3632 3249 3651 3274 ,
3677 3210 3768 3263 τὸν

2177 3305 2319 3360 κατά
2349 3307 2559 3377 τροπήν
2593 3321 2716 3359 τινα
2770 3299 2884 3358 οἷον
2931 3304 3138 3376 δήποτε
3187 3302 3446 3370 δέξασθαι
3503 3305 3764 3360 θάνατον.

2177 3397 2289 3452 Καὶ
2319 3396 2428 3451 τῶν
2449 3394 2693 3466 φυσικῶν
2722 3394 2827 3462 ἔξω
2843 3395 2917 3468 μὴ
2942 3395 3175 3467 βαινέτω
3191 3396 3475 3468 λογισμῶν
3503 3397 3699 3470 (133
3716 3398 3771 3465 α)

2174 3488 2434 3561 διακενῆς
2461 3488 2562 3559 τὴν
2581 3489 2682 3543 οὐκ
2704 3483 2872 3543 οὖσαν
2902 3489 3034 3559 περὶ
3067 3488 3247 3563 ψυχῆς
3277 3488 3440 3555 δόξαν
3458 3490 3767 3557 θεσπίζων.

2175 3585 2241 3639 Ei
2272 3582 2383 3654 γὰρ
2414 3579 2704 3653 ἀνθρώπου
2752 3580 2918 3652 μέρη,
2964 3578 3146 3644 καθὼς
3184 3581 3673 3652 προαποδέδοται,
3712 3583 3773 3637 τὸ

2177 3676 2340 3747 σῶμα
2370 3674 2467 3730 καὶ
2510 3675 2544 3746 ἡ
2599 3672 2744 3745 ψυχὴ
2771 3675 3120 3743 τυγχάνουσι,
3150 3672 3219 3726 τὰ
3255 3672 3314 3727 δὲ
3348 3673 3502 3746 μέρη
3549 3675 3656 3746 τὴν
3692 3675 3771 3737 είς

2173 3769 2234 3823 τὸ
2261 3751 2398 3840 πρός
2430 3784 2483 3821 τι
2517 3767 2576 3834 ἐξ
2616 3766 2861 3835 ἀνάγκης
2908 3763 3185 3835 ἀναφοράν
3213 3763 3432 3835 δέχεται
3480 3765 3639 3837 (δλον
3664 3767 3774 3836 γάρ

2173 3860 2286 3931 ἔχει
2309 3860 2530 3923 πάντως
2559 3855 3080 3929 κατηγορούμενον),
3109 3856 3180 3911 τά
3208 3856 3267 3911 δὲ
3304 3856 3456 3912 οὕτω
3484 3859 3768 3930 λεγόμενα

2175 3950 2313 4022 πρός
2346 3968 2399 4005 τι
2421 3950 2534 4006 τῶν
2566 3950 2686 4021 ἅμα
2716 3949 2896 4021 πάντη
2934 3965 2995 4002 τε
3019 3948 3116 4002 καὶ
3152 3948 3372 4012 πάντως
3405 3950 3567 4005 κατὰ
3596 3950 3700 4023 τὴν
3726 3946 3778 3982 δ’

2172 4043 2389 4113 γένεσίν
2419 4043 2587 4104 ἐστιν,
2610 4040 2686 4105 ὡς
2725 4039 2867 4111 μέρη
2898 4034 3037 4104 εἶδος
3062 4039 3186 4095 ὅλον
3210 4042 3278 4111 τῇ
3310 4041 3533 4113 συνόδῳ
3564 4044 3769 4097 άποτεο

2172 4133 2391 4201 λοῦντα,
2427 4131 2642 4204 ἐπινοίᾳ
2671 4132 2808 4203 μόνῃ
2833 4133 2901 4202 τῇ
2934 4130 3071 4201 πρὸς
3098 4130 3397 4201 διάγνωσιν
3419 4133 3530 4187 τοῦ
3563 4134 3625 4187 τί
3657 4131 3775 4187 κατ’

2172 4226 2362 4281 οὐσίαν
2385 4225 2621 4279 ἕκαστον
2663 4222 2914 4294 ἀλλήλων
2947 4222 3320 4292 διαιρούμενα,
3345 4252 3418 4263 -
3439 4224 3646 4295 ψυχὴν
3672 4225 3773 4293 ἄρα

2175 4320 2269 4374 καὶ
2304 4318 2485 4388 σῶμα,
2507 4316 2584 4382 ὡς
2609 4316 2749 4388 μέρη
2771 4313 3085 4388 ἀνθρώπου,
3106 4314 3353 4386 ἀλλήλων
3375 4320 3778 4389 προϋπάρχειν

496 4400 789 4455 essentiam
827 4400 1263 4470 unumquodque
1314 4416 1346 4455 a
1396 4416 1453 4455 se
1491 4401 1731 4458 invicem
1781 4416 2068 4474 separata:

2178 4409 2444 4484 χρονικῶς
2472 4409 2507 4481 ἢ
2552 4405 2924 4479 μεθυπάρχειν
2951 4406 3253 4477 ἀμήχανον,
3283 4406 3405 4459 επεὶ
3435 4408 3469 4460 ό
3500 4408 3611 4462 τοῦ
3643 4406 3775 4478 πρός

495 4491 734 4545 animam
784 4491 952 4562 igitur
1002 4500 1060 4546 et
1091 4506 1294 4561 corpus
1344 4492 1545 4547 merito
1595 4502 1779 4561 partes
1826 4495 2070 4554 hominis

494 4584 642 4638 inter
678 4600 738 4639 se
781 4584 1016 4639 invicem
1051 4593 1180 4640 ante
1216 4584 1519 4643 subsistere
1565 4588 1942 4656 temporaliter
1971 4602 2069 4649 ant

446 4736 447 4743 γ
492 4686 618 4744 post
650 4676 951 4731 subsistere
1003 4674 1345 4744 impossibile
1387 4683 1494 4739 est,
1541 4675 1749 4747 alioqui
1795 4681 1940 4737 ratio
1971 4683 2064 4739 illa

442 4833 451 4848 ι
493 4780 616 4832 qua:
671 4765 751 4818 sic
784 4764 989 4819 dicitur
1035 4763 1105 4818 ad
1146 4764 1357 4835 aliquid
1407 4765 1671 4823 solvetur.
1723 4768 1792 4823 Et
1838 4771 2059 4838 iterum,

442 4934 449 4941 .
493 4855 538 4907 si
566 4872 662 4924 per
695 4871 753 4910 sc
784 4855 994 4924 species
1019 4862 1146 4908 ante
1167 4869 1369 4924 corpus
1394 4866 1482 4912 est
1510 4858 1691 4913 anima
1719 4868 1817 4914 aut
1839 4877 2061 4934 corpus,

492 4944 733 5013 speciem
779 4960 911 4999 vero
959 4944 1120 4997 aliam
1176 4942 1375 4998 horum
1423 4954 1719 5017 utrumque
1763 4952 2065 5008 secundum

493 5036 689 5090 animae
733 5036 803 5090 ad
848 5050 1050 5103 corpus
1090 5035 1547 5104 compositionem
1584 5046 1680 5092 aut
1716 5042 1967 5111 corporis
1999 5045 2066 5099 ad

492 5129 733 5183 animam
772 5128 1008 5198 perﬁcit.
1033 5139 1130 5185 aut
1173 5130 1441 5201 patientia
1465 5130 1695 5185 omnino
1722 5132 1829 5188 hoc
1858 5134 2069 5191 faciunt

491 5230 587 5275 aut
618 5223 945 5278 naturaliter
974 5222 1311 5278 t-xsistentia.
1338 5222 1407 5276 Et
1438 5222 1485 5276 si
1520 5221 1742 5291 quidem
1780 5225 2066 5293 patientia,

490 5315 781 5384 patiuntur
805 5316 857 5368 id
881 5316 1029 5384 quod
1065 5331 1174 5370 non
1207 5322 1366 5371 erant
1397 5313 1683 5378 exsistere,
1733 5327 1788 5369 et
1818 5333 2067 5372 corrum-

560 5482 582 5506 ⁸
652 5474 815 5531 Joan.
848 5492 923 5540 χι,
961 5476 1050 5529 26.

2172 4519 2225 4557 τι
2259 4500 2402 4555 οὕτω
2446 4498 2737 4569 λεγόμενος
2787 4497 3080 4567 λυθήσεται
3122 4495 3300 4564 λόγος.
3334 4496 3448 4552 Καὶ
3480 4497 3687 4554 πάλιν·
3717 4497 3779 4551 Et

2174 4596 2284 4664 γὰρ
2311 4592 2436 4646 καθ’
2465 4589 2598 4645 αὐτὸ
2626 4584 2765 4652 εἶδος
2806 4586 2913 4660 πρὸ
2945 4587 3039 4645 τοῦ
3072 4586 3324 4659 σώματός
3360 4589 3529 4644 ἐστιν
3562 4592 3600 4662 ἡ
3631 4590 3777 4660 ψυχὴ

2174 4685 2207 4758 ἢ
2243 4684 2305 4737 τὸ
2344 4681 2526 4752 σῶμα,
2568 4675 2709 4744 εἶδος
2731 4679 2790 4733 δὲ
2812 4678 2942 4734 ἄλλο
2970 4678 3179 4732 τούτων
3202 4678 3472 4748 ἑκάτερον
3493 4680 3660 4735 κατὰ
3682 4680 3778 4751 τῇ

2171 4774 2352 4843 ψυχῆς
2385 4771 2522 4841 πρὸς
2542 4768 2603 4822 τὸ
2630 4768 2793 4838 σῶμα
2821 4766 3091 4832 σύνθεσιν,
3126 4766 3161 4836 ἢ
3190 4766 3444 4837 σώματος
3484 4770 3646 4840 πρὸς
3676 4771 3773 4838 qm.

2177 4865 2301 4936 χὴν,
2327 4860 2604 4923 ἀποτελεῖ,
2639 4859 2672 4930 ἢ
2728 4858 3010 4927 πάσχοντα
3037 4856 3254 4919 πάντως
3299 4855 3466 4910 τοῦτο
3524 4861 3713 4925 ποιεῖ,
3742 4857 3778 4931 ἢ

2174 4953 2477 5022 πεφυκότα.
2502 4950 2611 5003 Καὶ
2632 4950 2680 5001 εί
2704 4948 2803 5017 μὲν
2828 4947 3126 5017 πάσχοντα,
3154 4945 3501 5001 πεπόνθασιν
3529 4950 3625 5011 είς
3642 4947 3779 5015 ὅπερ

2174 5050 2268 5081 η’...
2304 5042 2372 5081 ιι,
2407 5040 2735 5081 ἐβοητᾶιιςνιι
2786 5034 2894 5081 ’καὶ
2923 5037 3223 5081 ωθεῑοετιιι,
3259 5038 3308 5081 εἰ
3345 5036 3402 5081 δὲ
3435 5038 3776 5081 πεφυγὰτει-

2168 5050 2271 5102 οὐκ
2304 5042 2372 5115 ἦν
2406 5040 2757 5110 ὲξιστάμενα,
2786 5034 2894 5091 ’καὶ
2923 5037 3227 5109 φθείρεται,
3259 5038 3308 5090 εί
3345 5036 3403 5090 δὲ
3435 5038 3778 5108 πεφυκότα,

2169 5141 2255 5194 ἀεὶ
2288 5136 2448 5192 τοῦτο
2480 5134 2567 5189 διά
2599 5133 2659 5186 τὸ
2704 5130 2949 5200 πεφυκὸς
3000 5129 3295 5201 ἐργάσεται
3343 5127 3653 5198 δηλονότι,
3687 5131 3781 5183 καὶ

2166 5230 2426 5286 οὐδέποτε
2455 5224 2723 5279 παύσεται
2765 5224 2797 5294 ἡ
2833 5222 2981 5293 ψυχὴ
3025 5220 3119 5275 τοῦ
3165 5222 3780 5292 μετενσωματοῦσθαι.

2168 5322 2288 5375 οὐδὲ
2306 5319 2414 5373 ’τοῦ
2454 5312 2932 5389 μετεμψυχοῦσθαι
2961 5312 3023 5366 τὸ
3057 5312 3237 5385 σῶμα.
3268 5311 3409 5365 Ἀλλ’
3446 5313 3573 5367 οὐκ
3604 5313 3779 5372 ἐστιν,

1762 5580 1999 5641 γΑιιιτε
2056 5585 2462 5643 LECTIONES.

558 5684 608 5719 υ

644 5698 716 5761 ὡς
750 5700 976 5769 ἔσχατον
1004 5698 1092 5752 ed.
1116 5698 1233 5753 Gal.
1314 5702 1356 5733 ’δ
1392 5700 1710 5772 προγεγόνει
1737 5702 1826 5758 ed.
1863 5703 1982 5760 Gal.
2058 5704 2103 5737 ⁸⁰
2133 5706 2231 5778 τὴν
2257 5718 2366 5759 om.
2393 5703 2481 5759 ed.
2512 5701 2630 5756 Gal.
