3984 6198
286 218 416 293 1101

1508 227 2023 300 AMBIGUORUM
2063 232 2314 321 LIBER.

3387 244 3525 315 1102

279 341 354 404 ὡς
394 334 569 412 οἶμαι,
614 334 710 397 τοῦ
763 339 972 407 πάθους
1018 343 1053 414 ἢ
1084 342 1186 413 τῆς
1225 342 1334 399 τῶν
1383 346 1566 417 μερῶν
1619 349 1847 433 φυσικῆς

1954 364 2196 423 puntur;
2217 355 2264 410 si
2286 369 2417 410 vero
2436 330 2764 410 naiuraliter
2785 352 3130 425 exsislentia,
3158 375 3379 433 semper
3400 364 3527 429 hoc,

278 429 559 500 δυνάμεως
589 430 730 486 κατὰ
758 432 857 502 τὴν
901 431 1040 503 πρὸς
1085 432 1314 507 θάτερον
1348 434 1581 507 θατέρου
1631 427 1849 493 σύνοδον
1880 468 1886 476 ·

279 521 315 588 ή
366 517 459 572 τοῦ
508 518 632 573 ὅλου
689 522 813 584 κατ’
849 516 989 586 εἶδος
1046 523 1417 595 ἐκπλήρωσις,
1447 521 1592 579 ἀλλδί
1613 527 1715 597 τῆς
1763 529 1849 581 ἐπ’

278 610 462 673 αὐτοῖς
494 611 612 681 ἅμα
640 611 762 666 κατ’
787 605 926 691 εἶὸος
961 612 1080 687 ὅλον
1108 616 1400 682 γενέσεως.
1437 616 1551 669 Οὐκ
1577 617 1726 671 ἐστιν
1757 616 1851 672 οὖν

275 701 504 758 δυνατὸν
529 700 658 757 ἄνευ
682 702 891 774 φθορᾶς
926 703 986 768 ἐξ
1023 704 1196 769 εἴδους
1218 707 1297 769 είς
1323 702 1461 771 εἶδος
1493 706 1850 777 μεταϐάλλειν

274 793 338 847 τὸ
360 794 569 849 οίονοῦν
602 790 761 860 εἶδος.
788 798 852 851 Et
882 797 940 851 δὲ
964 798 1046 853 ὅτι
1076 799 1214 869 μετὰ
1244 800 1338 854 τὸν
1369 801 1598 857 θάνατον
1626 803 1723 858 καὶ
1752 803 1851 875 τὴν

168 915 181 919 -
276 886 434 941 λύσιν
461 887 556 941 τοῦ
608 888 862 960 σώματος
892 890 1040 945 ἐστιν
1074 893 1108 963 ἡ
1139 892 1287 963 ψυχὴ
1316 894 1411 946 καὶ
1435 894 1710 967 ὑφέστηκε
1747 897 1853 967 φή·-

277 995 434 1033 σουσι
485 979 581 1035 καὶ
618 980 801 1052 (133
838 982 889 1052 b)
939 982 1046 1053 πρὸ
1078 984 1173 1037 τοῦ
1214 986 1467 1054 σώματος
1510 982 1645 1039 εἶναι
1680 986 1852 1059 αὐτὴν

276 1069 541 1124 δύνασθαι
571 1048 1019 1141 καῖὸφεσταναι,
1052 1073 1152 1128 οὒκ
1174 1048 1590 1146 ἐστοχασμένως
1616 1076 1685 1143 ⁸⁸,
1709 1048 1853 1148 ἔμοί-

209 1159 237 1235 }
276 1178 340 1228 γε
369 1162 537 1224 δοκεῖ,
574 1165 603 1215 ὅ
637 1162 795 1232 λόγος
843 1165 1028 1228 αὐτοῖς
1086 1165 1432 1238 προέρχεται.
1472 1167 1584 1237 Οὐχ
1633 1168 1662 1220 ὁ
1689 1168 1853 1233 αὐτὸς

206 1237 229 1254 ”
273 1249 383 1320 γὰρ
402 1251 673 1318 γενέσεως
703 1253 797 1306 καὶ
818 1254 1007 1318 οὐσίας
1033 1253 1211 1323 λόγος.
1243 1256 1302 1309 '0
1331 1256 1432 1326 μὲν
1457 1256 1566 1328 γὰρ
1594 1256 1690 1312 τοῦ
1720 1276 1852 1312 ποτε

274 1338 368 1392 καί
407 1357 510 1393 που
547 1332 689 1394 εἶναι
728 1343 823 1396 καὶ
858 1344 996 1413 πρός
1021 1361 1074 1397 τι
1107 1346 1276 1412 ἐστὶν,
1308 1347 1336 1399 ὁ
1360 1346 1417 1399 δὲ
1450 1347 1544 1400 τοῦ
1586 1343 1725 1402 εῖναι
1756 1352 1851 1404 καί

274 1447 327 1483 τι
361 1431 457 1483 καί
495 1449 612 1496 πως
659 1428 800 1486 εἷναί
834 1434 951 1487 ἐστι
983 1435 1302 1505 δηλωτικός.
1334 1438 1399 1491 El
1427 1437 1484 1491 δὲ
1520 1438 1700 1504 τοῦτο,
1734 1443 1853 1496 ἐστὶ

277 1521 378 1591 μὲν
413 1522 501 1576 ἀεὶ
526 1523 664 1594 μετὰ
698 1524 759 1577 τὸ
794 1524 1049 1594 γενέσθαι
1099 1528 1189 1581 διὰ
1230 1528 1329 1597 τὴν
1380 1528 1569 1586 οὐσίαν
1609 1534 1642 1601 ἠ
1680 1530 1849 1604 ψυχὴ,

272 1613 373 1666 οὐκ
406 1608 606 1682 ἄφετος
638 1614 697 1668 δὲ
726 1615 815 1670 διὰ
854 1617 952 1689 τὴν
979 1618 1220 1687 γένεσιν,
1254 1619 1391 1674 ἀλλὰ
1432 1622 1571 1692 μετὰ
1595 1626 1694 1695 τῆς
1723 1625 1848 1695 σχέ-

1951 456 2018 497 eo
2056 444 2203 513 quod
2261 446 2514 501 naturale
2569 453 2673 512 est,
2720 450 2971 518 profecto
3018 453 3417 522 operabuntur,
3474 468 3531 513 et

1952 546 2235 602 nunquam
2277 536 2528 604 quiescet
2598 537 2781 591 anima
2836 540 3284 611 coincorporari,
3351 562 3528 615 neque

1887 676 1891 680 ,
1951 622 2311 679 coinanimari
2339 641 2562 697 corpus.
2601 627 2708 682 Sed
2741 645 2850 683 non
2882 629 2991 695 est,’
3033 642 3091 688 ut
3117 633 3377 702 arbilror,
3403 653 3529 706 pas-

1952 714 2124 771 sionis
2161 724 2258 771 aut
2305 718 2545 786 partium
2580 721 2849 776 naturalis
2880 724 3159 791 potentiae,
3223 727 3527 781 secundum

1952 803 2183 860 alterius
2226 804 2430 861 coitum
2463 804 2529 861 ad
2576 808 2831 875 alteram,
2865 809 3036 867 totius
3078 816 3381 870 secundum
3407 832 3529 887 spe-

1953 893 2095 949 ciem
2132 894 2443 965 plenitudo,
2479 896 2574 953 sed
2604 899 2658 953 in
2690 898 2825 969 ipsis
2850 896 3013 956 εῑῑηυι
3058 906 3363 961 secundum
3409 924 3531 978 spe-

1954 984 2093 1039 ciem
2119 995 2285 1041 totam
2309 991 2683 1059 generationis
2712 998 2815 1045 est.
2849 991 3042 1047 Nonne
3074 994 3241 1064 igitur
3265 999 3529 1067 possibile

1953 1074 2073 1130 sine
2097 1079 2452 1148 corruptione
2478 1096 2545 1134 ex
2578 1082 2761 1151 specie
2796 1082 2849 1136 in
2874 1085 3114 1153 speciem
3149 1091 3527 1145 transmittere

1953 1168 2396 1240 qualemcunque
2425 1173 2706 1241 speciem?
2740 1173 2796 1228 Si
2823 1176 3198 1247 autem,.quia
3226 1189 3349 1249 post
3380 1198 3528 1234 mor-

1954 1265 2063 1314 tem
2093 1266 2150 1314 et
2178 1261 2511 1318 solutionem
2548 1266 2797 1335 corporis
2828 1275 2913 1321 est
2957 1268 3140 1323 anima
3169 1279 3225 1325 et
3255 1271 3529 1335 subsistit,

1952 1349 2150 1406 dicunt
2174 1352 2338 1407 etiam
2365 1364 2492 1410 ante
2517 1370 2720 1424 corpus
2748 1373 2874 1414 esse
2910 1372 3031 1414 eam
3062 1376 3220 1430 posse
3264 1372 3321 1417 et
3352 1365 3535 1419 subsi-

1953 1449 2120 1506 stere,
2145 1438 2573 1512 inconsiderate,
2614 1453 2673 1499 ut
2709 1445 2845 1502 mihi
2887 1449 3132 1515 videtur,
3164 1453 3308 1507 ratio
3336 1470 3529 1509 eorum

1953 1530 2222 1598 procedit.
2255 1532 2375 1587 Non
2406 1534 2556 1589 enim
2603 1536 2798 1592 eadem
2841 1550 2926 1594 est
2952 1542 3330 1610 generationis
3365 1554 3420 1599 et
3446 1562 3536 1599 es-

1956 1618 2146 1677 sentite
2188 1623 2351 1678 ratio.
2386 1622 2465 1680 Ea
2500 1624 2645 1681 enim
2676 1629 2921 1699 quando,
2968 1640 3024 1686 et
3054 1632 3146 1687 ubi
3183 1649 3327 1699 esse,
3379 1645 3434 1691 et
3463 1638 3528 1692 ad

274 1716 412 1769 σεως
438 1704 535 1759 τοῦ
562 1723 693 1761 ποτε
724 1708 819 1763 καί
846 1687 949 1763 που
978 1709 1075 1763 καὶ
1100 1710 1239 1782 πρός
1271 1729 1345 1767 τι.
1380 1687 1492 1784 Οὸχ
1523 1687 1710 1777 ἁπλέύς

1955 1711 2087 1780 quid
2132 1720 2217 1768 est
2244 1730 2258 1780 ;
2290 1729 2354 1769 ea
2400 1731 2534 1771 vero
2577 1733 2697 1774 esse
2741 1728 2797 1775 et
2835 1720 2968 1791 quid
3000 1729 3057 1776 et
3100 1725 3378 1793 quomodo
3410 1742 3532 1782 esse

272 1796 492 1868 λέγεται
528 1799 676 1871 ψυχὴ
706 1800 845 1870 μετὰ
880 1802 972 1856 τὸν
1003 1803 1098 1857 τοῦ
1140 1804 1395 1875 σώματος
1428 1806 1658 1861 θάνατον
1693 1809 1726 1879 ὴ
1755 1808 1852 1878 ψυ-

274 1890 366 1960 χὴ,
407 1891 543 1945 ἀλλὰ
579 1893 626 1925 δ’
672 1891 967 1963 ἀνθρώπου
1005 1894 1173 1967 ψυχὴ,
1203 1898 1301 1951 καὶ
1329 1899 1425 1952 τοῦ
1459 1917 1605 1963 τινος
1639 1901 1852 1971 ἀνθρὼ-

273 1994 379 2034 που
416 1981 586 2054 ψυχή.
616 1982 774 2054 Ἔχει
795 1983 905 2055 γὰρ
938 1984 1035 2040 καὶ
1075 1987 1216 2055 μετὰ
1247 1987 1308 2041 τὸ
1342 1988 1502 2061 σῶμα
1534 1989 1610 2054 ὼς
1640 1990 1687 2024 ’⁵⁸
1711 1987 1851 2057 εἶδος

272 2073 445 2143 αὐτῆς
475 2073 534 2127 τὸ
573 2074 694 2128 ὅλον
735 2078 880 2131 κατὰ
916 2076 1014 2149 τὴν
1042 2077 1229 2149 σχέσιν
1257 2079 1332 2144 ὡς
1381 2080 1583 2153 μέρους
1623 2100 1854 2157 κατηγο-

272 2164 540 2236 ρούμενον
572 2167 633 2220 τὸ
660 2167 1022 2240 ἀνθρώπινον.
1069 2170 1342 2236 Ὡσαύτως
1366 2172 1422 2226 δὲ
1450 2175 1545 2227 καὶ
1570 2175 1632 2228 τὸ
1658 2175 1847 2246 σῶμα,

272 2259 468 2330 θνητὸν
518 2259 620 2328 μὲν
662 2259 753 2316 διὰ
795 2261 896 2332 τὴν
931 2263 1116 2331 φύσιν,
1148 2263 1248 2317 οὐκ
1292 2264 1492 2333 ἄφετον
1531 2266 1589 2320 δὲ
1629 2267 1718 2322 διὰ
1755 2270 1853 2339 τὴν

269 2351 504 2417 γένεσιν.
549 2347 626 2404 Οὐ
654 2352 766 2423 γὰρ
801 2353 990 2419 ἁπλῶς
1022 2356 1242 2423 λέγεται
1264 2355 1423 2427 σῶμα
1459 2359 1603 2429 μετὰ
1625 2360 1716 2414 τὸν
1739 2379 1853 2431 χω-

271 2436 467 2512 ρισμὸν
493 2443 593 2513 τῆς
617 2440 795 2514 ψυχῆς
814 2444 876 2498 τὸ
903 2447 1084 2514 σῶμα,
1116 2446 1231 2500 ἀλλ’
1253 2447 1542 2518 ἀνθρώπου
1570 2450 1853 2522 σῶμα,καὶ

271 2528 365 2582 τοῦ
409 2547 556 2594 τινος
584 2531 875 2602 ἀνθρώπου
912 2535 1094 2605 σῶμα,
1127 2536 1231 2590 κᾶν
1258 2538 1307 2590 εί
1340 2538 1620 2609 φθείρεται
1650 2543 1744 2596 καὶ
1775 2544 1855 2607 εἰς

272 2620 341 2672 τὰ
381 2619 442 2685 ἐξ
470 2614 546 2675 ὧν
585 2622 733 2676 ἐστιν
758 2624 1089 2679 ἀναλύεσθαι
1118 2629 1357 2698 στοιχεῖα
1394 2631 1660 2699 πέφυκεν.
1696 2632 1853 2703 Ἔχει

271 2711 383 2783 γὰρ
438 2712 532 2766 καὶ
591 2713 763 2778 οὕτως
822 2715 898 2777 ὡς
956 2711 1096 2780 εἶδος
1138 2717 1198 2771 τὸ
1221 2719 1340 2773 ὅλον
1370 2720 1531 2775 αὑτοῦ
1580 2723 1721 2777 κατὰ
1755 2723 1852 2794 τὴν

275 2803 461 2873 σχέσιν
502 2803 578 2868 ὠς
616 2804 815 2875 μέρους
866 2808 1341 2879 κατηγορούμενον
1373 2808 1435 2863 τὸ
1489 2811 1848 2882 ἀνθρώπινον.

288 2891 407 2947 Ἐπ’
465 2895 668 2964 ἀμφοῖν
715 2896 1007 2969 τοιγαροῦν
1042 2900 1076 2969 ἡ
1115 2898 1321 2970 σχέσις,
1349 2900 1530 2973 ψυχῆς
1582 2903 1724 2971 λέγω
1760 2906 1853 2959 καὶ

276 2982 558 3054 σώματος,
609 2985 687 3049 ὡς
730 2988 823 3040 καὶ
851 2984 897 3018 ’⁸⁵
941 2987 1064 3041 ὅλου
1091 2989 1263 3054 εἴδους
1296 2992 1636 3061 ἀνθρωπίνου
1669 2997 1853 3066 μερῶν
1877 3021 1921 3083 ο

271 3075 651 3147 ἀναφαιρέτως
663 3079 1256 3153 νοουμένη,παρίστησι
1273 3084 1367 3137 καὶ
1379 3084 1477 3155 τὴν
1500 3086 1617 3156 ἅμα
1637 3088 1844 3143 τούτων

270 3164 507 3232 γένεσιν,
528 3169 623 3220 καὶ
656 3167 754 3239 τὴν
787 3168 909 3222 κατ’
936 3169 1125 3224 οὐσίαν
1155 3172 1290 3242 πρὸς
1341 3174 1547 3246 ἄλληλα
1577 3177 1843 3248 διαφορὰν

269 3255 671 3320 ἀποδείκνυσιν,
686 3258 839 3312 οὐδὲν
860 3259 982 3314 καθ’
1000 3254 1113 3315 οἷον
1136 3262 1336 3334 δήποτε
1350 3266 1551 3336 τρόπον
1577 3270 1704 3331 τοὺς
1722 3273 1841 3325 κατ’

267 3344 458 3399 οὐσίαν
495 3346 681 3411 αὐτοῖς
710 3349 1096 3419 ὲμπεφυκότας
1121 3354 1594 3423 παραῦλάπτουσα
1625 3357 1837 3427 λόγους.

267 3435 385 3488 Οὔκ
431 3435 579 3489 ἔστιν
613 3431 706 3491 οὖν
751 3437 888 3503 ὅλως
929 3439 1089 3512 σῶμα
1122 3441 1352 3496 δυνατὸν
1393 3444 1426 3515 ἢ
1461 3445 1639 3518 ψυχὴν
1662 3450 1843 3520 εὑρεῖν

268 3522 303 3593 ἢ
325 3524 507 3594 λέγειν
529 3528 774 3599 ἄσχετον.
823 3530 1047 3603 Θατέρῳ
1073 3533 1181 3605 γὰρ
1213 3535 1330 3604 ἅμα
1362 3538 1739 3607 συνεισάγεται
1782 3544 1840 3596 τό

267 3628 411 3679 τινος
425 3610 565 3671 εἶναι
582 3617 829 3690 θάτερον·
848 3620 987 3675 ὥστε
1006 3624 1054 3675 εί
1076 3626 1422 3696 προῦπάρχει
1443 3625 1672 3700 θατέρου
1738 3629 1834 3683 θά-

268 3721 447 3777 τερον,
479 3707 555 3772 ὡς
578 3710 764 3784 (134
785 3713 841 3782 α)
889 3713 1035 3777 τινὸς
1069 3719 1613 3786 προσυπακουστέον.
1639 3721 1701 3774 Ἦ
1731 3724 1842 3795 γὰρ

270 3796 456 3868 σχέσις
504 3801 785 3873 ἀκίνητος.
816 3805 926 3857 Καὶ
956 3804 1129 3860 ταῦτα
1160 3808 1259 3878 μὲν
1302 3809 1433 3880 περὶ
1465 3810 1701 3868 τούτωνυ
1731 3814 1842 3869 Καὶ

268 3890 321 3942 εί
354 3890 453 3959 μὲν
501 3890 601 3963 τῆς
654 3892 917 3963 ἀληθείας
945 3898 974 3949 ὁ
1004 3896 1158 3965 λόγος
1186 3898 1287 3951 οὐκ
1326 3901 1728 3967 ἀποπέπτωκε,
1762 3903 1840 3975 τῷ

265 3976 388 4048 Θεῷ
432 3978 613 4049 χάρις,
663 3982 862 4053 τῷδιὰ
909 3984 1019 4038 τῶν
1053 3985 1334 4058 ὑμετέρων
1385 3989 1560 4060 εὐχῶν
1608 3992 1745 4063 πρὸς
1779 3993 1841 4046 τὸ

268 4067 450 4132 καλῶς
478 4074 619 4125 νοεῖν
661 4072 1013 4146 ὁδηγήσαντι.
1045 4076 1108 4129 El
1135 4076 1192 4130 δέ
1221 4077 1325 4132 πού
1358 4096 1410 4132 τι
1438 4081 1537 4149 τῆς
1581 4082 1837 4151 ἀληθείας

268 4160 599 4227 ἐλλέλοιπεν,
635 4164 793 4235 ὑμεῖς
825 4166 890 4220 ἂν
932 4167 1162 4238 εἰδείητε
1188 4170 1280 4224 τοῦ
1304 4170 1465 4239 λόγου
1502 4170 1562 4225 τὸ
1589 4174 1832 4244 ἀκριϐὲς,

216 4264 248 4273 ’
266 4252 344 4316 ὡς
373 4256 437 4308 ὲκ
472 4253 607 4309 Θεοῦ
635 4257 735 4329 τὴν
757 4259 866 4312 τῶν
886 4259 1145 4315 τοιούτων
1182 4264 1543 4334 ἑμπνεόμενοι
1578 4267 1802 4335 γνῶσιν.

1952 1811 2042 1857 est
2086 1802 2349 1860 declarat.
2411 1805 2469 1861 Si
2515 1818 2699 1863 autem
2743 1810 2849 1865 hoc
2892 1820 2977 1867 est
3021 1814 3243 1883 quidem
3290 1831 3529 1887 semper,

1951 1905 2243 1964 postquam
2274 1895 2357 1961 fit,
2393 1912 2493 1966 per
2520 1899 2816 1954 essentiam
2859 1901 3064 1969 anima,
3105 1905 3390 1961 enimvero
3422 1924 3532 1963 non

1952 1985 2222 2052 absoluta,
2255 2002 2355 2057 per
2378 1990 2814 2058 generationem,
2853 1992 2950 2047 sed
2980 2008 3104 2048 cum
3140 1996 3530 2066 conjunctione

1953 2076 2217 2144 temporis
2247 2085 2303 2131 et
2345 2076 2453 2132 loci
2478 2088 2535 2133 et
2568 2079 2655 2150 ad
2670 2080 2898 2150 aliquid.
2934 2082 3051 2138 Non
3086 2085 3234 2139 enim
3270 2087 3531 2158 simplici-

1954 2173 2037 2220 ter
2060 2166 2268 2223 dicitur
2290 2169 2470 2225 anima
2496 2178 2620 2242 post
2636 2184 2872 2229 mortem
2894 2177 3145 2246 corporis
3179 2178 3294 2248 ipsa
3327 2181 3528 2243 anima.

1974 2257 2047 2311 ed
2084 2257 2326 2315 hominis
2369 2261 2574 2328 anima,
2603 2270 2659 2319 et
2703 2264 2989 2337 cujusdam
3018 2268 3259 2323 hominis
3303 2272 3482 2327 anima
3514 2291 3526 2336 ;

1952 2346 2120 2402 habet
2151 2349 2298 2404 enim
2328 2360 2385 2406 et
2417 2362 2542 2421 post
2564 2369 2768 2424 corpus
2797 2356 2878 2411 sic
2904 2357 3144 2427 speciem
3179 2376 3331 2415 suam
3358 2370 3530 2418 totam

1953 2441 2256 2495 secundum
2293 2442 2542 2498 habitum
2598 2447 2771 2501 veluti
2809 2449 2981 2517 partis
3011 2451 3362 2519 praedicatam
3425 2455 3528 2509 hu-

1952 2546 2191 2586 manam.
2212 2532 2480 2589 Similiter
2502 2546 2685 2591 autem
2707 2546 2761 2593 et
2778 2553 2980 2609 corpus
3002 2552 3282 2597 mortuum
3307 2545 3529 2615 quidem

1952 2634 2050 2690 per
2082 2632 2359 2689 naturam,
2405 2640 2514 2680 non
2557 2642 2692 2682 vero
2741 2629 3057 2706 absolutum
3090 2648 3189 2702 per
3223 2637 3533 2706 generatio-

1952 2728 2099 2767 nem.
2166 2713 2287 2768 Non
2343 2716 2493 2795 enim
2540 2717 2868 2788 simpliciter
2917 2698 3125 2777 dicitur
3172 2740 3375 2795 corpus
3408 2738 3533 2797 post

1953 2805 2356 2873 separationem
2404 2807 2473 2863 ab
2503 2810 2686 2865 anima
2712 2826 2936 2882 corpus,
2975 2815 3069 2870 sed
3119 2816 3362 2873 hominis
3407 2835 3533 2875 cor-

1932 2906 2075 2961 pus,
2114 2902 2169 2949 et
2205 2896 2490 2967 cujusdam
2543 2899 2784 2977 hominis
2822 2916 3026 2971 corpus
3062 2905 3167 2959 etsi
3210 2921 3531 2978 corrumpa-

1953 2991 2044 3037 tur
2080 2993 2137 3039 et
2166 2984 2221 3039 in
2272 3002 2335 3041 ea
2384 3002 2452 3042 ex
2502 2988 2707 3059 quibus
2734 2999 2819 3046 est
2856 2992 3061 3049 resolvi
3092 2996 3363 3052 elementa
3398 3014 3529 3054 con-

1952 3084 2205 3142 suescat;
2239 3076 2407 3132 habet
2444 3077 2593 3133 enim
2628 3090 2685 3135 et
2723 3080 2804 3137 sic
2854 3084 3012 3153 quasi
3062 3087 3305 3156 speciem
3357 3097 3525 3145 totam

1950 3180 2105 3220 suam
2130 3167 2435 3223 secundum
2468 3170 2739 3237 habitum,
2769 3174 2942 3231 veluti
2974 3162 3147 3246 partis
3172 3179 3526 3249 praedicatum

1949 3255 2268 3312 humanam.
2310 3260 2369 3314 In
2400 3262 2673 3319 ambobus
2699 3263 2887 3336 itaque
2926 3267 3166 3334 habitus,
3197 3271 3377 3325 anima
3399 3273 3526 3327 dico

1946 3352 2004 3400 et
2039 3360 2304 3416 corpore,
2342 3349 2515 3404 veluti
2568 3352 2739 3408 totius
2778 3354 2972 3412 formae
3018 3357 3274 3415 humana:
3318 3370 3522 3431 partes,

1948 3435 2395 3506 inseparabiliter
2428 3440 2764 3510 intellectus,
2793 3445 3135 3503 demonstrat
3160 3460 3217 3507 et
3245 3452 3409 3507 simul
3438 3469 3527 3509 ρο.

1947 3543 2070 3583 rum
2109 3532 2359 3600 genesin,
2402 3542 2459 3588 et
2497 3533 2801 3589 secundum
2839 3539 3137 3595 essentiam
3171 3541 3238 3596 ad
3282 3558 3340 3598 se
3378 3543 3521 3599 imi-

1944 3635 2062 3675 cem
2091 3621 2460 3677 diﬂ‘erentiam
2502 3627 2766 3693 ostendit,
2804 3629 2959 3684 nullo
3006 3630 3173 3688 modo
3215 3637 3516 3693 secundum

1943 3714 2239 3768 essentiam
2281 3714 2336 3769 in
2366 3715 2451 3771 eis
2483 3717 2677 3773 insitas
2710 3720 3000 3777 offendens
3045 3724 3310 3781 rationes.
3350 3727 3522 3799 Igitur

1944 3804 2170 3859 omnino
2211 3805 2554 3875 impossibile
2586 3823 2789 3880 corpus
2846 3819 2941 3866 aut
2984 3813 3222 3870 animam
3269 3820 3521 3875 invenire

1943 3906 2040 3950 aut
2086 3897 2273 3952 dicere
2321 3900 2441 3954 sine
2492 3901 2718 3970 habitu;
2775 3905 2939 3960 simul
2982 3908 3128 3963 enim
3177 3927 3301 3965 eum
3346 3917 3520 3968 altero

1938 3986 2310 4043 introducitur
2335 3989 2567 4062 alicujus
2613 4008 2735 4048 esse
2793 3995 3051 4052 alterum.
3094 3995 3283 4071 Itaque
3310 4003 3354 4058 si
3389 4006 3525 4060 aite-

1937 4092 2059 4132 rum
2092 4079 2359 4136 subsistat
2391 4092 2519 4137 ante
2550 4085 2809 4152 alterum,
2859 4090 3141 4158 quomodo
3178 4102 3239 4147 ut
3288 4096 3523 4168 alicujus

1937 4172 2416 4227 auscultandum?
2470 4175 2708 4233 Habitus
2769 4181 2921 4234 enim
2982 4181 3344 4242 immutabilis
3412 4204 3517 4244 est.

1934 4265 2211 4319 Hactenus
2242 4264 2310 4320 de
2355 4265 2464 4320 his.
2509 4267 2578 4321 Et
2625 4269 2670 4323 si
2719 4270 2942 4339 quidem
2983 4287 3013 4326 a
3053 4277 3289 4334 veritate
3337 4296 3520 4336 sermo

265 4361 380 4401 non
423 4348 672 4415 recessit,
706 4349 818 4405 Deo
849 4352 1054 4421 gratias
1085 4369 1185 4424 per
1233 4364 1450 4411 vestras
1493 4359 1776 4417 orationes
1806 4358 1872 4413 ad
1904 4359 2047 4413 bene
2082 4356 2507 4427 intelligendum
2535 4359 2802 4426 ducenti;
2846 4363 2891 4417 si
2914 4377 3047 4420 vero
3077 4366 3280 4423 alicubi
3310 4387 3340 4425 a
3370 4370 3519 4427 veri-

266 4446 380 4494 tate
410 4435 619 4505 delicit,
681 4453 781 4494 vos
817 4439 1117 4498 reformale
1157 4444 1388 4500 rationis
1443 4446 1785 4518 diligentiam
1815 4463 1883 4503 ex
1938 4447 2050 4502 Deo
2084 4447 2277 4502 talium
2317 4447 2571 4520 inspirati
2608 4451 2918 4508 scientiam.

278 4615 381 4669 Ἐκ
412 4616 523 4670 τοῦ
558 4617 745 4672 αὑτοῦ
770 4620 979 4689 λόγου,
1009 4622 1102 4687 εις
1127 4621 1243 4691 τὸ,ι
1275 4621 1430 4690 Ἕως
1454 4623 1533 4687 ἂν
1559 4627 1660 4680 καί
1701 4633 1834 4699 παρ’

1948 4632 2025 4687 Ex
2055 4633 2233 4689 eodem
2259 4650 2516 4701 sermone,
2548 4635 2603 4691 in
2643 4638 2737 4692 hoc
2765 4655 2785 4693 :
2814 4656 2835 4691 ι
2873 4639 3011 4694 Dum
3043 4643 3201 4697 etiam
3231 4661 3263 4698 α
3303 4663 3359 4701 se
3401 4648 3515 4719 ipsa

336 4707 559 4779 ἑαυτῆς
591 4710 629 4779 ἡ
662 4710 777 4780 ὕλη
809 4714 959 4783 φέρῃ
986 4718 1054 4768 τὸ
1083 4712 1342 4769 ἆτακτον
1379 4713 1581 4786 ὥσπερ
1619 4720 1690 4772 ἐν
1710 4722 1842 4789 ῥεύ-

332 4815 474 4867 ματι
505 4801 604 4871 (5).
644 4819 664 4854 ι

338 4905 505 4977 Οἶμαι
550 4911 644 4964 καὶ
682 4911 773 4965 τὸν
804 4914 1047 4989 παρόντα
1076 4912 1170 4968 τοῦ
1199 4914 1358 4983 λόγου
1393 4917 1592 4971 σκοπὸν
1618 4919 1716 4989 τῆς
1744 4921 1838 4975 τοῦ

261 5002 537 5071 προτέρου
596 5001 835 5067 διανοίας
886 5004 1102 5075 ἔχεσθαι
1152 5006 1471 5076 κεφαλαίου.
1538 5011 1836 5077 Διεξελθὼν

258 5092 373 5164 γὰρ
402 5094 486 5146 ὅτι
513 5094 741 5149 πλεῖστα
770 5095 906 5166 πρὸς
931 5095 1057 5160 τοὺς
1103 5096 1354 5164 φιλύλους
1381 5115 1440 5150 τε
1472 5101 1567 5153 καὶ
1599 5103 1834 5169 φιλοσω-

264 5182 470 5252 μάτους
495 5185 668 5240 ταῦτα
695 5188 910 5254 ἐπάγει,
942 5187 1016 5251 ὠς
1051 5186 1302 5242 ἐντεῦθεν
1329 5188 1587 5243 δύνασθαι
1617 5193 1709 5245 τὸν
1739 5196 1832 5247 εὑ-

2050 4726 2294 4781 materirs
2340 4724 2445 4794 [ἐι-ι
2488 4729 2847 4784 inordinatum
2881 4732 3040 4787 veluti
3075 4728 3355 4806 inﬂuxum.
3384 4759 3402 4791 ι

2005 4924 2258 4980 Arbitror
2304 4943 2523 4999 quoque
2575 4942 2898 5000 praesentem
2943 4939 3217 4994 sermonis
3256 4941 3517 4999 intentio-

1935 5031 2060 5069 nem
2086 5017 2290 5087 prioris
2322 5019 2659 5075 intellectum
2696 5023 2898 5080 habere
2933 5030 3178 5098 capituli.
3206 5032 3343 5099 Quia
3370 5037 3516 5089 enim

1941 5109 2290 5175 praetermisit
2331 5110 2567 5179 plurima
2614 5123 2802 5169 contra
2851 5121 3095 5176 materia:
3146 5134 3418 5182 amatores
3462 5141 3522 5185 et

1941 5200 2209 5270 corporis,
2254 5204 2369 5257 haec
2409 5204 2649 5275 addidit,
2693 5215 2754 5261 ut
2787 5208 2916 5264 hinc
2951 5226 3171 5281 possent
3204 5217 3292 5286 pie
3340 5219 3521 5276 inten-

1586 5328 1814 5385 VAlll/E
1848 5300 2251 5392 moriones.
2670 5400 2679 5403 μ

331 5407 375 5443 ⁵⁸
407 5411 469 5464 οὐ
524 5413 1024 5484 κατεστοχασμένος
1058 5414 1148 5469 ed.
1207 5414 1324 5470 Gal.
1400 5418 1444 5449 η
1474 5417 1588 5471 ἀλλ’
1615 5420 1704 5474 ed.
1729 5420 1847 5477 Gai.

1954 5425 1974 5455 ³
1999 5426 2075 5490 ὡς
2100 5444 2212 5483 om.
2244 5428 2333 5484 ed.
2356 5429 2476 5485 Gal.
2552 5434 2593 5465 δ’
2626 5436 2716 5490 καὶ
2749 5450 2859 5490 om.
2897 5438 2985 5495 ed.
3011 5438 3130 5497 Gal.

1803 5539 2032 5597 ΝΟΤᾸΞ.

334 5623 413 5695 (ὅ)
447 5623 613 5697 Greg.
660 5627 787 5684 Νη.
828 5628 900 5682 De
930 5644 1153 5700 pauper.
1188 5647 1369 5685 arnore
1399 5647 1446 5686 c.
1485 5632 1575 5698 50,
1606 5650 1660 5703 p.
1691 5635 1815 5705 9.79,
1847 5646 1979 5692 tom.
2011 5640 2047 5704 Ι,
2077 5638 2215 5711 Opp.
2247 5643 2335 5698 ed.
2364 5642 2569 5701 Bened.
