3984 6198
490 184 508 244 l
528 182 625 242 103

1654 164 1717 227 S.
1757 162 2041 225 ΜΑΧΙΜΙ
2080 156 2584 219 CONFESSORIS

3609 148 3746 215 1104

488 289 695 340 tionem
725 280 897 337 sancti
929 283 1339 350 perscrutantes
1362 272 1639 353 conjicere
1666 271 1766 326 sic.
1800 269 2067 337 Quoniam

2189 263 2352 326 τεϐὦς
2375 262 2467 316 τὸν
2502 259 2708 314 σκοπὸν
2739 256 2836 312 τοῦ
2870 256 3029 327 ἁγίου
3058 255 3486 330 διερευνώμενον
3524 258 3751 312 ἐπιϐάλ-

490 369 1029 443 incorruptibilitatis
1050 376 1105 421 et
1130 363 1561 420 immortalitatis
1593 359 2004 432 pulchritudine
2035 374 2065 412 a

488 468 602 520 Deo
645 462 973 518 clariﬁcatus
1012 457 1189 510 factus
1232 464 1315 508 est
1358 453 1546 516 homo,
1591 450 1889 504 malerialis
1935 461 2067 502 vero

490 557 637 610 circa
663 568 720 608 se
746 562 958 607 natura!
988 545 1386 617 turpitudinem
1423 541 1781 598 intellectuali
1822 538 2068 610 pulchri-

491 644 670 700 tudini
717 655 1075 713 praeponens,
1126 638 1333 692 oblitus
1381 642 1468 691 est
1518 635 1734 689 decora:
1765 631 2069 688 secundum

489 735 728 790 animam
762 730 1063 801 dignitatis,
1106 727 1281 796 magis
1323 733 1506 779 autem
1539 722 1638 777 Dei
1672 721 1910 775 animant
1955 719 2073 774 dei-

491 809 1080 880 formiter'formantis,
1125 833 1287 872 omne
1321 815 1468 887 quod
1518 812 1589 884 (k)
1638 812 1768 869 fecit
1799 811 2073 867 sententia

492 915 741 987 dignum,
776 916 1078 967 secundum
1119 908 1368 962 divinum
1394 903 1661 976 judicium
1692 910 1937 956 nostram
1983 915 2072 954 sa-

494 1009 709 1078 pienter
754 1003 1103 1059 administrat
1152 1001 1416 1060 salutem,
1467 995 1781 1065 colligitque
1833 992 2074 1045 fructum

492 1116 604 1155 non
641 1098 815 1152 solum
852 1095 1025 1164 ipsam
1052 1091 1302 1162 corporis
1324 1089 1733 1157 corruptionem
1759 1094 1816 1139 et
1842 1090 2077 1138 mortem

494 1198 550 1245 et
574 1189 640 1244 ad
670 1201 888 1242 omnem
931 1184 1237 1254 passionem
1284 1179 1754 1250 promptissimum
1784 1184 1995 1230 motum
2021 1182 2079 1229 et

496 1274 1117 1349 Opportunimtcm',.sed
1145 1282 1200 1326 et
1224 1280 1376 1325 extra
1402 1259 1458 1323 et
1485 1268 1631 1323 circa
1660 1282 1785 1320 eum
1817 1262 2078 1318 materia-

499 1373 569 1426 lis
599 1368 852 1426 essentia:
884 1364 1141 1419 instabile
1171 1372 1226 1417 et
1268 1361 1583 1417 anomalum
1620 1367 1676 1414 et
1716 1356 1785 1411 ad
1830 1355 2079 1409 alienan-

500 1466 631 1518 dum
675 1462 860 1516 ferens
913 1465 969 1511 et
1014 1456 1212 1521 facile,
1258 1454 1374 1509 sive
1416 1462 1548 1508 tunc
1593 1451 1767 1520 ipsam
1812 1445 2078 1519 (videlicet

503 1552 788 1617 animam),
814 1551 923 1604 Deo
939 1556 1164 1618 preptcr
1196 1543 1708 1616 przevaricationem
1742 1546 1933 1593 nostro
1955 1551 2081 1590 cor-

2172 352 2286 404 λειν
2316 350 2509 414 οὕτως.
2557 348 2778 419 Ἐπειδὴ
2802 347 2881 418 τῷ
2920 348 3021 418 τῆς
3050 346 3364 417 ἀφθαρσίας
3396 364 3459 399 τε
3494 348 3588 401 καὶ
3616 350 3752 403 ἀθα-

2172 444 2366 505 νασίας
2397 441 2582 496 κάλλει
2616 440 2767 512 παρά
2796 438 2933 493 Θεοῦ
2973 432 3452 509 κατηγλαῖσμένος
3480 422 3512 490 ό
3536 438 3751 509 ἀνθρωο

2169 551 2269 596 πος
2320 533 2539 601 γέγονε,
2588 530 2650 582 τὸ
2702 529 2760 582 δὲ
2810 530 2910 601 τῆς
2955 528 3085 599 περὶ
3115 528 3278 583 αὑτὸν
3308 526 3501 595 ὑλικῆς
3532 527 3754 595 φύσεως

2170 622 2363 695 αἶσχος
2387 623 2483 676 τοῦ
2541 620 2732 693 νοεροῦ
2763 620 2995 685 κάλλους
3028 619 3379 690 προτιμήσας
3427 617 3602 688 λήθην
3653 618 3749 671 τοῦ

2171 718 2313 772 κατὰ
2354 715 2549 785 ψυχὴν·
2568 713 2879 784 ἐκπρεποῦς
2908 710 3258 788 ἀξιώματος,
3290 709 3491 780 μᾶλλον
3519 709 3576 761 δὲ
3613 709 3753 762 Θεοῦ

2171 808 2266 861 τοῦ
2291 808 2383 860 καὶ
2412 807 2512 878 τὴν
2540 805 2721 876 ψυχὴν
2751 803 3000 866 θεοειδῶς
3031 801 3483 864 καλλωπίσαντος
3517 801 3752 871 πάμπαν

2174 898 2497 968 ἐπεποίητο,
2528 898 2629 967 τῆς
2650 896 2877 966 γνώμης
2897 895 3048 961 ἄξιον
3079 893 3220 949 κατὰ
3268 892 3416 946 θείαν
3443 892 3623 963 ψῆφον
3652 892 3752 961 τὴν

2177 990 2356 1058 σοφῶς
2389 989 2487 1059 τὴν
2532 988 2693 1056 ἡμῶν
2728 988 3005 1055 σωτηρίαν
3050 984 3442 1054 οἰκονομοῦσαν
3488 984 3751 1054 sapiam

2176 1080 2411 1146 καρπὸν,
2441 1079 2503 1130 οὺ
2539 1079 2699 1146 μόνον
2732 1077 2822 1128 τοῦ
2857 1076 3108 1141 σώματος
3155 1075 3253 1146 τὴν
3299 1074 3505 1145 φθοράν
3534 1078 3629 1127 καὶ
3658 1075 3750 1126 τὸν

2177 1170 2431 1235 θάνατον,
2471 1169 2565 1223 καὶ
2609 1168 2709 1232 τὴν
2745 1167 2881 1233 πρὸς
2920 1169 3029 1220 πᾶν
3062 1166 3233 1230 πάθος
3280 1168 3633 1235 εὺὲμπτωτον
3667 1167 3752 1218 κί-

2177 1259 2335 1328 νησίν
2362 1275 2422 1310 τε
2453 1258 2549 1309 καὶ
2594 1255 3029 1325 ἐπιτηδειότητα,
3063 1254 3198 1307 ἀλλὰ
3227 1257 3322 1306 καὶ
3350 1254 3447 1321 τῆς
3479 1256 3636 1315 ἐκτὸς
3658 1257 3754 1305 καί

2179 1350 2308 1418 περὶ
2339 1348 2501 1402 αὑτὸν
2533 1347 2724 1417 ὑλικῆς
2747 1347 2939 1408 οὐσίας
2962 1345 3022 1398 τὸ
3051 1345 3285 1398 ἄστατον
3317 1346 3410 1398 καὶ
3440 1346 3751 1414 ἀνώμαλον,

2180 1443 2274 1495 καὶ
2296 1441 2433 1510 πρὸς
2455 1440 2515 1492 τὸ
2538 1438 2879 1504 ἀλλοιοῦσθαι
2907 1437 3138 1507 εὖφορόν
3154 1454 3214 1488 τε
3245 1437 3340 1490 καὶ
3368 1436 3611 1507 εὐχερὲς,
3642 1439 3753 1489 εἴτε

2180 1533 2303 1584 τότε
2333 1530 2503 1599 αὐτὴν
2529 1528 2625 1581 τοῦ
2646 1528 2781 1581 Θεοῦ
2812 1527 2901 1580 διὰ
2930 1527 3029 1597 τὴν
3059 1525 3372 1597 παράϐασιν
3391 1525 3469 1595 τῷ
3500 1525 3756 1596 ἡμετέρῳ

502 1647 621 1717 pori
651 1643 1062 1702 commiscente,
1092 1647 1147 1694 et
1173 1638 1241 1693 ad
1271 1635 1625 1691 alienandum
1659 1647 1801 1696 eam,
1837 1629 1918 1684 sic
1950 1643 2078 1683 cor-

2637 1619 2688 1691 b)
2724 1618 3343 1717 συμμετακεράσαντος,
3376 1617 3471 1669 καὶ
3500 1616 3597 1687 τὴν
3623 1618 3760 1687 πρὸς

503 1754 637 1810 pore
669 1737 734 1791 ad
766 1735 1073 1805 passionem
1107 1742 1163 1785 et
1199 1728 1612 1799 corruptionem
1650 1734 1707 1781 et
1739 1724 1968 1779 omnino
1992 1736 2082 1776 so-

504 1828 794 1888 lutionem,
832 1823 974 1879 sicut
1014 1820 1326 1875 mortalium
1354 1820 1409 1872 in
1438 1815 1692 1889 paradiso
1724 1814 1949 1885 pellium
1981 1810 2080 1865 de-

504 1920 678 1973 clarat
724 1915 977 1979 amictus,
1024 1912 1302 1965 inserente
1365 1907 1689 1978 potentiam,
1731 1906 1886 1976 juxta
1933 1899 2082 1971 quod

505 2010 770 2078 scriptum
796 2014 878 2059 est
910 2021 924 2058 :
954 2000 1092 2067 Quia
1125 2011 1172 2056 et
1203 2002 1317 2070 ipsa
1344 2008 1590 2054 creatura
1618 1996 1845 2067 subjecta
1870 2002 1946 2047 est
1970 2007 2085 2045 cor-

508 2099 739 2170 ruptioni
773 2094 973 2158 nolens,
1000 2093 1090 2147 sed
1129 2099 1342 2163 prepter
1376 2089 1732 2159 subjicientem
1756 2088 1810 2139 in
1834 2100 1958 2156 spe;
1981 2097 2082 2139 seu

507 2209 573 2247 ex
607 2189 900 2261 principio,
957 2200 1057 2255 per
1102 2181 1502 2254 praescientiam
1549 2179 1630 2234 sic
1669 2195 1788 2234 eam
1840 2185 2082 2241 creante,

507 2294 733 2354 propter
766 2279 1051 2350 praevisam
1088 2273 1327 2329 hominis
1356 2270 1888 2343 praevaricationem,
1924 2268 1998 2322 ita
2026 2275 2087 2320 ut

509 2373 768 2446 patiendo
797 2381 854 2426 et
879 2368 1123 2425 vitiando
1155 2383 1254 2438 per
1289 2381 1351 2426 se,
1384 2365 1438 2418 in
1469 2377 1799 2418 consensum
1833 2359 2004 2429 ipsius
2032 2365 2087 2411 et

510 2465 747 2539 propriae
767 2461 1049 2534 dignitatis
1065 2459 1300 2519 veniret,
1320 2464 1375 2511 et
1398 2456 1705 2525 inseparate
1730 2451 2001 2521 reciperet
2019 2447 2087 2502 ad

511 2574 711 2629 corpus
733 2565 789 2612 et
818 2571 877 2611 se
906 2554 1079 2624 ipsam
1110 2551 1309 2606 iterum
1341 2549 1621 2604 affectum.
1646 2542 1912 2601 concedit
1940 2541 2089 2598 enim

510 2647 948 2720 sapientissimus
978 2644 1103 2698 vitae
1134 2649 1337 2696 nostra:
1365 2639 1617 2710 provisor
1648 2634 1976 2691 naturaliter
2010 2632 2090 2686 uti

513 2757 655 2810 uu'pc
708 2739 874 2792 rebus
919 2735 1159 2805 propriis
1213 2732 1457 2786 motibus
1502 2730 1570 2784 ad
1606 2738 1847 2783 nostram
1885 2723 2095 2778 utilita-

516 2844 647 2897 tem,
685 2827 961 2883 interdum
993 2826 1183 2879 insane
1209 2838 1303 2879 eas
1331 2829 1648 2878 tractantes.
1671 2834 1739 2873 ex
1770 2816 2093 2873 confusione

514 2934 571 2977 et
618 2919 1032 2992 perturbatione
1066 2917 1212 2970 circa
1255 2921 1447 2989 eas.et
1494 2928 1563 2967 ex
1594 2911 1695 2976 eis,
1734 2910 1803 2965 ad
1840 2910 1895 2965 id
1942 2907 2089 2980 quod
2120 2938 2164 2996 ο

515 3014 750 3070 amabile
777 3021 861 3067 est
895 3008 1196 3066 secundum
1228 3016 1504 3071 naturam,
1539 3004 1821 3062 adducens
1870 3002 2093 3058 interim

516 3113 765 3159 nostrum
804 3099 1232 3154 irrationabilem
1280 3098 1346 3155 ad
1379 3113 1443 3152 ea
1477 3112 1598 3166 quae
1630 3094 1921 3166 praesentia
1966 3099 2096 3147 sunt

518 3206 783 3246 amorem.
819 3188 1021 3243 Tribus
1070 3187 1218 3242 enim
1269 3186 1662 3243 exsistentibus
1692 3183 2097 3239 universalibus

521 3283 719 3347 modis,
756 3297 854 3351 per
883 3296 1020 3350 quos
1052 3281 1243 3336 dicunt
1268 3279 1483 3335 erudite
1517 3286 1733 3333 nostras
1762 3275 1941 3332 sanari
1974 3289 2095 3344 pas-

424 3434 429 3440 .
521 3373 737 3432 siones,
786 3385 883 3441 per
928 3364 1173 3440 singulos
1217 3370 1411 3424 modos
1460 3369 1737 3439 sapienter
1784 3366 2095 3421 inordinate

523 3461 783 3527 materiae,
813 3462 1065 3517 ordinate
1094 3460 1400 3519 secundum
1425 3450 1591 3531 super
1612 3474 1714 3515 nos
1734 3467 1789 3514 et
1813 3457 2094 3513 meliorem

524 3556 814 3620 rationem,
864 3554 932 3608 ad
978 3554 1252 3624 cognitam
1305 3554 1419 3608 Deo
1464 3552 1665 3607 bonam
1700 3551 2096 3621 pulchramque

522 3647 938 3718 perfectionem,
970 3647 1273 3717 gubernata
1307 3644 1528 3699 malitiae
1556 3644 1874 3715 passionum
1907 3656 2098 3712 grave-

521 3733 670 3799 dine,
698 3734 1158 3789 medicamentum
1200 3734 1442 3803 ponitur.
1476 3733 1586 3787 Aut
1618 3732 1766 3787 enim
1796 3740 1922 3785 ante
1951 3745 2100 3784 com-

522 3825 814 3877 missorum
848 3830 1201 3892 peccatorum
1244 3836 1458 3891 poenam
1496 3827 1830 3889 repetentes,
1862 3834 2096 3889 quorum

521 3932 673 3985 atque
696 3929 874 3984 neque
895 3912 1188 3983 vestigium
1213 3912 1474 3967 memoria
1531 3912 1842 3966 detinemus
1872 3918 2098 3980 propter

525 4005 1176 4079 ignorantiam;fortassis
1191 4020 1322 4060 vero
1339 4004 1714 4071 recordantes,
1732 4014 2099 4074 opportunam

524 4099 743 4155 delictis
776 4098 1069 4153 restituere
1112 4099 1511 4153 correctionem
1555 4113 1665 4153 non
1703 4098 2095 4164 sustinuimus,

525 4206 622 4244 seu
639 4190 887 4243 nolentes
910 4204 1006 4243 seu
1029 4204 1139 4243 non
1160 4189 1405 4244 valentes
1422 4196 1646 4258 propter
1669 4187 1969 4259 ingenitum
1995 4203 2101 4241 ma-

2992 1700 3017 1718 οι

2179 1709 2241 1762 τὸ
2271 1707 2621 1762 ἀλλοιοῦσθαι
2653 1704 2750 1757 καὶ
2792 1704 2953 1774 αὐτῇ,
2984 1702 3175 1774 ὥσπερ
3230 1702 3308 1773 τῷ
3361 1702 3612 1772 σώματι,
3661 1702 3760 1773 τὴν

2182 1801 2319 1873 πρὸς
2348 1800 2410 1853 τὸ
2443 1800 2674 1869 πάσχειν
2703 1813 2764 1849 τε
2816 1797 2909 1848 καὶ
2960 1795 3277 1865 φθείρεσθαι
3316 1795 3411 1848 καὶ⁵
3446 1795 3586 1859 ὅλως
3633 1795 3761 1847 λύε-

2185 1894 2330 1947 σθαι’
2362 1892 2436 1953 ὡς
2465 1892 2620 1960 δηλοῖ
2650 1891 2683 1959 ὴ
2714 1888 2822 1941 τῶν
2848 1886 3062 1958 νεκρῶν
3094 1886 3365 1957 σωμάτιον
3396 1886 3440 1917 ⁸⁸
3472 1886 3758 1957 περιϐολὴ,

2184 1978 2475 2048 ἐνθεμένου
2509 1976 2743 2046 δύναμιν
2777 1974 2920 2027 κατά
2953 1973 3013 2025 τὸ
3073 1973 3489 2043 γεγραμμένον,
3520 1974 3603 2026 ὅτι
3648 1977 3757 2028 Καὶ

2184 2067 2339 2133 αὑτὴ
2374 2065 2414 2132 ἡ
2450 2066 2648 2129 κτίσις
2699 2060 2969 2129 ὑπετάγη
3006 2059 3077 2127 τῇ
3114 2058 3306 2129 φθορᾷ
3340 2063 3454 2130 οὐχ
3494 2060 3755 2125 ἑκοῦσα,

2184 2158 2322 2213 ἀλλὰ
2350 2157 2439 2210 διὰ
2471 2154 2561 2209 τὸν
2591 2153 2946 2218 ὑποτάξαντα
2975 2152 3063 2204 ἐπ’
3102 2151 3298 2216 ἐλπίδι,
3325 2153 3380 2205 εί
3403 2169 3463 2205 τε
3505 2151 3564 2217 ἐξ
3588 2153 3761 2222 ἀρχῆς

2185 2252 2330 2306 κατὰ
2360 2248 2672 2320 πρόγνωσιν
2718 2246 2894 2309 οὕτως
2924 2245 3090 2315 αὐτὴν
3137 2245 3645 2317 δημιουργήσαντος
3672 2247 3761 2299 διὰ

2185 2342 2285 2412 τὴν
2321 2339 2727 2411 προοραθείσαν
2752 2334 3088 2407 παράϐασιν·
3128 2333 3270 2386 ὥστε
3302 2333 3384 2403 τῷ
3415 2334 3646 2403 πάσχειν
3667 2337 3762 2388 καὶ

2188 2432 2494 2487 κακοῦσθαι
2526 2430 2593 2483 δι’
2640 2428 2836 2497 αὐτῆς,
2894 2427 2977 2489 είς
3022 2425 3375 2495 συναίσθησιν
3420 2424 3617 2478 ἑαυτοῦ
3666 2427 3762 2480 καὶ

2188 2524 2284 2579 τοῦ
2314 2522 2517 2577 οἰκείου
2565 2520 2878 2591 ἀξιώματος
2910 2517 3105 2582 ἐλθεῖν,
3142 2517 3237 2569 καὶ
3266 2518 3553 2580 ἀσπασίως
3587 2534 3762 2570 κατα-

2190 2614 2444 2680 δέξασθαι
2474 2613 2574 2684 τὴν
2605 2612 2743 2683 πρὸς
2773 2611 2834 2664 τὸ
2869 2609 3032 2679 σῶμα
3063 2609 3155 2661 καὶ
3193 2605 3364 2677 αὐτὴν
3392 2606 3760 2662 ἀποδιάθεσιν.

2191 2704 2473 2773 Συγχωρεῖ
2501 2702 2608 2773 γὰρ
2632 2703 2660 2754 ὁ
2695 2700 2972 2768 πάνσοφος
3011 2698 3111 2767 τῆς
3142 2699 3419 2770 ἡμετέρας
3451 2697 3597 2769 ζωῆς
3627 2715 3763 2769 προ-

2192 2794 2393 2865 νοητὴς
2449 2790 2700 2861 (auctr/Ii;
2750 2788 2989 2862 χρῆσθαι
3032 2788 3294 2852 πολλάκις
3345 2791 3412 2842 τὰ
3464 2794 3762 2860 πράγματα

2194 2888 2315 2948 ταῖς
2358 2884 2591 2946 οἰκείαις
2619 2884 2820 2954 ὁρμαῖς
2845 2881 2981 2951 πρὸς
3022 2870 3404 2951 σωφρονισμὸν
3441 2881 3619 2951 ἡμῶν,
3650 2882 3761 2932 ἐσθ’

2194 2976 2305 3047 ὅπη
2332 2974 2441 3029 τῶν
2478 2973 2739 3045 ἐμμανῶς
2785 2970 2926 3024 αύτά
2981 2972 3514 3042 μεταχειριζομένων
3552 2971 3637 3023 διὰ
3666 2970 3768 3039 τῆς

2196 3069 2325 3139 περὶ
2355 3067 2495 3122 αὐτὰ
2520 3068 2616 3120 καὶ
2642 3065 2700 3131 ἐξ
2727 3063 2908 3117 αὐτῶν
2944 3062 3258 3133 συγχύσεώς
3287 3080 3345 3116 τε
3374 3063 3468 3115 καὶ
3498 3062 3768 3133 ταραχῆς,

2196 3161 2334 3233 πρὸς
2382 3159 2444 3212 τὸ
2485 3157 2628 3212 κατὰ
2667 3157 2829 3226 φύσιν
2869 3153 3099 3225 ὲραστὸν
3152 3155 3445 3221 ἐπανάγων
3493 3154 3582 3206 τὸν
3626 3154 3771 3216 τέως

2197 3253 2482 3320 ἀλόγιστον
2509 3249 2666 3319 ήμῶν
2701 3248 2834 3317 πρὸς
2864 3246 2932 3298 τὰ
2967 3247 3211 3314 παρόντα
3234 3246 3433 3319 ἔρωτα.
3457 3247 3631 3318 Τριῶν
3658 3248 3772 3318 γὰρ

2196 3348 2367 3401 ὅντων
2393 3341 2701 3399 καθολικῶν
2724 3341 2965 3412 τρόπων,
2991 3339 3115 3392 καθ’
3137 3339 3231 3403 οὓς
3252 3357 3387 3408 φασι
3410 3342 3772 3404 παιδευτικῶς

2196 3442 2266 3495 τὰ
2292 3438 2542 3510 ἡμέτερα
2582 3432 2833 3500 ἐξιᾶσθαι
2879 3432 3050 3500 πάθη,
3095 3430 3413 3493 δι’ἐκάστου
3443 3435 3640 3503 τρόπου
3673 3450 3771 3486 ωο-

2198 3532 2315 3601 φῶς
2340 3530 2401 3582 τὸ
2424 3527 2525 3595 τῆς
2547 3525 2683 3595 ὕλης
2736 3523 2974 3577 ἄτακτον
3023 3522 3302 3585 εὐτάκτως
3345 3524 3485 3578 κατὰ
3513 3524 3601 3578 τὸν
3627 3526 3771 3598 ὑπὲρ

2199 3624 2346 3696 ἡμᾶς
2378 3621 2470 3674 καὶ
2505 3616 2795 3688 κρείττονα
2833 3614 2992 3683 λόγον
3025 3615 3160 3685 πρὸς
3207 3614 3269 3666 τὸ
3317 3616 3657 3685 ἐγνωσμένον
3686 3620 3771 3685 τῷ

2197 3712 2317 3782 θεῷ
2367 3706 2754 3778 ἀγαθοπρεπές
2805 3704 3158 3775 ἀποτέλεσμα
3201 3703 3620 3776 κυϐερνωμὲνης
3667 3706 3769 3775 τῆς

2201 3805 2378 3874 κακῆς
2421 3800 2529 3854 τῶν
2558 3798 2749 3852 παθῶν
2780 3796 3075 3867 ἀχθηδόνος
3108 3796 3244 3867 ἴαμα
3286 3797 3516 3851 τίθεται.
3563 3799 3634 3850 Ἢ
3659 3798 3768 3869 γάρ

2198 3899 2309 3952 τῶν
2338 3892 2752 3967 προγεγονότων
2783 3888 3200 3961 ἁμαρτημάτων
3228 3891 3420 3960 ποινὴν
3441 3890 3771 3961 ἀπαιτούμε-

2200 4007 2303 4054 νοι,
2338 3981 2415 4040 ὧν
2458 3984 2591 4047 ἴσως
2617 3982 2729 4036 οὐδ’
2764 3981 2911 4053 ἴχνος
2952 3983 3022 4051 τῇ
3078 3980 3268 4055 μνήμῃ
3316 3981 3770 4052 παρακατέχομεν

2202 4078 2384 4150 (135
2445 4075 2499 4148 α)
2550 4074 2639 4128 διά
2684 4073 2785 4145 τὴν
2818 4073 3062 4141 ἄγνοιαν,
3094 4071 3258 4144 τυχὸν
3310 4072 3369 4126 δὲ
3417 4072 3510 4125 καὶ
3556 4090 3772 4144 μνημο·

2200 4172 2455 4231 νεύοντες
2487 4166 2585 4237 τὴν
2614 4166 2841 4219 δέουσαν
2882 4166 2995 4231 τοῖς
3037 4163 3514 4235 πλημμεληθεῖσιν
3549 4165 3776 4235 ἀντιση-

528 4282 658 4337 litiaz
682 4280 959 4346 habitum;
982 4296 1077 4335 seu
1104 4255 1477 4335 infirmitatem
1505 4255 1823 4349 purgamur,
1845 4286 1938 4332 aut
1958 4291 2090 4346 pra:-

2207 4263 2382 4317 κώσαι
2411 4257 2698 4330 διόρθωσιν
2745 4257 2845 4310 οὐκ
2873 4255 3197 4326 ἀνεχόμεθα,
3227 4255 3261 4326 ἢ
3296 4256 3372 4328 μὴ
3420 4255 3681 4321 θέλοντες,
3712 4258 3778 4328 ἧν

527 4383 736 4429 sentem
761 4383 815 4428 et
836 4373 1181 4428 distributum
1204 4372 1264 4445 (ι)
1289 4372 1552 4426 malitiam
1573 4368 1911 4441 repellimus,
1932 4378 1988 4422 et
2006 4368 2101 4422 ite-

528 4485 647 4523 rum
675 4471 743 4523 ad
772 4468 1022 4522 habitum
1051 4465 1250 4521 futurae
1270 4466 1397 4519 vitae
1422 4461 1802 4532 praealiscimus
1821 4460 2101 4529 aspicere:

526 4572 622 4616 aut
639 4560 792 4615 firma
817 4560 1108 4615 tolerantia
1126 4569 1182 4613 et
1203 4560 1289 4628 pia
1311 4555 1634 4612 fortitudine
1657 4552 1906 4606 mirabile
1925 4566 2108 4605 exem-

531 4653 678 4722 plum
696 4652 817 4706 aliis
839 4650 1157 4706 hominibus
1185 4649 1325 4702 alius
1347 4644 1605 4716 proponit
1628 4642 1812 4706 homo,
1835 4640 2107 4710 siquidem

529 4741 778 4796 excelsus
812 4749 906 4795 aut
936 4737 1295 4809 intelligentia
1327 4744 1491 4804 atque
1522 4734 1724 4787 virtute
1755 4730 2024 4802 gloriosus
2049 4739 2105 4783 et

535 4834 764 4889 idoneus
780 4848 877 4904 per
894 4847 952 4886 se
971 4832 1147 4901 ipsum
1166 4826 1533 4899 imperterrita
1550 4831 1739 4879 contra
1758 4831 1998 4878 terrores
2009 4835 2103 4876 co-

534 4924 621 4995 pia
642 4922 735 4994 (m)
759 4921 1108 4976 manifestare
1128 4919 1347 4975 interim
1363 4915 1633 4972 occultam
1649 4913 1958 4969 veritatem.
1994 4911 2104 4966 Ad-

608 5061 635 5099 b
669 5058 826 5112 Rom.
853 5071 969 5117 vm,
1006 5054 1098 5108 ‘20.

2207 4355 2281 4428 μὴ
2323 4352 2621 4424 ἰσχύοντες,
2648 4349 2736 4405 διὰ
2762 4350 2860 4421 τὴν
2887 4350 3255 4421 ἐγγενομένην
3287 4350 3400 4414 ἕξιν
3424 4351 3521 4421 τῆς
3554 4352 3778 4415 κακίας,

2202 4444 2356 4517 ἦτὴν
2387 4442 2676 4496 ἀσθένειαν
2717 4439 3125 4511 καθαιρόμεθα,
3172 4441 3206 4512 ἦ
3264 4441 3541 4514 παροῦσάν
3577 4459 3642 4495 τε
3684 4445 3783 4496 xui.

2205 4538 2512 4609 νεμομένην
2537 4533 2738 4588 κακίαν
2765 4531 3211 4605 ἀποϐαλλόμεθα,
3243 4534 3337 4587 καὶ
3377 4533 3511 4604 πρὸς
3550 4534 3785 4588 ἀναστο-

2204 4632 2302 4705 λὴν
2327 4632 2425 4701 τῆς
2456 4628 2760 4701 μελλούσης
2808 4627 2936 4680 ἰδεῖν
2982 4626 3473 4698 προδιδασκόμεθα,
3504 4626 3537 4697 ἢ
3580 4644 3790 4713 καρτε-

2214 4727 2336 4796 ρίας
2364 4724 2599 4795 ἀρίστης
2631 4723 2728 4776 καὶ
2761 4720 3021 4786 εὐσεϐοῦς
3044 4721 3297 4792 ἀνδρείας
3327 4721 3630 4791 ὑπόδειγμα
3658 4721 3792 4775 θαυ-

2216 4819 2419 4889 μαστὸν
2447 4821 2560 4880 τοῖς
2594 4814 2775 4879 ἄλλοις
2803 4813 3118 4885 ἀνθρώποις
3158 4804 3320 4877 ¹ἀλλος
3352 4814 3668 4885 προτίθεται
3696 4816 3791 4868 ἂν.

2215 4911 2457 4980 θρωπος,
2484 4909 2661 4980 ἄνπερ
2693 4906 2904 4977 ὑψηλὴς
3009 4904 3107 4976 τὴν
3134 4906 3375 4961 διάνοιαν
3402 4906 3493 4961 καὶ
3520 4908 3623 4975 τὴν
3660 4908 3791 4977 ἀρε-

1837 5141 2073 5198 VARI/li

2189 5140 2516 5197 LCTIONES.
3728 5182 3749 5200 .

604 5248 651 5280 "
700 5245 988 5317 δερμάτων
1031 5242 1153 5298 cod.
1220 5238 1365 5297 Gud.
1410 5239 1518 5296 Sed
1558 5238 1749 5294 eadem
1789 5252 1985 5292 manus
2022 5237 2090 5309 sy]

2189 5253 2228 5291 ia
2286 5254 2363 5289 σω
2437 5234 2811 5305 superscripta
2871 5233 3139 5304 σωμάτων
3205 5229 3581 5301 reponendum
3651 5230 3803 5289 indi-

537 5319 703 5376 cavit.

2093 5396 2325 5453 ΝΟΤΑΕ.

604 5503 677 5574 (k)
719 5499 882 5554 Omne
912 5499 1049 5569 quod
1089 5494 1584 5574 [eceratisic‘Gale
1642 5493 1702 5574 in
1728 5492 1942 5574 adnot.,
1996 5506 2105 5546 non

533 5561 684 5644 Ιεὸέι)
723 5610 736 5624 .
775 5561 935 5624 verte
964 5561 1176 5624 omnino
1202 5561 1389 5623 oblitis
1421 5566 1618 5635 fuerat.
1642 5561 1839 5634 (6310.)

2291 5489 2351 5557 ll)
2378 5488 2524 5563 Lege
2565 5487 2931 5563 deposcente?
2962 5501 3079 5563 nos.
3100 5484 3295 5556 (Gala;

2298 5555 2391 5631 (in)
2427 5558 2566 5628 Lege
2604 5556 2816 5619 copula.
2859 5555 3058 5624 (Gale.)
