4008 6194
207 4388 227 4493 ’i

286 274 425 340 1105

1504 276 2021 342 AMBIGUORUM
2058 276 2309 340 LIBER.

3374 275 3508 342 1106

281 389 380 457 τὴν
416 383 686 450 ἐπίδοξος,
738 382 837 437 καὶ
885 381 1070 447 ἱκανὸς
1114 381 1184 437 δι’
1223 382 1421 437 ἑαυτοῦ
1457 389 1523 457 τῇ
1563 386 1848 455 ἁκλονήτῳ

1967 395 2136 439 nonet
2180 385 2362 455 itaque
2393 398 2488 441 eos
2514 384 2606 454 qui
2637 385 2769 440 nihil
2801 401 2964 455 supra
2996 392 3319 455 pauentem
3349 387 3514 439 vitam

282 478 420 550 πρὸς
465 476 535 530 τὰ
567 475 719 530 δεινὰ
774 475 1062 546 συμπλοκῇ
1110 475 1426 545 φανερῶσαι
1448 476 1547 547 τὴν
1576 477 1715 539 τέως
1758 493 1852 531 κε-

282 570 610 641 κρυμμένην
644 567 923 639 ἀλήθειαν.
955 569 1223 643 Παραινεϊ
1251 564 1345 623 οὖν
1373 570 1486 631 τοῖς
1516 567 1684 640 μηδὲν
1710 567 1853 639 ὑπὲρ

281 664 381 730 τὴν
410 661 691 733 παροῦσαν
717 660 863 730 ζωὴν
879 660 1211 715 διανοεῖσθαι
1233 661 1575 731 δυναμένοις,
1610 659 1684 731 μὴ
1715 661 1851 730 6αρ-
1874 655 1885 666 “

282 754 438 825 ροῦσι
479 755 546 824 τῇ
571 752 666 806 τοῦ
702 754 956 823 σώματος
989 752 1171 823 ὑγεία,
1202 754 1298 807 καὶ
1325 752 1405 823 τῷ
1431 754 1573 807 κατὰ
1600 751 1727 824 ῥοῦν
1752 768 1851 821 φε-

283 844 501 914 ρομένῳ
527 841 638 895 τῶν
685 840 1033 911 πραγμάτων
1067 841 1257 913 δρόμῳ
1306 841 1448 895 κατὰ
1489 841 1605 894 τῶν
1644 839 1852 894 τούτων

280 932 662 1005 ἑστερημένων
704 930 1056 1003 ἐπαίρεσθαι,
1086 931 1190 996 ἕως
1231 933 1265 1003 ἡ
1300 931 1550 1003 παροῦσα
1589 931 1850 1000 ἐνέστηκε

280 1026 417 1099 ζωὴ,
458 1028 551 1081 καὶ
581 1028 690 1098 τὴν
728 1025 936 1096 φθορὰν
969 1027 1310 1098 περίκεινται
1355 1026 1583 1097 ταύτην,
1627 1026 1755 1095 περὶ
1782 1025 1852 1096 ην

279 1120 315 1189 η
347 1117 525 1190 τροπὴ
555 1117 651 1172 καὶ
692 1119 726 1185 ἠ
781 1115 1067 1179 ἀλλοίωσις
1087 1158 1103 1181 ,
1159 1118 1356 1188 ἀδήλου
1386 1118 1539 1181 ὄντος
1576 1118 1670 1172 τοῦ
1697 1116 1751 1171 τί
1786 1118 1852 1170 ὲκ

280 1209 381 1278 τῆς
407 1208 502 1262 τοῦ
527 1207 779 1278 σώματος
800 1209 896 1262 καὶ
927 1208 1038 1262 τῶν
1064 1206 1222 1272 ἐκτὸς
1255 1210 1597 1279 πραγμάτων
1629 1209 1853 1277 ἀνωμα-

280 1300 402 1363 λίας
448 1316 503 1352 τε
534 1300 631 1353 καὶ
670 1300 916 1370 ταραχῆς
941 1299 1035 1352 καὶ
1072 1300 1256 1363 αὐτοῖς
1287 1300 1653 1371 συμϐήσεται.
1679 1299 1852 1353 Τοῦτο

280 1391 388 1460 γὰρ
414 1387 566 1460 οἶμαι
593 1389 774 1457 λέγειν
802 1389 967 1444 αὑτὸν
1000 1388 1090 1441 διὰ
1116 1390 1233 1453 τοῦ,
1275 1408 1293 1440 ι
1322 1390 1470 1451 Ἕως
1498 1388 1566 1442 ἂν
1590 1390 1687 1441 καὶ
1714 1389 1849 1460 παρ’

283 1482 486 1551 ἑαυτῆς
521 1484 555 1552 ἡ
582 1480 683 1550 ὕλη
712 1481 854 1553 φέρῃ
880 1480 942 1533 τὸ
974 1480 1233 1545 ἄτακτον,
1268 1498 1288 1531 ι
1322 1479 1444 1533 ἀντὶ
1462 1478 1579 1546 τοῦ,
1613 1480 1759 1542 Ἕως
1782 1478 1851 1533 ἂν

282 1572 386 1627 ὑπὸ
416 1572 622 1642 φθορὰν
651 1573 742 1626 καὶ
774 1570 1068 1625 ἀλλοίωσίν
1094 1572 1211 1623 ἐστι
1241 1570 1397 1624 τοῦτο
1418 1571 1480 1623 τὸ
1501 1572 1632 1635 πᾶν,
1665 1570 1762 1625 καὶ
1787 1570 1851 1624 τὸ

281 1664 443 1733 σῶμα
469 1664 569 1732 τῆς
610 1663 994 1726 ταπεινώσεως
1026 1661 1414 1734 περικείμεθα,
1450 1662 1544 1716 καὶ
1578 1662 1707 1726 ἴσως
1731 1663 1846 1727 τοῖς

279 1756 339 1818 ἐξ
376 1753 542 1808 αὐτοῦ
593 1754 682 1807 διὰ
734 1755 835 1824 τὴν
867 1754 1111 1823 ἔμφυτον
1151 1753 1440 1808 ἀσθένειαν
1488 1753 1852 1823 πολυτρόποις

279 1846 467 1908 κακοῖς
505 1842 868 1914 ὑποκείμεθα·
913 1843 990 1914 μὴ
1047 1845 1168 1897 κατ’
1197 1843 1447 1914 ἀλλήλων
1489 1842 1851 1914 ὲπαιρώμεθα

277 1935 366 1990 διὰ
393 1936 494 2006 τὴν
514 1935 645 2006 περὶ
673 1936 822 2005 ἡμᾶς
848 1935 1142 2006 ἀνισότητα
1161 1934 1344 2005 (135
1370 1934 1445 2005 b),
1477 1935 1615 1990 ἀλλὰ
1650 1935 1852 2003 μᾶλλον

281 2027 517 2097 σώφρονι
535 2025 783 2096 λογισμῷ
808 2025 908 2096 τὴν
938 2027 1040 2095 τῆς
1077 2025 1339 2096 ὁμοτίμου
1384 2024 1602 2094 φύσεως
1631 2025 1853 2094 ἀνωμα-

279 2117 403 2171 λίαν
458 2116 904 2186 ὲξομαλίσωμεν,
937 2116 1035 2178 τὰς
1063 2116 1173 2170 τῶν
1201 2115 1376 2170 ἄλλων
1416 2115 1685 2187 ἐλλείψεις
1730 2118 1852 2179 ταῖς

280 2206 439 2278 ἡμῶν
483 2206 664 2260 αὐτῶν
697 2205 1140 2277 ἀναπληροῦντες
1167 2206 1516 2277 ὑπερϐολαῖς.
1551 2207 1646 2261 Διὸ
1681 2206 1847 2276 τυχὸν

280 2296 376 2350 καὶ
403 2297 438 2366 ἡ
467 2294 722 2367 παροῦσα
749 2295 1104 2365 συνεχωρήθη
1132 2295 1514 2349 πολιτεύεσθαι
1538 2296 1846 2366 ἀνωμαλία,

284 2385 372 2439 ἵνα
399 2385 586 2456 δειχθῇ
618 2386 652 2456 ἡ
692 2385 787 2438 τοῦ
827 2386 887 2439 ἐν
914 2386 1047 2456 ⁴ἡμῖν
1075 2385 1235 2454 λόγου
1268 2385 1499 2456 δύναμις
1527 2386 1850 2458 προτιμῶσα

280 2478 503 2531 πάντων
528 2477 628 2549 τὴν
663 2477 888 2548 ἀρετήν.
923 2476 1153 2531 Πάντων
1178 2477 1288 2549 γὰρ
1316 2476 1619 2549 ἀνθρώπων
1647 2480 1680 2550 ἡ
1712 2480 1847 2551 αὐτή

284 2571 399 2623 ἔστι
431 2569 530 2623 τοῦ
558 2585 618 2622 τε
668 2569 921 2640 σώματος
954 2569 1052 2623 καὶ
1088 2569 1198 2622 τῶν
1226 2569 1382 2634 ἐκτὸς
1416 2569 1593 2640 τροπὴ
1622 2570 1718 2624 καὶ
1751 2572 1849 2624 ἁλ-

1952 476 2256 546 intelligere
2288 485 2536 545 possunt,
2566 493 2634 532 ne
2679 479 2733 532 in
2775 480 3005 533 sanitate
3044 479 3290 547 corporis
3342 477 3516 533 conﬁ-

1950 567 2102 634 dant,
2133 574 2190 623 et
2213 567 2540 624 destinando
2569 569 2755 625 mobili
2785 574 2969 625 rerum
2999 586 3160 625 cursu
3190 586 3288 639 per
3328 585 3518 623 earum

1950 658 2194 715 defectus
2218 662 2525 715 exaltentur
2555 661 2657 731 (η),
2695 661 2823 715 dum
2865 678 3101 731 praesens
3126 661 3341 725 steterit
3381 661 3515 724 vita,

1949 757 2007 803 et
2043 750 2100 803 in
2151 751 2312 804 talem
2359 751 2771 820 corruptionem
2817 753 3334 815 circumvolvanlur,
3372 751 3518 806 circa

1949 854 2113 908 quam
2162 840 2450 894 conversio
2479 850 2564 895 est
2610 850 2665 896 et
2713 844 3079 907 mutabilitas;
3117 842 3248 896 dum
3297 841 3368 895 sit
3414 842 3519 895 hoc

1949 930 2245 995 incertum,
2277 930 2407 1000 quid
2437 945 2503 985 ex
2528 947 2757 1003 corpore
2787 942 2844 989 et
2869 935 3111 989 exterius
3142 950 3325 990 rerum
3355 933 3517 988 dissi-

1950 1025 2260 1081 militudine
2285 1041 2349 1080 ac
2369 1026 2780 1095 perturbatione
2801 1027 2883 1081 eis
2904 1026 3201 1095 contingat.
3231 1023 3346 1079 Hoc
3371 1023 3516 1077 enim

1950 1117 2190 1172 arbitror
2222 1116 2408 1172 dicere
2432 1132 2557 1171 eum
2588 1130 2686 1186 per
2717 1118 2843 1181 hoc,
2877 1135 2896 1168 ι
2935 1117 3072 1171 Dum
3108 1130 3138 1170 a
3171 1130 3229 1169 se
3261 1115 3377 1184 ipsa
3406 1129 3522 1167 ma-

1951 1210 2116 1265 teries
2159 1207 2269 1265 fert
2314 1210 2704 1274 inordinatum,
2744 1228 2763 1260 ›
2816 1225 2916 1279 pro
2948 1223 3016 1262 eo
3061 1206 3207 1277 quod
3252 1214 3353 1268 est,
3390 1205 3519 1259 dum

1950 1305 2054 1359 sub
2099 1306 2452 1374 corruptione
2486 1312 2543 1360 et
2584 1304 2950 1359 mutabilitate
2991 1303 3212 1357 esthoc
3247 1309 3419 1355 totum
3469 1307 3522 1351 et

1949 1411 2151 1465 corpus
2181 1396 2507 1451 humilitatis
2536 1395 2837 1457 induimur,
2883 1402 2939 1450 et
2981 1409 3136 1463 aeque
3165 1408 3232 1447 ex
3276 1391 3395 1460 ipso
3424 1405 3523 1459 per

1950 1490 2169 1544 insitam
2194 1489 2564 1545 inﬁrmitatem
2590 1490 2773 1545 multis
2793 1488 2971 1543 modis
2992 1488 3151 1543 malis
3177 1485 3519 1555 subjicimur.

1948 1594 2019 1636 ne
2054 1581 2125 1635 ab
2166 1580 2399 1635 invicem
2432 1596 2749 1650 separemur
2778 1595 2883 1648 per,
2920 1593 3039 1632 eam
3085 1578 3205 1646 qua:
3245 1568 3523 1630 circa'nns

1952 1680 2036 1727 est
2063 1670 2504 1741 inaequalitatem,
2562 1671 2656 1725 sed
2697 1670 2869 1740 magis
2896 1668 3152 1738 prudenti
3194 1665 3521 1736 cogitatione

1953 1762 2187 1817 naturali
2243 1762 2472 1832 collegio
2525 1761 2947 1830 inaequalitatem
2999 1759 3162 1828 plane
3219 1756 3519 1815 faciamus,

1952 1853 2182 1907 aliorum
2212 1851 2459 1907 defectus
2487 1852 2692 1907 nostris
2720 1850 2852 1920 ipsis
2884 1848 3248 1918 adimplentes
3292 1861 3518 1916 supera-

1952 1942 2290 1999 bundantiis.
2319 1944 2551 2012 PrOpter
2581 1944 2686 1998 hoc
2718 1941 2967 1997 fortassis
2993 1954 3234 2010 prtescns
3262 1952 3519 1994 concessa

1950 2043 2035 2089 est
2079 2035 2395 2090 conversari
2439 2034 2730 2098 anomalia,
2762 2041 2824 2088 ut
2871 2031 3254 2087 ostenderetur
3292 2029 3521 2084 rationis

1955 2140 2079 2194 qua:
2126 2125 2180 2179 in
2244 2124 2407 2181 nobis
2438 2133 2522 2181 est
2553 2125 2814 2195 potentia,
2851 2124 3241 2194 praehonorans
3269 2119 3524 2175 omnibus

1950 2215 2231 2283 virtutem.
2263 2215 2517 2271 Omnium
2546 2215 2697 2271 enim
2739 2215 3023 2269 hominum
3062 2212 3253 2268 eadem
3280 2220 3365 2265 est
3397 2224 3522 2263 cor-
3580 2216 3584 2220 ‘

1950 2307 2104 2375 poris
2142 2316 2198 2361 et
2223 2322 2415 2362 eorum
2447 2321 2568 2376 quae
2595 2315 2748 2361 extra
2779 2312 2906 2359 sunt
2946 2302 3232 2360 conversio
3260 2309 3317 2356 et
3346 2306 3523 2354 muta-

1951 2396 2156 2461 bilitas,
2188 2412 2310 2467 quae
2338 2398 2444 2452 fert
2485 2407 2540 2454 et
2563 2398 2757 2462 fertur,
2793 2406 2849 2453 et
2891 2393 3236 2451 solummodo
3277 2392 3382 2446 hoc
3411 2399 3523 2444 sta-

1952 2485 2063 2539 bile
2109 2488 2354 2556 possidet
2383 2503 2447 2544 ac
2478 2488 2695 2542 llrmum
2741 2486 2893 2557 quod
2936 2483 3190 2540 instabile
3217 2490 3302 2537 est
3329 2496 3394 2535 ac
3422 2494 3522 2533 vo-

1954 2575 2148 2631 lubile.

284 2658 522 2721 λοίωσις,
564 2656 808 2730 φέρουσὰ
835 2675 895 2711 τε
924 2660 1021 2713 καὶ
1050 2658 1349 2729 φερομένη,
1392 2658 1486 2743 καὶ
1516 2659 1677 2730 μόνον
1697 2660 1860 2715 τοῦτο
1896 2667 2210 2739 κεκτημένη
2243 2667 2506 2739 σταθερόν
2538 2684 2596 2721 τε
2625 2668 2719 2720 καὶ
2780 2666 3029 2738 βάσιμον,
3060 2665 3119 2718 τὸ
3146 2665 3377 2720 ἄστατον
3432 2661 3525 2715 καὶ

286 2755 601 2822 φερόμενον.

290 2928 402 2984 Τοῦ
435 2926 620 2982 αὑτοῦ
650 2927 720 2982 ἐκ
748 2927 857 2982 τοῦ
886 2930 974 2994 εις
998 2928 1105 2982 τὸν
1139 2929 1313 2999 ἅγιον
1354 2930 1715 2987 Ἀθανάσιον
1733 2937 1837 2989 λό-

1948 2938 2205 3012 Ejusdem
2238 2954 2302 2994 ex
2329 2954 2569 2993 sermone
2594 2940 2649 2992 in
2674 2938 3056 3004 Athanasium,
3084 2942 3144 3003 in
3185 2943 3280 2995 hoc
3307 2957 3323 2995 :
3354 2961 3372 2991 ‹
3409 2940 3523 2995 Νοη

353 3038 485 3091 του,
511 3025 599 3088 εἰς
645 3022 732 3087 τὸ,
770 3039 790 3091 ᾳ
831 3023 915 3076 Οὐ
952 3022 1063 3093 γὰρ
1119 3023 1245 3091 ἔχει
1292 3033 1349 3076 τι
1395 3025 1781 3096 ὑψηλότερον
1806 3028 1845 3098 ἦ

2019 3032 2159 3085 enim
2199 3028 2352 3084 habet
2390 3030 2517 3099 quid
2551 3029 2714 3083 altius
2762 3046 2925 3099 quam
2970 3032 3183 3085 omnino
3219 3031 3389 3085 habet.
3427 3050 3445 3081 ›

349 3113 509 3179 ὅλως
537 3112 661 3177 ἕξει
689 3112 787 3183 (4).
822 3130 843 3163 ι

356 3229 519 3282 Δοκεῖ
548 3243 640 3298 μοι
676 3226 764 3280 διὰ
793 3227 1002 3282 τούτων
1031 3230 1302 3286 ἀπολῦσαι
1338 3233 1522 3304 πάσης
1571 3249 1856 3303 συγκριτι-

2023 3231 2256 3286 Videtur
2281 3229 2415 3284 mihi
2444 3245 2546 3300 per
2573 3229 2690 3285 haec
2735 3218 3036 3286 absolvisse
3084 3232 3153 3287 ab
3195 3232 3343 3286 omni
3372 3247 3525 3287 com—

278 3321 385 3389 κῆς
434 3337 495 3373 τε
546 3320 642 3372 καὶ
672 3319 1019 3391 διακριτικῆς
1067 3323 1161 3375 val.
1201 3324 1374 3389 ἄλλως
1406 3343 1521 3388 πως
1549 3324 1851 3394 λεγομένης

1967 3321 2199 3391 parativo
2230 3329 2287 3376 et
2317 3320 2612 3376 discretivo
2658 3328 2715 3375 et
2749 3322 3136 3391 quoquomodo
3178 3323 3341 3379 aliter
3378 3323 3531 3378 dicto

277 3411 519 3482 σχέσεως
543 3409 634 3463 τὸν
659 3409 1046 3480 διδασκόμενον
1065 3420 1094 3465 ο
1133 3411 1378 3484 θεόφρων
1409 3409 1566 3479 οὗτος
1585 3416 1667 3468 διδ
1676 3416 1849 3469 dexa-

1954 3412 2144 3466 habitu
2187 3411 2442 3466 edoctum
2472 3411 2572 3465 iste
2604 3411 2788 3466 Deifer
2817 3413 3092 3482 magister.
3129 3412 3261 3467 Nam
3295 3413 3526 3467 immen-

274 3503 390 3565 λος.
425 3504 686 3570 ῗΑσχετον
716 3501 825 3572 γὰρ
860 3501 921 3554 τὸ
939 3502 1180 3556 τοιοῦτον
1202 3502 1341 3569 εἶδος
1377 3505 1471 3558 τοῦ
1502 3505 1661 3574 λόγου
1690 3505 1852 3574 φασὶν

1967 3517 2075 3557 sam
2124 3516 2245 3557 esse
2298 3502 2458 3555 talem
2504 3502 2771 3557 orationis
2815 3504 3052 3571 speciem
3084 3504 3292 3566 dicunt,
3328 3505 3420 3573 qui
3472 3504 3526 3556 in

275 3595 329 3648 oi
355 3594 481 3664 περὶ
498 3595 668 3647 ταῦτα
696 3592 875 3658 δεινοὶ,
918 3595 1010 3646 καὶ
1040 3595 1237 3651 ταὺτδν
1267 3596 1525 3652 δύνασθαι
1556 3596 1636 3667 τῷ
1683 3597 1854 3664 ἀσυγ-

1961 3594 2162 3648 talibus
2188 3592 2466 3662 sapientes
2497 3602 2647 3658 sunt,
2679 3604 2734 3647 et
2768 3594 2911 3651 hanc
2950 3611 3111 3665 posse
3142 3595 3215 3667 (ο)
3247 3597 3526 3664 incompa—
3618 3598 3631 3611 ’

276 3684 479 3754 κριτως
511 3683 652 3755 ὑπὲρ
692 3684 869 3736 πάντα
912 3678 1056 3739 εἶναι
1101 3684 1303 3754 λέγειν,
1337 3686 1414 3750 ὡς
1453 3687 1683 3758 δύναμιν
1735 3687 1852 3755 ἔχον

1967 3685 2210 3741 rabiliter
2237 3700 2404 3754 super
2433 3684 2615 3739 omnia
2646 3701 2765 3741 esse
2793 3686 3003 3751 dicere,
3036 3687 3238 3758 quippe
3270 3687 3529 3741 virtutem

280 3775 610 3846 ὖπεροχικῆς
640 3775 985 3843 ἀποφάσεως.

1959 3775 2127 3831 habet
2152 3775 2614 3846 supereminentis
2638 3778 2963 3848 negationis.

293 3954 397 4006 Ἕκ
428 3952 535 4007 τοῦ
574 3952 763 4007 αὑτοῦ
796 3954 1005 4021 λόγου,
1061 3956 1147 4021 εἰς
1176 3955 1265 4016 τὸ,
1304 3974 1322 4005 σ
1373 3951 1569 4026 τῼτινι
1594 3955 1711 4023 μὲν
1741 3953 1852 4011 οὖν

1967 3956 2210 4023 Ejusdem
2254 3970 2318 4009 ea:
2366 3954 2632 4025 epitaphio
2678 3955 2733 4008 in
2779 3964 3020 4009 sanctum
3059 3954 3437 4017 Athanasium,
3474 3954 3530 4007 in

352 4042 666 4113 ἐξεγένετο
716 4042 814 4098 διὰ
866 4046 1057 4115 λόγου
1105 4045 1205 4099 καὶ
1252 4046 1502 4114 θεωρίας
1543 4046 1857 4117 διασχόντι

349 4135 465 4202 τὴν
489 4135 651 4203 ὕλην
673 4136 771 4189 καὶ
801 4135 866 4189 τὸ
900 4136 1190 4204 σαρκικὸν
1218 4138 1265 4170 ⁸⁸
1293 4137 1490 4203 τοῦτο,
1523 4137 1644 4192 εἴτε
1674 4137 1858 4209 νέφος

350 4225 469 4293 χρὴ
518 4226 742 4296 λέγειν,
769 4230 892 4283 εἴτε
926 4227 1323 4298 προκάλυμμα
1355 4271 1370 4296 ,
1407 4228 1529 4295 Θεῷ
1568 4231 1857 4301 συγγεγέ-

350 4321 511 4381 σθαι,
552 4318 658 4372 καὶ-
682 4319 764 4384 τῷ
806 4320 1299 4389 ἁκραιςρνεστάτφ
1336 4321 1482 4390 φωτὶ
1538 4320 1851 4391 κραθῆναι,

350 4411 481 4465 καθ’
510 4410 663 4464 ὅσον
703 4410 953 4479 ἐφικτὸν
971 4411 1321 4480 ἀνθρωπίνῃ
1341 4414 1542 4481 φύσει,
1561 4413 1851 4482 μακάριος

352 4497 529 4569 οὗτος
557 4501 667 4570 τῆς
694 4501 977 4557 ἐντεῦθεν
994 4504 1344 4571 ἀναϐάσεως
1371 4505 1467 4559 καὶ
1504 4504 1613 4574 τῆς
1652 4506 1855 4560 ἐκεῖσε

350 4594 642 4659 οεώσεως,
668 4593 748 4661 ἤν
769 4595 834 4649 τὸ
869 4595 1131 4665 γνησίως
1160 4597 1578 4667 φιλοσοφῆσαι
1625 4596 1853 4666 χαρίζε-

351 4702 473 4750 ται,
522 4686 621 4739 καὶ
680 4686 749 4739 τὸ
804 4686 957 4754 ὑπὲρ
1003 4688 1119 4755 τὴν
1170 4688 1396 4758 αὐλικὴν
1437 4689 1631 4743 δυάδα
1692 4689 1856 4759 γενέ-

351 4778 490 4828 σθαι
544 4775 644 4829 διὰ
692 4776 809 4844 τὴν
868 4779 940 4831 ἐν
992 4779 1185 4847 Τριάδι
1228 4779 1275 4811 ⁸⁷
1328 4780 1667 4849 νοουμένην
1722 4781 1855 4835 srd-

352 4885 501 4934 τητα
524 4869 624 4941 (5).
666 4889 685 4921 ι

366 4982 508 5051 Ἐγὼ
547 4984 647 5054 μὲν
678 4986 780 5040 οὐκ
822 4980 975 5058 οἶμαι
1005 4985 1241 5051 ἐλλιπῶς
1274 4986 1321 5020 ⁵⁸
1346 4986 1493 5059 ἔχειν
1528 4986 1619 5041 τὸν
1650 4985 1848 5039 ἀποδο-

353 5186 399 5217 “
436 5185 659 5258 σαρκίον
699 5188 789 5244 ed.
850 5187 968 5246 Gal.

1883 4363 1930 4417 Ι)

2025 4050 2122 4101 hoc
2144 4064 2163 4103 :
2193 4066 2212 4098 ι
2245 4044 2341 4102 Cui
2366 4046 2530 4117 igitur
2556 4044 2757 4099 licitum
2789 4046 2888 4115 fuit
2923 4063 3015 4115 per
3042 4046 3301 4099 rationem
3330 4052 3380 4098 et
3404 4062 3530 4098 con-

2028 4138 2419 4209 templationem
2464 4139 2859 4208 pertranseunti
2898 4138 3178 4191 materiam
3219 4146 3269 4191 et
3311 4137 3535 4191 carnale

2028 4234 2140 4297 hoc,
2161 4231 2268 4283 sive
2290 4228 2522 4282 nimbum
2549 4235 2752 4297 oportet
2774 4228 2963 4291 dicere,
2993 4229 3099 4281 sive
3125 4227 3386 4289 velamen,
3413 4245 3533 4281 cum

2033 4320 2138 4374 Deo
2169 4318 2318 4387 ﬁeri,
2367 4327 2417 4371 et
2457 4318 2737 4388 purissimo
2780 4316 2977 4370 lumine
3026 4318 3222 4378 teneri,
3271 4325 3531 4386 quantum

2028 4410 2266 4483 possibile
2292 4418 2369 4464 est
2395 4410 2642 4464 humanm
2665 4416 2873 4463 natura?
2899 4409 3081 4462 beatus
3103 4409 3199 4462 iste
3229 4410 3533 4462 ascensione

2025 4505 2146 4558 hinc
2179 4512 2227 4556 et
2263 4500 2409 4555 illius
2436 4499 2784 4569 deiﬁcatione,
2825 4500 2891 4553 de
2928 4516 3032 4569 qua
3074 4501 3272 4554 sincere
3302 4497 3531 4569 philoso-

2027 4594 2183 4664 phari
2228 4593 2493 4658 donatur,
2546 4600 2595 4645 et
2642 4606 2801 4661 super
2849 4589 3179 4644 materiatem
3215 4587 3530 4644 dualitatem

2025 4685 2145 4753 ﬁeri
2175 4701 2267 4754 per
2291 4683 2612 4739 intellectam
2638 4683 2694 4736 in
2724 4681 2981 4737 Trinitatc
3012 4680 3289 4736 unitatem.
3326 4701 3347 4732 ο

2026 4984 2141 5052 Ego
2173 4978 2395 5050 quidem
2444 4992 2554 5032 non
2611 4992 2834 5048 possum
2883 4975 3145 5033 deﬁciens
3198 4978 3401 5034 habere
3454 4978 3531 5049 (ρ)

1552 5093 1782 5151 unus
1819 5070 2228 5148 LECTIONES.

1066 5186 1115 5221 ⁸⁷
1159 5190 1224 5261 τῇ
1275 5187 1454 5262 τριάδι
1506 5187 1598 5244 ed.
1631 5186 1751 5250 Gal.
1828 5186 1874 5219 ⁸⁸
1905 5184 2166 5245 Nemi);
2192 5180 2281 5236 ed.
2316 5178 2435 5235 Gal.

1804 5296 2028 5353 NOTJI'I.

356 5389 435 5462 (η)
464 5390 626 5445 Verte
657 5408 749 5445 nec
778 5401 992 5463 prapter
1025 5408 1195 5445 rerum
1216 5408 1437 5463 suarum
1465 5408 1678 5445 cursum
1702 5390 1842 5462 inof-

284 5458 485 5530 fensum
514 5471 696 5515 contra
728 5458 813 5515 eos
850 5458 939 5532 qui
967 5463 1078 5516 istis
1103 5469 1284 5515 carent
1309 5460 1627 5516 exattentur.

2022 5388 2091 5453 (oi
2119 5386 2282 5441 Verte
2308 5392 2358 5437 et
2390 5385 2529 5437 idem
2557 5382 2731 5438 valere
2764 5399 2845 5443 ac,
2874 5392 2982 5437 etc.
3011 5365 3210 5453 male.)

2029 5450 2104 5527 (ῃ)
2142 5457 2304 5512 Verte
2326 5453 2689 5524 imperfectam
2721 5450 3044 5506 existimare.
3077 5450 3275 5525 (Gale.)

354 5574 431 5643 (ι)
462 5574 846 5647 Gregor.Naz.
877 5573 1028 5647 orat.
1066 5575 1135 5647 In
1166 5575 1375 5632 laudent
1403 5577 1579 5647 magni
1610 5575 1908 5639 Athanasii,
1941 5590 2058 5644 cap.
2095 5574 2139 5639 ι,
2168 5588 2222 5642 p.
2262 5570 2386 5637 586,
2428 5580 2559 5626 tom.
2599 5569 2638 5635 Ι,
2667 5567 2754 5624 cd.
2783 5567 2986 5625 Bcucd.

360 5646 436 5715 (5)
473 5644 641 5700 Idem.
666 5646 793 5701 ibid.
829 5662 880 5703 c.
909 5646 964 5713 ο,
997 5661 1051 5716 ρ.
1076 5646 1199 5701 586.

3581 4756 3603 4795 Ι

3568 4826 3576 4850 1
