3984 6198
528 252 672 318 110³7

1687 261 1748 322 S.
1786 263 2073 326 ΜΑΧΙΜΙ
2111 265 2618 332 CONFESSORIS

3645 276 3794 342 1108

533 365 805 419 redditam
845 366 913 422 de
944 368 1148 423 virtute
1182 378 1500 425 sanctorum
1537 372 1784 443 magistri
1815 377 2106 442 rationem,

2214 378 2376 433 θέντα
2428 384 2559 453 περὶ
2607 383 2795 455 (136
2820 383 2880 453 α)
2923 383 3025 454 τῆς
3070 384 3272 455 ἀρετῆς
3319 386 3433 439 τῶν
3476 387 3651 455 ἀγίων
3686 391 3792 443 τοῦ

531 460 634 514 etsi
653 460 898 529 quidam,
918 472 978 515 ut
1003 462 1326 531 scripsistis,
1341 463 1446 517 hoc
1464 464 1828 531 arbitrantur,
1849 482 1950 537 per
1976 468 2105 532 hoc,

533 552 745 606 ratione
768 562 825 607 et
848 555 1314 623 contemplatione
1333 556 1700 620 solummodo.
1725 559 1845 614 sine
1865 560 2104 626 actione,

530 651 655 711 post
713 643 885 697 Deum
926 646 1329 701 transeuntium
1389 649 1563 721 ipsam
1619 648 1805 705 dicere
1858 651 2107 721 philoso-

530 734 746 803 phiam;
776 751 808 791 e
836 738 1116 792 contrario
1148 754 1281 794 vero
1317 747 1660 809 compactam
1691 741 1893 796 actioni
1920 759 2106 798 veram

528 828 675 883 circa
703 844 768 884 ea
806 845 927 900 quae
967 839 1118 893 sunt,
1146 845 1340 884 eorum
1370 841 1426 885 et
1463 832 1856 902 judicationem
1887 844 1945 891 et
1975 851 2109 907 cpe-

528 921 823 989 rationem,
863 938 1027 991 quam
1054 923 1456 993 philosophiam
1497 925 1669 979 solam
1702 942 1831 981 vere
1854 928 2110 997 planissi-

527 1026 671 1065 mam
697 1026 800 1081 ego
830 1013 1023 1066 saltem
1052 1014 1231 1068 audax
1254 1012 1483 1079 definio,
1520 1016 1694 1086 magis
1718 1026 1904 1087 aperte
1934 1019 2109 1073 intro-

528 1100 752 1157 duxisse
772 1119 893 1157 eam
923 1103 998 1175 (ᾳ)
1022 1105 1286 1174 suscipio,
1315 1106 1529 1161 ratione
1557 1115 1614 1161 et
1643 1109 2107 1179 contemplatione

529 1194 731 1265 corrigi
776 1209 899 1250 eam
939 1196 1294 1252 manifestans
1341 1197 1434 1268 (r).
1468 1198 1682 1268 Quippe
1727 1201 1930 1256 rationi
1971 1218 2106 1258 con-

524 1284 717 1352 juncta
746 1284 971 1338 omnino
998 1285 1218 1340 actione
1261 1294 1318 1340 et
1347 1286 1705 1356 judicatione,
1734 1304 1857 1358 qua:
1901 1291 1955 1345 in
1985 1292 2108 1362 ipsa

529 1384 633 1437 est,
660 1391 759 1444 per
800 1376 1318 1445 contemplationem
1355 1379 1785 1448 comprehensa;
1832 1377 2106 1451 siquidem

530 1466 761 1521 rationis
804 1474 890 1522 est
926 1467 1183 1523 ordinare
1226 1469 1477 1539 corporis
1516 1479 1725 1525 motum
1750 1473 1923 1527 veluti
1949 1474 2107 1531 freno

529 1557 766 1631 quodam
842 1566 992 1612 recta
1034 1558 1453 1616 ratiocinatione
1512 1561 1582 1616 ab
1627 1576 1696 1617 eo
1745 1564 1844 1633 qui
1905 1574 1991 1620 est
2036 1567 2105 1622 ad

529 1650 1036 1717 inconsequentiam
1061 1650 1128 1721 (ε)
1154 1660 1339 1705 meatu
1360 1652 1781 1723 disciplinaliter
1800 1665 2072 1713 retentum
2088 1700 2106 1724 ,

528 1742 1014 1813 contemplationis
1057 1757 1189 1798 vero
1250 1758 1373 1813 quae
1419 1744 1562 1799 bene
1611 1745 1891 1804 intellecta
1941 1758 2107 1821 atque

528 1833 769 1887 discreta
816 1842 946 1887 sunt
990 1833 1293 1902 prudenter
1317 1834 1584 1891 extollere
1625 1836 1945 1907 iudicando,
1989 1848 2110 1896 tan-

528 1946 691 2000 quam
724 1932 902 1987 lucem
946 1930 1307 1987 elarissimam
1350 1947 1451 2002 per
1480 1948 1669 1987 veram
1698 1932 1982 1988 scientiam
2027 1933 2110 2003 ip-

529 2036 642 2076 sam
670 2023 959 2078 veritatem
989 2024 1290 2080 ostendens
1324 2024 1421 2096 (t);
1448 2024 1539 2080 his
1563 2024 1834 2081 ambobus
1868 2025 2107 2082 maxime

527 2124 749 2170 creatur
777 2117 959 2170 omnis
1003 2118 1224 2187 sapiens
1250 2117 1427 2173 virtus
1455 2127 1513 2173 et
1552 2118 1885 2183 custoditur,
1919 2118 1987 2173 ab
2020 2118 2108 2174 his

526 2205 693 2261 etiam
721 2206 1104 2262 manifestatur
1136 2224 1236 2278 per
1260 2224 1479 2278 corpus,
1512 2226 1624 2264 non
1658 2216 1790 2265 tota.
1814 2210 1932 2265 Non
1957 2210 2106 2265 enim

526 2294 744 2365 capitur
772 2311 1004 2368 corpore
1036 2298 1168 2353 dum
1193 2298 1266 2353 sit
1287 2299 1574 2356 character
1596 2299 1800 2354 divinae
1821 2300 2105 2369 potentia},

526 2386 623 2442 sed
646 2387 896 2458 quaedam
927 2403 1120 2444 eorum
1145 2405 1268 2460 quae
1300 2390 1475 2462 ipsius
1505 2399 1635 2446 sunt
1662 2390 1901 2456 umbrae;
1925 2390 2107 2446 ethoc

526 2493 638 2533 non
682 2488 910 2550 propter
949 2496 1010 2538 se
1052 2481 1249 2552 ipsam,
1294 2492 1523 2553 propter
1554 2481 1735 2538 nudos
1766 2498 1901 2537 vero
1934 2482 2107 2552 ipsius

527 2572 700 2642 gratia
740 2573 888 2627 utin
919 2573 1286 2630 imitationem
1326 2574 1555 2629 veniant
1598 2574 1887 2630 deiformis
1932 2575 2104 2629 Deum

526 2663 874 2733 diligentiam
905 2666 1167 2721 virorunr
1190 2666 1668 2732 conversationis;
1700 2675 1761 2721 ut
1792 2680 1893 2737 per
1933 2667 2105 2736 parti-

527 2754 861 2829 cipationem
898 2756 1029 2812 boni
1076 2766 1133 2812 et
1182 2758 1284 2828 ipsi
1330 2757 1551 2814 malitiae
1580 2757 1980 2829 turpitudinem
2011 2757 2107 2813 de-

528 2828 819 2915 ponentes,
846 2846 1138 2919 dignorum
1159 2849 1271 2905 Deo
1295 2859 1479 2920 partes
1507 2849 1657 2916 fiant,
1678 2858 1774 2905 aut
1796 2850 2104 2921 deprecan-

529 2946 611 2992 tes
643 2939 976 3007 azljutorium
1007 2940 1284 3010 quoddam
1318 2956 1349 2996 a
1381 2941 1701 3011 potentibus
1739 2943 2001 3011 consequi
2044 2949 2105 2996 ut

2207 471 2534 529 διδασκάλου
2556 476 2740 542 λόγον,
2764 474 2868 529 κάν
2897 492 3061 541 τινες,
3100 476 3179 537 ὡς
3237 477 3556 547 γεγράφατε
3578 520 3593 543 ,
3619 480 3797 534 τοῦτο

2208 564 2471 634 νομίζωσι
2494 567 2561 631 ⁵⁸,
2594 566 2685 619 διὰ
2717 567 2814 619 τοῦ
2841 567 2988 637 λόγῳ
3010 568 3108 621 καὶ
3132 567 3336 639 θεωρίᾳ
3361 570 3524 639 μόνον
3553 587 3796 639 πρακτι-

2208 656 2314 724 κῆς
2356 658 2481 728 δίχα
2531 659 2634 728 τὴν
2676 658 2821 713 κατά
2864 659 3000 712 Θεὸν
3037 658 3150 712 τῶν
3195 660 3568 729 μετελθόντων
3609 663 3794 731 αὐτὴν

2208 749 2531 819 φιλοσοφίαν
2591 753 2787 814 εἰπεῖν,
2818 751 3135 805 τούναντίον
3182 752 3240 804 δὲ
3293 752 3598 822 διηρμένην
3630 754 3681 786 ⁸⁸
3721 758 3791 824 τῇ

2207 841 2408 911 πράξει
2456 843 2555 913 τὴν
2591 842 2765 914 ἀληθῆ
2809 842 2940 913 περὶ
2979 843 3051 895 τά
3095 842 3228 895 ὄντα
3262 845 3446 913 κρίσιν
3476 845 3662 898 αὐτῶν
3689 845 3795 898 καὶ

2207 932 2509 1005 ἐνέργειαν,
2554 935 2621 1004 ἦν
2674 934 2741 1005 δὴ
2792 934 3113 1002 φιλοσοφίαν
3169 934 3340 997 ὅντως
3395 933 3792 1004 πληρεστάτην

2206 1022 2385 1094 ἔγωγε
2411 1024 2689 1095 τολμήσας
2724 1024 2894 1097 μόνην
2915 1024 3196 1095 ὁρίζομαι,
3232 1025 3381 1095 μάλα
3427 1025 3620 1092 σαφῶς
3666 1027 3789 1077 εἰσ-

2204 1114 2459 1183 ηγεῖσθαι
2485 1116 2650 1169 αὐτὸν
2670 1116 3063 1185 ὑπολαμϐάνω,
3099 1116 3245 1185 λόγῳ
3275 1116 3373 1171 καὶ
3393 1115 3601 1187 θεωρία
3648 1133 3789 1169 κατ-

2207 1205 2502 1274 ορθοῦσθαι
2565 1206 2735 1278 αὐτὴν
2808 1207 3272 1277 ἀποφηνάμενον,
3328 1206 3408 1270 ὡς
3445 1212 3460 1225 '
3492 1206 3569 1276 τῷ
3634 1205 3787 1275 λόγῳ

2210 1298 2564 1370 συνημμένης
2601 1301 2823 1363 πάντως
2850 1299 2953 1369 τῆς
2995 1298 3272 1370 πράξεως,
3304 1300 3404 1353 καὶ
3430 1298 3533 1368 τῆς
3561 1299 3651 1351 ἐπ’
3683 1299 3787 1351 αὖ-

2207 1391 2274 1460 τῇ
2309 1388 2546 1460 κρίσεως
2582 1390 2650 1460 τῇ
2693 1388 2899 1460 θεωρίᾳ
2937 1389 3359 1460 περιεχομένης,
3407 1387 3569 1456 εἴπερ
3617 1387 3783 1454 λόγου

2212 1479 2313 1549 μὲν
2339 1478 2398 1532 τὸ
2418 1478 2640 1532 τάσσειν
2659 1478 2759 1549 τὴν
2789 1478 2885 1533 τοῦ
2907 1477 3164 1547 σώματος
3197 1477 3434 1547 κίνησιν,
3463 1472 3578 1529 οἷον
3619 1476 3781 1546 χαλι-

2208 1567 2284 1638 νῷ
2309 1587 2416 1622 τινι
2458 1568 2537 1640 τῷ
2584 1568 2733 1640 ὀρθῷ
2770 1568 3019 1638 λογισμῷ
3049 1570 3150 1637 τῆς
3179 1566 3315 1637 πρὸς
3343 1566 3576 1621 ἀτοπίαν
3605 1568 3786 1637 φορᾶς

2209 1658 2589 1730 ἐπιστημόνως
2637 1657 3099 1727 ἀναχαιτίζοντος,
3136 1655 3374 1726 θεωρίας
3420 1655 3478 1708 δὲ
3529 1655 3591 1708 τὸ
3626 1657 3695 1708 τὰ
3735 1657 3780 1686 ⁵⁸

2209 1751 2391 1814 καλῶς
2429 1750 2689 1820 νοηθέντα
2724 1766 2783 1802 τε
2821 1750 2918 1802 καὶ
2962 1748 3223 1818 κριθέντα
3265 1747 3555 1817 ἐμφρόνως
3602 1750 3783 1819 αἱρεῖς

2210 1843 2335 1896 σθαι
2360 1839 2716 1911 ψηφίζεσθαι,
2740 1839 2907 1892 οἱονεὶ
2935 1837 3052 1907 φῶς
3074 1836 3508 1906 παμφαέστατον
3539 1837 3611 1889 δι’
3644 1837 3784 1907 άληε

2209 1932 2335 1997 θοῦς
2362 1932 2617 2001 γνώσεως
2630 1930 2728 2000 τὴν
2764 1929 3024 1999 ἀλήθειαν
3061 1929 3234 1996 αὐτὴν
3264 1925 3625 1996 δεικνυούσης
3647 1939 3665 1956 ⁸
3699 1922 3784 1989 οἷς

2207 2022 2542 2093 ἀμφοτέροις
2579 2021 2814 2091 μάλιστα
2848 2020 2943 2072 καὶ⁵
2966 2019 3388 2089 δημιουργεῖται
3420 2019 3574 2070 πᾶσα
3625 2016 3780 2086 φιλό-

2210 2130 2374 2184 σοφος
2409 2114 2577 2185 ἀρετὴ
2602 2112 2697 2165 καὶ
2726 2110 3077 2180 φυλάττεται,
3104 2109 3191 2177 ὑφ’
3215 2101 3292 2161 ὧν
3313 2109 3408 2161 καὶ
3454 2110 3780 2178 ἐπιφαίνεται

2206 2206 2295 2261 διὰ
2346 2203 2597 2275 σώματος
2661 2204 2758 2272 οὐχ
2803 2190 2937 2269 ὅλη(
2968 2201 3045 2254 Οὐ
3078 2201 3189 2270 γάρ
3232 2202 3493 2271 χωρεῖται
3541 2200 3778 2269 σώματι,

2206 2296 2495 2368 χαρακτὴρ
2545 2295 2866 2365 ὑπάρχουσα
2926 2293 3078 2356 θείας
3125 2291 3433 2361 δυνάμεως,
3463 2290 3603 2345 ἀλλά
3652 2307 3778 2343 τινα

2205 2385 2316 2439 τῶν
2351 2386 2524 2455 αὐτῆς
2558 2385 2895 2453 σκιάσματα,
2929 2382 3025 2435 καὶ
3054 2381 3214 2435 τοῦτο
3242 2382 3305 2436 οὐ
3350 2380 3422 2434 δι’
3442 2382 3667 2451 ἑαυτὴν,
3687 2382 3781 2435 διά

2205 2477 2263 2531 δὲ
2295 2477 2354 2530 τὺ
2380 2477 2507 2539 τοὺς
2535 2476 2775 2545 γυμνοὺς
2811 2474 2910 2544 τῆς
2942 2474 3065 2527 κατ’
3089 2472 3261 2543 αὐτὴν
3306 2471 3535 2543 χάριτος
3566 2472 3647 2534 είς
3690 2472 3782 2541 μί-

2209 2585 2377 2640 μησιν
2430 2568 2605 2621 ἐλθεῖν
2652 2565 2752 2635 τῆς
2800 2563 3070 2628 θεοειδοῦς
3116 2563 3227 2616 τῶν
3269 2561 3536 2632 φιλοθέων
3564 2560 3782 2632 ἀνδρῶν

2205 2660 2579 2729 ἀναστροφῆς,
2610 2659 2696 2728 ἐφ’
2729 2654 2774 2726 ᾧ
2802 2660 2867 2728 τῇ
2902 2657 3105 2725 μετοχῇ
3135 2653 3232 2707 τοῦ
3260 2651 3429 2706 καλοῦ
3450 2651 3549 2704 καὶ
3578 2651 3782 2714 αὐτοὺς

2205 2750 2268 2805 ea
2316 2751 2419 2821 τῆς
2456 2749 2655 2814 κακίας
2683 2746 2874 2819 αἶσχος
2918 2744 3290 2816 ἀποθεμένους
3325 2745 3430 2815 τῆς
3468 2740 3578 2795 τῶν
3613 2740 3780 2806 ἀξίων

2206 2842 2343 2897 Θεοῦ
2373 2842 2630 2913 γενέσθαι
2658 2840 2871 2912 μοίρας,
2907 2839 2940 2910 ἢ
2972 2838 3101 2900 τοὺς
3127 2835 3420 2906 δεομένους
3457 2834 3782 2904 ἐπικουρίας

2204 2934 2348 2997 τινὸς
2377 2933 2562 3005 (136
2587 2932 2639 3003 ὁ)
2693 2932 2799 2985 ὑπὸ
2850 2930 2958 2984 τῶν
2986 2927 3300 2997 δυναμένων
3348 2927 3557 2995 τυχεῖν,
3605 2926 3690 2993 ἐφ’
3728 2915 3781 2991 ᾧ

527 3029 804 3085 occultum
842 3030 895 3085 iu
928 3030 1204 3100 profundo
1243 3033 1441 3087 anima:
1473 3031 1800 3086 eximiorum
1845 3031 2102 3086 allectum

2207 3024 2307 3095 τήν
2343 3022 2730 3094 κρυπτομένην
2776 3019 2855 3090 τῷ
2906 3019 3060 3089 βάθει
3093 3017 3194 3087 τῆς
3233 3015 3411 3086 ψυχῆς
3441 3014 3550 3067 τῶν
3589 3012 3783 3084 ἐναρέ-

527 3134 626 3186 per
656 3135 857 3189 corpus
886 3122 1101 3176 actione
1130 3120 1414 3177 manifesta
1446 3122 1799 3191 accipientes,
1835 3121 2018 3176 omnia
2047 3121 2103 3177 in

528 3209 785 3263 omnibus
808 3210 1030 3275 factam,
1061 3219 1117 3267 et
1149 3228 1248 3281 per
1277 3212 1460 3271 omnia
1491 3213 1750 3268 omnibus
1778 3221 2104 3282 praesentem

522 3298 626 3361 Dei
654 3298 1053 3368 providentiam
1084 3311 1142 3357 et
1168 3302 1316 3373 ipsos
1344 3303 1596 3369 laudent;
1623 3313 1681 3358 ut
1703 3304 1751 3359 si
1774 3320 1934 3359 nemo
1958 3314 2105 3360 esset

525 3388 621 3456 qui
659 3390 798 3446 bene
830 3407 993 3462 agere
1023 3393 1438 3464 deprecaretur,
1471 3412 1568 3450 seu
1604 3396 1699 3466 qui
1745 3396 1811 3450 ad
1843 3396 2103 3451 virtutem

529 3482 780 3552 exemplo
809 3483 1034 3541 formari
1063 3486 1282 3552 debeat,
1308 3488 1486 3558 ipsum
1514 3489 1690 3543 solum
1719 3489 1969 3544 suiiicere
1996 3488 2101 3543 sibi

410 3618 415 3623 .
527 3573 773 3638 omnino,
826 3591 947 3645 quas
997 3579 1301 3634 secundum
1348 3581 1584 3635 animam
1631 3588 1782 3646 sunt,
1833 3581 2102 3636 virtutum

528 3663 689 3721 donis
720 3665 1015 3723 fruentem.
1049 3670 1117 3725 Et
1155 3671 1273 3726 sine
1315 3686 1506 3727 earum
1538 3688 1636 3741 per
1666 3688 1867 3743 corpus
1894 3673 1963 3728 ad
1989 3688 2108 3728 ma-

529 3756 790 3811 nifestum
821 3761 1218 3829 approbatione
1246 3778 1356 3830 non
1385 3775 1469 3818 est
1499 3765 1861 3835 incongruum
1894 3764 2102 3822 dicere.

527 3845 633 3914 Qui
667 3849 833 3917 igitur
860 3851 948 3921 pie
980 3868 1077 3923 per
1108 3855 1631 3925 contemplationem
1663 3857 1938 3927 intelligit,
1966 3872 2107 3927 quo—-

534 3940 701 3995 modo
735 3941 941 3997 habent
967 3959 1032 3999 ea
1069 3961 1192 4015 quae
1217 3955 1363 4012 sunt,
1397 3955 1453 4002 et
1476 3963 1580 4021 per
1606 3948 1932 4003 rationabile
1971 3963 2106 4004 con-

534 4033 716 4088 silium
759 4035 1103 4092 considerate
1130 4053 1195 4092 ac
1223 4046 1373 4094 recte
1407 4038 1476 4093 de
1512 4039 1644 4109 ipsis
1672 4040 1939 4095 rationem
1966 4038 2109 4095 dim-

534 4126 633 4188 uit,
676 4135 732 4181 et
763 4129 1007 4183 custodit
1057 4130 1280 4186 sibimet
1320 4130 1614 4202 judicium,
1666 4130 1839 4203 magis
1869 4146 2003 4188 vero
2047 4146 2107 4188 se

533 4216 713 4286 ipsum
763 4216 971 4287 judicio
1026 4219 1610 4299 irreprehensibilem,
1663 4236 1885 4277 omnem
1943 4221 2107 4277 simul

528 4310 1003 4379 comprehcndens
1029 4312 1197 4369 habet
1218 4314 1478 4370 virtutem
1501 4332 1516 4379 ;
1539 4314 1606 4369 ad
1631 4313 1771 4368 nihil
1800 4314 1949 4369 aliud
1982 4321 2109 4384 post

2206 3132 2315 3169 των
2362 3112 2604 3167 διάθεσιν
2654 3111 2742 3164 διὰ
2800 3111 2896 3163 τοῦ
2946 3107 3202 3178 σώματος
3252 3106 3399 3158 κατά
3446 3104 3547 3175 τὴν
3576 3102 3781 3174 πρᾶξιν

2208 3208 2469 3275 φανεῖσαν
2495 3203 2956 3272 ἀποδεξαμένους,
2986 3201 3085 3271 τὴν
3116 3200 3249 3253 πᾶσι
3280 3197 3460 3251 πάντα
3484 3196 3783 3266 γινομένην

2206 3298 2300 3351 καὶ
2328 3296 2418 3351 διὰ
2439 3297 2656 3350 πάντων
2697 3296 2831 3347 πᾶσι
2859 3291 3140 3362 παροῦσαν
3172 3288 3266 3343 τοῦ
3309 3287 3446 3342 Θεοῦ
3494 3286 3781 3358 πρόνοιαν,

2207 3390 2302 3443 καὶ
2342 3388 2541 3450 αὖτοὺς
2580 3385 2908 3456 ἀνυμνῆσαι.
2957 3383 3044 3445 Ὦς
3076 3381 3187 3451 εἴγε
3223 3380 3413 3451 μηδεὶς
3434 3375 3549 3449 ἦνό
3574 3379 3634 3433 εὖ
3673 3395 3783 3431 πα-

2207 3480 2320 3534 θεῖν
2348 3479 2623 3549 δεόμενος,
2648 3476 2680 3547 ἢ
2705 3478 2734 3529 ὁ
2757 3474 2889 3546 πρὸς
2918 3472 3120 3555 ἀρετὴν
3149 3470 3560 3541 παραδείγματι
3583 3485 3777 3521 τυπω-

2208 3572 2369 3641 θῆναι
2392 3569 2643 3639 ὀφείλων,
2675 3566 2839 3621 αὐτὸν
2866 3564 3096 3618 ἕκαστον
3123 3564 3316 3635 ἀρκεῖν
3338 3560 3519 3632 ἐαυτῷ
3537 3561 3774 3623 πάντως,

2207 3666 2326 3728 ταῖς
2357 3663 2498 3719 κατά
2523 3660 2703 3733 ψυχὴν
2740 3658 2849 3712 τῶν
2890 3656 3100 3729 ἀρετῶν
3127 3656 3347 3728 χάρισιν
3379 3654 3773 3726 ἀϐρυνόμενον.

2207 3755 2321 3809 Καὶ
2364 3754 2487 3824 δίχα
2515 3753 2616 3824 τῆς
2658 3750 2864 3805 τούτων
2907 3749 2997 3802 διὰ
3020 3746 3116 3800 τοῦ
3148 3746 3402 3818 σώματος
3430 3746 3569 3818 πρὸς
3592 3744 3651 3797 τὸ
3676 3744 3777 3811 ὲμ-

2209 3846 2373 3916 φανὲς
2402 3842 2729 3907 ἀποδείξεως
2763 3840 2944 3909 λέγειν
2973 3839 3074 3892 οὐκ
3099 3837 3324 3891 ἄτοπον.
3367 3837 3426 3890 '0
3454 3836 3634 3888 τοίνυν
3684 3832 3776 3884 εὐ-

2208 3935 2382 3999 σεϐῶς
2412 3933 2503 3990 διὰ
2526 3932 2759 4003 θεωρίας
2795 3931 3141 4002 κατανοήσας
3166 3929 3243 3993 ὥς
3271 3927 3387 4000 ἔχει
3408 3928 3479 3981 τὰ
3499 3926 3650 3990 ὄντα,
3677 3923 3776 3976 καὶ

2206 4028 2298 4082 διὰ
2328 4027 2523 4099 βουλῆς
2551 4024 2781 4093 λογικῆς
2821 4020 3239 4093 ὲστοχασμένως
3263 4036 3324 4073 τε
3354 4019 3452 4072 καὶ
3479 4015 3656 4088 ὀρθῶς
3680 4014 3777 4067 τὸν

2208 4119 2338 4190 περὶ
2377 4115 2561 4171 αὐτῶν
2615 4114 2944 4187 ὁρισάμενος
2972 4111 3152 4180 λόγον.
3182 4109 3281 4164 καὶ
3310 4107 3598 4178 φυλάττων
3647 4106 3779 4156 eau-

2208 4207 2286 4278 τῷ
2304 4207 2405 4279 τὴν
2431 4205 2637 4276 κρίσιν,
2670 4202 2871 4275 μᾶλλον
2899 4202 2958 4256 δὲ
2993 4199 3189 4254 ἑαυτὸν
3220 4201 3288 4269 τῇ
3312 4196 3496 4268 κρίσει
3527 4194 3782 4264 ἀπαρέγο

2209 4300 2413 4364 κλιτον,
2445 4299 2628 4357 πᾶσαν
2653 4294 2790 4366 ὁμοῦ
2823 4291 3104 4347 συλλαὸὼν
3130 4291 3245 4361 ἔχει
3272 4289 3369 4359 τὴν
3391 4287 3612 4359 ἀρετὴν,
3640 4284 3783 4355 πρὸς

532 4375 802 4471 cognitam
832 4405 1120 4460 veritatem
1149 4403 1331 4461 adhuc
1361 4375 1564 4470 motus,
1589 4414 1646 4461 et
1668 4406 1851 4461 omnia
1875 4375 2105 4476 praeter-

2208 4391 2362 4447 οὐδὲν
2388 4387 2518 4443 ἀλλο
2545 4385 2684 4458 μετά
2702 4385 2802 4456 τὴν
2828 4379 3176 4453 ἐγνωσμένην
3196 4378 3460 4451 ἀλήθειαν
3600 4375 3784 4476 ιιι-ινούῖ⁵

532 4492 596 4547 iit
648 4492 972 4550 festinanter
1028 4496 1233 4552 nullius
1301 4498 1527 4553 omnino
1581 4497 1849 4552 rationem
1903 4497 2109 4554 faciens

528 4599 723 4639 eorum
768 4600 1112 4657 quaecunque
1138 4588 1322 4643 carnis
1358 4596 1416 4644 et
1446 4588 1636 4642 mundi
1667 4595 1797 4644 sunt
1823 4597 1880 4644 et
1910 4588 2109 4645 dicun-

427 4727 437 4736 ,
529 4683 653 4740 tur;
689 4674 1039 4733 informatam
1085 4678 1294 4735 habens
1337 4680 1449 4750 jam
1497 4678 1709 4734 ratione
1741 4680 2109 4751 comprehen-

432 4765 449 4839 ξ
527 4781 665 4829 sam,
695 4766 812 4821 sine
856 4783 1054 4840 pugna,
1090 4770 1396 4835 actionem;
1427 4769 1630 4840 quippe
1671 4785 1864 4826 omnes
1888 4772 2111 4829 sibimet

530 4855 916 4913 intellectualis
961 4859 1134 4913 nostri
1179 4858 1589 4929 potentissimas
1623 4859 1988 4930 impassibiles
2022 4861 2107 4915 in-

436 4952 441 4957 ‘
529 4946 713 5001 ferens
747 4947 1010 5014 rationes,
1045 4954 1143 5019 per
1188 4964 1327 5019 quas
1372 4949 1553 5006 omnis
1584 4948 1764 5006 virtus
1790 4958 1848 5005 et
1879 4951 2109 5007 scientia

526 5047 613 5093 est
644 5045 701 5092 et
747 5039 999 5095 consistit
1024 5040 1169 5110 jure,
1200 5040 1331 5095 dum
1377 5042 1487 5095 sint
1537 5040 1881 5096 rationabilis
1914 5042 2111 5098 anima:

527 5125 820 5196 potentias;
851 5137 914 5184 ut
955 5127 1065 5184 sint
1094 5129 1318 5199 quidem
1351 5129 1575 5183 omnino
1603 5142 1831 5198 corpore
1861 5142 1971 5182 non
2015 5130 2105 5184 in-

526 5218 811 5289 digentes,
860 5229 921 5276 ut
966 5235 1097 5276 vere
1144 5218 1445 5276 manifestas
1491 5217 1600 5274 sint
1645 5226 1870 5289 propter
1910 5232 2106 5274 causas

2214 4499 2395 4554 μενος,
2431 4479 2526 4534 καὶ
2564 4478 2743 4535 πάντα
2789 4473 3035 4546 παρῆλθε
3052 4472 3143 4526 διὰ
3177 4470 3444 4541 σπουδῆς,
3473 4467 3691 4535 οὐδενὸς
3718 4465 3785 4519 τὸ

2210 4576 2472 4646 παράπαν
2493 4570 2653 4639 λόγον
2680 4566 3005 4638 ποιούμενος
3035 4564 3145 4618 τῶν
3177 4564 3281 4616 ὅσα
3316 4561 3525 4633 σαρκὸς
3558 4559 3656 4612 καὶ
3685 4556 3785 4612 κό-

2210 4682 2352 4737 σμου
2399 4663 2517 4716 ἐστὶ
2564 4660 2660 4713 καὶ¹
2712 4659 2960 4726 λέγεται,
3010 4654 3339 4716 ἐνδιαθέτως
3386 4650 3528 4722 ἔχων
3570 4647 3676 4737 ηδη

2208 4734 2353 4827 λόγῳ
2412 4751 2811 4826 περιεχομένην
2857 4747 3091 4818 ἀμάχως
3132 4745 3232 4815 τὴν
3288 4741 3512 4813 πρᾶξιν,
3553 4734 3646 4793 οἷα
3685 4736 3791 4792 τοῦ

2209 4848 2294 4917 ἐφ’
2320 4848 2456 4918 ἡμῖν
2486 4844 2696 4906 πάντας
2730 4839 2908 4911 ἑαυτῷ
2928 4838 3023 4892 τοῦ
3053 4832 3402 4906 διανοητικοῦ
3432 4834 3563 4896 τοὺς
3589 4829 3793 4901 κρατί-

2211 4956 2371 5003 στους
2425 4936 2658 5000 ἀπαθεῖς
2699 4930 3165 5002 ὲπικομιζομένου
3218 4928 3448 4995 λόγους.
3508 4921 3635 4977 καθ’
3695 4920 3795 4984 οὓς

2212 5035 2361 5088 πᾶσα
2418 5029 2589 5102 ἀρετὴ
2634 5027 2730 5081 καὶ⁵
2781 5025 2987 5095 γνῶσίς
3036 5024 3156 5076 ἐστι
3209 5020 3308 5074 καὶ
3349 5018 3686 5102 ὑφέστηκεν,
3715 5014 3796 5076 ὡς

2211 5101 2469 5194 δυνάμεις
2517 5120 2679 5183 ὄντας
2720 5116 2903 5188 ψυχῆς
2938 5114 3187 5185 λογικῆς,
3214 5111 3355 5183 πρὸς
3399 5108 3498 5181 μὲν
3530 5106 3595 5160 τδ
3649 5101 3798 5159 εἶναι

2214 5215 2469 5286 σώματος
2514 5211 2623 5267 οὐδ’
2653 5210 2789 5275 ὅλως
2814 5206 3138 5281 χρῄζοντας,
3171 5203 3305 5277 πρὸς
3349 5202 3408 5257 δὲ
3437 5201 3499 5254 τὺ
3549 5198 3799 5270 φανῆναι

1806 5328 2042 5385 VARUS
2083 5324 2484 5385 LECTIONES.

598 5418 650 5453 "
684 5419 963 5490 νομίζουσι
983 5422 1075 5479 od.
1106 5421 1227 5480 Gal.
1301 5422 1347 5454 ⁸⁸
1375 5420 1713 5495 διῃρημένην
1744 5420 1834 5476 ed.
1865 5418 1980 5476 Gal.
2055 5422 2095 5451 "
2131 5419 2198 5472 τά
2251 5433 2362 5473 om.
2417 5415 2540 5471 cod.
2600 5413 2745 5485 Gud.

2075 5526 2305 5583 NOTAE.

624 5608 679 5676 η)
713 5609 858 5673 chr‘
886 5622 1024 5659 cum.
1060 5602 1259 5673 (6³16.)

624 5621 658 5676 η
713 5609 858 5673 Lege
886 5622 1024 5659 eum.
1060 5606 1259 5673 (6316.)

600 5606 679 5755 ω
706 5682 852 5744 Lege
888 5678 1333 5746 manifistantem.
1368 5670 1567 5744 (ϐιαιο.)

2287 5599 2353 5664 (sl
2387 5593 2613 5649 Rectius
2636 5592 2994 5664 pra_vita_tcnt._
3015 5586 3215 5664 (palm)

2287 5655 2348 5737 (ιι
2386 5664 2529 5735 Lege
2556 5655 2895 5717 ostendentis.
2935 5655 3133 5730 (Gaia)
