3984 6198
327 274 462 339 1109

1536 251 2057 322 AMBIGUORUM
2093 249 2346 311 LIBER.

3432 237 3571 301 mo

329 385 419 441 διὰ
445 385 543 448 τὰς
575 378 879 452 εἰρημένας
901 378 1084 443 αίτίας
1131 373 1274 433 κατά
1320 372 1515 444 καιρὸν
1571 368 1720 439 αὐτῷ
1758 367 1890 438 χρῆ·

2018 363 2306 425 iraadictas,
2340 355 2643 415 secundum
2679 362 2914 424 tempus,
2946 367 3013 407 eo
3064 350 3145 406 uti
3192 366 3299 405 non
3351 350 3569 419 vitupe-

329 476 454 531 σθαι
520 474 620 527 οὐκ
666 469 1079 541 ἀναινομένους.
1114 467 1298 542 (137
1361 466 1420 535 a)
1461 463 1602 519 Φασὶ
1644 462 1756 533 γὰρ
1800 459 1894 525 τοῦ

326 562 671 637 διανοητικοῦ
705 559 868 627 εἶναι,
903 561 1091 623 ίδικῶς
1124 559 1224 631 μὲν
1262 556 1364 620 τὰς
1384 558 1602 627 νοήσεις
1633 552 1743 606 τῶν
1771 566 1898 621 νοη-

334 657 459 725 τῶν,
504 654 603 719 τὰς
641 653 863 726 ἀρετὰς,
894 652 993 715 τὰς
1025 650 1343 721 ἐπιστήμας
1381 647 1513 709 τοὺς
1544 642 1653 698 τῶν
1691 642 1899 713 τεχνῶν

328 749 546 818 λόγους,
577 746 640 801 τὸ
692 742 1099 817 προαιρετικὸν,
1129 743 1191 796 τι
1248 736 1596 811 βουλευτικὸν
1616 777 1631 802 ,
1666 732 1902 803 γενικῶς

330 840 388 895 δὲ
417 837 516 901 τὰς
545 836 776 907 κρίσεις,
803 835 903 896 τὰς
952 832 1406 903 συγκαταθέσεις,
1437 830 1540 894 τὰς
1580 825 1900 895 ἀποφυγὰς,

332 929 432 992 τὰς
473 927 672 1000 ὁρμὰς,
705 926 805 978 καὶ
835 924 935 988 τὰς
977 924 1078 995 μὲν
1106 919 1248 977 εἶναι
1279 922 1450 993 μόνης
1470 921 1572 992 τῆς
1600 916 1744 973 κατὰ
1775 915 1903 969 νοῦν

333 1021 570 1092 θεωρίας
588 1058 605 1084 ,
638 1019 737 1081 τὰς
769 1016 826 1070 δὲ
855 1017 955 1085 τῆς
986 1016 1129 1071 κατὰ
1157 1016 1252 1070 τὸν
1278 1015 1439 1084 λόγον
1469 1009 1905 1080 ὲπιστημονικῆς

332 1110 639 1180 δυνάμεως.
673 1110 736 1162 El
766 1108 823 1161 δὲ
855 1107 1071 1170 τούτοις
1099 1105 1517 1179 φρουρουμένην
1545 1103 1596 1156 οί
1631 1101 1779 1170 ἅγιοι
1806 1098 1905 1169 τὴν

333 1200 542 1254 οίκείαν
578 1199 625 1231 ⁸⁸
681 1196 828 1268 ζωὴν
875 1196 1286 1267 συνετήρησαν,
1336 1194 1444 1265 ἄρα
1494 1186 1907 1263 περιληπτικῶς

333 1290 425 1344 διὰ
453 1287 551 1342 τοῦ
581 1286 741 1355 λόγου
772 1286 868 1340 καὶ
895 1285 999 1356 τῆς
1023 1285 1259 1355 θεωρίας
1290 1287 1318 1338 ὁ
1364 1282 1640 1354 μακάριος
1675 1280 1721 1312 ⁸³
1750 1273 1909 1341 οὗτος

335 1379 478 1450 ἀνὴρ
529 1377 741 1442 πάντας
770 1377 898 1441 τοὺς
921 1375 1044 1430 κατ’
1077 1374 1280 1447 ἀρετὴν
1316 1374 1411 1428 καὶ
1440 1373 1643 1441 γνῶσιν
1676 1370 1908 1440 είσηγή-

339 1486 472 1523 σατο
501 1469 699 1538 λόγους
725 1468 839 1531 τοῖς
869 1467 1048 1536 ἁγίοις
1079 1464 1555 1536 συνειλημμένους
1586 1503 1600 1527 ,
1639 1461 1707 1516 δι’
1732 1455 1807 1515 ὧν
1838 1462 1907 1530 τῇ

339 1561 668 1632 κατανοήσει
738 1557 833 1613 τοῦ
886 1556 1024 1611 Θεοῦ
1086 1556 1228 1611 κατά
1299 1555 1533 1625 θεωρίαν
1592 1550 1912 1622 γνωστικῶς

340 1648 770 1726 προσανέχοντες
794 1650 1078 1722 ἐμφρόνως
1108 1647 1248 1702 κατά
1276 1647 1433 1716 λόγον
1455 1645 1544 1699 διὰ
1570 1644 1680 1699 τῶν
1701 1640 1911 1714 ἀρετῶν

340 1741 443 1811 τὴν
493 1739 646 1793 θείαν
681 1740 897 1802 ἑαυτοῖς
954 1737 1170 1809 μορφὴν
1205 1736 1619 1791 ένετυπώσαντο
1645 1774 1660 1799 ,
1689 1734 1911 1795 πάντως

342 1833 447 1885 οὐκ
497 1827 637 1884 εἶναι
687 1830 986 1895 ἀναγκαῖον
1030 1828 1239 1899 οἰηθεὶς
1283 1827 1383 1899 τὴν
1411 1826 1502 1881 διὰ
1527 1826 1624 1880 τοῦ
1658 1825 1913 1896 σώματος

345 1921 612 1992 ὀνομάσαι
642 1919 867 1992 πρᾶξιν,
902 1917 1189 1989 γινώσκων
1227 1918 1304 1990 μὴ
1339 1919 1542 1989 ἀρετῆς
1565 1918 1737 1988 αὐτὴν
1768 1914 1911 1970 εἶναι

347 2010 639 2081 ποιητικὴν
657 2051 673 2076 ,
699 2009 814 2063 ἀλλ’
843 2007 1179 2079 ὲκφαντικὴν
1202 2049 1219 2074 ,
1249 2009 1344 2062 καὶ
1394 2008 1572 2078 μόνων
1607 2006 1717 2060 τῶν
1753 2006 1916 2060 θείων

347 2102 637 2171 νοημάτων
659 2115 718 2152 τε
744 2098 841 2152 καὶ
866 2097 1145 2169 λογισμῶν
1185 2097 1482 2168 ὺπουργόν.
1524 2097 1612 2161 Ὠς
1638 2096 1706 2151 ἂν
1738 2097 1795 2150 δὲ
1822 2097 1919 2149 καὶ

349 2191 419 2244 δι’
445 2190 635 2260 ἑτέρου
680 2189 883 2262 τρόπου
931 2188 1164 2258 φανερὸν
1201 2188 1428 2259 γένηται
1474 2187 1538 2241 τὸ
1586 2187 1918 2258 λεγόμενον,

352 2281 518 2353 φασὶν
553 2282 602 2334 οί
642 2282 750 2335 τῶν
790 2281 913 2335 καθ’
956 2282 1105 2352 ἡμᾶς
1138 2282 1481 2351 πραγμάτων
1528 2280 1598 2336 δι’
1629 2279 1920 2351 ἀκριϐείας

232 2392 245 2407 κ
355 2370 706 2442 μετελθόντες
754 2373 877 2437 τοὺς
924 2370 1116 2440 λόγους
1149 2369 1243 2425 τοῦ
1284 2370 1508 2440 λογικοῦ
1543 2369 1605 2425 τὸ
1637 2371 1738 2441 μὲν
1775 2366 1921 2425 εἶναι

352 2464 785 2535 θεωρητικὸν,τδ
814 2463 872 2517 δὲ
922 2465 1227 2535 πρακτικόν
1258 2482 1271 2495 ·
1299 2464 1394 2518 καὶ
1440 2462 1777 2534 θεωρητικὸν
1820 2462 1922 2533 μὲν

352 2557 415 2610 τὸ
456 2557 600 2611 κατά
648 2555 795 2619 νοῦν,
841 2556 916 2619 ὡς
955 2555 1068 2627 ἔχει
1112 2556 1182 2609 τὰ
1218 2556 1370 2621 ὄντα,
1410 2554 1719 2628 πρακτικὸν
1759 2553 1817 2607 δὲ
1848 2554 1923 2608 -τὸ

358 2646 716 2717 βουλευτικὸν,
746 2647 808 2700 τὸ
848 2647 1032 2721 όρίζον
1082 2650 1198 2711 τοῖς
1252 2650 1581 2720 πρακτικοῖς
1628 2646 1721 2701 τὸν
1762 2646 1923 2717 ὀρθὸν

357 2738 534 2805 λόγον.
584 2739 694 2792 Καὶ
742 2737 970 2792 καλοῦσι
1013 2738 1075 2793 τὸ
1124 2739 1221 2809 μὲν
1267 2739 1603 2811 θεωρητικὸν
1648 2736 1775 2792 νοῦν
1801 2778 1816 2803 ,
1862 2736 1925 2792 τὸ

357 2825 416 2879 δὲ
446 2826 750 2896 πρακτικὸν
780 2826 962 2895 λόγον,
986 2828 1079 2881 καὶ
1103 2827 1164 2881 τὸ
1195 2828 1294 2899 μὲν
1324 2828 1541 2898 σοφίαν,
1575 2828 1638 2882 τὸ
1687 2827 1744 2881 δὲ
1786 2828 1926 2898 φρό-

359 2930 533 2987 νησιν.
569 2918 631 2971 lii
679 2917 736 2971 δὲ
768 2917 929 2971 τεῦτο
971 2917 1192 2989 ἀληθὲς,
1225 2921 1290 2973 ὲκ
1338 2920 1438 2990 τῆς
1484 2918 1664 2983 αίτίας
1695 2920 1806 2991 ἄρα
1826 2918 1925 2990 τὴν

361 3005 558 3077 πρᾶξιν
585 3009 728 3061 κατὰ
752 3009 814 3062 τὸ
843 3008 1014 3076 είκὺς,
1049 3010 1165 3063 ἀλλ’
1183 3011 1283 3065 οὐκ
1314 3013 1379 3065 ὲκ
1405 3012 1504 3082 τῆς
1540 3010 1674 3082 ῦλης
1706 3010 1924 3081 ὠνόμα-

364 3112 455 3149 σεν
482 3095 662 3168 (137
696 3098 747 3167 b)
777 3099 805 3151 ὁ
830 3098 1151 3179 διδάσκαλος
1204 3099 1364 3168 λόγον
1387 3141 1402 3165 ,
1432 3101 1531 3172 τὴν
1563 3101 1733 3172 μηδὲν
1770 3099 1921 3170 ἔχου-

364 3204 464 3240 σαν
497 3190 870 3259 ἀντικείμενον
896 3190 1010 3254 ἕξιν
1039 3191 1513 3262 προσαγορεύσας.
1539 3191 1789 3262 Λογικῶς
1816 3191 1927 3263 γὰρ

366 3277 458 3328 καὶ
485 3276 818 3344 γνωστικῶς,
853 3277 968 3330 ἀλλ’
991 3280 1050 3331 οὐ
1080 3280 1395 3350 πολεμικῶς
1428 3280 1522 3333 καὶ
1549 3279 1927 3348 ἀγωνιστικῶς

363 3367 594 3437 ἐμμένει
648 3373 756 3430 τοὶς
795 3369 1053 3437 ἀληθέσιν
1097 3372 1125 3422 ὁ
1151 3371 1507 3442 θεωρητικὸς,
1532 3372 1625 3424 καὶ
1656 3369 1792 3441 πλὴν
1827 3370 1928 3423 αὐ-

360 3460 472 3511 τῶν
516 3458 645 3512 ἀλλο
696 3476 751 3512 τι
799 3462 927 3532 όρᾷθ
975 3461 1064 3515 διὰ
1105 3464 1203 3531 τὴν
1246 3463 1380 3533 πρὸς
1431 3464 1568 3516 αὐτά
1599 3463 1791 3534 ἡδονὴν
1828 3464 1930 3516 οὐκ

362 3549 632 3619 ἀνέχεται.
666 3551 729 3604 Εἰ
760 3552 816 3605 δὲ
844 3553 949 3624 χρὴ
978 3554 1072 3606 κα)⁵
1106 3554 1284 3617 ἄλλως
1308 3555 1356 3586 ⁸⁵
1387 3555 1727 3625 σαφέστερον
1768 3554 1930 3608 τοῦτο

364 3642 735 3711 ποιήσασθαι,
770 3644 930 3698 πάλιν
971 3647 1020 3698 οἱ
1059 3645 1160 3715 τῆς
1199 3645 1320 3699 κατ’
1351 3645 1553 3716 ἀρετὴν
1586 3646 1929 3714 τελειότητος

362 3735 489 3796 τοὺς
528 3733 727 3800 λόγους
782 3736 1165 3807 γυμνάσαντές
1219 3754 1354 3807 φασι
1417 3739 1543 3801 τοὺς
1602 3739 1771 3808 μήπω
1831 3736 1930 3806 τῆς

364 3826 501 3896 πρὸς
548 3826 646 3895 τὴν
696 3825 830 3898 ὕλην
871 3831 1012 3884 κατά
1050 3830 1148 3900 τὴν
1183 3830 1370 3899 σχέσιν
1418 3830 1707 3893 κοινωνίας
1754 3828 1929 3883 καθα·

365 3915 492 3988 ροῦς
540 3919 833 3985 γεγονότας
879 3922 1015 3989 περὶ
1050 3921 1117 3974 τὰ
1168 3921 1452 3992 πρακτικὰ
1498 3920 1926 3988 καταγίνεσθαί,

276 4032 277 4035 η
366 4006 565 4075 μικτῆς
590 4004 759 4079 οῦσης
793 4009 979 4074 αὐτοῖς
1005 4010 1087 4063 ἔτι
1120 4012 1219 4081 τῆς
1258 4012 1386 4082 περὶ
1412 4011 1480 4064 τὰ
1512 4010 1642 4064 ὄντα
1666 4010 1923 4082 κρίσεως,

363 4094 459 4148 καὶ
485 4097 591 4148 είσὶ⁵
616 4100 864 4169 τρεπτοὶ,
907 4102 1074 4173 μήπω
1096 4103 1195 4172 τὴν
1228 4103 1359 4173 περὶ
1383 4103 1452 4156 τὰ
1485 4096 1711 4173 τρεπτά
1742 4102 1927 4173 σχέσιν

362 4184 691 4257 ἀποθέμενοι
716 4206 731 4221 ο
762 4191 888 4255 τοὺς
920 4190 978 4245 δὲ
1012 4192 1081 4245 δι’
1105 4192 1386 4264 ἀκρότητα
1429 4191 1507 4263 τῷ
1540 4193 1587 4225 ⁸⁸
1615 4190 1734 4261 Θεῷ
1783 4191 1928 4245 κατά

364 4276 550 4347 σχέσιν
584 4279 1008 4350 πλησιάζοντας,
1042 4285 1137 4336 καὶ
1180 4284 1246 4353 τῇ
1282 4280 1477 4336 τούτου
1507 4281 1836 4351 κατανοήσει
1867 4279 1928 4334 τὸ

1997 463 2213 511 rantur.
2242 451 2441 508 Dicunt
2473 448 2619 504 enim
2652 443 3037 502 intellectualis
3077 458 3239 517 esse,
3262 439 3575 512 specialiter

1997 544 2252 601 notiones
2278 537 2727 611 intelligibilium,
2759 536 3010 600 virtutes,
3053 531 3333 596 scientias,
3374 530 3574 585 artium

2000 637 2262 699 rationes,
2312 629 2677 703 propositum,
2722 624 3034 689 consilium,
3085 621 3416 692 generaliter
3443 634 3577 673 vero

1995 727 2225 800 judicia,
2252 722 2710 793 comparationes,
2734 718 2908 788 fugas,
2935 714 3229 786 appetitus,
3251 721 3308 768 et
3327 709 3574 781 quaedam

2002 817 2226 889 quidem
2253 830 2373 871 esse
2402 812 2574 868 solius
2613 808 2921 865 secundum
2956 807 3199 861 animum
3243 804 3579 873 contempla-

2004 906 2191 970 tionis,
2227 902 2475 974 quaedam
2508 914 2639 953 vero
2670 897 2975 953 secundum
3018 894 3287 967 rationem
3336 892 3584 962 discipli-

2003 998 2145 1055 nalis
2178 994 2455 1067 potentia.
2504 992 2561 1047 Si
2596 1004 2780 1047 autem
2826 991 3025 1046 talibus
3073 988 3405 1045 custoditam
3448 1002 3582 1058 pro-

2005 1091 2180 1161 priam
2227 1088 2397 1143 vitam
2452 1084 2628 1139 sancti
2678 1088 3166 1145 conservaverunt,
3218 1080 3385 1150 igitur
3428 1092 3582 1133 com-

2006 1180 2323 1254 prehensim
2343 1194 2444 1249 per
2468 1177 2736 1231 rationem
2758 1182 2815 1230 et
2836 1171 3353 1241 contemplationem
3391 1170 3585 1224 beatus

2009 1273 2114 1327 iste
2146 1271 2232 1326 vir
2276 1285 2488 1334 omnes,
2531 1283 2654 1338 quae
2701 1275 2831 1322 sunt
2872 1264 3175 1320 secundum
3225 1263 3485 1316 virtutem
3530 1271 3586 1315 et

2008 1364 2330 1429 scientiam,
2366 1359 2674 1417 introduxit
2716 1358 2960 1412 rationes
3007 1371 3037 1409 a
3090 1353 3296 1408 sanctis
3338 1365 3589 1418 compro-

2011 1455 2231 1520 hensas,
2256 1469 2355 1523 per
2385 1466 2522 1522 quas
2554 1450 2796 1505 divinam
2831 1447 3081 1502 notitiam
3126 1460 3225 1516 per
3251 1441 3592 1510 contempla-

2010 1546 2217 1600 tionem
2265 1545 2503 1599 scienter
2545 1538 2899 1606 accipientes,
2942 1535 3246 1606 prudenter
3285 1529 3589 1607 secundum

2012 1637 2280 1691 rationem
2309 1649 2410 1703 per
2450 1632 2685 1686 virtutes
2712 1630 2954 1685 divinam
2997 1626 3218 1681 sibimet
3263 1630 3589 1692 coaptavcm

2013 1720 2245 1776 formam
2277 1718 2523 1783 omnino,
2547 1733 2660 1771 non
2682 1732 2803 1773 esse
2827 1714 3199 1770 necessarium
3219 1710 3472 1782 judicans
3494 1725 3593 1778 per

2012 1827 2214 1882 corpus
2258 1810 2542 1866 nominare
2594 1807 2890 1871 actionem,
2930 1819 3267 1876 cognoscens
3311 1816 3422 1856 non
3467 1817 3588 1856 eam

2012 1903 2234 1960 virtutis
2259 1917 2380 1958 esse
2410 1900 2716 1964 factricem,
2744 1897 2842 1953 sed
2883 1894 3389 1959 manifestatricem,
3418 1899 3474 1947 et
3501 1907 3593 1946 so-

2014 1993 2295 2052 lummodo
2329 1991 2637 2047 divinarum
2662 1985 3146 2058 intelligentiarum
3175 1989 3232 2037 et
3264 1979 3595 2051 disputatio-

2016 2100 2148 2140 num
2179 2082 2256 2154 (u)
2283 2081 2614 2136 ministrum.
2646 2065 2721 2135 Ut
2745 2084 2926 2131 autem
2958 2084 3014 2130 et
3046 2089 3146 2144 per
3175 2072 3342 2127 alium
3367 2069 3591 2125 modum

2017 2174 2373 2231 manifestum
2408 2172 2502 2226 ﬁat
2542 2168 2691 2241 quod
2738 2167 2947 2224 dictum
2982 2174 3088 2231 est,
3133 2164 3327 2219 dicunt
3358 2162 3450 2233 qui
3489 2178 3593 2216 no-

2018 2277 2256 2325 strarum
2320 2279 2503 2320 rerum
2572 2262 2867 2334 diligenter
2933 2258 3178 2313 rationes
3236 2264 3592 2326 percurrunt,

2018 2358 2305 2414 rationalis
2333 2356 2556 2427 quidem
2580 2368 2702 2410 esse
2724 2350 3210 2421 contemplativum
3233 2356 3291 2403 et
3322 2346 3591 2411 activum;

2018 2460 2076 2508 et
2108 2432 2592 2520 contemplativum
2621 2443 2844 2514 quidem
2879 2438 3185 2497 secundum
3232 2437 3593 2499 intellectum,

2021 2542 2224 2613 quippe
2253 2540 2418 2595 habet
2438 2553 2504 2593 ea
2526 2553 2649 2608 qua:
2674 2544 2834 2597 sunt;
2862 2533 3100 2588 activum
3129 2545 3262 2584 vero
3292 2526 3595 2583 secundum

2021 2632 2335 2695 consilium,
2354 2628 2499 2700 quod
2526 2626 2725 2683 diﬂlnit
2744 2624 3055 2681 actionibus
3076 2629 3283 2676 rectam
3302 2619 3594 2683 rationem.

2022 2726 2093 2781 Et
2120 2731 2320 2779 vocant
2344 2721 2566 2792 quidem
2601 2715 3085 2787 contemplativum
3114 2712 3475 2775 intellectum,
3503 2726 3594 2765 ac-

2024 2816 2199 2872 tivum
2243 2828 2375 2868 vero
2420 2812 2714 2875 rationem,
2743 2817 2799 2865 et
2831 2806 2970 2862 illud
2998 2805 3223 2876 quidem
3250 2802 3597 2872 sapientiam,

2024 2906 2160 2964 illud
2204 2921 2338 2961 vero
2381 2902 2752 2976 prudentiam.
2787 2898 2844 2955 Si
2892 2906 3074 2953 autem
3119 2896 3226 2950 hoc
3269 2908 3496 2955 verum,
3533 2907 3600 2946 cx

2025 3014 2191 3055 causa
2220 2997 2405 3067 itaque
2437 2996 2732 3058 actionem,
2766 2989 3067 3047 secundum
3099 2986 3232 3059 quid
3258 2998 3601 3055 consequens

2025 3098 2130 3157 est,
2161 3096 2218 3145 at
2247 3104 2359 3144 non
2398 3103 2467 3144 ex
2498 3086 2746 3150 materia,
2779 3081 3085 3139 nominavit
3133 3078 3392 3151 magister
3430 3077 3599 3131 ratio-

2026 3198 2153 3238 nem
2182 3181 2390 3236 nullam
2424 3178 2495 3251 (υ)
2528 3178 2821 3233 habentem
2865 3173 3178 3244 oppositum
3221 3167 3601 3225 habitudinem

2028 3274 2327 3345 appellans.
2375 3268 2796 3327 Rationabiliter
2839 3266 2984 3322 enim
3019 3273 3074 3320 et
3111 3265 3370 3327 scienter,
3404 3269 3461 3316 at
3489 3277 3600 3315 non

2028 3380 2127 3437 per
2156 3361 2499 3418 inimicitiam
2528 3369 2587 3416 et
2610 3358 3019 3414 contentionem
3070 3355 3237 3411 instat
3278 3354 3424 3409 veris
3473 3368 3603 3408 con-

2030 3456 2401 3526 templativus,
2433 3460 2489 3508 et
2515 3460 2712 3522 praeter
2740 3450 2858 3520 ipsa
2898 3448 3046 3504 aliud
3093 3447 3223 3518 quid
3261 3445 3449 3500 videre
3476 3461 3604 3514 pm-

2030 3556 2150 3618 pter
2177 3560 2369 3600 eorum
2397 3542 2817 3623 delectationem
2843 3556 2953 3594 non
2985 3537 3199 3607 recipit.
3222 3534 3280 3592 Si
3307 3550 3441 3590 vero
3463 3549 3602 3604 opus

2028 3646 2114 3693 est
2145 3645 2203 3693 et
2226 3637 2385 3691 aliter
2414 3634 2519 3689 hoc
2545 3633 2789 3704 apertius
2813 3631 3014 3694 facere,
3047 3630 3245 3684 iterum
3279 3627 3372 3697 qui
3405 3641 3601 3681 secun-

2030 3730 2161 3785 dum
2206 3728 2465 3783 virtutem
2510 3724 2865 3796 perfectionis
2893 3714 3163 3777 rationem
3199 3725 3478 3784 exercent,
3511 3718 3597 3772 di-

2030 3827 2162 3874 cunt
2190 3815 2455 3887 quosdam
2481 3813 2725 3869 nondum
2753 3813 2824 3868 ad
2864 3811 3145 3867 materiam
3170 3808 3473 3865 secundum
3505 3809 3601 3863 Ιιεισ

2028 3908 2203 3964 bitum
2242 3906 2627 3962 communione
2658 3911 2937 3974 purgatos,
2978 3902 3120 3956 circa
3167 3900 3409 3956 actiones
3435 3898 3596 3965 cﬂici,

2028 4003 2158 4059 dum
2185 4001 2258 4058 sit
2285 4000 2445 4056 mista
2475 3999 2655 4055 adhuc
2676 3998 2758 4053 eis
2778 3998 2922 4053 circa
2941 4011 3005 4051 ea
3026 4009 3146 4064 quae
3167 4000 3295 4048 sunt
3308 3989 3596 4063 judicatio.

2028 4102 2084 4148 et
2125 4100 2254 4148 sunt
2299 4089 2714 4154 conversibiles,
2755 4087 3000 4142 nondum
3029 4088 3175 4141 circa
3216 4082 3599 4139 conversibilia

2029 4183 2277 4239 habitum
2323 4182 2679 4251 deponentes.
2729 4178 3002 4246 Quosdam
3055 4191 3184 4231 vero
3233 4189 3333 4245 per
3380 4173 3600 4228 virtutis

2029 4274 2398 4330 summitatem
2416 4274 2528 4327 Deo
2549 4271 2850 4327 secundum
2871 4269 3116 4323 habitum
3138 4267 3596 4337 approximantes.

368 4369 639 4441 μακάριον
679 4373 1112 4444 καρπουμένους,
1140 4373 1279 4443 πρὸς
1302 4373 1525 4437 ἑαυτοὺς
1550 4374 1709 4443 μόνον
1726 4372 1821 4425 καὶ
1840 4372 1918 4424 τοι

2033 4376 2089 4424 et
2107 4367 2283 4437 ipsius
2301 4366 2603 4422 secundum
2626 4361 3038 4433 intelligentiam
3056 4358 3395 4414 beatitudine
3418 4358 3601 4412 fruen—

365 4460 497 4515 Θεὸν
547 4463 960 4533 ἐστραμμένους
995 4463 1073 4534 τῷ
1104 4463 1265 4534 ῥῆξαι
1308 4463 1547 4534 γνησίως
1590 4464 1690 4534 τῆς
1738 4462 1930 4534 ὑλικῆς

365 4554 602 4623 σχέσεως
636 4554 701 4608 τὰ
726 4554 900 4625 δεσμὰ
927 4555 1033 4607 τῶν
1065 4555 1164 4624 μὲν
1192 4553 1515 4625 πρακτικῶν
1537 4554 1633 4608 καὶ
1659 4553 1759 4623 τῆς
1789 4552 1922 4621 ὕλης

353 4644 645 4711 ,παντελῶς
673 4644 1091 4717 ἠλλοτριῶσθαι,
1121 4649 1188 4717 τῇ
1216 4646 1275 4699 δὲ
1303 4644 1510 4715 θεωρίᾳ
1548 4644 1645 4697 καὶ
1691 4642 1770 4713 τῷ
1807 4641 1928 4712 Θεῷ

363 4735 835 4804 προσῳκειῶσθαι.
868 4736 980 4801 Διὸ,
1018 4737 1174 4806 φασὶ,
1202 4737 1298 4790 καὶ
1348 4732 1607 4804 μένουσιν
1641 4733 1925 4801 ἀτρεπτοι,

368 4827 440 4896 μὴ
468 4826 679 4896 ἔχοντες
703 4826 784 4880 ἔτι
812 4829 911 4895 τὴν
939 4828 1073 4897 πρὸς
1093 4828 1191 4896 τὴν
1211 4826 1342 4896 ὓλην
1368 4825 1573 4896 σχέσιν,
1610 4822 1732 4876 καθ’
1759 4823 1825 4893 ἢν
1859 4823 1926 4890 τῇ

366 4914 465 4986 ὕλῃ
497 4918 743 4984 φυσικῶς
777 4918 1132 4990 ἀλλοιουμένῃ
1167 4918 1316 4988 παρὰ
1332 4917 1494 4986 φύσιν
1527 4913 1928 4981 συνεξαλλοιοῦ-

368 5003 550 5056 σθαιη
580 5002 639 5069 ἐξ
659 5004 908 5075 ἀνάγκης
928 5006 1175 5075 πέφυκεν
1192 5007 1220 5058 ὁ
1240 5009 1305 5076 τῇ
1331 5005 1432 5077 ῦλῃ
1455 5005 1596 5058 κατά
1610 5005 1709 5074 τὴν
1744 5003 1930 5071 σχέσιν

365 5096 796 5169 κεκρατημένος,
819 5100 913 5151 καὶ
945 5099 1210 5168 μεγίστης
1232 5098 1390 5161 εἰδὼς
1421 5097 1628 5151 δεῖσθαι
1647 5095 1930 5162 δυνάμεως

2028 4468 2133 4523 tes,
2182 4458 2250 4512 ad
2293 4472 2350 4513 se
2400 4458 2548 4527 ipsos
2589 4453 2934 4511 solummodo
2970 4459 3025 4507 et
3068 4450 3237 4506 Deum
3283 4464 3598 4512 conversos,

2010 4548 2331 4619 ‘rumpendo
2363 4549 2579 4603 sincere
2631 4544 2934 4601 materialis
2970 4541 3311 4599 habitudinis
3358 4542 3598 4605 vincula,

2025 4639 2334 4695 actionibus
2372 4638 2592 4708 quidem
2639 4654 2671 4692 a
2717 4637 2943 4692 materia
2988 4633 3227 4705 perfecte
3268 4633 3600 4697 alienantur,
3680 4698 3683 4701 _

2026 4707 2489 4799 contemplatione
2528 4743 2659 4783 vero
2690 4735 2748 4782 et
2780 4727 2891 4782 Deo
2924 4725 3221 4781 familiares
3266 4723 3424 4778 ﬁunt.
3471 4724 3603 4779 Pro-
3661 4707 3675 4735 ί

2030 4828 2238 4890 pterea,
2270 4819 2546 4888 inquiunt,
2581 4829 2806 4874 manent
2847 4816 3314 4880 inconversibiles,
3348 4832 3458 4870 non
3505 4815 3604 4869 ha-
3653 4837 3661 4889 ι

2032 4911 2226 4966 bcntes
2255 4909 2436 4964 adhuc
2467 4910 2533 4964 ad
2574 4909 2854 4964 materiam
2886 4907 3282 4972 habitudinem,
3314 4922 3410 4976 per
3438 4922 3600 4976 quam

2032 5014 2156 5054 cum
2208 5000 2438 5054 materia
2489 5000 2815 5055 naturaliter
2865 5000 3053 5054 mobili
3106 5008 3296 5054 contra
3351 5007 3602 5052 naturam
3649 5036 3653 5046 .

2035 5090 2367 5145 commoveri
2415 5107 2483 5145 ex
2531 5091 2853 5146 necessitate
2899 5091 3183 5145 consuevit
3223 5090 3317 5161 qui
3361 5088 3604 5147 materiai

1643 5230 1876 5286 νΑιιιΑῑ
1908 5227 2198 5284 πλεκτιοΝ
2210 5228 2290 5283 ES

435 5344 507 5415 "ﬂ
537 5344 671 5415 ίδίαν
707 5344 796 5399 ed.
821 5344 939 5399 Gal.
991 5345 1036 5377 ⁸³
1060 5344 1379 5415 summa;
1406 5342 1530 5399 cod.
1557 5341 1699 5398 Gud.

364 5413 639 5469 λοιοῦσθαι
660 5415 748 5470 ed.
783 5415 901 5469 Gal.

1764 5341 1808 5370 δε
1838 5340 1931 5393 καὶ
1965 5323 2141 5402 ἄλλως
2176 5351 2286 5391 om.
2345 5334 2434 5390 ed.
2473 5334 2590 5391 Gal.

2685 5335 2729 5368 ⁵⁵
2767 5334 2841 5405 τῷ
2880 5348 2989 5388 om.
3029 5332 3116 5387 ed.
3158 5332 3275 5390 Gal.
3346 5332 3393 5364 "
3415 5332 3605 5388 αυιαλ-

1888 5497 2119 5557 NOTAE.

434 5598 512 5671 (ιι)
544 5598 684 5670 Lege
719 5564 1033 5654 ministram.
1064 5597 1257 5671 (Gaio)

2106 5590 2176 5660 (ιο)
2205 5588 2343 5660 Lege
2375 5585 2600 5642 nullum.
2634 5585 2829 5661 (Gale.)
