3984 6198
458 270 595 338 lll5

1635 276 1701 336 S.
1742 273 2033 335 MAXIMI
2070 272 2582 335 COXFESSORIS
2672 296 2691 311 ι

3572 266 3701 334 1116

451 387 627 443 Deum
666 383 1077 441 multiformiter
1110 382 1421 448 laudarent,
1446 391 1506 438 et
1538 383 1771 437 multum
1806 382 2029 437 sibimet

2145 380 2350 433 πάντων
2380 383 2477 434 καὶ
2510 381 2569 432 ἐν
2598 381 2764 433 πᾶσιν
2791 381 2923 434 ὅντα
2955 397 3014 433 τε
3050 376 3146 432 καῖ.
3194 375 3525 446 φαινόμενον
3573 380 3704 433 Θεὸν

449 473 835 530 admirationis
868 474 1193 544 colligerent
1224 474 1489 526 virtutem
1525 482 1581 527 et
1611 470 2028 543 gloriﬁcationis

449 582 696 622 causam.
724 565 975 619 Animam
1006 579 1244 635 namque
1274 580 1305 618 a
1336 564 1451 619 Deo
1480 563 1843 633 accipientes,
1867 562 2030 616 intel-

449 658 653 713 lectum
678 666 736 711 et
759 657 1028 711 rationem
1053 665 1108 710 et
1132 672 1357 711 sensum
1382 656 1701 720 habentem,
1722 670 1850 710 cum
1870 654 2030 708 intel-

452 747 647 819 ligibili
681 758 739 802 et
772 747 915 803 hanc
947 749 1291 815 sensibilem,
1320 750 1465 805 sicut
1497 758 1556 802 et
1585 750 1877 812 rationem,
1907 762 2031 817 qua:

449 849 537 895 est
565 856 666 910 per
695 840 1134 896 enuntiationem
1170 858 1298 896 cum
1329 857 1395 896 ea
1428 856 1551 911 quae
1585 839 2032 910 inseparabiliter

451 936 566 992 est,
607 938 665 983 et
715 928 1057 983 intellectum
1115 946 1242 984 cum
1298 930 1660 985 intellectuali
1710 928 2029 999 passibilem

455 1022 641 1090 (quem
664 1020 831 1075 etiam
856 1021 1201 1090 phantasiam
1227 1032 1425 1075 vocant
1448 1020 1724 1082 animalis,
1746 1034 1847 1089 per
1866 1034 2031 1088 quem

452 1115 511 1163 et
542 1109 753 1178 reliqua
796 1110 1076 1175 animalia,
1100 1117 1157 1165 et
1191 1125 1250 1164 se
1286 1110 1522 1164 invicem
1561 1117 1619 1163 et
1654 1123 1757 1163 nos
1793 1118 1851 1162 et
1883 1108 2033 1162 locos

453 1215 595 1270 quos
626 1216 992 1272 peragravere
1025 1209 1365 1273 cognoscunt
1394 1202 1571 1265 ;eirca
1603 1214 1767 1270 quam
1800 1198 2035 1268 phanta—

456 1293 595 1348 siam
642 1309 867 1349 sensum
918 1294 1183 1348 constitui
1232 1293 1425 1348 dicunt
1467 1292 1563 1362 qui
1608 1291 1739 1346 talia
1781 1290 2032 1360 sapiunt,

455 1398 725 1455 organum
760 1385 934 1455 ipsius
963 1385 1094 1440 dum
1127 1385 1221 1449 sit,
1247 1399 1348 1455 per
1374 1382 1524 1453 quod
1558 1382 1757 1452 recipit
1781 1396 1904 1451 quae
1936 1396 2036 1450 per

457 1491 580 1531 eam
622 1476 921 1547 imaginata
966 1476 1571 1547 sunt);opportunum
1614 1489 1736 1529 esse
1781 1471 2034 1527 arbitrati

459 1578 589 1623 sunt
610 1568 806 1623 borum
833 1569 1181 1640 operationes
1203 1576 1632 1638 consequenter,
1650 1580 1763 1620 non
1790 1563 2033 1621 sibimet.

458 1658 556 1713 sed
573 1658 800 1714 donanti
815 1660 950 1725 Deo,
977 1674 1079 1730 per
1109 1675 1275 1729 quem
1304 1666 1362 1713 et
1382 1674 1452 1714 ex
1477 1672 1590 1728 quo
1619 1656 1738 1712 haec
1765 1662 1915 1720 sunt,
1950 1668 2036 1707 τε»

400 1782 409 1789 -
457 1750 707 1806 ferendo.
737 1750 878 1806 Tres
909 1752 1059 1806 enim
1093 1751 1423 1805 exsistentes
1453 1749 1793 1805 universales
1818 1746 2033 1811 modos,

457 1848 726 1910 quantum
761 1840 1083 1895 hominibus
1112 1849 1197 1895 est
1225 1839 1513 1910 possibile,
1542 1854 1610 1893 ex
1642 1838 1761 1909 ipsa
1792 1838 1940 1892 circa
1971 1853 2037 1891 ea

457 1948 581 2004 qua:
601 1943 732 1988 sunt
756 1932 1004 2003 diligenti
1031 1931 1483 1987 consideratione
1506 1930 1733 1994 eruditi,
1754 1931 1809 1984 in
1834 1931 2039 2000 quibus

457 2024 606 2080 Deus
633 2024 820 2078 omnia
847 2022 980 2079 fecit
1003 2024 1082 2094 (in
1110 2023 1220 2078 hoc
1247 2038 1485 2093 namque
1514 2037 1637 2077 esse
1664 2031 1721 2077 et
1745 2023 1886 2077 bene
1914 2038 2037 2078 esse

456 2123 517 2171 et
558 2130 780 2185 semper
825 2129 949 2170 esse
977 2114 1248 2170 Conditor
1292 2130 1395 2169 nos
1434 2114 1764 2185 substituit),
1797 2123 1856 2169 et
1897 2114 2039 2170 duos

456 2208 684 2281 quidem
710 2217 988 2266 extremos
1012 2226 1044 2266 a
1066 2212 1186 2266 solo
1209 2211 1326 2267 Deo
1348 2212 1570 2267 habitos
1602 2210 1671 2281 (c)
1702 2219 1764 2265 ut
1792 2226 1822 2264 a
1848 2227 2036 2277 causa,

456 2300 630 2355 alium
662 2314 797 2354 vero
832 2298 1079 2354 medium
1119 2309 1177 2355 et
1212 2309 1403 2355 nostro
1439 2299 1770 2370 pendentem
1808 2300 2038 2356 arbitrio

455 2401 517 2446 et
555 2400 736 2455 motu,
766 2398 825 2445 et
865 2406 964 2461 per
1003 2406 1064 2447 se
1110 2392 1292 2461 ipsum
1337 2392 1603 2447 extremis
1651 2393 1877 2461 proprie
1927 2393 2037 2448 dici

457 2490 828 2551 prestantem,
851 2489 908 2535 et
933 2496 1001 2537 eo
1028 2480 1259 2537 absente
1286 2482 1515 2537 abusive
1543 2481 1626 2537 eis
1653 2483 1822 2536 etiam
1854 2483 2040 2552 appel-

458 2571 594 2627 latio
629 2572 1009 2637 constituitur,
1043 2572 1179 2627 illud
1212 2572 1356 2628 bene
1390 2589 1502 2628 non
1536 2573 1872 2629 habentibus
1902 2590 2038 2628 eon-

2065 1720 2109 1776 Β

2129 472 2483 542 πολυτρόπως
2527 473 2817 542 ὑμνήσωσι
2848 474 2945 526 καὶ
2972 471 3175 539 πολλὴν
3204 471 3420 533 ἐιυτοῖς
3454 472 3704 538 συναγεί-

2130 579 2268 633 ρωσι
2297 560 2575 630 θαύματος
2602 561 2857 632 ξδῦναμιν
2908 562 3003 614 καὶ
3057 559 3375 627 δοξολογέας
3422 559 3701 613 ὑπόθεσιν.

2129 652 2325 724 Ψυχὴν
2345 653 2454 723 γὰρ
2480 651 2765 722 εἱληνᾳότες
2792 654 2945 723 παρὰ
2978 651 3117 704 Θεοῦ
3147 651 3273 703 νοῦν
3306 651 3402 703 καὶ
3417 650 3576 716 λόγον
3612 653 3709 704 καὶ

2130 745 2384 812 αἴσθησιν
2428 745 2662 814 ἔχουσαν
2701 746 2837 814 πώς
2886 746 2955 813 τῇ
3005 744 3173 812 νοητῇ
3219 740 3316 794 καὶ
3365 739 3570 807 ταύτην
3610 743 3709 809 τὴν

2130 836 2417 907 αἰσθητὴν,
2452 837 2645 906 ὥσπερ
2677 838 2773 889 καὶ
2799 835 2959 902 λόγον
3011 833 3151 903 πρὸς
3174 831 3253 901 τῷ
3284 829 3575 900 ὲνδιαθέτῳ
3620 832 3709 884 τὶν

2131 931 2275 984 κατά
2299 930 2585 1001 προφορὰν
2612 929 2709 980 καὶ
2736 927 2865 979 νοῦν
2910 924 3048 994 πρὸς
3074 924 3155 994 τῷ
3182 922 3363 992 νοητῷ
3391 923 3485 975 τὸν
3536 923 3715 993 παθη-

2130 1022 2284 1076 τικδν
2309 1022 2390 1089 (ὃν
2422 1021 2517 1074 καὶ
2544 1019 2850 1090 ᾳαντασὶαν
2883 1016 3108 1069 καλοῦσι
3153 1014 3251 1068 τοῦ
3283 1014 3449 1077 ζώου,
3482 1013 3607 1066 καθ’
3653 1015 3715 1067 δν

2134 1117 2227 1169 καὶ
2273 1117 2344 1169 τά
2369 1115 2534 1168 λοιπά
2581 1113 2700 1177 ζῶα
2733 1112 2831 1165 καὶ
2860 1110 3067 1181 ἄλληλα
3103 1111 3199 1162 καὶ
3230 1109 3380 1179 ἡμᾶς
3434 1108 3533 1159 καὶ
3586 1108 3714 1171 τοῖος

2130 1208 2333 1271 τόπους
2360 1206 2454 1270 οὓς
2479 1206 2777 1259 διώδευσαν
2808 1201 3254 1270 ἐπιγινώσκωσι,
3304 1199 3438 1270 περὶ
3484 1200 3553 1270 ἦν
3599 1216 3716 1252 ow-

2137 1302 2391 1356 ίστασθαι
2419 1302 2517 1370 τὴν
2550 1298 2805 1363 αἴσθησίν
2831 1313 2994 1366 φασιν
3036 1297 3089 1348 οἱ
3142 1294 3296 1364 σοφοὶ
3340 1294 3413 1347 τά
3465 1294 3713 1358 τοιαῦτα,

2133 1392 2368 1463 ὄργανον
2394 1390 2566 1460 αὐτῆς
2588 1385 2758 1442 οὖσαν
2799 1385 3192 1457 ἀντιληπτικδν
3225 1384 3338 1437 τῶν
3390 1384 3531 1453 αὐτῇ
3579 1403 3717 1452 φαν-

2134 1483 2491 1547 τασθέντων),
2541 1482 2653 1534 δεῖν
2703 1478 2967 1548 ᾠήθησαν
3006 1477 3217 1530 τούτων
3262 1476 3365 1537 τὶς
3405 1476 3714 1545 ἐνεργείας,

2137 1577 2361 1638 six/mo;
2389 1575 2491 1643 οὐχ
2516 1573 2750 1635 ἑαυτοῖς,
2775 1571 2911 1623 ἀλλά
2935 1569 3013 1639 τῷ
3039 1567 3296 1621 δεδωκότι
3334 1564 3477 1636 Θεῷ,
3530 1567 3601 1619 δι’
3658 1568 3777 1658 δνύ

2138 1668 2237 1721 καὶ
2288 1632 2357 1730 ἐξ
2396 1632 2491 1719 οὖν.
2519 1632 3145 1731 πάνταζττροσεοιέγκαι.
3201 1659 3367 1727 Τρεῖς
3407 1632 3517 1728 li?
3557 1632 3775 1733 ὂντα-εἳ

2139 1758 2463 1819 καθολικοῦς
2497 1755 2752 1824 τρόπους,
2799 1751 2875 1814 ὡς
2921 1748 3231 1818 ἀνθρώποις
3276 1749 3427 1800 ἐστὶν
3473 1749 3715 1817 ἐφικτὸν,
3764 1750 3795 1825 ’χ

2138 1852 2204 1905 ἐκ
2232 1849 2333 1918 τῆς
2374 1848 2504 1917 περὶ
2530 1846 2597 1899 τά
2642 1844 2772 1897 ὄντα
2799 1841 3064 1913 άκριὸοὖς
3091 1844 3480 1908 κατανοήσεως
3502 1842 3722 1895 παιδευ-

2138 1940 2346 2005 θέντες,
2387 1939 2471 2008 ἑφ⁸
2502 1932 2585 2000 οἷς
2625 1936 2683 1988 ’0
2711 1933 2843 1997 Θεὸς
2873 1934 2941 1986 τά
2977 1933 3155 1986 πάντα
3192 1931 3499 2002 πεποίηκεν
3542 1932 3652 2002 (ἐφ’
3675 1925 3722 2002 ᾧ

2136 2048 2198 2084 τε
2246 2030 2356 2100 γὰρ
2388 2026 2551 2095 εἶναι,
2598 2028 2692 2080 καὶ
2721 2020 2783 2079 εὖ
2826 2022 2992 2092 εἶναι,
3017 2026 3110 2078 καὶ
3133 2026 3223 2080 ἀεὶ
3254 2020 3417 2089 εἶναι,
3446 2026 3634 2099 (ιω
3660 2027 3719 2097 α)

2136 2122 2407 2184 οὐσιώσας
2429 2122 2577 2191 ἡμεῖς
2593 2119 2983 2190 ὑπεστήσατο),
3006 2119 3248 2182 καὶτοὺς
3269 2119 3370 2188 μὲν
3397 2118 3493 2172 δύο
3518 2121 3720 2191 ἄκρους

2137 2214 2319 2277 δντας,
2344 2213 2442 2266 καὶ
2470 2211 2635 2282 μόνου
2665 2211 2805 2263 Θεοῦ
2836 2211 3154 2280 ἐχομένους,
3186 2209 3264 2274 ὡς
3305 2211 3507 2274 αἰτίου,
3541 2211 3635 2263 τὸν
3664 2210 3722 2263 δὲ

2138 2306 2328 2375 ἐτερον
2352 2304 2540 2375 μέσον,
2581 2304 2676 2357 καί
2701 2302 2806 2371 τῆς
2837 2302 3117 2373 ἡμετέρας
3141 2303 3455 2372 ἠρτημένον
3493 2302 3721 2374 γνώμης

2137 2413 2198 2449 τε
2227 2396 2322 2448 καὶ
2348 2396 2640 2465 κινήσεως,
2678 2394 2773 2447 καὶ
2794 2394 2864 2446 δι’
2915 2393 3113 2447 ἐαυτοῦ
3147 2396 3260 2457 τοῖς
3301 2393 3494 2464 ἄκροις
3532 2395 3594 2447 τὸ
3622 2412 3721 2448 tuo

2142 2487 2276 2557 ρίως
2297 2485 2553 2553 λέγεσθαι
2576 2484 2913 2556 παρέχοντα,
2937 2483 3033 2536 καὶ
3054 2478 3119 2537 οὗ
3150 2484 3226 2554 μὴ
3258 2484 3528 2554 παρόντος
3554 2485 3721 2555 ἄχρη-

2144 2595 2271 2642 στος
2303 2578 2488 2641 αὐτοῖς
2518 2580 2552 2648 ἡ
2584 2578 2926 2649 προσηγορία
2961 2574 3308 2639 καθίσταται,
3333 2576 3396 2628 τὺ
3426 2571 3486 2628 εὖ
3518 2591 3721 2644 συνημ-

459 2662 732 2734 iunetum,
760 2677 873 2717 non
906 2662 1179 2733 aliterque
1212 2679 1377 2734 posse
1414 2663 1608 2719 adesse
1638 2666 1726 2719 eis
1770 2676 1825 2718 et
1858 2676 2042 2719 custo—

2145 2671 2308 2738 μένον
2338 2668 2439 2720 οὐκ
2470 2667 2710 2736 ἔχουσιν,
2742 2667 2843 2719 οὒκ
2874 2664 3052 2728 ἄλλως
3084 2665 3342 2719 δύνασθαι
3365 2666 3462 2718 καὶ
3486 2683 3716 2736 προσγε-

460 2753 570 2808 diri
607 2768 730 2824 qua:
771 2754 828 2807 in
866 2754 1134 2810 extremis
1175 2764 1261 2810 est
1300 2757 1616 2820 veritatem,
1649 2772 1813 2827 quam
1862 2757 2040 2812 facere

2145 2758 2547 2820 νέσθαιαὺτοῖς
2580 2761 2677 2811 καὶ
2727 2757 3074 2827 φυλαχθῆναι
3121 2756 3221 2828 τὴν
3267 2760 3328 2810 ἐν
3369 2760 3485 2821 τοῖς
3531 2759 3718 2827 ἄκροτς

462 2845 757 2902 consuevit
779 2845 833 2900 id
861 2845 1009 2916 quod
1037 2854 1123 2901 est
1151 2847 1292 2902 bene
1320 2863 1440 2903 esse
1465 2864 1566 2919 per
1589 2848 1829 2903 medium
1856 2858 2042 2904 extre-

2145 2847 2424 2918 ἀλήθειαν,
2486 2848 2555 2919 ἦν
2605 2849 2780 2901 ποιεῖν
2833 2849 3047 2916 πέςρυκε
3098 2848 3162 2900 τὸ
3219 2843 3278 2901 εὖ
3312 2842 3455 2901 εἶναι
3496 2849 3633 2901 κατά
3660 2848 3719 2901 τὸ

463 2937 571 2992 mis
614 2936 942 3003 admistum,
990 2951 1156 3008 quam
1207 2953 1274 2993 ex
1326 2938 1447 3008 ipso
1491 2938 1559 2993 ad
1607 2939 1778 2993 Deum
1824 2954 2043 3008 semper

2147 2940 2314 3010 μέσον
2342 2941 2456 3003 τοῖς
2482 2939 2675 3011 ἄκροις
2726 2939 3182 3010 ἐπικιρνώμενον,
3221 2939 3256 3010 ἢ
3306 2941 3376 3011 τῇ
3420 2939 3558 3009 πρὸς
3591 2938 3718 2993 Θεὸν

464 3040 617 3085 motu
666 3029 1097 3096 intellexerunt;
1147 3038 1204 3084 et
1244 3029 1511 3100 deinceps
1547 3031 1789 3085 naturali
1829 3032 2042 3087 ratione

2145 3031 2462 3103 ἀεικινησία
2506 3032 2863 3102 διενοήθησαν
2890 3045 2905 3059 ⁸
2954 3032 3053 3085 καὶ⁵
3078 3031 3263 3085 λοιπδν
3289 3030 3370 3102 τῷ
3392 3031 3533 3084 κατά
3564 3031 3717 3099 φύσιν

466 3122 595 3178 hinc
628 3121 1116 3192 eontemplativum
1153 3124 1353 3177 anima:
1386 3123 1769 3189 extendentes,
1795 3134 1850 3179 et
1881 3124 2046 3180 modo

466 3209 708 3280 quodam
744 3226 857 3264 non
892 3220 1149 3281 oportere
1185 3212 1634 3267 conversibiliter
1664 3214 1745 3268 uti
1778 3215 2047 3270 naturali-

468 3300 573 3355 bus
606 3302 1054 3381 Operationibus,
1087 3312 1318 3373 propter
1351 3314 1704 3374 superantem
1737 3308 2049 3362 necessario

468 3394 901 3463 corruptionem,
926 3410 994 3448 eo
1029 3394 1194 3450 modo
1224 3396 1320 3467 qui
1351 3405 1436 3452 est
1466 3411 1568 3466 per
1598 3396 1921 3453 abusionem
1955 3415 2054 3453 na-

471 3485 745 3540 turalibus
775 3486 1059 3554 potentiis,
1087 3487 1203 3558 ipsa
1236 3502 1349 3542 non
1376 3496 1571 3543 utente
1598 3489 1835 3555 ratione,
1861 3500 2051 3561 aperte

471 3575 780 3641 audientes,
809 3592 874 3632 ac
902 3578 1062 3647 plane
1093 3593 1195 3648 per
1220 3578 1511 3635 decentem
1540 3588 1752 3637 natura:
1781 3584 2050 3637 rationem

469 3666 539 3720 ad
575 3667 746 3736 ipsius
774 3682 996 3722 causam
1027 3666 1161 3723 ferri
1192 3668 1542 3737 didicerunt;
1577 3680 1640 3727 ut
1664 3673 1813 3729 unde
1840 3675 2051 3744 simpli-

472 3757 614 3812 citer
634 3757 717 3811 eis
741 3767 826 3813 cst
848 3774 992 3825 esse,
1009 3767 1066 3815 et
1090 3774 1222 3816 vere
1246 3775 1394 3827 esse,
1416 3762 1750 3835 quandoque
1775 3765 2049 3836 adjectum

476 3849 769 3918 accipiant.
791 3848 932 3915 Quid
956 3852 1104 3905 enim
1130 3850 1383 3909 fortassis
1402 3852 1545 3909 lucri
1569 3855 1698 3920 erit,
1731 3855 1799 3911 ad
1823 3872 1882 3911 se
1907 3857 2056 3927 ipsos

476 3955 631 4009 a-que
656 3942 1052 3999 ratiocinantes
1072 3943 1353 4010 dicebant,
1373 3962 1484 4001 non
1509 3963 1541 4001 a
1563 3948 2057 4019 seipso'exsistenti

476 4034 687 4088 causali
721 4034 787 4088 ad
824 4050 880 4089 se
906 4036 1116 4105 ipsum,
1142 4047 1232 4091 aut
1266 4038 1416 4094 aliud
1439 4039 1596 4110 quid,
1623 4050 1826 4111 praeter
1857 4043 2051 4108 Deum,

477 4131 657 4185 moto.
687 4123 909 4192 quando
937 4124 992 4179 in
1019 4127 1289 4183 rationem
1323 4128 1498 4199 ipsius
1518 4144 1643 4185 esse
1667 4131 1806 4186 nihil
1832 4132 2057 4188 sibimet

476 4230 506 4268 a
538 4215 721 4291 scipsp
755 4226 851 4271 aut
912 4218 982 4273 ab
1016 4219 1124 4274 alio
1156 4220 1394 4291 quodam
1431 4229 1627 4292 praeter
1657 4223 1830 4279 Deum
1862 4225 2054 4296 acqui-

477 4322 600 4361 rerc
631 4308 875 4377 poterit?
897 4310 1000 4365 Per
1029 4311 1133 4368 hoc
1157 4314 1403 4369 animum
1436 4313 1659 4384 quidem
1689 4316 1838 4371 circa
1874 4318 2050 4371 solum

2146 3125 2399 3179 ἐντεῦθεν
2421 3125 2479 3177 τὸ
2500 3124 2727 3177 ὁπτικδν
2752 3125 2851 3191 τῆς
2871 3123 3051 3193 ψυχῆς
3076 3124 3716 3191 συνεπιτείναντεςλόγῳ,

2146 3216 2243 3269 καὶ
2263 3215 2465 3286 τρόπον
2489 3214 2612 3268 τινὰ
2653 3215 2729 3283 μὴ
2757 3215 2867 3266 δεῖν
2898 3215 3276 3281 ἀντιστρόφως
3325 3214 3564 3285 χρῆσθαι
3602 3217 3720 3276 ταῖς

2149 3308 2407 3374 φυσικαῖς
2438 3305 2765 3375 ἐνεργείαις,
2788 3306 2876 3358 διά
2907 3305 3007 3376 τήν
3049 3304 3110 3370 ἐξ
3150 3306 3399 3374 ἀνάγκης
3426 3305 3722 3375 ἐπισημαί-

2149 3413 2347 3449 νουσαν
2368 3378 2490 3458 ταῖς
2521 3398 2782 3464 φυσικαῖς
2811 3396 3112 3462 δυνάμεσιν
3144 3397 3208 3449 ἐκ
3232 3396 3328 3449 τοῦ
3369 3397 3515 3451 κατά
3545 3399 3717 3464 παρά-

2149 3503 2347 3558 χρησιν
2397 3488 2603 3558 τρόπου
2649 3487 2878 3556 φθορὰν,
2939 3486 3107 3539 αὐτοῦ
3163 3485 3398 3557 βοῶντος
3442 3489 3537 3541 τοῦ
3564 3488 3720 3555 λόγου

2149 3579 2448 3651 διαρρήδην
2466 3579 2824 3647 ἀκούσαντες,
2876 3578 3096 3648 ὁμαλῶς
3128 3580 3269 3633 κατά
3314 3580 3409 3632 τὸν
3450 3581 3723 3651 πρέποντα

2149 3671 2311 3739 λόγον
2361 3671 2461 3743 τῆς
2492 3670 2708 3741 φύσεως
2766 3670 2906 3742 πρὸς
2940 3670 3032 3724 τὸν
3066 3670 3240 3740 αὐτῆς
3264 3673 3437 3725 αῐτιον
3467 3673 3723 3743 φέρεσθαι

2152 3762 2534 3833 ἐδιδάχθησαν,
2569 3763 2637 3816 ἵν’
2669 3762 2794 3816 ὅθεν
2837 3762 3024 3825 ἁπλῶς
3068 3764 3252 3827 αὐτοῖς
3298 3766 3414 3818 ἐστι
3461 3764 3522 3818 τὸ
3566 3761 3721 3825 εἶναι,

2152 3855 2247 3910 καὶ
2284 3855 2344 3907 τὸ
2370 3854 2540 3917 ὅντως
2567 3848 2707 3907 εἶναι
2739 3870 2872 3907 ποτε
2900 3854 3202 3923 προστεθὲν
3233 3855 3617 3921 ὑποδέξωνται.
3659 3857 3725 3910 Τί

2152 3948 2263 4017 γὰρ
2292 3946 2359 4001 ἂν
2388 3946 2480 4000 καὶ
2509 3945 2664 3999 ἔσται
2686 3946 2765 4016 τῷ
2791 3946 2865 4016 μὴ
2890 3945 3086 4000 ἑαυτοῦ
3118 3946 3262 3999 κατὰ
3297 3946 3358 4000 τδ
3384 3942 3521 4000 εἶναι
3569 3947 3728 4019 dicit!»

2155 4040 2294 4109 πρὸς
2343 4038 2576 4100 ἑαυτοὺς
2628 4039 2759 4101 ῐσως
2791 4036 3142 4108 λογισάμενοι
3170 4034 3345 4103 εἶπον,
3378 4037 3514 4109 πρὸς
3536 4039 3729 4092 ἐαυτὸν

2156 4130 2354 4202 ῆᾶλλο
2397 4147 2453 4183 τι
2506 4130 2658 4199 παρά
2710 4129 2806 4182 τὸν
2860 4130 2995 4182 Θεὸν
3043 4130 3356 4201 κινουμένῳ
3399 4128 3461 4183 τὺ
3515 4129 3730 4201 κέρδος,

2156 4223 2318 4276 ὁπότε
2352 4223 2433 4285 εἰς
2452 4221 2544 4275 τὸν
2573 4219 2669 4274 τοῦ
2695 4213 2835 4274 εἶναι
2863 4219 3023 4289 λόγον
3043 4220 3197 4273 οὐδὲν
3244 4219 3423 4289 ἐαυτῷ
3473 4220 3563 4288 ἀφ’
3607 4219 3737 4273 ἐαυ-

2158 4314 2277 4381 τοῦ,
2310 4314 2343 4384 ἢ
2369 4313 2530 4366 ἄλλου
2554 4311 2699 4375 τινδς
2722 4310 2876 4383 παρά
2908 4311 3000 4364 τὸν
3028 4309 3161 4364 Θεὸν
3196 4310 3548 4381 περιποιῆσαι
3567 4308 3737 4380 δυνή-

476 4396 649 4453 Deum
682 4408 739 4455 et
770 4402 1005 4459 virtutes
1035 4404 1157 4473 ejus
1192 4406 1447 4478 intelligi,
1479 4415 1537 4462 et
1568 4406 1832 4463 inell‘abili
1867 4409 2044 4479 gloria!

2160 4420 2347 4469 σεται;
2386 4401 2486 4455 Διά
2530 4400 2690 4455 τοῦτο
2717 4399 2810 4454 τὸν
2850 4400 2950 4470 μὲν
2977 4398 3102 4452 νοῦν
3124 4399 3254 4470 περὶ
3284 4399 3445 4469 μόνου
3467 4396 3602 4451 Θεοῦ
3638 4399 3739 4452 καὶ

477 4488 840 4548 beatitudinis
864 4495 983 4565 ejus
1009 4495 1213 4559 addici,
1236 4498 1508 4553 rationem
1532 4513 1668 4553 vero
1692 4497 2054 4568 interpretem

478 4583 905 4654 intelligibilium
936 4584 1053 4641 ﬁeri
1074 4597 1129 4643 et
1152 4588 1533 4655 laudatricem,
1563 4596 1620 4644 et
1640 4589 1705 4643 ad
1737 4605 1801 4644 ea
1829 4591 2061 4646 uniﬁcos

479 4683 628 4728 recte
665 4674 948 4746 diSputare
980 4677 1203 4743 modos,
1236 4695 1461 4733 sensum
1493 4694 1626 4733 vero
1657 4695 1757 4749 per
1790 4681 2056 4737 rationem

478 4764 830 4821 nobilitatum
874 4766 1021 4837 ipsas
1064 4768 1119 4822 in
1164 4768 1424 4824 universo
1466 4769 1791 4826 diﬂ‘erentcs
1827 4773 2062 4829 γὶιοιιιιυο

476 4867 534 4913 ct
556 4859 910 4928 operationes
936 4859 1347 4932 imaginantem,
1373 4861 1429 4916 in
1456 4861 1545 4918 his
1568 4878 1691 4933 quae
1715 4873 1865 4927 sunt,
1890 4881 2063 4933 quan-

481 4962 595 5006 tum
637 4950 901 5021 possibile
940 4959 1054 5017 est,
1088 4953 1286 5008 animm
1327 4955 1658 5009 annuntiare
1696 4956 1937 5011 rationes
1967 4957 2062 5011 do—

478 5050 670 5099 centes
694 5042 791 5114 (d),
818 5051 875 5098 et
904 5057 1004 5113 per
1038 5045 1281 5100 animum
1303 5046 1646 5101 etrationcm
1673 5046 1842 5101 veluti
1879 5049 2059 5102 nmini

479 5137 761 5208 sapienter
799 5137 1040 5192 animam
1082 5138 1480 5209 gubernantes,
1514 5137 1782 5194 lubricam
1826 5138 1967 5195 hanc
2005 5149 2062 5195 et

480 5228 793 5285 instabilem
831 5237 889 5285 et
924 5230 981 5285 in
1022 5231 1171 5287 aliud
1210 5230 1372 5286 aliter
1407 5231 1697 5296 ferentem,
1732 5240 1789 5286 et
1832 5248 2054 5288 sensum

478 5320 776 5390 agitantem
818 5320 948 5378 vitae
988 5321 1166 5389 viam,
1199 5321 1362 5378 siccis
1404 5321 1846 5392 pertransierunt
1886 5324 2060 5379 vesti-

481 5411 608 5481 giis.

483 5503 583 5574 τὴν
609 5506 864 5577 αἴσθησιν
888 5506 1288 5571 ἐπικλύζουσαν
1325 5506 1419 5560 τοῦ
1456 5507 1571 5578 βίον
1606 5506 1861 5563 κέλευθον
1894 5508 2145 5580 ἀϐρόχοις

2157 4497 2269 4550 τῶν
2327 4493 2496 4550 αὑτοῦ
2558 4493 2774 4565 ἀρετῶν
2837 4491 3199 4556 διανοεῖσθαι,
3247 4493 3343 4546 καὶ
3389 4492 3456 4562 τῇ
3508 4490 3743 4562 ἀρρήτῳ

2156 4586 2283 4659 δόξῃ
2310 4585 2411 4656 τῆς
2440 4583 2608 4640 αὐτοῦ
2642 4582 3066 4655 μακαριότητος,
3117 4581 3304 4654 (ιω
3343 4580 3395 4650 b)
3438 4579 3743 4649 ἀγνώστοις

2166 4678 2508 4741 ἐπιϐάλλειν,
2543 4677 2637 4730 τὸν
2662 4676 2721 4731 δὲ
2747 4675 2905 4743 λόγον
2927 4674 3272 4746 ἐρμηνευτὴν
3292 4672 3401 4726 τῶν
3433 4670 3743 4740 νοηθέντων

2158 4768 2407 4837 γίνεσθαι
2432 4768 2532 4823 καὶ
2554 4765 2822 4838 ὑμνῳδὸν,
2849 4766 2945 4818 καὶ
2983 4767 3112 4830 τοὺς
3142 4764 3279 4835 πρὸς
3298 4763 3437 4818 αὐτά
3460 4762 3746 4825 ἐνοποιοὺς

2158 4861 2335 4932 ὀρθῶς
2372 4858 2720 4927 διαλέγεσθαι
2770 4858 3028 4930 τρόπους.
3082 4857 3181 4927 τὴν
3228 4855 3285 4910 δέ
3316 4854 3563 4925 αἴσθησιν
3597 4857 3748 4910 κατά

2156 4953 2312 5022 λόγον
2362 4950 2774 5020 εὐγενισθεῖσαν
2826 4950 2926 5014 τάς
2978 4950 3039 5003 ἐν
3088 4948 3166 5019 τῷ
3212 4947 3378 5003 παντὶ
3445 4946 3749 5015 διαφόρους

2156 5045 2417 5115 δυνάμεις
2446 5061 2506 5096 τε
2552 5043 2649 5096 καὶ
2691 5041 2975 5113 ἐνεργείας
3014 5037 3492 5110 φαντασιουμένην
3522 5038 3656 5103 τοὺς
3684 5040 3752 5092 ἐν

2156 5140 2269 5200 τοῖς
2296 5136 2446 5190 οὖσιν
2476 5133 2553 5199 ὡς
2596 5133 2822 5203 ἐφικτὸν
2853 5135 2920 5205 τῇ
2956 5133 3104 5204 ψυχῇ
3150 5129 3492 5200 διαγγέλλειν
3545 5128 3757 5199 λόγους

2158 5228 2488 5294 διδάξαντες,
2518 5228 2614 5281 καὶ
2639 5227 2730 5281 διὰ
2759 5226 2853 5280 τοῦ
2896 5225 2988 5279 νοῦ
3036 5224 3130 5279 xui.
3180 5221 3276 5277 τοῦ
3325 5221 3509 5290 λόγου.
3550 5219 3762 5293 ὥσπερ

2164 5321 2321 5387 ναῦν,
2344 5319 2445 5390 τὴν
2472 5318 2651 5390 ψυχὴν
2681 5318 2864 5386 σοφῶς
2890 5317 3256 5381 οἰακισαντες,
3284 5313 3383 5387 τὴν
3409 5312 3591 5385 ὑγράν
3615 5312 3763 5368 ταῦο

2165 5432 2267 5486 την
2313 5412 2409 5465 καὶ
2445 5410 2677 5465 ἄστατον
2715 5410 2814 5463 καὶ
2851 5409 3039 5465 ἄλλοτε
3073 5407 3247 5471 ἄλλως
3296 5404 3616 5479 φερομένην
3659 5404 3766 5461 καὶ

2177 5505 2470 5559 διώδευσαν
2502 5502 2726 5573 ἴχνεσιν.

1989 5618 2216 5679 ΝΟΤᾸέ.

549 5684 618 5762 (ε)
651 5689 817 5751 Verte
841 5692 1145 5761 pendentes.
1170 5688 1365 5764 (Cale)

2244 5688 2319 5761 (ά)
2348 5685 2562 5744 Mallem
2591 5687 2795 5741 docent.
2822 5681 3019 5757 (Gale.)
