3984 6198
423 322 558 391 1117
1629 337 2147 399 AMBIGUORUM
2186 339 2436 399 LIBER.
3524 336 3665 402 1118

517 441 736 507 Θεωρία
770 441 878 511 τῆς
912 440 1006 495 διὰ
1034 440 1143 510 τῆς
1189 440 1507 511 θαλάσσης
1555 443 1885 512 διαϐάσεως
2020 461 2061 513 Α

2020 461 2061 513 Α
2267 448 2652 520 Contemplatio
2682 449 2873 521 Moysi:
2910 465 3003 520 per
3033 466 3181 504 mare
3215 441 3488 504 transitus.

993 533 1089 588 διὰ
1115 532 1393 601 Μωσέως.

478 642 636 698 Οὖτω
663 643 804 715 τάχα
833 644 927 697 καὶ
954 646 1194 715 Μωῦσῆς
1218 648 1426 711 ἐκεῖνος
1451 648 1479 700 6
1508 647 1679 717 μέγας
1701 650 1767 719 τῇ
1801 648 1984 721 πληγῇ

2158 662 2250 717 Sic
2294 662 2528 718 fortasse
2574 676 2805 733 magnus
2841 676 3061 731 quoque
3102 660 3193 714 ille
3237 659 3450 731 Moyses
3488 657 3669 741 omni-

408 735 503 790 τοῦ
548 736 958 808 παντοδυνάμου
1001 736 1197 806 λόγου,
1245 732 1306 793 οὗ
1355 737 1625 809 σύμϐολον
1659 734 1728 810 ἦν
1774 739 1904 803 ἴσως
1950 741 1981 809 ἠ

2094 753 2330 823 potentis
2374 753 2484 808 ictu
2530 752 2781 817 rationis,
2812 754 2972 823 cujus
3016 751 3347 822 symbolum,
3381 749 3440 803 ni
3483 732 3667 812 fallo},

410 828 626 899 ῥάϐδος,
658 828 935 898 Θαλάσσης
969 828 1171 897 τρόπον
1203 829 1314 883 τῶν
1351 829 1625 900 αἰσθητῶν
1660 828 1852 884 διελὼν
1888 829 1983 901 τὴν

2096 843 2241 914 virga
2271 852 2426 909 erat,
2458 844 2528 899 ad
2565 845 2732 899 maris
2766 844 2938 899 instar
2970 843 3319 898 sensibilium
3355 842 3548 896 fraude
3579 841 3669 896 di-

408 921 646 991 ἀπάτην,
681 921 713 990 ἢ
742 921 1009 1004 περιελὼν
1036 923 1212 975 εἰπεῖν
1245 922 1594 994 οἰκειότερον,
1628 922 1862 995 στερρἀ
1893 922 1981 976 καὶ

2097 935 2202 989 visa
2223 975 2238 995 ,
2267 944 2361 988 aut
2394 934 2566 1005 magis
2599 935 2822 1005 proprie
2852 934 3031 989 dicam
3067 934 3325 1004 disjecta,
3355 933 3582 987 solidam
3615 940 3670 986 et

406 1011 727 1075 ἀσάλευτον,
764 1011 843 1082 τῷ
873 1012 1009 1083 πρὸς
1041 1012 1142 1077 τὰς
1190 1012 1341 1076 θείας
1388 1013 1722 1083 ἐπαγγελίας
1767 1014 1979 1081 ἐπειγο-

2095 1025 2343 1079 stabilem
2371 1025 2575 1095 populo
2598 1025 2666 1079 ad
2694 1025 2907 1079 divinas
2931 1024 3325 1094 promissiones
3354 1023 3668 1092 properanti

411 1104 560 1174 μένῳ
585 1103 700 1174 λαῷ
731 1104 831 1173 τὴν
866 1104 1116 1175 ὑπίχνιον
1149 1105 1193 1136 ⁸⁸
1225 1104 1531 1176 παρέσχετο
1574 1105 1702 1175 γῆν,
1747 1103 1845 1175 τὴν
1879 1104 1984 1156 ὑπὸ

2095 1113 2324 1182 praebuit
2368 1124 2569 1169 terram
2612 1113 2681 1168 ab
2724 1129 2920 1169 eorum
2962 1114 3209 1183 vestigiis
3252 1129 3531 1183 pressam,
3564 1111 3668 1166 boc

409 1193 683 1264 αἴσθησιν,
726 1196 892 1266 φημὶ,
932 1195 1097 1266 φύσιν
1127 1194 1274 1266 ὀρθῷ
1307 1195 1452 1267 λόγῳ
1480 1192 1622 1249 εἶναι
1659 1195 1861 1265 θεατὴν
1894 1196 1982 1248 καὶ

2094 1211 2172 1256 est
2210 1212 2463 1257 naturam
2508 1202 2610 1257 sub
2654 1218 2876 1257 sensum
2923 1201 3209 1257 cadentem
3259 1214 3422 1256 recta:
3466 1200 3667 1255 rationi

329 1348 346 1370 θ
405 1286 850 1357 εὐπερίγραπτον
887 1288 981 1339 καὶ
1023 1287 1123 1356 βίῳ
1151 1288 1378 1358 ἀρεταῖς
1417 1286 1771 1357 ἡγλαῖσμένῳ
1819 1286 1902 1357 βαι

2099 1293 2569 1362 contemplabilem
2599 1302 2656 1348 et
2678 1294 2819 1349 bene
2850 1293 3210 1362 descriptam,
3236 1291 3472 1359 vitaeque
3497 1291 3672 1344 virtu-

404 1373 583 1440 δείξας
613 1374 709 1428 καὶ
748 1376 1168 1444 εὐπαρὸδευτον,
1217 1376 1313 1430 καὶ
1373 1375 1579 1446 μηδένα
1631 1375 1879 1428 κίνδυνον
1925 1376 1977 1427 ἐν

2098 1379 2239 1434 tibus
2268 1390 2477 1435 ornatae
2503 1381 2894 1449 permeabilem
2921 1395 3043 1434 esse
3066 1387 3383 1433 monstrans
3409 1377 3671 1431 transitu-

404 1467 504 1535 τῆς
558 1468 899 1537 ἑκατέρωθεν
957 1469 1349 1541 παφλαζούσης
1416 1470 1528 1523 τῶν
1597 1469 1977 1537 διακριθέντωε.

2097 1483 2199 1535 que
2234 1467 2482 1533 facilem,
2511 1468 2838 1537 nullumque
2872 1468 3177 1537 periculum
3214 1483 3281 1521 ex
3312 1467 3367 1519 vi
3401 1480 3670 1536 aquarum

407 1559 635 1625 ὑδάτων,
659 1555 739 1623 οἷς
769 1560 907 1623 τέως
935 1560 1263 1625 κεκάλυπτο,
1292 1562 1473 1633 ὁρμῆς
1492 1565 1605 1624 τοῖς
1624 1561 1798 1624 οὕτως
1821 1559 1980 1630 αὐτὴν

2096 1557 2418 1623 divisarum,
2450 1559 2654 1628 quibus
2687 1558 2870 1612 adhuc
2904 1558 3195 1613 obscurata
3232 1564 3372 1621 erat,
3407 1555 3669 1624 utrinque

404 1643 739 1714 διαπερῶσιν
799 1646 1150 1713 ἐπάγουσαν·
1201 1648 1361 1720 εἴπερ
1413 1647 1493 1719 τῷ
1547 1648 1667 1702 κατ’
1699 1649 1977 1717 ἀναγωγὴι

2095 1657 2352 1703 aestuante
2411 1649 2824 1703 transeuntibus
2876 1647 3265 1701 immittentem
3326 1665 3339 1699 :
3392 1646 3668 1715 siquidem

408 1736 552 1805 λόγῳ
580 1735 853 1808 διάκρισις
874 1738 1084 1791 ὑδάτων
1112 1741 1309 1809 νοητῆς
1339 1740 1610 1809 θαλάττης
1649 1740 1850 1809 ἐστὶνὴ
1878 1739 1981 1793 τῶν

2096 1739 2403 1794 sublimiori
2436 1748 2493 1794 et
2525 1741 2767 1811 mysticze
2803 1739 3005 1794 rationi
3046 1753 3313 1807 aquarum
3359 1738 3482 1807 ejus
3522 1736 3669 1804 quod

409 1827 528 1881 κατ’
545 1816 780 1895 ἔλλειψιν
797 1828 891 1881 καὶ
920 1828 1258 1899 πλεονασμὸν
1293 1828 1687 1899 ἀντικειμένων
1712 1832 1831 1892 ταῖς
1856 1830 1982 1898 ἀρε-

2095 1832 2264 1886 oculis
2307 1830 2529 1885 videtur
2571 1832 2739 1885 maris
2774 1830 3040 1886 discretio
3083 1829 3368 1891 vitiorum,
3405 1843 3528 1897 quae
3570 1840 3668 1898 per

405 1919 523 1980 ταῖς
553 1918 761 1972 κακιῶν
798 1918 898 1987 τῆς
928 1918 1105 1991 (141
1140 1920 1192 1990 a)
1253 1920 1390 1990 πρὸς
1421 1920 1654 1990 ἀλλήλας
1703 1918 1978 1990 συνεχείας

2094 1920 2365 1976 defectum
2403 1929 2460 1975 et
2492 1920 2887 1974 abundantiam
2920 1917 3222 1973 virtutibus
3254 1915 3471 1986 objecta
3505 1923 3667 1981 sunt,

408 2009 707 2087 διάστασις,
740 2010 807 2080 ἢν
829 2011 1038 2080 πέφυκε
1068 2011 1222 2085 λόγος
1270 2014 1468 2074 ποιεῖν,
1515 2012 1754 2083 καρδίως
1807 2010 1981 2064 αὐτῶν

2097 2013 2268 2068 mutui
2301 2013 2445 2067 inter
2466 2027 2526 2067 se
2552 2028 2727 2067 nexus
2750 2010 3043 2067 dissidium
3073 2017 3178 2075 est,
3203 2007 3351 2078 quod
3386 2006 3525 2062 ratio
3555 2002 3670 2060 elli-

400 2102 818 2171 καθαψάμενος,
843 2100 1065 2165 καὶτοῖς
1090 2102 1184 2156 ἐπὶ
1213 2102 1343 2155 Θεὸν
1365 2104 1745 2174 προτροπάδην
1766 2104 1973 2169 ἐπειγοε

2094 2120 2212 2161 cere
2244 2104 2442 2160 idonea
2474 2115 2578 2167 est,
2610 2104 2774 2158 modo
2802 2104 3056 2174 gnaviter
3086 2118 3150 2157 ea
3186 2100 3430 2165 invadat,
3461 2114 3568 2154 neu
3611 2099 3667 2154 in

415 2192 598 2266 μένοις
644 2191 894 2262 οὐδαμῶς
946 2192 1202 2265 ἀλλήλαις
1257 2194 1428 2257 αὐτὰς
1472 2193 1812 2265 συναφθῆναι
1852 2210 1984 2262 συγ-

2096 2212 2282 2252 eorum
2317 2198 2414 2267 qui
2452 2197 2697 2252 studiose
2731 2196 2802 2251 ad
2835 2197 3009 2251 Deum
3041 2202 3338 2264 properant
3366 2193 3669 2249 incommo-

410 2284 624 2356 χωρῶν·
2093 2290 2227 2346 dum
2257 2291 2400 2346 inter
2422 2306 2482 2347 se
2510 2289 2797 2346 conciliari
2826 2288 2939 2344 ullo
2965 2287 3130 2343 modo
3158 2286 3325 2342 sinat.

414 2461 633 2530 Θεωρία
660 2460 770 2531 τῆς
796 2464 884 2528 εις
905 2461 973 2515 τὸ
1008 2460 1146 2531 ὅρος
1171 2461 1521 2527 ἀναϐάσεως
1557 2463 1662 2518 τοῦ
1688 2466 1972 2531 Μωσέως.

1967 2503 1972 2517 .
2150 2464 2567 2536 Contemplatio
2603 2464 2796 2537 Moysi:
2836 2466 2893 2520 in
2928 2470 3161 2519 montem
3192 2462 3540 2517 ascensionis.

482 2574 639 2631 Οὕτω
678 2578 844 2632 πάλιν
881 2574 960 2648 τῷ
1011 2577 1271 2632 καλοῦντι
1317 2580 1585 2648 ἑπόμενος
1629 2579 1771 2651 Θεῷ,
1817 2582 1985 2652 ὑπερ-

2148 2577 2243 2633 Sic
2294 2593 2488 2632 rursus
2524 2579 2639 2633 Deo
2670 2579 2893 2634 vocanti
2928 2579 3345 2648 obtemperans,
3399 2573 3668 2630 omnibus

413 2666 567 2739 σχὼν·
595 2668 773 2722 πάντα
799 2668 869 2722 τά
892 2668 1038 2740 τῇδε,
1061 2670 1143 2732 είς
1168 2669 1259 2722 τὸν
1292 2670 1491 2738 γνόερον
1519 2671 1788 2742 εἰσῆλθεν,
1822 2664 1883 2726 οὖ
1914 2667 1983 2744 ἦν

2094 2669 2206 2724 stic
2240 2669 2536 2739 superatis,
2561 2669 2815 2726 introivit
2839 2670 2895 2724 in
2916 2668 3205 2740 caliginem
3235 2668 3329 2723 ubi
3357 2667 3502 2721 Deus
3527 2672 3667 2727 erat,

412 2762 442 2813 6
474 2759 626 2826 Θεὸς,
671 2759 970 2823 τουτέστιν,
1022 2761 1103 2823 είς
1143 2760 1244 2828 τὴν
1292 2760 1446 2828 ἀειδῆ
1486 2761 1579 2813 καὶ
1629 2761 1860 2831 ἀόρατον
1888 2764 1984 2815 καὶ

2095 2764 2186 2815 hoc
2213 2768 2298 2816 est
2327 2760 2382 2814 in
2411 2760 2704 2815 obscuram
2727 2769 2782 2816 et
2815 2761 3153 2816 invisibilem
3181 2769 3239 2814 et
3268 2756 3668 2827 incorporalem

412 2850 706 2920 ἀσώματον
743 2849 1050 2921 διατριϐὴν,
1084 2849 1162 2920 νῷ
1196 2850 1378 2921 πάσης
1413 2850 1686 2922 ἐλευθέρῳ
1713 2852 1813 2921 τῆς
1853 2852 1985 2921 πρὸς

2096 2851 2586 2916 conversationem,
2632 2864 2817 2908 mente
2845 2854 2915 2907 ab
2941 2853 3091 2907 omni
3124 2852 3192 2906 ad
3231 2851 3531 2922 quidquam
3578 2864 3669 2903 re-

414 2944 591 2998 ὁτιοῦν
618 2941 797 3014 πάρεξ
819 2941 954 2996 Θεοῦ
986 2942 1245 3013 σχέσεως,
1274 2937 1387 3019 ἐνῇ
1416 2944 1727 3014 γενόμενος,
1758 2944 1832 3007 ὡς
1862 2944 1987 3013 ἐνῆν

2186 2958 2290 2995 one
2335 2951 2537 3011 praeter
2580 2944 2753 2998 Deum
2792 2944 2969 2999 libera
2996 2986 3010 3008 ,
3057 2958 3224 3013 quam
3275 2942 3510 3011 adeptus
3549 2955 3671 3009 quae
3746 2928 3752 2935 ’

415 3036 653 3108 μάλιστα
678 3034 1030 3106 ἀνθρωπίνην
1070 3035 1371 3105 ἀξιωθῆναι
1401 3036 1584 3104 φύσιν,
1615 3031 1727 3089 οἷον
1760 3036 1988 3090 ἔπαθλον

2092 3047 2303 3087 summa
2331 3042 2548 3103 poterat
2577 3034 2833 3089 humanae
2861 3044 3071 3089 natura:
3100 3035 3388 3104 obtingere
3409 3032 3665 3101 dignitas,

411 3126 511 3196 τῆς
542 3124 818 3196 μακαρίας
834 3123 1047 3196 ἐκείνης
1070 3124 1387 3189 ἀναϐάσεως
1401 3126 1549 3192 ἄξιον
1572 3126 1670 3195 τὴν
1693 3126 1885 3197 χρόνου
1903 3126 1984 3178 ml

2095 3125 2243 3177 velut
2291 3125 2578 3193 preemium
2627 3114 2804 3181 beata:
2847 3125 3001 3180 illius
3050 3122 3392 3181 ascensionis
3441 3121 3668 3192 dignum

416 3215 627 3285 φύσεως
648 3215 747 3285 τὴν
764 3214 980 3284 γένεσιν
999 3215 1444 3285 περιγράφουσαν
1464 3215 1749 3285 κομίζεται
1769 3215 1989 3283 γνῶσιν,

2099 3217 2463 3287 cognitionem
2492 3226 2736 3287 reportat
2767 3218 3029 3288 temporis
3074 3228 3237 3287 atque
3299 3223 3511 3271 natura:
3555 3229 3672 3266 0H-

411 3306 508 3360 καὶ⁴
522 3305 692 3360 τύπον
725 3306 819 3361 καὶ
857 3306 1210 3379 παράδειγμα
1242 3308 1351 3361 τῶν
1383 3307 1595 3379 ἀρετῶν
1633 3308 1796 3362 αὑτὸν
1831 3324 1984 3378 ποιη-

2098 3307 2238 3376 ginis
2266 3307 2678 3376 descriptivam,
2718 3309 2838 3379 ipso
2880 3310 2989 3364 Deo
3030 3318 3289 3379 tanquam
3338 3316 3467 3379 typo
3504 3314 3671 3374 atque

414 3396 647 3466 σάμενος
671 3395 759 3451 τὸν
788 3396 940 3461 Θεὸν,
970 3397 1106 3467 πρὸς
1126 3396 1184 3451 ὃν
1214 3397 1466 3468 καθάπερ
1516 3397 1733 3467 γραφὴν
1776 3398 1987 3465 εὐφυῶς

2094 3399 2644 3467 θιειηριυμνίιιιιῑιιιη
2677 3401 2960 3470 proposito
2982 3440 2997 3463 ,
3053 3399 3119 3455 ad
3155 3401 3315 3468 cujus
3348 3397 3667 3467 imaginem,

411 3487 506 3542 τοῦ
532 3488 842 3558 ἀρχετύπου
867 3489 965 3559 τὴν
996 3488 1228 3558 μίμησιν
1252 3487 1531 3560 σῴζουσαν
1557 3490 1752 3542 ἑαυτὸν
1781 3490 1984 3542 ἀποτυ-

2098 3491 2165 3545 ad
2221 3492 2423 3546 tabulae
2471 3492 2648 3546 instar
2696 3493 3056 3562 archetypum
3100 3490 3329 3560 pulchre
3377 3486 3671 3541 referentis

412 3577 601 3643 πώσας
632 3579 846 3632 κάτεισι
867 3578 961 3632 τοῦ
990 3578 1169 3649 ὅρους,
1197 3573 1264 3649 ἦς
1291 3578 1581 3650 μετείληφε
1611 3578 1767 3647 δόξης
1790 3577 1928 3630 κατά
1945 3577 1985 3609 ³⁸

2095 3590 2381 3649 postquam
2411 3596 2470 3635 se
2498 3582 2676 3650 ipsum
2706 3581 3062 3645 deformavit,
3099 3580 3167 3635 de
3199 3586 3387 3633 monte
3433 3578 3668 3631 descen-

411 3668 474 3723 τὸ
499 3671 789 3739 πρόσωπον
816 3669 1196 3740 ὲπισημαίνων
1224 3670 1323 3742 τὴν
1348 3671 1509 3741 χάριν
1533 3672 1627 3725 καὶ
1665 3673 1776 3733 τοῖς
1807 3669 1984 3733 ἀλλοις

2098 3670 2197 3734 dit,
2228 3671 2414 3741 εισι-ξω
2437 3687 2544 3740 qua
2594 3671 2908 3741 impertitns
2937 3678 3055 3734 est,
3084 3669 3325 3740 gratiam
3358 3668 3496 3723 facie
3534 3682 3671 3737 quo-

413 3760 759 3829 ἀνθρὼποις,
826 3761 1017 3831 ῶσπερ
1054 3760 1322 3824 θεοειδοῦς
1367 3762 1540 3815 τύπου
1582 3762 1753 3815 τύπον
1800 3761 1986 3815 ἑαυτὸν

2096 3778 2203 3831 que
2234 3763 2462 3833 reliquis
2488 3764 2654 3817 etiam
2687 3764 3008 3818 hominibus
3047 3761 3385 3833 signiﬁcans,
3410 3769 3669 3830 tanquam

412 3853 707 3924 γενόμενον
736 3853 984 3923 ἀφθόνως
1016 3854 1192 3917 διδοὺς
1214 3855 1307 3907 καὶ
1331 3853 1741 3924 προτιθέμενος,
1767 3855 1860 3907 καὶ
1891 3853 1984 3923 6n-

2100 3852 2262 3907 divini
2318 3852 2429 3923 typi
2481 3862 2668 3925 typum
2721 3855 2898 3923 ipsum
2941 3853 3145 3909 factum
3195 3852 3423 3923 largiter
3472 3866 3673 3920 reprae-

412 3945 496 3998 λοῖ
518 3945 676 3998 τοῦτο
705 3944 876 3999 ποιῶν
917 3945 1042 4017 περὶ
1065 3938 1140 3999 ὧν
1178 3943 1287 4000 εἶδέ
1321 3964 1379 3999 τε
1419 3949 1511 3999 καὶ
1536 3947 1737 4016 ἢκουσε
1765 3945 1841 4015 τῷ
1873 3944 1984 4014 λαῷ

2098 3950 2316 3997 sentans
2342 3960 2463 3998 sese
2492 3954 2659 4014 atque
2692 3961 3025 4014 proponens.
3091 3945 3157 3998 Et
3188 3942 3267 3997 sic
3317 3942 3522 4013 populo
3550 3958 3671 4011 qua:

414 4034 798 4104 ἐξηγούμενος.
828 4037 923 4089 καὶ
966 4040 1157 4108 γραφῇ
1197 4041 1310 4101 τοῖς
1364 4038 1481 4109 μετ’
1502 4038 1664 4091 αὑτὸν
1712 4031 1823 4092 οἷόν
1860 4053 1984 4090 τινα

2098 4035 2231 4089 vidit
2279 4052 2510 4106 quaeque
2535 4036 2749 4090 audivit
2794 4035 3069 4091 narrando
3099 4035 3302 4105 aperit,
3357 4034 3521 4115 etiam
3573 4049 3671 4103 per

417 4124 620 4195 κλῆρον
676 4126 954 4180 θεόσδοτον
1019 4127 1344 4199 παραδιδοὺς
1404 4128 1499 4182 τοῦ
1565 4128 1697 4182 Θεοῦ
1756 4128 1826 4181 τὰ
1878 4147 1981 4199 μυ-

2096 4124 2303 4179 litteras
2342 4125 2508 4180 veluti
2538 4126 2916 4181 lnereditatem
2945 4125 3235 4197 quamdam
3276 4142 3305 4179 a
3349 4125 3461 4179 Deo
3483 4123 3669 4178 datam

419 4216 637 4287 στήρια.
2089 4216 2403 4284 posteritati
2437 4217 2623 4272 divina
2662 4218 2921 4289 mysteria
2966 4218 3281 4272 relicturus.

419 4388 635 4457 Θεωρία
663 4387 772 4457 τῆς
808 4389 1000 4457 Ἰησοῦ
1024 4391 1362 4460 ἡγεμονίας,
1396 4391 1490 4445 καὶ
1521 4391 1629 4459 τῆς
1652 4390 1982 4460 διαϐάσεως

2094 4390 2454 4461 Ioatemplatio
2489 4390 2709 4444 ducatus
2743 4391 2888 4457 Iesu,
2922 4400 2971 4444 et
3029 4407 3125 4461 per
3158 4390 3456 4445 Iordanem
3485 4400 3667 4445 trans-

485 4477 592 4533 τοῦ
635 4479 952 4547 Ἰορδάνου,
1001 4483 1100 4535 καὶ
1154 4480 1263 4550 τῆς
1320 4481 1603 4550 δευτέρας
1655 4482 1730 4535 δι’
1794 4485 1981 4537 αὐτοῦ

2145 4483 2251 4535 itas
2300 4494 2347 4534 et
2400 4481 2619 4535 ulterius
2654 4481 2718 4534 ab
2763 4498 2822 4535 eo
2863 4498 2956 4552 per
3007 4480 3242 4552 lapideos
3293 4481 3533 4535 cultellos
3588 4482 3673 4535 in-

485 4570 804 4640 περιτομῆς
837 4572 959 4647 τοῖς
987 4572 1055 4626 ἐκ
1083 4573 1303 4640 πέτρας
1334 4572 1597 4642 ξίφεσιν.

1224 4590 1303 4640 νας
1334 4572 1597 4642 ξίφεσιν.
2145 4574 2344 4627 δεὶιιιιιε
2364 4572 2797 4638 circumcisionis,

483 4679 671 4745 Οὕτως
716 4681 921 4753 Ἰησοῦς
943 4685 970 4736 6
998 4683 1237 4744 Μωσέως
1271 4683 1538 4752 διάδοχος,
1570 4683 1658 4737 ῐνα
1691 4684 1758 4737 τὰ
1805 4684 1980 4738 πολλὰ
2021 4682 2056 4735 D

2162 4686 2253 4741 Sic
2276 4686 2457 4750 Jcsus,
2498 4686 2700 4759 Moysis
2726 4702 3043 4751 successor,
3083 4695 3143 4742 ut
3169 4685 3339 4741 multa
3359 4701 3481 4756 quae
3506 4684 3574 4741 de
3603 4699 3672 4741 eo

415 4773 526 4825 τῶν
565 4772 694 4843 περὶ
739 4773 907 4827 αὐτοῦ
975 4774 1370 4844 ἱστορουμένων
1411 4774 1758 4846 παραδράμω
1792 4773 1882 4828 διὰ
1927 4775 1988 4829 τὸ

2099 4786 2392 4831 narrantur
2421 4787 2651 4847 propter
2672 4793 2931 4848 magnum
2950 4794 3142 4833 eorum
3170 4793 3464 4832 numerum
3493 4784 3672 4831 trans-

417 4863 644 4934 πλῆθος,
677 4864 1015 4936 παραλαϐὼν
1046 4865 1227 4937 (14.1⁵
1253 4862 1303 4933 b)
1326 4865 1418 4918 τὸν
1448 4864 1577 4919 λαὸν
1605 4865 1821 4929 πολλοῖς
1851 4869 1988 4937 πρό-

2098 4868 2329 4939 grediar,
2362 4871 2591 4939 populo,
2621 4870 2716 4939 qui
2749 4870 2939 4925 multis
2972 4878 3133 4925 antea
3178 4870 3359 4925 modis
3384 4868 3439 4923 in
3468 4883 3671 4943 eremo

417 4971 575 5025 τερον
606 4961 741 5026 πρὸς
779 4957 1064 5011 εὐσέϐειαν
1094 4956 1448 5009 παιδευθέντα
1478 4955 1624 5010 κατὰ
1655 4955 1753 5026 τὴν
1779 4955 1987 5027 ἔρημον

2099 4959 2159 5014 ad
2198 4960 2459 5029 pietatem
2484 4962 2740 5015 eruditus
2766 4970 2907 5025 erat,
2953 4970 3076 5031 post
3122 4962 3325 5033 Meysis
3372 4960 3431 5015 in
3479 4970 3672 5015 monte

417 5048 661 5117 τρόποις,
702 5048 842 5117 μετά
870 5050 970 5120 τὴν
1006 5051 1066 5102 ὲν
1114 5048 1190 5119 τῷ
1229 5048 1346 5120 ὄρει
1383 5049 1660 5113 Μωῢσέως
1709 5048 1988 5119 τελευτὴν,

2099 5056 2328 5105 mortem
2373 5060 2656 5121 suscepto,
2682 5062 2729 5116 ο,
2767 5062 2822 5107 et
2854 5053 3074 5107 insolita
3095 5052 3541 5107 circumcisionis
3582 5065 3672 5105 ra-

418 5138 513 5191 καὶ⁸
542 5137 679 5210 ξένῳ
704 5141 1006 5210 περιτομῆς
1043 5140 1173 5193 εῖδει
1208 5139 1541 5206 καθαγνίσας
1572 5140 1735 5193 αὐτὸν
1774 5143 1894 5202 ταῖς
1924 5142 1989 5193 ἐκ

2100 5141 2248 5196 tione
2295 5157 2392 5211 per
2433 5142 2683 5212 lapideos
2734 5144 2990 5198 cultellos
3032 5144 3268 5199 lustrato
3288 5143 3338 5208 ά,
3377 5151 3670 5213 postquam

421 5229 627 5299 πέτρας
664 5231 985 5300 μαχαίραις,
1013 5229 1110 5283 καὶ
1133 5229 1225 5282 τὸν
1259 5229 1531 5300 Ἰορδάνην
1558 5229 1896 5300 ξηρανθέντα
1921 5232 1987 5300 τῇ

2096 5232 2284 5286 divina
2312 5249 2438 5286 area
2490 5235 2771 5303 praemissa
2820 5235 3141 5290 universum
3196 5235 3466 5305 populum
3516 5234 3668 5290 sicco

419 5324 722 5393 προπομπῇ
757 5323 858 5394 τῆς
892 5321 1043 5387 θείας
1067 5320 1303 5375 κιὸωτοῦ
1326 5322 1451 5385 τοὺς
1484 5321 1579 5376 τοῦ
1607 5320 1738 5375 λαοῦ
1780 5321 1988 5386 πάντας

2095 5323 2385 5378 Jordancm
2408 5323 2545 5393 pede
2569 5325 2873 5380 transmisit
2903 5337 2927 5364 ο
2950 5366 2963 5391 ,
2996 5325 3335 5381 Salvatorem
3362 5341 3460 5395 per
3486 5324 3668 5395 ipsum

493 5492 514 5520 ο
538 5480 698 5536 Dent.
722 5498 886 5544 χχιιι,
913 5483 999 5538 .l9.
1072 5483 1097 5523 τι
1120 5483 1283 5540 Josue
1315 5500 1366 5547 τ,
1388 5483 1442 5536 2.
1524 5495 1545 5523 ο
1568 5484 1733 5540 Josue
1762 5501 1839 5550 m,
1871 5485 1948 5540 ΓΙ.

1708 5625 1941 5680 vanus
1978 5624 2386 5705 LECTIQNES.

428 5734 936 5862 1an:pngraphum
992 5736 1155 5793 habet
1206 5738 1500 5812 ὑπίσχνιον.
1574 5741 1617 5771 ⁸³
1667 5738 2001 5812 Apographu

506 5823 531 5860 τ
575 5845 589 5859 .

2100 5741 2263 5799 habet
2308 5740 2531 5814 ἄλληλα.
2629 5739 2672 5773 ⁸⁸
2719 5739 2910 5798 Manus
2940 5742 3115 5814 prima
3162 5741 3392 5808 dederat
3432 5743 3526 5802 καὶ
3570 5754 3673 5815 pro
