3984 6198
384 260 524 326 1119
1050 271 1083 301 κ
1567 264 1627 324 s.
1670 265 1959 325 MAXIMI
1999 242 2510 337 CONFESSORIS
3507 285 3642 352 “go

378 376 573 449 Logon
599 376 781 449 typice
829 376 1199 448 signiﬁcabat,
1231 390 1361 433 eum
1391 376 1489 447 qui
1513 374 1778 447 abrOgata
1818 383 1948 448 iega‘

2069 383 2322 453 ἀτεγγεῑς
2371 389 2695 455 διαϐιϐάσας
2714 392 2780 460 ⁸³,
2818 394 2910 451 τὸν
2948 397 3016 451 δι’
3058 398 3225 453 αὐτοῦ
3257 400 3506 464 τυπικῶς
3538 419 3642 473 μηο

378 470 517 525 lium
554 470 1014 525 constitutionum
1050 470 1239 526 littera
1269 471 1535 526 ducatum
1566 471 1685 526 veri
1710 482 1768 526 et
1792 470 1948 525 Deun

2063 478 2323 548 νυόμενον
2360 481 2590 553 Σωτῆρα
2639 484 2817 553 Λόγον
2863 489 3193 561 παρεδήλου,
3240 494 3381 562 μετὰ
3415 470 3640 564 τὴντέ-

378 558 627 613 videntis
649 558 816 612 Israel
855 558 915 612 in
941 558 1290 614 sublimitate
1334 560 1734 630 cogitationum
1779 558 1965 613 obori-

376 657 566 704 turum
590 648 845 718 suscipit,
872 648 1079 718 quique
1104 664 1270 703 omne
1299 659 1411 705 tam
1433 650 1603 704 animi
1643 666 1808 720 quam
1834 664 1961 704 cor-

375 741 532 811 poris
560 740 1039 809 inquinamentum
1071 742 1394 797 acutissimo
1428 742 1556 798 ﬁdei
1582 742 1687 812 ipsi
1727 750 1959 798 servata:

376 831 561 887 Verbo
582 832 968 897 circumcidit,
998 834 1263 904 omnique
1290 850 1486 890 eorum
1536 834 1629 904 qui
1662 833 1729 888 ad
1766 849 1960 903 pecca-

374 929 494 975 tum
518 922 782 993 instigant
802 925 1139 978 contumelia
1170 925 1393 989 liberat,
1421 934 1478 979 et
1508 925 1786 979 labentem
1818 933 1958 979 tem~

373 1013 527 1084 poris
550 1030 848 1083 rerumque
883 1015 1232 1070 instabilium
1274 1025 1528 1071 naturam
1574 1018 1642 1070 ad
1699 1017 1960 1086 incorpo;

2060 568 2253 641 λευτὴν
2281 572 2374 624 τοῦ
2406 574 2737 646 γράμματος
2776 578 2889 633 τῶν
2922 581 3166 651 νομικῶν
3214 582 3513 649 διατάξεων
3539 585 3643 656 τὴν

2057 663 2117 713 ὲν
2155 662 2235 731 τῷ
2276 661 2400 731 ὕψει
2445 663 2557 717 τῶν
2609 667 2902 738 νοημάτων
2932 671 3231 743 γινομένην
3260 672 3353 726 τοῦ
3376 673 3641 744 ἀληθινοῦ

2075 754 2111 806 Ἰ
2121 754 2295 824 σραηλ
2321 758 2416 810 καὶ
2447 758 2684 827 ὁρῶντος
2713 760 2848 815 Θεὸν
2876 764 3181 833 ἠγεμονίαν
3224 763 3642 835 παραλαϐόντα,

2061 846 2157 898 καὶ
2187 846 2391 911 παντὸς
2448 847 2548 919 μὲν
2594 850 2772 922 ψυχῆς
2812 854 2903 907 καὶ
2950 855 3202 926 σώματος
3252 856 3530 926 μολυσμοῦ
3560 858 3643 927 τῷ

2062 939 2362 1009 τομωτάτῳ
2387 940 2534 1012 λόγῳ
2554 943 2653 1011 τῆς
2678 945 2760 1008 είς
2778 945 2942 1000 αὐτὸν
2964 947 3200 1010 πίστεως
3224 948 3409 1020 περιτέ
3418 966 3640 1017 μνοντα,

2065 1030 2267 1092 παντὸς
2308 1032 2367 1085 δὲ
2410 1033 2720 1107 ὁνειδισμοῦ
2750 1036 2864 1091 τῶν
2903 1038 3042 1110 πρὸς
3075 1040 3351 1110 ἁμαρτίαν
3374 1039 3644 1111 ὲρεθιζόν-

372 1106 575 1163 ralium
604 1113 809 1161 statum
845 1107 1071 1182 trajicit,
1101 1108 1354 1163 humeris
1383 1109 1656 1163 virtutum
1688 1108 1961 1162 sublatam

374 1205 532 1253 tenet
558 1198 936 1270 cognitionem
990 1199 1312 1256 divinorum
1355 1200 1751 1272 mysteriorum
1795 1215 1960 1270 capa-

376 1306 520 1347 cem.

2057 1137 2167 1175 των
2193 1120 2606 1196 ἐλευθεροῦντα,
2628 1127 2723 1181 καὶ
2751 1128 2852 1199 τὴν
2876 1129 3107 1200 ῥέουσαν
3136 1129 3229 1183 τοῦ
3255 1130 3450 1202 χρόνου
3476 1132 3642 1200 φύσιν

2057 1214 2153 1268 καὶ
2197 1215 2309 1268 τῶν
2358 1218 2699 1288 κινουμένων
2754 1220 3145 1286 διαϐιϐάζοντα
3199 1224 3336 1297 πρὸς
3377 1207 3478 1296 τὴν
3528 1224 3642 1278 τῶν

2055 1308 2365 1379 ἀσωμάτων
2409 1311 2770 1379 κατάστασιν,
2813 1316 2930 1377 τοῖς
2969 1312 3143 1385 ὤμοις
3180 1315 3395 1388 ἀρετῶν
3432 1318 3640 1370 ἐπαιω-

2059 1400 2334 1474 ῳυμένην
2369 1401 2566 1474 ἔχοντα
2582 1405 2628 1438 ⁶⁶
2655 1406 2757 1478 τὴν
2785 1405 3043 1478 δεκτικὴν
3084 1408 3196 1462 τῶν
3233 1406 3394 1463 θείων
3424 1426 3641 1481 μυστη-

2060 1494 2190 1565 ρίων
2221 1495 2449 1565 γνῶσιν.

2069 1682 2292 1751 Θεωρία
2333 1679 2447 1749 τῆς
2484 1680 2761 1749 Ἱεριχοῦς
2802 1680 2901 1738 καί
2963 1680 3085 1735 τῶν
3130 1679 3282 1736 ἐπτά
3324 1673 3691 1755 περιόδων,Ῐ

2129 1770 2232 1825 καί
2271 1768 2382 1839 τῆς
2413 1770 2664 1825 κιϐωτοῦ
2688 1771 2787 1825 καί
2832 1771 2954 1825 τῶν
2998 1772 3356 1843 σαλπίηηων
3391 1771 3492 1824 καί
3529 1759 3669 1826 toﬁ.

1983 1895 2029 1954 Β
2127 1865 2518 1935 ἀναθέματος.
3634 1876 3642 1903 -‘

373 1676 761 1746 Contemplatio
807 1676 1181 1739 Iliericlumtis,
1216 1688 1265 1731 et
1317 1694 1515 1749 septem
1561 1683 1955 1749 circuitionum,

582 1774 635 1821 et
659 1783 821 1835 ουτω,
838 1776 888 1822 et
924 1769 1194 1838 tubarum,
1224 1777 1274 1823 et
1295 1773 1651 1828 anathemati:
1690 1772 1735 1826 ἲ.

438 1972 535 2028 Sic
552 1985 748 2027 rursus
775 1970 1205 2027 circuitionibus
1229 1979 1446 2044 septem
1470 1970 1821 2044 totidemque
1862 1982 1948 2028 tu-

2122 1976 2280 2031 Οῦτω
2296 1978 2459 2031 πάλιν
2477 1977 2748 2048 περιόδοις
2779 1977 2918 2031 ἑπτὰ
2948 1979 3041 2032 καὶ
3066 1977 3322 2045 σάλπιγξι
3345 1978 3638 2043 τοσαύταις

366 2065 460 2121 bis
487 2082 617 2121 cum
656 2066 895 2137 mystico
923 2065 1170 2120 clamore
1225 2066 1420 2121 urbem
1455 2065 1734 2121 difﬁcilem
1778 2082 1949 2137 expu-

366 2157 647 2228 gnabilem
665 2157 865 2222 visam,
890 2155 1314 2212 Hierichuntcm
1338 2158 1664 2213 concutiens
1692 2158 1946 2213 eumdem

365 2248 466 2303 Dei
491 2248 681 2319 Logon
716 2249 949 2321 mystice
978 2249 1199 2319 aperuit
1242 2257 1305 2304 ut
1330 2250 1600 2305 victorem
1654 2250 1849 2305 mundi
1893 2258 1947 2304 et

363 2341 467 2396 aevi
488 2350 1024 2407 consummatorem,
1051 2350 1241 2397 mente
1262 2350 1321 2396 et
1342 2342 1585 2407 ratione,
1612 2342 1731 2397 sive
1763 2342 1949 2423 cogni-

320 2450 327 2456 ·
363 2434 518 2489 tione
544 2442 603 2488 ct
634 2435 865 2490 virtute.
896 2433 1145 2502 Quarum
1177 2449 1310 2489 arca
1342 2442 1399 2489 ct
1428 2435 1577 2489 tubae
1614 2441 1773 2488 erant
1809 2433 1945 2504 typi,

317 2580 321 2584 .
362 2540 463 2581 eos
487 2526 583 2596 qui
613 2526 771 2580 illum
795 2535 1106 2596 sequantur
1125 2542 1309 2582 :evum
1340 2526 1609 2582 sensibile
1636 2525 1797 2580 facile
1820 2538 1946 2579 esse

361 2618 435 2675 ad
466 2620 896 2689 expugnandum
928 2620 1083 2675 nullo
1126 2620 1354 2691 negotio
1383 2619 1701 2690 superabile
1746 2618 1950 2671 docen-

360 2718 470 2776 tes,
497 2720 557 2767 et
584 2712 727 2766 nihil
757 2712 828 2767 de
851 2713 993 2783 ejus,
1024 2727 1137 2782 quo
1156 2713 1437 2779 fruantur,
1464 2712 1788 2767 divinorum
1837 2709 1943 2764 bo-

360 2818 565 2861 norum
596 2812 876 2859 amatores
906 2803 1182 2875 indigere,
1219 2805 1349 2874 quia
1390 2819 1519 2859 cum
1565 2811 1746 2858 morte
1782 2809 1949 2871 atque

363 2893 591 2949 interitu
635 2896 706 2949 sit
751 2897 1114 2965 coniunctum
1142 2905 1195 2951 et
1223 2896 1424 2950 divinae
1460 2896 1554 2950 ira:
1592 2896 1738 2949 illex.
1790 2892 1947 2958 Quod

361 2985 529 3039 etiam
561 2986 764 3049 Achar,
796 2988 945 3041 ﬁlius
970 2987 1195 3042 Charmi
1235 2991 1282 3053 ε,
1334 3003 1457 3059 ηοω
1483 2995 1572 3042 est
1622 2986 1946 3041 turbulenta

362 3087 531 3145 atque
564 3077 811 3131 materiae
843 3092 1036 3131 amans
1064 3077 1133 3131 de
1163 3078 1515 3132 sensibilium
1547 3077 1737 3146 aliquo
1764 3078 1943 3131 intro-

361 3167 638 3221 mittendo
686 3168 969 3237 cogitatio,
1015 3170 1391 3229 miserandam
1442 3171 1593 3225 iliam
1640 3170 1711 3224 de
1761 3169 1947 3223 divina

2054 2067 2151 2122 σὺν
2175 2067 2475 2137 ἀλαλαγμῷ
2504 2069 2751 2139 μυστικῷ
2777 2069 2873 2138 τὴν
2900 2070 3207 2124 δυσάλωτον
3236 2071 3268 2142 ἢ
3298 2071 3394 2123 καὶ
3425 2071 3637 2124 ἀνάλω-

2049 2176 2141 2213 τον
2164 2155 2309 2215 εἷναι
2342 2159 2574 2223 δόξασαν
2606 2160 2760 2213 πόλιν
2789 2161 2997 2232 ’ῐεριχὼ
3016 2161 3345 2224 κατασείσας
3363 2162 3455 2215 τὸν
3472 2163 3636 2216 αὐτὸν

2050 2249 2144 2303 τοῦ
2176 2247 2314 2302 Θεοῦ
2345 2250 2519 2317 Λόγον
2561 2250 2842 2320 μυστικῶς
2864 2251 3143 2319 ἐνέφαινεν
3169 2244 3507 2323 ὡςνικητὴν
3536 2248 3633 2306 τοῦ

2050 2343 2259 2410 κόσμου
2303 2341 2400 2394 καὶ
2442 2341 2801 2411 συντελεστὴν
2828 2342 2925 2395 τοῦ
2955 2343 3174 2405 αἰῶνος,
3213 2340 3290 2413 νῷ
3327 2345 3423 2396 καὶ
3463 2341 3630 2415 λόγῳ,

2050 2433 2170 2504 ἦτοι
2200 2432 2401 2501 γνώσει
2429 2434 2523 2486 καὶ
2566 2435 2759 2504 ἀρετῇ.
2792 2428 2892 2486 Ὧν
2924 2439 2957 2505 ἡ
2992 2433 3226 2498 κιϐωτὸς
3260 2435 3358 2488 ita}.
3390 2437 3449 2488 αἱ
3503 2435 3631 2490 σάλ-

2051 2541 2251 2593 πιγγες
2300 2525 2472 2588 τύπος
2516 2525 2785 2595 ὑπῆρχον,
2832 2528 2945 2589 τοῖς
3004 2526 3294 2595 ἑπομένοις
3338 2526 3494 2595 αὐτῷ
3537 2527 3630 2580 τὸν

2050 2616 2312 2687 αἰσθητὸν
2351 2617 2526 2672 αἰῶνα
2567 2619 2842 2671 εὐάλωτον
2869 2617 3055 2690 (142
3095 2617 3150 2685 α)
3181 2617 3494 2672 δεικνύοντα
3532 2619 3630 2673 καὶ

2049 2707 2461 2778 εὐκαθαίρετον,
2502 2708 2598 2761 καὶ
2630 2707 2800 2778 μηδὲν
2831 2708 2939 2761 τῶν
2968 2709 3026 2760 ὲν
3053 2706 3200 2775 αὐτῷ
3227 2707 3368 2780 πρὸς
3392 2706 3628 2761 ἀπόλαυε

2051 2816 2137 2852 σιν
2164 2800 2472 2868 ἐπιτήδειον
2512 2802 2626 2862 τοῖς
2652 2799 2761 2852 τῶν
2802 2799 2963 2852 θείων
2990 2800 3245 2866 ἐρασταῖς
3276 2797 3523 2866 ἀγαθῶν,
3552 2797 3627 2860 ὡς

2050 2891 2267 2961 θανάτῳ
2295 2893 2389 2945 καὶ
2415 2892 2594 2964 φθορᾷ
2622 2893 2971 2964 συνημμένον
3001 2896 3098 2947 καὶ
3131 2893 3284 2956 θείας
3316 2895 3628 2962 ἀγανακτή-

2051 3000 2190 3044 σεως
2231 2984 2425 3037 αίτιον.
2458 2984 2569 3037 Καὶ
2615 2984 2767 3054 δηλοῖ
2803 2986 2987 3055 Ἀχαρ
3021 2987 3050 3039 ὁ
3085 2985 3182 3038 τοῦ
3233 2985 3442 3055 Χαρμὶ,
3490 2986 3626 3056 ὅπερ

2050 3074 2195 3126 ἐστὶν
2224 3076 2253 3126 ὁ
2280 3074 2605 3146 ταραχώδης
2636 3075 2733 3128 καὶ
2760 3075 3012 3143 φιλόὓλος
3041 3074 3300 3145 λογισμὸς
3348 3074 3492 3145 ὑπὲρ
3531 3073 3624 3129 τοῦ

2049 3166 2447 3219 είσοικίσασθαί
2490 3183 2542 3219 τι
2582 3166 2692 3220 τῶν
2738 3168 3035 3236 αἰσθητῶν,
3056 3168 3149 3221 τὸν
3176 3168 3448 3221 οἴκτιστον
3476 3168 3625 3221 ἐκεῖ·

361 3260 641 3314 sententia
675 3269 914 3315 mortem
946 3277 1169 3331 passus,
1199 3262 1568 3326 demonstrat,
1617 3263 1780 3332 cujus
1814 3278 1945 3331 ope-

2054 3275 2136 3311 νον
2183 3259 2323 3312 κατὰ
2365 3258 2524 3311 θείαν
2567 3258 2751 3328 ψῆφον
2801 3262 3244 3330 ἀπενεγκάμενος
3277 3259 3531 3322 θάνατον,
3565 3259 3624 3312 ὁν

360 3352 535 3406 ratrix
585 3353 728 3407 ratio
775 3361 881 3417 est,
932 3354 1210 3423 profundo
1256 3355 1613 3410 conscientia:
1665 3354 1821 3409 mala:
1856 3354 1937 3408 di-

362 3459 531 3514 gnum
568 3444 662 3498 tali
702 3444 977 3515 supplicio
1005 3446 1306 3501 suﬂ'ocans.
1474 3440 1483 3449 ’

364 3612 751 3692 COntemplatio
807 3622 1181 3696 Tyri'ejusque
1221 3625 1397 3696 regis,
1446 3631 1499 3679 et
1534 3627 1945 3697 expugnationis

1092 3718 1231 3788 ejus.

431 3820 524 3878 Sic
552 3840 747 3881 rursus
779 3827 1085 3883 secundum
1116 3829 1267 3899 quod
1308 3829 1579 3900 scriptum
1617 3839 1704 3885 est
1739 3848 1753 3883 :
1786 3831 1940 3885 Tem-

362 3932 488 3984 pore
511 3916 603 3970 illo
634 3916 792 3990 capta
816 3919 1017 3987 Assor',
1050 3930 1098 3975 et
1125 3938 1246 3993 rege
1279 3923 1391 3993 ejus
1419 3923 1601 3994 gladio
1631 3924 1936 3994 interfecto,

362 4017 411 4060 et
441 4011 583 4063 omni
619 4013 672 4063 in
718 4027 779 4064 ea
806 4013 922 4065 vivo
956 4012 1145 4079 deleto,
1207 4030 1328 4085 quia
1368 4023 1529 4069 antea
1569 4016 1941 4071 universarum

362 4102 634 4171 regionum
659 4102 986 4157 dominatrix
1015 4115 1130 4160 erat
1153 4105 1202 4173 δ,
1256 4106 1783 4163 demonstrabantur
1829 4124 1948 4180 my-

361 4191 533 4245 steria
565 4208 801 4261 quorum
837 4202 1000 4265 typus
1042 4196 1132 4250 illa
1164 4197 1268 4251 sibi
1300 4198 1467 4253 verba
1495 4200 1824 4269 protulerat,
1861 4199 1947 4254 ni-

359 4283 565 4336 mirum
617 4300 811 4338 verum
856 4294 1111 4343 nostrum
1155 4288 1500 4346 Salvatorem
1548 4290 1737 4346 Jcsum
1784 4288 1949 4345 Chri-

357 4382 529 4441 stum,
566 4375 661 4429 Dei
696 4375 916 4443 Filium,
945 4380 1233 4455 malarum
1281 4389 1619 4451 potestatum
1652 4397 1938 4452 expugna-

359 4474 558 4530 torem,
603 4468 793 4537 gratize
833 4469 1168 4539 dignitatum
1218 4472 1661 4542 dispensatorem
1697 4490 1811 4528 suae
1854 4473 1941 4527 in-

357 4558 696 4613 carnationis
726 4569 976 4630 tempore
1006 4571 1291 4631 peccatum
1317 4565 1548 4634 ejusque
1596 4580 1782 4634 regem
1821 4564 1941 4619 dia-

2051 3350 2343 3422 ἐργάζεται
2364 3350 2534 3420 λόγος
2562 3351 2641 3421 τῷ
2672 3350 2826 3421 βάθει
2854 3353 2951 3423 τῆς
2987 3355 3229 3422 πονηρᾶς
3266 3354 3624 3426 συνειδήσεως

2051 3443 2435 3511 ὲναποπνίγων
2464 3444 2556 3496 τὸν
2585 3443 2729 3498 οῦτω
2756 3444 3143 3517 τιμωρηθῆναι
3173 3444 3343 3510 ἄξιον.

2055 3624 2274 3692 Θεωρία
2314 3626 2503 3692 Τύρου
2531 3624 2628 3678 καί
2670 3622 2779 3677 τοῦ
2814 3621 3007 3689 αὐτῆς
3036 3621 3364 3690 βασιλέως,
3396 3623 3495 3679 καί
3518 3623 3624 3694 τῆς

2577 3712 2860 3779 ἁλώσεως
2884 3712 3095 3782 αὐτῆς.

2118 3825 2276 3880 Οῦτω
2301 3824 2464 3881 πάλιν
2484 3824 2664 3890 καθὼς
2682 3826 3013 3897 γέγραπται,
3034 3828 3128 3881 Ἐν
3160 3828 3241 3893 τῷ
3268 3829 3449 3898 καιρῷ
3474 3831 3622 3884 ὲκεί-

2045 3935 2130 3983 rip
2167 3919 2651 3988 καταλαϐόμενος
2675 3918 2792 3986 τὴν
2827 3918 3074 3987 Ἄσσὼρ,
3109 3921 3205 3972 καὶ
3242 3921 3624 3985 τὸνβασιλέα

2043 4009 2233 4077 αὐτῆς
2267 4010 2629 4075 ἀποκτείνας
2665 4010 2737 4063 ἐν
2772 4012 3058 4080 ῥομφαίᾳ,
3088 4011 3188 4065 καί
3216 4013 3624 4082 πᾶννέμπγέον

2041 4102 2483 4168 ἐξολοθρεύσας
2503 4101 2573 4154 ἐν
2601 4098 2777 4170 αὐτῇ,
2806 4101 2942 4171 ἣτις
2972 4096 3054 4172 ἦν
3085 4103 3378 4172 πρότερον
3404 4102 3622 4174 ἄρκου-

2042 4206 2126 4245 σα
2156 4190 2374 4245 πασῶν
2398 4189 2524 4245 τῶν
2556 4191 2784 4260 χοῳῶν,
2815 4192 3151 4258 ὲδιδάσκετο,
3181 4187 3257 4248 ὧν
3299 4196 3621 4265 μυστηρίων

2042 4283 2213 4347 τύπος
2278 4281 2619 4354 προϐέϐλητο
2645 4285 2774 4349 τοὺς
2802 4278 3017 4353 λόγους,
3049 4287 3186 4340 δτιὸ
3213 4286 3468 4358 ἀληθινὸς
3507 4287 3621 4341 Σω·

2043 4378 2145 4447 τὴρ
2175 4374 2334 4446 ἡμῶν
2374 4375 2584 4445 Ἰησοῦς
2616 4376 2872 4449 Χριστὸς,
2905 4381 2935 4433 ὁ
2962 4378 3092 4442 Υίδς
3119 4379 3218 4433 τοῦ
3258 4378 3415 4441 Θεοῦ,
3456 4382 3484 4434 ὁ
3513 4380 3622 4433 τῶν

2045 4466 2303 4537 πονηρῶν
2333 4465 2665 4538 καθαιρέτης
2693 4468 2999 4540 δυνάμεων,
3034 4471 3132 4525 καὶ
3160 4471 3493 4543 κληροδότης
3515 4471 3624 4525 τῶν

2044 4556 2213 4623 ἀξίων
2241 4560 2343 4629 τῆς
2370 4559 2613 4629 χάριτος,
2645 4561 2790 4614 κατά
2817 4561 2908 4615 τὸν
2931 4564 3125 4634 καιρὸν
3144 4562 3246 4635 τῆς
3274 4564 3438 4618 αὐτοῦ
3467 4566 3623 4618 ἐναν-

358 4649 547 4705 bolum
576 4651 849 4722 (regnavit
870 4653 1018 4707 enim
1039 4663 1202 4708 antea
1225 4670 1394 4725 super
1414 4671 1608 4710 omnes
1633 4656 1944 4725 peccatum)

2054 4648 2382 4719 θρωπήσεως
2410 4651 2497 4703 διὰ
2538 4653 2775 4721 σταυροῦ
2820 4651 3268 4722 καταλαϐόμενος
3309 4656 3410 4727 τὴν
3440 4656 3623 4726 ἀμαρ-

358 4758 458 4813 per
483 4759 706 4799 erucem
738 4745 1006 4801 invasisse
1033 4755 1088 4801 et
1120 4748 1346 4801 virtutis
1396 4763 1510 4803 suae
1560 4748 1733 4802 verbo
1774 4748 1949 4803 inter-

356 4832 578 4901 fecisse,
625 4851 898 4906 omneque
928 4836 1117 4892 vivum
1147 4838 1445 4901 delcvisse,
1476 4840 1583 4894 hoc
1606 4839 1941 4908 est'passio—

356 4940 458 4981 nes
480 4942 603 4996 quae
628 4927 684 4980 in
718 4929 882 4983 nobis
905 4937 1070 4995 sunt,
1114 4940 1170 4986 ct
1197 4947 1320 5001 quze
1349 4947 1473 4986 cum
1524 4931 1594 4987 iis
1641 4932 1938 5009 conjuncta

356 5028 485 5073 sunt
508 5019 692 5088 turpia
724 5021 937 5075 etmala
969 5024 1228 5093 cogitata,
1256 5039 1328 5078 ne
1354 5025 1468 5078 ullo
1495 5025 1725 5079 omnino
1769 5024 1938 5081 modo

355 5111 411 5164 in
438 5110 520 5166 eis
542 5111 637 5181 qui
682 5112 886 5167 Christi
921 5128 1123 5170 nomen
1171 5113 1503 5185 proﬁtentur
1532 5125 1589 5171 et
1636 5117 1691 5171 in
1745 5132 1813 5171 eo
1851 5117 1937 5170 vi-

355 5211 804 5273 vuntpeccatum
835 5205 905 5261 de
956 5214 1159 5263 czctero
1189 5207 1258 5262 ad
1304 5207 1479 5263 instar
1545 5200 1673 5263 vivi
1702 5209 1939 5280 alicujus

356 5298 566 5354 moveri
600 5313 665 5352 ac
704 5298 891 5355 vivere
923 5300 1174 5358 haberet.

399 5495 420 5536 ί
443 5496 612 5554 Josue
640 5516 715 5566 vi,
742 5500 765 5554 l
801 5515 957 5573 seqq.
1037 5502 1244 5560 I'Josuc
1269 5520 1364 5569 vn,
1390 5503 1476 5558 18.
1553 5504 1579 5544 ιι
1600 5503 1768 5558 Josue
1796 5519 1871 5571 ιι,
1898 5503 1983 5559 l0.

2044 4741 2167 4793 τίαν
2193 4741 2286 4793 καὶ
2320 4741 2413 4794 τὸν
2443 4741 2673 4812 βασιλέα
2702 4743 2878 4815 αὐτῆς
2905 4745 2998 4799 τὸν
3021 4746 3271 4801 διάϐολον
3300 4744 3476 4819 (ἦρχε
3514 4747 3625 4816 γάρ

2053 4833 2273 4887 πάντων
2310 4834 2439 4887 ποτὲ
2466 4833 2827 4905 βασιλεύουσα
2853 4840 2887 4909 ἡ
2922 4838 3201 4910 ἁμαρτία)
3227 4840 3515 4893 ἀπέκτεινε
3540 4840 3623 4909 τῷ

2042 4926 2253 4996 ῥήματι
2277 4926 2376 4997 τῆς
2403 4926 2687 4998 δυνάμεως
2724 4928 2912 4994 αὑτοῦ,
2948 4931 3042 4986 καὶ
3090 4931 3488 5002 ὲξωλὸθρευσεν
3519 4932 3623 4985 αύ-

2036 5018 2137 5088 τῆς
2168 5020 2276 5071 πᾶν
2313 5019 2574 5089 ὲμπνέυν,
2605 5022 2851 5076 τουτέστι
2881 5023 2951 5077 τὰ
2982 5024 3128 5096 πάθη
3157 5023 3227 5078 τά
3256 5026 3313 5079 ὲν
3344 5026 3494 5096 ἡμῖν,
3526 5025 3625 5077 καὶ

2043 5109 2112 5163 τὰ
2142 5111 2231 5163 ἐπ’
2258 5110 2441 5174 αὐτοῖς
2473 5113 2676 5184 αἰσχρὰ
2726 5115 2823 5167 καὶ
2869 5114 3085 5187 πονηρὰ
3123 5115 3501 5186 ἐνθυμήματα,
3533 5116 3627 5170 ἵνα

2047 5200 2183 5271 μηδὲ
2238 5201 2300 5254 τὸ
2346 5202 2594 5256 ὁπωσοῦν
2642 5206 2701 5257 ὲν
2753 5208 2865 5271 τοῖς
2911 5208 3003 5261 τοῦ
3052 5205 3293 5279 Χριστοῦ
3344 5208 3439 5261 καὶ
3482 5209 3628 5261 κατὰ

2043 5292 2279 5362 Χριστὸν
2325 5294 2490 5359 ζῶσιν
2531 5298 2860 5366 ἐμπνέοντος
2914 5299 3074 5373 δίκην
3126 5299 3249 5355 καθ’
3280 5299 3458 5355 ὁτιοῦν
3519 5298 3623 5372 ἔχῃ

2042 5386 2229 5439 λοιπὸν
2256 5386 2316 5439 τὺ
2340 5388 2609 5443 κινεῖσθαι
2646 5391 2739 5444 καὶ
2772 5390 2875 5462 ζῇν
2905 5394 2938 5464 ἡ
2978 5392 3240 5464 ἁμαρτία.

1656 5614 1889 5673 VARUE
1931 5616 2333 5673 LECTIONES.

410 5690 461 5724 ”
487 5690 882 5779 APOgraphum
915 5699 1198 5763 διαϐάσεις.
1271 5705 1734 5773 “Apng'aplzum
1767 5711 1894 5777 τοὺς
1952 5704 2130 5775 ὤμους
2191 5708 2281 5779 ἀρ.
2341 5708 2426 5761 ἐπ’
2490 5706 2710 5779 ἔχοντας
2761 5718 2891 5763 cett.
