3984 6198
430 289 555 357 1121

1652 286 2167 351 AMBIGUORUM
2214 291 2467 352 LIBER.

3534 302 3671 367 1122

420 397 604 471 ‘152
629 395 681 466 b)
721 396 938 466 Θεωριά
968 397 1056 459 εὶς
1085 393 1173 456 τὸ,
1210 412 1227 444 ι
1270 394 1337 445 Οἱ
1365 391 1613 460 οὐρανοὶ
1639 391 1978 463 διηγοῦντω

2098 396 2483 467 Contemplatio
2536 399 2589 450 in
2651 399 2785 454 illud
2829 420 2846 456 :
2907 421 2924 453 ‹
2970 403 3097 459 ϐωίί
3137 419 3396 464 enarrant
3444 410 3674 482 gloriam

977 487 1166 551 δόξαν
1208 484 1376 540 Θεοῦ.
1416 503 1437 536 ι

488 605 648 660 Οὕτω
699 603 861 657 Δαὸὶδ
889 604 916 655 ό
953 603 1071 672 μετ’
1102 601 1348 663 ἐκείνους
1381 597 1479 669 μὲν
1523 597 1603 668 τῷ
1632 598 1833 668 χρόνῳ,
1868 599 1988 651 κατ’

418 696 660 757 ἐκείνους
689 694 746 747 δὲ
793 692 871 762 τῷ
918 690 1211 762 πνεύματι,
1262 690 1349 741 ἴνα
1382 687 1525 750 τοὺς,
1561 687 1770 757 Κριτάς
1815 704 1995 756 παρα-

417 787 615 857 δράμω
646 783 819 837 πολλὰ
850 782 1074 853 ἔχοντας
1103 784 1163 834 ἐν
1191 781 1270 851 τῷ
1300 779 1401 850 βίῳ
1433 780 1734 847 μυστήρια,
1764 778 1864 848 τὴν
1907 778 1993 830 δό-

418 879 513 942 ξαν
543 877 635 930 τοῦ
668 875 803 928 Θεοῦ
826 874 1200 943 διηγουμένων
1227 872 1337 925 τῶν
1365 868 1612 941 οὐρανῶν
1641 868 1877 933 ἀκούων,
1899 869 1994 921 καὶ

415 970 515 1037 τὴν
556 967 779 1038 ποίησιν
811 965 923 1019 τῶν
970 963 1171 1036 χειρῶν
1222 961 1389 1016 αὑτοῦ
1437 958 1862 1029 ἀναγγέλλοντος
1895 957 1990 1010 τοῦ

418 1059 798 1132 στερεώματος
827 1059 846 1127 (
862 1058 921 1112 τὺ
951 1056 1272 1127 θαυμάσιον,
1289 1049 1371 1118 οἷς
1388 1053 1564 1124 ψυχὴν
1587 1054 1615 1106 ό
1645 1049 1991 1122 Δημιουργὸς

414 1149 513 1201 οὐκ
536 1148 805 1217 ἐνέθηκε),
831 1147 955 1208 τοὺς
990 1145 1120 1215 περὶ
1159 1142 1438 1210 θεολογίας
1465 1141 1584 1204 νοὸς
1621 1142 1812 1202 ἀκοαῖς
1840 1138 1992 1207 ποιρά

413 1240 522 1292 τῶν
555 1239 776 1309 ἀψύχων
820 1237 1106 1306 ὑπεδέχετο
1149 1234 1361 1303 λόγους,
1405 1234 1500 1286 καὶ
1546 1232 1671 1295 τοὺς
1725 1232 1825 1299 τῆς
1859 1247 1993 1300 προ-

412 1330 562 1394 νοίας
582 1332 675 1384 καὶ
693 1330 926 1402 κρίσεως
956 1328 1014 1394 ἐξ
1024 1326 1505 1401 κάποτελέσματος,
1536 1322 1679 1378 κατά
1698 1323 1759 1375 τὸ
1784 1320 1996 1391 ἀνθρὼ-

414 1435 536 1479 ποις
554 1418 794 1486 ἐφικτὸν,
818 1417 1126 1472 ἐδιδάσκετο
1157 1416 1415 1487 τρόπους,
1465 1414 1595 1479 τῶν,
1632 1407 1713 1475 οἷς
1750 1410 1995 1482 δηλονότι

414 1511 554 1563 κατά
594 1514 760 1582 μέρος
808 1508 1148 1563 ποικίλλεται
1187 1510 1221 1579 ὴ
1262 1507 1358 1562 τοῦ
1413 1506 1615 1569 παντὸς
1664 1503 1993 1574 διεξαγωγὴ,

418 1601 521 1655 οὐκ
553 1602 772 1671 ἐφικνού
781 1617 940 1672 μενος
964 1600 1157 1670 λόγων.

418 1824 636 1893 Θεωρία
656 1824 753 1889 εὶς
789 1821 876 1890 τὸ,
917 1840 936 1874 ι
969 1823 1025 1874 '0
1046 1820 1241 1891 πατὴρ
1266 1839 1386 1891 μου
1428 1821 1529 1875 καὶ
1560 1821 1597 1889 ἡ
1627 1819 1826 1890 μήτηρ
1869 1837 1989 1890 μου

916 1911 1311 1983 ἐγκατέλιπέν
1331 1929 1429 1982 με.
1457 1931 1476 1964 ι

482 2024 640 2080 Οὕτω
692 2024 885 2079 πάλιν·
926 2025 990 2078 '0
1037 2025 1233 2093 πατήρ
1279 2042 1398 2094 μου
1436 2024 1535 2081 καὶ
1579 2024 1618 2092 ἡ
1642 2023 1840 2094 μήτηρ
1863 2040 1982 2093 μου

410 2116 810 2187 ἐγκατέλιπόν
841 2134 939 2186 με,
986 2122 1022 2171 ό
1066 2116 1134 2170 δὲ
1179 2118 1395 2185 Κύριος
1432 2117 1840 2187 προσελάϐετό
1881 2133 1980 2186 με,

412 2210 638 2276 φάσκων
675 2209 775 2278 τὴν
803 2209 895 2262 τοῦ
926 2203 1068 2262 κατά
1102 2207 1264 2277 φύσιν
1293 2208 1393 2279 τῆς
1426 2209 1629 2280 σαρκὸς
1659 2209 1789 2279 περὶ
1826 2210 1980 2277 γένε-

411 2317 498 2353 σιν
527 2300 623 2353 καὶ
667 2298 873 2370 φθοράν
905 2300 1097 2369 νόμου,
1132 2300 1252 2354 καθ’
1283 2299 1343 2355 ὃν
1383 2301 1583 2364 πάντες
1617 2300 1708 2354 διὰ
1737 2300 1837 2370 τὴν
1876 2316 1981 2353 πα-

413 2389 644 2458 ράϐασιν
679 2390 774 2443 καὶ
818 2389 1135 2461 γεννώμεθα
1183 2393 1279 2446 καὶ
1314 2391 1703 2462 συνιστάμεθα,
1747 2391 1842 2445 καὶ
1882 2393 1982 2460 τῆς

409 2479 735 2550 τιθηνούσης
766 2482 913 2551 ἡμᾶς
946 2482 1151 2553 μητρὸς
1180 2483 1338 2553 δίκην
1357 2483 1663 2552 αἰσθήσεως
1696 2481 1980 2551 ἀπόλειψιν

408 2587 469 2626 τε
511 2571 609 2624 καὶ
649 2571 936 2643 ἀποφυγὴν
974 2573 1285 2642 ἀναγκαίαν
1327 2569 1610 2637 εἶναιτοῖς
1636 2572 1743 2626 τῶν
1774 2571 1982 2643 ἀφθάρ-

408 2678 518 2715 των
563 2661 931 2732 ἐπιθυμηταῖς
990 2663 1509 2735 ἐπικεκρυμμένως,
1559 2659 1735 2734 οἶμαι,
1789 2661 1979 2733 διηγός

410 2769 570 2823 ρευε’
621 2754 687 2806 δι’
730 2748 805 2807 ὧν
837 2756 864 2809 ό
915 2754 1013 2824 μὲν
1054 2754 1328 2826 ὁρώμενος
1376 2757 1577 2825 κόσμος
1621 2755 1841 2822 ἀφίεται
1884 2753 1979 2808 κα).

409 2843 660 2913 ἀφίησιν,
692 2845 794 2898 όδέ
827 2845 1032 2916 Κύριος
1060 2846 1565 2916 προσλαμϐάνεται,
1597 2847 1691 2899 καὶ
1717 2845 1792 2916 τῷ
1823 2862 1980 2898 πνευ-

414 2936 625 3006 ματικῷ
666 2936 922 2989 υίοθετῶν
949 2937 1098 3007 νόμῳ
1128 2938 1255 3000 τοὺς
1283 2938 1490 3004 ἀξίους,
1533 2939 1625 2991 καὶ
1658 2941 1770 3002 τοῖς
1804 2938 1977 3004 ἀξίοις

411 3028 930 3099 πατροθετούμενος,
989 3029 1057 3082 δι’
1104 3030 1307 3099 ἀρετῆς
1375 3031 1470 3083 καὶ
1533 3030 1811 3098 γνώσεως,
1856 3031 1976 3085 ὅλον

409 3119 599 3172 ἐαυτὸν
616 3120 658 3151 ⁸⁷
704 3120 846 3183 ὅλοις
910 3121 1096 3182 αὐτοῖς
1141 3120 1262 3173 καθ’
1299 3121 1580 3190 ὁμοίωσιν,
1621 3121 1696 3184 ὡς
1748 3122 1971 3189 ἀγαθὸς,

2763 490 2932 546 υεὶί.
2973 513 2991 543 ι

2164 599 2254 654 Sic
2286 599 2476 664 David,
2508 608 2668 656 actate
2701 601 2813 656 illis
2848 601 3048 668 minor,
3078 604 3279 673 Spiritu
3308 621 3445 661 vero
3486 622 3672 676 aequa-

2092 687 2181 750 lis,
2216 688 2540 754 utludices,
2572 705 2887 758 quanquam
2915 694 3190 760 permulta
3213 693 3269 747 in
3291 694 3405 748 vita
3428 695 3672 749 habeant

2096 779 2356 848 mysteria
2414 780 2880 848 praetermittam,
2932 782 3167 837 audiens
3209 786 3382 839 ecclos
3441 801 3672 840 narrare

2102 868 2336 935 gloriam
2364 868 2485 931 Dei,
2539 879 2597 923 et
2636 869 2906 924 facturam
2960 876 3221 927 manuum
3253 874 3429 943 ipsius
3476 877 3675 946 praedi-

2098 970 2225 1009 care
2293 955 2700 1010 firmamentum
2745 959 3153 1027 (admirandum
3223 964 3330 1018 hoc
3376 964 3446 1018 de
3503 965 3673 1018 rebus

2097 1043 2300 1112 quibus
2335 1044 2527 1098 mundi
2555 1045 2755 1099 artifex
2790 1046 3028 1100 animam
3060 1051 3266 1105 nullam
3318 1052 3551 1122 injecit),
3588 1053 3672 1107 in-

2099 1134 2351 1188 tellectus
2372 1135 2564 1188 auditu
2587 1136 2657 1188 ab
2689 1136 3007 1192 inanimatis
3043 1140 3378 1209 theOIOgicas
3426 1142 3670 1197 rationes

2092 1225 2434 1295 percipiebat
2462 1265 2476 1290 ,
2512 1235 2675 1295 atque
2705 1216 3066 1295 providentize
3090 1240 3145 1299 et
3165 1232 3357 1300 judicii
3385 1248 3452 1286 ex
3483 1233 3669 1302 operis

2090 1317 2473 1386 perfectione,
2536 1326 2808 1387 quantum
2862 1320 3085 1388 quidem
3137 1321 3456 1377 hominibus
3489 1324 3664 1387 licet,

2091 1409 2395 1464 docebatur
2425 1411 2618 1465 modos
2644 1451 2659 1476 ,
2719 1413 2972 1480 quamvis
2999 1410 3110 1466 non
3153 1424 3442 1467 assecutus
3494 1413 3664 1466 ratio-

2092 1516 2192 1556 nes
2219 1502 2424 1571 quibus
2448 1517 2545 1570 per
2570 1503 2817 1574 singulas
2858 1505 3121 1583 videlicet
3156 1514 3346 1575 partes
3387 1505 3664 1560 universi-

2095 1592 2221 1648 tatis
2252 1592 2658 1649 administratio
2682 1595 2945 1650 variatur.

2021 1737 2093 1749 ...-

2090 1817 2477 1888 Contemplatio
2511 1820 2565 1871 in
2597 1818 2733 1872 illud
2766 1835 2784 1872 :
2822 1838 2840 1869 ι
2872 1818 3034 1872 Pater
3060 1830 3110 1872 et
3140 1828 3312 1872 mater
3340 1836 3420 1872 me
3471 1820 3662 1875 dereli—

2694 1916 2922 1979 quernnt
2948 1919 2992 1960 ι.
3028 1926 3045 1958 ι

2157 2020 2249 2075 Sic
2274 2036 2470 2076 rursus
2500 2037 2512 2073 :
2543 2020 2707 2075 Pater
2727 2030 2776 2073 et
2806 2028 2977 2073 mater
3002 2036 3081 2073 me
3115 2020 3530 2091 dereliqueruat,
3570 2022 3663 2075 sed

2083 2113 2338 2168 Dominus
2375 2130 2456 2166 me
2479 2115 2703 2183 suscepit
2726 2111 2775 2176 Ιι,
2797 2112 2991 2166 dicens
3029 2112 3168 2183 legis
3193 2129 3315 2182 qua:
3351 2113 3657 2167 secundmn

2083 2206 2267 2260 carnis
2302 2214 2558 2259 naturam
2591 2205 2660 2259 ad
2685 2206 3104 2275 generationem
3133 2216 3189 2259 et
3214 2205 3505 2260 interitum
3534 2221 3659 2275 per-

2084 2297 2246 2362 tinet,
2282 2312 2393 2366 qua
2424 2312 2524 2350 nos
2563 2312 2757 2352 omnes
2794 2307 3021 2366 propter
3066 2297 3566 2368 transgressionem
3600 2308 3659 2353 et

2081 2405 2413 2460 generamur
2441 2398 2497 2443 et
2531 2400 2877 2454 constamus,
2928 2397 2984 2443 et
3015 2406 3212 2444 sensus
3248 2390 3317 2443 ad
3344 2389 3541 2444 matris
3568 2389 3656 2443 in-

2083 2488 2196 2533 star
2224 2493 2326 2533 nos
2357 2478 2600 2533 foventis
2625 2479 3044 2534 derelictionem
3077 2490 3133 2534 et
3165 2480 3430 2552 etiugium
3462 2481 3530 2536 iis
3559 2481 3655 2551 qui

2048 2586 2269 2625 .rerum
2327 2587 2441 2625 non
2490 2572 2918 2627 interiturarum
2964 2572 3199 2627 studiosi
3242 2574 3372 2638 sint,
3411 2575 3652 2639 occulte,

2081 2668 2238 2730 puto,
2276 2659 2576 2726 indicavit;
2602 2662 2808 2731 quibus
2842 2662 3086 2717 mundus
3120 2663 3359 2718 visibilis
3397 2666 3654 2720 mittatur

2080 2767 2194 2805 non
2218 2752 2401 2805 minus
2430 2767 2593 2821 quam
2622 2753 2818 2807 missos
2855 2753 3044 2817 faciat,
3101 2754 3197 2808 sed
3228 2755 3496 2810 Dominus
3527 2772 3654 2811 sus-

2080 2841 2235 2911 cipit,
2274 2852 2331 2896 et
2361 2843 2597 2912 spiritali
2665 2845 2760 2913 qui
2812 2844 2963 2913 digni
3014 2852 3146 2898 sunt
3200 2844 3345 2900 ﬁlios
3386 2846 3505 2917 lege
3551 2847 3651 2900 ad—

2079 2944 2298 3003 optans,
2336 2944 2391 2988 et
2422 2935 2538 3004 ipse
2568 2935 2637 2989 ab
2671 2936 2739 2989 iis
2762 2936 2855 3005 qui
2893 2936 3045 3003 digni
3079 2944 3209 2991 sunt
3242 2938 3650 3009 Patcradopta-

2082 3033 2190 3090 tus,
2226 3043 2325 3097 per
2357 3028 2622 3082 virtutem
2649 3036 2707 3081 et
2740 3028 3145 3098 cognitionem,
3189 3037 3367 3083 totum
3403 3046 3523 3085 sese
3563 3032 3650 3101 ip-

2079 3135 2200 3174 sum
2232 3120 2512 3174 universis
2544 3120 2657 3174 illis
2695 3120 3006 3174 secundum
3052 3120 3500 3187 similitudinem,
3560 3133 3649 3178 ut-

408 3211 701 3264 ἐνδίδωσιν.
731 3211 801 3263 Ἥ
824 3211 965 3280 τάχα
1008 3205 1187 3284 (143
1215 3211 1267 3282 a)
1302 3213 1391 3265 διὰ
1414 3213 1507 3265 τοῦ
1534 3212 1738 3282 πατρὸς
1767 3211 1974 3283 καὶτῆς

2085 3222 2207 3284 pote
2242 3213 2444 3275 bonus,
2478 3213 2619 3267 indit
2648 3223 2814 3282 atque
2843 3213 3121 3268 concedit.
3152 3214 3261 3268 Aut
3284 3214 3517 3271 fortasse
3550 3232 3648 3285 per

410 3301 618 3372 μητρὸς
646 3301 737 3353 τὸν
770 3302 1017 3372 γραπτὸν
1051 3303 1214 3373 νόμον
1251 3303 1346 3355 καὶ
1385 3303 1481 3373 τὴν
1517 3303 1636 3356 κατ’
1669 3302 1830 3355 αὐτὸν
1867 3320 1973 3354 σω-

412 3392 647 3463 ματικὴν
679 3392 939 3464 λατρείαν
972 3393 1290 3457 αἰνίττεται,
1318 3386 1392 3446 ὧν
1421 3396 1486 3464 τῇ
1524 3395 1871 3464 ὑποχωρήσει
1914 3391 1977 3445 τὺ

407 3483 522 3552 φῶς
550 3483 642 3536 τοῦ
672 3483 1042 3554 πνευματικοῦ
1064 3485 1228 3555 νόμου
1255 3487 1375 3550 ταῖς
1401 3485 1647 3556 καρδίαις
1675 3484 1782 3537 τῶν
1811 3482 1977 3549 ἀξίων

405 3576 714 3630 ἀνατέλλειν
754 3577 985 3644 πέφυκε,
1035 3577 1131 3631 καὶ
1173 3577 1271 3646 τῆς
1307 3577 1447 3631 κατά
1507 3576 1684 3648 σάρκα
1733 3575 1976 3639 δουλείας

406 3665 717 3738 ἐλευθερίαν
739 3664 1080 3737 χαρίζεσθαι.

406 3840 622 3906 Θεωρία
650 3841 737 3906 εἰς
770 3839 884 3895 τὴν
912 3840 1215 3894 ὀπτασίαν
1254 3842 1450 3896 Ἠλίου
1480 3842 1593 3911 τὴν
1618 3842 1786 3915 erat}
1807 3856 1964 3913 σπη-

982 3933 1134 3997 λαίῳ
1164 3934 1388 3999 Χωρήϐ.

476 4039 660 4104 Οὕτως
702 4041 886 4104 Ἠλίας
921 4044 950 4096 ὁ
993 4043 1313 4114 περινὸητος
1344 4043 1483 4115 μετά
1517 4045 1579 4099 τὸ
1624 4044 1736 4117 πῦρ
1768 4046 1964 4114 ἐκεῖνο,

404 4131 541 4201 μετά
578 4132 668 4185 τὸν
721 4134 1073 4206 σρσσεισμδν,
1116 4135 1254 4205 μετά
1293 4136 1355 4190 τὸ
1400 4137 1546 4207 μέγα
1577 4136 1672 4191 καὶ
1707 4139 1968 4209 κραταιὸν

401 4222 617 4295 πνεῦμα
643 4224 704 4277 τὸ
733 4223 948 4278 διαλύον
971 4224 1094 4296 ὅρη,
1119 4225 1155 4279 ἀ
1184 4227 1248 4298 δὴ
1277 4227 1440 4297 ζῆλον
1463 4229 1556 4282 καὶ
1592 4229 1863 4300 διάκρισιν
1892 4225 1970 4284 εἷο

2073 3312 2287 3374 patrem
2326 3312 2382 3359 et
2416 3313 2647 3357 matrem
2681 3304 2940 3374 scriptam
2986 3306 3165 3376 legem
3197 3314 3255 3361 et
3299 3308 3644 3377 corporalem

2074 3411 2241 3466 quem
2279 3398 2513 3467 imperat
2542 3399 2751 3452 cultum
2782 3400 3100 3466 adumbrat,
3132 3418 3368 3472 quorum
3397 3402 3642 3458 discessu

2073 3487 2335 3556 spiritalis
2367 3489 2506 3559 legis
2534 3490 2630 3543 lux
2660 3489 2955 3559 dignorum
2994 3493 3259 3548 cordibus
3294 3494 3500 3550 exoriri
3550 3510 3645 3564 po-

2074 3585 2204 3644 test,
2234 3589 2292 3634 et
2329 3581 2574 3635 carnalis
2602 3583 2892 3639 servitutis
2916 3584 3225 3639 libertatem
3263 3585 3451 3656 largiri

2000 3782 2072 3801 ν

2103 3842 2488 3913 Contemplatio
2520 3843 2575 3897 in
2615 3845 2864 3899 visionem
2895 3845 3032 3901 Elia:
3066 3847 3119 3900 in
3147 3864 3301 3918 specu
3327 3846 3525 3904 Clioer
3555 3848 3597 3905 ι.

2138 4060 2229 4116 Sic
2255 4060 2403 4115 Elias
2452 4061 2898 4133 sapientissimus
2937 4077 3063 4138 post
3092 4071 3269 4141 ignem
3303 4074 3482 4139 illum,
3512 4088 3641 4146 post

2069 4156 2475 4215 terrmmotnm,
2541 4162 2666 4222 post
2703 4170 2960 4227 magnum
3008 4168 3064 4214 et
3109 4162 3488 4221 vehementem
3542 4170 3641 4238 qui

2068 4249 2286 4295 montes
2315 4240 2533 4312 disjecit
2566 4246 2831 4311 tlatumm,
2865 4263 2986 4317 quae
3019 4250 3242 4320 quidem
3289 4257 3534 4313 studium
3581 4270 3640 4315 et

400 4332 486 4368 ναι
517 4319 611 4368 καὶ
639 4318 736 4386 τὴν
753 4319 811 4371 ἐν
838 4317 1181 4389 πληροφορίᾳ
1205 4320 1482 4390 πρόθυμον
1513 4320 1693 4376 πίστιν
1724 4322 1971 4394 ὑπολαμ-

2089 4329 2330 4384 udicium
2364 4347 2486 4386 esse
2516 4344 2683 4403 atque
2725 4334 2889 4391 ﬁdem
2937 4317 3157 4406 plenam
3199 4353 3367 4413 atque
3398 4347 3636 4405 alacrem

400 4405 547 4459 σάνω
577 4410 629 4476 (ἡ
664 4408 763 4478 μὲν
792 4407 900 4479 γὰρ
928 4408 1222 4480 διάκρισις,
1257 4409 1443 4482 ὥσπερ
1477 4413 1699 4480 σεισμὸς
1732 4415 1799 4467 τὰ
1842 4431 1968 4466 συν-

398 4495 518 4565 εχῆ,
570 4496 668 4568 τὴν
706 4496 983 4569 μοχθηρίᾳ
1029 4500 1406 4554 πυκνωθεῖσαν
1434 4499 1549 4565 ἕξιν
1583 4501 1673 4556 διά
1713 4503 1812 4573 τῆς
1839 4505 1967 4574 ape-

396 4585 498 4655 τῆς
526 4587 842 4642 ἐπισείουσα
865 4588 963 4658 τῆς
992 4589 1189 4653 κακίας
1219 4589 1515 4661 ἐξίστησιν,
1544 4595 1572 4644 ὀ
1593 4592 1649 4645 δὲ
1672 4591 1963 4662 ζῆλοςοιτυ-

401 4677 491 4747 ρος
516 4677 672 4748 δίκην
700 4680 954 4734 ἀνάπτων
983 4680 1112 4745 τοὺς
1149 4680 1370 4752 ἔχοντας
1395 4684 1461 4753 τῇ
1496 4682 1645 4748 ζέσει
1674 4684 1770 4737 τοῦ
1801 4685 1964 4738 πνεύ-

401 4782 567 4833 ματος
602 4768 880 4821 παιδεύειν
918 4769 1092 4823 πείθει
1138 4771 1262 4835 τοὺς
1305 4772 1547 4836 ἀσεϐεῖς,
1593 4776 1627 4844 ἠ
1660 4774 1715 4828 δὲ
1758 4775 1962 4840 πίστις,

398 4856 709 4926 πνεύματος
746 4858 926 4928 βιαίου
970 4860 1190 4932 τρόπον,
1235 4860 1394 4931 δόξης
1426 4862 1611 4917 ἕνεκεν
1653 4865 1791 4918 Θεοῦ
1823 4866 1961 4936 πρὸς

397 4948 715 5020 καθαίρεσιν
763 4951 1135 5022 ὀχυρωμάτων
1180 4953 1247 5007 δι’
1296 4940 1607 5020 ἐπιδείξεως
1670 4956 1967 5029 θαυμάτων

395 5036 614 5094 ὠθοῦσα
644 5041 771 5105 τοὺς
806 5042 1041 5107 ἀπαθεῖς
1082 5042 1275 5109 ὓδατος
1318 5046 1624 5115 γνωστικοῦ
1674 5049 1768 5102 καὶ
1798 5050 1968 5120 πυρὸς

397 5127 644 5184 θεοποιοῦ
682 5132 916 5204 χορηγὸν
946 5135 1033 5187 τὸν
1077 5134 1243 5198 ὅντως
1272 5137 1459 5191 πιστὸν
1507 5137 1793 5210 ἄνθρωπον
1826 5141 1961 5197 καθ-

398 5218 599 5291 ίστησι,
645 5230 739 5276 καὶ
773 5226 848 5292 τῷ
875 5226 973 5297 μὲν
1003 5226 1094 5279 τὸν
1117 5226 1184 5280 δι’
1229 5227 1452 5296 ἀγνοίας
1491 5229 1649 5300 λιμὸν
1689 5231 1963 5302 θεραπεύ-

2063 4420 2402 4489 interpretor
2452 4426 2617 4491 (nam,
2670 4433 2929 4496 tanquam
2970 4437 3313 4490 terrmmotus
3366 4441 3635 4496 montium

2064 4511 2348 4576 continua,
2377 4512 2458 4567 sic
2478 4514 2751 4583 judicium
2786 4518 3036 4576 habitum
3071 4525 3280 4581 scelere
3312 4527 3631 4586 induratum

2065 4602 2272 4656 virtute
2306 4608 2631 4662 concutiens
2675 4608 3032 4678 improbitate
3058 4618 3241 4681 solvit,
3300 4622 3544 4678 studium
3568 4626 3635 4680 ad

2067 4691 2240 4748 instar
2267 4694 2409 4766 ignis
2447 4697 2747 4755 incendens
2778 4703 3009 4772 spiritus
3044 4708 3241 4764 ardore
3272 4710 3470 4782 impios
3511 4733 3638 4771 eru-

2065 4782 2183 4839 dire
2209 4799 2267 4839 se
2285 4788 2742 4860 prmditosjubet,
2794 4794 2929 4851 ﬁdes
2974 4797 3029 4852 in
3054 4800 3278 4856 modum
3314 4803 3476 4861 ﬂatus
3507 4811 3632 4864 szevi

2066 4885 2291 4946 propter
2325 4879 2566 4936 divinam
2604 4885 2831 4955 gloriam
2876 4889 2942 4943 ad
2979 4896 3341 4965 expugnanda
3383 4901 3635 4968 praasidia

2066 4981 2165 5034 per
2212 4969 2606 5027 miraculorum
2670 4979 3209 5036 commendationem
3258 4985 3466 5042 inertes
3505 5005 3633 5058 pro-

2065 5057 2289 5127 pulsans
2313 5059 2592 5117 hominem
2632 5081 2760 5122 vere
2792 5068 3078 5127 credulum
3107 5089 3262 5143 aqua:
3306 5057 3636 5148 cognitionis
3724 5082 3727 5085 ’

2067 5159 2125 5202 et
2175 5148 2316 5218 ignis
2364 5151 2677 5210 deiﬁcantis
2710 5158 3063 5225 praebitorem
3113 5165 3331 5231 reddit,
3378 5169 3509 5224 dum
3546 5172 3636 5228 hic

2070 5240 2271 5296 famem
2297 5245 2620 5315 ignorantite
2649 5259 2828 5318 curat,
2878 5253 2991 5310 illic
3023 5272 3123 5326 per
3167 5263 3631 5319 accommodatio-
3722 5248 3727 5252 i

474 5380 486 5422 ί
516 5379 657 5435 Psal.
682 5397 827 5446 xvnt,
856 5383 901 5435 l.
982 5382 995 5431 i
1029 5383 1168 5437 Psal.
1194 5400 1333 5449 xxvr,
1362 5384 1445 5439 10.
1522 5386 1549 5424 ¹ι
1577 5386 1710 5442 ibid.
1795 5386 1904 5444 lIll
1931 5389 2066 5463 Reg.
2095 5409 2204 5460 11x,
2358 5410 2395 5438 ιη
2419 5400 2488 5455 lll
2517 5403 2646 5473 Reg.
2671 5422 2819 5472 xvm,
2843 5408 2930 5463 38.

1675 5548 1902 5603 νΑῐιιΑε
1949 5514 2363 5615 LECTIONFS:

464 5627 509 5659 ⁸⁷
561 5629 942 5700 Apographum
981 5632 1147 5687 habet
1180 5634 1399 5688 σαυτόν.
