3984 6198
413 212 554 284 1123

1578 221 1640 282 S.
1680 221 1969 283 MAXIMI
2006 216 2515 283 CONFESSORIS

3506 211 3643 279 1124

410 354 538 395 nem
576 337 1016 395 sacriﬁcantibus
1042 340 1141 395 Dei
1179 339 1410 411 gratiam
1441 339 1722 404 conciliat,
1776 346 1832 392 et
1872 338 1977 391 im-

2079 354 2233 401 ουσα,
2273 336 2348 407 τῷ
2375 337 2432 390 δὲ
2461 336 2574 397 τοῖς
2602 332 2790 387 θύουσι
2819 330 2886 385 δι’
2914 330 3242 400 οἰκειότητος
3268 328 3360 383 τδν
3398 328 3531 383 Θεὸν
3557 330 3648 383 εῦ-

413 430 707 498 probitatis
728 431 987 486 doctores
1014 432 1466 487 ratiocinationes
1502 438 1668 500 atque
1695 430 1982 500 sapientia:

412 522 581 585 falsa,
608 536 731 591 qua:
760 521 948 575 verbis
971 521 1104 591 agit,
1146 522 1429 577 daemones
1469 522 1774 576 conﬁciens
1802 536 1832 575 a
1857 536 1983 591 pas-

413 614 629 666 sionum
656 613 927 667 servitute
962 613 1213 669 devictos
1238 613 1622 685 liberat),post
1647 614 1766 668 haec
1796 614 1981 668 omnia

411 717 547 758 voce
575 704 699 773 ejus
724 704 778 758 in
811 720 919 773 qua
952 705 1100 759 Deus
1132 706 1333 770 inerat,
1355 705 1476 758 miti
1504 719 1664 768 aura.
1696 703 1885 758 audita
1910 703 1979 757 de

412 803 556 850 statu
590 804 703 851 tam
737 797 792 850 in
817 812 1075 853 sermone
1107 797 1437 868 proferendo
1456 812 1618 866 quam
1646 796 1773 850 vitae
1799 796 1981 851 modis

411 902 477 943 ac
509 888 760 943 moribus
788 889 979 944 divino
1010 898 1067 944 et
1100 898 1295 959 pacato
1341 897 1400 943 et
1430 889 1589 957 plane
1624 886 1977 941 immateriali

412 993 476 1032 ac
512 978 763 1049 simplice
809 981 1102 1049 omnisque
1128 981 1321 1035 formae
1363 995 1428 1033 ac
1477 978 1680 1048 speciei
1725 987 1975 1048 experte,

411 1070 507 1137 qui
534 1070 643 1124 dici
665 1078 759 1123 aut
780 1070 1145 1124 demonstrari
1172 1069 1383 1138 nequit,
1402 1068 1629 1138 mystice
1654 1067 1977 1121 docebatur.

408 1161 581 1232 Cujus
632 1162 861 1232 gloriam
900 1162 1206 1216 admiratus
1251 1160 1416 1215 simul
1467 1169 1522 1213 et
1564 1160 1977 1228 pulchritudine

413 1248 697 1314 percitus,
750 1249 923 1318 magis
971 1247 1201 1317 cupiens
1247 1263 1356 1302 una
1398 1262 1521 1302 esse
1570 1263 1733 1317 quam
1776 1249 1978 1303 sectari

412 1351 554 1401 eam,
593 1337 700 1392 hoc
725 1347 811 1392 est
843 1354 968 1392 cum
993 1338 1227 1393 veritate
1253 1353 1376 1393 esse
1414 1338 1642 1392 omnino
1672 1355 1836 1407 quam
1874 1353 1977 1409 pro

412 1443 477 1482 ea
508 1444 769 1497 pugnare,
794 1430 1043 1499 nihilque
1076 1430 1269 1484 videre
1296 1439 1393 1485 aut
1414 1445 1573 1485 nosse
1593 1431 1740 1499 quod
1772 1431 1973 1496 obstet,

415 1535 482 1573 ne
512 1521 684 1574 Deum
722 1530 897 1574 totum
941 1521 998 1574 in
1042 1521 1316 1576 universis
1364 1522 1527 1590 plene
1576 1523 1748 1586 norit,
1799 1523 1975 1578 multo

414 1609 714 1675 pretiosius
763 1609 1065 1675 aestimans,
1116 1610 1173 1665 in
1216 1626 1382 1666 carne
1429 1627 1551 1666 esse
1600 1622 1971 1682 perseverat,

415 1706 706 1767 postquam
740 1699 929 1753 divino
951 1701 1222 1754 virtutum
1256 1716 1425 1756 cursu
1465 1705 1751 1757 materiam
1786 1720 1975 1759 emen-
2007 1682 2045 1739 Β

414 1804 509 1843 sus
531 1798 635 1850 est,
655 1806 778 1859 qua:
805 1799 1062 1861 tanquam
1097 1794 1585 1861 praepedimentum
1624 1806 1709 1850 est
1730 1796 1977 1865 expediti

415 1877 725 1934 intellectus
779 1880 848 1934 ad
892 1882 1260 1952 intelligibilia
1306 1885 1604 1951 transitus,
1653 1900 1719 1940 ae
1771 1887 1977 1943 nubem

412 1970 609 2024 animae
641 1971 945 2041 principale
969 1973 1038 2027 de
1079 1973 1469 2030 affectionibus
1504 1978 1621 2031 suis
1645 1977 1973 2046 obscurans,

290 2124 301 2133 η
415 2068 553 2115 utet
581 2061 697 2131 ipse
726 2078 918 2118 eorum
950 2081 1071 2133 quae
1088 2065 1498 2121 desideraverat
1527 2068 1800 2122 bonorum
1823 2085 1977 2124 sum--

412 2168 627 2207 morum
651 2170 876 2224 compos
919 2155 1097 2221 ﬁeret,
1136 2158 1193 2211 in
1241 2167 1507 2228 quantum
1546 2159 1642 2229 qui
1689 2160 1872 2216 adhuc
1915 2160 1973 2215 in

411 2258 577 2297 carne
621 2245 968 2315 corruptibili
1006 2256 1260 2301 versatur
1303 2248 1359 2302 id
1412 2250 1632 2319 assequi
1682 2259 1886 2320 potest,
1918 2258 1976 2307 et

411 2334 595 2398 nobis,
628 2335 686 2389 ni
717 2335 898 2401 fallor,
955 2353 1148 2393 eorum
1181 2354 1302 2408 quae
1334 2340 1632 2409 praedicata
1679 2351 1807 2397 sunt
1837 2342 1976 2398 ﬁdes

410 2424 888 2481 corroboraretur.
935 2425 1050 2481 Hoc
1067 2427 1215 2482 enim
1252 2428 1421 2483 etiam
1464 2429 1607 2484 Deus
1644 2429 1695 2483 ei
1727 2430 1977 2501 impertit

410 2530 510 2583 per
526 2531 691 2571 voces
714 2516 852 2572 adeo
874 2518 1104 2589 mystice
1129 2526 1186 2573 et
1209 2519 1569 2575 ineﬁ'abiliter
1592 2521 1794 2587 editas,
1822 2521 1974 2592 quod

411 2618 521 2658 una
548 2620 670 2661 esse
690 2622 815 2662 cum
840 2608 952 2663 Deo
975 2609 1029 2662 in
1053 2624 1188 2678 pace
1214 2611 1413 2680 quovis
1460 2612 1570 2667 alio
1612 2613 1758 2669 bono
1784 2613 1978 2670 utilius

409 2693 502 2746 sit.

2083 426 2401 497 μενίζςυσα.
2449 426 2543 478 καὶ
2593 424 2718 487 τοὺς
2770 426 2867 494 τῆς
2902 422 3099 483 κακίας
3129 420 3480 482 διδασκάλους
3507 420 3647 487 λογι·

2082 518 2251 587 σμούς
2279 534 2335 569 τε
2366 516 2462 570 κοιλ⁴
2490 515 2748 585 δαίμονας
2776 513 3097 581 λογοσοφίας
3129 510 3386 565 κτιννῦσα
3414 513 3513 581 τῆς
3539 511 3646 563 τῶν

2080 607 2269 660 παθῶν
2295 605 2537 667 δουλείας
2558 604 2684 667 τοὺς
2713 602 3154 672 κεκρατημένους
3187 601 3479 671 ἐλευθεροῖ)
3509 601 3647 670 μετὰ

2077 696 2249 749 ταῦτα
2278 696 2454 749 πάντα
2495 694 2677 763 φωνῆς
2703 695 2801 764 τῆς
2826 694 2883 745 ὲν
2983 694 3010 745 ὁ
3035 691 3167 755 Θεδς
3197 691 3411 761 ὑπῆρχε
3443 692 3647 761 λεπτῆς

2078 782 2251 854 αὔρας
2296 783 2616 853 αἰσθόμενος
2653 780 2751 853 τὴν
2797 781 3048 852 προφορᾷ
3094 779 3255 849 λόγου
3291 782 3389 833 καὶ
3416 781 3646 850 τρόποις

2081 873 2195 944 βίου
2213 873 2309 927 καὶ
2332 874 2487 945 ἤθεσι
2512 872 2661 926 θείαν
2693 872 2787 924 καὶ
2814 870 3086 941 ἀτάραχον
3112 856 3211 922 καῖ
3235 870 3520 941 εἰρηνικὴν
3549 871 3648 924 καὶ

2079 964 2358 1026 παντελῶς
2392 962 2552 1017 ἇῦλον
2589 962 2682 1015 καὶ
2723 960 2902 1029 ἁπλῆν
2942 960 3036 1014 καὶ
3065 960 3265 1029 παντὸς
3299 959 3472 1023 εἴδους
3502 960 3650 1014 ἑλευο

2078 1058 2240 1127 θέραν
2268 1054 2360 1107 καὶ
2394 1055 2672 1124 σχήματος
2702 1052 2886 1124 (143
2926 1052 2978 1120 b)
3009 1053 3361 1117 κατάστασιν,
3395 1051 3650 1123 λεχθῆναι

2077 1149 2110 1219 ἦ
2148 1147 2422 1219 δειχθῆναι
2491 1147 2567 1217 μὴ
2609 1147 2936 1216 δυναμένην,
2994 1144 3268 1215 μυστικῶς
3312 1144 3646 1199 ὲδιδάσκετο.

2076 1236 2184 1303 Ἧς
2217 1223 2592 1306 καταπλαγείς
2628 1254 2687 1290 τε
2719 1238 2818 1305 τὴν
2850 1236 3007 1300 δόξαν
3052 1235 3149 1289 καὶ
3174 1235 3263 1306 τῷ.
3286 1235 3649 1309 κάλλειοτρω-

2076 1330 2212 1396 θεὶς,
2240 1330 2337 1384 τοῦ
2368 1330 2614 1400 ζηλωτὴς
2649 1322 2792 1381 εῖναι
2819 1328 2878 1381 τὸ
2908 1327 3044 1396 πρὸς
3071 1327 3240 1397 αὐτὴν
3274 1323 3414 1380 εἶναι
3448 1329 3649 1398 μᾶλλον

2076 1421 2340 1491 ποθήσας,
2386 1421 2630 1474 τουτέστι
2678 1417 2771 1471 τοῦ
2804 1418 2942 1487 ὑπὲρ
2988 1416 3244 1488 ἀληθείας
3279 1417 3547 1487 μάχεσθαι
3588 1417 3651 1471 τδ

2078 1513 2215 1584 μετά
2251 1513 2351 1581 τῆς
2410 1510 2669 1582 ἀληθείας
2713 1509 2780 1562 δι’
2828 1507 2950 1562 ὅλου
3007 1508 3283 1576 γενέσθαι,
3333 1510 3428 1561 καὶ
3479 1509 3650 1579 μηδὲν

2075 1605 2451 1674 ἀντικείμενον
2494 1604 2628 1673 «squ
2672 1601 2705 1671 ἢ
2740 1599 3030 1669 γινώσκειν
3067 1598 3144 1669 τῷ
3190 1601 3347 1669 μόνον
3380 1599 3471 1652 τὸν
3514 1602 3650 1653 Θεὸν

2075 1698 2194 1749 ὅλον
2222 1696 2290 1749 δι’
2314 1695 2436 1748 ὅλου
2466 1696 2524 1747 ἐν
2551 1695 2715 1746 πᾶσιν
2737 1692 2865 1746 δντα
2896 1691 3221 1746 ἐπίστασθαι
3248 1691 3427 1762 πολλῷ
3451 1690 3650 1762 τιμιώ-

2073 1804 2230 1858 τερον
2258 1785 2471 1858 κρίνας,
2499 1785 2580 1838 ἔτι
2606 1780 2681 1837 ῶν
2718 1785 2775 1837 ὲν
2802 1784 2966 1855 σαρκὶ¹
2995 1779 3131 1850 πρὸς
3177 1781 3349 1851 αὐτὴν
3382 1784 3648 1855 ὑπάρχων

2073 1878 2421 1947 φυλάττεται,
2463 1875 2593 1947 θείῳ
2640 1871 2850 1946 ἀρετῶν
2901 1874 3110 1944 ἅρματι
3160 1874 3261 1945 τὴν
3294 1872 3428 1945 ῦλην
3460 1875 3650 1928 διαπε-

2077 1969 2263 2039 ράσας,
2294 1967 2369 2030 ὡς
2398 1964 2768 2037 προκάλυμμα
2795 1962 2898 2031 τῆς
2932 1964 3176 2033 καθαρᾶς
3221 1964 3315 2017 τοῦ
3365 1962 3457 2016 νοῦ
3504 1964 3644 2035 πρὸς

2071 2056 2140 2111 τὰ
2168 2056 2336 2126 νοητά
2365 2055 2689 2120 διαϐάσεως,
2722 2056 2818 2108 καλ⁵
2841 2055 2941 2124 τῆς
2971 2053 3252 2126 σαρκδςοτδ
3269 2054 3428 2122 νέφος
3443 2054 3504 2107 τδ
3529 2056 3649 2107 ἐπι-

2075 2145 2303 2199 σκοτοῦν
2343 2143 2422 2215 τῷ
2473 2142 2791 2215 ἡγεμονικῷ
2831 2144 2932 2213 τῆς
2968 2142 3146 2213 ψυχῆς
3197 2142 3285 2197 διὰ
3321 2143 3432 2197 τῶν
3479 2145 3649 2214 αὐτῆς

2074 2237 2436 2309 παθημάτων,
2485 2236 2575 2291 ἴνα
2634 2235 2730 2291 καὶ
2776 2234 2938 2299 αὐτὸς
2985 2228 3060 2288 ὧν
3096 2235 3361 2306 ἐπόθησεν
3392 2236 3649 2307 ἀρρήτων

2074 2327 2295 2397 ἀγαθῶν
2341 2328 2568 2399 μέτοχος
2608 2327 2860 2396 γένηται,
2906 2325 2981 2388 ὡς
3026 2324 3246 2394 ἐφικτὸν
3288 2325 3366 2396 τῷ
3397 2325 3477 2379 ἔτι
3511 2326 3648 2396 μετὰ

2078 2419 2281 2491 σαρκὸς
2322 2422 2422 2490 τῆς
2464 2418 2570 2472 ὑπὸ
2601 2417 2829 2489 φθορὰν,
2859 2417 2955 2471 καὶ
3002 2417 3132 2487 ἡμῖν
3158 2416 3298 2487 τάχα
3340 2417 3451 2470 τῶν
3478 2419 3647 2488 ἐπηγο

2074 2510 2353 2581 γελμένων
2380 2509 2572 2580 βεϐαία
2597 2509 2824 2579 γένηται
2850 2508 3134 2573 πίστωσις.
3158 2508 3328 2563 Τοῦτο
3358 2508 3469 2581 γὰρ
3500 2507 3647 2579 αὐτῷ

2074 2601 2167 2655 καὶ
2192 2603 2221 2655 ὁ
2248 2601 2382 2665 Θεὸς
2410 2600 2697 2654 ὑπετίθετο
2724 2600 2814 2654 διὰ
2841 2599 2950 2652 τῶν
2973 2599 3115 2652 οῦτω
3145 2599 3425 2670 μυστικῶς
3442 2600 3637 2672 δεδρα-

2079 2689 2547 2763 ματουργημένων
2596 2689 2883 2760 ἀλαλήτως
2927 2689 3086 2760 βοῶν,
3122 2690 3205 2743 ὅτι
3247 2690 3449 2755 παντὸς
3487 2690 3644 2744 ἄλλου

2073 2779 2285 2848 ἀγαθοῦ
2316 2781 2376 2833 τὸ
2407 2778 2547 2849 μετά
2575 2776 2713 2831 Θεοῦ
2741 2778 2904 2848 μόνου
2939 2778 3027 2832 διὰ
3080 2777 3180 2847 τῆς
3229 2778 3453 2849 εἰρήνης
3503 2772 3642 2832 εἶναι

2071 2869 2532 2942 λυσιτελέστερον.

514 3050 903 3124 Contemplatio
940 3053 996 3107 in
1028 3053 1283 3109 Elisazum
1307 3057 1419 3128 ejus
1465 3057 1778 3131 discipulum
1824 3072 1874 3117 ιι.

2085 3065 2303 3135 Θεωρία
2334 3067 2422 3131 εις
2448 3065 2555 3119 τὸν
2597 3063 2967 3131 Ἐλισσαῖον,
3003 3065 3111 3120 τόν
3136 3063 3326 3120 αὐτοῦ
3341 3067 3638 3138 μαθητήν.

481 3166 575 3223 Sic
596 3169 762 3239 hujus
799 3169 1107 3241 discipulus
1145 3180 1202 3227 et
1239 3172 1468 3243 spiritus
1510 3175 1688 3232 hazres
1719 3177 1968 3247 Elisteus,

2139 3179 2327 3245 Οὕτως
2370 3183 2400 3234 ό
2456 3179 2648 3235 τούτου
2708 3178 2956 3251 μαθητὴς
3010 3180 3106 3234 καὶ
3155 3178 3488 3253 κληρονόμος
3542 3180 3635 3237 τοῦ

408 3271 579 3312 sensu
620 3273 734 3312 non
773 3260 886 3330 jam
934 3261 1312 3318 materialibus
1349 3265 1512 3335 nugis
1550 3277 1818 3339 occupato
1857 3272 1971 3327 acri

2077 3272 2379 3344 πνεύματος
2415 3272 2713 3336 Ἐλισσαῖος
2766 3271 2962 3343 μηκέτι
3001 3273 3122 3335 ταῖς
3164 3272 3378 3337 δλικαῖς
3439 3289 3639 3343 φανταο

411 3346 697 3416 ντωᾱῑιυε,
721 3357 911 3418 utpote
938 3350 1281 3420 spiritalibus
1297 3352 1408 3423 jam
1432 3356 1621 3425 gratiis
1638 3367 1819 3414 mente
1842 3375 1972 3430 per-

2077 3361 2216 3425 σίαις
2247 3361 2513 3432 ἐχομένην
2554 3360 2694 3432 ἔχων
2730 3359 2799 3414 δι’
2822 3361 3101 3432 ἐνεργείας
3121 3361 3219 3431 τὴν
3236 3361 3513 3432 αἴσθησιν,
3545 3363 3639 3417 ἅτε

409 3436 586 3504 fusus,
617 3436 831 3493 divinas
867 3439 1028 3495 malis
1051 3440 1395 3497 adversarias
1421 3452 1721 3514 potestates
1761 3448 1971 3504 circum

2077 3442 2421 3499 διαδαθείσαν
2465 3446 2565 3518 ἤδη
2601 3449 2722 3510 ταῖς
2760 3447 2904 3500 κατὰ
2937 3445 3060 3501 νοῦν
3088 3448 3181 3501 τοῦ
3215 3447 3524 3519 πνεύματος
3552 3448 3643 3521 χάο

409 3544 470 3584 se
491 3544 592 3599 per
617 3529 780 3584 aliam
805 3532 1091 3586 oculorum
1109 3532 1287 3587 aciem
1313 3541 1421 3588 tam
1452 3535 1569 3605 ipse
1587 3537 1786 3593 videns
1808 3554 1972 3609 quam

2078 3554 2210 3607 ρισι,
2245 3540 2344 3600 τὰς
2372 3540 2492 3600 ταῖς
2520 3540 2786 3609 πονηραῖς
2826 3537 3137 3602 ἀντιθέτους
3186 3539 3335 3604 θείας
3379 3538 3637 3612 δυνάμεις

411 3636 584 3690 puero
610 3621 800 3676 videre
828 3622 1070 3693 largiens
1114 3624 1439 3679 validiorem
1478 3625 1801 3683 inﬁrmitate
1837 3629 1972 3694 vim,

2077 3624 2202 3693 περὶ
2232 3623 2395 3678 αὐτὸν
2414 3622 2580 3688 οὔσας
2600 3624 2668 3678 δι’
2694 3624 2860 3696 ἄλλης
2886 3625 3153 3696 ὀμμάτων
3173 3627 3456 3698 ἐνεργείας
3478 3631 3638 3694 αὑτός

409 3728 595 3780 carne,
620 3713 867 3782 inquam,
902 3713 1052 3769 circa
1074 3730 1238 3784 quam
1273 3716 1496 3772 malitiae
1528 3718 1757 3787 spiritus
1789 3734 1975 3775 acrem

2077 3728 2132 3763 τε
2160 3711 2302 3782 ὁρῶν
2341 3714 2437 3765 καὶ
2468 3713 2545 3783 τῷ
2591 3718 2820 3785 φοιτητῇ
2851 3715 2910 3768 τὸ
2938 3717 3082 3786 όρᾷν
3112 3718 3467 3789 χαριζόμενος
3498 3723 3643 3792 laxu-

411 3803 751 3859 intellectum
780 3804 836 3859 in
865 3804 1084 3861 insidiis
1106 3807 1404 3873 collocant,
1448 3817 1505 3863 et
1544 3808 1817 3879 potiorem
1856 3811 1976 3865 ani-

2079 3802 2302 3873 ροτέραν
2335 3802 2435 3871 τῆς
2482 3804 2767 3868 ἀσθενείας
2826 3805 2924 3877 τὴν
2966 3806 3218 3878 δύναμιν,
3256 3809 3401 3880 λέγω
3447 3811 3510 3883 δὴ
3550 3815 3644 3882 τῆς

411 3910 553 3950 mam
582 3911 724 3963 esse,
757 3896 906 3952 circa
934 3914 1098 3967 quam
1120 3899 1437 3969 angelorum
1462 3900 1766 3972 phalanges
1791 3912 1973 3958 castra

2077 3894 2261 3967 (1M
2289 3896 2345 3967 α)
2376 3897 2596 3970 σαρκὸς,
2647 3900 2773 3970 περὶ
2823 3900 2891 3971 ἢν
2940 3901 3038 3971 τῆς
3089 3903 3354 3972 πονηρίας
3393 3905 3463 3957 τά
3494 3905 3646 3958 πνεύ-

410 3987 695 4055 tnuniunt,
719 3985 871 4043 velut
903 3990 1108 4059 regiam
1137 3989 1432 4062 imaginem
1470 3991 1970 4061 circumsistentes,

2078 4005 2222 4058 ματα
2248 3988 2341 4041 τὸν
2374 3989 2678 4059 διορατικδν
2706 3990 2831 4043 νοῦν
2881 3991 3240 4064 ἐνεδρεύουσι,
3293 3996 3456 4051 πλέον
3502 3998 3644 4069 ἔχειν

405 4087 464 4133 et
486 4079 685 4135 doctus
709 4089 795 4135 est
822 4087 879 4134 et
903 4079 1113 4136 docuit.

2078 4078 2179 4148 τὴν
2205 4078 2403 4148 ψυχὴν,
2440 4082 2568 4150 περὶ
2594 4081 2660 4150 ἢν
2688 4080 2796 4135 τῶν
2820 4083 3069 4150 ἀγγέλων
3104 4085 3159 4138 αἱ
3197 4085 3473 4156 φάλαγγες
3501 4071 3643 4157 παρ-

2075 4168 2460 4236 εμδάλλουσιν,
2515 4164 2624 4222 οἷον
2659 4169 2945 4244 βασιλικὴν
2982 4175 3167 4229 εἰκόνα
3214 4180 3641 4250 περιϊστάμενοι,

2072 4261 2162 4313 καὶ
2188 4259 2495 4314 ἑδιδάσκετο
2520 4259 2616 4312 καὶ
2641 4259 2937 4314 ἐδίδασκεν.

606 4461 991 4534 Contemplatio
1030 4465 1085 4519 in
1111 4465 1326 4521 Annam
1349 4473 1399 4520 et
1431 4463 1731 4521 Samuelem
1749 4476 1790 4520 ⁸.

2178 4533 2190 4544 ἢ
2214 4470 2434 4538 Θεωρία
2456 4469 2544 4533 εις
2567 4466 2680 4534 τὴν
2713 4467 2930 4520 ’Ἅνναν
2951 4466 3046 4520 καὶ
3071 4468 3178 4521 τόν
3201 4467 3502 4539 Σαμουὴλ.

477 4572 571 4630 Sic
601 4575 768 4628 etiam
815 4574 977 4629 beata
1020 4574 1176 4630 Anna
1227 4575 1411 4646 magni
1453 4574 1726 4631 Samuelis
1760 4584 1969 4643 mater,

408 4665 618 4719 sterilis
659 4664 966 4736 liberisque
995 4680 1188 4721 carens
1238 4681 1365 4721 cum
1417 4667 1637 4721 ventris
1672 4666 1911 4722 fructum
1942 4683 1974 4722 a

407 4754 519 4809 Deo
557 4755 843 4825 postulans
894 4755 1236 4812 reddituram
1274 4772 1333 4812 se
1368 4766 1425 4811 et
1456 4772 1654 4812 rursus
1692 4758 1969 4828 gratiﬁca-

406 4853 586 4899 turam
611 4845 756 4914 quod
773 4839 1023 4901 dedisset
1044 4846 1220 4903 datori
1247 4863 1345 4918 per
1370 4849 1645 4904 assiduam
1676 4849 1732 4903 in
1770 4850 1974 4919 templo

405 4937 779 5007 precationem
810 4955 936 4994 cum
970 4938 1187 4996 fervore
1216 4941 1589 5011 polliceretur,
1618 4941 1848 5013 mystice
1879 4942 1973 4996 do-

404 5031 516 5084 cuit
531 5045 749 5085 omnem
765 5033 1004 5087 animam
1024 5033 1367 5104 voluptatum
1387 5033 1687 5088 carnalium
1703 5033 1968 5098 sterilem,

401 5130 629 5191 propter
657 5120 925 5191 divinam,
962 5124 1233 5180 virtutum
1258 5125 1562 5180 seminibus
1596 5125 1868 5197 indigere,
1909 5134 1971 5180 ut

402 5212 671 5265 rationem
703 5212 816 5269 Deo
845 5213 1195 5270 obedientem
1222 5254 1237 5280 ,
1280 5229 1513 5285 quaeque
1556 5230 1621 5270 ea
1675 5232 1799 5287 quae
1830 5223 1968 5273 .ante

397 5302 854 5371 suntprudenter
897 5321 1125 5361 cernere
1162 5307 1379 5373 calleat,
1421 5315 1605 5363 mente
1644 5316 1966 5377 conceptam

398 5404 560 5461 partu
599 5410 893 5462 procreare
928 5399 1138 5466 possit,
1189 5414 1290 5469 per
1346 5397 1624 5455 assiduam
1666 5414 1790 5453 cum
1833 5412 1966 5452 con-

465 5545 580 5597 μιν
609 5550 740 5619 Reg.
766 5565 820 5613 tt,
849 5551 895 5605 ἱ.
979 5553 1046 5606 υιι
1074 5552 1205 5622 Rr‘g.
1231 5569 1269 5615 t,
1292 5553 1380 5607 20.

2142 4581 2298 4635 Οῦτω
2332 4582 2427 4634 καὶ
2458 4581 2491 4650 ἡ
2529 4578 2780 4649 μακαρία
2808 4579 3034 4648 Ἀνναή
3068 4578 3163 4632 τοῦ
3192 4580 3430 4649 μεγάλου
3457 4581 3644 4652 μήτηρ

2071 4672 2343 4746 Σαμουὴλ,
2385 4674 2570 4743 στεῖρα
2591 4667 2727 4724 οὖσα
2764 4672 2856 4725 καὶ
2893 4670 3138 4735 ἄτεκνος,
3185 4672 3337 4741 παρὰ
3367 4673 3460 4726 τοῦ
3504 4672 3642 4726 Θεοῦ

2071 4765 2282 4838 καρπὸν
2331 4763 2672 4835 αἰτησαμένη
2704 4761 2933 4826 κοιλίας,
2963 4764 3057 4816 καὶ
3088 4762 3406 4817 ἀντιδώσειν
3430 4765 3521 4818 καὶ
3547 4764 3647 4818 άν-

2070 4853 2446 4925 τιχαρίζεσθαι
2474 4855 2533 4906 τὸ
2570 4852 2929 4923 δοθησόμενον
2958 4852 3037 4923 τῷ
3060 4852 3258 4905 διδόντι
3286 4854 3380 4905 καὶ
3421 4855 3647 4925 χαριζο-

2081 4946 2226 5016 μένῳ
2269 4944 2386 5014 Θεῷ
2423 4943 2509 4997 διὰ
2541 4944 2638 5014 τῆς
2679 4944 2738 4995 ἐν
2782 4942 2860 5013 τῷ
2891 4941 3001 5011 ναῷ
3043 4943 3398 5014 προσεδρείας
3427 4943 3651 5015 θερμῶς

2079 5032 2454 5103 ὑποσχομένη,
2490 5031 2738 5084 ἐδίδασκε
2777 5029 3055 5100 μυστικῶς
3092 5030 3154 5082 τὸ
3185 5030 3295 5083 δεῖν
3333 5033 3515 5085 πᾶσαν
3549 5031 3651 5100 ψυ-

2076 5125 2176 5195 χὴν
2222 5123 2425 5195 ἡδονῶν
2482 5123 2761 5194 σαρκικῶν
2807 5121 3217 5193 στειρεύουσαν,
3270 5122 3359 5176 διὰ
3404 5123 3502 5193 τῆς
3549 5123 3653 5177 τοῦ

2076 5215 2234 5281 Θεοῦ,
2266 5215 2372 5268 τῶν
2402 5213 2613 5287 ἀρετῶν
2638 5214 2705 5267 τὰ
2737 5214 3049 5284 σπέρματα,
3083 5213 3171 5265 ἵνα
3212 5213 3274 5265 τὸ
3330 5212 3550 5283 βλέπειν
3577 5216 3655 5269 τὰ

2073 5306 2382 5377 ἔμπροσθεν
2415 5304 2733 5373 γνωστικῶς
2763 5304 3064 5374 δυνάμενον
3092 5304 3233 5359 κατά
3258 5304 3497 5358 διάνοιαν
3522 5305 3654 5360 συλ-

2071 5396 2310 5451 λαϐοῦσα
2339 5396 2579 5467 ὑπήκοον
2610 5394 2703 5448 τοῦ
2734 5393 2869 5448 Θεοῦ
2898 5394 3057 5463 λόγον
3089 5393 3184 5448 καὶ
3216 5395 3448 5448 τεκοῦσα
3472 5411 3655 5466 προσ-
