3984 6198
317 293 454 358 1125
1534 277 2048 342 AMBIGUORUM
2092 276 2343 336 LIBER.
3420 271 3559 336 119.6

312 408 534 476 ενέγκαι
579 398 807 471 δυνηθῇ,
846 397 936 450 διά
979 396 1075 466 τῆς
1132 391 1273 448 κατά
1328 389 1426 461 τὴν
1469 390 1704 460 θεωρίαν
1741 389 1885 442 εὐσε-

1999 387 2355 456 templatione
2381 385 2757 456 precationem
2788 398 2887 454 pro
2913 397 3108 453 magno
3129 392 3294 452 atque
3326 384 3571 452 pretioso

314 471 441 558 ϐοῦς
472 486 850 563 προσεδρείαί
879 481 954 548 ὡς
985 482 1129 554 μέγα
1154 477 1315 551 χρέος
1361 477 1452 531 καὶ
1489 478 1693 547 τίμιον,
1723 476 1887 547 μηδὲν

1996 477 2085 530 illo
2113 477 2327 542 debito,
2356 491 2466 530 non
2497 477 2782 545 proprium
2819 474 3027 528 habere
3057 488 3315 536 censeas,
3342 471 3481 525 adeo
3511 481 3569 528 ut

313 586 447 639 ἴδιον
500 580 646 652 ἔχειν
689 575 974 646 κρίνουσα,
1009 570 1149 623 ὥστε
1195 569 1367 646 δεῖξαι
1408 567 1500 621 τὸν
1545 567 1678 619 Θεὸν
1728 566 1886 636 μόνον

1995 585 2160 622 unum
2189 569 2360 623 Deum
2393 577 2448 623 et
2481 569 2729 622 datorem
2765 575 2820 622 ct
2867 574 3214 635 acceptorem
3256 564 3568 634 signiﬁcet:

314 676 531 730 διδόντα
559 689 617 725 τε
644 668 742 722 καὶ
783 665 1072 735 δεχόμενον
1090 679 1103 693 ·
1137 659 1280 714 καθά
1307 657 1410 711 πού
1453 674 1619 730 φησιν
1645 659 1674 711 6
1703 658 1887 725 νόμος,

2000 659 2454 729 quemadmodum
2493 658 2698 712 alicubi
2730 659 2817 711 lex
2847 657 2982 710 dicit
3016 674 3027 709 :
3067 656 3220 708 Dona
3268 671 3406 720 mea,
3455 672 3573 709 mu-

321 766 399 821 Τὰ
421 761 581 832 δῶρά
607 777 748 831 μου,
778 752 1005 826 δόματά
1034 769 1176 823 μου,
1204 749 1567 819 καρπώματά
1595 765 1736 817 μου,
1760 747 1888 801 δια-

1998 769 2120 806 nera
2157 769 2294 818 mea,
2319 751 2583 819 sacriﬁcia
2624 769 2740 805 mea
2779 752 2907 805 mihi
2951 753 3135 822 oﬂ’erre
3190 751 3457 803 observate
3495 759 3522 799 ι’
3553 766 3571 815 ;

314 856 612 925 τηρήσετε
627 852 672 884 ⁸⁸
703 845 1067 920 προσφέρειν
1082 861 1208 914 μοι,
1238 841 1312 905 ὡς
1341 840 1400 908 ἐξ
1421 837 1588 895 αὑτοῦ
1617 857 1674 892 τε
1697 841 1786 894 καί
1812 841 1887 904 είς

1999 857 2118 896 cum
2161 842 2418 897 videlicet
2449 857 2613 896 omne
2646 842 2854 897 bonum
2899 859 2966 896 ex
3013 858 3079 896 eo
3115 850 3377 896 nascatur
3412 848 3468 895 et
3514 841 3572 894 in

278 948 480 1009 ,αὑτὸν
511 943 714 1006 παντὸς
762 937 971 1008 ἀγαθοῦ
1002 938 1097 990 καὶ
1135 934 1440 1006 ἀρχομένου
1480 933 1576 987 καὶ
1615 933 1851 1003 λήγοντος

2002 949 2118 988 eum
2147 933 2385 987 desinat.
2443 933 2646 988 Idonea
2680 934 2828 987 enim
2876 941 2963 987 est
3012 933 3107 987 Dei
3155 934 3297 987 ratio
3346 933 3575 1002 quibus-

318 1041 539 1108 Ιιέφυκε
567 1035 678 1106 γάρ
709 1035 737 1086 6
761 1031 857 1085 τοῦ
892 1027 1029 1084 Θεοῦ
1077 1027 1234 1096 λόγος
1266 1019 1348 1089 οἷς
1383 1025 1449 1078 ἂν
1479 1024 1768 1094 ἐγγένηται
1794 1024 1891 1094 τῆς

2001 1040 2218 1094 cunque
2271 1025 2460 1078 innata
2512 1032 2598 1078 est
2646 1024 2713 1076 ad
2747 1023 2932 1078 carnis
2967 1032 3151 1077 motus
3192 1023 3574 1094 reprimendos

315 1148 378 1184 τε
414 1127 619 1200 σαρκὸς
651 1124 862 1179 ἀθετεῖν
905 1119 973 1173 τὰ
1014 1119 1292 1188 κινήματα
1332 1116 1552 1186 καὶτῆς
1589 1115 1724 1186 πρὸς
1753 1115 1888 1168 αὑτά

1999 1129 2108 1168 non
2142 1114 2322 1168 minus
2361 1131 2524 1184 quam
2557 1113 2624 1167 ad
2653 1114 2914 1177 animam,
2955 1130 3024 1167 ne
3047 1114 3116 1167 ad
3145 1114 3268 1169 illos
3311 1116 3572 1180 declinet,

317 1223 418 1293 τὴν
450 1219 631 1291 ψυχὴν
677 1213 1022 1270 ἀναστέλλειν
1053 1210 1246 1281 ῥοπῆς,
1301 1207 1397 1262 καὶ
1441 1208 1620 1276 πάσης
1651 1203 1890 1278 πληροῦν

2004 1205 2389 1272 cohibendam,
2416 1215 2474 1260 et
2519 1205 2712 1275 quavis
2744 1219 2873 1260 vera
2921 1205 3239 1275 cognitione
3291 1208 3577 1277 complen-

319 1313 553 1384 ἀληθοῦς
585 1308 953 1379 διαγνώσεως.
2000 1296 2146 1350 dam.

324 1493 547 1564 Θεωρία
595 1492 682 1557 εις
725 1489 832 1543 τὸν
869 1484 1231 1556 ἀφορίζοντα
1278 1482 1392 1552 τὴν
1434 1482 1777 1551 ἀκάθαρτον
1813 1484 1895 1534 οι-

2011 1479 2391 1551 Contemplatio
2425 1481 2479 1533 in
2522 1495 2640 1533 eum
2677 1481 2767 1550 qui
2810 1480 3023 1533 domum
3063 1480 3332 1550 impuram
3381 1494 3584 1534 excom-

1027 1579 1188 1631 κίειν.

2600 1570 2833 1622 municat
2859 1579 2905 1622 (ι.

396 1697 507 1753 Καὶ
560 1695 672 1766 γὰρ
720 1693 813 1747 τὸν
846 1691 999 1762 ἱερέα
1036 1688 1180 1744 κατὰ
1217 1687 1319 1759 τὴν
1360 1685 1590 1756 νομικὴν
1633 1684 1898 1754 διαταγὴν

2071 1683 2207 1738 Nam
2236 1683 2585 1739 sacerdotem
2611 1699 2833 1752 quoque
2858 1683 3161 1738 secundum
3188 1685 3324 1755 legis
3359 1686 3585 1742 manda-

325 1791 565 1846 εἰσιόντα
615 1787 694 1850 εἰς
734 1785 834 1857 τὴν
870 1780 1151 1854 (1441))
1204 1779 1328 1833 καθ’
1389 1777 1668 1832 ὁντιναοῦν
1702 1776 1898 1848 τρόπον

2012 1783 2126 1828 tum
2167 1775 2224 1829 in
2249 1774 2474 1829 domum
2537 1775 3000 1844 qualiter-cunque
3039 1776 3306 1844 pollutam
3348 1777 3585 1847 ingredi,

325 1881 638 1951 ἀκάθαρτον
683 1876 886 1938 οἰκίαν,
924 1874 1020 1927 καὶ
1071 1869 1408 1942 ἀφορίζοντα
1440 1867 1633 1936 αὐτὴν,
1688 1865 1782 1919 καὶ
1832 1863 1898 1917 τά

2011 1882 2234 1935 eamque
2264 1866 2772 1928 excommunicare,
2804 1874 2858 1918 et
2893 1880 3014 1933 qum
3071 1865 3140 1919 ad
3191 1866 3584 1922 lustrationem

328 1974 466 2044 πρὸς
549 1969 821 2039 κάθαρσιν
887 1963 1269 2020 διαστέλλοντα
1348 1963 1463 2024 τοῖς
1539 1958 1901 2030 κεκτημένοις

2012 1959 2317 2015 necessaria
2384 1958 2496 2014 sint
2551 1956 2973 2028 possidentibus
3046 1956 3278 2012 deﬁnire
3339 1959 3585 2014 audienti

329 2045 542 2118 ἀκούων
574 2061 666 2113 τὸν
693 2056 961 2129 ἀρχιερέᾶ
982 2054 1141 2123 λόγον
1171 2054 1237 2107 δι’
1261 2052 1428 2107 αὑτοῦ
1463 2049 1902 2123 παραδηλοῦσθαι

2014 2067 2280 2106 summum
2320 2067 2421 2121 per
2468 2052 2521 2105 id
2563 2050 2908 2106 sacerdotem
2966 2050 3236 2105 rationem
3288 2050 3587 2121 signiﬁcari

329 2154 456 2216 νοῶ,
483 2151 659 2221 φωτὸς
684 2150 840 2219 δίκην
876 2145 1268 2218 καθαρωτάτου
1304 2143 1542 2196 εἰσιόντα
1571 2145 1648 2205 εἰς
1677 2142 1777 2212 τὴν
1803 2139 1902 2209 ψυ-

2014 2154 2162 2214 puto,
2191 2143 2258 2197 ad
2294 2143 2468 2197 instar
2491 2143 2802 2212 purissima:
2834 2142 2976 2196 lucis
3001 2143 3240 2196 animam
3269 2142 3587 2212 ingredien-

330 2248 453 2318 χὴν,
483 2245 577 2298 καὶ
603 2243 670 2296 τά
696 2242 866 2311 έναγῆ
902 2238 1248 2310 βουλεύματα
1271 2238 1368 2292 καὶ
1387 2237 1728 2306 διανοήματα
1761 2234 1901 2304 μετὰ

2015 2244 2138 2298 tem,
2169 2243 2226 2289 et
2273 2235 2593 2304 inquinatas
2630 2235 2941 2288 voluntates
2974 2241 3029 2286 et
3071 2233 3436 2303 cogitationes
3462 2249 3588 2288 cum

329 2340 439 2391 τῶν
471 2334 736 2390 ὑπαιτίων
761 2331 1017 2403 πράξεων
1065 2330 1501 2393 ὲκκαλὺπτοντα,
1534 2329 1627 2381 καὶ
1655 2329 1781 2389 τοὺς
1805 2330 1902 2397 τῆς

2019 2328 2265 2399 sontibus
2305 2327 2468 2382 factis
2496 2327 2858 2390 revelantem,
2887 2334 3051 2394 atque
3098 2326 3592 2383 animadversionis

329 2430 672 2501 ἐπιστροφῆς
703 2426 799 2480 καὶ
832 2424 1158 2494 καθάρσεως
1209 2421 1448 2492 τρόπους
1491 2419 1671 2488 σοφῶς
1717 2419 1902 2472 ὑποτι-

2015 2426 2064 2473 et
2106 2419 2438 2487 expiationis
2481 2419 2675 2472 modos
2710 2418 2989 2486 sapienter
3019 2417 3363 2473 suadentem.
3411 2417 3588 2485 Quod,

333 2521 583 2588 θέμενον.
619 2517 820 2585 Ὅπερ.
855 2510 1031 2584 οἶμαι,
1072 2514 1410 2583 σαφέστερον
1442 2511 1487 2542 ⁶⁹
1529 2513 1562 2581 ή
1591 2509 1682 2562 τὸν
1730 2510 1905 2578 μέγαν

2018 2518 2165 2577 puto,
2207 2509 2450 2577 apertius
2496 2509 2586 2562 illa
2635 2508 2973 2579 signiﬁcans,
3021 2525 3142 2578 qua:
3171 2525 3426 2580 magnum
3460 2526 3591 2579 pro-

333 2609 624 2677 προφήτην
672 2603 854 2658 Ἠλίαν
884 2599 1256 2670 ὑποδεξαμένη
1287 2598 1670 2669 παραδηλοῦσα
1699 2597 1904 2665 ἔλεγεν,

2015 2601 2228 2669 phetam
2270 2601 2446 2654 Eliam
2480 2601 2722 2671 hospitio
2747 2599 2964 2670 excepit
2994 2616 3006 2653 :
3038 2600 3204 2654 Homo
3244 2599 3359 2665 Dei,
3390 2602 3588 2671 inquit,

339 2703 646 2766 ’Ἄνθρωπε
674 2695 781 2750 τοῦ
808 2693 976 2755 Θεοῦ,
1010 2689 1294 2760 εἰσῆλθες
1320 2691 1470 2758 πρὸς
1496 2689 1601 2759 ἐμὲ
1634 2689 1738 2744 τοῦ
1759 2690 1904 2743 ἀνα-

2019 2700 2272 2769 ingressus
2305 2716 2358 2752 es
2394 2699 2462 2753 ad
2498 2715 2581 2753 me
2622 2707 2680 2752 ut
2723 2697 3037 2752 delictorum
3067 2714 3305 2753 meorum
3340 2713 3422 2751 me
3449 2713 3592 2751 com-

335 2790 566 2860 μνῆσαι
581 2805 659 2859 με
687 2787 795 2854 τὰς
830 2785 1069 2850 ἀδικίας
1095 2801 1236 2854 μου.
2012 2792 2368 2862 ῃιοηείαεενοε
2397 2800 2444 2844 τ,

343 2965 562 3034 Θεωρία
595 2963 682 3028 εις
711 2959 814 3014 τὸν
863 2957 1034 3028 ἅγιον
1069 2954 1291 3017 Ἠλίαν,
1328 2955 1425 3008 καὶ
1458 2957 1546 3021 εὶς
1589 2955 1701 3023 τὴν
1727 2959 1914 3026 Σαρα.

2092 2962 2477 3036 Contemplatio
2508 2965 2565 3018 in
2593 2971 2838 3017 sanctum
2879 2963 3060 3018 Eliam
3080 3003 3095 3030 ,
3130 2973 3180 3016 et
3227 2964 3283 3017 in
3315 2963 3526 3017 viduam

900 3049 1085 3119 φθίαν
1138 3046 1351 3115 χήραν.
1941 3081 1986 3139 c

1941 3081 1986 3139 ρ
2586 3054 2957 3125 Sareptensem
2991 3065 3034 3108 ι.

413 3166 570 3220 Πᾶσα
609 3163 720 3235 γὰρ
751 3163 900 3234 ψυχὴ
938 3159 1248 3233 χηρεύουσά
1269 3176 1328 3212 τε
1359 3157 1542 3213 καλῶν
1588 3160 1684 3214 καὶ
1712 3161 1915 3231 ἀρέτῆς

2082 3163 2274 3220 Omnis
2320 3166 2468 3220 enim
2512 3166 2697 3220 anima
2745 3165 2907 3220 bonis
2949 3163 3172 3219 viduata
3205 3172 3262 3220 et
3309 3164 3515 3220 virtute
3545 3174 3600 3221 et

343 3259 549 3330 ἕρημος
595 3256 689 3310 καὶ
737 3253 994 3323 γνώσεως
1047 3249 1180 3304 Θεοῦ
1237 3249 1458 3304 ὲπειδάν
1512 3249 1607 3303 τὸν
1651 3250 1796 3304 θεῖον
1823 3252 1916 3304 καὶ

2030 3256 2326 3325 :ognitione
2371 3257 2469 3312 Dei
2511 3257 2748 3322 deserta,
2786 3265 3076 3328 postquam
3108 3257 3351 3313 divinam
3397 3267 3454 3313 et
3487 3258 3603 3313 dia-

295 3365 308 3380 ι
343 3343 734 3415 διαγνωστικὸν
773 3340 1099 3411 ὑποδέξηται
1145 3338 1324 3406 λόγον,
1349 3339 1432 3401 είς
1480 3339 1704 3409 μνήμην
1757 3341 1868 3410 ἐρχι

2027 3347 2320 3416 gnosticam
2368 3349 2585 3417 excepit
2636 3348 2940 3416 tationem,
2990 3348 3320 3417 delictorum
3373 3363 3600 3404 suorum

351 3434 487 3505 μένη
522 3432 632 3485 τῶν
659 3431 829 3500 αὐτῆς
849 3427 1266 3501 ἁμαρτημάτων
1300 3425 1619 3481 διδάσκεταί
1644 3445 1760 3491 πως
1793 3432 1920 3499 ἀρε-

2028 3437 2303 3492 recordata
2362 3438 2660 3494 instruitur
2709 3441 2979 3494 virtutum
3032 3441 3267 3510 panibus
3331 3441 3601 3496 rationem

348 3525 458 3580 τῶν
489 3524 675 3595 ἄρτοις
711 3523 803 3576 τὸν
835 3521 1196 3592 διατρέφοντα
1225 3521 1448 3590 τρέφειν
1480 3519 1658 3588 λόγον,
1691 3521 1784 3572 καὶ⁴
1816 3537 1919 3572 πο-

2029 3528 2216 3583 almam
2249 3528 2416 3592 alere,
2443 3537 2499 3583 et
2528 3531 2779 3584 veritatis
2802 3530 3023 3600 placitis
3067 3530 3192 3585 vita:
3223 3530 3363 3585 fonti
3412 3539 3602 3600 potum

349 3616 517 3682 τίζειν
547 3614 804 3684 ἀληθείας
847 3613 1083 3683 δόγμασι
1112 3612 1210 3682 τὴν
1250 3611 1436 3682 πηγὴν
1478 3611 1579 3679 τῆς
1614 3602 1781 3682 ζωῆς,
1825 3612 1921 3665 καὶ

2028 3620 2353 3686 ministrare,
2384 3620 2599 3689 ipsique
2626 3629 2836 3674 natura:
2866 3622 3078 3675 cultum
3114 3621 3288 3690 ipsius
3319 3621 3601 3690 pracferre,

351 3708 521 3777 αὐτῆς
567 3707 667 3774 τῆς
697 3704 916 3774 φύσεως
954 3705 1052 3774 τὴν
1087 3705 1166 3766 εἰς
1201 3703 1368 3772 αὐτὴν
1405 3703 1726 3774 προκρίνειν
1755 3705 1922 3774 θερα-

2031 3728 2120 3780 per
2144 3726 2308 3781 quem
2336 3726 2462 3765 caro
2497 3727 2635 3766 urna
2664 3713 3050 3782 compendium
3085 3712 3385 3766 virtutibus
3413 3712 3604 3768 eﬁicax

352 3799 533 3864 πείαν,
561 3797 627 3849 δι’
650 3792 718 3870 ἧς
752 3796 787 3866 ἦ
820 3812 879 3848 τε
917 3795 1076 3866 ὑδρία
1105 3793 1242 3866 σάρξ
1288 3795 1390 3864 τὴν
1428 3796 1520 3848 ἐπὶ
1548 3798 1668 3858 ταῖς
1699 3797 1924 3865 ἀρεταῖς

2034 3803 2323 3870 przestabit,
2359 3810 2414 3856 et
2447 3802 2617 3856 cadus
2659 3818 2813 3857 mens
2845 3803 3369 3872 contemplationem
3415 3804 3607 3873 cogni-

353 3887 666 3960 πρακτικὴν
708 3885 999 3957 συντομίαν
1048 3887 1371 3956 χορηγήσει,
1408 3887 1502 3939 καὶ
1534 3887 1562 3939 6
1624 3885 1926 3956 καμψάκης

2034 3895 2211 3959 tionis,
2240 3890 2702 3958 conservatricem
2739 3894 2902 3959 lucis,
2955 3895 3208 3966 perpetui
3238 3896 3405 3950 fontis
3433 3897 3607 3950 instar

355 3979 478 4042 νοῦς
500 3977 599 4050 τήν
634 3978 698 4032 τὸ
732 3977 848 4047 φῶς
883 3975 1258 4046 συντηροῦσαν
1287 3977 1386 4047 τῆς
1413 3976 1668 4044 γνώσεως
1693 3976 1927 4047 θεωρίαν

2033 3987 2154 4051 alet,
2186 3995 2242 4040 et
2285 3987 2543 4057 cogitatio
2587 3987 2795 4051 innata,
2825 3997 2886 4041 ut
2914 3987 3028 4043 illic
3058 3987 3237 4042 vidua:
3281 3987 3448 4052 ﬁlius,
3479 4002 3606 4057 pas-

354 4068 624 4139 διηνεκῶς
649 4066 942 4137 πηγάσεις,
972 4067 1064 4120 καὶ
1088 4068 1116 4120 6
1149 4065 1390 4137 ἔμφυτος
1433 4065 1712 4136 λογισμὸς,
1740 4066 1927 4134 ὥσπερ

2038 4075 2142 4130 siva
2167 4076 2396 4146 pristina
2421 4078 2530 4131 vita
2556 4076 2802 4146 deposita
2833 4077 2959 4132 vitae
2986 4077 3186 4132 divinae
3211 4087 3267 4131 et
3291 4092 3437 4131 vera:
3469 4091 3496 4130 a
3523 4091 3611 4130 ra-

346 4161 476 4211 ’ὲκεῖ
505 4158 602 4228 τῆς
637 4158 812 4229 χήρας
855 4159 882 4210 6
927 4157 1066 4220 υἱὸς,
1094 4155 1192 4227 τὴν
1229 4155 1452 4226 ἐμπαθῆ
1486 4157 1758 4227 προτέραν
1791 4157 1919 4208 ἀπο-

2031 4166 2180 4222 tione
2215 4167 2354 4222 datze
2379 4183 2501 4237 qua:
2534 4168 2811 4238 particeps
2848 4167 2943 4221 ﬁat
2975 4167 3137 4238 digna
3164 4166 3501 4222 censebitur.

359 4249 584 4316 θέμενος
610 4249 753 4318 ζωὴν
783 4247 883 4316 τῆς
917 4246 1070 4316 παρά
1121 4245 1215 4298 τοῦ
1257 4246 1418 4315 λόγου
1451 4246 1733 4317 διδομένης
1775 4241 1930 4307 θείας

360 4342 458 4395 καὶ
491 4340 724 4412 ἀληθοῦς
769 4338 1024 4407 γενέσθαι
1075 4337 1301 4408 μέτοχος
1343 4337 1713 4409 ἀξιωθήσεται
1760 4335 1928 4408 ζωῆς.

468 4514 686 4582 Θεωρία
714 4516 801 4581 εις
826 4514 939 4582 τὴν
956 4516 1418 4583 μεταμόρφωσιν
1444 4512 1548 4566 τοῦ
1576 4514 1820 4582 Κυρίου.
1962 4520 2008 4574 D

1962 4520 2008 4574 D
2142 4513 2528 4587 Contemplatio
2559 4518 2615 4571 in
2651 4515 2867 4572 Domini
2899 4516 3427 4588 transﬁgurationem
3459 4518 3505 4572 ί.

434 4624 592 4678 οὑτω
617 4625 713 4678 καὶ
728 4624 835 4677 τῶν
852 4613 1090 4694 Χριστοῦ
1115 4622 1372 4694 μαθητῶν
1398 4623 1534 4694 πρὸς
1569 4625 1679 4686 τοῖς
1697 4626 1818 4695 είρη
1828 4623 1895 4694 μέ
1909 4655 1930 4666 -

2109 4623 2200 4678 Sic
2222 4633 2484 4694 praeterea
2519 4625 2684 4680 etiam
2712 4623 2917 4681 Christi
2943 4625 3339 4695 discipulorum
3366 4625 3612 4695 quidam,

363 4735 475 4781 νοις
507 4718 670 4781 τινὲς,
686 4715 869 4788 (145
893 4715 948 4786 a)
969 4711 1050 4778 οἷς
1066 4714 1436 4783 συναναϐεῆναί
1457 4731 1517 4767 τε
1536 4714 1630 4768 καὶ
1663 4733 1935 4786 συνεπαρ-

2038 4714 2233 4782 quibus
2267 4731 2373 4769 una
2409 4716 2710 4770 ascendere
2750 4726 2807 4770 et
2834 4716 3003 4770 levari
3031 4732 3155 4771 cum
3185 4732 3253 4771 eo
3282 4717 3338 4770 in
3371 4723 3611 4770 montem

365 4808 520 4878 θῆναι
542 4808 689 4876 αὑτῴ
707 4809 752 4839 "°
776 4805 912 4878 πρὸς
937 4805 1000 4859 τὸ
1021 4805 1144 4876 ὄρος
1164 4803 1265 4874 τῆς
1294 4805 1460 4859 αὑτοῦ
1487 4805 1849 4877 φανερώσεως
1867 4809 1935 4861 δι’

2039 4807 2444 4878 gloriﬁcationis
2476 4811 2596 4881 ejus
2645 4809 2717 4864 ob
2755 4809 2979 4864 virtutis
3019 4823 3208 4864 curam
3249 4810 3452 4872 evenit,
3489 4824 3612 4862 cum

366 4901 566 4973 ἀρετῆς
583 4899 903 4970 ἐπιμέλειαν
926 4898 1202 4966 ἐξεγένετο
1223 4899 1724 4968 μεταμορφωθέντα
1742 4899 1938 4955 θεασά-

2038 4908 2304 4953 mutatum
2347 4899 2602 4954 viderent
2645 4907 2702 4954 et
2745 4899 2867 4954 luce
2929 4899 3088 4955 faciei
3136 4897 3611 4963 inaccessibilem,

372 4990 648 5060 μενοι,τῷ
677 5005 738 5043 τε
800 4988 944 5056 φωτὶ
991 4987 1086 5041 τοῦ
1130 4987 1422 5058 προσώπου
1453 4989 1776 5058 ἀπρόσιτον,
1839 4990 1937 5043 καὶ

2042 4990 2598 5061 vestimentorumque
2642 4991 2893 5046 claritate
2924 4991 3311 5061 obstupefacti,
3353 4999 3518 5060 atque
3547 4989 3615 5045 de

367 5082 433 5151 τῇ
459 5080 566 5133 τῶν
595 5079 920 5150 ἐσθημάτων
944 5077 1289 5148 λαμπρότητι
1315 5075 1711 5146 κατάπληκτοι,
1749 5078 1843 5131 καὶ
1868 5080 1936 5149 τῇ

2040 5080 2244 5134 honore
2283 5080 2484 5152 Moysis
2521 5091 2576 5137 et
2605 5082 2758 5148 Elite,
2791 5082 2886 5152 qui
2931 5082 3000 5136 ab
3035 5091 3268 5151 utroque
3307 5081 3478 5136 latere
3515 5080 3613 5135 ad-

367 5170 476 5224 τῶν
508 5171 850 5243 ἑκατέρωθεν
892 5171 1159 5225 συνόντων
1187 5172 1319 5239 τιμῇ
1354 5169 1598 5230 Μωσέως
1628 5169 1722 5221 καὶ
1759 5169 1936 5222 Ἠλίου

2042 5182 2212 5237 erant,
2264 5172 2418 5227 illum
2479 5174 2645 5229 etiam
2685 5175 2891 5246 majore
2947 5173 3211 5244 dignitate
3275 5172 3615 5228 cumulatum

368 5263 738 5334 γεγενημένον
776 5261 1200 5332 αἰδεσιμώτερον
1249 5258 1644 5327 ἐπεγνωκότες,
1693 5260 1801 5313 ἀπὸ
1840 5261 1937 5330 τῆς

2046 5266 2335 5336 conSpieati
2361 5307 2376 5333 ,
2428 5283 2458 5320 a
2492 5282 2660 5322 carne
2689 5266 2746 5322 in
2780 5267 3034 5336 spiritum
3084 5265 3421 5322 transierunt
3464 5263 3619 5337 prius

449 5404 652 5458 PDeut.
677 5419 859 5468 xxvul,
892 5407 942 5461 Ι.
1012 5414 1039 5452 οι
1063 5400 1240 5457 Levit.
1272 5416 1377 5465 xlv,
1403 5399 1491 5454 38.
1532 5375 1544 5384 .
1576 5395 1689 5452 τ111
1715 5399 1843 5471 Reg.
1908 5417 2079 5466 xxv",
2142 5402 2228 5459 18.
2285 5415 2306 5441 ⁸
2372 5405 2505 5463 ibid.
2571 5408 2624 5463 9.
2708 5411 2726 5446 ⁸
2753 5409 2947 5464 Matth.
2974 5425 3101 5476 xvu,
3136 5411 3192 5465 2.

1629 5539 1855 5593 VARI/[‘3
1903 5539 2304 5599 LECTIONES.

448 5657 496 5691 ⁸⁸
526 5657 912 5730 διατηρήσεται
944 5657 1066 5712 cod.
1099 5657 1240 5713 Gud.
1314 5657 1412 5726 ⁶⁹ἢ
1446 5657 1568 5712 cod.
1619 5656 1757 5712 Fud.
1840 5658 1881 5689 7°
1917 5659 2302 5730 Apographum
2357 5659 2508 5715 αὑτό.
