3984 6198
325 375 451 445 1133

1552 364 2069 429 AMBIGUORUM
2103 362 2358 423 LIBER.

3448 355 3586 416 113-!

316 488 540 549 Πάντες
571 482 652 550 ὠς
684 482 919 553 ἱμάτιον
956 480 1503 549 παλαιωθήσονται,
1523 477 1612 531 διὰ
1644 475 1744 546 τὴν
1778 475 1899 527 ὲπι-

2006 486 2126 526 rum
2149 486 2271 540 quae
2296 468 2556 523 videntur
2586 464 2870 521 intellectu
2898 462 3269 535 superiorem,
3296 472 3343 517 ct
3376 473 3431 518 ut
3452 469 3587 520 ami-

316 573 621 645 κρατοῦσαν
682 573 775 640 νοῦ
820 573 928 626 τῶν
977 573 1274 645 ὁρωμένων
1332 570 1559 640 φθορὰν,
1605 566 1705 619 καὶ
1752 561 1898 616 ὡσεὶ

317 667 693 736 περιϐόλαιον
737 665 962 733 ἑλίξεις
1015 664 1260 731 αὐτοὺς,
1285 662 1382 717 καὶ
1413 657 1892 729 ἀλλαγήσονται,

317 758 399 814 διὰ
430 758 1021 841 τὴνπροσδοκωμένην
1060 759 1159 830 τῆς
1183 753 1500 827 ἀφθαρσίας
1530 752 1713 823 χάριν.

318 931 451 1000 Περὶ
506 928 628 984 τῶν
678 927 861 982 πέντε
916 926 1152 996 τρόπων
1192 923 1300 993 τῆς
1342 919 1613 992 φυσικῆς
1647 918 1894 987 θεωρίας

770 1018 1075 1087 σύντομος
1116 1015 1433 1086 ἐξήγησις.

379 1178 525 1249 Πρὸς
562 1176 775 1241 τούτοις
828 1176 884 1230 δὲ
926 1177 1020 1231 καὶ
1053 1177 1183 1239 τοὺς
1228 1174 1420 1242 λόγους
1454 1170 1739 1242 εἰσόμεθα,
1766 1171 1894 1233 τοὺς

311 1270 654 1332 τελευταίους
701 1268 904 1340 δηλαδὴ
943 1269 1038 1321 καὶ
1086 1270 1218 1340 ἡμῖν
1254 1266 1536 1335 ἐφικτοὺς,
1565 1257 1640 1317 ὧν
1687 1261 1894 1334 προϐέ-

314 1364 504 1432 ϐληται
536 1363 569 1431 η
617 1360 795 1423 κτίσις
838 1361 1186 1423 διδάσκαλος,
1240 1360 1335 1411 καὶ
1373 1359 1501 1420 τοὺς
1542 1356 1728 1417 αὐτοῖς
1765 1371 1893 1406 συν-

311 1455 593 1526 ημμένους
615 1454 792 1511 πέντε
811 1452 912 1522 τῆς
944 1452 1178 1523 θεωρίας
1202 1438 1607 1523 τρόπους¹¹⁸,οἷς
1621 1445 1893 1516 ὄιαιροῦντ

311 1565 402 1610 τες
455 1546 554 1617 τὴν
612 1546 793 1598 κτίσ.ν
843 1546 895 1597 οἱ
933 1547 1089 1613 ,ἆγιοι
1126 1544 1253 1606 τοὺς
1300 1545 1388 1596 ἐπ’
1419 1538 1557 1610 αὐτῇ
1593 1538 1894 1610 μυστικοὺς

316 1636 432 1708 μετ’
448 1636 732 1698 εὐσεϐείας
754 1635 1102 1699 συνελέξαντο
1115 1634 1328 1703 λόγους.
1349 1633 1426 1695 εἰς
1447 1630 1656 1693 οὐσίαν,
1672 1628 1765 1682 καὶ
1782 1629 1897 1681 κίν-

315 1744 452 1797 ησιν,
477 1725 571 1780 καὶ
597 1726 883 1795 διαφορὰν,
908 1723 1179 1797 κρᾶσίντε
1203 1721 1482 1787 καὶθέσιν,
1512 1717 1683 1789 αὐτὴν
1701 1720 1898 1789 ἐπιμε-

2002 574 2145 619 ειιιηι
2176 571 2344 617 vertes
2379 577 2485 624 eos,
2516 568 2564 612 ct
2596 558 2943 613 mutabuntur
2965 566 3014 626 tt,
3042 568 3270 629 propter
3295 569 3586 629 exspecta-

2007 663 2118 708 tam
2148 648 2585 707 immortalitatis
2612 647 2870 720 gratiam.

2002 914 2078 968 De
2112 915 2345 984 quinque
2376 912 2542 966 modis
2593 910 3053 982 contemplationis
3112 912 3377 968 naturalis
3418 914 3583 969 oreris

2659 1004 2934 1072 expositio.

2073 1165 2155 1219 Ad
2187 1165 2306 1219 haec
2340 1178 2474 1219 vero
2504 1162 2671 1217 etiam
2723 1162 2971 1219 rationes
3023 1179 3442 1235 cognoscemus,
3485 1180 3587 1222 ολ-

2004 1268 2211 1314 tremas
2245 1256 2507 1312 videlicet
2536 1263 2839 1325 nostroque
2865 1255 3049 1325 captui
3078 1266 3318 1326 apertas,
3351 1273 3585 1327 quarum

2002 1350 2131 1405 data
2177 1358 2263 1405 est
2291 1347 2448 1420 quasi
2483 1347 2744 1417 magistra
2800 1348 3069 1411 conditio,
3102 1355 3158 1402 et
3183 1348 3430 1418 quinque
3461 1366 3587 1405 cum

2002 1441 2071 1497 iis
2102 1441 2447 1497 cohaerentes
2473 1439 2961 1509 contemplationis
2990 1440 3205 1506 modos,
3238 1441 3444 1511 quibus
3469 1442 3587 1497 dis-

2005 1517 2318 1603 tinguentes
2354 1531 2729 1586 conditionem
2779 1531 2954 1586 sancti
2999 1547 3124 1585 cum
3158 1532 3361 1601 pietate
3399 1535 3590 1606 mysti-

2003 1640 2096 1680 cas
2129 1628 2182 1678 in
2206 1639 2273 1679 ea
2296 1623 2400 1679 sibi
2432 1623 2774 1694 collegerunt
2798 1622 3060 1684 rationes.
3092 1623 3149 1678 in
3174 1626 3495 1690 essentiam,
3532 1635 3590 1680 et

2006 1726 2238 1784 motum,
2266 1725 2324 1771 et
2352 1716 2746 1778 dill'erentiam,
2784 1716 3097 1771 mistioncm
3159 1725 3325 1786 atque
3358 1718 3589 1786 positio-

315 1809 688 1889 ρίσαντεςΪΩν
719 1818 868 1886 τρεῖς
897 1814 995 1884 μὲν
1019 1814 1227 1883 ἔφασαν
1250 1807 1391 1867 εἶναί
1412 1828 1471 1864 τε
1501 1809 1638 1888 πρὸς
1668 1808 1899 1876 ἐπίγνω-

2008 1826 2134 1864 nem
2172 1809 2471 1880 dispartiti.
2534 1806 2781 1875 Quorum
2830 1808 3120 1863 modorum
3158 1816 3271 1863 trcs
3305 1810 3588 1881 principa-

313 1886 398 1962 σιν
433 1909 528 1961 τοῦ
557 1910 691 1983 Θεοῦ
727 1906 1162 1979 προηγουμένως
1206 1906 1301 1957 καὶ
1339 1886 1754 1975 προῦεὸλῆσθαι
1781 1915 1895 1971 χειο

315 2013 655 2069 ραγωγικους
684 2040 698 2065 ,
734 2000 825 2052 τὸν
880 1999 1003 2051 κατ’
1060 1997 1285 2060 οὐσίαν,
1325 1995 1416 2048 τὸν
1460 1994 1600 2048 κατὰ
1660 1992 1894 2065 κίνησιν,

309 2092 403 2144 τόν
440 2092 583 2144 κατὰ
616 2090 898 2162 διαφορὰν,
928 2088 994 2142 δι’
1012 2084 1086 2141 ὧν
1118 2089 1148 2140 ό
1177 2087 1310 2151 Θεὸς
1356 2084 1595 2156 γνωστὸς
1648 2086 1756 2147 τοῖς
1799 2086 1898 2138 ἀν-

311 2178 551 2251 θρώποις
570 2180 777 2250 γίνεται
801 2174 863 2232 ἐκ
882 2179 986 2233 τῶν
1006 2178 1172 2231 ὄντων
1189 2177 1285 2239 τὰς
1307 2194 1374 2230 πε
1382 2177 1435 2248 ρί
1450 2174 1613 2228 αὐτοῦ
1632 2173 1898 2246 ἐμφάσεις

313 2275 724 2345 συλλεγομένοις
765 2274 839 2337 ὡς
868 2271 1200 2344 δημιουργοῦ
1224 2271 1319 2324 καὶ
1343 2268 1641 2340 προνοητοῦ
1665 2268 1759 2320 καὶ
1778 2283 1899 2337 κρι-

310 2365 407 2419 τοῦ
427 2381 442 2395 ’
475 2363 568 2418 δύο
588 2362 645 2416 δὲ
672 2358 1117 2431 παιδαγωγικοὺς
1132 2362 1266 2427 πρὸς
1288 2360 1489 2432 ἀρετὴν
1520 2360 1612 2411 καὶ
1644 2357 1741 2427 τὴν
1761 2355 1897 2427 πρὸς

311 2455 446 2510 Θεὸν
464 2456 757 2520 οἱκείωσιν,
784 2455 874 2507 τὸν
905 2453 1044 2506 κατὰ
1079 2453 1274 2525 κρᾶσιν
1311 2452 1404 2504 καὶ
1434 2450 1525 2504 τὸν
1563 2442 1704 2503 κατὰ
1725 2449 1896 2512 θέσιν,

311 2547 381 2601 δι’
404 2540 480 2601 ὧν
500 2546 669 2600 τυποῦ
679 2562 836 2612 μενος
860 2546 887 2597 ό
903 2545 998 2598 ἄνθ
1009 2560 1188 2613 ρωπος
1202 2542 1335 2602 Θεὸς
1351 2542 1586 2612 γίνηται,
1605 2539 1792 2611 (148
1822 2539 1850 2593 b
1877 2537 1896 2609 )

312 2638 377 2692 τδ
409 2637 545 2702 Θεὸς
586 2634 725 2690 εἶναι
777 2634 1066 2701 παθὼνκὲκ
1090 2634 1200 2688 τῶν
1231 2634 1422 2699 όντων,
1469 2632 1599 2701 ὅλην
1637 2631 1729 2684 τοῦ
1760 2626 1896 2701 Θεοῦ

315 2731 418 2804 τὴν
460 2731 586 2784 κατ’
632 2728 954 2800 ἀγαθότητα
1014 2728 1255 2798 ἔμφασιν
1309 2725 1455 2781 κατὰ
1513 2723 1638 2778 νοῦν
1702 2722 1894 2793 ὥσπερ

314 2824 482 2897 όρῶν,
513 2822 608 2877 καὶ
634 2822 814 2892 ἑαυτῷ
837 2820 980 2874 κατὰ
1004 2820 1166 2888 λόγον
1195 2818 1401 2888 ταύτην
1428 2814 1898 2886 εἰλικρινεστάτη)

321 2916 720 2991 μορφούμενος.
744 2915 816 2967 ‘0
845 2914 954 2985 γὰρ
981 2915 1047 2968 δι’
1080 2911 1338 2983 εὐσεϐοῦς
1381 2909 1661 2979 γνώσεως,
1695 2908 1860 2978 φασιν
1881 2946 1895 2971 ,

315 3011 347 3063 ό
377 3008 617 3080 καθαρὸς
675 3007 808 3077 όρᾷν
864 3005 1079 3074 πέφυκε
1133 3002 1279 3067 νοῦς,
1333 3001 1494 3055 τοῦτο
1546 3001 1641 3054 καὶ
1695 2998 1893 3052 παθεῖν

314 3099 560 3166 δύναται,
590 3098 723 3153 αὐτὸ
754 3100 932 3152 ἐκεῖνο
965 3096 1108 3150 κατὰ
1140 3095 1239 3167 τὴν
1272 3092 1391 3160 ἕξιν
1410 3093 1477 3148 δι’
1510 3093 1716 3164 ἀρετῆς
1745 3090 1899 3160 γινό-

319 3210 507 3265 μενος.
530 3187 676 3256 Οἷον,
699 3190 798 3262 τὴν
838 3191 939 3260 μὲν
990 3189 1180 3244 οὐσίαν
1223 3188 1508 3258 θεολογίας
1558 3182 1699 3239 εἶναι
1748 3184 1897 3239 διδά-

318 3284 544 3345 σκαλον,
572 3282 646 3334 δι’
676 3276 746 3354 ἧς
765 3280 875 3334 τῶν
908 3279 1080 3333 όντων
1108 3278 1171 3331 τὸ
1197 3279 1373 3330 αἴτιον
1405 3274 1802 3346 ἐπιζητοῦντες
1829 3273 1898 3326 δι’

316 3376 504 3432 αὐτῶν
544 3376 627 3429 ὅτι
670 3375 786 3426 ἐστι
826 3368 1220 3441 διδασκόμεθα,
1255 3370 1317 3423 τὸ
1347 3368 1537 3422 τίποτε
1564 3363 1706 3421 εῖναι
1740 3366 1901 3420 τοῦτο

316 3468 446 3522 κατ’
474 3466 664 3520 οὐσίαν
693 3463 894 3533 γνῶναι
921 3462 997 3534 μὴ
1019 3460 1452 3533 ἐπιχειροῦντες,
1497 3460 1580 3512 ὅτι
1603 3458 1736 3529 μηδὲ
1754 3458 1902 3511 ἔστιν

316 3560 614 3629 ἐμφάσεως
663 3558 731 3619 ἐν
754 3557 867 3618 τοῖς
904 3553 1024 3609 οὖσι
1055 3554 1251 3606 τούτου
1293 3549 1556 3623 προϐολὴ,
1589 3544 1739 3621 δι’ἦς
1797 3548 1902 3602 κᾶν

318 3644 508 3711 ποσῶς
535 3648 610 3712 ὼς
635 3647 703 3700 δι’
730 3644 980 3699 αἰτιατοῦ
1006 3644 1143 3715 πρὸς
1172 3644 1234 3696 τὸ
1265 3642 1443 3695 αἴτιον
1483 3641 1895 3711 ἀνανεύσωμεν·

313 3743 422 3811 τὴν
452 3740 511 3794 δὲ
559 3739 773 3807 κίνησιν
798 3737 899 3808 τῆς
946 3735 1057 3790 τῶν
1094 3734 1263 3787 όντων
1316 3732 1575 3803 προνοίας
1612 3727 1750 3784 εἶναι
1803 3731 1902 3800 ἑμ-

318 3830 614 3903 φαντικὴν,
664 3829 731 3883 δι’
768 3824 837 3901 ἧς
877 3827 987 3882 τῶν
1033 3826 1340 3895 γεγονότων
1397 3824 1498 3895 τὴν
1550 3824 1672 3878 κατ’
1712 3824 1901 3877 οὐσίαν

302 3907 558 3979 ’ἑκάστου
614 3922 735 3976 κατ’
758 3918 902 3985 εἶδος
954 3919 1380 3991 ἀπαράλλακτον
1435 3917 1748 3988 ταυτότητα
1805 3915 1902 3969 καὶ

316 4014 588 4077 ὡσαύτως
624 4011 1113 4093 ἀπαρεγχείρητον
1144 4008 1485 4079 διεξαγωγὴν
1521 4006 1857 4078 θεωροῦντες
1883 4045 1898 4068 ,

315 4106 417 4156 τὶν
447 4102 747 4171 συνέχοντα
780 4103 877 4153 καὶ
907 4097 1249 4168 φυλάττοντα
1278 4096 1401 4150 καθ’
1430 4096 1626 4149 ἕνωσιν
1657 4095 1901 4166 ἄρρητον

320 4192 575 4262 ἀλλήλων
607 4188 879 4261 εὐκρινῶς
906 4184 1273 4258 ἀφωρισμένα
1302 4183 1372 4237 τὰ
1425 4183 1603 4237 πάντα
1654 4180 1778 4234 καθ’
1808 4178 1903 4241 οὓς

323 4283 644 4355 ὑπέστησαν
670 4282 881 4334 ἕκαστα
902 4279 1096 4348 λόγους
1136 4276 1429 4347 ἐννοοῦμεν
1457 4292 1474 4307 ο
1502 4274 1602 4344 τὴν
1635 4272 1903 4343 διαφορὰν

319 4379 381 4433 δὲ
424 4376 524 4447 τῆς
569 4375 809 4447 κρίσεως
845 4370 982 4426 εἶναι
1018 4369 1345 4442 μηνυτικὴν,
1379 4366 1502 4423 καθ’
1533 4368 1600 4438 ῆν
1639 4364 1902 4435 διανομέα

2001 1902 2130 1956 liter
2153 1916 2275 1956 esse
2302 1901 2369 1955 ad
2406 1900 2776 1973 cognitionem
2805 1899 2904 1954 Dei
2931 1908 3086 1970 aptos
3116 1907 3173 1956 et
3196 1903 3355 1971 quasi
3391 1919 3588 1959 manu-

1998 1992 2281 2049 ductorios
2335 1993 2579 2064 prolatos
2626 1991 2906 2058 dixerunt,
2953 2008 3124 2047 unum
3176 1993 3419 2064 primum
3483 2011 3576 2052 es-

2000 2085 2213 2150 sentia,
2250 2085 2486 2140 alterum
2538 2093 2741 2151 motus,
2795 2083 3021 2139 tertium
3067 2084 3437 2161 dill’erentiat,
3487 2105 3587 2159 per

2000 2178 2150 2250 quod
2174 2178 2320 2233 Deus
2346 2176 2632 2232 hominum
2664 2177 2876 2233 notioni
2902 2192 2962 2232 se
2993 2177 3157 2232 oﬂ‘ert
3181 2194 3246 2233 ex
3273 2180 3441 2236 rebus
3464 2198 3587 2252 qua:

1999 2280 2130 2327 sunt
2163 2269 2366 2325 indicia
2395 2269 2517 2340 ejus
2559 2269 2962 2340 colligentium,
3016 2278 3075 2324 ut
3104 2264 3336 2326 artificis
3369 2281 3425 2327 et
3459 2289 3587 2343 pro-

1999 2361 2198 2419 visoris
2230 2362 2554 2434 etjudicis:
2591 2362 2732 2417 duos
2759 2376 2896 2417 vero
2931 2362 3175 2432 prolatos
3218 2379 3341 2420 esse
3379 2366 3585 2436 quibus

2002 2455 2426 2510 institueremur
2456 2454 2525 2510 ad
2556 2455 2818 2512 virtutem
2855 2462 2912 2509 et
2971 2453 3405 2511 faintiliaritatem
3456 2473 3583 2513 cum

2000 2546 2136 2612 Deo,
2191 2545 2469 2601 mistionis
2520 2555 2578 2603 et
2640 2545 2954 2616 positionis,
3018 2562 3119 2616 per
3146 2562 3286 2617 quos
3315 2547 3586 2605 formatus

2000 2637 2168 2693 homo
2195 2638 2342 2693 Deus
2373 2637 2486 2703 liat,
2514 2639 2687 2692 Deum
2714 2636 2836 2693 ﬁeri
2869 2646 3065 2707 passus
3088 2653 3156 2693 ex
3180 2638 3246 2694 iis
3278 2655 3400 2709 qua:
3428 2650 3581 2707 sunt,

2001 2728 2135 2784 dum
2160 2744 2324 2785 omne
2358 2729 2454 2784 Dei
2483 2729 2550 2784 de
2575 2729 2822 2783 bonitate
2840 2728 3199 2793 simulacrum
3216 2739 3401 2785 mente
3424 2732 3583 2800 quasi

2001 2822 2175 2887 videt,
2233 2830 2291 2877 et
2338 2820 2782 2877 sincerissimum
2832 2820 2939 2874 sibi
2975 2819 3078 2890 ipsi
3138 2820 3483 2876 rationaliter
3525 2822 3581 2876 id

2001 2911 2228 2984 cllingit.
2273 2911 2431 2979 Quod
2479 2912 2627 2967 enim
2687 2910 2774 2980 pia
2831 2909 3169 2981 cognitione,
3220 2911 3413 2977 aiunt,
3446 2926 3584 2982 pura

2002 3018 2161 3058 mens
2193 3002 2450 3073 percipit,
2480 3003 2584 3058 hoc
2610 3002 2777 3057 etiam
2811 3001 2925 3073 pati
2960 3010 3163 3072 potest,
3217 3002 3398 3073 ipsum
3447 3003 3583 3059 illud

2003 3094 2312 3149 secundum
2361 3093 2612 3148 habitum
2642 3090 2755 3163 per
2807 3092 3069 3148 virtutem
3124 3094 3333 3148 evadit.
3377 3095 3581 3161 Veluti,

2005 3185 2303 3241 essentiam
2335 3200 2456 3240 esse
2483 3184 2777 3256 theologia:
2800 3185 3141 3256 magistram,
3170 3202 3270 3256 per
3303 3203 3466 3258 quam
3493 3204 3583 3244 re-

2002 3291 2127 3330 rum
2163 3291 2287 3346 quae
2311 3284 2441 3331 sunt
2468 3291 2690 3330 causam
2744 3286 3060 3345 qurercntes
3114 3293 3214 3349 per
3247 3278 3394 3349 ipsas
3435 3281 3583 3350 quod

2003 3366 2113 3422 sint
2138 3367 2435 3451 docemur,
2465 3367 2599 3437 quid
2630 3368 2849 3423 tandem
2893 3352 3021 3433 sint,
3050 3370 3356 3426 secundum
3392 3387 3584 3428 essen-

2004 3462 2137 3517 tiam
2160 3475 2498 3532 cognoscere
2529 3459 2676 3513 haud
2708 3467 3005 3527 tentantes,
3021 3461 3150 3530 quia
3179 3478 3282 3516 nec
3304 3464 3584 3532 proditum

2003 3560 2087 3607 est
2129 3552 2185 3606 in
2209 3534 2376 3605 rebus
2410 3565 2534 3620 quae
2562 3558 2692 3604 sunt
2718 3550 3009 3613 indicium,
3052 3565 3151 3620 per
3189 3552 3341 3621 quod
3366 3554 3452 3608 vel
3486 3556 3586 3610 ali-

2003 3640 2279 3714 quatenus
2310 3652 2567 3711 tanquam
2599 3656 2700 3713 per
2724 3638 3012 3696 causatum
3048 3640 3117 3695 ad
3141 3656 3363 3698 causam
3405 3659 3587 3699 emer-

2004 3752 2237 3807 gamus;
2267 3734 2569 3789 motionem
2607 3750 2740 3790 vero
2766 3734 3079 3805 signiﬁcare
3111 3751 3295 3792 rerum
3320 3753 3443 3808 quae
3458 3728 3588 3795 sunt

2006 3825 2437 3897 providentiam,
2500 3841 2608 3896 qua
2641 3840 2834 3881 eorum
2877 3843 2999 3898 quae
3031 3829 3174 3884 facta
3225 3840 3357 3884 sunt
3392 3846 3585 3889 essen-

2005 3919 2191 3973 tialem
2219 3917 2489 3988 cujusque
2516 3915 2584 3971 ad
2621 3918 2860 3986 speciem
2896 3918 3295 3975 immutabilem
3323 3920 3585 3978 identita-

2006 4018 2115 4065 tem
2159 4010 2476 4080 pariterque
2517 4009 2926 4076 intaminatam,
2959 4011 3169 4066 exitum
3210 4007 3591 4085 contemplan-

2005 4113 2109 4169 tes,
2144 4100 2480 4157 inell‘abilem
2521 4103 2674 4157 illum
2718 4102 2813 4173 qui
2853 4119 3058 4159 arcano
3095 4105 3323 4162 unitatis
3363 4107 3587 4169 vinculo

2004 4196 2253 4251 continet
2310 4205 2476 4266 atque
2540 4207 2722 4251 servat
2787 4197 3046 4252 universa
3113 4199 3262 4257 inter
3321 4216 3380 4256 se
3445 4201 3589 4268 bene

1924 4340 1931 4346 .
2005 4288 2246 4343 discreta
2282 4288 2589 4344 secundum
2619 4289 2865 4343 rationes
2891 4289 3093 4358 quibus
3118 4291 3330 4363 singula
3355 4310 3589 4365 qumque

2007 4379 2321 4435 subsistunt
2354 4381 2741 4450 cognoscimus
2781 4397 2794 4433 ι
2838 4380 3206 4437 dim-tentiam
3244 4394 3429 4440 autem
3464 4402 3588 4443 esse

324 4470 492 4539 σοφόν
523 4470 587 4521 ἐκ
615 4466 716 4537 τῆς
742 4468 799 4519 ὲν
834 4464 1055 4535 ἑκάστῳ
1095 4461 1205 4515 τῶν
1248 4461 1421 4514 όντων
1472 4456 1791 4529 συμμέτρου
1825 4454 1899 4523 τῷ

2006 4470 2199 4542 judicii
2241 4470 2506 4535 indicem,
2534 4486 2643 4540 qua
2681 4486 2750 4525 ex
2792 4472 3031 4527 naturali
3070 4473 3126 4527 in
3161 4475 3360 4544 quovis
3394 4492 3587 4532 eorum

326 4560 681 4632 ὑποκειμένῳ
716 4560 816 4628 τῆς
842 4557 1033 4619 οὐσίας
1054 4553 1297 4624 φυσικῆς
1320 4552 1604 4623 δυνάμεως
1633 4550 1742 4603 τῶν
1776 4547 1902 4602 καθ’

320 4655 536 4707 ἕκαστα
588 4651 762 4719 λόγων
811 4644 949 4702 εἶναι
999 4646 1090 4701 τὸν
1133 4646 1268 4699 Θεὸν
1318 4641 1687 4714 παιδευόμεθα
1714 4655 1731 4673 ·
1765 4639 1902 4712 πρό-

324 4763 478 4798 νοιαν
496 4744 554 4797 δέ
582 4759 727 4812 φημι
759 4740 875 4803 νοῦ,
904 4740 968 4793 οὐ
1004 4737 1124 4810 ’τὴν
1172 4736 1631 4807 ὲπιστρεπτικὴν,
1665 4735 1763 4788 καὶ
1793 4727 1904 4786 οἷον

321 4835 678 4907 οἰκονομικὴν
712 4833 814 4904 τῆς
850 4831 960 4885 τῶν
1014 4828 1429 4901 προνοουμένων
1470 4828 1563 4897 ἆφ*
1594 4822 1669 4881 ὧν
1716 4826 1778 4879 οὐ
1825 4827 1927 4881 δεῖ.

324 4928 414 4995 ἐφ’
441 4927 478 4981 ἃ
518 4928 598 4979 δεῖ
641 4925 1030 4994 ὲπαναγωγῆς,
1066 4921 1204 4975 ἀλλὰ
1255 4921 1355 4991 τὴν
1411 4908 1744 4989 συνεκτικὴν
1808 4916 1904 4970 τοῦ

325 5019 553 5083 παντὸς,
583 5017 682 5070 καὶ
722 5014 843 5069 καθ’
868 5013 961 5078 οὓς
995 5014 1057 5066 τδ
1084 5014 1193 5066 πῶι
1222 5011 1659 5084 προηγουμένως
1691 5009 1905 5079 ὑπέστη

328 5110 528 5176 λόγους
577 5108 983 5178 συντηρητικὴν
1010 5124 1024 5137 ·
1057 5103 1221 5176 149
1257 5103 1312 5175 a)
1348 5104 1442 5156 καὶ
1474 5102 1677 5173 κρίσιν,
1714 5102 1774 5154 οὐ
1808 5103 1908 5173 τὴν

327 5199 690 5271 πλιδευτικὴν
741 5201 835 5252 καὶ
871 5194 983 5252 οἷον
1035 5195 1367 5267 κολαστικὴν
1414 5195 1523 5248 τῶν
1559 5195 1909 5265 ἁμαρτανόν-

325 5309 461 5356 των,
499 5291 636 5345 ἀλλὰ
659 5292 765 5360 τὴν
799 5290 1076 5360 σωστικὴν
1098 5288 1193 5342 καὶ
1217 5283 1579 5358 ἀφοριστὶκὴν
1604 5290 1713 5340 τῶν
1737 5287 1909 5341 ὅντων

326 5383 613 5454 διανομὴν,
639 5383 758 5436 καθ’
788 5383 856 5454 ἣν
902 5382 1012 5435 τῶν
1049 5382 1351 5449 γεγονότων
1394 5380 1602 5434 ’ἐκαο-τα
1631 5384 1745 5444 τοῖς
1779 5380 1904 5433 καθ’

298 5474 433 5537 ,οὓς
461 5475 753 5544 γεγένηται
804 5474 1127 5545 συνημμένα
1172 5471 1354 5540 λόγοις
1391 5471 1746 5543 ἀπαράϐατον
1792 5471 1905 5542 ἔχει

412 5570 439 5609 ε
469 5568 631 5625 llcbr.
668 5585 705 5637 ι,
738 5568 823 5624 ιε.

2009 4580 2132 4635 quae
2167 4549 2297 4618 sunt
2331 4563 2400 4618 ad
2435 4562 2491 4617 id
2523 4562 2673 4634 quod
2710 4564 2968 4619 essentia:
3000 4564 3251 4637 subjacet
3285 4574 3589 4637 temperata

2010 4664 2284 4727 potestate
2304 4654 2579 4710 rationum
2607 4654 2674 4710 ad
2703 4653 2917 4726 singula
2939 4666 3171 4727 quaeque
3193 4659 3590 4727 pertinentium

2012 4748 2458 4818 dispensatorem
2506 4745 2812 4818 sapientem
2864 4748 3037 4802 Deum
3081 4765 3205 4805 esse
3256 4750 3589 4819 edocemur;

2013 4836 2419 4907 providentiam
2444 4850 2576 4890 vero
2602 4836 2849 4890 attribuo
2877 4836 3205 4903 intellectui,
3228 4855 3336 4894 non
3363 4855 3594 4895 conver-

2014 4928 2189 4983 sivam
2223 4926 2373 4981 illam
2409 4935 2464 4982 et
2498 4926 2657 4996 quasi
2691 4928 3113 4990 meonomieam,
3135 4932 3454 4986 removendi
3492 4946 3590 4986 eos

2015 5017 2221 5089 quibus
2257 5017 2584 5088 providetur
2607 5017 2678 5072 ab
2705 5018 2788 5073 eis
2816 5036 2939 5089 quae
2967 5036 3077 5075 non
3105 5036 3245 5090 opus
3275 5033 3403 5077 sunt
3427 5023 3493 5077 ad
3523 5040 3589 5079 ea

2016 5127 2137 5181 qua:
2167 5119 2314 5175 sunt,
2343 5111 2439 5165 sed
2469 5125 2590 5164 eam
2623 5126 2745 5181 quae
2770 5112 3091 5168 universum
3126 5113 3231 5168 hoc
3258 5115 3507 5169 continet
3535 5126 3590 5169 et

2018 5201 2295 5256 rationum
2329 5201 2533 5271 quibus
2564 5201 2620 5255 in
2660 5202 2935 5273 principio
2969 5205 3300 5274 productum
3335 5214 3421 5260 est
3455 5221 3593 5261 con-

2020 5291 2378 5347 servatricem
2420 5311 2432 5345 :
2473 5301 2528 5347 et
2556 5294 2851 5364 judicium,
2878 5311 2987 5357 non
3023 5295 3157 5349 illud
3193 5296 3338 5366 quod
3375 5297 3601 5354 instruit

2013 5394 2179 5454 atque
2211 5395 2436 5440 coercet
2465 5395 2780 5455 peccantes.
2808 5386 2901 5441 sed
2936 5387 3082 5456 quod
3118 5389 3291 5444 salvat
3320 5398 3375 5443 et
3402 5390 3597 5447 deﬁnit

2016 5474 2201 5529 rerum
2240 5494 2361 5548 qua:
2406 5486 2536 5533 sunt
2575 5477 3048 5546 distributionem,
3081 5495 3193 5551 qup
3236 5496 3431 5538 eorum
3476 5499 3596 5555 quae

1625 5660 1708 5715 VA
1721 5661 1859 5716 BHE
1896 5662 2300 5719 LECTIONES.

415 5782 459 5815 "
494 5782 861 5854 συνημμένοες
887 5811 1033 5821 --
1067 5782 1286 5851 τρόπος
1319 5779 1437 5834 cod.
1472 5772 1611 5833 Gud.
