3984 6198
391 318 525 385 1137

1617 319 2134 384 AMBIGUORUM
2175 322 2425 383 LIBER.

3495 308 3635 375 1138

387 441 751 510 ὲννοήσαντις
791 440 948 510 λόγον
980 440 1107 503 τοὺς
1152 438 1245 494 δύο
1287 439 1367 502 εἰς
1414 437 1510 492 ἕνα
1549 439 1783 509 Θεωρίας
1832 457 1953 491 συν-

2058 440 2175 502 nia,
2208 455 2329 508 qua:
2369 445 2562 497 mutuo
2607 437 2751 493 inter
2788 453 2846 492 se
2884 435 3105 490 vinculo
3145 434 3199 488 in
3239 431 3404 487 unius
3442 429 3629 497 mundi

387 531 642 586 ἐκλεισαν
690 532 914 603 τρόπον,
950 532 1074 585 καθ’
1098 532 1158 586 ὃν
1208 530 1351 601 ἁπλῇ
1402 529 1678 601 προσϐολῇ
1718 530 1806 582 διὰ
1848 530 1958 582 τῶν

389 626 446 675 ὲν
477 626 592 686 τοῖς
620 621 740 677 οὖσι
771 624 944 692 λόγων
970 624 1106 696 πρὸς
1135 623 1197 677 τὸ
1221 622 1394 677 αἴτιον
1434 621 1559 677 νοῦν
1584 620 1961 692 διαπορθμεύο

391 733 612 779 σαντες,
645 716 741 769 καὶ
768 716 914 786 μόνῳ
955 714 1103 786 αὑτῷ
1131 716 1207 779 ὼς
1233 712 1533 783 συναγωγῷ
1566 712 1675 766 τῶν
1705 713 1764 777 ἐξ
1794 709 1959 765 αὑτοῦ

391 804 613 858 πάντων
674 804 769 858 καὶ¹
850 804 1088 873 ἑλκτικῷ
1159 802 1564 874 προσδήσαντες
1595 840 1610 863 ,
1670 802 1781 863 τοῖς
1834 799 1961 852 καθ’

388 895 595 949 ἕκαστα
618 895 726 948 τῶν
754 875 895 948 ὅλων
919 893 997 965 τῷ
1032 893 1418 964 ὑπερϐαθῆναι
1448 892 1631 946 οὑκέτι
1674 891 1963 960 διαχεόμε-

389 1003 470 1040 νοι
498 986 697 1054 λόγοις.
730 986 819 1038 διὰ
842 984 937 1038 τοῦ
964 984 1258 1037 πεπεῖσθαι
1285 983 1474 1052 σαφῶς
1506 983 1667 1052 μόνον
1704 982 1796 1034 τὸν
1829 981 1963 1034 Θεὸν

390 1076 593 1147 κυρίως
643 1071 785 1129 εἶναι
832 1074 1017 1128 λοιπὸν
1055 1075 1122 1128 ὲκ
1151 1074 1251 1144 τῆς
1308 1073 1445 1143 πρὸς
1512 1074 1579 1126 τὰ
1632 1072 1763 1125 ὄντα
1802 1073 1962 1139 ἀκρι-

388 1167 516 1229 σοῦς
563 1167 935 1230 ὲνατενίσεως,
982 1167 1077 1219 καὶ
1115 1166 1302 1219 οὑσίαν
1341 1164 1448 1217 τῶν
1497 1164 1665 1217 ὄντων
1695 1165 1788 1217 καὶ
1810 1163 1964 1233 κίνη-

390 1273 475 1309 σιν
521 1257 615 1309 καὶ
659 1257 768 1311 τῶν
817 1256 1197 1327 διαφερόντων.
1226 1256 1556 1326 εὐκρίνειαν,
1598 1256 1692 1308 καὶ
1733 1254 1964 1324 συνοχὴν

388 1348 677 1402 ἀδιάλυτον
705 1350 814 1402 τῶν
844 1348 1227 1419 κεκραμένων,
1307 1347 1403 1401 καὶ
1448 1348 1662 1418 ἵδρυσιν
1696 1347 1964 1417 ἀμετάθε-

386 1458 481 1495 τον
501 1440 609 1493 τῶν
639 1441 998 1509 τεθειμένων,
1026 1440 1125 1495 καὶ
1149 1442 1335 1510 πάσης
1361 1438 1549 1503 ἁπλῶς
1570 1438 1671 1509 τῆς
1713 1434 1962 1491 ὁπωσοῦν

386 1532 685 1604 νοουμένης
705 1532 914 1594 οὑσίας,
944 1532 1037 1584 καὶ
1062 1531 1332 1600 κινήσεως
1369 1531 1465 1583 καὶ
1494 1530 1786 1600 διαφορᾶς.
1820 1528 1959 1598 κρά-

390 1624 529 1688 σεώς
574 1640 636 1677 τε
686 1624 783 1677 καὶ
837 1622 1039 1687 θέσεως
1086 1616 1261 1676 αἴτιον
1287 1660 1302 1684 ,
1342 1621 1524 1691 σοιρῶς
1573 1622 1642 1675 δι’
1684 1620 1962 1692 ἐμφεροῦς

387 1719 703 1789 ὁμοιότητος
734 1717 833 1789 τὴν
855 1717 995 1771 κατά
1027 1716 1116 1769 τδν
1155 1716 1412 1787 αἰσθητὸν
1452 1715 1624 1768 αἰῶνα
1676 1716 1949 1784 μυστικὴν

389 1783 622 1881 θεωρίαν
645 1810 739 1864 ἐπὶ
765 1783 856 1863 τὶν
873 1809 1016 1863 κατά
1040 1808 1281 1862 διάνοιαν
1305 1783 1379 1861 ⁷ὲν
1416 1783 1689 1878 πνεύματι
1723 1806 1813 1860 διὰ
1850 1783 1959 1858 τῶν
1994 1783 2031 1840 η

387 1904 599 1975 ἀρετῶν
625 1900 1117 1973 συμπληρούμενον
1152 1901 1358 1972 κόσμον
1407 1902 1751 1971 μετήνεγκαν
1780 1915 1795 1932 ·
1836 1898 1959 1953 καθ’

388 1997 455 2065 ἥν
482 1995 607 2058 τοὺς
640 1995 969 2065 εἰρημένους
1017 1993 1253 2064 τρόπους
1300 1995 1380 2056 εἰς
1414 1993 1507 2046 ἕνα
1562 1992 1961 2060 συναγαγόντες

388 2089 479 2142 τὸν
511 2088 789 2160 διαφόροις
823 2086 1036 2160 ἀρετῶν
1065 2086 1237 2140 εἴδεσι
1268 2086 1366 2159 τὴν
1396 2088 1491 2139 τοῦ
1520 2085 1663 2139 κατά
1704 2085 1951 2139 διάνοιαν

387 2180 673 2249 γνωμικοῦ
710 2180 920 2250 κόσμου
962 2178 1151 2232 οὐσίαν
1195 2176 1579 2249 ἐκπληροῦντα
1606 2177 1672 2231 δι’
1700 2178 1823 2235 ὅλου
1871 2177 1961 2230 λό-

388 2278 488 2341 γον’
502 2269 830 2341 ηονιὼτατον
850 2271 1086 2333 ἑαυτοῖς,
1108 2270 1185 2333 ὼς
1207 2269 1447 2337 ἐφικτὸν,
1475 2267 1958 2339 ὲναπωμόρξαντο,

388 2364 601 2425 πάντας
627 2360 832 2433 δηλαδὴ
861 2360 1207 2431 περάσαντες
1236 2360 1363 2421 τοὺς
1391 2358 1502 2411 τῶν
1523 2357 1694 2411 όντων
1727 2358 1823 2411 καὶ
1864 2358 1964 2411 αὑ-

384 2454 514 2517 τοὺς
541 2454 668 2517 τοὺς
697 2453 808 2506 τῶν
836 2451 1053 2522 ἀρετῶν
1079 2443 1308 2519 λόγους,
1353 2449 1552 2518 μᾶλλον
1577 2449 1633 2503 δὲ
1668 2448 1806 2519 μετά
1828 2447 1959 2501 τού-

386 2563 496 2599 των
524 2546 661 2615 πρὸς
693 2545 787 2599 τὸν
821 2544 964 2613 ὑπὲρ
993 2543 1243 2606 τούτους,
1276 2543 1373 2596 καὶ
1402 2543 1481 2605 ei;
1511 2541 1570 2596 δν
1601 2536 1746 2595 οὑτοι
1772 2540 1868 2594 καὶ
1897 2541 1958 2607 ἐξ

387 2632 449 2693 οὗ
470 2639 531 2691 τὸ
556 2632 695 2691 εἶναι
724 2638 937 2701 τούτοις
964 2638 1114 2690 ἐστὶν
1134 2636 1463 2708 ὑπερούσιον
1485 2635 1580 2689 καὶ¹
1607 2632 1960 2704 ύπερόιγαθον

386 2729 542 2798 λόγον
567 2726 864 2797 ἀγνώστως
893 2729 1301 2799 ἀναδραμόντες
1335 2744 1349 2759 ·
1395 2727 1491 2781 καὶ
1524 2727 1636 2780 ὅλοι
1667 2726 1775 2796 ὅλῳ
1813 2726 1958 2779 κατά

383 2821 446 2873 τὸ
488 2819 712 2890 ἐφικτὸν
753 2819 938 2890 (150
963 2820 1015 2890 ἀ)
1054 2821 1154 2892 τῆς
1192 2819 1421 2890 ἐνούσης
1472 2818 1658 2888 αὑτοῖς
1721 2816 1959 2886 φυσικῆς

384 2912 669 2983 δυνάμεως
702 2912 746 2945 ⁷³
796 2912 1092 2974 ὲνωθέντες
1140 2911 1398 2965 τοσοῦτον
1448 2909 1818 2980 ἐνδεχομένως
1866 2908 1958 2961 ὑπ’

386 3001 551 3056 αὑτοῦ
611 3002 980 3073 ὲποιώθησαν,
1040 3002 1185 3056 ὥστε
1221 3002 1319 3056 καὶ
1366 3001 1475 3058 ἀπὸ
1503 3001 1663 3073 μόνου
1704 2999 1957 3070 γνωριζεο

389 3092 534 3156 σθαι,
563 3088 675 3146 οἷον
702 3093 950 3165 ἔσοπτρα
979 3094 1343 3158 διειδέστατα,
1384 3094 1511 3149 ὅλου
1537 3092 1632 3146 τοῦ
1659 3092 1958 3164 ὲνορῶντος
1982 3128 2025 3186 c

385 3179 523 3234 Θεοῦ
577 3181 736 3250 λόγου
786 3183 848 3235 τδ
881 3177 1022 3244 εἶδος
1065 3182 1494 3253 ἀπαραλείπτως
1534 3181 1624 3236 διὰ
1650 3181 1759 3234 τῶν
1796 3180 1955 3234 θείων

386 3273 553 3327 αὑτοῦ
605 3273 1011 3343 γνωρισμάτων
1052 3273 1380 3343 φαινόμενον
1416 3274 1653 3344 ἔχοντες,
1681 3271 1756 3341 τῷ
1780 3270 1955 3324 ἔλλει-

385 3364 582 3434 φθῆναι
601 3364 803 3434 μηδένα
823 3362 934 3417 τῶν
958 3363 1201 3418 παλαιῶν
1227 3365 1606 3435 χαρακτήρων.
1643 3357 1724 3427 οἷς
1752 3362 1955 3432 μηνύε-

386 3455 510 3509 σοαι
571 3456 784 3525 πέφυκε
811 3457 872 3510 τὸ
898 3455 1259 3527 ἀνθρώπινον,
1300 3456 1517 3510 πάντων
1548 3454 1808 3521 εἰξάντων
1840 3457 1953 3518 τοῖς

382 3547 683 3617 ἀμείνοσιν,
717 3543 830 3602 οἷον
876 3547 983 3619 ἀὴρ
1031 3547 1277 3620 ἀφεγγὴς
1311 3548 1453 3617 φωτὶ
1479 3548 1547 3601 δι’
1581 3548 1704 3601 ὅλου
1755 3562 1954 3617 μετεγ-

383 3638 631 3709 κραθείς.

2060 531 2484 599 completioncm
2529 529 2793 591 ineii‘abjli
2839 527 3079 599 quodam
3130 524 3295 579 modo
3333 522 3630 583 cohaerent.

2060 621 2237 675 solum
2280 630 2407 676 curm
2448 621 2543 689 qui
2592 635 2657 675 ea
2701 619 2950 690 colligat,
2991 626 3228 687 cumque
3276 611 3631 669 universitate

2061 721 2247 782 partes
2280 713 2523 783 singulas
2550 713 2757 782 hasque
2792 712 2938 781 ipsas
2964 710 3108 764 inter
3155 708 3367 777 seipsas
3398 704 3632 759 invicem

2060 803 2406 873 constringit,
2452 801 2715 872 Opiii‘ccm
2753 804 3022 857 rationem
3065 799 3452 871 cogitabundi,
3492 797 3631 852 duos

2060 894 2199 950 istos
2235 896 2289 949 in
2331 912 2503 949 unum
2542 895 3026 964 contemplationis
3062 894 3287 949 modum
3326 893 3645 953 Cluserunt,

2062 985 2366 1041 secundum
2406 1000 2569 1055 quem
2610 1001 2720 1040 uno
2758 987 2989 1056 appulsu
3030 1001 3129 1055 per
3164 985 3407 1040 rationes
3449 999 3632 1038 rerum

2062 1091 2183 1145 quae
2209 1084 2339 1129 sunt
2367 1083 2607 1130 mentem
2636 1075 2705 1129 ad
2733 1090 2956 1129 causam
2992 1075 3446 1137 transmittentes,
3470 1073 3631 1143 eique

2063 1165 2158 1219 uni
2202 1175 2459 1235 tanquam
2499 1166 2865 1220 conciliatrici
2911 1181 3102 1220 eorum
3142 1182 3263 1236 quae
3299 1181 3367 1220 ex
3402 1181 3467 1219 ea
3505 1173 3635 1220 sunt

2063 1257 2331 1321 omnium,
2364 1273 2430 1311 ac
2468 1273 2655 1312 secum
2706 1256 2967 1320 trahenti,
2999 1255 3381 1326 adjungentes,
3411 1256 3635 1310 univer-

2063 1362 2250 1402 sorum
2287 1349 2597 1402 rationibus
2622 1364 2720 1419 per
2742 1347 2955 1419 singula
2985 1364 3215 1417 quaeque
3251 1357 3632 1415 superatorum

2063 1456 2173 1495 non
2212 1442 2322 1510 jam
2370 1440 2587 1507 diil‘usi,
2624 1455 2750 1495 cum
2797 1441 2881 1495 eis
2919 1441 3080 1509 plane
3128 1454 3449 1510 persuasum
3490 1450 3635 1495 esset

2063 1533 2241 1587 solum
2283 1533 2456 1587 Deum
2498 1533 2725 1603 proprie
2768 1533 3004 1603 relinqui
3041 1549 3108 1588 ex
3153 1542 3411 1588 accurata
3453 1548 3633 1587 rerum

2064 1641 2186 1695 quze
2213 1633 2341 1680 sunt
2368 1625 2687 1690 intuitione,
2714 1635 2770 1680 et
2799 1624 3093 1679 essentiam
3128 1641 3318 1680 earum
3356 1634 3411 1680 et
3442 1626 3635 1680 motio-

2065 1730 2211 1780 nem,
2243 1723 2298 1770 ct
2335 1715 2586 1770 ordinem
2628 1715 2768 1769 bene
2808 1714 3126 1769 distinctum
3167 1729 3358 1769 eorum
3395 1730 3516 1783 quze
3554 1713 3637 1767 di-

2062 1816 2228 1873 stant,
2246 1816 2301 1861 et
2323 1824 2518 1862 eorum
2541 1825 2667 1878 qum
2685 1808 2999 1863 mistasunt
3021 1806 3641 1868 insolubileVinculum,

2062 1908 2117 1952 et
2145 1898 2538 1953 immutabilem
2573 1914 2766 1953 corum
2797 1914 2919 1969 quae
2952 1898 3131 1968 posita
3164 1908 3292 1953 sunt
3323 1899 3636 1953 collocatio-

2063 2005 2219 2052 nem,
2250 1998 2306 2044 ct
2342 1992 2524 2044 onmis
2558 1991 2884 2060 simpliciter
2917 1991 3170 2046 essentia:
3205 2006 3425 2060 quaqua
3466 1992 3631 2045 menti

2062 2092 2363 2151 perceptai,
2414 2090 2470 2137 ct
2521 2082 2782 2137 motionis
2830 2091 2887 2137 et
2936 2081 3320 2146 discretionis,
3361 2080 3636 2136 mistionis

2061 2180 2226 2241 atque
2260 2174 2556 2243 positionis
2590 2189 2832 2240 causam,
2859 2174 3010 2239 hinc,
3040 2174 3284 2245 inquam,
3312 2190 3411 2245 per
3441 2173 3641 2231 simili~

2063 2265 2307 2321 tudinem
2336 2274 2732 2338 congruentem
2762 2268 3039 2338 sapienter
3065 2268 3349 2339 mysticam
3378 2267 3482 2322 hoc
3508 2282 3634 2323 sen-

2062 2358 2201 2412 suali
2227 2373 2345 2413 mvo
2370 2359 2893 2429 contemplationem
2921 2359 2975 2414 in
3001 2359 3264 2413 mundum
3292 2358 3637 2414 intellectua-

2059 2451 2167 2506 lem
2210 2451 2264 2505 in
2308 2452 2505 2522 Spiritu
2549 2467 2649 2523 per
2687 2452 2929 2507 virtutes
2958 2452 3293 2522 completum
3335 2452 3633 2507 transtule-

2060 2551 2209 2608 runt,
2228 2544 2530 2599 secundum
2553 2560 2718 2615 quam
2740 2545 3259 2615 contemplationem
3283 2544 3475 2599 modos
3494 2560 3637 2615 quos

2059 2636 2170 2690 dixi
2212 2635 2269 2689 in
2312 2651 2480 2690 unum
2519 2636 2826 2694 conﬂantes
2866 2637 3134 2692 rationem
3169 2637 3338 2692 variis
3366 2637 3635 2694 virtutum

2058 2726 2349 2796 speciebus
2387 2728 2689 2783 voluntatis
2727 2728 3056 2798 consiliique
3101 2726 3292 2782 mundi
3335 2727 3631 2783 essentiam

2058 2818 2287 2873 omnino
2320 2819 2657 2888 cxplcntcm,
2687 2820 2867 2874 solum
2905 2819 3011 2875 sibi
3047 2827 3322 2889 quatenus
3358 2828 3631 2889 poterant,

2059 2910 2195 2980 ipsis
2233 2911 2671 2981 impresscrunt,
2702 2914 2976 2981 superatis
3006 2911 3256 2967 videlicet
3289 2927 3480 2966 eorum
3513 2928 3635 2982 qua:

2059 3010 2197 3055 sunt.
2224 3001 2466 3072 ipsisque
2500 3001 2768 3056 virtutum
2806 3002 3136 3065 rationibus,
3166 3002 3251 3057 vel
3288 3001 3471 3072 potius
3507 3018 3631 3057 cum

2059 3090 2146 3147 his
2181 3093 2250 3147 ad
2285 3108 2406 3148 eam
2443 3108 2565 3163 quae
2606 3092 2752 3147 ultra
2794 3093 2895 3148 bas
2934 3101 3040 3159 est,
3067 3103 3122 3149 et
3160 3093 3219 3159 in
3255 3109 3417 3163 quam
3457 3093 3542 3148 hae
3577 3103 3636 3148 et

2063 3184 2211 3239 unde
2255 3186 2403 3255 quod
2453 3196 2585 3242 sunt
2627 3178 3411 3257 habent,.superessentialem
3460 3189 3630 3243 ratio-

2061 3291 2210 3338 nem,
2236 3284 2291 3331 et
2314 3292 2434 3347 qua:
2461 3277 2764 3333 bonitatem
2795 3279 3034 3343 excedit,
3062 3279 3635 3350 incomprehensibili-

2062 3375 2146 3421 ter
2177 3368 2353 3442 erecti
2396 3385 2410 3421 :
2447 3376 2504 3422 et
2535 3384 2729 3424 omnes
2762 3370 2913 3423 omni
2946 3379 3214 3440 quantum
3248 3387 3315 3427 ex
3353 3372 3517 3426 insita
3552 3374 3634 3426 eis

2059 3458 2295 3513 naturali
2324 3467 2594 3528 potestate
2620 3461 2798 3525 licuit,
2823 3461 3037 3517 aduniti
3069 3471 3279 3517 tantum
3306 3462 3485 3532 quoad
3514 3464 3635 3533 (-jus

2060 3550 2174 3604 ﬁeri
2211 3552 2391 3620 potuit
2422 3552 2493 3607 ab
2529 3568 2594 3607 ca
2630 3554 2929 3623 qualiﬁcati
2965 3563 3122 3621 sunt,
3151 3565 3212 3610 ut
3248 3556 3412 3611 etiam
3445 3573 3477 3612 a
3516 3560 3633 3612 soio

2059 3640 2478 3712 insignirentur,
2512 3645 2664 3699 velut
2701 3648 3007 3716 specularia
3054 3647 3424 3711 lucidissima,
3464 3651 3633 3703 totius

381 3730 477 3784 Dei
507 3732 867 3801 inspectantis
900 3731 1132 3788 rationis
1162 3732 1401 3802 speciem
1438 3732 1597 3802 plene
1632 3746 1732 3802 per
1762 3729 1950 3787 divina
1987 3731 2108 3802 ejus
2163 3732 2397 3804 insignia
2455 3746 2812 3806 apparentem
2839 3738 3125 3801 habentes.
3147 3756 3213 3795 eo
3238 3740 3384 3811 quod
3417 3742 3627 3795 nullum

381 3822 451 3878 de
487 3824 735 3893 pristinis
766 3826 1085 3896 signacuiis,
1110 3826 1310 3895 quibus
1344 3826 1644 3881 humanum
1682 3825 2044 3891 indicaretur,
2103 3826 2377 3897 reliquum
2436 3838 2576 3895 erat,
2607 3830 2676 3885 iis
2731 3847 2854 3902 qua:
2881 3832 3107 3888 meliora
3132 3843 3261 3889 sunt
3305 3832 3631 3889 cedentibus

381 3914 658 3980 omnibus,
697 3916 764 3969 ad
807 3916 983 3971 instar
1021 3917 1167 3972 aeris
1204 3918 1439 3973 illumini
1477 3918 1600 3973 luce
1638 3917 1955 3988 plenissima
1993 3916 2272 3975 transfusi.
3387 3924 3397 3937 ‘

693 4095 911 4162 Θεωρία
946 4096 1033 4162 εις
1074 4096 1181 4150 τὸν
1232 4095 1624 4165 Μελχισεδέκ.

448 4203 646 4274 Ὅπερ.
689 4200 865 4275 οἶμαι,
929 4206 1092 4273 γνοὺς
1150 4206 1247 4259 καὶ
1310 4205 1499 4259 παθὼν
1555 4209 1582 4260 ό
1633 4206 1950 4276 θαυμαστὸς

376 4292 584 4356 ἐκεῖνος
635 4294 731 4347 καὶ
777 4295 949 4365 μέγας
988 4296 1343 4365 Μελχισεδὲκ,
1376 4298 1503 4367 περὶ
1542 4297 1601 4349 ὃν
1632 4298 1698 4351 τὰ
1729 4298 1944 4366 μεγάλα

376 4383 469 4435 καὶ
505 4382 796 4451 Θαυμαστὰ
844 4385 998 4454 ποιρά
1056 4390 1121 4457 τῇ
1169 4388 1359 4457 Γραφῇ
1384 4390 1412 4440 ὁ
1441 4388 1581 4450 θεῖος
1608 4388 1944 4459 διεξέρχεται

2407 4098 2794 4173 Contemplatio
2826 4103 2881 4156 in
2915 4101 3270 4157 Helcltisedec.

2121 4211 2299 4279 Quod,
2324 4220 2479 4283 puto,
2501 4213 2656 4268 novit
2674 4222 2732 4269 et
2758 4229 2955 4284 passus
2981 4224 3066 4271 est
3089 4216 3427 4299 admirabilis
3451 4218 3543 4272 ille
3570 4229 3625 4270 et

2048 4319 2280 4375 magnus
2315 4304 2699 4370 Melchisedec,
2727 4305 2797 4360 de
2827 4320 2938 4376 quo
2967 4321 3163 4377 magna
3194 4316 3250 4362 et
3277 4308 3622 4364 admirabilia

2048 4396 2104 4451 in
2144 4394 2448 4465 Scripturis
2479 4394 2701 4450 divinus
2735 4411 2918 4451 sermo
2949 4406 3190 4459 enarrat.
3223 4400 3368 4469 quod
3409 4410 3623 4470 tempus

375 4471 557 4540 λόγος,
587 4476 782 4547 χρόνου
838 4478 929 4529 καὶ
968 4476 1184 4545 φύσεως
1229 4479 1486 4548 ὑπεράνω
1534 4478 1942 4547 γενέσθαι,καὶ

2058 4500 2112 4540 ac
2135 4494 2390 4539 naturam
2421 4486 2722 4555 superavit,
2750 4486 2958 4557 Deique
2989 4487 3130 4542 Filio
3159 4488 3391 4544 similari
3423 4491 3623 4561 dignus

372 4567 707 4637 ὁμοιωθῆναι
756 4567 833 4638 τῷ
867 4569 982 4639 Υἱῴ
1018 4569 1112 4622 τοῦ
1157 4569 1292 4623 Θεοῦ
1332 4570 1663 4640 κατηξιώθη,
1706 4571 1946 4638 τοιοῦτος

371 4658 484 4723 ἕξει
516 4659 718 4730 δηλαδὴ
745 4661 885 4715 κατά
912 4662 1011 4732 τὴν
1044 4663 1206 4733 χάριν
1241 4664 1317 4727 ὡς
1357 4654 1581 4732 ἐφικτὸν
1625 4665 1942 4736 γενόμενος,

371 4748 481 4816 οἷος
528 4752 691 4815 αὐτὸς
741 4752 770 4804 ὑ
811 4753 977 4825 δοτὴρ
1042 4756 1144 4824 τῆς
1200 4755 1422 4826 χάριτος
1454 4756 1597 4809 κατά
1630 4757 1729 4826 τὴν
1756 4757 1944 4812 οὑσίαν

371 4846 634 4915 ὑπάρχων
669 4847 1013 4901 πιστεύεται.
1038 4849 1113 4901 Τὸ
1143 4848 1254 4918 γάρ
1294 4846 1561 4916 Ἀπάτωρ
1583 4848 1681 4902 καὶ
1700 4849 1943 4919 ἀμήτωρ

369 4935 468 4989 καὶ
512 4937 989 5008 ἀγενεαλόγητος
1068 4940 1199 5010 περὶ
1255 4939 1419 4993 αὑτοῦ
1479 4940 1812 5011 λεγόμενον,
1840 4941 1944 4995 οὑκ

368 5025 498 5079 alio
552 5028 779 5098 μηνύειν
816 5030 1030 5082 ὑπονοῶ
1056 5030 1088 5102 ἢ
1117 5032 1218 5100 τὴν
1272 5032 1643 5102 ἐγγενομένην
1695 5032 1845 5103 αὑτῷ
1877 5032 1942 5086 ἐκ

366 5117 467 5185 τῆς
531 5120 652 5173 κατ’
712 5120 913 5192 ἀρετὴν
953 5122 1261 5193 ἀκροτάτης
1302 5123 1525 5194 χάριτος
1570 5123 1786 5176 τελείαν
1830 5122 1942 5175 τῶν

367 5211 615 5280 φυσικῶν
646 5214 1044 5284 γνωρισμάτων
1072 5213 1331 5267 ἀπόθεσιν
1364 5230 1379 5246 ο
1416 5214 1477 5267 τὸ
1530 5213 1589 5267 δὲ
1629 5213 1780 5283 μήτε
1832 5216 1939 5281 dp-

365 5300 487 5371 χὴν
517 5303 776 5372 ἡμερῶν,
808 5303 961 5373 μήτε
1017 5302 1165 5373 ζωῆς
1190 5303 1367 5371 τέλος
1404 5305 1549 5376 ἔχειν
1569 5345 1585 5369 ,
1614 5304 1712 5376 τὴν
1740 5305 1938 5376 χρόνου

366 5397 568 5459 παντὸς
604 5396 698 5449 xui
726 5396 922 5460 αἰῶνος
961 5396 1203 5465 ἰδιότητα
1244 5396 1667 5468 περιγράφουσα
1692 5396 1896 5466 γνῶσιν
1918 5436 1934 5461 ,

437 5525 464 5565 δ
498 5528 665 5584 llcbr.
699 5545 790 5594 vn,
816 5529 869 5584 '5.
949 5530 964 5569 ί
997 5528 1131 5583 ibid.

2050 4575 2271 4632 habitus
2292 4584 2397 4640 est,
2416 4576 2541 4632 talis
2562 4576 2822 4633 videlicet
2847 4578 3038 4634 habitu
3063 4581 3365 4636 secundum
3390 4585 3618 4651 gratiam

2046 4667 2223 4737 quoad
2260 4668 2436 4737 potuit
2461 4668 2658 4734 factus,
2689 4670 2867 4739 qualis
2902 4671 3017 4741 ipse
3038 4672 3224 4743 gratia:
3244 4673 3401 4729 dator
3425 4691 3621 4731 secun-

2046 4758 2176 4813 dum
2206 4760 2502 4815 essentiam
2527 4776 2649 4816 esse
2674 4761 2941 4817 creditur.
2963 4761 3120 4829 Quod
3148 4765 3296 4819 enim
3325 4766 3442 4820 sine
3465 4777 3619 4837 patre

2045 4858 2102 4906 et
2125 4859 2300 4906 matre
2321 4860 2377 4906 et
2399 4851 2517 4906 sine
2540 4867 2739 4923 genere
2762 4861 3022 4909 censetur
3042 4856 3093 4921 ιι,
3118 4856 3256 4911 nihil
3278 4856 3428 4912 aliud
3454 4858 3622 4929 signi-

2047 4940 2209 4997 ficare
2234 4950 2367 5012 puto
2390 4959 2552 5013 quam
2580 4960 2702 5014 qua:
2723 4946 2954 5017 contigit
2979 4946 3030 5001 ei
3062 4963 3130 5001 ex
3154 4962 3368 5004 summa
3395 4958 3621 5021 propter

2044 5031 2306 5086 virtutem
2360 5034 2531 5103 gratia
2585 5036 2917 5091 naturalium
2968 5038 3265 5110 insignium
3315 5040 3617 5110 perfectam

2044 5121 2443 5192 depositionem
2482 5141 2496 5177 :
2536 5124 2671 5179 illud
2711 5142 2861 5192 vero,
2892 5130 3039 5198 quod
3075 5147 3241 5203 neque
3273 5134 3480 5189 dierum
3513 5136 3618 5189 im“-

2043 5214 2176 5267 tium
2206 5229 2372 5284 neque
2399 5214 2518 5269 vita:
2537 5215 2700 5284 ﬁnem
2720 5218 2910 5273 habeat
2933 5221 2975 5284 ί,
2999 5224 3368 5294 cognitionem
3401 5232 3618 5296 tempus

2042 5320 2206 5360 omne
2234 5315 2290 5361 et
2311 5323 2485 5361 terum
2517 5307 3091 5380 circumscribentem,
3114 5323 3172 5370 et
3194 5316 3616 5387 contemplatio-

2042 5411 2167 5450 nem
2210 5398 2393 5453 omnis
2436 5400 2737 5456 materialis
2777 5410 2833 5458 ct
2874 5403 3251 5462 immaterialis
3291 5407 3614 5464 substantiae

1673 5598 1909 5656 VARUE
1952 5598 2356 5660 LECTIONES.

436 5693 484 5727 "
514 5693 802 5758 ἐνωθὲντος
839 5695 1003 5751 habet
1034 5695 1427 5768 apographum.
