3984 6198
358 264 496 332 1ῑ39

1519 270 1579 328 S.
1622 264 1913 326 ΜΑΧΙΜΙ
1953 265 2469 328 CONFESSORIS

3503 256 3637 326 111.6

355 379 740 435 C(SiSlClllitlm
777 388 1133 449 superantem
1171 386 1404 433 testatur
1434 395 1445 407 ·
1479 376 1626 447 quod
1658 392 1791 430 vero
1817 374 1952 429 Filio

2073 377 2153 430 (αἰ
2208 377 2391 448 πάσης
2426 377 2621 448 ὐλικῆς
2666 377 2760 432 καὶ
2817 375 2983 431 ἄθλου
3033 374 3222 438 οὐσίας
3265 372 3364 446 τὴν
3404 370 3640 444 ὓπαρξιν

360 471 454 529 Dei
495 472 820 527 assimihztus
852 470 1096 525 sacerdos
1132 477 1347 546 manegt
1380 470 1433 523 in
1470 478 1785 541 perpetuum
1811 466 1858 530 i,
1892 467 1944 522 id

287 564 305 653 ξ
357 567 596 621 fortaSse
644 564 962 619 manifestat
1006 578 1134 619 eum
1182 563 1250 618 ad
1305 577 1477 632 usque
1532 562 1696 616 tinem
1751 560 1947 615 habitu

290 650 305 677 ⁵
362 663 654 716 immutato
682 672 845 727 posse
869 656 1095 712 virtutis
1121 657 1232 711 Deo
1260 654 1553 710 simillima:
1578 669 1643 717 ac
1668 650 1869 708 divina:
1892 660 1949 707 et

363 753 416 806 in
451 752 623 805 Deum
657 746 973 803 intuitionis
1002 745 1441 803 intellectualem
1470 745 1694 800 oculum
1730 756 1948 807 servare

359 849 635 912 apertum.
672 837 809 895 Cum
856 849 1055 893 natura
1099 835 1543 907 enim,eonﬂigit
1588 835 1792 900 virtus,
1824 849 1949 892 eum

363 943 613 1005 tempore
642 942 701 988 et
726 947 845 987 aevo
869 947 999 986 vera
1027 928 1443 999 contemplatio,
1468 928 1639 982 altera
1662 935 1725 982 ut
1746 927 1950 982 invicta

364 1047 393 1084 ιι
429 1027 645 1084 οωῑετίε
679 1033 901 1081 maneat
931 1038 1276 1093 quaecunque
1312 1031 1438 1093 post
1470 1023 1641 1079 Deum
1676 1037 1798 1077 esse
1832 1036 1953 1076 cre-

363 1119 595 1181 duntur,
623 1126 681 1172 et
709 1116 1050 1185 insuperata,
1080 1121 1140 1167 ιιι
1170 1114 1349 1168 solum
1383 1114 1555 1168 Deum
1589 1112 1769 1185 sciens
1798 1111 1954 1183 geni-

368 1221 564 1273 torem,
591 1209 764 1264 altera
793 1223 926 1262 vero
958 1207 1459 1278 incircumscripta,
1489 1208 1545 1261 in
1578 1205 1730 1259 nullo
1758 1219 1953 1259 eorum

366 1318 490 1372 qure
534 1301 749 1356 initium
793 1307 888 1353 aut
934 1298 1099 1353 linem
1145 1299 1350 1354 habent
1392 1298 1723 1361 immorans,
1761 1304 1954 1366 utpote

370 1395 464 1449 Dei
496 1409 593 1464 per
621 1407 680 1446 se
710 1389 1005 1461 imaginem
1035 1388 1301 1450 referens,
1330 1389 1423 1457 qui
1456 1402 1619 1442 omne
1648 1386 1866 1440 initium
1899 1393 1955 1440 et

370 1488 533 1541 tinem
570 1483 765 1540 deﬁnit
800 1496 1131 1550 omnemque
1172 1479 1599 1535 intellectionem
1641 1477 1957 1548 intelligeno

371 1580 508 1631 tium
534 1573 802 1629 ineffabili
823 1570 1028 1627 ecstasi
1052 1570 1118 1625 ad
1143 1585 1201 1625 se
1226 1568 1417 1626 trahit.
1440 1568 1521 1623 Ex
1544 1568 1748 1639 quibus
1769 1567 1956 1622 divina

368 1675 599 1741 apparet
623 1664 949 1729 similitudo,
973 1662 1328 1735 cognitionis,
1355 1662 1604 1732 inquam,
1629 1668 1685 1715 et
1711 1659 1953 1724 virtutis,

2057 468 2501 540 ὐπερὸαίνουσαν
2529 468 2766 539 θεωρίαν
2798 469 3108 540 μαρτυρεῖ·
3128 466 3190 519 τὸ
3220 466 3275 520 δὲ
3316 466 3640 534 Ἀέεωμοιω-

2050 560 2240 629 μένος
2285 560 2367 628 τῷ
2424 561 2536 629 Υίῷ
2575 560 2682 616 τοῦ
2736 559 2885 615 Θεοῦ
2920 558 3091 630 μένει
3130 561 3216 624 εὶς
3268 556 3336 611 τὸ
3365 555 3647 624 διενηκὲς

2058 653 2281 723 ἱερεὺς,
2313 655 2454 725 τάχα
2492 654 2654 727 μέχρι
2685 652 2879 716 τέλους
2926 651 3050 706 καθ’
3085 650 3203 715 ’ἐξιν
3233 650 3504 720 ἄτρεπτον
3539 650 3645 718 τῆς

2059 743 2477 818 θεοειδεστάτης
2525 746 2732 819 ἀρετῆς
2786 744 2882 799 καὶ
2931 744 3031 812 τῆς
3063 742 3216 806 θείας
3248 741 3345 795 καί⁸
3388 738 3525 810 πρὸς
3552 738 3648 790 τὸν

2056 836 2192 893 Θεὸν
2243 836 2424 909 (151
2455 838 2509 910 a)
2552 837 2909 901 ένατενίσεως
2942 836 3004 890 τὸ
3048 835 3237 906 νοερὸν
3265 834 3422 903 ὄμμα
3452 830 3649 886 ἀνεπί-

2062 945 2266 997 μυστον
2290 929 2589 1000 δυνηθῆναι
2613 927 2850 999 φυλάξαι
2877 925 3202 998 παραδηλοῖ.
3226 925 3307 995 Τῇ
3339 921 3504 992 φύσει
3533 918 3648 990 γὰρ

2059 1021 2094 1091 ἡ
2128 1019 2303 1093 ἁρετὴ
2364 1019 2637 1093 μάχεσθαι
2684 1020 2917 1091 πέφυκε,
2972 1019 3069 1072 καὶ
3125 1017 3303 1088 χρόνῳ
3348 1014 3446 1069 καὶ
3487 1011 3651 1066 αἰῶνι

2058 1115 2092 1184 ἡ
2127 1112 2334 1187 ἀληθὴς
2373 1112 2601 1185 θεωρία,
2629 1113 2717 1166 ἵνα
2749 1115 2781 1184 ή
2844 1111 2943 1184 μὲν
2979 1110 3282 1172 ἀδούλωτος
3340 1106 3493 1179 μένοι
3535 1107 3651 1168 τοῖς

2060 1205 2244 1270 ἄλλοις
2298 1206 2399 1259 ὅσα
2433 1206 2573 1275 μετά
2603 1205 2737 1260 Θεὸν
2763 1203 2903 1261 εἶναι
2943 1201 3262 1260 πιστεύεται
3284 1244 3300 1268 ,
3341 1200 3437 1254 καὶ
3467 1197 3649 1268 ἀκρά-

2061 1314 2243 1369 τητος,
2270 1296 2346 1361 ὡς
2376 1296 2511 1351 Θεὸν
2545 1297 2707 1367 μόνον
2736 1297 2911 1351 εἰδυῖα
2951 1295 3283 1365 γεννήτορα,
3314 1293 3348 1363 ἡ
3370 1291 3428 1345 δὲ
3452 1288 3651 1360 ἀπερί-

2062 1404 2294 1460 γραφος,
2333 1387 2512 1443 οὐδενὶ⁵
2553 1389 2663 1442 τῶν
2690 1386 2867 1459 ἀρχὴν
2900 1387 2933 1458 ἢ
2966 1386 3123 1451 τέλος
3167 1383 3402 1456 ἑχόντων
3454 1383 3653 1434 ἐναπο-

2066 1483 2327 1556 μένουσα,
2360 1483 2437 1545 ὡς
2468 1483 2601 1537 Θεὸν
2638 1483 2706 1537 δι’
2724 1482 2926 1554 ἑαυτῆς
2954 1480 3324 1545 εἰκονίζουσα,
3350 1477 3446 1530 τὸν
3468 1475 3651 1546 πάσης

2062 1577 2237 1647 ἀρχῆς
2256 1576 2351 1630 καὶ
2377 1574 2567 1639 τέλους
2592 1574 2886 1647 ὁριστικὸν,
2905 1575 3002 1629 καὶ
3027 1574 3207 1628 πᾶσαν
3226 1571 3411 1640 νόησιν
3433 1568 3546 1622 τῶν
3563 1584 3651 1620 νο·

2062 1669 2272 1725 ούντων
2303 1671 2425 1724 κατ’
2451 1668 2713 1724 ἔκστασιν
2741 1668 2982 1741 ἄρρητον
3006 1665 3143 1738 πρὸς
3166 1664 3361 1719 ἑαυτὸν
3394 1662 3647 1716 ἕλκοντα.

369 1776 427 1817 (ιι
451 1779 549 1833 per
571 1776 712 1833 quas
735 1760 853 1817 intu
865 1758 1055 1814 rbatus
1078 1756 1175 1812 Dei
1200 1755 1373 1811 solius
1399 1769 1553 1809 amor
1574 1753 1756 1824 dignis
1783 1767 1967 1807 serva-

2080 1761 2172 1828 Ἐξ
2202 1755 2332 1832 ὧνή
2357 1761 2478 1816 θεία
2506 1760 2770 1832 ὁμοίωσις
2804 1759 3106 1822 δείκνυται,
3130 1755 3390 1828 γνώσεώς
3418 1752 3480 1807 τέ
3506 1769 3650 1823 φημι

372 1868 484 1920 tur,
511 1852 819 1910 secundum
854 1865 1021 1921 quem
1060 1846 1380 1924 adoptionis
1411 1845 1678 1916 dignatio,
1705 1852 1767 1899 ut
1787 1844 1963 1899 Deum

370 1952 552 2013 iteret,
583 1948 710 2002 data
746 1953 1017 2016 perpetuo
1049 1940 1204 1997 adire
1233 1941 1406 1996 Deum
1439 1946 1496 1994 et
1525 1937 1718 1994 adesse
1755 1935 1965 2008 gratiﬁ-

371 2050 549 2107 catur,
574 2056 697 2111 qua:
724 2038 974 2107 dignatio
997 2034 1067 2090 ad
1094 2032 1475 2089 exorationem
1502 2031 1680 2103 ipsam
1705 2027 1965 2084 adeuntis

372 2135 620 2189 divinam
660 2128 1083 2187 similitudinem
1122 2124 1367 2181 exhibet.
1403 2122 1561 2180 Unde
1599 2120 1965 2192 probabiliter

374 2225 617 2281 arbitror
657 2237 766 2277 non
810 2236 909 2290 per
946 2228 1163 2287 tempus
1204 2223 1263 2270 et
1299 2221 1588 2278 naturam,
1622 2212 1725 2268 sub
1761 2211 1967 2283 quibus

375 2315 705 2373 naturaliter
739 2312 878 2367 ﬁniit
910 2324 1142 2382 magnus
1179 2305 1563 2371 Melchisedec,
1589 2319 1822 2375 quaeque
1853 2303 1965 2358 vita

375 2421 431 2466 et
450 2409 671 2464 ratione
695 2408 807 2475 jam
840 2402 1122 2475 superavit
1146 2408 1204 2457 et
1233 2412 1465 2471 prorsus
1494 2394 1826 2466 dereliquit,
1852 2394 1964 2451 dici

378 2504 585 2559 dobere
623 2520 636 2557 :
670 2501 866 2557 Divina
902 2515 1023 2554 eum
1057 2514 1178 2553 cum
1208 2494 1524 2569 justiﬁcavit
1566 2492 1734 2557 ratio;
1767 2489 1867 2547 sed
1898 2504 1966 2546 ex

378 2599 582 2670 quibus
623 2604 681 2652 et
718 2610 817 2667 per
855 2608 976 2664 quat
1020 2591 1269 2647 animum
1311 2604 1377 2644 ac
1419 2587 1761 2643 voluntatem
1808 2597 1966 2638 suam

380 2688 759 2762 regeneravit,
804 2686 859 2741 id
901 2693 988 2740 est
1034 2684 1241 2739 virtute
1284 2690 1341 2737 et
1378 2678 1722 2752 cognitione,
1762 2675 1968 2732 debere

376 2783 585 2839 vocari.
611 2782 671 2837 ιιι
707 2780 913 2852 quibus
938 2777 1086 2834 enim
1111 2777 1368 2832 voluntas
1394 2773 1645 2844 gnaviter
1667 2786 1768 2841 per
1792 2769 1970 2824 virtu-

383 2892 466 2931 les
492 2891 616 2931 cum
642 2875 763 2945 lege
790 2880 1022 2936 naturae,
1050 2885 1175 2925 cum
1203 2884 1310 2939 qua
1336 2866 1541 2923 bellum
1568 2878 1833 2935 perquam
1863 2861 1970 2917 dif-

270 3012 279 3022 .
382 2970 546 3034 tieile,
575 2964 900 3030 decertavit,
927 2971 1092 3033 atque
1119 2960 1386 3032 temporis
1411 2958 1626 3028 avique
1654 2954 1968 3028 proprieta-

383 3073 493 3116 tem
529 3073 628 3131 per
661 3056 1035 3129 cognitionem
1070 3054 1410 3108 intemeratae
1441 3049 1643 3105 mentis
1667 3047 1968 3104 transvolat

383 3153 588 3217 motio,
620 3151 706 3205 his
745 3166 856 3204 non
894 3147 977 3203 fas
1017 3154 1103 3202 est
1140 3138 1447 3200 attribuére
1486 3142 1807 3197 relictorum
1849 3147 1971 3194 tan-

384 3260 551 3315 quam
592 3241 807 3311 insigne
843 3237 1269 3309 proprietatem,
1301 3234 1398 3291 sed
1435 3232 1621 3304 potius
1655 3239 1968 3301 assumpto-

386 3352 510 3391 rum
545 3331 1027 3404 magnificentiam,
1052 3344 1123 3383 ex
1152 3327 1356 3397 quibus
1386 3335 1441 3381 et
1470 3325 1522 3379 iu
1553 3324 1759 3395 quibus
1789 3323 1968 3377 solum

388 3436 520 3482 sunt
546 3434 711 3496 atque
742 3428 1133 3494 agnoscuntur.
1159 3418 1214 3474 Si
1240 3417 1464 3488 quidem
1493 3417 1659 3472 etiam
1686 3430 1788 3469 nos
1811 3423 1973 3468 natu-

388 3520 582 3576 raliter
621 3518 703 3573 eis
746 3530 869 3587 quae
910 3513 1173 3568 videntur
1213 3508 1525 3565 incidentes
1571 3523 1640 3563 ex
1689 3505 1972 3562 coloribus

387 3628 618 3685 corpora
659 3621 716 3667 et
755 3610 1038 3681 signamus
1073 3613 1129 3661 et
1167 3602 1534 3674 appellamus,
1570 3599 1742 3656 veluti
1782 3599 1971 3653 lumen

388 3723 574 3764 aerem
611 3706 737 3763 luce
773 3702 1079 3775 perfusum,
1111 3708 1169 3755 et
1203 3699 1383 3769 ignem
1417 3694 1858 3766 qualemcunque
1892 3691 1977 3746 in-

390 3816 610 3857 censam
639 3796 943 3859 materiam,
963 3801 1022 3850 et
1043 3790 1337 3848 candidum
1365 3801 1567 3858 corpus
1595 3783 1985 3849 candidatum,

391 3908 623 3964 quaeque
651 3891 756 3946 alia
784 3897 915 3944 sunt
941 3888 1108 3958 hujus
1134 3882 1373 3955 generis.
1399 3880 1556 3947 Quod
1589 3879 1637 3933 si
1668 3876 1976 3933 secundum

391 3987 560 4043 animi
588 4001 654 4041 ac
677 3981 977 4039 voluntatis
998 3980 1261 4034 virtutem
1293 3974 1469 4046 pluris
1496 3970 1787 4029 aestimavit
1811 3985 1977 4040 quam

393 4092 648 4137 raturam
698 4084 756 4130 οι
804 4085 1151 4144 quascunque
1197 4083 1318 4124 eam
1365 4072 1709 4136 sequuntur,
1748 4072 1977 4134 propter

392 4172 683 4244 pulchram
728 4173 933 4221 nostra:
977 4160 1268 4235 dignitatis
1314 4159 1676 4225 electionem,
1717 4165 1774 4214 et
1814 4171 1977 4213 omne

394 4278 615 4335 tempus
643 4270 809 4330 atque
836 4272 1011 4314 aevum
1045 4253 1360 4327 cognitione
1395 4251 1696 4323 superavit,
1722 4264 1983 4321 quaecun-

393 4373 504 4426 que
528 4362 653 4426 post
679 4353 851 4407 Deum
878 4356 1008 4405 sunt
1036 4362 1071 4404 a
1106 4354 1260 4418 tergo
1291 4345 1398 4403 sibi
1430 4358 1554 4401 esse
1587 4343 1865 4415 gnostices
1896 4356 1983 4401 Se-

2067 1854 2163 1907 καί.
2189 1852 2418 1924 ἀρετῆς,
2459 1852 2555 1905 καί
2584 1852 2650 1905 δι’
2681 1844 2756 1904 ὧν
2794 1851 2828 1922 ή
2860 1850 2940 1913 εἰς
2986 1849 3147 1920 μόνον
3186 1846 3278 1901 τὸν
3314 1845 3467 1899 Θεὸν.
3489 1841 3651 1898 ἀκλό-

2069 1963 2233 2018 νητος
2263 1947 2452 2017 ἀγάπη
2481 1946 2594 2008 τοῖς
2620 1943 2794 2019 ἀξίοις
2824 1942 3178 2014 φυλάττεται,
3207 1938 3330 1993 καθ’
3364 1938 3433 2008 ἣν
3463 1937 3524 1991 τὸ
3549 1935 3651 2006 τῆς

2065 2037 2339 2101 υἱοθεσίας
2391 2035 2612 2106 ἀξίωμα
2660 2033 2987 2107 θεοπρεπῶς
3041 2033 3329 2104 διδόμενον
3380 2027 3651 2102 διηνεκῶς

2061 2132 2420 2202 ἐντυγχάνειν
2466 2129 2590 2200 Θεῷ
2638 2129 2738 2183 και
2787 2125 3132 2200 παρεστάναι
3172 2121 3479 2195 χαρίζεται,
3512 2120 3652 2192 πρὸς

2065 2223 2387 2294 δυσώπησιν
2445 2221 2619 2294 αὐτὴν
2683 2218 2780 2275 τοῦ
2840 2218 3269 2290 ἐντυγχάνοντος
3330 2215 3433 2286 τὴν
3498 2213 3652 2267 θείαν

2063 2316 2327 2387 ὁμοίωσιν
2357 2314 2750 2387 παρεχόμενον.
2782 2312 2946 2367 Ὅθεν
2996 2310 3227 2374 εἰκότως
3276 2305 3650 2377 ὑπολαμϐάνω

2070 2409 2146 2482 μὴ
2177 2409 2268 2463 διὰ
2301 2409 2495 2480 χρόνου
2541 2408 2640 2463 καὶ
2685 2406 2925 2477 φύσεως,
2955 2404 3047 2475 ὑφ’
3073 2404 3110 2459 ἃ
3154 2401 3401 2474 φυσικῶς
3432 2399 3650 2453 ὲτέλειὸ

2071 2502 2246 2574 μέγας
2297 2501 2656 2572 Μελχισεδὲκ,
2708 2498 2808 2571 βίῳ
2875 2498 2969 2553 καὶ
3009 2496 3155 2567 λόγῳ
3224 2491 3649 2565 ὐπερϐαθέντων

2066 2595 2171 2667 ἠδη
2200 2597 2295 2650 καὶ
2322 2593 2605 2657 παντελῶς
2642 2590 3166 2661 καταλελειμμένων
3198 2581 3651 2659 προσαγορευθῆ-

2068 2704 2160 2741 ναι
2186 2686 2319 2752 δεῖν,
2366 2685 2430 2739 '0
2462 2684 2620 2751 θεῖος
2645 2683 2835 2738 αὐτὸν
2864 2681 3183 2737 ἐδικαίωσε
3209 2680 3415 2748 λόγος,
3449 2675 3564 2730 ἀλλ’
3590 2674 3651 2742 ἐξ

2068 2772 2143 2834 ὧν
2173 2780 2269 2833 καί
2292 2778 2358 2832 δι’
2381 2770 2458 2832 ὧν
2482 2777 2678 2832 ἑαυτὸν
2712 2775 3048 2848 μετεποίησε
3065 2770 3385 2844 γνωμικῶς,
3413 2768 3616 2841 ἀρετῆς

2070 2868 2216 2938 λέγω
2262 2869 2359 2924 καὶ
2415 2868 2692 2938 γνώσεως,
2752 2865 3148 2938 ὀνομασθῆναι.
3192 2862 3308 2929 Ἐφ’
3344 2854 3421 2917 ὧν
3462 2862 3572 2931 γὰρ
3618 2860 3652 2931 η

2071 2960 2265 3032 γνώμη
2294 2959 2561 3028 γενναίως
2592 2957 2681 3012 διὰ
2708 2957 2819 3011 τῶν
2847 2955 3061 3030 ἀρετῶν
3090 2955 3183 3009 τὸν
3220 2952 3653 3024 δυσμαχώτατον

2068 3054 2171 3123 τῆς
2226 3051 2445 3123 φύσεως
2491 3049 2910 3121 κατηγωνίσατο
2961 3046 3147 3118 νόμον,
3178 3046 3270 3100 καὶ
3313 3045 3414 3115 τὴν
3452 3042 3652 3115 χρόνου

2071 3146 2168 3199 καί⁸
2216 3144 2414 3206 αἰῶνος
2465 3142 2708 3213 ἰδιότητα
2744 3139 2835 3194 διὰ
2875 3137 3133 3209 γνώσεως
3171 3136 3455 3208 ἀχράντως
3492 3137 3526 3203 ἡ
3554 3132 3652 3186 τοῦ

2073 3235 2165 3291 νοῦ
2204 3236 2580 3308 ὑπερίπταται
2616 3233 2856 3302 κίνησις,
2885 3230 3101 3294 τούτοις
3127 3231 3228 3283 οὐκ
3259 3227 3408 3282 ἔστιν
3439 3227 3654 3293 ἐπιφη-

2078 3326 2234 3397 μίσαι
2261 3324 2470 3377 δίκαιον
2503 3322 2612 3376 τῶν
2643 3317 3082 3389 ἀπολειφθέντων
3119 3316 3194 3379 ὡς
3234 3314 3525 3385 γνώρισμα
3552 3311 3658 3373 τὴν

2079 3419 2342 3489 ἰδιότητα,
2379 3415 2561 3487 (151
2596 3413 2649 3486 b)
2686 3411 2823 3472 ἀλλά
2861 3410 3063 3482 μᾶλλον
3116 3408 3216 3479 τὴν
3265 3405 3375 3460 τῶν
3417 3401 3660 3475 προσλη-

2077 3511 2325 3582 φθέντων
2373 3506 2878 3581 μεγαλοπρέπειαν,
2910 3503 2969 3569 ἐξ
3015 3494 3090 3556 ὧν
3141 3500 3236 3555 καὶ
3280 3500 3337 3552 έν
3382 3490 3463 3560 οἷς
3497 3494 3664 3566 μόνον

2079 3600 2189 3655 εἰσί
2238 3598 2428 3653 λοιπὸν
2477 3596 2571 3652 καὶ
2615 3591 3095 3664 έπιγινώσκονται.
3135 3588 3293 3644 Ἐπεὶ
3345 3586 3442 3641 καὶ
3494 3585 3664 3656 ⁴ἡμεῖς

2079 3692 2326 3765 φυσικῶς
2375 3691 2491 3753 τοῖς
2524 3689 2741 3760 ὁρατοῖς
2774 3683 3162 3745 ὲπιῦάλλοντες
3178 3682 3245 3733 ὲκ
3280 3678 3390 3731 τῶν
3429 3676 3666 3749 χρωμά-

2076 3799 2188 3838 των
2224 3781 2294 3836 τὰ
2344 3777 2573 3850 σώματα
2625 3776 2723 3830 καὶ
2778 3772 3119 3849 γνωρίζομεν
3162 3770 3256 3825 καὶ
3292 3765 3665 3838 ὀνομάζομεν,

2078 3869 2190 3930 οἷον
2228 3872 2305 3935 ὡς
2334 3870 2450 3945 φῶς
2484 3872 2577 3923 τὸν
2607 3866 3021 3938 πεφωτισμένον
3064 3863 3227 3935 ἀέρα,
3264 3861 3361 3916 καί
3415 3858 3529 3930 πῦρ
3561 3857 3670 3928 τὴν

2080 3965 2299 4023 οἰανοῦν
2339 3963 2512 4033 πυρὸς
2560 3960 2884 4031 ἐξημμένην
2924 3956 3081 4027 ὓλην,
3115 3953 3211 4009 καὶ
3255 3951 3453 4007 λευκὸν
3480 3949 3541 4002 τὸ
3570 3948 3671 4000 λε-

2079 4054 2451 4127 λευκασμένον
2500 4052 2685 4123 σῶμα,
2717 4050 2813 4103 καὶ
2851 4049 2952 4103 ὅσα
2996 4044 3135 4101 ἀλλα
3163 4042 3572 4113 τοιουτότροπα.
3599 4039 3674 4091 El

2082 4149 2265 4204 τοίνυν
2326 4143 2621 4216 γνωμικῶς
2654 4143 2771 4213 ,τὴν
2812 4138 3013 4212 ἀρετὴν
3066 4138 3167 4207 τῆς
3191 4135 3408 4205 φύσεως
3437 4131 3529 4186 καὶ
3555 4128 3676 4182 τῶν

2085 4239 2206 4297 κατ’
2242 4237 2414 4308 αὐτὴν
2436 4236 2696 4290 ἁπάντων
2724 4232 3085 4304 προετίμησε.
3111 4227 3200 4283 διὰ
3226 4226 3327 4299 τὴν
3361 4224 3530 4295 καλὴν
3569 4220 3677 4275 τοῦ

2086 4332 2173 4400 ἐφ’
2197 4332 2330 4403 ἡμῖν
2364 4326 2678 4399 ἀξιώματος
2714 4325 2949 4397 αἵρεσιν,
2980 4322 3076 4375 καί⁵
3106 4320 3288 4374 πάντα
3326 4316 3518 4388 χρόνον
3567 4313 3678 4366 καὶ

397 4446 642 4501 eundum
675 4439 1197 4515 contemplationem
1226 4436 1525 4503 aestimans,
1549 4443 1608 4490 et
1626 4433 1763 4489 nulli
1787 4446 1970 4488 eorum

2088 4425 2262 4482 αἰῶνα
2291 4423 2435 4478 κατὰ
2470 4422 2570 4494 τὴν
2620 4419 2826 4490 γνῶσιν
2872 4415 3299 4487 ὐπερηκόντισε,
3331 4412 3511 4466 πάντα
3562 4410 3679 4462 ὅσα

397 4555 522 4609 quae
565 4536 844 4593 exsistunt
880 4532 937 4587 in
979 4546 1091 4602 quo
1133 4525 1673 4600 qualiscunquetille
1716 4523 1981 4581 terminus

397 4633 746 4690 observatur,
784 4625 1129 4685 immoratus,
1148 4619 1384 4684 divinus
1421 4615 1806 4678 Melchisedec,
1843 4622 1899 4669 et
1934 4613 1980 4670 si

397 4724 465 4776 τι]
501 4720 719 4777 divinas
748 4717 868 4781 Dei,
889 4729 1012 4786 qua:
1045 4712 1322 4784 principio
1350 4718 1541 4767 carent
1564 4718 1621 4765 et
1649 4707 1984 4765 immortales

399 4819 552 4874 sum.
585 4808 859 4867 essentias
882 4821 981 4877 per
1011 4803 1284 4860 rationem
1321 4800 1625 4859 secundum
1660 4798 1891 4871 gratiam
1926 4798 1984 4857 in

403 4901 616 4971 Spiritu
646 4904 942 4969 generatus
962 4904 1072 4957 est,
1092 4901 1151 4948 et
1173 4891 1378 4948 salvam
1410 4890 1465 4946 in
1495 4906 1555 4947 se
1583 4896 1641 4946 et
1664 4905 1852 4946 veram
1878 4888 1986 4945 fert

402 4995 501 5051 Dei
528 4990 797 5066 genitoris
819 4985 1242 5045 similitudinem
1269 4983 1337 5056 (si
1360 4982 1583 5055 quidem
1614 4983 1701 5038 vel
1724 4981 1986 5052 quaelibet

403 5085 689 5156 generatio
738 5078 1084 5154 generatoris
1125 5077 1307 5135 simile
1351 5082 1713 5147 repraesentat
1752 5088 1986 5145 genera-

405 5194 523 5237 tum
565 5198 578 5234 ε
619 5178 761 5233 Nam
800 5173 939 5247 quod
977 5178 1290 5243 generatum
1325 5177 1426 5233 est,
1460 5168 1667 5238 inquit,
1702 5167 1766 5220 de
1804 5183 1985 5231 carne,

403 5288 533 5327 caro
560 5277 660 5332 est,
683 5266 821 5338 quod
846 5279 965 5321 vero
988 5262 1053 5318 de
1076 5261 1270 5333 spiritu
1299 5267 1375 5314 est
1404 5266 1738 5330 generatum,
1766 5256 1990 5327 spiritus

407 5377 482 5421 εκι
509 5366 582 5438 ι),
608 5361 860 5433 sequitur
882 5366 945 5414 ut
972 5371 1084 5412 non
1116 5370 1184 5411 ex
1218 5352 1563 5411 naturalibus
1594 5360 1651 5407 et
1678 5351 1995 5421 temporali-

409 5459 516 5515 bus
545 5451 999 5529 proprietatibus,
1020 5448 1227 5518 quibus
1255 5458 1414 5517 pater
1435 5454 1489 5500 et
1518 5455 1693 5499 mater
1717 5454 1773 5499 et
1799 5460 1997 5515 genea—

485 5576 496 5625 i
538 5572 702 5629 llebr.
727 5584 843 5633 vui,
875 5567 929 5620 ’5.
1006 5562 1031 5601 ιι
1061 5564 1217 5619 Joan.
1241 5580 1318 5628 ιιι,
1349 5563 1401 5618 6.

489 5725 549 5830 ἓ
570 5725 908 5785 Vocabulum
936 5727 1117 5793 οὐσίας
1152 5727 1397 5799 δυιὶΙιΙργί
1435 5727 1502 5782 dc
1533 5742 1678 5783 meo.

2096 4518 2234 4591 μετὰ
2295 4515 2428 4569 Θεὸν
2487 4512 2718 4568 κατόπιν
2772 4506 2970 4564 ἑαυτοῦ
3015 4504 3339 4576 γνωστικῶς
3378 4500 3524 4555 κατὰ
3566 4499 3682 4569 τὴν

2099 4586 2336 4684 θεωρίαν
2364 4607 2757 4680 ποιησάμενος,
2778 4601 2957 4657 οὐδενί
2989 4599 3098 4654 τῶν
3126 4598 3297 4652 ὄντων
3328 4592 3596 4665 ἐμμείνας
3628 4586 3681 4660 ᾧ

2091 4683 2477 4773 ὲπιθεωρεῖται
2508 4699 2571 4753 τὸ
2595 4694 2813 4752 οίονοῦν
2835 4694 3031 4766 πέρας.
3058 4693 3086 4745 ὁ
3116 4688 3259 4754 θεῖος
3284 4683 3627 4756 Μελχισεδὲκ
3662 4723 3683 4749 ,

2104 4796 2244 4869 πρὸς
2291 4794 2349 4848 δὲ
2399 4792 2499 4856 τὰς
2545 4789 2699 4851 θείας
2742 4786 2840 4841 καὶ
2896 4784 3171 4855 ἀνάρχους
3220 4780 3315 4833 καὶ
3368 4776 3687 4869 ἀθανάτους

2101 4867 2315 4961 [οὐσίας
2339 4882 2413 4957 ⁷⁸]
2439 4880 2533 4937 τοῦ
2583 4878 2719 4933 Θεοῦ
2778 4874 2869 4931 διὰ
2913 4874 3008 4929 τοῦ
3055 4872 3218 4941 λόγου
3257 4867 3399 4923 κατὰ
3427 4868 3582 4939 χάριν
3619 4868 3687 4920 ὲν

2094 4959 2383 5049 πνεύματι
2410 4973 2759 5045 γεγέννηται,
2793 4966 2887 5021 καὶ
2935 4964 3083 5020 σώαν
3112 4963 3207 5017 καὶ
3248 4959 3425 5031 ἀληθῆ
3456 4960 3513 5013 έν
3545 4960 3691 5012 sau-

2093 5072 2172 5144 τῷ
2200 5071 2361 5143 φέρει
2389 5066 2484 5124 τοῦ
2514 5065 2879 5137 γεννήσαντος
2926 5056 3065 5115 Θεοῦ
3096 5056 3195 5128 τὴν
3240 5053 3501 5125 ὁμοίωσιν
3528 5050 3689 5123 (ἐπεὶ

2097 5156 2385 5223 καὶπᾶσα
2436 5161 2694 5232 γέννησις
2747 5155 2945 5210 ταύτὸν
2985 5151 3064 5223 τῷ
3111 5148 3373 5219 γεννῶντι
3431 5144 3693 5213 πέφυκεν

2098 5257 2388 5314 ἀποτελεῖν
2419 5255 2481 5309 τὸ
2508 5250 2855 5323 γεννώμενον
2886 5264 2900 5280 ·
2947 5245 3017 5299 Τὸ
3047 5243 3157 5315 γὰρ
3189 5236 3642 5312 γεγεννημένον
3666 5279 3686 5301 ,

2068 5390 2073 5399 ι
2098 5352 2289 5422 φησὶν,
2317 5349 2387 5403 ἐκ
2422 5345 2531 5413 τῆς
2558 5342 2809 5411 σαρκὸς,
2841 5336 2999 5407 σάρξ
3020 5336 3174 5401 ἐστι,
3208 5330 3278 5386 τὸ
3306 5329 3383 5422 δὲῃ
3405 5343 3695 5422 τεγ-επνη-

2098 5443 2287 5513 [uiror
2335 5441 2403 5495 ἐκ
2434 5437 2540 5493 τοῦ
2574 5435 2914 5504 πνεύματος
2941 5424 3179 5497 πνεῦμά
3202 5419 3417 5492 ἐστιν),
3453 5416 3695 5481 εἰκότως

1685 5630 1922 5686 VARUS
1961 5626 2367 5686 LECTlONES.
