3984 6198
317 328 449 397 liii
1049 373 1055 377 -
1552 324 2073 387 AMBIGUORUM
2113 329 2362 388 LIBER.
2908 374 2916 382 .
3451 326 3597 393 11-12

311 447 414 500 οὐκ
462 445 527 497 ὲκ
584 439 696 494 τῶν
736 437 981 510 φυσικῶν
1016 435 1111 490 καὶ
1140 432 1415 507 χρονικῶν
1444 432 1776 502 ίδιωμάτων,
1809 429 1890 499 οἷς

2015 436 2165 508 ogia,
2208 437 2429 494 initium
2475 444 2531 493 et
2572 437 2701 494 ﬁnis
2742 440 3298 512 comprehenduntur
3338 441 3588 509 dierum,

312 538 502 607 πατήρ
543 551 604 588 τε
654 533 749 587 καὶ
800 528 1109 603 μήτηρκαὶ
1144 525 1490 596 γενεαλογία,
1524 525 1667 597 ἀρχή
1700 542 1759 578 τε
1795 525 1891 578 καὶ

2011 546 2119 601 inae
2152 531 2245 589 ille
2281 539 2635 588 antevertens
2668 533 2896 589 omnino
2925 535 3107 601 exuit,
3145 535 3242 592 sed
3283 552 3350 591 ex
3386 536 3592 591 divinis

312 629 467 691 τέλος
535 624 763 697 ἡμερῶν
822 621 1175 692 περιέχεται,
1230 618 1374 689 ἅπερ
1428 617 1646 686 φθάσας
1691 617 1892 671 ἑαυτοῦ

2011 635 2062 675 te
2097 620 2274 676 beatis
2306 622 2640 693 insignibus,
2667 624 2871 694 quibus
2903 625 3010 680 sibi
3042 625 3284 697 speciem
3324 626 3594 680 transfor-

313 717 600 779 παντελῶς
626 713 952 776 ὲπελύσατο,
984 710 1103 765 ἀλλ’
1128 711 1195 763 ὲκ
1234 710 1343 779 τῶν
1362 707 1542 762 -θείων
1570 708 1667 762 καὶ
1711 722 1895 777 μακα-

2011 716 2190 781 mavit,
2226 717 2305 772 sit
2335 720 2668 788 appellatus,
2704 736 2827 788 quae
2865 736 2975 775 non
3020 722 3311 776 attaminat
3349 730 3592 791 tempus,

216 838 235 849 κ
316 810 452 882 ρίων
474 805 902 879 γνωρισμάτων,
928 797 1009 866 οἷς
1037 802 1100 856 τὸ
1126 799 1264 865 εἶδος
1291 799 1473 872 ἑαυτῷ
1501 798 1860 871 μετ-εποίησεν
1877 836 1895 864 ,

2011 822 2103 862 nec
2151 818 2382 875 natura,
2414 825 2596 880 neque
2639 811 2811 871 ratio.
2842 828 3022 883 neque
3070 828 3259 878 mens,
3291 828 3395 867 nec
3439 812 3593 867 aliud

314 900 636 973 ὠνομάσθη,
669 898 853 971 (152
886 895 942 968 a)
974 888 1050 951 ὧν
1081 897 1184 951 οὐκ
1224 895 1530 965 ἐφικνεῖται
1568 892 1631 947 οὐ
1660 893 1854 965 χρόνος
1879 931 1896 958 ,

2011 898 2310 969 quidpiam,
2332 909 2394 955 ut
2416 900 2666 957 breviter
2690 902 2897 969 dicam,
2918 920 3262 974 quaecunque
3287 911 3441 959 sunt.
3462 902 3592 957 Sine

315 996 379 1050 οὐ
412 995 598 1065 φύσις,
629 994 691 1046 οὐ
724 990 1002 1060 λόγος,ὀύ
1023 987 1172 1053 νοῦς,
1202 986 1314 1041 οὐδ’
1333 982 1464 1042 ἄλλο
1487 1003 1542 1040 τι
1563 984 1899 1056 κατὰιπεερι-

2011 1000 2159 1062 patre
2191 992 2361 1064 igitur
2391 1003 2448 1049 et
2473 1002 2672 1059 matre,
2692 1003 2753 1050 et
2782 996 2904 1051 sine
2934 1012 3162 1067 genere,
3185 996 3344 1051 initio
3371 995 3591 1051 dierum

314 1085 535 1157 γραφὴν
590 1084 760 1154 φάναι
809 1081 921 1137 τῶν
965 1082 1136 1136 όντων
1169 1078 1637 1148 ούδὲν.’ᾼπάτωρ
1674 1074 1768 1134 οὖν
1799 1079 1899 1133 καὶ

2011 1092 2061 1139 et
2086 1083 2194 1140 ﬁne
2217 1085 2344 1140 vitae
2372 1101 2593 1152 carens,
2623 1088 2971 1158 perscriptus
2994 1098 3079 1144 est
3104 1104 3343 1160 magnus
3363 1088 3595 1144 Melchi-

314 1177 557 1247 ἀμήτωρ
579 1175 677 1231 καί
698 1174 1202 1245 ἀγενεαλόγητος,
1226 1172 1384 1243 μήτε
1412 1169 1614 1241 ἀρχὴν
1637 1170 1899 1241 ἡμερῶν,

309 1268 466 1338 μήτε
506 1267 685 1333 τέλος
743 1263 895 1334 ζωῆς
941 1257 1123 1334 ἔχων,
1154 1261 1576 1333 ἀναγέγραπται
1641 1261 1670 1314 ὁ
1725 1260 1921 1343 μέγας.

314 1359 674 1431 Μελχισεδὲκ,
706 1358 783 1422 ὡς
806 1358 837 1411 ὁ
886 1355 1095 1428 ἀληθὴς
1120 1354 1247 1410 τῶνε
1270 1354 1551 1425 θεοφόρων
1586 1343 1803 1424 ἀνδρῶν
1831 1353 1903 1406 τὰ

320 1451 448 1523 περὶ
473 1449 639 1504 αὐτοῦ
674 1450 977 1519 διεσάφησε
1006 1445 1168 1516 λόγος
1193 1484 1209 1511 ,
1240 1444 1302 1499 ού
1327 1443 1421 1498 διὰ
1464 1442 1566 1513 τὴν
1599 1440 1763 1523 φύσιν
1802 1441 1903 1513 τὴν

317 1542 548 1614 κτιστὴν
569 1541 667 1596 καὶ
690 1539 750 1607 ἐξ
778 1540 879 1595 οὐκ
902 1539 1097 1604 ὄντων,
1130 1536 1254 1591 καθ’
1285 1537 1351 1608 ἣν
1389 1533 1488 1590 τοῦ
1524 1529 1665 1589 εἶναι
1697 1532 1902 1606 ἤρξατό

319 1654 381 1690 τε
430 1635 525 1689 καὶ
566 1633 779 1706 ἔληξεν,
815 1631 955 1688 ἀλλὰ
1003 1630 1244 1700 διαντὴν
1278 1630 1444 1701 χάριν
1489 1628 1590 1699 τὴν
1620 1626 1775 1681 θείαν
1806 1626 1903 1680 καὶ

317 1729 616 1792 ἄκτιστον,
662 1727 763 1779 καὶ
809 1724 900 1778 ἀεὶ
951 1719 1121 1778 οὖσαν
1161 1720 1302 1795 ὑπὲρ
1346 1722 1530 1776 πᾶσαν
1582 1720 1747 1789 φύσιν
1807 1718 1903 1772 καὶ

317 1823 497 1876 πάντα
546 1820 860 1899 χρόνονηὲκ
913 1814 1008 1871 τοῦ
1050 1814 1136 1869 ἀεὶ
1174 1814 1329 1878 ὄντος
1376 1811 1536 1877 Θεοῦ,
1579 1809 1701 1899 καθ’
1731 1811 1799 1882 ἣν
1833 1809 1903 1864 δι’

2011 1826 2291 1882 voluntate
2319 1835 2376 1882 et
2401 1827 2588 1881 animo
2611 1835 2910 1899 generatus
2937 1825 3278 1898 agnoscitur.
3305 1824 3470 1879 Solus
3498 1839 3598 1878 au:-
3626 1810 3627 1815 “

318 1916 443 1969 ὅλου
471 1891 641 1984 μόνην
666 1891 787 1975 ὅλος
815 1905 1115 1980 γνωμικῶς
1141 1904 1429 1976 γεννηθεὶς
1448 1894 1902 1972 ἐπιγινώσκεται.

319 2009 498 2071 Μόνος
527 2005 585 2060 δὲ
613 2005 774 2059 τοῦτο
804 2001 879 2058 ὣν
904 2004 970 2074 τῇ
1006 2001 1198 2077 Γραφῇ
1224 1990 1553 2070 τετήρηται,
1580 1995 1655 2059 ὡς
1686 1993 1903 2066 πρῶτος

325 2103 460 2166 ἴσως
487 2099 631 2170 ὑπὲρ
662 2098 762 2167 τὴν
788 2095 924 2166 ὓλην
953 2095 1052 2149 καὶ
1076 2094 1135 2147 τὸ
1174 2088 1317 2154 εἶδος
1365 2088 1508 2145 κατὰ
1558 2087 1657 2159 τὴν
1700 2086 1905 2159 ἀρετὴν

321 2194 615 2266 γενόμενος
635 2235 648 2257 ,
684 2190 829 2262 ἅπερ
871 2188 962 2243 διὰ
1000 2186 1095 2242 τοῦ
1126 2184 1370 2253 ἀπάτωρ
1402 2182 1503 2237 καί
1544 2181 1784 2251 ἀμήτωρ
1808 2178 1906 2234 καί

320 2288 798 2359 ἀγενεαλόγητος
835 2281 1126 2354 δηλοῦσθαι
1166 2278 1426 2344 δύναται,
1460 2276 1557 2331 καὶ
1592 2275 1669 2340 ὡς
1724 2274 1907 2328 πάντα

319 2384 391 2436 τὰ
412 2380 520 2436 ὑπὸ
552 2379 746 2451 χρόνον
785 2377 882 2431 καὶ
918 2374 1096 2431 αἰῶνα
1122 2374 1272 2427 κατὰ
1311 2371 1415 2443 τὴν
1448 2369 1653 2440 γνῶσιν
1696 2365 1906 2439 παρελ-

322 2474 457 2538 θὼν,
492 2466 569 2527 ὧν
594 2470 656 2524 τὸ
676 2465 821 2524 εἶναι
847 2466 1117 2540 χρονικῶς
1146 2466 1247 2535 τῆς
1285 2464 1560 2533 γενέσεως
1597 2461 1804 2534 ἤρξατο
1844 2458 1935 2513 τδ-

324 2566 457 2625 ato-rh
484 2560 627 2619 εἶναι
656 2563 760 2617 οὑκ
782 2559 1124 2633 ήρνημένης,
1157 2557 1267 2611 οὐδ’
1293 2554 1475 2610 ὁτιοῦν
1503 2551 1579 2625 τῷ
1601 2554 1753 2612 ,κατὰ
1785 2552 1908 2607 διὰ-

322 2674 474 2714 νοιαν
502 2656 633 2726 θείῳ
659 2654 848 2727 δρόμῳ
876 2652 1152 2714 ὲνσκασας
1178 2649 1318 2719 ὅπερ
1358 2647 1620 2717 σημαίνει
1648 2645 1813 2716 τυχὸν
1842 2643 1908 2699 τδ

327 2747 468 2821 μήτε
522 2746 699 2818 ἀρχὴν
741 2741 970 2815 ἡμερῶν
1009 2741 1145 2813 μήτε
1189 2739 1345 2807 τέλος
1384 2736 1533 2809 ζωῆς
1573 2736 1720 2807 ἔχειν
1748 2753 1763 2768 ο
1808 2735 1906 2790 καὶ

319 2839 398 2904 ὡς
445 2836 825 2910 ἐξῃρημένους,
845 2835 1094 2907 κρυφίως
1143 2851 1205 2888 τε
1243 2833 1337 2887 καὶ⁸
1379 2832 1780 2902 σεσιγημένως,
1811 2829 1907 2885 καὶ

324 2931 615 2986 συνελόντα
648 2932 852 2993 εἰπεῖν,
893 2928 1209 2998 ἀγνώστως,
1245 2914 1387 2998 μετὰ
1422 2926 1607 2978 πᾶσαν
1648 2923 1763 2977 τῶν
1817 2921 1908 2975 ὅν-

320 3042 432 3080 των
477 3023 695 3079 πάντων
728 3022 1021 3094 ἀφαίρεσιν
1059 3019 1203 3074 κατὰ
1246 3018 1373 3073 νοῦν
1402 3019 1484 3081 είς
1521 3016 1687 3071 αὐτὸν
1725 3014 1908 3078 εἰσδὺς

2003 1177 2198 1243 sedee,
2226 1177 2700 1248 quemadmodum
2742 1195 2911 1236 verax
2950 1180 3300 1237 Deifei'orum
3341 1181 3593 1257 virorum

2010 1286 2196 1326 sermo
2223 1284 2314 1327 res
2336 1273 2457 1343 ejus
2480 1273 2781 1340 enarravit,
2802 1289 2915 1328 non
2942 1281 3168 1344 propter
3186 1281 3441 1329 naturam
3471 1290 3599 1344 quae

2004 1371 2189 1418 creata
2219 1370 2323 1430 est,
2351 1374 2415 1419 et-
2439 1364 2508 1420 de
2533 1364 2713 1421 nihilo
2740 1373 2928 1421 creata
2959 1375 3067 1430 est,
3094 1365 3403 1421 secundum
3427 1381 3595 1437 quam
3622 1414 3623 1421 η

2006 1453 2100 1508 ille
2134 1453 2324 1511 vivere
2359 1463 2417 1511 et
2452 1456 2625 1527 erepit
2650 1464 2713 1512 et
2745 1455 2933 1523 desiit,
2966 1456 3066 1513 sed
3098 1465 3331 1528 propter
3363 1458 3594 1529 gratiam

2005 1544 2270 1614 divinam,
2295 1563 2405 1604 non
2435 1558 2679 1605 creatam
2702 1557 2759 1605 et
2784 1549 3203 1621 sempiternam,
3222 1564 3349 1619 quae
3371 1564 3597 1604 omnem

2006 1649 2119 1695 tam
2173 1648 2427 1696 naturam
2480 1656 2651 1713 quam
2697 1652 2916 1714 tempus
2969 1650 3230 1712 superat,
3272 1657 3341 1696 ex
3386 1651 3596 1697 aeterno

2006 1732 2140 1797 Deo,
2170 1732 2477 1789 secundum
2503 1751 2669 1805 quam
2697 1734 2928 1806 gratiam
2957 1733 3128 1789 solam
3161 1731 3344 1788 omnis
3368 1732 3596 1787 omnino

2008 1926 2117 1972 tem
2148 1917 2271 1988 ejus
2300 1917 2525 1988 generis
2561 1918 2616 1974 in
2653 1918 2939 1989 Scriptura
2972 1926 3228 1974 servatus
3260 1924 3367 1981 est,
3392 1914 3597 1985 quippe

2005 2008 2101 2078 qui
2148 2008 2365 2078 primus
2398 2008 2652 2063 fortassis
2691 2008 2983 2064 materiam
3024 2017 3081 2064 et
3118 2007 3352 2063 formam
3392 2007 3597 2061 virtute

2006 2099 2307 2173 superavit,
2338 2099 2392 2154 id
2429 2099 2580 2170 quod
2613 2115 2723 2171 per
2743 2100 2903 2167 illud,
2928 2098 3055 2156 Sine
3083 2109 3234 2172 patre
3260 2109 3310 2155 et
3335 2110 3505 2154 matre
3536 2107 3586 2152 et

2006 2191 2120 2245 sine
2152 2206 2343 2261 genere
2372 2189 2388 2229 ι
2423 2188 2723 2262 signiﬁcari
2759 2199 2962 2262 potest,
2995 2192 3204 2263 quique
3237 2192 3422 2247 omnia
3456 2202 3595 2247 tem-

1992 2280 2131 2352 “pori
2171 2290 2230 2337 et
2265 2298 2385 2339 aevo
2425 2276 2674 2355 subjecta
2704 2284 3031 2356 cognitione
3068 2291 3445 2355 transgressus
3487 2292 3592 2349 est,

2006 2368 2245 2445 quorum
2287 2376 2610 2433 exsistentia
2651 2378 3037 2448 temporaliter
3076 2377 3145 2432 de
3183 2377 3472 2432 natiVitate
3514 2376 3597 2432 in-

2007 2466 2205 2522 choata
2235 2476 2319 2523 est
2346 2484 2475 2538 qua:
2500 2468 2555 2522 in
2591 2477 2808 2538 tempus
2833 2467 3059 2538 aliquod
3086 2467 3337 2523 incidere
3364 2467 3597 2538 ﬁerique

2006 2561 2282 2629 voluerit,
2318 2578 2501 2632 neque
2536 2562 2589 2617 in
2625 2562 2816 2617 divino
2848 2578 3091 2632 unquam
3127 2561 3443 2618 intellectus
3472 2576 3605 2617 cur-

2009 2654 2193 2709 riculo
2226 2649 2578 2720 claudicans,
2610 2655 2667 2709 id
2701 2655 2849 2725 quod
2887 2654 3120 2710 fortasse
3153 2653 3425 2725 signiﬁcat
3458 2651 3603 2708 illud

2007 2746 2155 2817 quod
2184 2761 2364 2816 neque
2391 2746 2723 2817 principium
2748 2746 2966 2801 dierum
2991 2762 3173 2816 neque
3199 2744 3365 2800 ﬁnem
3391 2744 3604 2800 habere

2004 2849 2271 2893 narratur
2309 2856 2323 2895 :
2367 2845 2519 2894 etut
2554 2838 2823 2909 singulari
2868 2839 3030 2909 plane
3072 2846 3131 2894 et
3170 2853 3282 2893 non
3317 2837 3601 2893 communi

2008 2929 2197 2994 modo,
2230 2929 2372 2984 clam
2411 2938 2467 2984 et
2509 2929 2699 2994 tacite,
2726 2938 2784 2984 et
2823 2938 2883 2984 ut
2914 2928 3163 2987 breviter
3197 2927 3402 2994 dicam,
3433 2926 3600 2983 modo

2010 3020 2311 3092 incognito,
2345 3022 2517 3077 rebus
2559 3036 2683 3091 quae
2723 3029 2854 3088 sunt
2897 3021 3198 3091 amputatis
3235 3020 3395 3090 plane
3433 3028 3607 3089 atque-

322 3119 417 3173 τὸν
442 3119 600 3181 Θεὸν,
629 3117 727 3171 καὶ
751 3117 873 3179 ὅλος
903 3116 1012 3185 ὅλῳ
1046 3112 1304 3176 ποιωθείς
1332 3128 1395 3165 τε
1434 3111 1533 3165 καὶ⁵
1588 3126 1905 3181 μεταποιῶ-

2011 3113 2219 3169 relictis
2252 3122 2436 3168 mente
2473 3112 2528 3167 in
2568 3112 2748 3182 ipsum
2784 3112 2961 3167 Deum
2998 3111 3338 3181 immergens
3366 3125 3512 3175 sese,
3543 3119 3603 3167 et

322 3210 462 3277 θεὶς,
490 3211 627 3282 ὅπερ
660 3209 740 3275 τὸ,
773 3205 1259 3277 Ἀφωμοιωμένος
1285 3203 1354 3258 δὲ
1382 3203 1461 3270 τῷ
1493 3201 1604 3268 Υίῷ
1620 3201 1725 3256 τοῦ
1754 3199 1904 3256 Θεοῦ

2012 3212 2160 3262 totus
2198 3206 2297 3261 toti
2333 3205 2685 3276 qualiﬁcatus
2719 3214 2776 3260 et
2811 3204 3333 3275 transqualiﬁcatus,
3363 3204 3417 3259 id
3451 3203 3602 3276 quod

318 3304 490 3374 μένει
540 3301 735 3371 ιερεὺς
777 3304 865 3367 εἰς
902 3301 972 3353 τὸ
1012 3297 1293 3367 διηνεκὲς
1336 3296 1711 3368 ύπεμφαίνειν
1743 3294 1904 3348 δύνα-

322 3414 436 3451 ται.
471 3396 586 3458 Πᾶς
614 3395 724 3466 γάρ
755 3410 840 3457 τις
866 3391 975 3446 τῶν
1004 3392 1201 3460 ἁγίων,
1233 3384 1444 3453 οὗτινος
1474 3390 1593 3443 κατ’
1623 3387 1907 3459 ἐξαίρετον
1968 3398 1971 3401 ‘

323 3490 616 3560 ἁπήρξατο
657 3484 850 3549 καλοῦ,
902 3485 1025 3538 κατ’
1066 3481 1201 3536 αὐτὸ
1242 3483 1339 3535 καὶ
1395 3478 1567 3544 τύπος
1601 3474 1745 3533 εἶναι
1797 3476 1893 3532 τοῦ

325 3579 509 3651 (152
543 3578 593 3649 ὗ)
619 3577 846 3648 δοτῆρας
880 3572 1016 3641 Θεοῦ
1055 3572 1447 3645 ἀνηγόρευται.
1486 3570 1626 3626 Καθ’
1649 3572 1678 3625 ὃ
1701 3588 1911 3643 σημαι.

323 3672 553 3743 νόμενον
585 3672 679 3726 καὶ
709 3665 869 3735 οὗτος
894 3672 922 3724 ὁ
955 3667 1131 3740 μέγας
1160 3665 1503 3737 Μελχισεδὲκ
1529 3665 1619 3720 διὰ
1660 3664 1759 3736 τὴν
1802 3666 1907 3734 ἐμ-

325 3764 648 3837 ποιηθεῖσαν
710 3764 861 3835 αὐτῷ
909 3765 1060 3819 θείαν
1107 3765 1313 3837 ἀρετὴν
1348 3759 1513 3815 εἰκὼν
1584 3755 1725 3815 εἶναι
1760 3762 1908 3813 ’κατ-

323 3858 555 3927 ηξίωται
602 3857 843 3931 Χριστοῦ
898 3857 995 3912 τοῦ
1055 3856 1215 3922 Θεοῦ,
1265 3856 1362 3911 καὶ
1429 3854 1537 3908 τῶν
1579 3854 1909 3926 ἀπορρήτων

326 3950 493 4005 αὑτοῦ
550 3951 889 4023 μυστηρίων.
927 3951 1009 4015 είς
1040 3951 1100 4004 ὃν
1136 3949 1342 4013 πάντες
1386 3947 1487 4019 μὲν
1512 3948 1561 4001 οι
1606 3947 1753 4014 ἅγιοι
1789 3962 1911 4015 σνν-

325 4044 553 4111 ἀγονται
587 4043 663 4107 ὡς
696 4044 1004 4114 ἀρχέτυπον
1031 4042 1126 4095 καὶ
1155 4042 1257 4111 τῆς
1286 4042 1345 4096 ὲν
1367 4040 1583 4109 ἑκάστῳ
1611 4036 1794 4093 αὐτῶν
1812 4036 1908 4091 τοῦ

326 4133 499 4189 καλοῦ
530 4135 824 4205 ἐμφάσεως
854 4134 1054 4198 αἴτιον,
1097 4133 1335 4205 μάλιστα
1368 4132 1426 4187 δὲ
1451 4131 1638 4196 οὗτος,
1673 4129 1752 4194 ὡς
1799 4129 1910 4184 τῶν

327 4226 506 4280 ἄλλων
549 4225 809 4281 ἁπάντων
856 4225 1079 4289 πλείους
1130 4226 1189 4279 ὲν
1229 4222 1413 4295 ἐαυτῷ
1448 4222 1630 4296 φέρων
1658 4221 1753 4278 τοῦ
1777 4222 1912 4293 Χρι-

329 4319 456 4374 στοῦ
482 4321 579 4383 τὰς
613 4320 787 4373 ύποτυ
797 4316 1018 4382 πώσεις.

2008 3301 2147 3357 illud
2181 3320 2195 3357 :
2232 3301 2512 3358 Similatus
2549 3310 2723 3377 autem
2759 3294 2858 3358 Dei
2889 3301 3024 3358 Filio
3058 3312 3238 3358 manet
3266 3303 3511 3362 sacerdos
3545 3305 3603 3358 in

2010 3402 2321 3465 perpetuum
2343 3407 2404 3459 ιιι,
2437 3394 2809 3449 subindicare'
2836 3401 3039 3464 potest.
3078 3394 3408 3451 Sanctorum
3451 3394 3603 3451 enim
3680 3432 3685 3443 ι

2011 3472 2247 3557 quilibet
2270 3500 2381 3556 quo
2404 3485 2684 3554 praecipue
2713 3484 2994 3539 inchoavit
3017 3483 3274 3556 pulchro,
3296 3484 3601 3541 secundum

2013 3577 2072 3632 id
2115 3578 2285 3633 etiam
2328 3576 2685 3631 simulacrum
2733 3572 2832 3649 Dei
2879 3576 3091 3632 datoris
3133 3576 3448 3633 declaratus
3491 3587 3598 3635 est.

2011 3668 2129 3736 Qua
2158 3668 2434 3727 sententia
2459 3668 2554 3723 hic
2577 3683 2800 3738 quoque
2828 3682 3059 3740 magnus
3082 3669 3449 3725 Melchisedec
3476 3685 3603 3741 pro-

2012 3770 2136 3832 pter
2158 3760 2405 3815 divinam
2428 3759 2697 3815 virtutem
2728 3759 2779 3815 ei
2808 3760 3029 3816 insitam
3060 3761 3418 3818 simulacrum
3444 3761 3604 3816 Chri—

2013 3852 2083 3909 sti
2105 3851 2204 3907 Dei
2227 3866 2350 3908 esse
2372 3851 2575 3923 dignus
2599 3851 2824 3907 habitus
2849 3861 2955 3919 est,
2974 3853 3206 3924 ejusque
3226 3853 3603 3909 ineﬁ‘abiliuin

2012 3945 2431 4018 mysteriorum,
2453 3945 2508 4000 in
2533 3960 2701 4016 quem
2724 3946 2969 4003 universi
2995 3947 3172 4004 sancti
3198 3956 3609 4019 congregantur

2013 4047 2275 4109 tanquam
2302 4038 2357 4094 in
2386 4039 2751 4112 archetypum
2780 4057 2845 4097 ac
2869 4041 3086 4112 pulchri
3110 4041 3167 4096 in
3191 4032 3389 4112 quovis
3408 4059 3603 4099 eorum

2014 4129 2272 4202 imaginis
2311 4146 2530 4187 causam
2554 4175 2568 4200 ,
2600 4133 2911 4204 praesertim
2952 4149 3085 4190 vero
3123 4135 3246 4200 hic,
3282 4144 3473 4207 utpote
3507 4136 3604 4206 qui

2011 4223 2204 4293 plures
2237 4239 2402 4294 quam
2440 4224 2739 4295 reliqui‘in
2773 4240 2895 4281 sese
2929 4224 3138 4282 Christi
3173 4224 3610 4285 deformatibnes

3659 4334 3670 4388 ἰ

3657 4400 3666 4426 ί

2015 4316 2248 4374 ferebat.

1868 4458 1871 4463 ·
1943 4456 2020 4481 Ψ

338 4524 669 4595 Ἕξήγησις
700 4524 786 4589 είς
829 4522 939 4577 τὸν
983 4522 1224 4590 Κύριον,
1250 4517 1526 4588 περὶτῶν
1562 4520 1909 4590 λεγομένων

2013 4519 2310 4577 Enarmtio
2344 4523 2398 4577 in
2454 4521 2741 4576 Dominum
2792 4523 2857 4576 de
2900 4524 2965 4577 iis
3016 4540 3134 4595 qua:
3179 4525 3235 4579 in
3268 4525 3613 4581 Mat-hiscite:

779 4621 868 4682 εις
892 4617 1000 4672 τὸν
1031 4615 1437 4687 Μελχισεδέκ.

396 4726 726 4807 Μονῲτατος
755 4728 863 4799 γὰρ
894 4727 922 4780 ὁ
946 4726 1157 4799 Κύριος
1182 4726 1344 4798 ἡμῶν
1381 4726 1477 4781 καὶ
1522 4725 1659 4791 Θεὸς
1701 4720 1914 4797 Ἰησοῦς

325 4821 561 4894 Χριστὸς
592 4820 751 4891 φύσει
775 4821 870 4874 καὶ
907 4820 1137 4893 ἀληθείᾳ
1158 4820 1391 4893 ἁπᾶτωρ
1436 4821 1577 4883 ﬁeri:
1616 4821 1715 4875 xui.
1769 4819 1917 4890 ἀμή-

324 4929 441 4984 τωρ
487 4913 582 4966 καὶ
631 4912 1088 4983 ἀγενεαλόγητος,
1118 4912 1213 4966 καὶ
1248 4912 1403 4984 ,μήτε
1455 4911 1653 4983 ἀρχὴνι
1686 4910 1916 4982 ἡμερῶν

328 5005 466 5076 μήτε
522 5003 671 5074 ζωῆς
722 5003 876 5067 τέλος
927 5002 1092 5074 ἔχωνσ
1126 5004 1358 5074 ἀμήτωρ
1412 5003 1509 5075 μὲν
1536 5002 1625 5056 διὰ
1663 5003 1726 5056 τὸ
1748 5002 1913 5057 ἄῦλον

326 5102 422 5150 καὶ
451 5099 747 5168 ἀσώματον
801 5098 899 5152 καί¹
959 5097 1241 5162 παντελῶς
1268 5096 1548 5167 ἄγνωστον
1576 5097 1675 5167 τῆς
1710 5096 1822 5164 ἄνω
1849 5098 1914 5152 ἐκ

325 5189 421 5243 τοῦ
484 5190 704 5261 Πατρὸς
758 5189 1089 5260 προαιωνίου
1147 5190 1458 5261 γεννήσεως
1495 5203 1508 5217 ·
1568 5188 1800 5262 ἀπάτωρ
1855 5189 1914 5244 δὲ

328 5282 470 5336 κατὰ
526 5282 627 5353 τὴν
669 5283 821 5336 κάτω
877 5282 971 5335 καλ¹
1018 5281 1284 5352 χρονικὴν
1317 5282 1384 5335 ὲκ
1425 5280 1526 5351 τῆς
1567 5281 1776 5351 μητρὸς
1820 5280 1916 5335 καὶ⁸

326 5373 647 5443 ἑνσώματον
679 5375 956 5444 γέννησιν,
992 5369 1061 5447 ἦς
1096 5374 1240 5429 κατὰ
1272 5375 1372 5446 τὴν
1405 5374 1671 5446 σύλληψιν
1716 5374 1779 5428 τὸ
1825 5375 1916 5430 διὰ

329 5467 542 5537 σπορᾶς
565 5462 705 5531 εἶδος
729 5466 793 5520 οὐ
823 5468 1203 5539 κατεστήσατο
1227 5484 1241 5499 ⁸
1272 5467 1712 5541 ἀγενεαλόγητος
1743 5468 1800 5522 δὲ
1837 5467 1914 5532 ὡς

407 5576 427 5619 ι
467 5578 636 5634 liebr.
667 5596 761 5645 vn,
795 5579 847 5633 ’5.
926 5589 963 5611 ⁸³
993 5580 1133 5636 ibid.

2651 4615 2791 4672 dicta
2821 4624 2969 4672 sunt.

2086 4729 2242 4786 Unus
2271 4729 2419 4784 enim
2449 4729 2717 4784 Dominus
2758 4736 2950 4787 noster
2982 4738 3039 4784 ct
3073 4730 3219 4784 Deus
3251 4730 3413 4786 Jesus
3442 4729 3605 4787 Chri-

2014 4828 2136 4876 stus
2160 4831 2359 4876 natura
2390 4836 2454 4876 ac
2483 4821 2713 4876 veritate
2744 4820 2864 4877 sine
2899 4830 3051 4892 patre
3077 4830 3163 4877 est
3189 4831 3245 4877 ct
3273 4822 3390 4878 sine
3428 4831 3605 4879 matre

2017 4921 2074 4968 et
2102 4913 2221 4971 sine
2252 4930 2474 4985 genere,
2507 4923 2565 4969 et
2609 4914 2767 4969 initio
2790 4913 3011 4987 dierum
3040 4924 3095 4971 et
3126 4916 3251 4970 vita:
3299 4916 3405 4972 ﬁne
3431 4925 3602 4972 caret.

2020 5003 2153 5060 Sine
2189 5012 2382 5069 matre,
2420 5014 2648 5076 propter
2691 5005 3051 5063 immateriale
3089 5016 3145 5061 et
3177 5007 3522 5078 incorporale
3549 5017 3608 5064 et

2021 5097 2183 5167 plane
2210 5096 2550 5168 incognitum
2594 5098 2899 5155 nativitatis
2929 5101 3053 5171 ejus
3080 5116 3148 5155 ex
3178 5101 3337 5155 Patre
3363 5108 3602 5165 aeterno;

2018 5190 2139 5245 sine
2168 5198 2346 5259 patre,
2374 5198 2598 5260 propter
2622 5192 2744 5261 ejus
2768 5191 2822 5245 in
2852 5191 2956 5246 hac
2983 5200 3131 5246 terra
3156 5192 3512 5261 temporalem
3542 5206 3610 5247 ac

2017 5282 2362 5352 corporalem
2401 5298 2469 5337 ex
2502 5290 2679 5339 matre
2720 5285 3157 5353 generationem,
3203 5284 3362 5355 cujus
3403 5298 3606 5340 secun-
3672 5335 3677 5344 .

2016 5373 2148 5429 dum
2173 5375 2592 5447 conceptionem
2619 5385 2677 5431 ct
2701 5391 2890 5431 semen
2922 5375 3273 5432 instituenda:
3295 5390 3470 5447 genus
3493 5390 3610 5432 non
3668 5364 3680 5400 ί

2019 5478 2245 5524 secutus
2287 5477 2403 5537 est;
2459 5469 2580 5525 sine
2635 5486 2837 5541 genere
2889 5470 3153 5542 denique,
3202 5479 3265 5525 ut
3312 5470 3612 5543 utriusque

1621 5666 1864 5726 γΑιιιΑς
1904 5666 2318 5728 LECTIONES.

403 5760 450 5798 ⁸⁸
479 5762 860 5835 κατεξαίρετον
890 5760 1011 5818 cod.
1043 5757 1189 5818 Gud.

3669 4156 3681 4217 ί
3709 4153 3712 4157 ,
