3984 6198
576 284 670 350 ΞΠ

527 418 551 456 s
578 415 760 469 noque
793 398 1072 453 intellectu
1106 415 1203 468 per
1239 397 1594 453 dilectionem
1623 398 1688 452 ad
1733 399 1905 453 Deum
1937 395 2126 467 cogni-

530 492 680 544 tione
719 490 972 554 accessit,
1018 490 1288 560 ejusmodi
1336 490 1478 543 alter
1506 496 1590 543 est
1624 489 1923 553 Abraham,
1960 497 2015 543 et
2056 487 2125 542 de

528 581 645 650 pari
678 581 852 649 gratia
878 580 991 650 pari
1020 596 1143 634 cum
1174 580 1486 650 patriarcha
1508 580 1743 643 ,virtutis
1771 587 1829 636 et
1857 578 2127 651 cognitio-

529 668 617 722 nis
657 667 978 724 charactere
1004 669 1312 725 instructus
1340 678 1590 739 apparet.

962 1027 1347 1100 Contemplatio
1376 1030 1428 1081 in
1462 1028 1695 1100 Moysen,

608 1139 787 1195 Etiam
842 1139 1055 1210 Moyses
1104 1157 1298 1196 rursus
1346 1130 1487 1195 alter
1541 1147 1773 1209 apparet
1825 1139 1921 1209 qui
1976 1139 2133 1210 regni

536 1230 862 1299 passionum
895 1238 1165 1299 tempore.
1203 1245 1328 1283 eum
1356 1229 1576 1283 diabolo
1613 1228 1949 1299 iulelligibili
1988 1229 2133 1282 Pha-

542 1333 713 1372 raone
749 1318 1070 1373 dominante
1103 1320 1299 1374 melius
1333 1318 1388 1372 in
1418 1319 1687 1373 ditionem
1732 1318 1941 1388 pejoris
1970 1333 2136 1388 coge-

541 1416 720 1476 retur,
751 1418 808 1463 et
851 1410 1069 1475 carnale
1109 1420 1434 1481 exsurgeret
1477 1419 1669 1465 contra
1716 1411 2028 1480 spirituale,
2075 1420 2134 1465 et

543 1500 725 1554 omnis
756 1501 845 1570 pia
877 1501 1138 1571 cogitatio
1178 1502 1471 1557 tolleretur
1514 1502 1818 1556 secundum
1853 1502 2027 1557 Deum
2062 1501 2132 1557 de

542 1591 825 1647 voluntate
875 1602 1041 1662 atque
1092 1593 1279 1648 animo
1327 1602 1511 1657 natus,
1565 1594 1732 1664 inque
1770 1595 1954 1649 loculo
1985 1611 2132 1652 verm

543 1682 960 1738 exercitationis
993 1685 1305 1755 impositus,
1342 1686 1649 1743 moralibus
1692 1696 1846 1741 extra
1892 1687 2131 1742 carnali-

545 1784 631 1829 ter
661 1775 841 1831 modis
866 1787 922 1831 et
952 1777 1093 1831 intra
1123 1777 1747 1845 animaliterstabilitus
1779 1777 2051 1842 consiliis,
2079 1784 2137 1832 et

544 1881 719 1936 usque
756 1867 823 1920 ad
854 1868 1027 1938 legem
1060 1868 1399 1937 receptionis
1432 1868 1773 1922 naturalium
1802 1868 2137 1936 contempla-

542 1958 758 2012 tionum
800 1959 904 2013 sub
934 1976 1099 2015 sensu
1133 1976 1255 2016 esse
1299 1962 1533 2031 patiens,
1570 1960 1741 2017 idest
1782 1960 1886 2015 sub
1931 1960 2139 2015 intelli-

543 2050 701 2120 gihili
737 2049 1041 2105 Pharaonis
1073 2050 1205 2115 tilia,
1239 2052 1423 2106 studio
1458 2062 1641 2106 autem
1685 2056 1962 2106 bonorum
1997 2051 2139 2107 divi-

543 2158 744 2198 norum
795 2144 1014 2198 sincero
1060 2144 1263 2206 carnis,
1302 2160 1425 2213 qtae
1455 2141 1748 2213 (Egyptum
1782 2141 1974 2211 refert,
2003 2158 2138 2211 pru-

544 2234 787 2290 dentiam
820 2234 1183 2300 interﬁciens,
1212 2246 1269 2290 et
1303 2236 1359 2289 in
1407 2250 1597 2298 arena,
1648 2233 1921 2289 malorum
1978 2233 2141 2288 steri-

544 2330 651 2384 lem
689 2328 814 2385 dico
848 2328 1122 2390 habitum,
1157 2328 1461 2398 expositus,
1516 2329 1571 2380 in
1621 2341 1756 2396 quo,
1803 2325 2018 2380 etiamsi
2067 2324 2138 2379 ab

544 2421 773 2477 inimico
801 2422 1026 2477 malitia:
1066 2430 1380 2491 spargatur,
1417 2420 1608 2473 lolium
1637 2408 1890 2473 crescere
1920 2416 2137 2486 nequit,

544 2515 617 2568 ob
649 2514 899 2569 intimam
933 2513 1162 2584 spiritus
1194 2512 1456 2582 inopiam,
1493 2526 1617 2580 qua:
1644 2498 1848 2563 statum
1900 2508 1970 2562 ab
2009 2507 2143 2562 affe-

545 2607 730 2661 cubus
763 2606 1003 2660 liberum
1041 2604 1214 2675 gignit
1246 2613 1303 2658 et
1338 2604 1458 2665 alit,
1494 2619 1594 2672 per
1625 2617 1788 2671 quam
1815 2601 2005 2655 divino
2034 2600 2140 2653 im-

546 2700 701 2769 perio
748 2698 1011 2767 nequitur.
1062 2695 1295 2766 spiritus
1323 2704 1664 2765 grassantur,
1701 2709 1934 2763 qumque
1962 2700 2141 2747 tenta-

550 2800 765 2843 tonum
818 2788 1080 2843 (luctibus
1125 2787 1364 2841 assiduis
1417 2795 1676 2855 tanquam
1720 2785 1857 2841 silva
1892 2784 2144 2840 inhorre-

550 2882 678 2946 scit,
713 2895 914 2934 amara:
948 2895 1013 2933 ac
1051 2894 1239 2933 revera
1278 2878 1631 2947 saisuginosze
1678 2876 1941 2946 nequitue
1991 2891 2144 2930 mare

550 2973 816 3031 liznitans.
880 2982 941 3026 ut
991 2970 1260 3040 scriptum
1296 2978 1381 3024 est
1431 2986 1444 3022 :
1486 2967 1587 3033 Qui
1634 2958 1890 3038 disposuit
1923 2985 2146 3022 arenam

552 3066 712 3126 arari.
746 3075 793 3119 et
826 3064 950 3117 dicit
979 3064 1025 3116 ei
1047 3077 1065 3114 :
1101 3062 1381 3132 [lucusque
1424 3060 1743 3131 penetrabis,
1779 3069 1826 3114 et
1857 3059 2001 3113 ultra
2043 3076 2146 3112 non

552 3156 977 3227 lransgrcdieris.
1007 3163 1057 3209 ct
1093 3156 1147 3209 in
1182 3166 1231 3209 te
1264 3154 1711 3225 conﬂictabantur
1747 3153 1824 3205 (ui
1852 3154 2042 3223 ﬂuctus
2072 3152 2088 3187 ί
2124 3167 2139 3216 ;

549 3278 623 3289 -—
646 3249 1011 3318 cogitationes
1036 3264 1170 3301 vero
1200 3248 1382 3301 adhuc
1414 3247 1466 3299 in
1495 3255 1695 3300 terram
1731 3244 2062 3298 inclinantes
2088 3250 2145 3296 et

552 3341 663 3395 frui
700 3341 803 3395 hac
837 3349 981 3394 terra
1030 3341 1342 3409 cupientes,
1392 3354 1490 3409 pro
1535 3355 1639 3408 qua
1687 3337 1989 3408 thymicou,
2027 3335 2144 3390 sive

554 3434 1103 3503 concupiscentivum
1129 3473 1143 3497 ,
1182 3432 1470 3493 decertat.
1515 3440 1571 3485 et
1610 3428 1981 3499 cognitionis,
2030 3427 2146 3482 sive

555 3523 980 3594 diagnosticam,
1010 3522 1278 3576 rationem
1308 3520 1627 3575 dominatur
1650 3529 1814 3588 atque
1842 3517 2143 3589 propulsat,

554 3615 740 3667 ovium
774 3615 947 3667 instar
974 3628 1072 3683 per
1095 3612 1369 3667 desertam
1395 3612 1676 3682 regionem
1708 3610 2061 3680 passionibus
2090 3617 2148 3662 et

555 3704 804 3758 materiis
852 3702 1313 3772 voluptatumque
1358 3702 1599 3756 concilio
1644 3700 1912 3770 privatam
1957 3715 2144 3769 agens,

558 3804 818 3861 tanquam
846 3807 1051 3862 gnarus
1081 3791 1275 3862 opilio,
1304 3790 1372 3846 ad
1409 3799 1656 3848 montem
1697 3789 2028 3860 cognitionis
2052 3788 2148 3842 Dei

556 3885 705 3953 quod
761 3884 816 3938 in
864 3884 1205 3939 sublimitate
1252 3900 1449 3939 sensus
1479 3884 1701 3938 videtur
1736 3900 1749 3937 :
1783 3882 1836 3936 in
1873 3898 1983 3952 quo
2029 3890 2149 3959 stu:

557 3978 710 4037 diose
754 3984 1008 4031 versatus
1055 3991 1154 4044 per
1181 3983 1337 4044 aptas
1376 3974 1693 4043 spirituales
1725 3971 2150 4042 contemplatio-

557 4083 694 4129 nes,
750 4065 942 4120 relicta
997 4064 1201 4119 mentis
1256 4064 1325 4119 ad
1373 4063 1650 4119 sensualia
1702 4064 1973 4117 relatione
2026 4063 2153 4133 (hoc

557 4157 708 4211 enim
743 4155 1041 4227 signiﬁcari
1073 4164 1205 4225 puto
1239 4172 1338 4226 per
1371 4156 1665 4210 transitum
1712 4171 1982 4209 annorum
2010 4148 2153 4224 qua;

559 4247 811 4318 draginta
833 4247 1152 4318 annomm),
1193 4247 1490 4303 inell‘abilis
1521 4262 1743 4318 quoque
1777 4256 1834 4302 et
1864 4247 2151 4308 horrendi.

559 4336 657 4408 qui
686 4339 839 4393 velut
873 4339 927 4392 in
959 4339 1186 4394 arbusto
1218 4340 1273 4393 in
1310 4356 1498 4395 rerum
1535 4340 1776 4395 essentia
1811 4340 1973 4403 inest,
2013 4338 2156 4409 ignis

561 4429 736 4483 divini
766 4437 1045 4498 spectator
1073 4430 1314 4501 cogitatu
1342 4440 1397 4485 et
1422 4430 1644 4485 auditor
1676 4430 1795 4485 ﬁeri
1824 4430 2151 4493 merebitur,

562 4520 696 4587 Dei,
734 4521 995 4591 inquam,
1044 4520 1364 4587 Sermonis,
1407 4523 1503 4591 qui
1547 4521 1617 4576 de
1668 4530 1873 4579 sancta:
1917 4521 2161 4592 Virginis

562 4612 735 4667 rubro
756 4613 812 4667 in
840 4612 1156 4668 novissimis
1179 4613 1376 4668 diebus
1399 4612 1573 4667 eluxit
1593 4622 1649 4667 et
1673 4614 1969 4668 carnaliter
1993 4612 2158 4669 nobis

562 4712 929 4760 conversatus
950 4711 1036 4759 est
1059 4716 1086 4744 υ
1109 4721 1124 4771 ;
1154 4704 1364 4758 nudum
1398 4704 1714 4779 intellectus
1740 4704 2031 4775 vestigium
2060 4705 2155 4760 tali

563 4798 826 4875 mysterio
873 4796 1291 4868 propinquans,
1347 4797 1827 4867 humanarumque
1876 4797 2161 4867 cogitatio-

562 4904 719 4955 num,
747 4895 809 4942 ut
831 4898 1197 4953 mortuarum,
1224 4890 1617 4944 calceamentis
1639 4891 1798 4960 plane
1820 4890 2077 4953 liberum,
2102 4900 2159 4945 et

562 4981 632 5041 ad
671 4979 1105 5051 investigandam
1135 4981 1287 5035 velut
1319 4981 1513 5036 faciem
1548 4975 1750 5036 mentis
1792 4982 1965 5036 aciem
1996 4998 2157 5036 aver-

501 5096 507 5103 ι
565 5081 709 5139 tens,
755 5073 980 5143 solaque
1012 5072 1116 5152 fide
1157 5073 1225 5129 ad
1262 5073 1634 5149 recipiendam
1666 5074 1934 5145 mysterii,
1967 5074 2033 5128 ad
2063 5090 2160 5128 au-

565 5165 710 5219 rium
740 5165 934 5230 instar,
959 5165 1157 5221 animm
1184 5166 1510 5237 obsequium
1544 5166 1900 5236 patefaciens,
1925 5182 1991 5220 ex
2025 5182 2157 5236 quo,

566 5256 804 5311 validam
849 5265 906 5311 et
952 5256 1215 5312 invictam
1257 5268 1450 5313 contra
1500 5259 1671 5313 malas
1719 5266 2022 5329 potestates
2061 5259 2159 5313 hac

566 5347 732 5403 bente
762 5356 1113 5417 potestatem,
1160 5350 1231 5404 ab
1265 5350 1347 5405 eis
1392 5366 1515 5420 qua:
1557 5359 1747 5404 contra
1793 5361 2044 5404 naturam
2097 5367 2161 5406 ea

564 5457 689 5510 qua:
733 5441 1041 5497 secundum
1078 5450 1352 5503 naturam,
1385 5459 1413 5497 a
1449 5443 1767 5519 carnaiibus
1813 5442 2092 5506 animalia,
2128 5459 2158 5497 a

567 5532 949 5586 materialibus
974 5532 1448 5603 sensibilibusquc
1479 5520 1848 5604 inteiligibilia
1878 5541 1934 5588 et
1972 5532 2167 5588 imma-

650 5694 668 5730 ⁸
703 5689 812 5746 Jcr.
848 5706 900 5758 v,
934 5686 1179 5761 92,101»
1201 5697 1387 5751 XXVI",
1426 5684 1481 5739 Η
1587 5701 1611 5728 υ
1642 5692 1857 5747 Baruch
1896 5708 1975 5760 tu,
2006 5691 2098 5749 38.

1703 282 1766 346 S.
1806 280 2096 345 MAXIMI
2135 276 2650 341 CONFESSORIS

3632 288 3742 353 tua

2157 409 2201 464 Α
2228 392 2331 464 τὴν
2361 390 2545 462 σχέσιν
2572 388 2817 452 διάλυσις
2843 386 3091 457 γίνεταί,
3129 394 3433 461 πρακτικῶς
3460 402 3743 457 καταπαλαί-

2234 500 2370 547 σας,
2424 482 2521 536 καὶ
2568 480 2703 552 μόνῃ
2733 480 2945 551 διανοίᾳ
2987 480 3054 534 δι’
3081 482 3297 554 ἀγάπης
3339 485 3450 556 Θεῷ
3475 495 3739 560 γνωστικῶς

2234 574 2638 646 προσχωρήσας
2659 614 2673 635 ,
2728 574 2756 625 ὁ
2802 572 3044 637 τοιοῦτος
3082 573 3237 637 ἄλλος
3268 576 3507 649 Ἀϐραὰμ
3532 582 3741 654 ὑπάρχει,

2231 668 2320 721 διὰ
2352 666 2453 735 τῆς
2485 666 2608 736 ῐσης
2637 665 2859 735 χάριτος
2910 666 3003 717 τὸν
3044 665 3204 719 αὑτὸν
3254 666 3329 737 τῷ
3358 672 3635 745 πατριάρχη
3667 676 3740 745 τῆς

2232 759 2435 829 ἀρετῆς
2483 757 2578 810 καὶ
2626 756 2724 827 τῆς
2774 754 3031 825 γνώσεως
3079 756 3215 827 ἔχων
3255 762 3552 832 χαρακτῆρα
3577 763 3741 819 δεικνύ-

2234 865 2418 919 μενος.

2662 1030 2881 1099 Θεωριά
2909 1033 2996 1098 εἰς
3022 1031 3129 1086 τὸν
3151 1030 3425 1102 Μωϋσῆν.

2307 1145 2421 1199 Καὶ
2440 1144 2685 1213 Μωῦσῆς
2701 1143 2863 1197 πάλιν
2883 1144 3043 1208 ἄλλος
3065 1144 3400 1213 ἐκφαίνεται,
3424 1147 3450 1199 ὁ
3470 1149 3521 1201 ὲν
3535 1146 3599 1219 τῷ
3610 1150 3741 1222 καιρῷ

2235 1238 2334 1302 τῆς
2379 1234 2487 1288 τῶν
2530 1233 2717 1287 παθῶν
2761 1234 3126 1299 δυναστείας,
3179 1234 3410 1304 ὁπηνίκα
3438 1235 3523 1289 τοῦ
3548 1236 3740 1291 διαϐόλου

2235 1328 2331 1381 τοῦ
2354 1326 2547 1397 νοητοῦ
2571 1323 2774 1398 Φαραὼ
2794 1325 3191 1397 τυραννοῦντος
3217 1325 3277 1379 τὸ
3299 1328 3473 1397 χεῖρον
3496 1331 3743 1399 ἐπικρατεῖν

2238 1420 2333 1474 τοῦ
2378 1418 2702 1490 ἀμείνονος,
2755 1420 2850 1472 καὶ
2898 1417 2992 1471 τοῦ
3038 1416 3408 1488 πνευματικοῦ
3451 1417 3508 1470 τὸ
3546 1420 3744 1490 σαρκικδν

2246 1509 2668 1573 ἐπανίστασθαι,
2719 1498 2817 1562 καὶ
2848 1510 2957 1571 πᾶς
2982 1506 3216 1579 εὐσεϐὴς
3244 1507 3564 1579 ἀναιρεῖσθαι
3586 1508 3744 1576 πέφυκε

2236 1599 2516 1670 λογισμὸς.
2532 1600 2675 1654 κατὰ
2698 1600 2829 1653 Θεδν
2860 1598 3156 1668 γνωμικῶς
3178 1598 3528 1669 γεννώμενος.
3549 1601 3627 1654 καὶ
3640 1599 3745 1669 θήκῃ

2242 1693 2538 1761 ἀσκήσεως
2567 1689 2799 1762 ἀληθοῦς
2831 1689 3128 1760 ἐμϐληθεὶς
3155 1728 3170 1752 ,
3218 1689 3423 1759 ἠθικοῖς
3448 1688 3621 1754 ἔξωθεν
3644 1688 3748 1742 κατὰ

2245 1788 2425 1859 σάρκα
2457 1788 2681 1859 τρόποις
2715 1788 2809 1840 καὶ
2838 1785 3045 1839 ἔσωθεν
3074 1784 3219 1839 κατά
3243 1783 3413 1854 ψυχῆς
3442 1782 3587 1846 θείοις
3608 1784 3747 1852 ἠσφα-

2242 1880 2500 1949 λισμένος
2535 1880 2774 1950 νοήμασι
2798 1920 2814 1943 ,
2863 1878 2956 1933 καὶ
2991 1877 3155 1948 μέχρι
3184 1876 3353 1947 νόμου
3381 1878 3475 1945 τῆς
3498 1873 3751 1943 ἀναλήψεως

2239 1972 2346 2026 τῶν
2378 1971 2628 2041 φυσικῶν
2658 1969 3037 2041 θεωρημάτων
3075 1968 3399 2038 ἀνεχόμενος
3423 1961 3551 2019 εἶναι
3578 1965 3664 2018 ὑπὸ
3683 1964 3753 2034 τὴν

2241 2064 2519 2135 αἴσθησιν,
2569 2062 2666 2123 τὴν
2697 2064 2790 2115 τοῦ
2816 2060 3009 2132 νοητοῦ
3033 2059 3238 2132 Φαραὼ
3270 2058 3548 2128 θυγατέρα,
3580 2057 3697 2127 ζήλῳ
3715 2057 3755 2109 δὲ

2240 2156 2450 2226 γνησίῳ
2510 2154 2618 2208 τῶν
2676 2154 2837 2208 θείων
2886 2152 3105 2221 ἀγαθῶν
3184 2153 3246 2205 τὸ
3300 2150 3633 2218 Αίγυπτιάζον
3688 2149 3758 2214 τῆς

2243 2247 2446 2317 σαρκὸς
2494 2245 2822 2308 ἀποκτείνας
2864 2245 3156 2315 φρόνημα,
3210 2243 3303 2297 καὶ
3333 2240 3432 2295 ὑπὸ
3457 2241 3546 2310 τὴν
3567 2240 3758 2309 ψάμμον,

2240 2336 2338 2407 τὴν
2370 2336 2478 2389 τῶν
2512 2335 2698 2389 κακῶν
2726 2334 2920 2403 ἄγονον
2947 2334 3060 2400 ἕξιν
3091 2334 3262 2404 φημὶ,
3298 2332 3652 2401 καταθέμενος.
3676 2321 3760 2402 ὲνῇ

2243 2426 2345 2480 κᾶν
2393 2426 2499 2480 ὑπὸ
2528 2425 2624 2480 τοῦ
2652 2426 2848 2496 ἐχθροῦ
2890 2428 3072 2498 σπαρῇ
3124 2426 3188 2478 τὸ
3228 2428 3325 2496 τῆς
3353 2423 3534 2485 κακίας
3560 2422 3762 2486 ζιςάνιον,

2244 2516 2306 2568 οὐ
2362 2515 2578 2582 πέφυκε
2637 2514 2872 2583 φύεσθαι
2933 2512 3022 2567 διὰ
3076 2512 3178 2583 τὴν
3235 2510 3453 2566 ἐνοῦσαν
3502 2506 3765 2567 nautam;

2247 2605 2523 2676 πτωχείαν
2550 2605 2645 2659 τοῦ
2674 2604 3004 2673 πνεύματος.
3033 2604 3134 2673 τὴν
3162 2602 3225 2655 τὸ
3251 2599 3453 2663 ἀπαθὲς
3473 2596 3708 2667 γεννῶσαν
3721 2609 3765 2645 τε

2248 2698 2342 2751 καὶ
2386 2696 2761 2765 φυλάττουσαν
2811 2694 3090 2765 (155a)
3138 2695 3238 2748 καὶ
3288 2692 3415 2759 θείῳ
3450 2687 3766 2759 προστάγματι

2253 2789 2355 2859 τὴν
2395 2788 2770 2858 ἀγριουμένην
2826 2790 2941 2857 τοῖς
2980 2785 3261 2857 πνεύμασι
3303 2785 3401 2854 τῆς
3438 2781 3668 2851 πονηρίας
3699 2775 3769 2830 καὶ

2252 2883 2367 2945 τοῖς
2421 2876 2852 2951 ἀλλεπαλλήλοις
2914 2877 3021 2932 τῶν
3077 2876 3402 2949 πειρασμῶν
3458 2874 3642 2943 κύμασι
3682 2870 3769 2923 δεν-

2251 2971 2556 3043 δρουμένην
2581 3010 2596 3033 ,
2642 2972 2741 3041 τῆς
2771 2971 2976 3041 πικρᾶς
3006 2970 3103 3022 καὶ
3129 2969 3304 3032 ὅντως
3335 2966 3598 3037 ἁλμώδους
3619 2959 3770 3021 κακίας

2176 3069 2220 3129 C
2253 3062 2546 3131 ὁρίζουσαν
2600 3062 2900 3123 θάλασσαν,
2930 3060 3113 3123 καθὼς
3166 3061 3508 3130 γέγραπται,
3544 3056 3601 3108 '0
3639 3049 3774 3115 τιθεὶς

2247 3154 2447 3222 (ith
2479 3153 2643 3220 ὅριοι·
2673 3152 2747 3220 τῇ
2772 3151 3080 3218 θαλάσσῃ,
3109 3151 3211 3203 καὶ
3239 3147 3433 3219 λὲγων
3456 3142 3775 3213 αὑτςΜιέγμ

2247 3247 2460 3299 τούτου
2490 3245 2800 3311 διελεύσῃ,
2861 3244 2956 3296 καὶ
2985 3245 3095 3311 οὐχ
3129 3242 3461 3309 ὐπερϐἠσῃ,
3514 3237 3599 3291 καί
3625 3236 3681 3288 ἐν
3699 3230 3773 3286 σοί

2246 3336 2759 3405 συντριὸιξσενταί
2785 3352 2901 3389 σου
2926 3337 2994 3389 τὰ
3017 3337 3275 3403 minetur
3306 3335 3430 3396 τοὺς
3450 3332 3503 3384 δὲ
3530 3333 3598 3392 εἰς
3613 3328 3696 3396 γῆν
3719 3326 3775 3377 ἔτι

2249 3427 2648 3490 κατανεύοντας
2673 3427 2970 3497 λογισμοὺς
3000 3428 3095 3479 καλ⁸
3117 3428 3220 3491 τὴν
3245 3426 3305 3491 ἐξ
3328 3425 3496 3490 αὐτῆς
3518 3415 3776 3487 ἐπιζητοῦνο

2248 3538 2344 3584 τας
2392 3520 2736 3585 ἀπόλαυσιν,
2796 3520 2939 3590 ὑπὲρ
2985 3514 3053 3590 ἦς
3108 3519 3171 3571 τὸ
3215 3516 3449 3588 θυμικὸν
3477 3508 3776 3583 διαμάχεσθαι

2250 3613 2345 3665 καὶ
2393 3611 2483 3664 τὸν
2513 3598 2901 3681 διαγνωστικὸν
2929 3614 3220 3683 τυραννεῖν
3255 3611 3350 3663 καὶ
3380 3602 3686 3662 ἀπωθεῖσθαι
3704 3598 3775 3651 πέ·

2251 3719 2393 3771 φυκε
2424 3702 2581 3771 λόγον
2601 3741 2617 3766 ,
2655 3701 2946 3773 προϐάτων
2971 3701 3128 3772 δίκην
3159 3700 3251 3754 διὰ
3275 3702 3376 3770 τῆς
3407 3699 3606 3770 ἐρήμου
3634 3688 3777 3745 παθῶν

2253 3796 2346 3844 καὶ
2400 3790 2542 3844 ὑλῶν
2594 3792 2973 3862 ἐστερημένης
3050 3792 3142 3844 καὶ
3199 3789 3405 3862 ἡδονῶν
3454 3782 3777 3840 καταστάσεως

2252 3883 2401 3951 ἄγων
2449 3882 2525 3948 ὼς
2560 3885 2880 3954 ἐπιστήμων
2915 3884 3122 3955 ποιμὴν
3167 3884 3310 3954 πρὸς
3339 3882 3398 3935 τὸ
3428 3881 3547 3952 ὅρος
3574 3877 3662 3946 τῆς
3682 3870 3779 3941 γνῶ·

2257 3992 2391 4037 σεως
2426 3976 2521 4029 τοῦ
2552 3974 2690 4029 Θεοῦ
2727 3976 2787 4029 τὸ
2815 3977 2871 4029 ὲν
2899 3976 2974 4045 τῷ
3001 3976 3124 4045 ὕψει
3154 3978 3255 4045 τῆς
3279 3974 3516 4034 διανοίας
3541 3968 3775 4040 ὁρώμενον-

2254 4058 2324 4136 ᾯ
2367 4064 2671 4131 φιλοπόνως
2712 4065 3069 4137 ἐνδιατρίϐων
3104 4064 3194 4118 διὰ
3227 4064 3341 4117 τῶν
3375 4059 3655 4134 προσφυῶν
3684 4049 3781 4107 κατὰ

2257 4157 2474 4228 πνεῦμα
2510 4158 2886 4230 θεωρημάτων
2944 4159 3082 4228 μετὰ
3114 4158 3215 4228 τὴν
3247 4156 3533 4223 ἀπόλειψιν
3563 4152 3652 4219 τῆς
3681 4141 3781 4199 κατά

2256 4249 2381 4305 νοῦν
2438 4249 2575 4321 πρὸς
2626 4251 2693 4303 τά
2741 4249 2979 4319 αἰσθητά
3026 4249 3268 4319 σχέσεως
3330 4246 3525 4316 (τοῦτο
3548 4243 3646 4312 γὰρ
3673 4234 3783 4307 οἶμαι

2259 4340 2453 4411 δηλοῦν
2486 4339 2589 4412 τὴν
2612 4341 2705 4394 τοῦ
2734 4338 3315 4412 τεσσαρακονταετοῦς
3349 4339 3537 4410 χρόνου
3568 4324 3782 4402 πάροδονὶ.

2193 4409 2235 4463 1)
2265 4434 2361 4485 καὶ
2410 4432 2504 4485 τοῦ
2556 4434 2800 4503 ἀρρήτου
2852 4432 2947 4485 κα)⁸
2988 4431 3309 4503 ὑπερφυοῦς
3343 4429 3533 4499 ὥσπερ
3558 4425 3719 4494 θάμνῳ
3741 4417 3784 4484 τῇ

2259 4525 2421 4595 οὐσίᾳ
2452 4523 2560 4578 τῶν
2590 4525 2760 4578 ὄντων
2794 4525 3196 4595 ἐνυπάρχοντος
3232 4523 3383 4577 θείου
3415 4519 3582 4590 πυρὸς
3610 4508 3786 4568 κατ’ξν·

2261 4635 2411 4670 νοιαν
2460 4616 2660 4686 θεατὴς
2710 4615 2964 4685 γενέσθαι
3015 4617 3108 4669 καὶ
3150 4615 3432 4687 ἀκροατὴς
3465 4608 3788 4677 ἀξιωθήσεται,

2261 4709 2355 4762 τοῦ
2387 4710 2451 4762 ἐκ
2478 4710 2575 4780 τῆς
2603 4708 2770 4779 βάτου
2796 4707 2897 4777 τῆς
2922 4706 3085 4774 ἁγίας
3107 4706 3396 4778 Παρθένου
3420 4703 3562 4774 φημὶ
3585 4689 3789 4763 ὲπ⁹ὲσχάο

2260 4818 2368 4853 των
2405 4799 2511 4852 τῶν
2542 4802 2751 4871 χρόνων
2792 4798 3181 4870 ἐκλάμψαντος
3233 4798 3331 4853 καὶ
3370 4798 3461 4851 διὰ
3489 4792 3674 4867 σαρκδς
3700 4786 3792 4857 ἡμῖν

2256 4891 2622 4963 ὁμιλήσαντος
2675 4891 2813 4945 Θεοῦ
2856 4891 3031 4960 Λόγου
3058 4930 3073 4954 ,
3136 4890 3352 4960 γυμνὸν
3390 4891 3467 4964 τὸ.
3488 4888 3583 4956 τῆς
3607 4876 3790 4937 διανοίας

2172 1737 2213 1791 Β

2258 4982 2403 5053 ἴχνος
2433 4982 2511 5053 τῷ
2536 4985 2768 5052 τοιούτῳ
2797 4982 3085 5054 μυστηρίῳ
3111 4981 3439 5053 προσάγων,
3464 4977 3557 5031 καὶ
3573 4964 3794 5041 λογισμῶν
3882 4998 3883 5054 γ

2257 5074 2619 5146 ἀνθρωπίνων
2649 5074 2727 5138 ὠς
2756 5072 2967 5145 νεκρῶν
2995 5073 3373 5149 ὑποδημάτων
3401 5066 3665 5126 παντελῶς
3684 5056 3793 5149 ἐλεύῗ

2259 5167 2441 5238 θερον,
2474 5164 2570 5221 καί
2604 5165 2739 5236 πρὸς
2771 5165 2872 5237 μὲν
2904 5165 3168 5236 ζήτησιν,
3217 5146 3413 5236 ὥσπερ
3450 5159 3731 5231 πρόσωπον,
3755 5146 3796 5200 τὸ
3882 5146 3883 5201 ἶ

2262 5259 2363 5327 τῆς
2409 5258 2650 5321 διανοίας
2699 5257 2925 5311 ὁπτικδν
2968 5257 3371 5329 ἀποστρέφων,
3427 5248 3670 5306 πίστειδὲ
3696 5241 3794 5329 μόνῃ
3882 5300 3883 5303 η

2266 5348 2404 5418 πρὸς
2434 5345 2705 5418 ὑποδοχὴν
2738 5344 2832 5400 τοῦ
2867 5345 3050 5417 (155
3070 5347 3121 5413 b)
3153 5327 3463 5416 μυστηρίου
3484 5383 3498 5407 ,
3533 5337 3686 5405 ἀκοῆς
3710 5327 3796 5399 τρ⁶⁶

2267 5457 2367 5492 πον
2388 5480 2403 5502 ν
2442 5441 2504 5492 τί)
2536 5440 2634 5510 τῆς
2660 5439 2839 5509 ψυχῆς
2871 5438 3120 5502 εὐπειθὲς
3152 5436 3442 5504 διανοίγων
3460 5475 3474 5497 ,
3514 5430 3634 5498 παρ’
3652 5419 3704 5478 οὗ
3725 5418 3794 5483 τὴν

2269 5531 2497 5604 ἰσχυράν
2548 5533 2642 5585 καὶ
2686 5533 2952 5604 ἀήττητον
2990 5530 3129 5585 κατὰ
3157 5529 3265 5583 τῶν
3298 5544 3436 5598 πονη
3447 5524 3549 5598 ρῶν
3573 5517 3797 5588 δυνάμεων
