3984 6198
211 264 346 332 uta
390 221 401 229 ’

1454 268 1974 337 AMBIGUORUM
2013 273 2266 335 LIBER.

3339 276 3479 344 1150

208 374 534 446 κομίσαντος
562 371 796 444 δύναμιν
830 372 940 428 τῶν
970 374 1119 446 παρὰ
1147 372 1307 443 φύσιν
1336 373 1407 427 τὰ
1434 375 1577 428 κατὰ
1602 375 1784 444 φύσιν,

1898 380 2125 446 Lerialia,
2157 397 2278 437 eam
2307 399 2429 454 quae
2473 383 2786 442 libertatem
2826 387 3048 445 fortiter
3087 397 3360 461 segregat,
3398 389 3477 445 fa-

204 467 298 520 καὶ
337 465 447 519 τῶν
491 465 773 536 σαρκικῶν
824 464 894 519 τὰ
935 464 1182 536 ψυχικά,
1237 464 1468 520 καὶτῶν
1496 465 1699 521 ῦλικῶν
1724 483 1783 519 τε

1888 469 2104 526 mulare
2137 471 2323 527 studet
2354 472 2514 543 longe
2547 489 2816 545 superans
2840 486 3189 548 potestatem.

204 558 299 616 καὶ
345 556 621 628 αἰσθητῶν
675 556 746 611 τὰ
799 556 964 628 νοητὰ
1022 557 1117 610 καὶ
1157 556 1298 613 άῦλα
1342 557 1488 613 κατὰ
1528 558 1731 631 πολλὴν
1762 559 2011 632 ἀφορίζει
2036 563 2309 633 ἐξουσίαν,
2361 567 2461 638 τῆς
2490 566 2677 623 δοῦλον
2714 573 2890 626 ποιεῖν
2934 571 2997 626 τὸ
3034 571 3315 644 ἐλεύθερον
3353 588 3476 626 πει-

206 650 459 722 ρωμένης
492 648 626 702 πολὺ
658 648 946 721 ὑπερέχων
976 649 1282 722 δυνάμεως.

380 831 565 899 Ἄλλη
590 829 801 898 θεωρία
831 830 921 897 είς
944 828 1052 885 τὸν
1076 830 1264 884 αὐτὸν
1295 831 1619 902 σύντομος.

269 944 382 998 Καὶ
438 943 528 997 ἵνα
579 941 821 997 συνελὼν
868 941 1045 1010 εἴπω,
1103 945 1131 998 6
1179 943 1254 1015 μὴ
1282 944 1532 999 ὑπελθὼν
1568 946 1660 999 τὸν
1689 945 1793 1017 τῆς

194 1035 478 1107 ἁμαρτιας
523 1034 690 1103 ζυγὸν
713 1074 730 1100 ,
784 1035 925 1106 μήτε
965 1034 1044 1106 τῷ
1081 1034 1288 1107 θολερῴ
1312 1037 1420 1091 τῶν
1447 1038 1636 1091 παθῶν
1662 1037 1790 1109 ῥεύ-

200 1144 332 1196 ματι
361 1126 452 1180 διὰ
481 1127 582 1196 τῆς
611 1128 791 1197 κακῆς
820 1126 1123 1198 ἐπιθυμίας
1155 1129 1350 1182 ἑαυτὸν
1373 1131 1662 1201 ὲμπνίξας,
1694 1130 1791 1184 καὶ

193 1218 452 1289 αἰσθήσει
504 1217 805 1290 τρέφεσθαι
855 1221 922 1290 τῇ
975 1222 1126 1291 πηγῇ
1172 1219 1279 1274 τῶν
1314 1221 1518 1292 ἡδονῶν
1560 1223 1795 1294 ἀνασχό-

193 1327 382 1380 μενος,
410 1310 743 1374 ἀποκτείνας
764 1310 825 1363 se
857 1309 1059 1381 μᾶλλον
1086 1310 1147 1363 τδ
1172 1312 1431 1381 φρόνημα
1448 1312 1548 1381 τῆς
1568 1314 1793 1384 σαρκὸς,

188 1403 257 1456 τὸ
279 1402 583 1473 τυραννοῦν
612 1403 712 1474 τῆς
736 1401 917 1473 ψυχῆς
948 1403 1049 1474 τὴν
1073 1405 1354 1473 εὐγένειαν
1381 1446 1396 1469 ,
1448 1406 1538 1458 καὶ
1571 1405 1794 1459 πάντων

2138 832 2262 887 Alia
2291 834 2665 905 contemplatio
2689 836 2852 891 brevis
2884 836 2937 890 in
2966 837 3225 892 eumdem.

1962 947 2143 1019 Atque
2182 954 2243 1002 ut
2273 946 2463 1017 paucis
2501 947 2803 1015 absolvam,
2831 948 2878 1004 is
2908 950 3001 1020 qui
3037 952 3247 1021 peccati
3281 952 3474 1023 jugum

1890 1056 2003 1096 non
2040 1040 2233 1106 subiit,
2264 1055 2446 1110 neque
2483 1055 2708 1096 caenoso
2746 1040 3065 1110 passionum
3104 1041 3330 1097 flumine
3378 1059 3478 1112 per

1893 1134 2089 1189 malam
2125 1133 2444 1203 cupidinem
2478 1147 2600 1188 sese
2626 1132 2916 1187 suffocavit
2942 1148 3007 1186 ac
3034 1148 3199 1187 sensu
3224 1136 3478 1205 volupta-

1891 1236 2008 1280 tum
2030 1228 2184 1280 fonte
2214 1225 2286 1280 ali
2318 1241 2375 1281 se
2401 1241 2595 1296 passus
2619 1232 2725 1289 est,
2756 1224 2869 1278 imo
2904 1224 3086 1294 potius
3123 1225 3473 1293 prudentiam

1892 1318 2094 1381 carnis,
2121 1333 2243 1387 qum
2282 1317 2338 1372 in
2373 1316 2718 1371 nobilitatem
2751 1315 2946 1369 animae
2976 1322 3197 1369 exercet
3227 1314 3478 1369 domina-

1892 1419 2031 1473 tum,
2072 1408 2353 1464 interfecit
2393 1415 2448 1462 et
2493 1422 2685 1461 eorum
2732 1422 2853 1477 quae
2896 1405 3181 1459 intereunt
3222 1405 3479 1474 superior

189 1495 308 1549 τῶν
366 1494 743 1565 φθειρομένων
804 1495 1063 1564 ὑπεράνω
1107 1496 1403 1567 γενόμενος
1453 1496 1546 1551 τὸν
1591 1499 1787 1554 πλάνον

1898 1502 2065 1557 factus
2082 1502 2234 1556 hunc
2250 1499 2515 1555 mundum
2532 1498 2737 1554 erroris
2752 1499 2973 1567 plenum
2990 1497 3160 1551 veluti
3178 1495 3471 1567 Egyptum

184 1584 385 1639 τοῦτον
435 1584 642 1655 κόσμον
695 1584 886 1657 ὥσπερ
927 1585 1205 1655 Αἴγυπτόν
1238 1604 1361 1643 τινα
1413 1587 1602 1657 φυγὼν
1628 1631 1643 1656 ,
1697 1590 1787 1644 τὸν

1898 1592 2129 1661 aliquam
2159 1590 2319 1661 fugit,
2348 1605 2470 1659 qua:
2503 1586 3036 1659 perspieaeissimam
3056 1595 3315 1641 'mentcm
3353 1602 3477 1641 cor-

184 1677 516 1731 ἑκθλίσοντα
545 1678 667 1741 ταῖς
698 1680 1042 1749 σωματικαῖς
1071 1679 1323 1749 φροντίσι
1350 1679 1444 1735 τὸν
1470 1680 1794 1752 διορατικώ-

1887 1683 2176 1753 poralibus
2209 1681 2360 1736 curis
2392 1689 2574 1745 vexat,
2606 1678 2699 1748 qui
2735 1677 2922 1748 quiete
2958 1691 3143 1732 secum
3178 1691 3474 1731 conversa-

181 1786 357 1824 τατον
386 1768 511 1823 νοῦν
533 1808 548 1833 ,
602 1769 701 1823 καὶ
748 1768 874 1823 καθ’
904 1770 1140 1841 ἡσυχίαν
1183 1771 1361 1841 ἑαυτῷ
1396 1772 1787 1841 συγγενόμενος

1898 1784 1984 1829 tus
2009 1775 2233 1843 otioque
2263 1770 2463 1825 studiis
2487 1784 2550 1825 ac
2586 1767 2868 1822 laboribus
2901 1765 3091 1820 dedito
3124 1764 3193 1819 de
3227 1764 3474 1833 sapiente

183 1862 290 1917 καὶ
316 1861 588 1933 φιλοπόνῳ
617 1862 780 1933 σχολῇ
801 1862 901 1933 τῆς
926 1860 1218 1933 διεπούσης
1246 1863 1405 1928 θείως
1432 1864 1491 1917 τὸ
1513 1866 1621 1917 πᾶν
1643 1864 1787 1927 θείας

1898 1868 2094 1923 divinae
2118 1864 2498 1936 providentize,
2521 1877 2643 1932 quae
2666 1861 2852 1916 divine
2879 1859 3197 1914 universum
3222 1857 3475 1912 modera-

184 1954 453 2026 προνοίας
476 1953 576 2025 τὴν
601 1953 772 2025 σοφὴν
794 1954 1108 2023 οἰκονομίαν
1126 1955 1214 2008 διὰ
1242 1954 1341 2023 τῆς
1359 1957 1791 2027 ὲπιστημονικῆς

178 2047 300 2100 τῶν
349 2046 518 2101 ὄντων
567 2045 801 2117 θεωρίας
847 2046 1106 2117 ἀρρήτως
1153 2045 1452 2117 διδαχθεὶς,
1491 2047 1789 2101 κάντεῦθεν

180 2135 281 2192 διὰ
312 2137 583 2209 μυστικῆς
609 2136 926 2205 θεολογίας,
990 2135 1059 2207 ἢν
1100 2136 1220 2190 κατ’
1255 2137 1512 2191 ἔκστασιν
1547 2139 1788 2210 ἄρρητον

181 2226 320 2293 νοῦς
361 2228 602 2301 καθαρὸς
650 2227 740 2282 διὰ
786 2228 1096 2300 προσευχῆς
1125 2230 1439 2282 πιστεύεται
1477 2228 1677 2299 μόνος,
1717 2228 1792 2292 ὡς

185 2321 253 2375 ὲν
308 2319 493 2391 γνόφῳ
555 2320 623 2390 τῇ
678 2318 924 2390 ἀγνωσία.
973 2319 1300 2389 ἀφθέγκτως
1362 2318 1482 2390 Θεῷ
1531 2319 1791 2387 συγγενό-

188 2428 357 2481 μενος
379 2449 395 2475 ,
451 2410 544 2464 καὶ
572 2409 764 2463 ἑαυτὸν
798 2409 1001 2463 ἔσωθεν
1034 2409 1177 2464 κατὰ
1206 2410 1329 2462 νοῦν
1357 2410 1640 2472 εὐσεϐείας
1669 2409 1793 2477 δόγ-

192 2520 354 2576 μασι,
386 2502 482 2556 καὶ
506 2500 727 2568 ἔξωθεν,
750 2503 826 2565 ῶς
845 2502 945 2564 τὰς
975 2501 1187 2559 πλάκας
1218 2503 1246 2554 6
1275 2502 1536 2572 Μωῦσῆς.
1575 2503 1790 2574 ἀρετῶν

189 2600 382 2672 χάρισι
412 2597 661 2668 δακτύλῳ
687 2597 824 2651 Θεοῦ
865 2596 946 2667 τῷ
976 2597 1118 2667 άγίῳ
1148 2595 1426 2665 Πνεύματι
1454 2595 1788 2667 ἐγχαράξας,

190 2690 228 2760 ἦ
280 2686 565 2759 γραφικῶς
621 2688 829 2753 εἰπεῖν,
895 2687 924 2740 6
979 2686 1236 2757 ἐλόμενος
1299 2686 1789 2756 συγκακουχεῖσθαι

189 2781 273 2849 τῷ
288 2780 401 2851 λαῷ
420 2778 513 2834 τοῦ
529 2776 666 2834 Θεοῦ
698 2778 902 2849 μᾶλλον
927 2778 961 2850 ἢ
987 2778 1322 2849 πρόσκαιρον
1347 2776 1490 2847 ἔχειν
1512 2777 1790 2846 ἁμαρτίας

194 2871 382 2942 (156
404 2869 457 2941 a)
495 2868 821 2929 ἆπόλαυσιν,
860 2870 958 2923 καὶ
987 2868 1099 2922 τῶν
1130 2871 1188 2922 ἐν
1216 2867 1476 2937 Αἰγύπτῳ
1498 2867 1789 2938 θησαυρῶν

193 2964 287 3016 τὶν
341 2956 650 3030 ὀνειδισμὸν
715 2958 811 3013 τοῦ
864 2957 1106 3031 Χριστοῦ
1167 2957 1498 3029 τιμιώτερον
1556 2959 1784 3030 κρίνας,

191 3053 444 3106 τουτέστι
481 3051 717 3105 πλούτου
752 3052 847 3104 καὶ
879 3049 1043 3120 δόξης
1070 3091 1084 3113 ,
1150 3049 1257 3105 τῶν
1295 3050 1648 3121 προσκαίρων
1694 3050 1786 3103 καὶ

1894 1969 1986 2016 tur
2008 1968 2065 2015 et
2092 1966 2269 2023 curat,
2296 1954 2707 2026 dispensatione
2738 1967 2837 2023 per
2861 1966 3090 2022 gnaram
3121 1964 3307 2005 rerum
3342 1963 3465 2002 con-

1897 2052 2307 2122 templationem
2341 2047 2610 2103 ineffabili
2639 2045 2804 2101 modo
2835 2043 3067 2099 edoctus
3099 2054 3203 2107 est,
3234 2040 3473 2109 indeque

1892 2158 1995 2212 per
2029 2141 2314 2212 mysticam
2349 2139 2678 2208 theologiam
2698 2178 2712 2202 ,
2743 2152 2866 2206 quae
2897 2142 3060 2189 casta:
3092 2133 3269 2188 solum
3302 2130 3472 2186 menti

1894 2251 1994 2305 per
2044 2234 2349 2288 orationem
2397 2230 2682 2295 creditur,
2730 2227 3054 2305 ignorantia:
3101 2234 3359 2296 tanquam
3414 2223 3473 2277 in

1894 2325 2105 2389 nimbo,
2138 2322 2498 2379 ineﬁ‘abiliter
2523 2302 3011 2391 congressus'eum
3045 2317 3157 2371 Deo
3188 2316 3336 2368 intus
3364 2311 3473 2367 sibi

1894 2417 1951 2472 in
1979 2424 2164 2471 mente
2193 2414 2418 2484 pietatis
2444 2420 2715 2483 praecepta
2740 2418 2798 2466 et
2821 2410 3189 2471 extrinsecus,
3211 2405 3473 2476 quemad‘

1893 2506 2119 2560 modum
2156 2504 2361 2558 tabulis
2385 2503 2617 2574 Moyses,
2646 2501 2911 2555 virtutum
2942 2497 3146 2570 gratias
3175 2496 3271 2551 Dei
3301 2494 3475 2565 digito

1892 2598 1986 2671 qui
2012 2606 2237 2652 sanctus
2268 2595 2508 2665 Spiritus
2535 2603 2641 2657 est,
2672 2592 2974 2662 inscripsit,
2996 2590 3105 2652 vel,
3133 2596 3193 2642 ut
3216 2602 3474 2658 expresse

1892 2691 2095 2757 dicam,
2118 2690 2211 2760 qui
2238 2703 2363 2743 cum
2389 2687 2595 2758 populo
2618 2686 2715 2740 Dei
2740 2684 2989 2739 alllictari
3013 2698 3178 2752 quam
3205 2690 3477 2750 tempora—

1892 2785 2000 2840 lem
2030 2783 2271 2838 fruetum
2304 2779 2516 2850 peccati
2551 2778 2842 2848 percipere
2871 2783 2928 2830 et
2957 2772 3231 2829 thesauris
3256 2770 3473 2841 Egypti

1893 2873 2286 2931 contumeliam
2314 2870 2521 2926 Christi
2547 2868 2809 2939 prmtulit,
2835 2867 2943 2921 hoc
2968 2874 3054 2920 est
3076 2863 3287 2919 divitiis
3309 2870 3475 2930 atque

1890 2967 2107 3037 glorire,
2149 2980 2273 3034 qua:
2318 2971 2449 3019 sunt
2493 2960 2819 3029 temporalia
2864 2965 3027 3027 atque
3073 2952 3324 3010 interitui
3373 2951 3474 3004 oh-

1890 3060 2076 3122 noxia,
2101 3057 2321 3111 labores
2349 3070 2448 3125 pro
2476 3052 2682 3107 virtute
2711 3058 2904 3120 sponte
2934 3066 2997 3103 ac
3026 3047 3282 3102 lubenter
3302 3044 3476 3100 susci-

191 3145 592 3217 φθειρομένων,
626 3145 754 3207 τοὺς
788 3143 930 3212 ὑπὲρ
960 3144 1162 3214 ἀρετῆς
1196 3142 1461 3206 ἑκουσίως
1492 3142 1783 3215 ἀνθαιροῦ-

1898 3166 2019 3221 pere
2060 3149 2284 3211 maluit,
2318 3147 2366 3201 is
2403 3145 2616 3216 Moyses
2654 3139 2964 3212 spiritualis
3001 3139 3178 3193 factus
3215 3145 3326 3199 est,
3362 3151 3472 3189 non

193 3254 359 3307 μενος
389 3236 588 3299 πόνους
607 3276 622 3295 .
677 3230 834 3299 οὗτος
867 3235 1506 3305 Μωῦσῆςπνευματικδς
1534 3236 1777 3305 γέγονεν,

187 3327 293 3396 οὐχ
313 3324 494 3398 ὁρατῷ
525 3325 911 3395 διαλεγόμενος
933 3324 1155 3396 Φαραὼ,
1180 3325 1319 3378 ἀλλὰ
1344 3326 1563 3397 ἀοράτῳ
1585 3327 1780 3399 τυράν-

186 3438 268 3490 νῳ
297 3420 392 3473 καὶ
419 3417 608 3488 ψυχῶν
634 3419 867 3488 φονευτῇ
896 3417 991 3470 καὶ
1017 3416 1217 3490 κακίας
1241 3416 1471 3487 ἁρχηγῷ
1497 3416 1573 3487 τῷ
1595 3417 1780 3472 διαϐό-

184 3488 271 3580 λιρ
306 3509 403 3564 καὶ
436 3511 559 3572 ταῖς
590 3507 729 3578 ἀμφ’
752 3505 918 3561 αὑτὸν
966 3488 1234 3577 πονηραῖς
1270 3507 1535 3577 δυνάμεσι
1573 3505 1783 3581 μεθ’ἦς

189 3601 287 3654 διὰ
334 3600 519 3671 χειρὸς
573 3597 902 3668 ἐπιφέρεται
946 3596 1146 3667 ῥάϐδου
1173 3637 1188 3663 ,
1244 3597 1345 3667 τῆς
1385 3597 1527 3651 κατὰ
1555 3598 1615 3652 τὸ
1642 3616 1784 3668 πρα-

189 3691 379 3745 κτικόν
405 3707 549 3762 φημι
574 3690 667 3744 τοῦ
690 3689 852 3758 λόγου
875 3687 1183 3760 δυνάμεως,
1208 3688 1414 3761 νοητῶς
1438 3691 1788 3762 παρατασσό-

190 3797 371 3853 μενος.

190 3960 414 4029 Θεωρία
433 3959 565 4028 περὶ
591 3958 717 4027 τοῦ,
738 3956 872 4026 Πῶς
892 3957 1035 4025 τοὺς
1056 3955 1170 4027 πρὸ
1195 3958 1385 4028 νόμου
1408 3957 1505 4013 καὶ
1524 3960 1675 4030 μετὰ
1695 3964 1790 4017 νό-

256 4067 383 4121 μον
431 4052 640 4120 ἁγίους
689 4068 779 4115 τις
824 4034 1206 4119 μιμήσασθαι
1238 4050 1510 4116 δύναται,
1562 4053 1657 4107 καὶ
1691 4055 1784 4122 τίς

261 4144 302 4211 ἡ
350 4142 458 4198 τοῦ
499 4143 764 4212 φυσικοῦ
799 4143 989 4211 νόμου
1041 4142 1283 4198 καὶτοῦ
1314 4144 1583 4211 mantat?
1628 4148 1781 4203 κατὰ

260 4234 381 4304 τὴν
411 4235 496 4301 εἰς
524 4234 841 4301 ἀλλήλους
865 4232 1291 4303 μεταχώρησιν
1316 4236 1631 4305 ταυτότης.

271 4432 547 4497 Ὡσαύτως
566 4432 621 4487 δὲ
650 4431 977 4497 καὶ-πάντας
1007 4432 1131 4494 τοὺς
1161 4432 1349 4501 ἁγίους
1376 4431 1606 4497 ἕκαστος
1625 4435 1656 4505 ἡ
1668 4434 1786 4504 μῶν

182 4529 359 4582 θέλων
407 4529 489 4591 είς
517 4526 711 4579 ἑαυτὸν
742 4522 1058 4596 μεταθεῖναι
1084 4522 1307 4577 δύναται
1327 4562 1343 4588 ,
1379 4524 1515 4593 πρὸς
1549 4525 1781 4580 ἕκαστον

187 4618 579 4697 πνευματικῶς
650 4619 717 4672 ἐκ
771 4616 882 4671 τῶν
958 4616 1086 4686 περὶ
1135 4615 1300 4669 αὐτοῦ
1373 4616 1494 4669 καθ’
1545 4618 1787 4689 ἱστορίαν

179 4711 431 4773 τυπικῶς
491 4710 894 4781 γεγραμμένων
959 4706 1353 4778 μορφούμενοςλ
1408 4708 1791 4778 (Συνέϐαινε

183 4800 301 4869 γὰρ
343 4798 598 4864 ἐκείνοις
654 4796 916 4861 τυπικῶς
941 4835 956 4859 ,
1016 4796 1181 4866 φησὶν
1211 4797 1239 4850 6
1272 4794 1412 4859 θεῖος
1447 4797 1786 4865 Ἀπόστολος,

178 4891 420 4960 ἐςφάέρη
449 4889 517 4944 δὲ
546 4890 699 4959 πρὸς
728 4888 1058 4943 νουθεσίαν
1080 4887 1271 4957 ἡμῶν,
1303 4889 1391 4953 εἰς
1414 4888 1522 4954 οὓς
1548 4889 1620 4944 τὰ
1640 4890 1787 4960 τέλη

178 4984 309 5039 τῶν
352 4980 585 5036 αἰώνων
635 4980 1055 5050 κατήντησε).
1122 4979 1262 5050 πρὸς
1306 4980 1405 5050 μὲν
1450 4982 1579 5045 τοὺς
1618 4982 1787 5037 πάλαι

182 5074 299 5143 πρὸ
357 5074 525 5144 νόμον
573 5071 804 5141 ἁγίους,
870 5070 981 5125 ἀπὸ
1028 5069 1129 5140 μὲν
1177 5070 1409 5135 κτίσεως
1441 5072 1650 5142 κόσμου
1684 5074 1784 5146 τὴν

150 5228 155 5231 ,
180 5167 321 5237 περὶ
348 5165 485 5219 Θεοῦ
514 5164 719 5234 γνῶσιν
752 5162 992 5226 εὐσεϐῶς
1017 5162 1415 5232 ποριζόμενος.
1460 5164 1568 5218 ἀπὸ
1593 5165 1648 5219 δὲ
1682 5167 1784 5236 τῆς

179 5260 250 5313 τὸ
287 5259 396 5312 πᾶν
427 5256 609 5326 σοφῶς
652 5255 958 5327 διοικούσης
992 5258 1257 5328 Προνοίας
1289 5261 1391 5326 τὰς
1415 5264 1619 5334 ἀρετὰς
1648 5282 1783 5319 κατ-

179 5349 387 5420 ορθοῦν
419 5349 828 5419 διδασκόμενος,
867 5352 989 5403 κατ’
1009 5353 1208 5418 αὐτοὺς
1235 5355 1483 5420 ἐκείνους
1512 5357 1638 5420 τοὺς
1673 5357 1781 5427 πρὸ

181 5440 289 5495 τοῦ
313 5440 482 5510 νόμου
517 5440 729 5508 ἁγίους,
766 5441 815 5495 οἳ
847 5441 937 5496 διὰ
965 5443 1183 5498 πάντων
1212 5446 1461 5515 φυσικῶς
1488 5448 1546 5500 ἐν
1570 5448 1784 5513 ἑαυτοῖς

188 5536 292 5590 τὸν
315 5534 561 5603 γραπτὸν
619 5536 677 5588 ἐν
715 5534 987 5607 πνεύματι
1025 5540 1470 5612 προχαράξαντες
1502 5541 1665 5613 νόμον
1695 5542 1782 5597 εῦ-

265 5683 480 5744 τΙΟοι·
526 5702 578 5751 x,
621 5686 704 5744 ll.

1885 3258 2013 3299 cum
2033 3240 2238 3296 visibili
2264 3238 2586 3307 colloquens
2609 3234 2905 3297 Pharaoni,
2932 3232 3027 3286 sed
3056 3246 3180 3286 eum
3206 3227 3472 3284 invisibili

1884 3343 2122 3407 tyranno
2146 3331 2569 3396 animarumque
2592 3323 2936 3379 interfectori
2963 3329 3019 3376 et
3041 3319 3299 3390 nequitiae
3321 3316 3474 3388 prin-

1887 3426 1996 3496 eipi
2031 3423 2285 3486 diabolo,
2318 3433 2550 3490 quaeque
2585 3432 2710 3472 eum
2747 3415 3086 3471 comitantur
3120 3411 3280 3464 malis
3312 3416 3471 3478 pote-
3528 3436 3533 3443 ε

1887 3516 2127 3573 statibus
2163 3514 2342 3584 virga,
2378 3525 2543 3580 quam
2591 3525 2756 3563 manu
2799 3507 2926 3571 fert,
2962 3503 3188 3565 actuali,
3225 3502 3470 3570 inquam,

1888 3604 2124 3661 rationis
2152 3608 2429 3673 potestate
2460 3594 2913 3652 intellectualiter
2940 3589 3328 3662 congrediens.

1895 3958 2283 4032 Contemplatio
2314 3957 2370 4011 in
2399 3953 2533 4010 illud
2567 3970 2584 4008 :
2620 3949 2890 4017 Quomodo
2919 3948 3034 4020 quis
3066 3945 3227 4017 possit
3264 3953 3471 3999 sanctos

1964 4064 2075 4115 tam
2112 4054 2202 4125 qui
2239 4063 2364 4105 ante
2402 4047 2567 4119 legem
2598 4061 2760 4116 quam
2794 4044 2883 4114 qui
2915 4049 3027 4114 post
3057 4039 3226 4109 legem
3257 4039 3471 4093 exstite-

1963 4154 2087 4201 runt
2115 4143 2361 4201 aznmlari
2384 4142 2568 4212 possit,
2600 4147 2647 4192 et
2674 4152 2921 4206 quantum
2949 4135 3015 4187 sit
3047 4131 3312 4185 naturalis
3347 4128 3474 4199 legis

1952 4249 2110 4310 atque
2134 4238 2345 4307 scripta:
2373 4232 2660 4288 secundum
2686 4238 2927 4283 mutuam
2947 4226 3001 4279 in
3025 4241 3078 4279 se
3103 4223 3473 4278 transitionem

1954 4348 2017 4385 ac
2047 4327 2456 4384 vicissitudinem
2480 4323 2751 4376 identitas.

1934 4443 2230 4501 Similiter
2275 4454 2408 4495 vere
2463 4436 2596 4492 item
2644 4433 2963 4504 quicunque
3011 4436 3267 4485 nostrum
3317 4425 3473 4485 volet

1887 4550 2082 4591 omnes
2124 4538 2347 4589 sanctos
2397 4531 2451 4585 in
2501 4544 2561 4583 se
2608 4525 2910 4582 transferre
2959 4529 3172 4593 potest,
3217 4519 3348 4575 dum
3400 4515 3473 4576 ad

1821 4594 1864 4648 υ
1890 4642 2169 4700 quemque
2200 4622 2568 4696 spiritualitcr
2591 4634 2715 4675 sese
2738 4617 2941 4673 format
2960 4631 3027 4670 ex
3052 4613 3119 4668 iis
3142 4627 3263 4682 quae
3289 4610 3474 4682 typiee

1888 4720 1959 4776 de
1989 4735 2058 4775 eo
2084 4717 2366 4775 memorire
2394 4714 2655 4770 mandata
2686 4721 2818 4768 sunt
2845 4708 3167 4784 (Evenerant
3193 4707 3332 4761 enim
3360 4700 3477 4759 illis

1886 4813 1944 4867 in
1984 4813 2304 4882 imaginem,
2335 4794 2561 4868 divinus
2599 4806 2680 4861 ait
2719 4804 3049 4875 Apostolus,
3078 4810 3201 4857 sunt
3239 4816 3361 4854 vero
3402 4797 3473 4852 ad

1886 4920 1981 4960 nos
2021 4901 2439 4959 commonendos
2461 4900 2788 4970 conscripta,
2821 4898 2877 4951 in
2908 4912 3040 4967 quos
3073 4893 3205 4964 ﬁnes
3231 4908 3473 4947 wearum

1887 4996 2326 5069 decurrernnt'),
2439 4991 2508 5046 ad
2543 4999 2762 5046 veteres
2796 5003 2920 5060 quae
2952 4990 3126 5058 legem
3161 4992 3477 5040 antecesse-

1890 5095 2041 5153 runt,
2071 5101 2102 5140 a
2133 5087 2364 5142 condito
2394 5084 2603 5139 mundo
2629 5083 2728 5139 Dei
2758 5081 3132 5153 cognitionem
3162 5078 3252 5149 pie
3282 5075 3476 5147 acqui-

1888 5177 2086 5239 rendo,
2113 5192 2142 5231 ει
2173 5174 2529 5231 Providentia
2558 5189 2690 5229 vero
2718 5172 3040 5228 universum
3072 5170 3352 5240 sapienter
3378 5166 3476 5221 adv

1886 5268 2238 5323 ministrante
2267 5268 2505 5322 virtutes
2539 5280 2802 5322 exercere
2833 5263 3122 5326 discendo,
3156 5262 3211 5315 in
3246 5259 3474 5318 modum

1887 5357 2135 5427 ipsorum
2173 5359 2394 5413 illorum
2436 5357 2532 5426 qui
2575 5367 2703 5411 ante
2741 5357 2919 5426 legem
2958 5354 3220 5408 vixerunt
3256 5360 3475 5407 sancto-

1889 5465 2037 5512 rum,
2066 5451 2160 5520 qui
2198 5467 2295 5520 per
2322 5450 2506 5505 omnia
2538 5448 2869 5504 naturaliter
2897 5446 2951 5502 in
2979 5444 3292 5515 semetipsis
3335 5444 3475 5499 scri-

1890 5549 2040 5611 ptam
2069 5541 2271 5611 Spiritu
2298 5542 2475 5614 legem
2507 5551 2635 5598 ante
2664 5545 3059 5613 expresserunt
3083 5545 3133 5592 et
3162 5536 3380 5612 pictatis
3408 5550 3469 5595 ac
