3984 6198
283 311 421 380 1153

1482 358 1486 365 .
1514 310 2035 383 AMBIGUORUM
2077 313 2326 373 LIBER.

3393 321 3534 387 115!

280 423 499 491 θεωρία
544 424 651 479 τοῦ
678 426 902 494 τρόπον
943 423 1074 479 καθ’
1130 422 1204 478 ὃν
1249 419 1403 489 ὑπὲρ
1448 420 1556 474 τόν
1590 420 1834 490 ,φυσικὸς

1966 420 2352 493 Contemplatio
2385 424 2528 480 modi
2560 440 2661 495 quo
2691 426 2734 480 is
2765 416 2855 498 qui
2881 428 2990 482 Deo
3017 444 3112 500 per
3134 433 3312 487 omnia
3344 434 3540 489 obtem-

347 513 446 566 καί
490 512 596 566 τὸν
624 514 892 583 γραπτὸν
934 512 1124 583 νόμον
1149 511 1375 582 γίνεται
1409 511 1441 563 ό
1476 507 1575 564 διὰ
1617 507 1858 562 πάντων

346 602 426 667 τῷ
449 601 572 668 Θεῷ
605 605 927 674 γενόμενος
954 588 1261 671 εὐπειθής,
1634 667 1641 673 1

344 694 410 747 Εἰ
436 693 548 765 γὰρ
573 696 724 747 πᾶσα
764 698 798 766 ἡ
832 695 941 748 τῶν
967 696 1139 748 δντων
1167 693 1328 762 φύσις
1366 694 1447 756 εἰς
1475 693 1544 747 τὰ
1568 693 1734 764 νοητὰ
1762 693 1857 747 καί⁹

269 786 343 840 τὰ
371 785 607 856 αἰσθητὰ
633 786 906 861 διῄρηται,
955 788 1049 840 καὶ
1084 786 1154 840 τὰ
1207 787 1304 857 μὲν
1338 785 1556 854 λέγεται
1587 786 1682 838 καί
1708 785 1856 840 ἐστιν

270 877 488 944 αἰώνια,
541 878 616 940 ὼς
651 879 710 929 ἐν
758 879 913 931 αἰῶνι
946 877 1040 931 τοῦ
1070 874 1209 932 εἰναι
1258 879 1532 931 λαϐόντων
1564 876 1856 948 ἀρχὴνρτὰ

268 970 326 1023 δὲ
366 969 616 1041 χρονικὰ,
672 968 745 1030 ὡς
772 971 828 1021 ἐν
873 969 1051 1040 χρόνῳ
1110 970 1476 1042 πεποιημένα,
1520 970 1704 1023 καὶτὰ
1757 970 1854 1040 μὲν

269 1059 566 1113 ὑποπίπτει
624 1059 826 1128 νοήσει,
876 1061 943 1113 τὰ
995 1060 1050 1113 δὲ
1099 1060 1371 1132 αἰσθήσει,
1420 1060 1510 1114 διὰ
1538 1060 1636 1131 τὴν
1679 1059 1855 1113 ταῦτα

269 1152 523 1225 ἀλλήλοις
579 1151 1018 1219 ὲπισφίγγουσαν
1057 1151 1150 1204 τοῦ
1197 1153 1338 1206 κατὰ
1390 1152 1550 1222 φύσιν
1601 1139 1851 1222 σχετικόῦ

272 1242 563 1314 ἰδιώματος
612 1242 808 1298 ἄλυτον
850 1243 1082 1315 δύναμιν
1141 1244 1333 1314 (πολλὴ
1390 1245 1499 1316 γὰρ
1539 1247 1572 1316 ὴ
1620 1246 1755 1316 πρὸς
1782 1245 1853 1299 τὰ

268 1333 536 1405 νοούμενα
581 1333 691 1387 τῶν
750 1332 1016 1389 νοούντων
1048 1335 1142 1388 καὶ
1196 1335 1333 1404 πρὶς
1378 1337 1447 1388 τὰ
1482 1336 1716 1406 αἰσθητὰ
1742 1336 1851 1391 τῶν

264 1424 670 1494 αἰσθανομένων
698 1425 731 1495 ἡ
759 1426 964 1494 σχέσις,
999 1426 1027 1478 ὀ
1053 1425 1109 1478 δὲ
1160 1420 1448 1496 ἄνθρωπος
1473 1427 1539 1479 ἐκ
1558 1427 1733 1497 ψυχῆς
1756 1426 1851 1479 καὶ

265 1516 517 1588 σώματος
550 1520 837 1587 τυγχάνων
867 1518 1189 1588 αἰσθητικοῦ
1214 1519 1302 1573 διὰ
1332 1521 1430 1589 τῆς
1455 1520 1576 1574 κατ’
1608 1519 1847 1573 ἐπαλλα-

264 1609 367 1679 γὴν
392 1609 529 1678 πρὸς
561 1610 800 1681 ἑκάτερα
829 1609 898 1663 τὰ
927 1610 1029 1678 τῆς
1059 1612 1290 1674 κτίσεως
1318 1612 1581 1682 τμήματα
1611 1612 1847 1682 φυσικῆς

264 1699 502 1768 σχέσεώς
536 1717 595 1751 τε
621 1701 712 1752 καὶ
744 1700 1003 1770 ἰδιότητος
1047 1702 1142 1754 καὶ
1177 1703 1580 1773 περιγράφεται
1610 1704 1703 1757 καὶ
1744 1721 1846 1756 πε-

265 1790 545 1857 ριγράφει,
594 1789 655 1842 τὸ
716 1790 944 1862 μεντοι-ᾔ
1003 1792 1185 1863 οὐσίᾳ,
1244 1794 1304 1846 τὸ
1358 1794 1415 1846 δὲ
1476 1798 1539 1865 τῇ
1590 1789 1891 1877 δυνάμεως

262 1879 444 1950 (157
478 1880 528 1951 b)
565 1879 640 1943 ώς
678 1885 790 1944 τοῖς
836 1882 1031 1935 ἑαυτοῦ
1078 1885 1214 1955 πρὸς
1246 1885 1418 1938 ταῦτα
1467 1887 1843 1958 διαιρούμενος

263 1971 480 2043 μέρεσι,
523 1972 618 2025 καὶ
654 1971 829 2026 ταῦτα
873 1974 961 2027 διὰ
1014 1974 1123 2027 τῶν
1162 1977 1383 2031 οἰκείων
1428 1979 1613 2049 μερῶν
1664 1982 1842 2052 ἑαυτῷ

259 2062 383 2115 καθ’
408 2062 601 2116 ἕνωσιν
644 2063 1025 2135 ἐπισπώμενος
1047 2083 1060 2096 ·
1109 2070 1545 2139 περιγράφεσθαι
1600 2074 1706 2143 γὰρ
1732 2078 1842 2137 τοῖς

258 2156 470 2220 νοητοῖς
501 2156 594 2207 καὶ
620 2155 920 2227 αἰσθητοῖς,
939 2157 1014 2221 ώς
1040 2158 1187 2229 ψυχὴ
1218 2163 1504 2230 τυγχάνων
1530 2166 1625 2218 καὶ
1658 2166 1835 2237 σῶμα,

258 2244 354 2298 καὶ
384 2247 750 2316 περιγράφειν
799 2248 970 2302 ταῦτα
1018 2250 1162 2303 κατὰ
1208 2249 1437 2322 δύναμιν
1467 2255 1730 2324 πέφυκεν,
1764 2257 1840 2321 ὡς

257 2335 392 2388 νοῶν
422 2336 517 2390 καὶ
545 2337 934 2408 αἰσθανόμενος
956 2356 970 2370 ·
1003 2340 1032 2392 δ
1076 2340 1131 2393 δὲ
1161 2341 1291 2405 Θεὸς
1320 2343 1507 2403 ἁπλῶς
1546 2347 1641 2402 καὶ
1683 2348 1836 2419 ἀορίρ

256 2443 397 2490 στως
442 2428 584 2500 ὑπὲρ
614 2429 795 2484 πάντα
828 2432 897 2484 τὰ
933 2431 1061 2485 ὄντα
1111 2434 1251 2497 ἐστὶ,
1285 2435 1354 2488 τὰ
1408 2438 1731 2508 περιέχοντά
1777 2458 1836 2495 τε

255 2516 353 2571 καὶ
399 2520 765 2589 περιεχόμενα
811 2522 905 2574 καί
929 2521 1049 2593 τὴν,
1081 2516 1156 2576 ὧν
1185 2524 1285 2577 οὐκ
1318 2520 1445 2579 ἄνευ
1480 2517 1674 2593 ταῦτα,
1705 2531 1834 2601 χρό-

256 2625 347 2660 νου
392 2610 534 2680 φημὶ
583 2611 676 2664 καὶ
718 2611 912 2676 αἰῶνος
965 2617 1059 2666 καὶ
1088 2616 1253 2669 τόπου
1310 2618 1489 2687 φύσιν,
1534 2616 1616 2684 οἷς
1642 2621 1703 2679 τὸ
1729 2625 1836 2677 πᾶν

257 2704 650 2772 περικλείεται,
699 2706 775 2769 ὡς
817 2708 955 2760 πᾶσι
980 2709 1260 2773 παντελῶς
1309 2711 1536 2782 ἄσχετος
1570 2711 1690 2782 ὢν),
1725 2714 1836 2786 ἄρα

256 2796 549 2866 σωφρόνως
590 2800 618 2851 ὁ
655 2798 906 2866 διαγνοὺς
959 2800 1076 2863 mli;
1124 2802 1258 2871 ὲρᾷν
1291 2801 1384 2855 τοῦ
1414 2802 1550 2855 θεοῦ
1578 2804 1684 2866 δεῖ,
1740 2804 1833 2859 τοῦ

254 2887 397 2957 ὑπὲρ
460 2888 620 2956 λόγον
674 2892 770 2943 καί⁸
837 2890 1041 2958 γνῶσιν
1101 2892 1198 2945 καὶ
1260 2894 1440 2963 πάσης
1493 2895 1680 2959 ἁπλῶς
1736 2897 1835 2967 τῆς

253 2980 575 3051 οἰασδήποτε
632 2984 953 3038 παντάπασι
1013 2984 1269 3054 σχέσεως,
1334 2987 1677 3060 ἐξῃρημένον
1738 2994 1833 3045 καὶ

253 3070 490 3139 φύσεως,
542 3074 718 3128 πάντα
770 3074 838 3128 τὰ
868 3074 1101 3146 αἰσθητὰ
1156 3077 1251 3129 καὶ
1290 3079 1456 3149 νοητά
1508 3081 1603 3134 καὶ
1650 3084 1829 3137 πάντα

252 3161 442 3233 χρόνον
477 3166 568 3218 καὶ
591 3165 764 3219 αἰῶνα
803 3166 898 3220 καὶ
932 3167 1098 3221 τόπον
1119 3168 1165 3201 ⁸⁸
1204 3169 1447 3238 ἀσχέτως
1496 3172 1830 3242 παρελεύσε-

249 3267 363 3317 ται,
397 3252 491 3306 καὶ
530 3254 711 3325 πάσης
753 3247 1230 3329 τελευταῖονδλης
1280 3259 1381 3328 τῆς
1415 3262 1534 3314 κατ’
1576 3263 1831 3336 αἴσθησιν

249 3345 347 3397 καὶ
407 3343 601 3412 λόγον’
631 3347 723 3400 καὶ
763 3347 889 3401 νοῦν
944 3350 1229 3420 ἐνεργείας
1284 3351 1476 3404 ἑαυτὸν
1533 3353 1830 3425 ὑπερφυῶς

249 3436 651 3507 ἀπογυμνώσας
700 3439 958 3510 ἀρρήτως
1004 3456 1064 3492 τε
1093 3432 1185 3492 καὶ
1217 3439 1512 3510 ἀγνώστως
1559 3443 1659 3513 τῆς
1689 3445 1829 3519 ὑπὲρ

246 3527 409 3594 λόγον
437 3529 532 3582 καὶ
560 3530 685 3583 νοῦν
708 3529 861 3595 θείας
890 3531 1257 3602 τερπνότητος
1301 3531 1668 3599 έπιτεύξεται,
1702 3536 1827 3591 καθ’

247 3618 309 3672 δν
342 3615 445 3672 οἶδε
474 3620 676 3691 τρόπον
703 3638 763 3674 τε
795 3622 890 3675 καὶ
934 3622 1089 3691 λόγον
1127 3623 1156 3674 ὀ
1187 3623 1287 3694 τὴν
1317 3623 1572 3695 τοιαύτην
1619 3624 1826 3695 δωρού-

252 3726 412 3779 μενος
438 3710 598 3780 χάριν
643 3711 895 3773 θεὸςκαὶ
939 3714 988 3766 οἰ
1033 3713 1238 3783 ταύτην
1277 3714 1427 3784 παρὰ
1455 3715 1590 3768 Θεοῦ
1643 3705 1826 3770 λαϐεῖν

246 3798 589 3871 ἀξιωθέντες,
620 3800 804 3855 οὐκέτι
851 3792 1003 3856 οὐδὲν
1039 3803 1268 3871 φυσικὸν
1308 3803 1340 3874 ἢ
1371 3804 1616 3874 γραπτὸν
1648 3805 1827 3877 ἑαυτῷ

249 3890 825 3960 συνεπικομιζόμενος,
880 3894 1100 3948 πάντων
1148 3895 1296 3965 αὐτῷ
1348 3895 1456 3949 τῶν
1499 3896 1818 3971 λεχθῆναιῆ

243 3981 555 4051 γνωσθῆναι
602 3983 914 4061 δυναμένων
947 3985 1228 4050 παντελῶς
1271 3986 1689 4059 ὐπερδαθέντων
1729 3990 1823 4043 καὶ

246 4075 782 4139 κατασιγασθέντων.

243 4333 467 4399 Θεωρία
508 4337 595 4402 εἰς
648 4336 718 4391 τὸ
776 4337 909 4407 ,περὶ
955 4337 1061 4403 τοῦ
1116 4338 1488 4406 ἐμπεσόντος
1537 4342 1626 4406 είς
1676 4339 1819 4407 τοὺς

554 4424 991 4495 ,λῃστὰς-’ῥητὸν
1011 4425 1116 4480 τοῦ
1147 4428 1534 4495 Εὐαγγελίου.

312 4514 425 4568 Καὶ
452 4515 591 4584 τάχα
634 4510 791 4569 τοῦτό
820 4518 936 4569 ἑστι
968 4517 1029 4570 τὸ
1076 4520 1188 4581 τοῖς
1229 4518 1462 4571 δοθεῖσιν
1519 4519 1613 4572 ἐπὶ
1651 4518 1816 4590 θερα-

241 4606 372 4675 πείᾳ
416 4606 509 4658 τοῦ
551 4609 773 4678 λῃσταῖς
843 4609 1234 4678 περιπεσόντος
1275 4609 1395 4662 δυσὶ
1443 4610 1718 4681 δηναρίοις
1760 4613 1818 4663 ὲν

238 4696 317 4767 τῷ
354 4697 656 4769 πανδοκείῳ
710 4700 860 4768 παρὰ
918 4684 1013 4752 τοῦ
1070 4700 1277 4769 Κυρίου
1306 4700 1405 4771 τῷ·
1437 4700 1819 4770 ἐπιμελεῖσθαι

238 4788 585 4859 κελευομένῳ
631 4789 1186 4860 προσδαπανώμενον,
1213 4791 1367 4864 ,ὅπερ
1415 4794 1509 4845 καὶ
1540 4792 1726 4864 (158
1760 4797 1816 4864 a)

240 4877 539 4947 φιλοτίμως
569 4880 999 4950 ἐπανερχόμενος
1016 4882 1046 4933 ὁ
1078 4880 1279 4954 Κύριος
1307 4881 1500 4935 δώσειν
1527 4884 1812 4953 ὑπέσχετο,

234 4972 272 5040 ἡ
330 4969 419 5024 διὰ
467 4971 701 5035 πίστεως
746 4973 1004 5043 γινομένη
1061 4971 1332 5043 παντελὴς
1370 4973 1499 5047 ’τῶν
1545 4973 1714 5028 ὄντων
1758 4978 1814 5028 ἐν

234 5064 350 5126 τοῖς
382 5062 610 5120 τελείοις
654 5065 945 5135 ἀφαίρεσις
985 5067 1140 5135 (φησί
1170 5066 1278 5136 γὰρ
1304 5068 1333 5119 δ
1366 5064 1814 5137 Κύριος⁹”οστ1ς

232 5153 348 5205 οὐκ
372 5152 781 5207 ἀποτάσσεται
829 5152 983 5210 πᾶσι
1026 5154 1149 5219 τοῖς
1196 5153 1576 5222 ὑπάρχουσιν
1603 5153 1810 5217 αὑτοῦ,

232 5244 308 5295 οὐ
335 5242 586 5297 δύναταί
626 5262 747 5313 μου
796 5242 951 5299 εἶναι
995 5245 1313 5315 μαθητὴς),
1365 5244 1485 5298 καθ’
1527 5245 1595 5316 ἢν
1653 5245 1815 5298 πάνθ’

232 5333 432 5388 ἑαυτοῦ
494 5335 528 5408 ἢ
599 5336 791 5389 ἑαυτὸν
847 5339 1064 5391 πάντων
1144 5337 1545 5408 ἀφαιρούμενος
1635 5340 1807 5391 εἰπεῖν

225 5425 583 5497 οἰκειότερον,
644 5430 672 5480 ὁ
722 5430 821 5499 τῆς
887 5428 1079 5497 σοφίας
1147 5429 1340 5483 ἑαυτὸν
1411 5431 1649 5501 ἐραστὴν
1712 5448 1810 5483 κα-

303 5551 331 5580 ι
360 5539 596 5610 Philipp.
639 5557 714 5609 tv,
753 5542 806 5596 7.
889 5542 914 5581 ιι
940 5541 1073 5598 Luc.
1109 5559 1137 5597 x
1169 5583 1182 5609 ,
1215 5542 1301 5597 ΞΟ.
1384 5554 1405 5582 ιτ
1438 5543 1571 5598 Luc.
1601 5540 1701 5607 ἐπ’,
1726 5541 1818 5601 55.

292 5688 341 5722 ⁸³
378 5704 462 5772 εἰς
489 5706 652 5759 τόπον
686 5704 809 5760 cod.
838 5703 980 5761 Gud.

2032 515 2295 583 peraverit
2339 521 2450 569 tant
2499 514 2802 572 naturalem
2853 536 3015 590 quam
3064 523 3318 594 scriptam
3373 518 3538 595 legem

2026 616 2255 675 superet.

2027 695 2247 751 Etenim
2279 697 2324 752 si
2352 698 2533 753 omnis
2557 712 2741 753 rerum
2767 709 2963 756 natura
2990 702 3045 757 in
3077 703 3445 774 intelligibilia
3473 721 3538 762 ac

1957 786 2244 841 sensibilia
2284 787 2574 853 dividitur,
2605 797 2663 844 et
2698 790 2874 845 altera
2914 801 2969 846 et
3006 792 3274 848 dicuntur
3310 802 3366 849 et
3405 803 3536 851 sunt

1953 885 2192 941 aeterna,
2228 878 2430 947 utqui
2474 878 2529 932 in
2573 880 2883 935 aeternitate
2926 882 3262 938 exsistentize
3309 885 3533 941 initium

1956 977 2259 1037 ceperunt,
2292 968 2466 1031 altera
2497 984 2632 1023 vero
2669 972 3024 1040 temporalia,
3058 981 3246 1043 utpote
3290 975 3351 1028 in
3396 984 3535 1030 tem-

1954 1074 2092 1129 pore
2148 1059 2313 1125 facta,
2371 1060 2418 1116 si
2454 1061 2545 1115 illa
2613 1078 2780 1132 porro
2842 1062 3147 1119 intellectui
3211 1068 3528 1132 succidunt,

1954 1151 2072 1207 haec
2127 1153 2353 1219 sensui,
2431 1162 2658 1224 propter
2722 1154 3149 1224 inseparabilem
3204 1158 3350 1223 vim,
3413 1161 3531 1216 haec

1953 1243 2113 1301 iuter-
2140 1259 2199 1299 se
2246 1245 2351 1300 sibi
2396 1247 2768 1316 copulantem,
2803 1247 3164 1317 proprietatis
3204 1253 3530 1307 naturaliter

1951 1336 2196 1390 relativa:
2238 1336 2432 1401 (multa
2473 1336 2623 1392 enim
2666 1336 2734 1390 ad
2779 1337 3059 1393 intellecta
3104 1340 3529 1410 intelligendum

1949 1436 2034 1481 est
2066 1436 2122 1481 et
2153 1429 2222 1482 ad
2258 1429 2541 1485 sensibilia
2576 1430 2936 1484 sentientium
2972 1431 3195 1496 relatio,
3229 1432 3396 1487 homo
3426 1450 3529 1488 au-

1950 1527 2061 1573 tem
2087 1536 2154 1573 ex
2179 1520 2362 1574 anima
2386 1529 2442 1575 et
2467 1536 2700 1589 corpore
2726 1523 2974 1576 sensibili
3001 1532 3264 1577 constans
3286 1526 3527 1580 naturali

1948 1620 2003 1662 et
2026 1618 2216 1663 mutua
2246 1609 2311 1663 ad
2340 1619 2627 1679 utramque
2654 1610 2994 1664 conditionis
3019 1621 3230 1680 partem
3258 1613 3526 1668 relatione

1947 1708 2113 1768 atque.
2154 1701 2497 1770 proprietate
2542 1710 2650 1754 tam
2692 1701 3166 1756 circumscribitur
3204 1719 3367 1771 quam
3412 1705 3525 1758 cir—

1948 1793 2306 1857 cumseribit,
2343 1795 2580 1847 alterum
2629 1794 2903 1857 essentia,
2937 1795 3171 1848 alterum
3217 1805 3521 1865 potestate,

1945 1889 2136 1949 utpote
2164 1881 2246 1935 sui
2278 1882 2454 1951 ipsius
2481 1883 2734 1951 partibus
2762 1883 2814 1935 in
2845 1882 2960 1936 haec
2988 1893 3296 1953 separatus,
3322 1893 3377 1938 et
3407 1885 3523 1942 baro

1944 1987 2042 2041 per
2078 1974 2331 2041 proprias
2364 1983 2549 2042 partes
2582 1973 2900 2027 coaduuans
2937 1984 2991 2028 et
3024 1974 3312 2028 attrahens
3351 1992 3364 2028 :
3410 1975 3520 2030 cir-

1942 2064 2345 2117 cumscribitur
2378 2064 2524 2117 enim
2563 2064 3007 2134 intelligibilibus
3043 2081 3106 2119 ac
3139 2066 3518 2132 sensibilibus,

1940 2155 2147 2225 quippe
2182 2158 2366 2210 anima
2400 2166 2485 2212 est
2520 2165 2576 2211 et
2609 2172 2834 2227 corpus,
2864 2165 2921 2210 et
2956 2157 3366 2212 circumscribit
3403 2159 3520 2233 llaec

1940 2243 2009 2298 de
2046 2252 2337 2313 potestate,
2366 2245 2571 2316 quippe
2605 2244 2924 2315 intelligens
2956 2254 3013 2300 et
3042 2247 3289 2301 sentiens
3324 2264 3337 2299 :
3375 2247 3519 2302 Deus

1939 2352 2072 2392 vero
2117 2338 2444 2408 simpliciter
2488 2347 2545 2394 et
2586 2339 2801 2393 iuliuite
2844 2355 3013 2408 super
3054 2355 3275 2395 omnem
3327 2357 3515 2396 rerum

1936 2438 2194 2483 naturam
2228 2439 2341 2497 est,
2378 2440 2487 2484 tam
2523 2447 2690 2500 super
2719 2446 2784 2485 ea
2819 2446 2941 2500 qua:
2975 2421 3323 2487 circumdant
3350 2448 3516 2502 quam

1935 2534 2057 2589 qua:
2097 2520 2516 2575 circumdantur
2550 2536 2829 2592 superque
2867 2531 3124 2576 naturam
3163 2539 3354 2579 eorum
3393 2524 3515 2579 sine

1935 2611 2142 2681 quibus
2172 2612 2289 2666 hazc
2319 2628 2430 2666 non
2462 2622 2611 2677 sunt,
2648 2613 2915 2683 temporis
2944 2613 3069 2668 dico
3103 2624 3160 2669 et
3188 2615 3515 2670 arteruitatis

1935 2685 1991 2754 et
2026 2699 2156 2764 loci,
2186 2700 2391 2771 quibus
2433 2702 2767 2757 universitas
2805 2698 3283 2759 circumcluditur.
3319 2713 3511 2773 utpote

1934 2793 2083 2846 omni
2115 2793 2180 2848 ad
2210 2793 2511 2863 quidquam
2539 2794 2808 2851 relatione
2831 2794 3080 2865 carens);
3102 2813 3232 2867 ergo
3255 2799 3348 2867 qui
3381 2814 3513 2868 pru-

1934 2884 2131 2940 denter
2167 2885 2423 2957 cognovit
2468 2887 2750 2956 quomodo
2803 2888 2974 2942 Deum
3022 2903 3207 2944 amare
3260 2888 3508 2955 deberet,

1933 2977 2027 3047 qui
2069 2976 2337 3032 rationem
2371 2986 2430 3033 et
2461 2978 2837 3049 cognitionem
2872 2986 3097 3049 superat
3128 2987 3182 3034 et
3216 2981 3508 3050 qualicun-

1933 3081 2038 3135 que
2077 3066 2303 3121 omnino
2335 3067 2489 3121 omni
2524 3068 2791 3123 relatione
2825 3076 2881 3123 et
2911 3077 3108 3123 natura
3143 3070 3285 3125 liber
3315 3081 3429 3135 est,
3461 3073 3508 3128 is

1931 3158 2114 3212 omnia
2150 3158 2434 3213 sensibilia
2468 3169 2634 3228 atque
2669 3158 3038 3229 intelligibilia
3074 3168 3129 3217 et
3159 3175 3323 3216 onme
3365 3170 3505 3218 tem-

1930 3265 2034 3318 pus
2066 3258 2121 3303 et
2151 3250 2518 3304 aeternitatem
2552 3258 2609 3303 et
2641 3250 2823 3304 locum
2861 3250 2980 3306 sine
3013 3251 3281 3306 relatione
3323 3261 3505 3308 trans-

1928 3343 2233 3412 gredietur,
2266 3350 2323 3398 et
2362 3343 2512 3396 omni
2553 3342 2776 3397 demum
2820 3358 2884 3398 ac
2927 3352 3037 3398 tota
3080 3356 3135 3399 ct
3173 3346 3411 3401 sensuali
3449 3355 3506 3401 et

1928 3434 2181 3488 rationali
2226 3443 2287 3489 et
2320 3434 2684 3489 intellectuali
2722 3435 2940 3492 actione
2984 3436 3145 3505 plane
3189 3437 3506 3494 denudatus

1926 3525 2283 3580 iueﬂ‘abiliter
2316 3536 2372 3579 et
2405 3525 3048 3594 incomprehensibiliter
3080 3527 3349 3593 divinam,
3380 3544 3504 3598 qua;

1929 3615 2160 3669 verbum
2194 3615 2625 3669 et’intellectum
2662 3626 2958 3683 superato,
2990 3616 3327 3685 voluptatem
3366 3634 3503 3672 cun-

1931 3713 2214 3775 sequetur,
2251 3707 2464 3761 ratione
2505 3717 2561 3762 ct
2600 3705 2764 3759 modo
2809 3721 2972 3775 quem
3022 3716 3230 3761 norunt
3271 3709 3365 3777 qui
3409 3709 3504 3764 dat

1928 3798 2198 3868 ejusmodi
2233 3797 2462 3868 gratiam
2494 3799 2639 3851 Deus
2671 3805 2726 3850 et
2761 3797 2838 3850 illi
2868 3792 2961 3866 qui
3000 3812 3119 3851 eam
3154 3812 3184 3851 a
3220 3797 3330 3851 Deo
3360 3800 3503 3853 acci-

1929 3904 2057 3959 pere
2102 3898 2453 3954 meruerunt,
2484 3903 2587 3942 nec
2635 3888 2889 3941 naturale
2934 3887 3067 3955 quid
3117 3887 3356 3956 amplius
3399 3904 3502 3944 nec

1928 3980 2198 4048 scriptum
2247 3996 2433 4041 secum
2483 3980 2696 4043 ferens,
2734 3987 3022 4048 postquam
3077 3978 3334 4033 universa
3378 3994 3502 4048 qua:

1927 4070 2039 4124 diei
2065 4072 2114 4125 ei
2142 4080 2243 4125 aut
2261 4072 2514 4141 cognosci
2545 4078 2870 4142 potuerunt,
2895 4078 3155 4139 superata
3183 4079 3312 4124 sunt
3336 4079 3500 4140 atque

1927 4162 2149 4216 silentio
2178 4162 2484 4233 obsignata.

1927 4336 2312 4407 Contemplatio
2340 4337 2395 4389 in
2427 4334 2706 4406 Evangelii
2735 4335 2929 4387 dictum
2959 4333 3024 4386 de
3051 4350 3109 4387 eo
3137 4337 3226 4404 qui
3254 4336 3306 4389 iu
3335 4336 3499 4391 latro-

2518 4444 2608 4482 nes
2637 4427 2817 4480 incidit
2838 4425 2885 4478 δ.

1992 4520 2070 4574 Ac
2109 4517 2342 4573 fortasse
2379 4519 2484 4572 hoc
2523 4518 2667 4587 quod
2713 4518 2857 4572 datis
2894 4519 2952 4572 in
2995 4518 3334 4573 curationem
3377 4520 3498 4588 ejus

1922 4613 2016 4683 qui
2047 4613 2101 4666 in
2136 4612 2380 4666 latrones
2412 4609 2683 4664 inciderat
2709 4609 2928 4665 duobus
2959 4610 3200 4665 denariis
3230 4611 3282 4663 in
3313 4610 3497 4665 diver-

1920 4703 2071 4757 sorio
2112 4720 2142 4757 a
2185 4703 2418 4757 Domino
2452 4705 2503 4756 ei
2540 4702 2631 4755 cui
2666 4717 2797 4755 cura
2831 4702 3072 4756 hominis
3107 4700 3496 4771 iujungebalur

1921 4794 2229 4864 impensum
2263 4802 2370 4857 est,
2400 4792 2551 4862 quod
2581 4791 2746 4845 etiam
2780 4808 2839 4846 se
2875 4792 3132 4846 daturum
3166 4807 3290 4846 esse
3320 4791 3375 4845 in
3410 4806 3497 4845 rc-

1920 4886 2039 4941 dilu
2074 4886 2339 4940 Dominus
2374 4885 2682 4939 liberaliter
2706 4884 2988 4953 pollicitus
3019 4893 3125 4947 est,
3152 4898 3337 4937 rerum
3371 4899 3495 4953 qua

1918 4986 2049 5034 sunt
2084 4977 2471 5045 absoluta‘per
2500 4975 2662 5030 [idem
2698 4975 2755 5029 in
2788 4974 3049 5043 perlectis
3088 4974 3366 5028 abdicatio
3407 4978 3495 5028 est

1920 5070 2018 5139 (ait
2060 5068 2209 5123 enim
2250 5067 2520 5120 Dominus
2567 5083 2579 5118 :
2627 5065 2728 5129 Qui
2771 5082 2873 5118 non
2924 5051 3192 5117 renuntiat
3233 5064 3496 5127 universi:

1915 5176 2026 5215 sum
2061 5159 2400 5230 possessioni,
2433 5173 2536 5210 non
2571 5165 2738 5226 potest
2769 5172 2878 5209 esse
2912 5171 3054 5208 meus
3090 5153 3374 5223 discipulus
3397 5154 3489 5221 ο),

1917 5248 2220 5304 secundum
2255 5261 2418 5316 quam
2452 5247 2635 5299 omnia
2670 5262 2790 5300 sese
2824 5253 2949 5305 aut,
2977 5245 3121 5313 quod
3157 5244 3345 5297 dicere
3375 5258 3489 5297 ma-

1915 5341 1999 5409 gis
2029 5342 2311 5401 usitatum,
2339 5353 2459 5392 sese
2483 5338 2750 5391 omnibus
2782 5336 3043 5390 nuzlaudo
3075 5337 3168 5404 qui
3205 5333 3511 5405 sapientia.

1916 5430 2090 5485 anluri
2121 5446 2178 5485 se
2208 5430 2418 5485 dedidit
2449 5446 2572 5484 cum
2608 5430 2725 5483 solo
2756 5427 3216 5483 Deocunversari
3251 5424 3486 5481 merebi-

1530 5600 1762 5689 νΑιιιζιε
1812 5600 2228 5690 Lee'noxes.
