3984 6198
554 281 693 351 1155

1714 276 1777 337 S.
1814 274 2105 336 MAXIMI
2144 277 2653 339 CONFESSORIS

3649 292 3755 363 1155

551 407 646 453 tur
679 403 737 451 et
769 390 1016 464 adoptivi
1051 389 1151 445 ﬁlii
1186 384 1514 460 dignitatem
1545 380 1845 457 Evangelio
1878 384 2145 455 praedica-

2246 387 2523 457 ταστήσας
2602 388 2749 458 μόνῳ
2801 384 2922 457 Θεῷ
2988 389 3228 443 συνεῖναι
3293 391 3626 465 καταξιοῦται,
3676 410 3756 476 τὴν

550 490 665 545 tam
699 486 968 556 accipiet,
994 483 1063 538 ad
1095 481 1379 551 exemplar
1407 489 1735 535 sanctorum
1760 488 1818 533 et
1845 477 2136 533 beatorum

448 626 469 645 ,
552 577 957 650 apostolorum,
975 573 1073 643 qui
1096 588 1217 641 quae
1240 570 1604 641 possidebant
1626 568 1887 624 omnibus
1909 568 2137 623 omnino

458 672 465 740 ξ
551 682 676 744 sese
708 663 1016 737 spoliarunt
1040 663 1254 731 solique
1282 662 1442 732 plane
1470 662 1582 715 Deo
1608 668 1666 715 et
1684 660 1867 715 Verbo
1892 658 2139 713 adhatse-

552 738 706 825 runt,
737 729 991 815 dicentes
1026 773 1038 810 :
1074 756 1208 810 Ecce
1241 755 1422 808 omnia
1457 752 1743 824 abjecimus
1776 761 1926 822 teque
1954 766 2137 804 sumus

460 842 465 849 ’
548 853 714 909 secuti
734 846 785 916 δ,
809 857 1019 904 natura:
1041 861 1263 917 quoque
1284 843 1611 900 Creatorem
1631 858 1696 897 ac
1718 842 1967 896 datorem
1992 842 2140 912 lega-

550 944 624 1000 lis
657 940 869 1007 auxilii,
900 953 1200 1010 quemque,
1231 936 1526 992 Dominum
1558 933 1845 998 videlicet,
1877 941 2140 1003 tanquam

565 1032 810 1087 seritatis
847 1032 1031 1085 lucem
1066 1029 1294 1084 unicum
1328 1025 1614 1083 consecuti
1648 1026 1774 1081 loco
1803 1026 1942 1096 legis
1971 1034 2138 1095 atque

550 1132 771 1180 natura:
800 1122 1051 1177 omnium
1085 1121 1287 1176 merito
1320 1134 1441 1189 quae
1472 1126 1599 1188 post
1630 1119 1803 1173 Deum
1838 1126 2141 1173 censentur

552 1222 764 1270 certam
803 1212 1174 1283 cognitionem
1214 1216 1572 1278 accepcmnt.
1606 1207 1782 1263 Simul
1820 1208 1971 1263 enim
2012 1223 2138 1263 cum

551 1320 625 1362 eo
651 1313 879 1375 apparet
904 1302 1125 1373 proprie
1146 1301 1404 1373 cognitio
1433 1315 1625 1355 eorum
1653 1314 1775 1370 qua:
1804 1299 1873 1353 ab
1902 1313 1971 1354 eo
1996 1300 2140 1354 facta

553 1407 709 1454 sunt.
733 1394 1212 1463 Quemadmodum
1244 1393 1391 1447 enim
1423 1392 1588 1446 simul
1622 1406 1748 1445 cum
1783 1391 1899 1445 sole
1925 1390 2140 1445 oriente

556 1490 818 1545 universa
861 1488 1008 1542 clare
1054 1500 1287 1554 corpora
1333 1492 1631 1553 apparent,
1666 1482 1741 1536 ita
1781 1483 1947 1536 etiam
1994 1482 2143 1536 Deus

558 1580 952 1637 intellectualis
977 1577 1210 1649 justitiae
1244 1576 1360 1640 Sol,
1390 1576 1480 1630 ubi
1514 1576 1756 1645 primum
1782 1574 1956 1628 menti
1982 1582 2143 1627 ortus

554 1683 672 1739 est,
708 1679 877 1742 prout
916 1669 1036 1740 capi
1078 1685 1108 1723 a
1152 1668 1470 1723 conditione
1510 1666 1627 1736 ipse
1669 1668 1855 1731 novit,
1891 1668 2141 1720 omnium

556 1781 666 1821 una
712 1779 900 1818 secum
934 1771 989 1816 et
1024 1760 1491 1815 intellectualium
1525 1768 1580 1814 et
1610 1758 1949 1813 sensualium
1981 1772 2143 1812 veras

557 1858 802 1913 rationes
840 1856 956 1910 vult
997 1870 1281 1925 apparere.
1318 1853 1473 1920 Quod
1516 1852 1789 1922 signiﬁcat
1830 1851 2045 1906 Domini
2086 1851 2143 1905 in

559 1956 749 2003 monte
783 1942 1158 2015 transﬁgurati
1186 1944 1426 1997 vestium
1462 1957 1583 2011 quas
1614 1942 1773 1997 faciei
1805 1942 1926 2011 ejus
1958 1942 2145 2012 splen-

556 2039 695 2094 dore
727 2037 987 2092 lucebant
1018 2037 1313 2106 conjuncta
1345 2035 1622 2100 ostensio,
1658 2049 1783 2089 cum
1818 2034 1916 2088 Dei
1949 2046 2144 2088 eorum

557 2129 725 2185 etiam
769 2142 892 2198 qum
928 2134 1052 2197 post
1088 2141 1212 2180 eum
1255 2132 1405 2189 sunt,
1436 2132 1496 2178 ut
1531 2130 1687 2194 puto,
1714 2132 1770 2178 et
1798 2124 1946 2178 circa
1989 2136 2143 2188 eum,

556 2219 931 2291 cognitionem
958 2216 1284 2271 concilians.
1311 2216 1499 2285 Neque
1528 2215 1680 2269 enim
1712 2215 1831 2269 sine
1858 2215 1980 2270 luce
2011 2230 2146 2270 ocu-

556 2313 647 2368 lus
675 2309 974 2374 sensualia,
997 2323 1176 2377 neque
1203 2322 1359 2362 mens
1384 2309 1503 2362 sine
1529 2306 1846 2377 cognitione
1870 2307 1991 2373 Dei,
2010 2322 2145 2362 con-

560 2402 973 2473 templationem
1007 2398 1354 2469 spiritualem
1385 2412 1584 2467 capere
1614 2405 1816 2468 potest.
1843 2398 1961 2453 Illic
1992 2399 2141 2453 enim

557 2496 703 2551 visui
746 2495 841 2549 lux
880 2491 1188 2547 visibilium
1234 2491 1652 2560 perceptionem
1698 2492 1941 2562 praebet,
1977 2500 2143 2561 atque

558 2583 652 2638 bie
679 2581 853 2638 menti
883 2579 1342 2635 iutellectualium
1374 2580 1748 2651 cognitionem
1782 2580 1878 2637 Dei
1910 2582 2145 2637 scientia

558 2675 750 2731 donaL

2240 476 2618 547 εύαγγελικῶς
2690 479 3103 549 ύποδειχθεῐσαν
3176 482 3439 541 υἱοθεσίαν
3483 488 3746 563 δεξάμενος,

2239 570 2385 625 κατά
2406 571 2532 634 τοὺς
2561 570 2753 639 ἁγίους
2795 571 2890 624 καὶ
2939 572 3249 642 μακαρίους
3294 575 3616 647 ἀποστόλους,
3641 587 3684 639 οἳ
3710 589 3753 641 τδ

2241 664 2352 717 πᾶν
2388 661 2600 716 ἑαυτῶν
2654 662 2960 734 ὁλοσχερῶς
3005 662 3378 733 περιελόμενοι
3433 670 3520 722 καὶ
3564 673 3754 745 μόνῳδι⁹

2239 753 2364 807 ὅλου
2392 753 2469 825 τῷ
2496 752 2619 823 Θεῷ
2665 753 2760 806 καὶ
2800 754 2959 822 Λόγῳ
2999 753 3363 823 προσφύντες,
3403 758 3546 814 Ἰδοὺ
3582 764 3753 833 πάντα,

2238 846 2471 917 ἔφασαν.
2517 844 2839 915 ἀφήκαμεν
2885 847 2980 899 καί
3027 845 3519 918 ἠκολουθήσαμέν
3564 869 3664 920 σοι,
3694 859 3753 927 τῷ

2241 939 2339 994 καὶ
2364 938 2466 1007 τῆς
2493 937 2712 1008 φύσεως
2740 939 2949 1009 Ποιητῇ
2975 938 3073 991 καὶ
3111 938 3303 1011 δοτῆρι
3342 940 3439 1010 τῆς
3464 944 3589 996 κατά
3629 950 3751 1016 νόμον

2242 1029 2513 1101 βοηθείας,
2560 1028 2657 1083 καὶ
2683 1029 2762 1096 ὃν,
2794 1028 3000 1099 Κύριον
3041 1028 3302 1101 δηλονότι,
3337 1028 3514 1103 ῶσπερ

2241 1122 2359 1191 φῶς
2393 1122 2706 1192 μονώτατον
2736 1121 3072 1191 κτησάμενοι
3120 1122 3244 1176 am
3285 1122 3448 1191 νόμου
3475 1126 3559 1177 καὶ
3591 1126 3751 1194 σύσεως

2241 1213 2462 1267 πάντων
2518 1213 2747 1276 εἰκότως
2809 1212 2918 1265 τῶν
2986 1212 3127 1284 μετά
3186 1211 3321 1265 Θεὸν
3374 1214 3638 1267 ἄπταιστον
3681 1219 3753 1285 τὴν

2239 1303 2443 1373 γνῶσιν
2461 1321 2532 1356 πα
2543 1304 2790 1376 ρέλαϐον.
2813 1303 2969 1373 Αὐτῷ
2993 1304 3102 1375 γὰρ
3129 1303 3344 1372 πέφυκε
3377 1306 3753 1373 συνεκφαίνεσθαι

2241 1397 2450 1467 κυρίως
2478 1398 2511 1465 ἡ
2555 1396 2665 1448 τῶν
2709 1396 2799 1449 ὑπ’
2836 1396 3002 1449 αὐτοῦ
3045 1396 3429 1467 γεγενημένων
3467 1397 3658 1464 γνῶσις.
3692 1399 3755 1461 'tl;

2242 1488 2353 1559 γὰρ
2392 1487 2470 1557 τῷ
2502 1486 2750 1557 αἰσθητῷ
2782 1486 2919 1559 ἡλίῳ
2960 1484 3302 1539 ἀνατέλλοντι
3354 1486 3521 1539 πάντα
3558 1486 3756 1557 καθαρῶς

2245 1577 2698 1645 συνεκφαίνονται
2729 1577 2798 1630 τὰ
2845 1575 3096 1648 σώματα,
3125 1575 3272 1630 οὕτω
3312 1577 3406 1630 καὶ
3430 1575 3550 1638 Θεὸς
3570 1578 3596 1629 ὁ
3617 1576 3759 1645 νοητὸς

2242 1669 2343 1738 τῆς
2399 1666 2751 1737 δικαιοσύνης
2797 1666 2950 1738 ἥλιος
3001 1667 3314 1721 ἀνατέλλων
3362 1667 3440 1737 τῷ
3495 1667 3581 1737 νῷ,
3623 1666 3760 1729 καθὼς

2245 1758 2541 1829 χωρεῖσθαι
2595 1758 2701 1812 ὑπὸ
2746 1758 2845 1829 τῆς
2906 1758 3140 1822 κτίσεως
3189 1753 3336 1811 οἶδεν
3380 1759 3552 1821 αὐτὸς,
3596 1757 3762 1809 πάντων

2244 1844 2428 1921 ἑαυτῷ
2455 1851 2663 1921 νοητῶν
2702 1867 2762 1903 τε
2817 1851 2912 1903 καὶ
2951 1849 3231 1919 αἰσθητῶν
3281 1850 3411 1911 τοὺς
3455 1847 3650 1919 ἀληθεῖς
3675 1846 3764 1915 βού-

2243 1942 2397 1998 λεται
2426 1928 2920 2011 συνεκφανίζεσθαι
2970 1940 3182 2009 λόγους.
3230 1940 3345 1993 Καὶ
3372 1939 3515 2009 δηλοῖ
3543 1936 3676 1991 τοῦτο
3695 1938 3763 2005 τῆς

2244 2036 2340 2089 ἐπὶ
2400 2036 2495 2089 τοῦ
2561 2036 2723 2104 ὅρους
2797 2031 3279 2105 μεταμορφώσεως
3353 2030 3445 2083 τοῦ
3509 2028 3688 2101 κυρίου
3741 2029 3765 2097 ἡ

2244 2127 2477 2199 λαμπρά
2528 2126 2640 2180 τῶν
2689 2126 3020 2197 ἐσθημάτων
3077 2126 3155 2197 τῷ
3208 2125 3352 2195 φωτὶ
3404 2122 3495 2176 τοῦ
3535 2119 3767 2192 προσώπου

2244 2219 2413 2274 αὐτοῦ
2441 2220 2709 2290 γενομένη
2765 2217 3114 2284 συνὲνδειξις,
3145 2217 3223 2288 τῷ
3248 2216 3372 2288 Θεῷ
3413 2217 3508 2287 τὴν
3548 2216 3645 2267 τῶν
3686 2213 3771 2283 μετ’

2244 2311 2430 2376 αὐτὸν,
2457 2310 2533 2375 ὡς
2566 2307 2744 2381 οἶμαι,
2776 2311 2870 2365 καὶ
2900 2311 3029 2382 περί
3064 2310 3232 2363 αὐτὸν
3273 2309 3575 2377 συνάγουσα
3598 2306 3773 2375 γνῶσιν.

2246 2403 2384 2459 Οὔτε
2425 2404 2535 2475 γὰρ
2566 2404 2685 2474 δίχα
2723 2392 2902 2470 φωτὸς
2932 2402 3041 2454 τῶν
3066 2402 3348 2471 αἰσθητῶν
3383 2399 3640 2470 ὀφθαλμὸς
3661 2399 3776 2451 ἀντι·

2243 2495 2628 2568 λαμϐάνεσθαι
2673 2495 2862 2565 (153
2911 2494 2960 2563 b)
3014 2495 3271 2558 δύναται,
3334 2494 3457 2547 οὕτε
3499 2490 3612 2553 v05;
3649 2489 3777 2560 χωρὶς

2244 2589 2501 2659 γνώσεως
2521 2588 2658 2641 Θεοῦ
2697 2587 2932 2658 θεωρίαν
2965 2586 3220 2651 δέξασθαι
3258 2583 3644 2656 πνευματικήν.
3668 2578 3782 2631 Ἐκεῖ

2242 2697 2305 2736 τε
2333 2682 2441 2753 γὰρ
2489 2683 2558 2751 τῇ
2601 2679 2812 2749 ὅψειιτδ
2847 2677 2963 2748 φῶς
3005 2678 3115 2733 τῶν
3155 2679 3373 2747 ὁρατῶν
3412 2676 3508 2749 τὴν
3550 2671 3778 2741 ἀντίλγβμν

2242 2773 2451 2836 δίδωσι,
2479 2772 2573 2825 καὶ
2606 2770 2844 2824 ἐνταῦθα
2872 2768 2951 2840 τῷ
2983 2769 3060 2840 νῷ
3102 2770 3206 2840 τὴν
3235 2769 3444 2839 γνῶσιν
3474 2767 3577 2822 τῶν
3624 2758 3785 2833 νοητῶν

2248 2866 2285 2936 ἡ
2319 2864 2415 2918 τοῦ
2449 2863 2586 2917 Θεοῦ
2618 2864 2904 2934 ἐπιστήμη
2933 2862 3243 2935 χαρίζεται.

559 3064 945 3138 Contemplatio
973 3064 1113 3120 modi
1143 3081 1245 3138 quo
1267 3064 1460 3122 Adami
1491 3068 1842 3139 transgressio
1873 3070 2017 3141 facta
2048 3072 2139 3127 sit.

2252 3067 2471 3138 Θεωρία
2498 3063 2605 3121 τοῦ
2648 3065 2873 3134 τρόπου
2924 3064 3053 3121 καθ’
3101 3062 3175 3119 ὃν
3200 3063 3416 3137 γέγονε
3453 3062 3554 3120 τοῦ
3592 3058 3787 3132 Ἁὸὰμή

630 3268 903 3324 Nimirum
936 3268 991 3323 in
1026 3267 1270 3323 divinam
1301 3268 1446 3323 hanc
1474 3269 1657 3324 lucem
1692 3270 1916 3324 oculum
1946 3271 2147 3327 anima:

560 3362 733 3418 Adam
768 3377 1009 3433 proavus
1041 3377 1151 3415 non
1185 3361 1361 3432 ﬁgens
1384 3356 1526 3417 sane
1562 3363 1618 3416 in
1653 3364 1877 3418 modum
1918 3366 2049 3419 caci
2091 3366 2148 3420 in

562 3451 888 3521 ignorantia:
949 3452 1198 3507 tenebris
1253 3452 1521 3507 ambabus
1584 3453 1841 3509 manibus
1903 3456 2151 3511 materia:

562 3551 987 3614 purgamentum
1022 3553 1222 3614 sponte
1270 3551 1624 3599 contrectans
1661 3545 1763 3599 soli
1801 3546 1988 3601 sensui
2027 3562 2149 3602 sese

564 3641 741 3689 totum
773 3634 1066 3689 inclinavit
1089 3644 1149 3690 et
1174 3634 1425 3699 tradidit,
1452 3650 1552 3705 per
1576 3652 1741 3705 quem
1772 3637 2149 3694 acerbissimae

564 3724 756 3780 bestia:
784 3739 1000 3780 veneno
1026 3726 1179 3781 letali
1213 3732 1462 3795 recepto,
1497 3741 1603 3780 nec
1636 3727 1833 3797 ipsius,
1866 3736 1925 3782 ut
1950 3729 2148 3795 voluit,

564 3831 762 3872 sensus
802 3817 1040 3873 fructum
1080 3816 1307 3881 habuit,
1336 3818 1469 3871 dum
1510 3826 1667 3873 extra
1708 3819 1915 3885 Deum,
1948 3829 2005 3875 et
2039 3836 2152 3890 pra:

565 3908 702 3974 Deo,
721 3915 779 3963 et
801 3923 914 3963 non
940 3907 1244 3963 secundum
1269 3907 1464 3971 Deum,
1485 3907 1638 3977 quod
1667 3909 1787 3963 lleri
1812 3924 1922 3964 non
1947 3910 2150 3980 potuit,

565 3999 663 4055 Dei
698 4000 867 4055 rebus
900 4000 1093 4055 illicite
1130 4001 1299 4069 potiri
1335 4000 1543 4056 studet.
1572 4001 1708 4057 Nam
1742 4018 1870 4057 cum
1902 4018 2150 4071 sensum,

564 4090 663 4161 qui
714 4098 1032 4160 serpentem
1086 4090 1261 4161 magis
1309 4106 1476 4161 quam
1526 4092 1701 4147 Deum
1753 4093 1809 4148 in
1854 4095 2154 4151 consilium

565 4182 806 4248 vocavit,
832 4181 1155 4252 recepisset,
1189 4197 1254 4237 ac
1287 4182 1357 4239 de
1390 4184 1567 4239 vetito
1599 4184 1769 4256 ligno,
1797 4187 1956 4257 cujus
1986 4188 2155 4242 etiam

568 4275 810 4329 fructum
838 4274 1187 4331 mortiferum
1210 4290 1333 4333 esse
1362 4277 1656 4343 didicerat,
1681 4277 2087 4349 degustavisset
2106 4290 2153 4345 ο,

566 4366 804 4421 similem
840 4365 1049 4421 fructui
1083 4367 1253 4423 vitam
1292 4368 1708 4434 transmutavit,
1738 4378 1796 4424 et
1825 4370 2009 4424 vivam
2046 4370 2154 4425 sibi

567 4468 801 4514 mortem
832 4459 888 4514 in
909 4475 1074 4515 omne
1100 4460 1392 4529 praesentis
1416 4461 1519 4515 aevi
1549 4467 1766 4531 tempus
1788 4461 1996 4517 ell‘ecit.
2019 4463 2154 4517 Nam

567 4551 613 4605 si
648 4550 908 4606 interitus
935 4552 1207 4622 geniturae
1233 4568 1384 4608 mors
1412 4559 1519 4617 est,
1546 4568 1764 4622 semper
1789 4562 1975 4609 autem
2005 4555 2157 4610 cibo-

567 4658 692 4698 rum
728 4644 1010 4700 ailluentia
1058 4644 1357 4699 conﬂatum
1400 4646 1733 4701 naturaliter
1772 4647 2155 4717 corrumpitur

565 4754 770 4809 corpus
815 4737 964 4793 ﬂuxu
1015 4753 1357 4807 evaporans,
1401 4753 1626 4807 semper
1671 4738 1840 4809 igitur
1882 4754 1984 4809 per
2031 4754 2155 4810 qua:

566 4830 737 4889 vitam
766 4846 890 4886 esse
925 4829 1159 4886 conlidit
1178 4831 1454 4901 vigentem
1488 4830 1595 4885 sibi
1628 4840 1686 4886 et
1717 4831 1880 4887 nobis
1915 4841 2154 4888 mortem

566 4922 810 4978 Adamus
864 4923 1233 4978 conservavit.
1286 4922 1446 4988 Quod
1498 4923 1547 4978 si
1599 4922 1767 4978 modo
1814 4924 1929 4981 Deo
1978 4925 2154 4997 magis

568 5026 735 5082 quam
794 5012 1186 5068 contubernali
1249 5013 1645 5082 obtemperans
1705 5013 1855 5084 ligno
1911 5014 2037 5070 vita:
2094 5030 2155 5072 se

567 5102 826 5169 aluisset,
861 5104 1333 5160 immortalitatem
1377 5105 1486 5160 sibi
1529 5105 1782 5176 largitam
1826 5122 1937 5161 non
1978 5106 2153 5178 (ἱεροσ-

569 5195 792 5260 suisset,
818 5198 944 5253 vitae
981 5198 1482 5254 communicatione
1516 5214 1736 5269 semper
1772 5200 2152 5265 nutriendum,

569 5289 846 5360 siquidem
873 5293 1055 5347 cunnis
1079 5292 1189 5347 vita
1222 5293 1448 5364 proprio
1479 5300 1537 5348 ct
1574 5292 1777 5348 idoneo
1812 5292 2155 5350 nutrimento

570 5393 956 5439 conservatur.
983 5386 1394 5441 Nutrimentum
1430 5395 1616 5441 autem
1648 5385 1822 5442 beata:
1853 5387 2004 5444 illius
2028 5390 2158 5446 vitae

640 5519 668 5559 δ
697 5520 889 5576 Matth.
922 5538 1030 5585 xix,
1059 5521 1148 5575 27.
1230 5532 1253 5560 ο
1286 5520 1425 5576 Gen.
1457 5536 1534 5585 Ill,
1572 5520 1624 5587 l,
1663 5520 1890 5590 passim.

2857 3161 3216 3231 παράϐασις.

2330 3277 2549 3349 Ἀμέλει
2600 3274 2775 3347 τούτῳ
2826 3275 2903 3347 μὴ
2964 3277 3259 3346 ἐπερείσας
3298 3274 3379 3346 τῷ
3427 3271 3543 3343 Θεῷ
3574 3270 3699 3340 φωτὶ
3723 3265 3792 3320 τὸν

2248 3371 2349 3440 τῆς
2400 3370 2582 3440 ψυχῆς
2632 3365 2914 3438 ὀφθαλμὸν
2965 3368 2994 3420 ὁ
3046 3368 3352 3439 προπάτωρ
3424 3366 3593 3435 Ἀδὰμ
3632 3359 3793 3430 suam

2248 3463 2407 3531 δίκην
2461 3460 2687 3521 εἰκότως
2743 3459 2802 3511 ὲν
2857 3457 3043 3511 σκότει
3092 3458 3191 3527 τῆς
3240 3457 3525 3525 ἀγνωσίας
3559 3456 3705 3524 ἄμφω
3738 3445 3793 3501 τὼ

2251 3556 2403 3622 χεῖρε
2425 3551 2516 3604 τὸν
2544 3550 2643 3619 τῆς
2676 3547 2811 3618 ὕλης
2857 3548 3090 3619 φορυτὸν
3116 3549 3399 3612 ἑκουσίως
3419 3548 3666 3615 ἀφάσσων
3693 3541 3793 3612 μόνῃ

2250 3645 2502 3716 αἰσθήσει
2531 3642 2721 3696 ἑαυτὸν
2747 3642 2867 3695 ὅλον
2902 3640 3186 3703 ὲπικλίνας
3219 3641 3516 3702 ἐκδέδωκε.
3562 3637 3625 3691 δι’
3650 3632 3704 3708 ἧς
3726 3630 3791 3686 τοῦ

2252 3736 2586 3808 πικροτάτου
2634 3732 2800 3804 θηρὸς
2855 3732 2949 3785 τὸν
2984 3731 3288 3804 φθαρτικὸν
3347 3734 3427 3785 ἰὸν
3474 3729 3794 3796 εἰσδεξάμενθς

2251 3829 2359 3883 οὐδ’
2391 3827 2586 3897 αὐτῆς,
2622 3826 2698 3889 ὡς
2734 3823 3037 3895 ἠϐουλήθη,
3064 3825 3354 3894 ἀπήλαυσε
3390 3823 3492 3892 τῆς
3523 3821 3791 3887 αἰσθήσεως,

2251 3922 2377 3992 δίχα
2398 3920 2558 3984 Θεοῦ,
2597 3919 2693 3973 καὶ
2738 3919 2842 3989 πρὸ
2868 3917 3029 3983 Θεοῦ,
3059 3919 3155 3971 καὶ
3199 3918 3262 3971 ού
3292 3918 3443 3971 κατὰ
3470 3917 3619 3979 Θεὸν,
3642 3912 3703 3974 ὡς
3726 3908 3794 3960 οὔκ

2254 4015 2382 4079 ἔδει,
2431 4013 2571 4084 ὅπερ
2627 4011 2913 4082 ἀμήχανον
2959 4006 3051 4082 ἦν,
3097 4011 3168 4063 τὰ
3194 4009 3292 4062 τοῦ
3344 4007 3485 4062 Θεοῦ
3534 4006 3671 4076 ἔχειν
3712 4002 3794 4052 ἐτο-

2254 4103 2546 4177 ττιδεύσας-
2578 4103 2694 4172 Τὴν
2738 4102 2848 4173 γὰρ
2900 4101 3210 4172 σύμϐουλον
3249 4098 3698 4171 παραδεξαμένην
3735 4088 3795 4185 tit

2254 4199 2379 4268 ὅφιν
2418 4196 2556 4251 Θεοῦ
2607 4197 2773 4249 πλέον
2820 4192 3275 4264 παραδεξάμενος
3324 4192 3583 4261 αἴσθησιν
3627 4186 3708 4239 καὶ
3731 4197 3795 4232 του

2256 4288 2708 4359 ἀπηγορευμένου
2786 4284 2966 4352 ξύλου,
3028 4281 3091 4354 τῷ
3155 4285 3254 4339 καὶ
3323 4284 3562 4338 θάνατον
3613 4278 3798 4331 συνεῖναι

2189 4411 2232 4466 D
2261 4379 2627 4453 προεδιδάχθη
2659 4380 2752 4434 τδν
2780 4380 2993 4451 καρπὸν
3015 4378 3342 4451 ὀρέγουσαν,
3386 4375 3637 4447 βρώσεως
3662 4372 3797 4466 ἀπαρ-

2261 4475 2364 4546 χὴν
2404 4473 2774 4542 ποιησάμενος
2804 4464 3145 4542 πρόσφορον
3181 4470 3262 4541 τῷ
3310 4468 3520 4541 κειρπῷ
3572 4466 3664 4535 τὴν
3695 4459 3801 4525 ζωὴν

2265 4565 2660 4638 μετηλλῆατο,
2697 4565 2877 4635 ζῶντα
2896 4564 2989 4617 τὸν
3019 4564 3251 4618 θάνατον
3292 4561 3482 4633 ἑαυτῷ
3504 4558 3640 4613 κατά
3670 4554 3801 4607 πάντα

2264 4660 2354 4713 τὸν
2396 4661 2590 4731 χρόνον
2638 4658 2734 4712 τοῦ
2776 4657 3047 4728 παρόντος
3076 4656 3278 4727 καιροῦ
3314 4656 3736 4727 δημιουργήσας.
3762 4640 3804 4731 Εἰ

2262 4752 2370 4823 γὰρ
2420 4730 2599 4821 ιρθορά
2635 4750 2905 4818 γενέσεως
2956 4747 3194 4821 ὑπάρχει
3233 4748 3553 4809 ἀθάνατος,
3592 4741 3672 4795 ἀεὶ
3695 4737 3741 4789 δὲ
3764 4730 3804 4782 τὸ

2258 4845 2325 4899 δι’
2356 4844 2620 4917 ἐπιρροῆς
2647 4844 2692 4877 ⁸⁷
2724 4843 2941 4914 τροφῶν
2967 4843 3253 4913 γινόμενον
3279 4838 3543 4911 φυσικῶς
3576 4833 3806 4904 φθείρεται

2251 4938 2414 5008 σῶμα
2458 4916 2528 5008 τῇ
2595 4938 2693 5008 ῥοῇ
2726 4936 3146 5007 διαπνεόμενον.
3195 4937 3287 4988 ἀεὶ
3333 4933 3452 5004 ἄρα
3502 4930 3572 4984 δι’
3613 4920 3683 4980 ὧν
3706 4916 3807 4973 εἶναι

2248 5029 2348 5098 τὴν
2380 5028 2525 5098 ζωὴν
2570 5027 2895 5080 ἐπίστευσεν
2929 5025 3250 5097 ἀκμάζοντα
3278 5023 3476 5099 ἑαυτῷ.
3514 5038 3573 5074 τε
3604 5018 3690 5071 καὶ
3714 5010 3808 5104 tui}

2249 5120 2344 5173 τὸν
2369 5119 2599 5173 θάνατον
2625 5118 2654 5170 ὁ
2694 5118 2887 5193 Ἀδὰμ
2911 5121 3304 5188 συνετήρησεν.
3351 5117 3449 5177 Ὠς
3479 5112 3593 5180 εἴτε
3624 5103 3807 5197 tt}???

2258 5208 2459 5280 μᾶλλον
2494 5208 2527 5278 ἢ
2567 5212 2631 5278 τῇ
2687 5190 2927 5277 συνοίκιρ
2952 5208 3196 5270 πεισθεὶς
3244 5205 3328 5276 τῷ
3394 5205 3544 5273 ξύλῳ
3591 5200 3685 5267 τῆς
3705 5190 3809 5259 cmi:

2262 5301 2551 5372 διετράφη.
2594 5303 2694 5356 οὐκ
2738 5302 2804 5355 ἂν
2838 5302 2936 5372 τὴν
2988 5301 3232 5355 δοθεῖσαν
3284 5300 3531 5353 ἀπέθετο
3562 5284 3809 5348 eoum-3v

2267 5393 2454 5464 (159
2479 5402 2533 5463 a)
2578 5395 2665 5448 ἀεὶ
2712 5393 3155 5466 συντηρουμένην
3193 5396 3256 5464 τῇ
3310 5394 3524 5464 μετοχῇ
3561 5387 3656 5457 τῆς
3686 5375 3812 5447 ζωῆς,

1883 5610 2116 5685 mnia:
2166 5627 2568 5687 LECTIONES.

649 5723 696 5757 ⁸⁷
736 5723 1049 5794 δ.;π;ξιριιῆ;
1081 5723 1204 5778 coJ.
1239 5721 1408 5790 Gud.,
1437 5737 1535 5792 pro
1566 5735 1738 5775 more.
