3984 6198
226 295 360 364 1157

1461 297 1988 362 AMBIGUORUM
2025 301 2276 363 LIBER.

3360 286 3536 373 ωδε

223 406 415 479 ἐπειδὴ
447 406 600 462 πᾶσα
630 407 745 480 ζωὴ
781 406 960 462 οἰκεία
1008 423 1066 462 τε
1112 405 1205 461 καὶ
1240 404 1566 479 καταλλήλῳ
1608 409 1811 479 πέφυκε

1928 410 2092 481 panis
2129 420 2216 467 est
2247 410 2317 466 de
2357 412 2499 468 (εωῐο
2536 411 2801 470 devectus
2834 414 3113 487 vitamque
3154 419 3362 472 mundo
3402 424 3520 475 Iar-

225 497 613 570 συπηρεῖσθαι
647 500 844 571 τροφῇ.
865 496 1055 570 Τροφὴ
1082 496 1141 551 δὲ
1167 496 1270 568 τῆς
1296 497 1575 569 μακαρίας
1605 499 1823 568 ἐκείνης

222 590 372 661 ζωῆς
398 594 548 646 ἐστιν
576 593 604 645 6
651 592 815 662 ἄρτος
840 592 868 643 6
918 590 982 644 ὲκ
1007 590 1098 643 τοῦ
1151 587 1384 657 ούρανοῦ
1434 588 1683 653 κατασάς
1726 591 1824 643 καὶ

222 684 370 755 ζωὴν
434 683 614 748 διδοὺς
657 682 735 754 τῷ
767 682 977 754 κόσμῳ,
1036 680 1220 746 καθὼς
1270 680 1434 743 αὐτὸς
1465 679 1595 750 ’περλ⁸
1623 677 1819 734 ἑαυτοῦ

221 778 280 831 ἒν
307 779 420 841 τοῖς
454 775 801 845 εὐαγγελίοις
853 778 881 828 6
931 774 1171 846 ἀψευδὴς
1213 775 1536 845 ἀπεφήνατο
1559 772 1741 840 λόγος,
1775 765 1819 842 ᾧ

223 866 593 940 διατραφῆναι
637 867 713 939 μὴ
754 866 1039 937 βουληθεὶς
1067 868 1095 919 6
1130 867 1344 937 πρῶτος
1383 865 1673 936 ἄνθρωπος
1720 863 1820 930 τῆς

224 953 326 1026 μὲν
362 955 516 1019 θείας
554 955 784 1019 εἰκότως
814 955 1117 1023 ἀπεγένετο
1151 955 1320 1027 ζωῆς,
1363 955 1533 1024 ἄλλης
1557 953 1612 1006 δὲ
1656 952 1821 1005 θανάυ

221 1064 316 1100 του
349 1030 678 1120 γεννήτορος
717 1047 1056 1111 ἑπελάϐετο,·
1096 1047 1220 1100 καθ’
1253 1047 1320 1116 ἢν
1357 1046 1456 1119 τὴν
1489 1046 1588 1117 μὲν
1626 1044 1820 1112 ἄλογον

221 1135 405 1205 ἑαυτῷ
434 1135 648 1209 μορφὴν
675 1136 1022 1208 ἐπιθέμενος,
1046 1136 1145 1205 τῆς
1175 1135 1329 1199 θείας
1355 1135 1412 1188 δὲ
1441 1135 1504 1188 τὸ
1538 1134 1821 1203 ἀμήχανον

218 1226 561 1298 ἀμαυρώσας
608 1226 825 1290 κάλλος,
865 1225 1034 1296 βορὰν
1071 1225 1151 1297 τῷ
1203 1223 1419 1297 θανάτῳ
1447 1224 1546 1295 τὴν
1595 1222 1815 1276 ἅπασαν

219 1319 386 1391 φύσιν
413 1319 720 1390 παρέδωκε.
768 1319 867 1371 Δι’⁹
894 1314 963 1390 ἧς
1003 1319 1031 1371 6
1066 1319 1167 1389 μὲν
1196 1317 1428 1381 θάνατος
1462 1316 1528 1386 ζῇ
1575 1314 1643 1367 δι’
1692 1311 1814 1365 ὅλον

1930 501 2091 572 giens
2116 501 2161 569 ί,
2186 505 2654 573 quemadmodum
2687 507 2806 576 ipse
2836 507 2904 562 de
2935 524 2994 562 se
3029 510 3147 579 ipso
3183 511 3237 563 in
3273 510 3523 580 Evange-

1927 590 2019 646 liis
2045 608 2212 648 verax
2244 594 2576 665 signiﬁcavit
2606 596 2822 661 Sermo,
2848 615 2957 668 quo
2993 599 3063 652 ali
3101 600 3314 669 primus
3352 601 3520 657 homo

1928 694 2057 735 cum
2106 682 2308 748 nollet,
2352 684 2539 740 divina
2589 687 2789 742 merito
2834 690 2945 743 vita
3005 690 3242 754 excidit,
3285 693 3515 747 alteram

1927 782 2123 828 nactus
2153 776 2422 844 genitoris
2447 778 2667 842 mortis,
2693 781 2999 835 secundum
3028 798 3192 852 quam
3226 783 3518 839 irrationa-

1927 860 2094 916 bilem
2133 863 2239 918 sibi
2275 864 2512 920 formam
2550 869 2865 939 imponens,
2895 870 3096 926 divinae
3127 888 3258 926 vero
3296 873 3517 929 inenar-

1927 952 2160 1007 rabilem
2214 943 2693 1025 pulchritudinem
2741 961 3279 1027 obscurans;murti
3328 980 3511 1019 escam

1927 1042 2158 1098 tradidit
2195 1052 2363 1099 totam
2404 1054 2683 1101 naturam.
2717 1048 2821 1102 Per
2854 1042 3018 1118 quam
3055 1068 3204 1106 mors
3241 1044 3377 1106 vivit
3415 1069 3514 1122 per

1927 1142 2105 1190 totum
2154 1137 2259 1193 lioc
2308 1139 2576 1208 temporis
2626 1139 2900 1209 spatium,
2939 1150 2995 1196 et
3038 1159 3139 1197 nos
3182 1144 3286 1198 sibi
3327 1160 3508 1211 eseam

1924 1233 2105 1291 parat,
2136 1241 2238 1282 nos
2274 1242 2413 1282 vero
2448 1236 2731 1297 utinquam
2768 1229 3030 1296 vivimus,
3056 1240 3111 1286 et
3152 1236 3374 1302 semper
3413 1250 3509 1303 per

1926 1310 2216 1369 interitum
2244 1316 2313 1370 ab
2339 1331 2408 1371 eo
2436 1317 2793 1371 devoramur.

218 1412 315 1467 τοῦ
372 1410 631 1483 χρονικοῡ
690 1409 884 1464 τούτου
948 1410 1343 1481 διαστήματος,
1399 1409 1548 1480 ἡμᾶς
1582 1403 1818 1478 ,βρῶσιν
1858 1403 2201 1477 ποιούμενος,
2226 1409 2389 1480 ἡμεῖς
2440 1409 2495 1462 δὲ
2559 1409 2742 1480 ζῶμεν
2767 1411 3044 1475 οὐδέποτε,
3077 1411 3161 1464 ἀεὶ
3188 1410 3272 1463 διὰ
3306 1413 3512 1483 φθορᾶς

218 1505 315 1558 ὑπ’
342 1504 510 1558 αὐτοῦ
543 1503 985 1573 κατεσθιόμενοι.

220 1681 353 1742 Ὀτι
412 1686 480 1741 ἐκ
543 1685 657 1754 τῆς
714 1684 985 1741 ἀστάτου
1052 1682 1379 1754 περιφορᾶς
1430 1680 1544 1749 τῆς
1590 1677 1811 1749 πυρούς

1925 1674 2077 1741 Quod
2110 1693 2173 1731 ex
2199 1677 2442 1733 instabili
2473 1693 2629 1732 cursu
2665 1678 2940 1748 prwsentis
2981 1679 3102 1731 vita:
3137 1677 3364 1731 alterum
3397 1693 3508 1730 esse

291 1795 410 1846 σης
454 1776 604 1847 ζωῆς
653 1778 855 1845 ἀλλην
906 1772 1062 1830 εἶναι
1111 1776 1227 1843 τὴν
1277 1771 1475 1840 ἀληθῆ
1525 1771 1817 1825 κιιὶθείιιν

293 1870 392 1926 καὶ
426 1870 712 1936 ὡσαύτως
766 1870 1039 1938 ἔχουσαν
1072 1865 1227 1936 ζωὴν
1265 1865 1718 1930 ἑπαιδεύθησαν
1761 1863 1816 1916 oi

266 1982 269 1985 ‘
293 1962 473 2032 ἅγιοι.

290 2070 405 2139 *Ης
423 2074 487 2129 τὸ
516 2074 746 2146 ἀδρανὲς
782 2073 879 2128 καὶ
898 2072 1309 2144 ἀλλεπάλληλον
1345 2070 1524 2140 σοφῶς
1551 2070 1817 2142 κατανοή-

216 2176 416 2228 σαντες
468 2166 518 2218 oi
564 2165 711 2235 ἀγιοι
763 2162 887 2235 τὴν,
915 2161 1227 2234 ἀνθρώποις
1281 2152 1707 2234 προηγουμένως
1751 2161 1816 2211 ὲκ
1854 2149 1868 2160 ’

215 2255 357 2310 Θεοῦ
390 2255 778 2327 δεδωρημένην
822 2253 1031 2324 ταύτην
1074 2253 1150 2324 μὴ
1191 2248 1329 2306 εἶναι
1380 2251 1482 2323 τὴν
1520 2249 1687 2321 ζωὴν,
1740 2246 1816 2313 ὡς

214 2346 392 2412 εἰκὸς,
420 2344 845 2417 ὲπαιδεύθησαν,
893 2345 1062 2417 ἀλλην
1110 2345 1168 2398 δὲ
1221 2342 1370 2398 θείαν
1404 2344 1498 2397 καὶ
1551 2340 1814 2406 ὡσαύτως

217 2439 474 2511 ἔχουσαν,
508 2440 574 2511 ἢν
625 2439 861 2509 μάλιστα
891 2439 1002 2494 δεῖν
1048 2436 1322 2491 ὑπέλαϐον
1363 2435 1541 2507 ἑαυτῷ
1575 2435 1812 2506 πρεπόν-
1844 2453 1853 2457 ο

216 2546 327 2593 τως
357 2529 563 2599 ἀγαθὸν
597 2529 726 2583 ὄντα
757 2529 851 2583 τὸν
890 2530 1023 2584 Θεὸν
1069 2526 1501 2602 προηγουμένως
1547 2527 1812 2597 δημιουρ-

218 2623 409 2696 γῆσαι,
448 2621 729 2692 μυστικῶς
765 2621 1144 2692 ἐδιδάχθησαν,
1197 2619 1332 2691 πρὸς
1372 2619 1438 2690 ἢν
1487 2617 1576 2672 διὰ
1621 2618 1813 2686 σοφίας

219 2716 364 2768 κατά
387 2700 485 2784 τὴν
517 2713 680 2785 χάριν
716 2712 811 2768 τοῦ
839 2714 1177 2784 Πνεύματος,
1224 2712 1301 2775 ὡς
1340 2710 1562 2780 ἐφικτὸν
1596 2710 1811 2781 ἀνθρώ-

218 2822 343 2869 ποις
368 2808 481 2869 τοίς
514 2806 618 2859 ὑπὸ
647 2804 898 2868 θάνατον,
939 2804 1001 2857 τὸ
1041 2803 1200 2874 ὄμμα
1227 2803 1324 2873 τῆς
1354 2803 1535 2873 ψυχῆς
1581 2800 1813 2856 ἀνανεύε-

218 2915 433 2961 σαντες,
474 2897 569 2950 καὶ
602 2897 925 2959 ὲνδιαθέτως
973 2895 1064 2949 τὸν
1095 2895 1269 2964 αὐτῆς
1299 2893 1444 2950 θεῖον
1469 2894 1812 2964 ὑποδεξάμε-

214 3007 300 3045 νοι
357 2991 542 3054 πόθον,
609 2988 913 3043 ἀποθέσθαι
960 2988 1072 3042 δεῖν
1123 2986 1331 3059 ταύτην
1381 2986 1479 3058 τὴν
1530 2989 1812 3058 παροῦσαν
1839 3023 1881 3080 C

214 3078 364 3150 ζωὴν
388 3080 614 3141 εἰκότως
637 3076 926 3149 ᾠήθησαν,
957 3079 1006 3129 εἰ
1039 3077 1289 3147 μέλλοιεν
1312 3076 1576 3149 καθαρῶς
1596 3077 1808 3147 ἐκείνης

212 3172 362 3226 κατὰ
392 3171 482 3224 τὸν
515 3154 705 3235 δέοντα
741 3171 902 3238 λόγον
957 3166 1341 3241 ὲπῖλήψεσθαι.
1398 3169 1587 3241 (159
1615 3169 1666 3241 b)
1701 3171 1810 3224 Καὶ

212 3263 407 3335 ἐπειδὴ
459 3263 607 3335 ζωῆς
657 3263 921 3327 ἀπόθεσις
962 3264 1200 3320 θανάτου
1258 3267 1430 3337 χωρὶς
1457 3267 1518 3319 οὐ
1573 3267 1805 3335 γίνεται,

212 3357 451 3413 θάνατον
478 3357 652 3428 αὐτῆς
707 3356 1010 3427 ἐπενόησαν
1053 3357 1154 3428 τὴν
1186 3357 1458 3428 ἀποϐολὴν
1513 3358 1614 3427 τῆς
1668 3356 1811 3410 κατά

212 3452 399 3523 σάρκα
445 3452 701 3523 στοργῆς,
730 3449 826 3504 ’δι’
866 3445 936 3523 ἧς
976 3450 1057 3514 είς
1100 3450 1193 3503 τὸν
1243 3449 1357 3521 βίον
1382 3451 1415 3520 ἡ
1440 3449 1534 3503 τοῦ
1574 3449 1807 3504 θανάτου

211 3544 440 3615 γέγονεν
471 3543 697 3607 εἴσοδος,
744 3544 833 3598 ἵνα
878 3542 1097 3614 θανάτῳ
1132 3543 1364 3598 θάνατον
1416 3542 1808 3612 ἐπινοήσαντες

211 3636 311 3691 τοῦ
340 3637 440 3708 ζῆν
474 3637 553 3709 τῷ
609 3636 827 3709 θανάτῳ
888 3637 1231 3701 παύσωνται,
1277 3637 1372 3690 τὸν
1428 3635 1611 3708 τίμιον
1648 3636 1806 3687 ἐναν-

209 3728 332 3784 τίον
380 3729 583 3800 Κυρίου
618 3728 850 3783 θάνατον
904 3728 1297 3791 ἀποθανόντες,
1346 3723 1439 3781 τὸν
1487 3727 1655 3788 ὅντως
1710 3726 1808 3779 θα-

210 3819 379 3875 νάτου
409 3820 658 3887 θάνατον,
693 3820 783 3874 τὸν
806 3820 903 3890 τὴν
933 3819 1142 3890 φθορὰν
1183 3819 1284 3889 μὲν
1308 3818 1551 3889 φθείρειν
1573 3816 1806 3887 δυνάμε-

211 3929 329 3976 νον,
358 3915 425 3984 τῇ
456 3912 511 3965 δὲ
547 3911 797 3985 μακαρίᾳ
827 3912 940 3983 ζωῇ
966 3912 1060 3966 καὶ
1107 3911 1391 3983 ἀφθαρσίᾳ
1431 3910 1806 3982 παρεχόμενον

212 4004 278 4057 ὲν
305 4005 419 4067 τοῖς
447 4002 621 4068 ἀξίοις
661 4002 885 4057 εἴσοδον.
916 4003 990 4057 T6
1031 4003 1140 4076 γὰρ
1168 4003 1343 4074 πέρας
1373 4003 1468 4075 τῆς
1522 4002 1807 4074 παρούσης

211 4095 425 4166 ταύτης
450 4095 598 4166 ζωῆς
626 4095 746 4148 οὐδὲ
776 4094 1008 4151 θάνατον
1046 4093 1200 4168 οἶμαι
1232 4097 1454 4150 δίκαιον
1493 4096 1801 4166 ὀνομάζειν,

209 4187 356 4243 ἀλλά
406 4186 639 4241 θανάτου
686 4187 1034 4258 ἀπαλλαγὴν,
1090 4189 1186 4241 καὶ
1238 4188 1451 4260 φθορᾶς
1497 4188 1799 4261 χωρισμὸν,

209 4279 314 4335 καὶ
337 4277 583 4342 δουλείας
628 4277 965 4350 ἐλευθερίαν,
1013 4279 1107 4332 καὶ
1150 4281 1396 4353 ταραχῆς
1443 4280 1672 4344 παῦλαν,
1708 4282 1802 4334 καὶ

1988 1787 2169 1826 verum
2206 1790 2272 1827 ac
2317 1772 2556 1826 divinam
2598 1779 2648 1825 et
2687 1787 2872 1843 parem
2913 1773 3081 1825 vitam
3127 1772 3308 1825 sancti
3367 1770 3506 1823 didi—

1987 1864 2174 1919 cerint.

1984 2065 2156 2137 Cujus
2179 2080 2304 2122 eum
2343 2067 2519 2122 sancti
2557 2066 2717 2123 futile
2764 2075 2930 2138 atque
2982 2067 3266 2122 turbatum
3300 2082 3505 2139 cogno-

1914 2159 2162 2224 vissent,
2221 2160 2391 2214 vitam
2445 2161 2771 2217 hominibus
2833 2161 3111 2232 principio
3163 2161 3345 2216 datam
3392 2178 3505 2217 non

1915 2250 2059 2306 hanc
2086 2265 2206 2306 esse
2237 2251 2499 2305 nimirum
2538 2260 2670 2307 sunt
2704 2252 2909 2319 cdocti,
2952 2254 3047 2307 sed
3076 2253 3307 2308 alteram
3356 2254 3502 2307 divi-

1912 2358 2040 2396 nam
2072 2353 2128 2397 et
2156 2326 2369 2413 parem,
2397 2359 2563 2414 quam
2606 2344 2843 2398 maxime
2889 2352 3151 2414 oportere
3186 2345 3292 2399 sibi
3359 2360 3493 2399 con-

1912 2426 2430 2502 venienter'Deum,
2475 2436 2570 2505 qui
2596 2435 2776 2489 bonus
2816 2443 2922 2500 est,
2975 2435 3251 2507 principio
3279 2451 3497 2490 creasse

1914 2527 2375 2597 suspicabantur,
2405 2527 2639 2597 mystice
2690 2525 3014 2580 didicerunt
3055 2543 3069 2579 :
3124 2542 3237 2596 quo
3279 2543 3378 2596 per
3417 2543 3504 2580 sa—

1912 2619 2178 2688 pientiam
2222 2618 2554 2688 pro“gratia
2603 2616 2881 2686 Spiritus,
2952 2624 3221 2686 Quantum
3267 2616 3320 2670 id
3375 2617 3503 2671 licet

1912 2708 2235 2765 hominibus
2272 2710 2441 2765 semel
2487 2709 2649 2764 morti
2703 2709 2991 2778 subjectis,
3038 2711 3239 2764 animze
3272 2711 3499 2764 oculum

1914 2801 2283 2867 reﬂectentes,
2316 2811 2483 2871 atque
2506 2802 2701 2856 intime
2730 2801 2981 2856 divinum
3020 2802 3144 2873 ejus
3191 2801 3501 2872 suscipien-

1915 2904 1997 2950 tes
2031 2894 2390 2959 desiderium,
2413 2893 2799 2964 deponendam
2836 2893 2982 2947 hanc
3007 2908 3131 2948 esse
3164 2903 3500 2965 praesentem

1914 2989 2085 3041 vitam
2120 2987 2321 3041 merito
2350 2986 2836 3050 existimaverunt,
2891 2984 2938 3040 si
2979 3000 3116 3055 pure
3174 2985 3327 3040 illam
3382 2991 3500 3041 vel-

1914 3079 2051 3142 lent,
2086 3088 2143 3133 et
2180 3086 2241 3132 ut
2286 3078 2431 3131 ratio
2480 3078 2747 3147 postulat,
2801 3077 3093 3146 consequi.
3158 3078 3338 3147 Atque
3369 3092 3496 3134 cum

1912 3171 2043 3225 vitae
2061 3171 2337 3241 depositio
2357 3170 2478 3226 sine
2502 3178 2682 3225 morte
2702 3185 2815 3225 non
2846 3168 2929 3234 ﬁt,
2952 3179 3188 3225 mortem
3219 3171 3341 3241 ejus
3365 3186 3502 3226 cen-

1911 3271 2150 3321 Suerunt
2170 3277 2292 3317 esse
2308 3262 2679 3332 abjectionem
2699 3262 2942 3317 carnalis
2955 3263 3189 3328 amoris,
3220 3277 3319 3334 per
3334 3279 3498 3334 quem

1910 3355 2073 3409 morti
2101 3346 2282 3409 factus
2305 3361 2392 3409 est
2419 3354 2475 3408 in
2505 3354 2677 3408 vitam
2716 3354 2978 3409 introitus
3027 3357 3298 3411 uLmorti
3348 3373 3499 3412 mor-

1911 3454 2021 3502 tem
2048 3446 2417 3506 macliinando
2441 3446 2608 3501 vitam
2638 3456 2817 3502 morte
2844 3448 3088 3511 ﬁnirent,
3114 3448 3499 3504 honorabilem

1910 3550 2094 3594 ceram
2134 3539 2370 3594 Domino
2415 3547 2649 3593 mortem
2691 3539 3016 3605 subeuntes,
3068 3549 3306 3593 mortem
3350 3555 3498 3595 verte

1908 3632 2105 3688 mortis
2122 3648 2329 3694 veram,
2345 3632 2438 3701 qui
2464 3632 2754 3687 interitum
2778 3632 3005 3702 quidem
3027 3631 3264 3703 perdere
3286 3642 3496 3702 posset,

1907 3725 2007 3780 sed
2037 3726 2213 3781 beata
2232 3726 2398 3780 simul
2419 3725 2547 3780 vitae
2567 3734 2625 3780 et
2666 3725 3101 3780 immortalitatis
3123 3726 3335 3780 aditum
3364 3742 3498 3796 ape—

1908 3818 2042 3873 rire.
2073 3815 2230 3884 Quod
2275 3817 2423 3871 enim
2460 3817 2602 3871 ultra
2645 3817 2790 3872 hanc
2832 3827 2890 3873 et
2948 3827 3278 3888 praesentem
3328 3818 3496 3873 vitam

1905 3912 2018 3964 'non
2037 3909 2163 3979 jure
2192 3908 2327 3963 mihi
2357 3916 2591 3963 inertem
2618 3908 2815 3964 videor
2851 3910 3152 3980 appellare,
3185 3910 3280 3965 sed
3314 3911 3500 3981 potius

1907 4003 2105 4057 mortis
2136 4002 2495 4068 solutionem,
2530 4001 2793 4057 interitus
2842 4003 3170 4070 discessum,
3203 4004 3496 4061 servitutis

1907 4093 2318 4158 liberationem,
2339 4094 2784 4164 perturbationis
2807 4094 3175 4160 sedationem,
3218 4095 3495 4151 bellorum

1908 4186 2302 4252 sublationem,
2347 4185 2698 4241 confusionis
2744 4187 3037 4242 transitum
3067 4229 3082 4254 ,
3135 4188 3495 4243 tenebrarum

1906 4291 2214 4341 recessum,
2244 4276 2502 4331 laborum
2530 4276 2944 4340 remissionem,
2979 4278 3245 4346 strepitus
3276 4279 3493 4334 confusi

206 4368 476 4439 πολέμων
525 4368 832 4440 ἀναίρεσιν,
883 4369 980 4423 καὶ
1026 4370 1345 4441 συγχύσεως
1392 4371 1649 4443 πάροδον,
1708 4374 1805 4427 καὶ

1914 4372 2218 4435 silentium,
2252 4369 2491 4425 fervoris
2515 4370 2786 4439 quietem,
2825 4369 3058 4439 pudoris
3095 4369 3492 4435 velamentum,

209 4460 450 4524 σκότους
482 4458 858 4531 ὑποχώρησιν,
903 4459 1002 4513 καὶ
1047 4460 1230 4513 πόνων
1278 4461 1488 4528 ἄνεσιν,
1538 4464 1634 4516 καὶ
1669 4462 1805 4533 βομ-

1914 4463 2227 4533 passionum
2253 4461 2437 4532 fugam
2466 4501 2481 4525 ,
2508 4460 2723 4531 peccati
2775 4460 3163 4525 abolitionem,
3216 4462 3493 4535 omnium,

205 4553 432 4624 ϐήσεως
461 4553 682 4624 ἀσήμου
712 4552 893 4623 σιγὴν,
925 4554 1024 4607 καὶ
1067 4551 1384 4624 βράσματος
1412 4554 1675 4627 ἠρεμίαν,
1714 4556 1807 4610 καὶ

1914 4565 1968 4611 ut
2012 4570 2128 4610 uno
2161 4553 2333 4610 verbo
2382 4553 2880 4625 comprehendam,
2932 4553 3205 4621 malorum
3254 4554 3496 4613 circum—

205 4640 480 4714 αἰσχύνης
534 4642 929 4713 συγκάλυμμα,
964 4642 1061 4697 καὶ
1105 4644 1299 4699 παθῶν
1345 4646 1663 4717 ἀποφυγὴν,
1709 4648 1806 4701 καὶ

206 4733 493 4804 ἁμαρτίας
520 4734 851 4805 ἀφανισμὸν,
883 4735 979 4790 καὶ
1008 4735 1250 4803 πάντων,
1271 4736 1359 4790 ἵνα
1387 4737 1623 4791 συνελὼν
1640 4737 1801 4804 εἴπω,

201 4822 326 4877 ’τῶν
355 4822 546 4877 κακῶν
586 4825 955 4897 περιγραφήν
1002 4825 1150 4896 ἀπερ
1198 4827 1264 4880 δι’
1312 4829 1563 4883 ἑκουσίου
1590 4828 1798 4901 νεκρὼ-

208 4928 359 4974 σεως
398 4914 449 4966 οἱ
494 4914 642 4981 ἀγιοι
687 4914 1142 4987 κατορθώσαντες
1190 4920 1378 4984 ξένους
1433 4921 1662 4985 ἑαυτοὺς
1704 4920 1799 4975 τοῦ

206 5003 337 5076 βίου
369 5004 465 5057 καὶ
493 5005 913 5077 παρεπιδήμους
948 5010 1322 5082 παρέστησαν.
1357 5013 1562 5084 Κόσμῳ
1588 5031 1647 5066 τε
1690 5012 1799 5085 γὰρ

204 5094 313 5149 καὶ
340 5093 554 5166 σώματι
606 5096 703 5150 καὶ
736 5101 859 5161 ταῖς
906 5099 967 5164 ἐξ
999 5101 1182 5156 αὐτῶν
1230 5104 1637 5158 ἐπαναστάσεσι
1673 5122 1800 5175 γεν-

201 5187 385 5249 ναίως
410 5176 738 5256 μαχόμενοι,
774 5188 867 5240 καὶ
892 5189 992 5260 τὴν
1039 5190 1099 5256 ἐξ
1143 5192 1348 5263 ἀμφοῖν
1387 5194 1531 5248 κατά
1561 5195 1660 5267 τὴν
1688 5196 1800 5249 τῶν

202 5275 529 5346 αἰσθήσεων
560 5277 696 5346 πρὸς
724 5278 792 5343 τὰ
840 5279 1083 5350 αἰσθητά
1129 5283 1454 5356 συμπλοκὴν
1488 5303 1800 5356 παραγενο-

204 5369 391 5441 μένην
445 5368 665 5439 ἀπάτην
732 5370 1155 5437 ἀποπνίξαντες,
1227 5375 1529 5431 ἀδούλωτον
1588 5380 1803 5445 ἑαυτοῖς

198 5461 493 5532 ἐφύλαξαν
537 5462 637 5531 τῆς
667 5461 847 5535 ψυχῆς
877 5466 935 5518 τὸ
981 5465 1219 5538 ἀξίωμαο
1271 5468 1419 5538 μάλα
1457 5486 1520 5539 γε
1550 5473 1797 5537 εἰκότως,

194 5554 442 5625 ἔννομον
466 5554 749 5625 κρίναντες
781 5553 921 5611 εἶναι
946 5560 1041 5612 καὶ
1069 5559 1275 5615 δίκαιον
1306 5562 1366 5616 τὸ
1382 5559 1445 5635 ἦτ
1456 5581 1545 5618 τον
1568 5565 1799 5634 ἄγεσθαι

289 5707 312 5748 ί
350 5710 514 5772 Joan.
548 5728 622 5779 vi,
653 5712 745 5769 '53.

1900 4634 2258 4714 seriptionem
2288 4652 2346 4699 et
2374 4643 2903 4699 exterminationem
2935 4658 3095 4713 τίμιαι
3129 4643 3356 4713 quidem
3393 4660 3494 4712 per

1900 4735 2277 4790 voluntariam
2341 4733 2833 4789 mortiﬁcationem
2903 4733 3085 4787 sancti
3154 4733 3492 4803 impetrave-

1905 4839 2060 4895 runt,
2117 4845 2290 4899 seque
2325 4829 2455 4884 vitae
2489 4828 2745 4898 hospites
2790 4836 2958 4898 atque
3015 4826 3343 4898 peregrinos
3391 4842 3492 4881 ex-

1903 4921 2230 4976 hibuerunt.
2262 4919 2402 4974 Cum
2437 4918 2651 4973 mundo
2693 4917 2844 4972 enim
2885 4926 2941 4972 et
2972 4931 3206 4986 corpore
3255 4925 3313 4971 et
3347 4916 3495 4972 sedi-

1903 5014 2155 5069 tionibus
2207 5011 2337 5067 iude
2385 5011 2535 5066 natis
2578 5010 2837 5081 gnaviter
2886 5008 3197 5074 colluctati,
3238 5008 3491 5063 fraudem

1903 5107 2053 5162 illam
2086 5121 2155 5161 ex
2199 5105 2477 5160 ambobus
2519 5102 2830 5158 secundum
2868 5115 3134 5156 sensuum
3182 5116 3310 5155 cum
3360 5116 3491 5155 sen-

1903 5186 2155 5254 sualibus
2183 5196 2537 5273 complexum
2562 5194 2821 5255 obortam
2849 5192 3223 5259 suﬂ'ocarunt,
3256 5193 3490 5248 anima:-

1898 5303 2009 5361 que
2042 5289 2149 5344 sibi
2175 5289 2413 5344 liberam
2448 5296 2748 5344 servarunt
2779 5285 3172 5341 auctoritatem
3211 5301 3276 5342 ac
3307 5285 3495 5356 digni-

1900 5394 2095 5451 tatem,
2126 5396 2189 5441 ut
2225 5401 2325 5456 par
2372 5392 2495 5440 erat
2543 5383 2807 5449 omnino;
2858 5382 3314 5453 quandoquidem
3350 5397 3489 5436 con-

1899 5485 2231 5533 sentaneum
2261 5489 2386 5530 esse
2408 5481 2465 5529 et
2487 5472 2922 5545 justum,potius
2942 5480 3003 5526 ut
3024 5472 3186 5543 pejus
3208 5489 3239 5528 a
3268 5467 3482 5527 meliori

1899 5568 2292 5641 proﬂigaretur
2320 5566 2627 5624 censebant
2666 5579 2835 5635 quam
2891 5572 2954 5619 ut
2999 5564 3203 5620 melius
3244 5579 3274 5619 a
3307 5559 3485 5637 pejori
