3984 6198
170 5483 204 5506 Δ

309 326 429 394 1161

297 466 304 473 ·
403 440 623 509 Θεωρία
668 440 753 504 είς
789 440 895 493 τὸν
930 437 1199 507 Μωϋσῆν
1237 438 1336 493 καὶ
1379 439 1485 493 τὸν
1537 440 1759 498 Ἠλίαν.
1866 508 1867 521 χ

363 553 445 609 A'.
494 553 605 607 Kal.
634 549 852 624 πρῶτον
906 552 1009 624 μὲν
1051 553 1150 624 τὴν
1193 552 1324 623 περὶ
1360 551 1456 607 τοῦ
1501 552 1611 606 δεῖν
1645 552 1863 612 πάντως

299 647 532 698 συνεῖναι
560 642 638 714 τῷ
668 644 826 714 Λόγῳ
854 645 947 697 καὶ
975 644 1096 714 Θεῷ
1117 645 1209 697 τόν
1235 662 1295 697 τε
1323 643 1370 675 ⁸⁸
1396 643 1619 712 νομικὸν
1651 642 1747 695 καὶ⁵
1774 643 1866 695 τὸν

300 735 637 806 προφητικὸν
670 735 828 803 λόγον
869 735 958 790 διὰ
985 736 1267 798 Μωῦσέως
1290 735 1387 788 καὶ
1432 733 1614 801 Ἡλίου
1645 731 1866 785 εὐσεϐε-

301 828 498 895 στάτην
528 825 834 894 ὲλάμὸανον
864 824 1094 890 ἔννοιαν,
1147 824 1243 895 ὼςλ
1275 822 1335 889 ἐξ
1384 823 1548 878 αὑτοῦ
1598 822 1693 875 καὶ
1736 820 1867 892 περὶ

298 916 460 971 αὐτοῦ
487 918 582 971 καὶ
602 917 761 980 ὄντας
792 916 886 970 καὶ
926 916 1394 986 ἀπαγγέλλοντας,
1424 914 1672 986 καὶπερὶ
1703 912 1865 967 αὐτὸν

301 1008 631 1078 ἱδρυμένους.

365 1099 438 1152 B'.
487 1093 618 1150 Εἶτα
666 1097 858 1166 σοφίαν
894 1097 988 1152 καὶ
1031 1096 1372 1169 χρηστότητα
1407 1087 1673 1150 συνοῦσαν
1715 1094 1867 1165 αύτῷ

296 1189 381 1243 διὰ
420 1190 527 1243 τῶν
561 1189 743 1243 αὐτῶν
773 1188 1141 1254 ἐπαιδεύοντο,
1168 1190 1267 1260 τὴν
1304 1190 1402 1259 μὲν
1431 1190 1512 1243 ὅτι
1544 1187 1666 1243 κατ’
1696 1186 1867 1257 αὐτὴν

295 1280 705 1351 διαγορευτικός
745 1280 862 1332 ἐστι
896 1280 1004 1334 τῶν
1032 1280 1302 1351 ποιητέων
1343 1283 1372 1335 ὁ
1408 1280 1567 1349 λόγος
1591 1320 1606 1345 ,
1632 1279 1727 1333 καὶ
1758 1281 1866 1332 ἀπ-

296 1372 647 1442 αγορευτικὸς
683 1371 792 1424 τῶν
839 1373 903 1425 ού
938 1371 1251 1439 ποιητέων,
1298 1367 1379 1443 ’ἦς
1431 1372 1601 1435 τύπος
1651 1372 1866 1441 ὑπῆρχε

298 1462 535 1532 Μωῦσῆς
571 1463 789 1534 (σοφίας
824 1463 935 1533 γὰρ
963 1463 1061 1532 τὴν
1086 1462 1187 1533 τῆς
1233 1462 1554 1533 νομοθεσίας
1585 1458 1728 1516 εἶναι
1774 1478 1865 1513 πι-

297 1553 558 1623 στεύομεν
592 1552 800 1624 χάριν),
832 1553 929 1622 τὴν
969 1553 1025 1607 δὲ
1059 1553 1142 1608 ὅτι
1180 1554 1301 1607 κατ’
1332 1553 1503 1623 αὐτὴν
1537 1569 1867 1623 προτρεπτιο

296 1649 387 1714 κός
418 1652 536 1703 ἐστι
568 1650 666 1702 καὶ⁸
701 1650 1127 1722 ἐπιστρεπτικδς
1172 1650 1310 1718 πρὸς
1357 1648 1457 1719 τὴν
1505 1648 1657 1702 θείαν
1698 1648 1864 1718 ζωὴν,

294 1740 402 1794 τῶν
460 1741 631 1810 αὐτῆς
688 1742 1215 1811 ἀπολισθησάντων,
1268 1735 1337 1813 ἧς
1387 1740 1560 1804 τύπος
1619 1739 1864 1810 ὑπῆρχεν
1895 1762 1938 1817 Β

310 1830 513 1895 Ἠλίας,
544 1831 610 1884 δι’
637 1832 833 1886 ἑαυτοῦ
871 1831 993 1886 ὅλον
1032 1832 1093 1886 τὸ
1134 1830 1473 1902 προφητικὸν
1500 1830 1674 1902 δηλῶν
1704 1830 1863 1901 χάρι-

297 1941 427 1995 σμα.
461 1925 639 1996 (16],
686 1925 740 1996 a)
782 1925 1165 1996 Χρηστότητος
1202 1924 1312 1996 γὰρ
1354 1924 1506 1987 θείας
1565 1923 1696 1976 ίδιον
1725 1920 1867 1991 γνὼ-

300 2034 490 2090 ρισμα,
505 2018 614 2070 τῶν
640 2016 1076 2086 πεπλανημένων
1099 2016 1132 2085 ἡ
1159 2015 1293 2085 μετὰ
1315 2013 1724 2084 φιλανθρωπίας
1748 2016 1866 2066 ἑπι-

298 2110 526 2181 στροφὴ,
566 2104 635 2181 ἧς
690 2111 942 2180 κήρυκας
997 2110 1123 2172 τοὺς
1162 2110 1450 2179 προφήτας
1499 2106 1862 2175 γινώσκομεν.

364 2200 440 2254 1".
472 2201 543 2253 Ἦ
574 2198 777 2267 γνῶσιν
806 2197 901 2251 καὶ
934 2197 1206 2262 παιδείαν,
1238 2196 1335 2268 τὴν
1373 2196 1471 2267 μὲν
1502 2196 1585 2248 ὅτι
1607 2193 1771 2248 καλοῦ
1807 2210 1864 2246 τε

296 2291 391 2343 καὶ
412 2291 584 2344 κακοῦ
612 2291 712 2358 τῆς
739 2290 998 2359 εἰδήσεως
1018 2290 1129 2351 τοῖς
1145 2288 1451 2359 ἀνθρώποις
1470 2286 1704 2356 ὑπάρχει
1722 2302 1864 2355 παρ-

295 2380 535 2442 εκτικός.
591 2378 826 2433 Δέδωκα
868 2379 997 2450 γὰρ,
1059 2379 1214 2449 φησι,
1247 2379 1361 2446 πρὸ
1390 2375 1715 2447 προσώπου
1749 2392 1865 2430 σου

297 2471 416 2539 τὴν
461 2471 614 2538 ζωὴν
644 2472 742 2525 καί
801 2471 907 2525 τὸν
937 2471 1218 2538 θάνατον,
1252 2473 1338 2540 ἐφ’
1364 2465 1409 2539 ᾧ
1450 2472 1547 2540 τὴν
1598 2470 1695 2540 μὲν
1726 2468 1865 2522 ἑλεῖν

291 2564 586 2635 αἱρεῖσθαι,
620 2563 712 2616 τὸν
754 2562 811 2615 δὲ
842 2566 1056 2631 φυγεῖν,
1095 2564 1187 2616 καὶ
1221 2563 1295 2633 μὴ
1330 2561 1405 2625 ὡς
1439 2560 1590 2631 καλῷ
1629 2576 1864 2632 περιπε-

294 2660 409 2709 σεῖν
435 2653 493 2720 ἐξ
518 2652 742 2722 ἀγνοίας
771 2653 850 2723 τῷ
873 2654 1099 2724 χείρονι,
1130 2654 1266 2723 ὅπερ
1297 2652 1536 2722 Μωῦσῆς
1566 2649 1864 2722 πεπραχὼς

291 2745 676 2817 ἀνηγόρευται,
709 2745 1003 2816 προτυπῶν
1046 2747 1104 2798 ἐν
1155 2743 1332 2815 ἑαυτῷ
1374 2744 1471 2815 τῆς
1507 2742 1766 2815 ἀληθείας
1797 2741 1866 2796 τὰ

295 2837 562 2908 σύμϐολα·
597 2836 695 2906 τὴν
737 2837 794 2889 δὲ
827 2835 909 2890 ὅτι
939 2835 1050 2889 τῶν
1078 2839 1191 2899 τοῖς
1215 2834 1476 2899 ἐναντίοις
1506 2835 1700 2905 ἀνέδην
1719 2851 1864 2906 χρω-

296 2927 473 2999 μένων
504 2928 646 2980 κατά
672 2925 765 2980 τὸν
800 2926 1040 2997 Ἰσραὴλ,
1078 2919 1141 2981 οῦ
1169 2925 1467 2996 παιδευτὴς
1503 2924 1690 2988 Ἠλίας
1717 2926 1746 2976 ό
1770 2923 1867 2994 μέ-

210 3006 227 3033 ⁸
294 3035 400 3087 γας
422 3017 657 3086 ἐγένετο,
692 3018 788 3072 καὶ
817 3017 1124 3087 μιγνύντων
1164 3017 1494 3087 ἀδιακρίτως
1536 3015 1603 3069 τὰ
1633 3014 1861 3086 ἄμικτα,

1526 326 2045 391 AMBIGUORUM
2087 331 2336 393 LIBER.

3403 336 3539 405 1162

2240 440 2627 514 Contemplatio
2663 446 2717 498 in
2747 446 2957 516 Moysen
2980 454 3029 500 et
3058 444 3257 504 Etiam.

2037 552 2078 606 1.
2114 553 2292 623 Atque
2314 555 2556 626 primum
2584 557 2810 626 quidem
2850 557 2920 613 de
2975 573 3044 613 eo
3100 557 3249 628 quod
3287 557 3539 615 Semoni

1965 658 2032 698 ac
2067 645 2179 700 Deo
2214 649 2357 702 ratio
2390 657 2499 702 tam
2522 650 2720 719 legalis
2754 665 2919 718 quam
2951 650 3279 719 pr0phetlca
3306 649 3541 706 deberet

1965 732 2157 788 adesse
2193 749 2292 803 per
2317 735 2537 808 Moysen
2562 745 2726 806 atque
2751 738 2925 792 Eliam
2951 738 3254 807 piissimam
3275 748 3543 809 ceperunt

1967 823 2271 889 notionem,
2317 835 2379 880 ιιι
2410 841 2553 896 quae,
2594 841 2663 881 ex
2690 843 2758 882 eo
2779 835 2837 882 et
2866 826 2935 882 de
2956 842 3025 882 eo
3060 836 3170 882 tam
3209 829 3543 886 exsisterent

1966 930 2130 984 quam
2166 915 2582 984 denuntiarent,
2610 926 2667 973 et
2694 918 2841 974 circa
2872 934 3000 975 eum
3022 919 3303 975 collocatae
3331 930 3538 976 essent.

2037 1088 2103 1145 11.
2127 1089 2337 1149 Deinde
2367 1093 2695 1163 sapientiam
2716 1103 2882 1165 atque
2901 1096 3250 1151 clementiam
3274 1096 3324 1152 ei
3348 1095 3542 1152 adesse

1967 1194 2068 1248 per
2097 1182 2320 1235 eosdem
2356 1182 2670 1247 discebant,
2704 1185 2935 1238 alteram
2980 1184 3108 1253 quia
3142 1201 3243 1254 per
3275 1186 3420 1240 hanc
3447 1200 3543 1239 eo-

1968 1286 2090 1324 rum
2117 1288 2239 1342 qua:
2274 1272 2525 1329 facienda
2558 1274 2884 1345 imperativa
2921 1282 3006 1330 est
3037 1275 3201 1339 ratio,
3243 1281 3300 1329 et
3348 1272 3540 1345 prohi-

1967 1360 2138 1417 bitiva
2163 1378 2358 1418 eorum
2392 1380 2514 1434 quae
2542 1380 2653 1419 non
2682 1373 2814 1419 sunt
2846 1364 3120 1425 facienda.
3170 1366 3330 1435 cujus
3363 1365 3542 1434 imago

1968 1452 2182 1525 Moyses
2214 1463 2334 1510 erat
2365 1454 2513 1525 (nam
2540 1455 2825 1525 sapientiae
2850 1470 2972 1511 esse
3018 1454 3388 1525 legislationis
3416 1470 3543 1525 gra-

1969 1544 2100 1598 tiam
2132 1545 2430 1617 credimus)
2462 1588 2477 1613 ,
2513 1546 2744 1601 alteram
2786 1559 2921 1600 vero
2954 1543 3194 1599 invitare
3228 1554 3397 1615 atque
3443 1546 3544 1601 ad—

1967 1636 2179 1690 hortari
2215 1635 2283 1690 ad
2319 1636 2563 1691 divinam
2597 1636 2770 1691 vitam
2815 1650 2912 1690 eos
2954 1635 3051 1703 qui
3100 1649 3165 1689 ea
3209 1635 3541 1694 exciderint.

1967 1726 2127 1796 cujus
2153 1724 2332 1796 imago
2355 1734 2474 1781 erat
2500 1725 2671 1789 Elias,
2703 1724 3087 1794 propheticam
3136 1737 3302 1779 omne
3354 1739 3454 1794 per
3484 1739 3544 1779 se

1967 1817 2287 1887 signiﬁcans
2328 1817 2580 1888 gratiam.
2623 1817 2946 1872 Clementiae
2967 1815 3115 1871 enim
3162 1814 3364 1870 divinae
3414 1830 3544 1885 pro-

1966 1907 2149 1978 prium
2190 1906 2405 1976 insigne
2454 1915 2538 1963 est
2574 1906 2894 1963 adhortatio
2924 1922 3046 1976 qua:
3074 1904 3136 1961 ﬁt
3185 1920 3311 1960 cum
3352 1904 3547 1959 huma-

1967 2002 2139 2058 nitate
2194 2008 2251 2055 et
2296 1999 2663 2071 indulgentia,
2715 1999 2874 2070 cujus
2923 2012 3207 2067 praecones
3249 1996 3545 2067 prophetas

1966 2093 2245 2147 novimus.

2033 2184 2121 2239 lll.
2151 2184 2245 2238 Vel
2268 2181 2638 2253 cognitionem
2657 2190 2713 2237 et
2743 2179 3137 2245 eruditionem,
3163 2179 3393 2234 alteram
3424 2177 3547 2250 qui-

1967 2273 2092 2330 dem
2124 2274 2272 2344 quod
2290 2273 2420 2327 boni
2455 2287 2521 2328 ac
2548 2271 2677 2327 mali
2723 2271 3011 2326 scientiam
3052 2270 3373 2327 hominibus
3402 2286 3545 2341 prte-

1966 2373 2074 2421 stat
2111 2363 2288 2418 :Dedi
2314 2365 2475 2427 enim,
2519 2362 2721 2433 inquit,
2753 2378 2934 2416 coram
2982 2363 3120 2432 facie
3167 2371 3259 2417 tua
3301 2364 3463 2417 vitam
3496 2369 3546 2416 et

1966 2466 2187 2512 mortem
2217 2454 2266 2521 ιι,
2299 2457 2528 2511 alteram
2556 2454 2623 2509 ad
2645 2454 2985 2524 eligendum,
3026 2455 3254 2509 alteram
3283 2442 3369 2508 ad.
3388 2453 3545 2509 devi-

1967 2548 2217 2612 tandum,
2242 2555 2298 2603 et
2322 2562 2391 2602 ne
2414 2562 2481 2601 ex
2511 2544 2820 2616 ignorantia
2849 2560 2949 2614 pro
2975 2545 3121 2599 bono
3144 2545 3317 2616 pejori
3341 2561 3400 2601 se
3420 2546 3546 2616 quis

1968 2639 2182 2704 induat,
2216 2637 2271 2692 id
2295 2637 2440 2708 quod
2467 2636 2682 2707 Moyses
2715 2634 2913 2691 fecisse
2947 2636 3300 2691 renuntiatus
3322 2646 3543 2700 est,ve-

1967 2729 2148 2785 ritatis
2163 2729 2408 2800 symbola
2424 2728 2479 2782 in
2501 2742 2560 2782 se
2575 2727 2966 2797 praeformans;
2994 2729 3226 2783 alteram
3242 2742 3376 2782 vero
3389 2726 3538 2798 quod

1964 2836 2157 2878 eorum
2178 2821 2230 2874 in
2250 2820 2435 2886 Israel,
2464 2820 2623 2889 cujus
2643 2827 2950 2888 praeceptor
2986 2834 3216 2889 magnus
3236 2818 3381 2873 Elias
3404 2827 3539 2884 erat,

1965 2915 2058 2986 qui
2080 2914 2256 2985 palam
2282 2922 2337 2968 et
2360 2912 2710 2981 impudenter
2738 2911 3142 2966 contrariorum
3167 2926 3325 2966 usum
3347 2926 3548 2981 seque-

1965 3007 2171 3060 bantur
2212 3002 2626 3073 separandaque
2667 3000 3053 3057 indifferequ
3102 3000 3550 3058 coniundebant.

291 3110 393 3180 τῆς
423 3108 744 3179 ἀδιαφορίας
764 3110 905 3163 ’ἐστὶ
943 3108 1286 3172 κολαστικδς,
1320 3108 1414 3161 καὶ
1439 3106 1549 3159 τῶν
1584 3105 1863 3169 παντελῶς

1974 3103 2184 3152 coercet
2215 3094 2684 3155 indill‘crcntiam.
2728 3099 2785 3147 et
2832 3092 2978 3161 quod
3032 3107 3226 3148 eorum
3267 3093 3363 3162 qui
3399 3093 3544 3148 malo

292 3199 373 3270 τῷ
405 3199 563 3269 κακῷ
586 3198 1058 3271 προστεθειμένων
1084 3200 1183 3269 τὴν
1209 3199 1393 3253 ἄνοιαν
1427 3197 1521 3251 καὶ
1544 3195 1643 3265 τὴν
1666 3195 1863 3268 πώρω-

292 3308 381 3345 σιν
405 3291 483 3353 είς
516 3290 724 3344 ἔννοιαν
750 3290 921 3360 ἄγων,
956 3289 1032 3353 ὡς
1069 3289 1250 3358 λόγος,
1287 3289 1382 3344 καὶ
1408 3288 1660 3357 αἴσθησιν
1685 3289 1753 3340 ὀ.

351 3387 440 3439 Δ’.
465 3383 538 3435 Ἢ
585 3382 787 3454 πρᾶξιν
827 3383 920 3436 καὶ
973 3381 1227 3452 θεωρίαν,
1269 3382 1371 3450 τὴν
1410 3381 1509 3451 μὲν
1552 3379 1628 3441 ὼς
1662 3377 1862 3440 κακίας
1903 3404 1913 3413 ·

290 3471 668 3543 ἀναιρετικὴν,
699 3472 792 3525 καὶ
827 3472 1035 3541 κόσμου
1063 3471 1128 3524 δι’
1162 3469 1473 3533 ἐπιδείξεως
1496 3468 1704 3539 ἀρετῶν
1736 3468 1862 3530 τοὺς

290 3564 361 3618 δι’
385 3563 557 3635 αὐτῆς
580 3562 883 3634 ἀγομένους
909 3561 1189 3623 παντελῶς
1212 3560 1351 3637 κατά
1376 3558 1618 3613 διάθεσιν
1636 3557 1863 3628 τέμνου-

295 3673 416 3721 σαν,
471 3655 545 3719 ὡς
589 3653 829 3724 Μωῡτῆς
862 3656 961 3723 τῆς
1007 3651 1286 3721 Αἰγύπτου
1330 3650 1424 3704 τὸν
1484 3648 1731 3721 Ἰσραὴλ,
1767 3648 1862 3702 καί¹

293 3746 457 3808 θείοις
486 3744 672 3815 νόμοις
701 3742 793 3796 τοῦ
834 3744 1164 3812 Πνεύματος
1196 3740 1463 3803 εὐπειθῶς
1502 3738 1861 3794 παιδεύουσαν

289 3835 545 3905 ἄγεσθαιο
596 3836 697 3905 τὴν
740 3835 798 3888 δὲ
838 3834 915 3898 ὡς
954 3833 1087 3904 ὕλης
1135 3833 1230 3887 καὶ
1278 3833 1451 3896 εἴδους
1485 3830 1858 3902 ἁρπάζουσαν,

290 3929 370 3992 ὡς
398 3928 493 3981 τὸν
529 3926 716 3980 Ἠλίαν
744 3925 806 3978 τὸ
834 3927 900 3978 ὲκ
926 3924 1097 3996 πυρὸς
1124 3924 1301 3995 ἅρμα,
1337 3925 1432 3977 καὶ
1462 3923 1580 3992 Θεῴ
1607 3922 1694 3976 διὰ
1724 3921 1861 3988 γνώ-

291 4036 434 4082 σεως
460 4017 844 4089 προσάγουσαν
877 4033 938 4069 τε
972 4017 1065 4069 καὶ
1096 4016 1475 4068 συνάπτουσαν
1515 4014 1619 4067 ὑπὸ
1660 4013 1862 4085 σαρκὸς

292 4111 419 4183 μηδ’
449 4110 629 4165 ὁτιοῦν
670 4109 1041 4180 βαρουμένους
1063 4147 1078 4171 ,
1111 4106 1202 4161 διὰ
1247 4106 1346 4177 τὴν
1393 4105 1489 4159 τοῦ
1537 4106 1660 4160 κατ’
1690 4106 1860 4175 αὐτὴν

288 4204 457 4272 νόμον
490 4201 818 4272 ἀθέτησιν,ἢ
850 4200 1082 4270 ὲπάρσει
1117 4197 1239 4252 καθ’
1262 4197 1439 4251 ὁτιοῦν
1463 4199 1555 4251 ἐπὶ
1584 4200 1696 4262 τοῖς
1727 4214 1859 4251 κατ-

284 4292 574 4366 ορθώμασι
624 4292 1022 4362 φλεγομένους,
1056 4290 1146 4344 διὰ
1208 4289 1309 4361 τὴν
1347 4289 1704 4360 συνημμένην
1740 4291 1860 4352 ταῖς

283 4384 457 4446 ὅντως
495 4383 717 4454 ἀρεταῖς
747 4382 938 4454 δρόσον
966 4379 1365 4450 τῆς,πτωχείας
1389 4378 1486 4432 τοῦ
1525 4377 1853 4448 πνεύματος.

360 4475 439 4532 E'.
467 4477 536 4528 Ἦ
568 4476 730 4530 πάλιν
758 4474 829 4527 τά
862 4474 1040 4545 (161
1069 4473 1119 4540 ὁ)
1146 4472 1290 4526 κατά
1319 4471 1412 4525 τὸν
1441 4472 1616 4542 γάμον
1635 4472 1730 4524 καὶ
1757 4470 1856 4541 τὴν

282 4568 535 4638 ἀγαμίαν
560 4567 833 4638 μυστήρια
858 4566 1013 4634 παρὰ
1036 4563 1115 4633 τῷ
1144 4562 1302 4633 Λόγῳ
1327 4558 1466 4617 εἶναι
1495 4563 1861 4633 μανθάνοντες

279 4659 378 4713 διὰ
406 4658 710 4722 Μωῦσέως,
744 4655 839 4709 τοῦ
867 4655 956 4708 διὰ
980 4653 1159 4722 γάμον
1198 4653 1297 4723 τῆς
1323 4651 1475 4713 θείας
1504 4651 1737 4723 ἐραστοῦ
1767 4669 1859 4721 γε·

281 4752 477 4805 νέσθαι
515 4747 674 4820 δόξης
732 4748 807 4818 μὴ
845 4746 1203 4811 κωλυθέντος,
1257 4747 1352 4800 καὶ
1387 4746 1477 4800 διὰ
1529 4747 1733 4813 Ἡλίου,
1762 4747 1859 4801 τοῦ

280 4841 568 4904 παντελῶς
589 4839 833 4910 γαμικῆς
862 4838 1156 4907 συναφείας
1186 4838 1429 4910 καθαροῦ
1462 4838 1857 4910 διαμείναντος,

275 4927 376 4986 οἷα
398 4930 492 4986 τοῦ
524 4932 700 5000 Λόγου
735 4932 829 4984 καὶ
856 4928 989 4982 Θεοῦ
1016 4930 1144 4992 τοὺς
1179 4928 1324 5000 λόγῳ
1353 4928 1527 4984 ταῦτα
1557 4930 1857 4995 ίθύνοντας,

276 5024 431 5078 κατά
472 5024 599 5087 τοὺς
652 5022 892 5086 θειωδῶς
928 5021 1059 5092 περὶ⁸
1087 5021 1292 5074 ἀὐτῶν
1317 5022 1606 5092 κειμένους
1632 5022 1856 5094 νόμους,

271 5115 468 5186 ἑαυτῷ
508 5114 785 5186 μυστικῶς
814 5112 1172 5167 εἰσποιεῖσθαι
1219 5112 1605 5183 κηρύττοντος.

356 5210 446 5275 ς’.
487 5207 557 5261 Ἦ
584 5206 732 5275 ζωῆς
773 5206 868 5259 καὶ
896 5204 1131 5259 θανάτου
1183 5204 1272 5259 διὰ
1303 5204 1412 5258 τῶν
1458 5205 1637 5260 αὐτῶν
1667 5205 1855 5278 κύριον

267 5300 494 5364 πιστῶς
518 5300 645 5353 ὄντα
662 5301 757 5352 τὸν
776 5297 950 5366 Λόγον
972 5297 1319 5368 πληροφορού
1328 5314 1502 5368 μενοι.

353 5454 384 5497 ιι
412 5453 571 5509 Deut.
599 5469 726 5518 xxx,
760 5453 850 5507 l9.
930 5454 943 5491 ί
985 5451 1050 5506 lV
1079 5452 1212 5525 Reg.
1239 5467 1298 5516 ιι,
1336 5451 1422 5505 ll.

1968 3202 2199 3258 prorsus
2229 3201 2288 3241 se
2343 3184 2681 3240 addixerunt
2717 3186 3016 3240 amentiam
3071 3194 3128 3240 et
3162 3184 3427 3241 duritiem
3475 3184 3542 3240 ad

1968 3274 2318 3345 sapientiam,
2360 3284 2421 3328 ut
2448 3273 2614 3335 ratio,
2644 3282 2700 3328 et
2726 3288 2949 3328 sensum
2981 3273 3230 3329 deducit.
3533 3276 3543 3289 ’

2042 3367 2131 3422 ιν.
2177 3367 2272 3422 Vel
2321 3366 2594 3420 actionem
2632 3373 2691 3419 et
2728 3365 3275 3434 contemplationem,
3314 3364 3541 3420 alteram

1968 3457 2117 3528 quod
2157 3456 2424 3511 malitiam
2466 3456 2612 3512 tollit
2662 3466 2719 3512 et
2757 3456 3060 3512 virtutibus
3095 3456 3403 3526 propositis
3446 3472 3544 3511 eos

1968 3550 2061 3620 qui
2128 3549 2220 3603 illa
2274 3557 2516 3619 aguntur
2571 3548 2879 3605 secundum
2933 3547 3191 3603 aﬂ'eetum
3237 3564 3467 3618 prorsus
3511 3567 3541 3604 a

1969 3636 2174 3692 mundo
2224 3643 2472 3699 resecat,
2513 3644 2574 3690 ut
2624 3636 2839 3707 Moyses
2884 3636 3141 3691 Israelem
3178 3636 3248 3691 ab
3285 3635 3540 3708 Egypto,

1968 3728 2280 3798 divinisque
2314 3727 2605 3797 praeceptis
2651 3727 2705 3781 in
2756 3727 2999 3797 Spiritus
3039 3727 3310 3798 obsequio
3356 3729 3542 3783 vivere

1968 3819 2244 3884 instituit;
2280 3819 2510 3873 alteram
2541 3833 2675 3872 vero
2702 3827 2762 3872 ut
2790 3818 2860 3872 ab
2901 3820 3131 3874 materia
3153 3827 3321 3889 atque
3364 3820 3541 3875 forma

1966 3910 2354 3980 abripientem,
2377 3908 2840 3979 quemadmodum
2863 3925 3067 3965 currus
3082 3911 3288 3981 ignitus
3307 3912 3537 3977 Eliaml,

1966 4015 2174 4070 perque
2207 4000 2581 4070 cognitionem
2613 4000 2725 4053 Deo
2755 4000 3124 4056 adducentem
3173 4012 3232 4057 et
3275 4004 3540 4072 copulan-

1968 4101 2078 4147 tem
2125 4107 2292 4146 carne
2336 4091 2478 4145 nihil
2530 4098 2787 4161 gravatos
2817 4101 3042 4162 propter
3078 4093 3425 4163 reprobatam
3460 4094 3536 4148 is-

1967 4184 2077 4239 tius
2117 4184 2314 4253 legem,
2346 4192 2441 4236 aut
2492 4182 2602 4236 ulla
2634 4182 2702 4237 de
2744 4192 2892 4238 recte
2932 4183 3092 4238 factis
3132 4185 3393 4253 superbia
3436 4187 3536 4241 lla-

1964 4283 2204 4346 grantes,
2245 4279 2472 4343 propter
2497 4287 2678 4327 rorem
2713 4272 2944 4342 spiritus
2974 4274 3294 4344 indigentiae
3314 4318 3329 4342 ,
3388 4279 3537 4333 veris

1964 4363 2267 4420 virtutibus
2293 4364 2673 4433 conjunctum.

2035 4477 2096 4532 V.
2127 4476 2224 4531 Vel
2261 4488 2454 4529 rursus
2491 4468 2830 4527 matrimonii
2859 4482 2916 4528 et
2949 4475 3232 4532 ctelibatus
3273 4474 3534 4548 mysteria

1958 4567 2211 4624 comitari
2240 4567 2563 4622 Sermonem
2588 4564 2771 4620 edocti
2809 4581 2906 4635 per
2930 4568 3152 4640 Moysen
3182 4576 3333 4629 sunt,
3368 4583 3534 4638 quem

1959 4659 2375 4714 matrimonium
2400 4672 2510 4711 non
2548 4656 2838 4726 prohibuit
2865 4659 3164 4728 quominus
3203 4660 3259 4715 in
3289 4674 3533 4715 amorem

1960 4752 2162 4808 divina:
2212 4750 2402 4822 glorite
2450 4748 2688 4815 veniret,
2744 4757 2799 4803 et
2845 4765 2943 4819 per
2989 4753 3205 4817 Eliam,
3255 4752 3352 4822 qui
3383 4749 3533 4806 omni

1960 4859 2190 4915 prorsus
2258 4840 2652 4898 matrimoniali
2716 4857 2862 4897 nexu
2916 4858 3137 4914 semper
3214 4842 3532 4898 abstinuit:

1960 4936 2166 5007 quippe
2197 4935 2393 4990 Sermo
2422 4949 2489 4989 ac
2520 4936 2664 4990 Deus
2693 4950 2790 5008 eos
2821 4935 2917 5005 qui
2969 4935 3186 4990 ratione
3233 4935 3351 4991 haec
3394 4934 3536 4990 diri-

1960 5026 2411 5101 guntsecundum
2433 5027 2582 5097 leges
2598 5026 2667 5083 de
2687 5028 2769 5082 eis
2794 5028 2962 5082 rebus
2986 5027 3256 5083 divinitus
3276 5034 3531 5091 statutas,

1961 5119 2191 5191 mystice
2217 5117 2324 5173 sibi
2359 5116 2611 5186 adoptari
2643 5116 2957 5172 annuntiat.
2987 5144 2991 5151 -

2034 5212 2121 5266 Vl.
2171 5209 2266 5264 Vel
2318 5208 2447 5264 vitae
2497 5216 2554 5262 et
2598 5207 2798 5262 mortis
2843 5204 3139 5261 Dominum
3179 5220 3368 5260 revera
3408 5216 3536 5263 esse

1963 5304 2283 5360 Sermonem
2324 5315 2422 5364 per
2449 5299 2645 5354 eadem
2674 5297 3094 5369 persuasionem
3120 5297 3389 5354 tulerunt.

1596 5562 1823 5621 VARIIE
1858 5562 2264 5620 LECTIONES.

358 5690 402 5725 "
426 5701 480 5756 δὲ
504 5700 669 5780 habet
693 5699 1088 5773 apograpbum.
1163 5698 1208 5731 ὀ
1258 5698 1450 5761 Manus
1501 5698 1723 5769 antiqua
1756 5702 1999 5756 correxit
2032 5700 2281 5771 αἴσθησις
2307 5700 2363 5754 in
2386 5699 2510 5754 cod.
2542 5696 2686 5752 Gud.

599 5796 871 5855 ΡΑτιιοι..
906 5793 1022 5855 Gn.
1060 5791 1215 5853 XCI.

3140 5780 3293 5843 3'1.
