3984 6198
469 211 608 281 1163

1585 216 1645 276 S.
1686 215 1973 274 MAXIMI
2012 214 2523 280 CONFESSOBIS

3535 228 3644 295 lilii.

536 329 652 386 VII.
682 330 778 385 Vel
807 330 973 385 etiam
998 343 1192 384 omnes
1217 326 1330 383 Deo
1353 325 1563 391 vivere,
1587 343 1691 382 nec
1712 342 2043 398 quemquam

2218 330 2291 382 Z'.
2335 332 2405 383 ’Ἢ
2459 332 2553 383 καὶ
2604 330 2665 383 τὸ
2708 331 2918 392 πάντας
2965 329 3065 402 ζῇν
3106 326 3185 400 τῷ
3216 330 3336 401 Θεῷ
3386 334 3466 386 καὶ
3495 340 3656 408 μηδένα

467 422 699 477 omnino
738 421 884 492 apud
936 435 1062 475 eum
1112 427 1393 473 mortuum
1433 433 1556 473 esse
1589 434 1690 488 per
1727 419 1920 473 eadem
1957 419 2040 473 di-

470 514 749 576 dicerunt,
798 521 997 581 praeter
1029 525 1156 565 eum
1186 510 1281 578 qui
1314 517 1544 579 peccato
1590 523 1650 563 se
1698 509 1818 579 ipse
1867 510 2038 563 morti

466 610 832 667 auctorasset,
866 616 1037 671 seque
1062 600 1373 655 voluntaria
1404 600 1472 655 ad
1503 600 1793 671 passiones
1819 607 1877 655 et
1901 600 2040 655 vitia

430 699 437 705 ‘
465 695 813 766 proclivitate
842 709 873 748 a
908 692 1095 748 Verbo
1125 693 1474 748 abscidisset.

539 785 673 857 Vlll.
707 784 801 839 Vel
847 784 1035 838 etiam
1066 784 1134 837 ad
1178 783 1539 848 Sermonem,
1600 792 1664 837 ut
1714 783 1809 853 qui
1832 782 2043 839 veritas

465 886 551 933 est
591 879 647 941 l,
689 876 887 931 referri
914 884 969 931 et
1011 890 1135 931 esse
1155 875 1547 947 mysteriorum
1572 875 1861 946 imagines,
1904 875 2042 930 etin

465 981 594 1021 eum
623 966 741 1036 cogi
784 974 840 1021 et
901 966 1083 1023 redire
1139 974 1245 1020 tam
1293 966 1487 1036 legalis
1524 982 1688 1036 quam
1725 967 2041 1037 prophetici

465 1059 652 1129 operis
704 1065 963 1128 tanquam
1014 1058 1069 1112 in
1106 1057 1443 1128 principium
1513 1069 1571 1112 et
1622 1057 1788 1113 linem
1834 1057 2042 1113 eruditi

466 1161 616 1209 81ml.
1101 1162 1108 1168 ’

535 1243 629 1297 1X.
667 1243 761 1298 Vel
782 1258 904 1312 quae
938 1250 1064 1313 post
1110 1243 1285 1297 Deum
1328 1251 1457 1297 sunt
1486 1242 1674 1297 omnia
1725 1249 1779 1296 et
1826 1257 1895 1297 ex
1930 1242 2044 1297 Deo

467 1342 784 1405 procreata,
818 1335 925 1389 hoc
958 1343 1044 1389 est
1072 1349 1259 1389 rerum
1288 1344 1543 1391 naturam
1578 1343 1634 1389 et
1658 1342 1912 1403 tempus,
1934 1348 2043 1388 una

467 1437 594 1476 cum
618 1424 749 1487 Deo,
775 1430 835 1475 ut
861 1437 1024 1477 causa
1048 1431 1104 1477 et
1132 1422 1365 1491 factore,
1399 1438 1670 1493 apparere
1698 1423 2040 1485 exsistentia,

468 1513 565 1583 qui
611 1514 751 1583 ipse,
799 1514 982 1583 quoad
1014 1513 1131 1568 ﬁeri
1177 1515 1298 1584 ejus
1341 1523 1562 1584 potest,
1616 1529 1748 1569 vere
1794 1522 2041 1585 apparet.

468 1604 715 1671 Quorum
747 1605 971 1674 quidem
1006 1605 1271 1674 temporis
1321 1605 1501 1676 imago
1549 1605 1764 1677 Moyses
1793 1606 2045 1660 videatur

467 1710 610 1759 esse,
667 1710 777 1749 non
806 1696 983 1750 solum
1017 1705 1078 1749 ut
1103 1696 1366 1766 temporis
1394 1712 1459 1751 ac
1487 1695 1815 1751 numerandi
1846 1711 2046 1751 secun—

467 1786 598 1839 dum
631 1787 736 1841 hoc
764 1786 961 1841 doctor
991 1787 1108 1856 (hic
1137 1788 1285 1843 enim
1316 1788 1528 1859 primus
1556 1798 1802 1858 tempora
1843 1803 1875 1842 a
1915 1801 2047 1842 con-

466 1875 586 1929 dito
615 1876 824 1929 mundo
866 1876 1227 1945 numeravit),
1262 1884 1320 1932 et
1372 1876 1695 1946 temporalis
1733 1877 1916 1930 cultus
1952 1875 2048 1930 de-

467 1967 701 2033 ductor,
756 1967 853 2023 sed
894 1969 1064 2022 etiam
1123 1967 1271 2038 quod
1325 1983 1440 2023 non
1507 1983 1615 2022 una
1667 1981 1793 2023 cum
1834 1966 1948 2021 illis
1990 1967 2046 2021 in

468 2058 748 2114 carnalem
807 2059 1060 2129 requiem
1107 2059 1361 2114 introivit
1390 2060 1459 2115 de
1503 2059 1709 2130 quibus
1763 2066 1889 2112 ante
1946 2056 2049 2111 ad-

468 2159 696 2206 ventum
727 2152 900 2206 divini
934 2151 1217 2221 Evangelii
1250 2152 1535 2217 narravit;
1593 2148 1869 2221 ejusmodi
1898 2146 2047 2206 enim

468 2245 634 2299 etiam
668 2252 887 2315 tempus
916 2253 1022 2309 est,
1071 2259 1251 2314 neque
1294 2252 1652 2299 antevertens
1681 2256 1863 2312 neque
1912 2254 2047 2295 con-

467 2332 702 2387 veniens
746 2345 898 2387 motu
958 2333 1071 2387 illis
1105 2348 1245 2403 quos
1302 2332 1371 2386 ad
1423 2332 1668 2387 divinam
1726 2329 1895 2385 futuri
1946 2326 2047 2384 aevi

468 2424 640 2478 vitam
674 2425 1026 2479 transmittit.
1079 2424 1264 2480 Jesum
1309 2425 1458 2479 enim
1519 2423 1611 2493 qui
1652 2422 1894 2477 universi
1937 2431 2049 2475 tam

472 2518 737 2587 temporis
778 2527 867 2573 est
919 2534 1084 2588 quam
1135 2518 1505 2583 aeternitatis,
1555 2518 1724 2573 habet
1766 2530 2051 2573 successo-

472 2622 622 2672 rem;
673 2623 990 2677 quanquam
1049 2607 1185 2663 alias
1218 2609 1484 2679 temporis
1538 2609 1783 2664 rationes
1832 2609 1888 2662 in
1937 2608 2050 2662 Deo

469 2708 818 2769 permanent,
850 2702 1317 2769 quemadmodum
1348 2701 1431 2756 lex
1461 2718 1491 2755 a
1523 2702 1704 2773 Moyse
1737 2702 1789 2754 in
1826 2700 2051 2755 deserto

471 2791 598 2845 data
640 2790 661 2829 ιε
692 2806 797 2844 una
826 2805 950 2845 cum
981 2791 1063 2846 eis
1103 2791 1195 2861 qui
1236 2800 1438 2846 terram
1493 2792 1856 2862 possessionis
1883 2807 2049 2862 cepe-

473 2891 606 2936 runt
631 2882 876 2953 ingressa
908 2884 1137 2953 mystice
1163 2883 1501 2938 manifestat.
1554 2883 1855 2938 Aiternitas
1900 2884 2049 2938 enim

472 2980 694 3040 tempus
721 2977 808 3024 est
836 2978 1125 3040 postquam
1158 2981 1368 3025 motum
1402 2971 1564 3036 stitit,
1612 2980 1668 3026 ct
1720 2980 1937 3040 tempus
1965 2980 2051 3026 est

472 3063 772 3123 aeternitas,
810 3064 1036 3132 quando
1070 3078 1331 3117 mensura
1363 3063 1724 3133 distinguitur
1760 3075 1911 3118 motu
1936 3065 2052 3135 agi-

477 3164 607 3219 tata,
646 3155 785 3211 adeo
806 3164 867 3210 ut
894 3155 1194 3220 mtcrnitas,
1226 3165 1289 3209 ut
1318 3156 1547 3211 definite
1577 3157 1791 3225 loquar,
1838 3164 2053 3226 tempus

477 3257 625 3301 motu
658 3246 952 3316 privatum,
988 3254 1204 3316 tempus
1233 3263 1365 3302 vero
1395 3247 1679 3302 aeternitas
1706 3256 1859 3301 motu
1897 3263 2053 3303 men-

475 3345 686 3390 surata.
718 3334 937 3389 Naturae
960 3345 1142 3390 autem
1168 3322 1314 3390 Elias
1348 3335 1605 3390 videatur
1641 3336 1836 3406 imago
1878 3351 2000 3391 esse
2034 3378 2049 3402 ,

480 3443 589 3481 non
630 3427 806 3481 solum
839 3425 987 3496 quod
1017 3426 1323 3501 iuviolatas‘
1338 3427 1447 3482 sibi
1487 3427 1787 3482 custodivit
1809 3427 2053 3482 rationes

476 3527 534 3572 et
562 3518 866 3572 voluntatis
916 3518 1245 3586 consiliique
1293 3518 1646 3587 prudentiam
1698 3519 1755 3573 in
1801 3519 1948 3585 illis,
1983 3518 2053 3574 ab

478 3608 625 3663 omni
664 3607 941 3678 passionis
988 3607 1379 3663 vicissitudine
1444 3609 1699 3674 liberam,
1759 3609 1856 3663 sed
1885 3608 2053 3663 etiam

478 3699 711 3769 quodin
739 3699 971 3769 judicio,
1030 3698 1505 3769 quemadmodum
1550 3699 1823 3754 naturalis
1865 3699 2053 3769 aliqua

478 3791 587 3854 lex,
615 3790 843 3860 castigat
869 3804 965 3844 eos
988 3789 1083 3859 qui
1117 3797 1315 3843 natura
1345 3794 1546 3858 praeter
1577 3796 1835 3841 naturam
1879 3793 2050 3841 utun-

481 3892 591 3935 tur.
625 3880 758 3935 Tale
780 3879 929 3935 enim
958 3879 1126 3934 etiam
1166 3887 1389 3943 natura,
1428 3892 1552 3947 quae
1596 3891 1655 3931 se
1701 3876 1876 3946 ipsam
1929 3891 2052 3931 cor-

480 3985 736 4041 rumpere
775 3979 1039 4025 conantes
1079 3980 1312 4025 eatenus
1356 3969 1609 4038 castigat,
1659 3978 1936 4038 quatenus
1974 3967 2058 4022 in-

480 4062 723 4118 naturali
748 4060 968 4116 vivendi
998 4060 1187 4130 generi
1221 4049 1447 4130 operam
1474 4058 1629 4125 dant,
1651 4074 1718 4113 eo
1755 4059 1903 4129 quod
1942 4074 2056 4114 non

481 4159 703 4227 plenam
750 4153 925 4224 ipsius
953 4162 1170 4208 natura:
1215 4151 1534 4208 facultatem
1577 4152 1909 4207 naturaliter
1937 4166 2056 4205 am-

484 4249 632 4318 plius
655 4258 921 4302 exercere
955 4260 1053 4300 eos
1077 4246 1230 4309 sinit,
1256 4243 1581 4299 imminutos
1606 4245 1714 4315 jam
1739 4243 2056 4314 integritate

2144 424 2422 488 παντελῶς
2447 424 2578 495 παρ’
2606 423 2756 494 αὐτῷ
2810 422 3002 490 νεκρὸν
3052 418 3192 477 εἶναι
3246 423 3337 476 διὰ
3383 424 3478 477 τῶν
3520 431 3659 483 αὐτῶν

2146 513 2542 584 μανθάνοντες,
2575 513 2715 583 πλὴν
2759 513 2855 568 τοῦ
2894 512 3085 566 ἑαυτὸν
3119 516 3186 584 τῇ
3235 513 3471 586 ἁμαρτίᾳ
3495 523 3660 590 νεκρὼ-

2143 621 2358 670 σαντος,
2392 608 2486 660 καὶ
2517 608 2583 677 τῇ
2619 606 2852 677 ἑκουσίῳ
2871 606 3005 677 πρὸς
3035 604 3105 659 τὰ
3134 604 3283 675 πάθη
3320 607 3454 677 ῥοπῇ
3480 610 3558 663 τοῦ
3582 613 3660 666 Δό.

2142 713 2240 766 γου
2271 690 2461 752 ἑαυτὸν
2483 697 2881 771 ἀποκόψαντος.
3156 728 3174 747 ι

2215 788 2376 843 Η’.Ἦ
2409 790 2570 843 πάλιν
2586 789 2723 860 πρὸς
2751 791 2843 842 τὸν
2861 788 3031 857 Λόγον
3059 789 3135 852 ὡς
3152 787 3410 859 ἀλήθειαν
3439 789 3549 844 ὄντα
3570 796 3660 845 κατ’

2143 880 2426 953 ἀναφορὰν
2459 877 2599 934 εἷναί
2647 899 2706 934 τε
2754 882 2849 935 καὶ
2884 880 3153 952 ὑπάρχειν
3194 880 3323 942 τοὺς
3361 879 3545 944 τύπους
3579 884 3665 934 τῶν

2147 972 2484 1044 μυστηρίων,
2509 972 2603 1026 καὶ
2618 973 2696 1035 είς
2720 972 2881 1025 αὐτὸν
2901 971 3253 1039 συνάγεσθαι,
3278 969 3380 1040 τῆς
3400 987 3453 1023 τε
3477 974 3663 1040 νομικῆς

2145 1064 2240 1118 καὶ
2266 1064 2366 1135 τῆς
2394 1063 2741 1134 προφητικῆς
2775 1060 3161 1134 πραγματείας
3189 1063 3267 1126 ὡς
3304 1062 3472 1133 ἀρχὴν
3498 1065 3578 1117 καὶ
3598 1066 3665 1117 τέ·

2143 1153 2254 1217 λος,
2285 1151 2766 1221 ἐφωταγωγοῢντο.
3694 1149 3702 1157 ’

2215 1242 2291 1296 Θ’.
2333 1243 2402 1295 Ἦ
2428 1242 2496 1295 τὰ
2521 1241 2662 1313 μετὰ
2687 1242 2818 1296 Θεὸν
2846 1241 3021 1297 πᾶντα
3058 1243 3152 1296 καί⁵
3178 1244 3244 1296 ὲκ
3269 1242 3402 1296 Θεοῦ
3433 1245 3668 1312 γεγονότα,

2143 1334 2391 1387 τουτέστι
2425 1333 2525 1403 τὴν
2563 1333 2725 1402 φύσιν
2753 1333 2863 1386 τῶν
2894 1334 3064 1387 ὄντων
3094 1334 3301 1388 καὶτὸν
3334 1335 3530 1405 χρόνον,
3550 1338 3669 1406 παρὰ
3738 1321 3745 1330 ’

2145 1421 2223 1492 τῷ
2263 1422 2383 1493 Θεῷ
2432 1423 2563 1476 ὄντα
2598 1423 3055 1491 συνεκφαίνεσθαι
3105 1423 3319 1493 ἀληθῶς
3369 1429 3670 1499 φαινομένῳ,

2147 1514 2289 1568 κατὰ
2316 1514 2378 1567 τὸ
2410 1514 2652 1583 ἐφικτὸν,
2674 1501 2751 1578 ὡς
2784 1515 2942 1585 αἰτίῳ
2972 1514 3069 1567 κα)⁵
3110 1518 3330 1584 ποιητῇ.
3362 1509 3458 1571 Ὧν
3481 1518 3563 1570 τοῦ
3597 1520 3672 1587 μὲν

2080 1654 2120 1713 Β
2147 1606 2343 1677 χρόνου
2369 1606 2542 1669 τύπος
2586 1605 2653 1658 ἂν
2686 1606 2773 1674 εἴη
2819 1607 3080 1677 Μωῦσῆς,
3109 1606 3169 1659 οὐ
3206 1607 3368 1676 μόνον
3414 1608 3485 1671 ὡς
3519 1611 3675 1681 χρόνον

2157 1701 2251 1752 καὶ
2293 1699 2388 1752 τοῦ
2418 1698 2539 1751 κατ’
2576 1699 2739 1751 αὐτὸν
2778 1698 3017 1769 ἀριθμοῦ
3050 1699 3371 1762 διδάσκαλος
3410 1696 3566 1767 (οὗτος
3594 1702 3677 1772 γὰρ

2154 1787 2372 1861 πρῶτος
2416 1788 2508 1841 τὸν
2556 1788 2699 1842 κατὰ
2750 1788 2846 1861 τὴν
2891 1789 3105 1858 γένεσιν
3141 1788 3237 1842 τοῦ
3283 1789 3485 1860 κόσμου
3527 1791 3683 1860 χρόνον

2154 1874 2477 1946 ἠρίθμησε),
2505 1877 2599 1929 καὶ
2626 1875 2702 1940 ὼς
2723 1878 2983 1948 χρονικῆς
3010 1878 3300 1946 γενόμενος
3321 1879 3560 1950 λατρείας
3584 1881 3683 1933 καθ-

2154 1966 2386 2037 ηγητὴς.
2428 1966 2565 2021 ἀλλὰ
2603 1969 2700 2022 καὶ
2753 1968 2828 2031 ὡς
2870 1968 2945 2038 μὴ
2986 1969 3467 2039 συνεισερχόμενος
3495 1971 3536 2001 "
3567 1969 3685 2022 ὲκεί-

2154 2073 2266 2119 νοις
2324 2057 2651 2128 σωματικῶς
2700 2060 2780 2122 εἰς
2826 2058 2924 2130 τὴν
2962 2058 3310 2112 κατάπαυσιν
3363 2055 3437 2113 ὧν
3473 2058 3571 2128 πρὸ
3610 2059 3688 2129 τῆς

2156 2145 2307 2210 θείας
2329 2146 2687 2218 καθηγήσατο
2706 2149 2888 2220 (162
2906 2148 2961 2220 a)
2986 2148 3329 2218 εὐαγγελίας
3358 2148 3582 2203 τοιοῦτον
3602 2149 3692 2219 γὰρ

2156 2237 2251 2290 καὶ
2284 2240 2312 2292 ὁ
2345 2239 2561 2310 χρόνος,
2593 2240 2655 2293 οὐ
2702 2240 2920 2310 φθάνων
2971 2241 3004 2313 ἢ
3039 2241 3435 2313 συνερχόμενος
3464 2241 3593 2294 κατὰ
3615 2240 3695 2309 τὴν

2157 2329 2371 2399 κίνησιν
2401 2332 2632 2395 ἐκείνοις
2668 2330 2764 2396 οὒς
2802 2331 2939 2403 πρὸς
2980 2332 3081 2404 τὴν
3125 2332 3276 2386 θείαν
3307 2333 3401 2387 τοῦ
3449 2332 3697 2404 μέλλοντος

2156 2421 2351 2485 αἰῶνος
2379 2421 2525 2492 ζωὴν
2558 2423 2766 2492 πέφυκε
2795 2424 3210 2496 παραπέμπειν.
3250 2426 3462 2495 Ἰησοῦν
3480 2425 3582 2497 γὰρ
3606 2424 3700 2494 ἔχει

2155 2514 2246 2565 τὸν
2275 2514 2476 2579 παντὸς
2501 2515 2630 2569 ὄντα
2651 2515 2746 2569 καὶ
2779 2516 2974 2587 χρόνου
2999 2520 3093 2571 καὶ
3119 2517 3321 2582 αἰῶνος
3339 2518 3588 2588 διάδοχον
3614 2516 3702 2570 κᾶν

2157 2609 2206 2660 εἰ
2231 2607 2406 2671 ἄλλως
2429 2609 2479 2660 οἱ
2505 2607 2653 2677 λόγοι
2682 2607 2778 2660 τοῦ
2811 2608 3004 2679 χρόνου
3040 2609 3098 2662 ὲν
3126 2609 3206 2679 τῷ
3236 2608 3361 2679 Θεῷ
3388 2609 3703 2678 διαμένωσιν,

2157 2700 2232 2761 ὡς
2261 2699 2412 2767 δηλοί
2448 2700 2725 2769 μυστικῶς
2760 2701 2792 2771 ἡ
2828 2700 2922 2753 τοῦ
2962 2701 3020 2753 ὲν
3058 2702 3249 2772 ἐρήμῳ
3299 2701 3541 2765 δοθέντος
3563 2700 3705 2769 νόμου

2157 2789 2246 2842 διὰ
2272 2789 2552 2852 Μωῦσέως
2574 2792 2687 2854 τοῖς
2720 2791 2819 2861 τὴν
2846 2793 2950 2863 γῆν
2971 2791 3195 2846 λαϐοῦσι
3224 2793 3328 2862 τῆς
3356 2792 3712 2861 κατασχέσεως

2160 2876 2482 2941 συνείσοδος.
2520 2875 2665 2931 Αίὼν
2695 2879 2804 2950 γάρ
2840 2880 2991 2933 ἐστιν
3029 2880 3059 2932 ό
3100 2880 3316 2950 χρόνος,
3345 2882 3478 2935 ὅταν
3508 2883 3599 2951 στῇ
3629 2879 3711 2949 τῆς

2159 2967 2450 3037 κινήσεως,
2486 2968 2580 3021 καὶ
2612 2969 2806 3038 χρόνος
2846 2968 2994 3021 ἐστὶν
3040 2969 3069 3020 ὁ
3100 2967 3257 3035 αίὼν,
3299 2970 3436 3023 ὅταν
3476 2968 3715 3040 μετρῆται

2154 3059 2365 3128 κινήσει
2400 3057 2719 3128 φερόμενος,
2755 3058 2831 3123 ὡς
2876 3054 3018 3112 εἶναι
3054 3058 3146 3113 τὸν
3177 3048 3279 3129 μὲν
3324 3060 3522 3124 αἰῶνα,
3552 3059 3632 3111 ῐνα
3654 3058 3718 3119 ὡς

2154 3150 2213 3203 ὲν
2242 3150 2353 3219 ὅρῳ
2402 3148 2713 3221 περιλαϐὼν
2764 3150 2925 3215 εῐπω,
2960 3150 3152 3221 χρόνον
3183 3150 3558 3224 ἐστερημένον
3583 3149 3722 3218 κινή·

2154 3257 2313 3306 σεως,
2342 3242 2433 3294 τὸν
2455 3240 2510 3294 δὲ
2536 3241 2730 3311 χρόνον
2759 3241 2931 3295 αίῶνα
2965 3242 3180 3313 κινήσει
3207 3241 3606 3313 μετρούμενον.
3626 3239 3722 3308 Τῆς

2152 3331 2209 3384 δὲ
2242 3331 2456 3401 φύσεως
2500 3331 2709 3396 Ἠλίας,
2758 3332 2818 3386 οὐ
2864 3333 3025 3403 μόνον
3064 3332 3154 3396 ὼς
3194 3333 3331 3396 τοὺς
3392 3332 3521 3387 καθ’
3558 3331 3729 3385 ἑαυτὸν

2152 3420 2465 3492 ἁλωὸήτους
2490 3422 2733 3491 φυλάξας
2757 3423 2973 3492 λόγους,
3018 3425 3114 3479 καὶ
3150 3424 3212 3478 τὺ
3259 3424 3352 3478 ἐπ’
3390 3424 3581 3487 αὐτοῖς
3606 3422 3729 3475 κατὰ

2153 3509 2381 3582 γνώμην
2410 3513 2663 3583 φρόνημει
2694 3514 2906 3585 τροπῆς
2948 3512 3050 3582 τῆς
3097 3513 3163 3568 ὲκ
3195 3513 3416 3578 πάθους
3444 3513 3731 3583 ἐλεύθερον,

2155 3599 2293 3654 ἀλλὰ
2321 3601 2418 3655 καὶ
2448 3602 2525 3666 ὡς
2558 3606 2616 3657 έν
2642 3603 2822 3675 κρίσει
2876 3603 3167 3670 παιδεύων,
3210 3598 3330 3658 οἷόν
3383 3620 3474 3668 τις
3527 3600 3733 3672 φυσικός

2154 3692 2338 3762 νόμος,
2368 3695 2497 3758 τοὺς
2522 3694 2673 3766 παρὰ
2697 3694 2857 3766 φύσιν
2885 3697 2952 3767 τῇ
2986 3694 3148 3766 φύσει
3171 3696 3538 3767 χρωμένους.
3563 3691 3735 3748 10105-

2154 3800 2246 3837 τον
2272 3784 2381 3857 γὰρ
2415 3785 2511 3839 καὶ
2533 3788 2567 3856 ἡ
2598 3785 2779 3856 φύσις,
2813 3788 2940 3851 τοὺς
2972 3786 3145 3858 αὐτὴν
3178 3786 3603 3859 παραφθείρειν
3631 3787 3734 3838 ἐπι-

2155 3875 2476 3946 χειροῦντας
2500 3875 2753 3932 τοσοῦτον
2775 3876 3100 3944 κολάζουσα,
3130 3876 3257 3930 ὅσον
3284 3876 3394 3931 τοῦ
3417 3875 3579 3948 παρὰ
3602 3873 3737 3945 φύσιν

2155 3966 2254 4037 ζῇν
2285 3966 2693 4039 ἐπιτηδεύουσι,
2740 3968 2819 4040 τῷ
2865 3968 2940 4040 μὴ
2980 3970 3111 4040 ὃλην
3157 3969 3341 4039 αὐτῆς
3385 3968 3642 4038 φυσικῶς
3674 3966 3740 4018 ἔτι

2155 4057 2454 4128 κεκτῆσθαι
2482 4057 2583 4128 τῆς
2616 4058 2833 4126 φύσεως
2860 4058 2960 4129 τὴν
2988 4056 3239 4127 δύναμιν,
3276 4056 3633 4129 μειωθέντας
3658 4052 3744 4125 ἢδη

2154 4150 2254 4219 τῆς
2286 4149 2406 4203 κατ’
2436 4148 2605 4221 αὐτὴν
2634 4149 2955 4220 ἀρτιότητος
2991 4149 3087 4203 καὶ
3112 4148 3202 4202 διὰ
3242 4147 3424 4202 τοῦτο
3465 4142 3746 4213 κολαζομέ-

2156 4257 2301 4307 νους,
2329 4240 2405 4304 ὡς
2456 4241 2665 4303 ἑαυτοῖς
2707 4239 2951 4304 ἀὸούλως
2984 4257 3047 4293 τε
3082 4240 3178 4294 καὶ
3223 4241 3505 4312 ἀφρόνως
3541 4237 3632 4292 διὰ
3664 4233 3746 4301 τῆς

482 4348 540 4392 et
561 4351 660 4411 per
691 4336 797 4390 hoc
823 4336 1142 4407 castigatos,
1176 4336 1383 4405 quippe
1408 4334 1508 4404 qui
1538 4333 1645 4389 sibi
1686 4333 1820 4403 ipsis
1863 4332 2049 4387 incon-

2162 4331 2297 4403 πρὸς
2320 4330 2381 4383 τὸ
2408 4330 2483 4401 μὴ
2515 4329 2575 4383 ὃν
2604 4330 2839 4395 νεύσεως
2869 4329 2964 4384 τοῦ
3014 4325 3154 4385 εἶναι
3189 4330 3629 4403 παρεχομένους
3666 4326 3748 4392 τὴν

484 4430 633 4486 sulto
662 4437 719 4485 et
734 4428 1136 4499 -imprudenter
1158 4428 1226 4483 ad
1243 4425 1304 4483 id
1332 4427 1479 4498 quod
1504 4441 1614 4481 non
1634 4433 1718 4481 est
1742 4423 2057 4479 inclinando

484 4521 822 4577 exsistentiae
846 4520 1123 4575 defectum
1154 4529 1434 4590 praestant.
1523 4534 1528 4539 '

551 4617 625 4672 Χ.
682 4612 1117 4668 lutellectualcm
1185 4625 1318 4666 vero
1372 4621 1596 4680 quoque
1651 4624 1718 4664 ac
1748 4608 2061 4663 sensualem

2154 4417 2409 4489 ἔλλειψιν.

2230 4600 2290 4653 l'.
2324 4597 2485 4660 Ἴσως
2512 4595 2569 4649 δὲ
2600 4596 2695 4648 καὶ
2716 4595 2815 4665 τὴν
2847 4592 3045 4664 νοητὴν
3081 4592 3176 4646 καὶ
3207 4592 3320 4663 τὴν
3344 4591 3631 4663 αἰσθητὴν
3656 4585 3752 4641 x1!-

382 5000 385 5003 ·
488 4986 603 5043 net,
655 4987 717 5032 ut
744 4976 1084 5049 generationi
1122 4991 1188 5031 ac
1236 4974 1485 5029 interitui
1519 4973 1822 5043 subjectus,
1867 4987 2063 5043 quem—

490 4703 860 4760 conditionem
899 4700 1115 4770 opiﬁcis
1148 4700 1433 4757 Sermonis
1463 4699 1509 4754 si
1546 4699 1671 4769 quis
1713 4714 1812 4768 per
1842 4698 2049 4770 Moyser

2163 4706 2247 4742 σιν
2292 4688 2512 4759 ἔχεσθαι
2560 4685 2654 4740 τοῦ
2714 4682 3060 4757 Δημιουργοῦ
3118 4684 3304 4752 Λόγου
3360 4701 3456 4747 τις
3482 4681 3657 4736 εἰπὼν
3684 4674 3758 4729 διὰ

489 4802 547 4848 et
574 4792 751 4847 Eliam
782 4790 1058 4846 contineri
1105 4789 1328 4854 dixerit,
1357 4789 1404 4843 is
1429 4787 1663 4843 fortasse
1702 4801 1732 4841 a
1780 4802 1915 4842 vero
1950 4801 2049 4840 non

2162 4780 2443 4844 Μωῦσέως
2472 4778 2567 4833 καὶ
2596 4778 2799 4841 Ἠλίου,
2847 4776 2946 4845 τῆς
2976 4775 3236 4847 ἀληθείας
3272 4776 3346 4829 οὐ
3378 4771 3756 4846 διαμαρτάνει.

489 4885 791 4941 aberrabit.
821 4884 900 4938 Ex
922 4882 1126 4953 quibus
1145 4868 1418 4937 sensualis
1445 4881 1659 4951 Moyses
1684 4880 1954 4935 rationem
1985 4886 2049 4934 te-

2161 4867 2263 4925 Ὧν
2294 4872 2393 4942 τῆς
2425 4871 2524 4942 μὲν
2553 4869 2820 4939 αἰσθητῆς
2851 4867 3034 4938 (162
3055 4867 3106 4940 ιι)
3136 4866 3401 4937 Μωῦσ-’ῆς
3465 4866 3632 4933 λόγον

2166 4967 2303 5037 έχει,
2340 4965 2415 5028 ὡς
2446 4964 2550 5018 ὑπὸ
2578 4964 2793 5029 γένεσιν
2835 4961 2928 5014 καὶ
2959 4960 3165 5031 φθορὰν
3190 4960 3547 5028 γενόμενος,
3598 4950 3761 5011 καθὼς

490 5045 786 5121 admodum
839 5065 1072 5121 historia
1124 5065 1246 5136 ejus
1273 5073 1480 5127 narrat,
1535 5061 1949 5133 generationem
2001 5077 2049 5115 ac

2166 5061 2199 5129 ἡ
2230 5059 2361 5128 περὶ
2389 5053 2555 5108 αὐτοῦ
2587 5052 2799 5123 ἱστορία
2831 5051 3003 5121 δηλοῖ,
3042 5051 3142 5120 τὴν
3170 5050 3415 5118 γένεσιν
3449 5049 3553 5104 καὶ
3580 5048 3672 5101 τόν
3689 5045 3768 5136 θα-

490 5169 724 5218 mortem
752 5160 873 5230 ejus
918 5173 1378 5215 commemorans.
1429 5155 1562 5210 Tale
1610 5154 1762 5209 enim
1791 5153 2049 5227 sensuali:

2167 5164 2326 5203 νατον
2373 5143 2541 5200 αὐτοῦ
2588 5140 3049 5210 καταγγέλλουσα.
3111 5137 3391 5192 Τοιοῦτον
3418 5139 3540 5209 γὰρ
3571 5136 3665 5190 καὶ
3694 5134 3763 5185 ai-

491 5266 710 5321 qucque
738 5229 1007 5314 conditio,
1063 5250 1221 5319 cujus
1267 5248 1488 5301 initium
1527 5244 1905 5314 generationis
1957 5258 2049 5297 no-

2169 5237 2343 5309 σθητὴ
2383 5236 2597 5300 κτίσις,
2649 5232 2825 5303 ἀρχὴν
2865 5231 3212 5302 ἐγνωσμένην
3254 5235 3562 5298 γενέσεως
3591 5229 3769 5299 ἔχουσα

563 5400 588 5438 ι’
612 5388 772 5444 Joan.
803 5404 911 5454 XIV,
948 5387 1001 5443 6.
1057 5388 1103 5427 ἰ
1140 5387 1299 5442 Deut.
1336 5403 1372 5452 ι,
1404 5386 1457 5439 5.
2089 5398 2092 5401 ·

1767 5471 2001 5528 VARUE
2066 5465 2471 5526 LECTIONES.

564 5595 608 5629 ⁹¹
642 5594 1033 5665 συνερχόμενος
1057 5568 1093 5649 ὀ
1124 5610 1195 5648 m.
1221 5611 1304 5664 pr.
1329 5594 1495 5648 habet
1531 5591 1654 5647 cod.
1690 5590 1831 5646 Gud.
