3984 6198
376 169 512 235 1135
1610 149 2130 212 AMBIGUORUM
2169 146 2421 209 LIBER.
2890 224 2895 229 _
3487 143 3622 208 nos

369 284 465 340 καὶ
508 277 809 349 διαφθορᾶς
854 268 1160 343 ὡρισμένον
1204 266 1354 327 τέλος
1384 262 1698 326 ἐλπίζουσα.
1752 262 1863 331 Τῆς
1889 262 1977 321 δὲη

2076 268 2164 315 u'm
2187 267 2292 325 est,
2325 268 2381 315 et
2410 275 2534 329 qua:
2562 256 2820 313 interitus
2863 257 3141 313 deﬁnitam
3193 260 3617 313 consummatio-

367 374 565 445 νοητῆς
595 370 802 431 Ἠλίας,
832 366 909 428 ὡς
932 362 1058 416 οὔτε
1082 360 1297 427 γένεσιν
1319 355 1485 409 αὐτοῦ
1511 357 1608 425 τῆς
1633 354 1760 424 περὶ
1779 352 1943 407 αὑτοῦ

2076 371 2171 410 lem
2214 363 2417 425 sperat.
2450 352 2847 408 lntellectualis
2884 360 3081 405 contra
3108 349 3275 411 Elias,
3332 349 3490 419 cujus
3527 364 3628 402 nec

371 439 683 534 μηνυούσης
725 454 965 526 ἱστορίας
988 492 1004 516 ,
1059 448 1161 503 κᾶν
1190 448 1239 500 εί
1262 445 1629 534 γεγέννηται,
1676 442 1806 534 οὔτε
1840 443 1948 534 μην

2076 445 2389 501 ιοιίνὶιιιιειη
2418 443 2874 516 ριὀιίἰιξιιίειοτίε,
2896 442 3110 498 etiamsi
3133 449 3426 511 generatus
3445 439 3629 493 fuerit.

367 531 464 620 ea.
498 543 589 601 δῖὰ
623 545 857 599 θανάτου
889 538 1098 610 φθορὰν
1122 533 1440 600 ὲλπίζεσθαι
1465 531 1808 603 ὁριζομένης,
1844 533 1949 585 κᾶν

368 643 416 694 εί
467 636 810 710 τεθνήξεται.
868 633 1123 684 Τοιοῦτον
1166 627 1276 697 γὰρ
1320 625 1416 678 καὶ
1461 626 1496 694 ἡ
1541 622 1707 694 νοητὴ
1748 623 1947 685 κτίσις,

370 729 493 784 οὕτε
542 726 718 798 ἀρχὴν
758 721 1026 792 γενέσεως
1059 716 1370 789 ἀνθρώποις
1397 712 1699 784 κατάδηλον
1728 711 1950 781 ἔχουσα,

371 820 471 875 κᾶν
527 820 577 871 εί
625 815 918 885 γεγένηται
964 811 1060 864 καὶ¹
1088 804 1293 880 ἦρκται
1341 804 1437 859 καὶ
1476 806 1540 858 ὲκ
1567 804 1663 858 τοῦ
1702 803 1776 875 μὴ
1802 802 1956 866 ὄντος

372 913 451 971 είς
499 909 562 962 τὸ
606 902 748 960 εἶναι
800 893 1079 974 παρῆκται
1105 939 1121 964 ,
1183 896 1309 951 οῦτε
1359 895 1512 958 τέλος
1555 893 1652 947 τοῦ
1688 889 1829 947 εἶναι
1865 892 1953 947 διὰ

374 1001 579 1071 φθορᾶς
637 995 947 1068 ὡρισμένον
993 992 1294 1061 ἐκδέχεται.
1356 987 1452 1042 Τὸ,
1481 986 1592 1057 γὰρ
1648 985 1953 1056 ἀνώλεθρον

375 1088 621 1159 φυσικῶς
656 1088 771 1157 ἔχει
803 1083 1045 1138 λαϐοῦσα
1077 1079 1233 1150 παρά
1258 1077 1417 1141 Θεοῦ,
1451 1076 1545 1131 τοῦ
1578 1075 1751 1138 οὕτως
1785 1075 1954 1146 αὐτὴν

302 1199 306 1202 ‘
374 1178 777 1250 δημιουργῆσαι
809 1173 1158 1244 θελήσαντος.

384 1445 580 1509 ’Ἄλλη
614 1436 947 1505 συνεκτική
979 1435 1191 1504 θεωρία
1219 1435 1305 1500 εὶς
1339 1432 1453 1500 τὴν
1474 1430 1953 1502 μεταμόρςρωσιν.

2046 551 2151 591 nec
2175 537 2365 606 utique
2398 538 2601 590 mortis
2625 549 2753 589 eum
2783 532 2887 589 sibi
2930 547 3155 603 sperare
3190 531 3477 585 interitum
3535 529 3630 584 de-

2050 627 2193 690 ﬁnit,
2229 626 2449 681 etiamsi
2482 632 2719 680 mortem
2771 624 3029 678 subierit.
3087 621 3220 676 Tale
3258 620 3408 675 enim
3463 620 3630 674 intel-

2049 716 2306 771 lectualis
2352 731 2572 786 quoque
2603 715 2868 781 conditio,
2903 729 3026 784 quae
3049 727 3159 767 non
3179 710 3401 767 initium
3430 711 3633 766 nativi-

2000 857 2008 861 _
2050 805 2179 861 tatis
2210 806 2532 861 hominibus
2565 805 3158 869 manifestum'habet,
3225 804 3443 877 etiamsi
3494 803 3635 858 facta

2052 894 2220 950 fuerit
2249 903 2306 950 et
2344 895 2566 950 initium
2598 896 2835 965 ceperit,
2867 902 2923 950 et
2951 894 3019 950 de
3047 895 3224 949 nihilo
3270 893 3326 949 in
3357 894 3629 949 exsistcn-

2053 984 2186 1039 tiam
2239 985 2582 1054 pervenerit,
2610 1000 2714 1039 nec
2753 986 2919 1039 ﬁnem
2950 986 3291 1040 exsistentize
3338 1001 3437 1056 per
3466 986 3640 1039 inter-

2057 1076 2193 1130 imnt
2229 1075 2517 1130 deﬁnitum
2543 1082 2848 1145 exspectat.
2884 1076 2929 1129 Α
2960 1076 3071 1129 Deo
3101 1075 3271 1140 enim,
3300 1074 3394 1145 qui
3427 1091 3546 1130 eam
3567 1075 3640 1130 ita

2059 1180 2277 1222 creasse
2296 1166 2536 1233 volebat,
2584 1167 2691 1221 hoc
2729 1167 2960 1237 accepit,
2998 1174 3060 1220 ut
3107 1170 3438 1223 naturaliter
3471 1170 3641 1224 exitio

2059 1268 2297 1312 careret.

1986 1368 2056 1385 -ύ

2064 1434 2470 1506 Compendiaria
2492 1434 2674 1491 aliain
2704 1435 3231 1506 transformationem
3251 1433 3643 1506 contemplatio.

452 1555 516 1608 El
542 1553 600 1606 δέ
632 1569 709 1622 τῳ
739 1550 813 1620 μὴ
838 1547 1257 1619 περιεργότερος
1280 1544 1374 1597 τοῦ
1400 1544 1611 1607 δέοντος
1635 1539 1774 1596 εἶναι
1797 1543 1960 1607 δοκῶ,

2135 1549 2193 1604 Si
2242 1549 2329 1604 cui
2359 1559 2545 1605 autem
2588 1551 2905 1606 necessario
2930 1544 3040 1604 ndn
3079 1550 3366 1619 operosior
3392 1550 3644 1616 videbor,

388 1646 483 1699 καὶ
510 1645 701 1714 ἕτερον
731 1642 875 1711 μέγα
900 1656 959 1691 τε
991 1637 1086 1691 καὶ
1113 1636 1276 1697 θεῖον,
1302 1634 1377 1697 ὡς
1399 1630 1575 1704 οἶμαι,
1604 1634 1668 1685 ὲκ
1690 1632 1788 1701 τῆς
1812 1633 1963 1697 Θείας

388 1731 869 1806 μεταμορφώσεως
914 1729 1213 1799 μυστήριον
1256 1728 1388 1796 ἡμῖν
1416 1725 1813 1793 ἀναφαίνεται,
1872 1725 1964 1777 καὶ

383 1828 492 1880 τῶν
515 1823 819 1895 εἰρημένων
841 1818 1245 1890 λαμπρότερον.
1274 1812 1441 1886 Οἶμαι
1459 1816 1568 1885 γὰρ
1591 1816 1717 1878 τοὺς
1732 1815 1963 1868 καθόλου

385 1918 479 1970 δύο
540 1916 640 1984 τῆς
685 1911 967 1984 θεολογίας
1015 1912 1250 1981 τρόπους
1311 1906 1591 1977 μυστικῶς
1638 1905 1965 1975 ὑφηγεῖσθαι

387 2008 455 2061 τὰ
489 2008 580 2060 ἐπὶ
601 1983 705 2059 τοῦ
731 1983 889 2075 ὅρους
923 2001 1065 2055 κατὰ
1093 2000 1193 2072 τὴν
1224 1999 1652 2069 μεταμόρφωσιν
1685 1996 1966 2066 θεοπρεπῆ

388 2096 956 2168 δραματουργήματα,
1013 2091 1107 2145 τόν
1153 2107 1211 2144 τε
1256 2087 1666 2161 προηγούμενόν
1696 2103 1838 2156 φημι
1873 2087 1968 2140 καὶ

392 2189 595 2244 ἁπλοῦν
637 2188 731 2240 καί⁵
760 2184 1004 2238 ἀναίτιον
1026 2222 1041 2246 ,
1098 2181 1195 2236 καὶ
1232 2181 1320 2234 διά
1350 2181 1516 2250 μόνης
1545 2178 1640 2231 καὶ
1670 2176 1968 2240 παντελοῦς

392 2280 721 2348 ἀποφάσεως
767 2275 829 2328 τὸ
871 2275 1011 2328 θεῖον
1045 2272 1120 2336 ὡς
1150 2269 1369 2341 ἀληθῶς
1395 2269 1837 2338 καταφάσκοντα,
1873 2267 1970 2320 καὶ

392 2368 492 2436 τὴν
518 2365 792 2436 ὑπεροχὴν
817 2361 982 2415 αὐτοῦ
1012 2361 1079 2415 δι’
1096 2360 1336 2429 ἀφασίας
1363 2358 1588 2422 δεόντως
1614 2356 1967 2428 σεμνύνοντα,

396 2460 492 2511 καὶ
536 2457 628 2510 τὸν
671 2455 937 2524 ἑπόμενον
965 2451 1140 2522 τούτῳ
1170 2452 1266 2504 καὶ
1295 2448 1568 2513 σύνθετον,
1602 2448 1690 2500 διὰ
1720 2446 1968 2514 καταφά-

399 2565 537 2610 σεως
598 2543 1031 2615 μεγαλοπρεπῶς
1088 2544 1154 2595 ὲκ
1202 2540 1311 2593 τῶν
1373 2539 1568 2611 (163
1602 2538 1666 2603 ιι)
1712 2536 1970 2590 αίτιατῶν

400 2638 818 2708 ὑπογράφονταο
858 2630 961 2697 οἷς,
991 2632 1132 2686 κατά
1158 2631 1219 2684 τὸ
1240 2630 1465 2684 δυνατὸν
1494 2626 1811 2698 ἀνθρώπους
1838 2626 1972 2680 είδέ⁴

401 2745 528 2789 ναι,
583 2729 617 2798 ἡ
670 2728 799 2797 περὶ
829 2724 964 2779 Θεοῦ
993 2740 1053 2775 τε
1105 2722 1199 2775 καὶ
1227 2720 1336 2774 τῶν
1364 2718 1522 2773 θείων
1550 2716 1970 2787 ὲπαιωρουμένη

403 2819 606 2887 γνῶσις
646 2818 735 2871 διὰ
762 2817 871 2869 τῶν
902 2812 1197 2886 προσφυῶν
1224 2814 1357 2881 ἡμῖν
1390 2810 1673 2881 συμϐόλων
1702 2809 1838 2880 πρὸς
1864 2810 1974 2880 ἀμ-

404 2909 665 2981 φοτέρους
695 2908 840 2978 ἡμᾶς
865 2906 991 2973 ἄγει
1017 2905 1144 2967 τοὺς
1172 2903 1408 2972 τρόπους
1427 2941 1442 2964 ,
1494 2901 1560 2955 δι’
1582 2900 1837 2965 εὐσεϐοῦς
1868 2902 1976 2954 τῶν

404 3002 574 3054 ὅντων
621 2999 998 3067 κατανοήσεως
1028 2993 1353 3064 ἀμφοτέρων
1388 2993 1518 3064 ἡμῖν
1546 2991 1823 3061 έφιστῶσα
1850 2992 1978 3055 τοὺς

406 3092 631 3162 λόγους,
667 3090 764 3144 καὶ
793 3088 888 3142 τοῦ
919 3088 1017 3158 μὲν
1046 3085 1313 3158 προτέρου
1346 3086 1455 3137 πᾶν
1480 3083 1539 3136 τὸ
1569 3084 1709 3155 ὑπὲρ
1731 3083 1980 3154 αἴσθησιν

410 3182 679 3254 σύμβολον
733 3176 872 3233 εἶναι
923 3177 1289 3240 διδάσκουσα,
1354 3174 1452 3228 τοῦ
1495 3174 1552 3227 δὲ
1599 3173 1852 3245 δευτέρου
1911 3174 1982 3227 τὰ

408 3273 530 3327 κατ’
570 3270 823 3340 αἴσθησιν
877 3268 1198 3338 ἀθροιστικὰ
1244 3264 1382 3320 εἶναι
1435 3264 1764 3318 παιδεύουσα
1808 3281 1980 3335 μεγα-

406 3363 782 3435 λουργήματα.
826 3361 922 3413 Ἐκ
957 3360 1067 3428 γὰρ
1105 3357 1216 3410 τῶν
1249 3358 1390 3428 ὑπὲρ
1419 3352 1672 3426 αἴσθησιν
1702 3356 1982 3426 συμϐόλων

407 3456 509 3525 τὴν
580 3452 723 3522 ὑπὲρ
770 3451 927 3519 λόγον
993 3450 1086 3503 καὶ
1132 3443 1256 3501 νοῦν
1326 3446 1585 3516 ἀλήθειαν
1632 3441 1771 3499 εἶναι
1825 3445 1983 3515 μόνον

412 3544 740 3611 πιστεύομεν
765 3583 781 3608 ,
833 3541 961 3612 περὶ
1007 3539 1102 3593 τοῦ
1133 3538 1185 3592 τί
1236 3538 1328 3591 καὶ
1358 3536 1476 3599 πῶς
1510 3536 1603 3589 καὶ
1629 3535 1822 3589 ὁποίαν
1844 3530 1985 3588 εἶναι

410 3638 504 3691 καὶ
551 3636 653 3689 ποῦ
723 3634 818 3688 καὶ
867 3633 998 3686 πότε
1062 3631 1184 3701 μηδ’
1217 3629 1354 3691 ὅλως
1412 3626 1716 3696 τολμῶντες
1764 3630 1986 3680 σκοπεῖν

411 3729 446 3799 ἢ
489 3730 692 3782 ἐννοεῖν
740 3723 1094 3795 ἀνεχόμενοι,
1151 3721 1252 3790 τῆς
1301 3721 1668 3789 ἐγχειρήσεως
1706 3718 1767 3770 τὸ
1794 3717 1988 3779 ἀσεϐὲς

413 3818 846 3891 παραιτούμενοι
873 3832 888 3846 ·
946 3816 1013 3868 ὲκ
1058 3814 1113 3866 δὲ
1165 3812 1273 3864 τῶν
1301 3810 1422 3863 κατ’
1444 3809 1715 3881 αἴσθησιν,
1751 3809 1825 3872 ὡς
1858 3811 1989 3879 ἡμῖν

415 3912 530 3964 ἔστι
573 3908 799 3963 δυνατὸν
825 3948 840 3971 ,
897 3905 1014 3959 κατ’
1042 3904 1252 3955 ἔννοιαν
1285 3901 1446 3972 μόνον
1493 3899 1689 3970 ἰσχνῶς
1730 3900 1830 3969 τῆς
1862 3898 1991 3971 περὶ

417 4001 550 4055 Θεοῦ
574 3998 825 4068 γνώσεως
848 3997 946 4058 τὰς
970 3993 1217 4056 εἰκασίας
1237 3991 1603 4062 λαμϐάνοντες
1633 3990 1808 4045 πάντα
1829 3990 1990 4043 αὐτὸν

420 4087 558 4145 εἷναί
591 4106 770 4158 φαμεν
813 4089 912 4142 ὅσα
954 4089 1018 4139 ὲκ
1041 4084 1150 4139 τῶν
1176 4083 1342 4139 αὐτοῦ
1369 4081 1687 4152 ποιημάτων
1719 4080 1797 4145 ὡς
1820 4080 1992 4136 αἴτιον

421 4182 813 4252 ἐγνωρίσαμεν.

431 4428 557 4480 Ὀτι
585 4426 679 4480 καὶ
709 4388 926 4477 ἑαυτοῦ
949 4422 1137 4485 τύπος
1158 4420 1193 4473 ὁ
1222 4417 1437 4486 Κύριος
1464 4414 1670 4487 γέγονε
1701 4415 1848 4469 κατὰ
1883 4415 1995 4484 τὴν

704 4513 919 4567 ἑαυτοῦ
949 4512 1048 4565 διὰ
1080 4507 1305 4579 σαρκὸς
1346 4506 1711 4576 οίκονομίαν.

498 4631 869 4698 Σκοπήσωμεν
902 4627 958 4680 δὲ
1018 4625 1068 4679 εἰ
1109 4624 1184 4696 μὴ
1226 4622 1408 4684 καλῶς
1453 4619 1670 4691 ἑκάστῳ
1702 4620 1809 4673 τῶν
1842 4620 1992 4693 είρη-

429 4696 608 4792 μένων
639 4696 860 4784 τρόπων
902 4716 1044 4771 νατὰ
1078 4716 1191 4784 τὴν
1225 4712 1376 4766 θείαν
1418 4710 1635 4778 ἐκείνην
1666 4708 1759 4762 τοῦ
1790 4710 1995 4780 Κυρίου

434 4809 856 4880 μεταμὸρφωσιν
905 4807 1001 4860 καὶ
1044 4806 1226 4874 σοφῶς
1276 4803 1575 4873 ἐνυπάρχει
1616 4800 1676 4854 τὸ
1710 4801 1996 4871 σύμϐολον.

431 4901 575 4955 Εῖδει
604 4899 714 4971 γὰρ
743 4898 906 4951 αὐτὸν
935 4896 1055 4949 καθ’
1095 4896 1241 4965 ἡμᾶς
1286 4892 1574 4963 ἀτρέπτως
1622 4892 1910 4962 κτισθῆναι
1932 4892 1999 4944 δι’

431 4991 670 5060 ἄμετρον
699 4986 1111 5057 φιλανθρωπίαν
1142 4984 1577 5052 καταδεξάμενον
1623 4981 1817 5036 ἑαυτοῦ
1847 4982 2000 5049 γενέ-

436 5078 559 5132 σθαι
581 5078 751 5129 τύπον
774 5076 869 5127 καὶ
894 5073 1187 5142 σύμϐολον,
1236 5073 1329 5123 καὶ
1367 5069 1692 5140 παραδεῖξαι
1716 5069 1774 5136 ἐξ
1807 5070 2001 5124 ἑαυτοῦ

434 5165 781 5236 συμϐολικῶς
815 5162 1027 5223 ἑαυτὸν,
1067 5161 1161 5213 καὶ
1186 5159 1252 5212 δι’
1280 5157 1474 5211 ἑαυτοῦ
1505 5158 1836 5229 φαινομένου
1871 5158 2004 5227 πρὸς

435 5257 629 5311 ἑαυτὸν
672 5253 895 5323 ἀφανῶς
941 5253 1118 5321 πάντη
1162 5250 1540 5320 κρυπτόμενον
1592 5249 2002 5319 χειραγωγῆσαι

433 5347 535 5420 τὴν
588 5347 808 5401 ἃπασαν
861 5344 1039 5397 κτίσιν
1079 5342 1174 5394 καὶ
1227 5341 1325 5409 τῆς
1366 5338 1607 5409 ἀφανοῦς
1648 5338 1739 5391 καὶ
1790 5339 2004 5390 πάντων

435 5439 693 5493 ἐπέκεινα
727 5434 1137 5504 κρυφιομύστου
1192 5432 1286 5484 καὶ
1331 5431 1422 5482 ὑπ’
1462 5430 1674 5492 οὐδενὸς
1702 5428 1810 5480 τῶν
1837 5428 2005 5481 ὄντων

434 5528 609 5583 οὐδενὶ
641 5525 701 5579 τὸ
733 5523 951 5578 σύνολον
979 5520 1168 5593 τρόπῳ
1196 5518 1454 5588 νοηθῆναι
1493 5516 1525 5584 ἢ
1560 5515 1814 5584 λεχθῆναι
1847 5513 2002 5566 δυνα-

2062 1642 2230 1696 etiam
2273 1642 2423 1697 aliud
2478 1658 2751 1714 magnum
2782 1649 2838 1697 et
2878 1641 3152 1705 divinum,
3177 1652 3240 1696 ut
3286 1650 3443 1712 puto,
3475 1659 3542 1697 ex
3561 1643 3647 1698 di-

2062 1733 2190 1786 vina
2228 1732 2708 1788 transformatione
2762 1729 3084 1804 mysterium
3139 1731 3305 1786 nobis
3346 1734 3643 1795 revelatur,

2063 1823 2242 1893 iisque
2303 1839 2426 1893 qua:
2482 1825 2593 1895 jam
2648 1824 2762 1878 dixi
2801 1824 3156 1878 luculentius.
3232 1822 3489 1877 Arbitror
3547 1839 3648 1893 per

2065 1911 2566 1966 transformationis
2608 1913 2922 1982 spectacula
2956 1911 3049 1966 illa
3100 1911 3214 1967 Deo
3250 1911 3646 1968 convenienter

2065 2017 2129 2057 ac
2162 2003 2323 2074 digne
2363 2003 2419 2057 in
2474 2012 2661 2058 monte
2720 2003 2870 2058 edita
2914 2001 3116 2057 divinae
3167 2001 3376 2057 Christi
3436 2012 3647 2059 natura:

2067 2093 2208 2147 duos
2261 2093 2493 2164 mystice
2543 2092 2791 2147 enarrari
2834 2092 3120 2162 generales
3148 2092 3364 2155 modos,
3406 2093 3646 2162 primum

2040 2250 2046 2257 .
2068 2183 2212 2247 dico,
2227 2193 2282 2238 et
2294 2184 2596 2254 simplicem
2616 2193 2843 2265 etcausa
2862 2178 3160 2249 carentem,
3175 2184 3398 2254 solaque
3415 2199 3477 2240 ac
3491 2185 3647 2254 plena

2067 2274 2359 2344 negatione
2406 2275 2655 2329 divinum
2718 2291 2914 2357 revera
2966 2275 3355 2339 allirmautem,
3389 2292 3453 2330 ac
3489 2275 3647 2331 fasti-

2069 2365 2217 2434 gium
2243 2366 2362 2436 ejus
2390 2382 2489 2436 per
2511 2375 2811 2436 stuporem,
2840 2366 2927 2420 cui
2950 2367 3127 2421 oratio
3154 2369 3263 2421 non
3296 2368 3540 2436 suppetit
3588 2377 3646 2421 ut

2070 2471 2170 2525 par
2188 2463 2291 2521 est,
2319 2456 2708 2520 celebrantem,
2734 2465 2791 2511 et
2809 2458 3063 2522 alterum,
3081 2459 3175 2527 qui
3199 2459 3347 2513 hunc
3374 2459 3646 2528 sequitur,

2072 2547 2440 2616 compositum
2484 2556 2649 2617 atque
2683 2563 2783 2617 per
2815 2547 3232 2604 allirmationem
3265 2550 3554 2620 magniﬁce
3580 2564 3649 2606 ex

2074 2638 2313 2693 causatis
2328 2638 2653 2708 probantem
2680 2657 2692 2692 :
2722 2640 2946 2708 quibus,
2971 2639 3650 2709 quatenushominibusid

2073 2742 2238 2782 nosse
2263 2727 2456 2782 licebit
2480 2743 2747 2798 suspensa
2787 2728 2855 2783 de
2881 2729 2998 2783 Deo
3025 2729 3205 2798 deque
3253 2729 3458 2784 divinis
3484 2730 3651 2784 rebus

2002 2851 2044 2908 ϐ
2077 2818 2317 2889 cognitio
2340 2834 2439 2888 per
2469 2818 2725 2888 Symbola
2782 2818 2943 2873 nobis
2996 2818 3190 2873 idonea
3231 2819 3301 2873 ad
3351 2829 3651 2890 utrumque

2077 2909 2302 2964 modum
2330 2924 2432 2963 nos
2457 2908 2706 2973 deducit,
2759 2908 2891 2963 dum
2944 2923 3043 2978 per
3089 2908 3400 2979 religiosam
3462 2925 3648 2964 rerum

2078 2999 2572 3056 considerationem
2621 3001 2907 3055 amborum
2965 3001 3208 3056 rationes
3270 3001 3432 3056 nobis
3486 3001 3650 3067 sistit,

2079 3090 2284 3161 prioris
2310 3092 2533 3162 quidem
2563 3092 2873 3164 symbolum
2901 3091 3271 3162 quodcunque
3301 3107 3526 3148 sensqu
3558 3108 3654 3149 ex-

2080 3181 2240 3236 cedat
2270 3197 2392 3237 esse
2422 3182 2649 3247 docens,
2705 3183 2933 3239 alterius
2960 3184 3245 3239 collectiva
3280 3198 3401 3239 esse
3430 3199 3552 3254 quae
3583 3183 3651 3237 ad

2081 3287 2302 3327 sensum
2334 3274 2647 3343 pertineant
2696 3289 2867 3344 opera
2899 3274 3208 3345 magniﬁca.
3255 3274 3333 3328 Ex
3391 3269 3655 3346 symbolis

2068 3432 2084 3442 κ
2104 3365 2252 3419 enim
2278 3380 2399 3434 qum
2428 3380 2651 3420 sensum
2677 3365 2949 3421 excedunt
2974 3366 3262 3421 veritatem
3292 3366 3560 3421 rationem
3598 3374 3656 3419 et

2084 3454 2420 3510 intellectum
2444 3466 2790 3524 superantem
2827 3457 3004 3511 solum
3025 3457 3189 3511 modo
3214 3457 3427 3512 censeri
3469 3457 3658 3512 existi-

2083 3560 2319 3609 mamus,
2337 3554 2393 3600 et
2408 3546 2539 3615 quid
2554 3556 2611 3600 et
2635 3547 2912 3616 quomodo
2930 3555 2985 3601 et
3004 3547 3183 3616 qualis
3197 3562 3260 3601 ea
3287 3542 3378 3611 sit,
3402 3556 3460 3601 et
3482 3547 3573 3601 ubi
3602 3556 3660 3600 et

2085 3637 2307 3706 quando
2340 3652 2686 3707 nequaquam
2732 3638 3013 3707 inquirere
3040 3646 3302 3693 conantes
3329 3646 3423 3692 aut
3476 3647 3657 3691 mente

2085 3727 2370 3796 percipere
2410 3728 2765 3791 sustinentes,
2809 3726 3251 3796 quandoquidem
3308 3726 3536 3796 periculi
3581 3726 3658 3781 [ας

2087 3815 2269 3870 ciendi
2316 3815 2652 3885 impietatem
2671 3814 2978 3869 devitamus
3007 3832 3021 3868 :
3055 3828 3125 3868 ex
3189 3815 3540 3869 sensualibus
3566 3829 3666 3868 au-

2090 3913 2221 3970 tem,
2283 3913 2548 3976 quantum
2599 3906 2654 3961 id
2686 3903 2847 3962 nobis
2870 3906 3022 3970 licet,
3054 3905 3292 3975 cogitatu
3320 3904 3663 3960 solummodo

2090 3996 2364 4051 subtiliter
2384 3997 2667 4067 capientes
2716 4012 2806 4051 res
2844 3996 3060 4051 divinas
3091 3993 3452 4065 cognoscendi
3481 3995 3667 4063 conje-

2091 4094 2278 4143 cturas
2310 4089 2483 4142 Deum
2517 4102 2638 4143 esse
2669 4086 3333 4156 statuimus-quumque
3356 4097 3423 4139 ex
3451 4092 3667 4139 creatu-

2027 4182 2070 4237 D
2102 4180 2179 4238 ris
2217 4181 2390 4251 ipsius
2438 4179 2877 4250 cognoverimus.

2102 4418 2253 4485 Quod
2293 4419 2452 4473 etiam
2489 4420 2650 4490 ipsius
2682 4419 2859 4488 imago
2889 4417 3145 4472 Dominus
3180 4418 3339 4487 fuerit
3384 4417 3669 4470 secundant

2354 4527 2533 4588 suam
2566 4527 2659 4581 per
2687 4526 2902 4563 carnem
2932 4507 3390 4580 dispensationem.

2171 4622 2600 4679 Consideremus
2634 4634 2819 4678 autem
2862 4636 3047 4676 annon
3080 4637 3240 4676 suum
3276 4620 3510 4690 quisque
3533 4633 3674 4689 quos

2105 4716 2216 4770 dixi
2277 4714 2568 4770 modorum
2605 4713 2909 4791 secundum
2962 4712 3206 4768 divinam
3260 4712 3407 4766 illam
3457 4711 3673 4765 Domini

2106 4809 2641 4865 transformationem
2673 4809 2815 4863 bene
2841 4818 3003 4876 atque
3025 4807 3304 4876 sapienter
3330 4819 3489 4859 suum
3518 4812 3675 4858 tuea-

2109 4909 2196 4954 tur
2238 4899 2569 4970 symbolum.
2616 4898 2811 4968 Specie
2836 4898 2982 4951 enim
3022 4912 3149 4951 eum
3191 4896 3444 4949 humanm
3484 4894 3672 4955 simili,

2108 4990 2204 5045 sed
2246 5005 2357 5043 non
2387 4997 2599 5043 mutata
2624 4989 2799 5057 ipsius
2827 4996 3047 5050 natura,
3079 4985 3363 5041 conditum
3396 4998 3516 5040 esse
3546 4999 3678 5053 pro-

2108 5089 2230 5150 pter
2248 5079 2517 5133 inﬁnitam
2546 5093 2701 5133 suam
2728 5078 2782 5131 in
2807 5092 2982 5147 genus
3007 5076 3306 5129 humanum
3329 5072 3677 5128 clementiam

2110 5173 2197 5228 sui
2240 5172 2414 5242 ipsius
2459 5170 2766 5242 symbolum
2825 5180 2990 5239 atque
3046 5168 3340 5238 imaginem
3389 5166 3508 5221 fieri
3567 5179 3677 5218 non

2111 5272 2477 5327 recusantem,
2503 5258 2685 5332 'atque
2715 5277 2783 5315 ex
2833 5276 2891 5314 se
2923 5260 3044 5329 ipso
3080 5273 3139 5313 se
3169 5259 3347 5327 ipsum
3381 5256 3680 5328 symbolice

2060 5384 2065 5387 -
2111 5353 2514 5413 demonstrare,
2569 5364 2779 5419 perque
2830 5364 2983 5423 suam
3037 5347 3414 5418 apparentiam
3443 5346 3509 5400 ad
3539 5360 3680 5406 sese,

2112 5443 2207 5512 qui
2250 5442 2303 5495 in
2362 5440 2703 5495 obscuritate
2755 5438 2963 5507 ubique
3010 5439 3167 5501 latet,
3220 5451 3439 5490 omnem
3488 5433 3681 5498 condi-

2117 5535 2319 5589 tionem
2366 5532 2663 5597 deducere,
2708 5531 3069 5601 obscura-sque
3117 5535 3174 5583 et
3221 5526 3466 5581 omnium
3524 5525 3685 5592 longe
