3984 6198
380 100 511 164 llﬁ'l
574 172 575 175 η

1556 99 1618 157 S.
1660 98 1945 158 MAXlMl
1989 96 2501 159 CONFESSORIS

3500 102 3629 169 1168

376 205 702 261 diﬁicillimo
767 202 1031 276 mysterio
1086 202 1363 258 obvoluta:
1408 212 1465 257 et
1516 217 1638 273 quae
1696 202 1765 256 ab
1818 202 1947 267 ullo,

2063 205 2229 274 μένης
2264 205 2445 275 (163
2472 207 2529 275 ὁ)
2560 208 2814 278 ἀπειρίας
2861 206 2958 270 τὰς
3004 211 3261 276 ἐκφανεῖς
3299 209 3389 263 διὰ
3435 215 3630 284 σαρκὸς

374 305 647 367 quotquot
678 296 781 350 hac
806 296 919 351 vita
943 294 1203 360 fruimur,
1254 293 1682 363 haudquaquam
1725 291 1947 362 intelligi

2063 295 2350 365 θεουργίας
2386 295 2695 368 ἀνθρώποις
2731 298 2996 367 παρέχειν
3030 300 3427 371 φιλανθρώπως
3459 304 3627 376 μηνύ-

373 399 431 444 et
476 389 621 444 edici
668 388 864 457 possit,
918 385 1206 441 inﬁnitatis
1241 386 1523 441 luculenta
1551 401 1653 456 per
1701 385 1956 439 incarna-
2060 402 2247 454 ματα.ι
3689 383 3693 387 ’

374 481 580 537 tionem
630 479 952 535 hominibus
988 486 1252 549 praestare
1296 477 1523 533 indicia.

580 663 970 736 Contemplatio
1012 663 1263 735 fulgentis
1314 664 1525 723 Domini
1561 664 1737 734 faciei.

439 866 712 938 Splendor
753 867 924 937 igitur
952 865 1111 920 faciei
1169 864 1389 919 Domini
1449 863 1464 902 ι
1501 864 1728 919 vincens
1758 863 1953 918 huma-

368 973 497 1013 nam
546 956 944 1012 beatitudinem
985 955 1251 1025 apostolis
1283 953 1550 1023 negativre
1577 961 1665 1009 est
1710 952 1952 1023 mysticae

369 1048 571 1104 Christi
621 1049 714 1102 Dei
764 1055 997 1109 naturas,
1039 1061 1149 1115 qua
1207 1045 1365 1100 beata
1404 1053 1568 1115 atque
1615 1053 1803 1097 sancta
1863 1042 1952 1096 di-

371 1137 575 1191 vinitas
623 1135 932 1191 secundum
978 1133 1277 1188 essentiam
1316 1132 1606 1201 plusquam
1665 1130 1951 1184 inenarra-

372 1225 501 1281 bilis
559 1235 616 1279 et
658 1226 953 1294 plusquam
1015 1222 1294 1292 incognita
1343 1232 1400 1276 et
1463 1221 1611 1275 omni
1680 1221 1951 1276 inﬁnitate

2125 657 2344 727 Θεωρία
2397 656 2505 712 τοῦ
2560 657 2992 727 ἀστράψαν-τος
3055 659 3381 728 προσώπου
3457 665 3565 719 τοῦ

2720 751 2971 819 Κυρίου-

2123 860 2196 915 Τὸ
2221 861 2404 926 τοίνυν
2435 861 2553 931 φῶς
2582 865 2676 916 τοῦ
2706 863 3000 933 προσώπου
3028 869 3123 921 τοῦ
3149 870 3353 940 Κυρίου
3389 871 3449 925 τὺ
3476 871 3630 940 νικῆ-

2055 971 2157 1008 σαν
2179 954 2281 1024 τῆς
2307 952 2657 1025 ἀνθρωπίνης
2695 955 2975 1026 μακαρίας
3014 957 3336 1023 ἀποστόλοις
3380 963 3481 1031 τῆς
3510 963 3628 1015 κατ’

2050 1046 2326 1116 ἀπόφασιν
2358 1044 2629 1116 μυστικῆς
2652 1045 2955 1113 θεολογίας.
2992 1048 3117 1101 καθ’
3145 1050 3227 1121 δή
3261 1053 3509 1122 μακαρία
3540 1055 3629 1106 καὶ

2048 1137 2179 1204 ἁγία
2226 1135 2419 1208 θεότης
2475 1137 2595 1189 κατ’
2651 1136 2840 1188 οὐσίαν
2895 1139 3043 1191 ἐστὶν
3105 1141 3491 1212 ὑπεράρρητος
3537 1145 3626 1197 καὶ

2049 1227 2471 1297 ὗπεράγνωστος
2518 1225 2613 1278 καὶ
2668 1225 2855 1297 πάσης
2921 1228 3179 1300 ἀπειρίας
3216 1233 3513 1302 ἀπειράκις
3543 1235 3621 1300 ἐξα

374 1316 589 1370 inﬁnite
641 1316 895 1385 superior
938 1329 1009 1367 ne
1061 1312 1354 1382 vestigium
1391 1311 1616 1381 quidem
1652 1312 1823 1365 ullum
1864 1312 1947 1366 vel

2063 1317 2318 1387 ηρημένη,
2349 1315 2455 1370 οὐδ’
2481 1316 2627 1384 ἴχνος
2656 1315 2792 1378 ὅλως
2822 1318 3179 1389 καταλήψεως
3211 1321 3313 1375 κᾶν
3344 1323 3500 1392 ψιλὸν
3519 1328 3624 1388 τοῖς

376 1416 543 1461 tenue
587 1403 1103 1475 comprehensionis
1126 1403 1194 1457 iis
1223 1418 1345 1472 qua:
1382 1411 1503 1471 post
1532 1418 1591 1456 se
1632 1402 1819 1468 habet,
1860 1418 1947 1458 re-

2063 1408 2174 1476 μετ’
2201 1405 2374 1476 αὐτὴν
2415 1405 2812 1475 καταλείψασα,
2857 1408 2978 1460 οὐδὲ
3028 1409 3126 1481 τὴν
3166 1413 3282 1475 πῶς
3309 1413 3413 1467 κᾶν
3448 1416 3621 1479 πόσως

370 1498 595 1567 linquit,
642 1512 744 1551 nec
775 1496 1057 1566 quomodo
1098 1495 1184 1549 vel
1217 1495 1566 1565 aliquatenus
1599 1494 1790 1548 eadem
1818 1494 1947 1548 unio

2063 1460 2084 1567 ί]
2116 1498 2256 1566 αὑτὴ
2274 1460 2367 1550 κᾶι
2399 1497 2569 1568 μονάς
2599 1466 2716 1551 ἐστι
2742 1460 2836 1552 καὶ
2863 1500 3020 1569 τριὰς
3042 1460 3621 1572 έᾷνοιᾷξιίξξξῖσξινζῦἶ

374 1589 447 1642 sit
489 1596 546 1641 ct
591 1587 830 1649 trinitas,
877 1584 1294 1655 intelligendum
1332 1585 1425 1638 ulli
1474 1599 1666 1639 eorum
1700 1584 1791 1653 qui
1827 1591 1947 1636 sunl

2063 1589 2157 1643 τῶν
2190 1589 2381 1653 όντων,
2409 1590 2596 1661 ἐπειδὴ
2632 1591 2767 1661 μηδέ
2817 1592 3109 1662 χωρείσθαι
3157 1594 3333 1646 κτίσει
3377 1596 3435 1648 τὺ
3474 1596 3622 1650 ἄκτι-

375 1676 685 1741 conccssit;
714 1674 1163 1744 quandoquidem
1203 1689 1234 1728 a
1273 1682 1526 1728 creatura
1564 1672 1616 1727 id
1662 1672 1807 1742 quod
1843 1686 1947 1724 non

2063 1700 2174 1736 ςτον
2201 1684 2432 1750 πέφυκε,
2465 1684 2600 1753 μηδὲ
2631 1684 3002 1750 περινοείσθαι
3036 1688 3147 1749 τοῖς
3194 1689 3623 1758 πεπερασμένος

374 1776 618 1823 creatum
661 1774 747 1821 est
797 1765 917 1834 capi
962 1765 1184 1833 nequit,
1233 1779 1413 1834 neque
1440 1763 1770 1834 cogitatione
1803 1776 1955 1816 com-
2049 1775 2111 1827 τδ
2140 1775 2385 1845 ἄπειρον.

375 1859 646 1929 prehendi
692 1875 723 1913 a
764 1858 934 1912 ﬁnitis
983 1855 1281 1911 inﬁnitum.

444 2114 447 2117 _
519 2046 906 2118 Contemplatio
947 2048 1001 2100 in
1037 2045 1325 2099 luminosas
1369 2043 1581 2097 Domini
1621 2048 1803 2095 vestes.

448 2159 846 2218 Al‘ﬁrmativum
879 2164 1064 2212 autem
1116 2155 1338 2209 modum
1386 2154 1440 2208 in
1488 2154 1721 2208 activam
1769 2150 1953 2221 provi-

377 2254 622 2308 dentiam
671 2248 1018 2320 etjudicium
1049 2247 1371 2301 distinctum
1400 2243 1682 2313 suspicor:
1712 2241 1951 2312 primum

377 2344 624 2416 quidem,
669 2342 774 2396 hoc
813 2349 900 2395 est
951 2340 1216 2404 activum,
1267 2338 1361 2407 qui
1415 2354 1482 2392 ex
1542 2334 1952 2406 pulchritudine

376 2445 433 2492 et
449 2433 827 2505 magnitudine
846 2441 1224 2487 creaturarum
1244 2431 1414 2484 Deum
1438 2426 1810 2483 universitatis
1831 2440 1952 2480 esse

376 2528 645 2584 artiﬁcem
667 2524 849 2594 colligi
869 2523 1048 2593 jubet,
1070 2537 1168 2591 per
1191 2521 1509 2591 splendidas
1530 2518 1746 2573 Domini
1773 2529 1953 2571 vestes

376 2616 740 2680 manifestari,
791 2629 930 2684 quas
979 2612 1171 2669 Sermo
1217 2612 1272 2665 in
1325 2620 1613 2666 creaturas
1669 2609 1804 2664 visui
1851 2622 1947 2676 ap-

271 2712 274 2715 ’
377 2718 639 2782 parentes
672 2705 973 2778 productas
1008 2702 1274 2758 ostendit.

699 2882 1080 2954 Contemplatio
1119 2880 1229 2935 alia
1267 2881 1323 2934 in
1360 2878 1595 2949 Moysen.

447 2999 816 3060 Providentiae
844 3003 1029 3052 autem
1063 2992 1286 3047 modum
1334 3007 1434 3061 per
1476 2990 1696 3062 Moysen
1735 2986 1948 3060 signiﬁ-

377 3095 514 3159 cari,
574 3100 636 3147 ut
676 3105 799 3161 qua:
849 3088 1149 3143 clementer
1194 3098 1386 3139 errore
1439 3083 1632 3138 eximit
1680 3081 1948 3152 pravitate

378 3193 684 3255 correptos,
724 3189 888 3251 atque
923 3177 1118 3233 modos
1151 3174 1513 3247 profectionis
1554 3173 1624 3229 ad
1666 3173 1853 3228 divina
1894 3180 1952 3227 et

379 3273 763 3333 immaterialia
801 3280 857 3327 et
886 3268 1252 3338 incorporalia
1276 3283 1306 3322 a
1337 3266 1718 3322 materialibus
1742 3273 1798 3319 et
1824 3280 1950 3320 cor-

378 3364 739 3437 ruptibilibus
782 3370 839 3417 et
884 3358 1268 3430 corporalibus
1301 3356 1622 3412 hominibus
1672 3355 1951 3426 sapienter

377 3460 691 3532 distinguit,
742 3454 1058 3524 divinisque
1105 3451 1320 3523 legibus
1368 3450 1672 3521 prudenter
1699 3448 1879 3504 fulcit.

727 3711 1112 3784 Contemplatio
1147 3710 1256 3766 alia
1299 3712 1357 3765 in
1395 3709 1595 3766 Etiam.

448 3827 653 3886 Judicii
672 3842 807 3883 vero
830 3824 1051 3879 modum
1079 3839 1180 3894 per
1198 3823 1374 3878 Eliam
1397 3821 1718 3892 signiﬁcari,
1743 3828 1804 3875 ut
1830 3838 1952 3891 qua:

381 3912 491 3977 tam
506 3919 679 3975 verbo
689 3931 853 3987 quam
866 3915 1011 3969 facto
1022 3914 1160 3969 alios
1178 3914 1481 3969 secundum
1499 3913 1755 3967 meritum
1769 3912 1950 3998 pupit,

381 4014 519 4069 alios
556 4006 933 4081 prosequitur,
964 4005 1041 4059 ita
1084 4012 1147 4057 ut
1172 4003 1478 4058 secundum
1507 4002 1807 4073 subjectam
1832 4017 1951 4055 ma-

2084 2089 2095 2099 ,
2167 2037 2385 2105 Θεωρία
2409 2039 2498 2104 είς
2534 2036 2607 2091 τὰ
2633 2040 2796 2108 φανὰ
2819 2038 2926 2094 τοῦ
2952 2041 3173 2110 Κυρίου
3200 2042 3521 2112 ἐνδύματα.

2128 2149 2230 2201 Τὸν
2258 2149 2315 2201 δέ
2344 2150 2719 2216 καταφατικὸν
2751 2151 2953 2222 τρόπον
2981 2151 3061 2214 εἷς
3093 2169 3153 2205 τε
3189 2151 3281 2205 τὸν
3316 2153 3438 2205 κατ’
3478 2153 3626 2223 ἐνέρ-

2056 2257 2215 2309 γειαν
2240 2240 2499 2310 πρόνοιάν
2531 2258 2592 2294 τε
2611 2239 2722 2295 ’καὶ
2748 2242 2929 2313 κρίσιν
2963 2242 3342 2313 διαιρούμενον
3362 2261 3377 2276 ·
3401 2244 3493 2297 τὸν
3526 2246 3625 2313 μὲν

2058 2331 2179 2382 κατ’
2205 2330 2511 2400 ἐνέργειαν,
2540 2329 2633 2382 τὸν
2659 2331 2724 2383 ἐκ
2754 2331 3019 2400 καλλονῆς
3047 2334 3094 2365 ⁹¹
3118 2333 3212 2385 καὶ
3240 2333 3504 2403 μεγέθους
3518 2335 3625 2386 τῶν

2056 2419 2374 2490 κτισμάτων
2402 2420 2501 2491 τὴν
2537 2422 2667 2491 περὶ
2691 2421 2787 2475 τοῦ
2818 2421 3161 2493 δημιουργὸν
3184 2417 3326 2475 εἶναι
3354 2421 3464 2475 τῶν
3490 2423 3626 2476 ὅλων

2055 2509 2148 2561 τὸν
2194 2507 2328 2561 Θεὸν
2370 2508 2758 2579 εἰσηγούμενον
2793 2510 3047 2577 δήλωσιν,
3084 2511 3175 2564 διὰ
3215 2511 3325 2565 τῶν
3358 2512 3626 2583 λαμπρῶν

2057 2598 2381 2670 ἐσθημάτων
2410 2598 2504 2651 τοῦ
2537 2599 2745 2671 Κυρίου
2767 2599 3233 2671 δηλοῦσθαι,ἆπερ
3248 2605 3328 2666 εἰς
3355 2604 3420 2657 τά
3441 2604 3628 2673 φαινό-

2060 2707 2198 2762 μενα
2225 2689 2500 2762 κτίσματα
2542 2690 2902 2763 πρπκλαὸὼν
2927 2695 2955 2746 ὁ
2982 2693 3157 2762 Λόγος
3182 2694 3481 2761 ἀπέδειξεν.

1974 2877 2020 2938 C
2333 2872 2550 2940 Θεωρία
2590 2870 2759 2939 ἄλλη
2775 2874 2864 2936 εις
2889 2870 2996 2925 τόν
3018 2870 3303 2940 Μωῦσῆν.

2123 2984 2227 3036 Τὸν
2280 2983 2336 3036 δὲ
2376 2982 2516 3037 κατὰ
2564 2983 2816 3053 πρόνοιαν
2852 2982 3055 3054 τρόπον
3099 2982 3185 3037 διὰ
3225 2981 3321 3036 τοῦ
3346 2981 3631 3047 Μωῦσέως

2057 3072 2439 3143 σημαίνεσθαι,
2460 3073 2536 3137 ὡς
2561 3073 2771 3145 πλάνης
2795 3073 3188 3145 φιλανθρώπως
3231 3072 3631 3144 ἐξαιρουμένην

2054 3165 2182 3229 τοὺς
2206 3165 2378 3236 κακίᾳ
2411 3154 2893 3234 συνειλημμένους,
2923 3165 3014 3218 καὶ
3040 3165 3166 3227 τοὺς
3186 3165 3418 3236 τρόπους
3443 3166 3631 3234 σοφῶς

2047 3259 2161 3321 τοῖς
2198 3256 2510 3328 ἀνθρώποις
2559 3255 3034 3310 όιαποικίλλουσαν
3063 3256 3165 3325 τῆς
3215 3256 3352 3326 πρὸς
3395 3255 3464 3309 τὰ
3504 3255 3631 3309 θεῖα

2048 3346 2144 3399 καὶ
2176 3345 2317 3401 άῦλα
2343 3345 2438 3400 καὶ
2465 3346 2735 3416 ἀσώματα
2769 3346 2877 3399 ἀπὸ
2918 3345 3027 3400 τῶν
3070 3346 3271 3401 ὑλικῶν
3312 3349 3407 3402 καὶ
3446 3346 3635 3418 φθαρ-

2045 3436 2156 3491 τῶν
2186 3438 2281 3493 καὶ
2312 3437 2646 3508 σωματικῶν
2686 3439 2988 3509 ἐκδημίας,
3039 3439 3135 3493 καὶ
3172 3438 3284 3503 τοῖς
3331 3438 3498 3503 θείοις
3541 3439 3636 3491 v6-

2050 3544 2172 3595 μοις
2200 3529 2580 3599 ἐπιστημόνως
2611 3527 2914 3599 ἐρείδουσα.

2193 3704 2378 3777 (164
2406 3705 2462 3774 α)
2509 3705 2729 3773 Θεωρία
2767 3705 2927 3773 ἄλλη
2963 3707 3050 3772 εις
3091 3705 3200 3760 τὸν
3231 3707 3451 3761 Ἠλίαν.

2119 3814 2223 3867 Τὸν
2275 3814 2333 3867 δὲ
2381 3815 2483 3884 τῆς
2537 3815 2774 3884 κρίσεως
2804 3816 3005 3888 τρόπον
3054 3817 3143 3872 διὰ
3191 3816 3289 3871 τοῦ
3351 3818 3540 3872 Ἠλίου
3587 3821 3639 3852 ³⁸

2052 3906 2372 3977 μηνύεσθαι,
2430 3906 2507 3971 ὡς
2563 3907 2709 3979 λόγῳ
2755 3925 2818 3962 τε
2871 3908 2966 3963 καὶ
2995 3908 3141 3981 ἔργῳ
3177 3911 3305 3974 τοὺς
3352 3910 3453 3981 μὲν
3500 3912 3637 3966 κατ’

2048 3995 2208 4063 ἀξίαν
2248 3997 2687 4069 τιμωρουμένης,
2726 3998 2855 4062 τοὺς
2888 3999 2945 4053 δὲ
2992 4001 3363 4071 περιεπούσης
3395 4000 3487 4055 διὰ
3532 4003 3637 4056 τοῦ

378 4104 575 4159 teriam
612 4108 668 4155 et
711 4098 1030 4168 qualitatem
1059 4096 1144 4150 vel
1176 4094 1400 4149 virtutis
1420 4094 1505 4148 vel
1535 4092 1823 4163 pravitatis
1846 4107 1946 4162 pro

2063 4086 2191 4140 me:
2238 4086 2338 4159 τὴν
2392 4089 2761 4160 ὑποκειμένην
2803 4089 2938 4163 ὓλην
2991 4108 3052 4144 τε
3103 4091 3197 4145 καὶ
3229 4092 3492 4164 ποιότητα
3524 4094 3638 4163 τῆς

379 4193 581 4248 merito
601 4189 1031 4259 uniuscujusque
1050 4186 1404 4243 attribuatur.
1433 4184 1560 4240 Haec
1585 4184 1732 4239 enim
1764 4182 1949 4238 omnia

379 4296 503 4354 quae
547 4281 730 4336 adhuc
775 4278 1156 4349 quaerebamus
1196 4278 1265 4333 de
1297 4284 1564 4348 przesente
1602 4290 1772 4331 sacrae
1798 4275 1948 4331 Scri-

380 4383 556 4444 ptura:
578 4372 697 4426 loco
718 4370 932 4442 Moyses
961 4376 1127 4438 atque
1152 4368 1323 4431 Elias,
1356 4366 1411 4421 id
1442 4365 1591 4436 quod
1614 4365 1681 4420 iis
1716 4364 1949 4419 maxime

379 4464 538 4520 licuit
570 4462 663 4533 qui
680 4477 779 4538 res
807 4454 1025 4516 divinas
1069 4461 1250 4531 typice
1277 4474 1375 4529 per
1412 4472 1542 4513 suas
1584 4458 1827 4526 ipsorum
1861 4470 1951 4510 res

368 4553 805 4618 adumbrabant,
845 4553 962 4607 suis
1006 4560 1238 4621 uterque
1287 4549 1490 4620 quibus
1517 4548 1653 4602 vixit
1679 4546 1945 4616 temporis

379 4644 503 4711 bus,
539 4652 599 4697 ut
632 4649 906 4705 narratur,
938 4649 1192 4711 egerunt,
1223 4646 1279 4694 et
1305 4652 1431 4693 cum
1473 4637 1583 4691 illis
1610 4636 1948 4691 conveniunt

379 4750 501 4806 quae
535 4749 634 4805 pro
677 4730 1157 4801 contemplationis
1205 4729 1368 4785 modo
1406 4729 1779 4799 exposuimus.

379 4994 762 5067 Contentplatto
792 4994 857 5049 de
887 4992 1078 5065 Moysis
1127 5000 1177 5046 et
1213 4991 1344 5048 Elia:
1377 4994 1433 5047 in
1476 4991 1947 5064 transﬁguratione

812 5103 931 5140 cum
962 5084 1185 5139 Domino
1233 5084 1513 5156 colloquio.

450 5201 530 5256 Ex
560 5198 835 5269 colloquio
858 5206 1043 5252 autem
1076 5211 1270 5251 eorum
1305 5204 1429 5250 cum
1458 5195 1690 5250 Domino
1715 5202 1771 5249 et
1797 5196 1942 5265 quod

460 5313 477 5354 ³
515 5314 703 5369 Matth.
733 5328 860 5378 xvu,
896 5312 950 5366 2.

2044 4181 2245 4250 ἀρετῆς
2297 4178 2331 4249 ἦ
2391 4179 2492 4249 τῆς
2543 4179 2745 4243 κακίας
2797 4180 3016 4249 ἑκάστῳ
3077 4182 3402 4252 προσφόρως
3446 4181 3638 4250 αὐτὴν

2045 4270 2401 4342 ἁρμόζεσθαι.
2451 4269 2638 4325 Ταῦτα
2678 4272 2788 4343 γὰρ
2820 4272 3000 4325 πάντα
3046 4272 3114 4325 τὰ
3164 4272 3639 4343 προθεωρηθέντα

2044 4361 2186 4414 κατά
2216 4360 2306 4414 τὸν
2335 4359 2578 4432 παρόντα
2603 4361 2702 4432 τῆς
2733 4362 2894 4430 ἁγίας
2920 4361 3146 4431 Γραφῆς
3182 4362 3345 4417 τόπον
3375 4365 3638 4435 Μωῡσῆς

2044 4470 2105 4506 τε
2130 4454 2225 4507 καὶ
2259 4452 2467 4516 Ἠλίας,
2498 4451 2572 4515 ὡς
2600 4453 2729 4525 ἐνῆν
2760 4452 2994 4524 μάλιστα
3020 4454 3149 4516 τοὺς
3192 4454 3260 4507 τά
3304 4453 3421 4508 θεῖα
3456 4472 3638 4510 τυπι-

2049 4544 2163 4607 κῶς
2212 4544 2281 4598 δι⁹
2314 4544 2524 4599 ἑαυτῶν
2573 4545 2994 4617 ὑπογράφοντας
3043 4547 3362 4618 πράγματα,
3409 4548 3470 4600 ἐν
3507 4551 3637 4611 τοῖς

2049 4635 2170 4690 καθ’
2191 4635 2382 4689 ἐαυτὸν
2411 4636 2672 4708 ἑκάτερος
2719 4635 2934 4708 χρόνοις
2975 4636 3097 4690 καθ’
3141 4637 3380 4708 ἱστορίαν
3428 4640 3642 4708 εἰργά-

2052 4742 2237 4791 σαντο,
2264 4725 2522 4797 ἐμφερῶς
2547 4726 2739 4796 ἔχοντα
2775 4727 2911 4797 πρὸς
2952 4726 3022 4780 τὰ
3065 4727 3332 4798 εἰρημένα
3360 4728 3504 4781 κατά
3537 4728 3641 4782 τὸν

2048 4818 2148 4888 τῆς
2175 4816 2406 4888 θεωρίας
2427 4818 2647 4887 τρόπον.

2057 4960 2273 5065 έέωρὶα
2305 4956 2437 5063 περὶ
2469 4991 2577 5061 τῆς
2608 4990 2756 5060 πρὸς
2790 4993 2899 5047 τὸν
2926 4993 3147 5062 Κύριον⁹
3180 4992 3332 5047 κατὰ
3373 4992 3487 5059 τὴν
3514 5012 3640 5063 με..

2121 5086 2494 5158 ταμόρφωσιν
2519 5083 2838 5149 διαλέξεως
2856 5085 3147 5148 Μωῦσέως
3176 5085 3274 5139 καὶ
3320 5086 3556 5141 Ἠλίου.

2134 5198 2229 5252 Ἐκ
2257 5197 2314 5251 δὲ
2346 5195 2438 5252 τοῦ
2477 5196 2754 5253 συλλαλεϊν
2785 5197 2983 5262 αὐτοὺς
3021 5196 3101 5267 τῷ
3136 5198 3350 5267 Κυρίῳ,
3386 5199 3481 5253 καὶ
3527 5197 3643 5266 τὴν

1661 5377 1892 5433 ΥᾹΙΠᾹΞ
1931 5378 2338 5435 LECTIONES.

451 5479 499 5512 "
531 5478 763 5549 καλονῆς
792 5477 958 5531 habet
993 5474 1114 5530 cod.
1147 5473 1291 5530 Gud.
1368 5471 1597 5527 ⁹³Ἦλιού
1625 5472 1747 5531 cod.
1783 5465 1924 5529 Gud.
1957 5474 2069 5530 Nec
2098 5474 2265 5530 semel
2309 5473 2403 5529 ita.
