3984 6198
314 392 439 458 illi!)
1536 393 2048 455 AMBIGUORUM
2086 390 2334 451 LIBER.
3417 375 3553 441 1179

309 511 473 575 ἔξοδον
506 511 690 580 λέγειν
737 511 802 584 ἣν
839 511 1033 583 ἔμελλε
1088 511 1336 583 πληροῦν
1389 513 1446 565 ὲν
1492 508 1875 582 Ἰερουσαλὴμ,

1988 509 2149 563 linem
2202 507 2522 562 indixerunt
2551 519 2717 575 quem
2745 499 3140 572 Hierosolymis
3183 497 3561 575 completurcs

222 602 226 606 ’
307 605 359 656 οὐ
410 604 571 673 μόνον
615 605 715 675 τὴν
753 605 841 658 ἐπ’
889 604 1039 677 αὐτῷ
1077 604 1166 658 διὰ
1209 605 1378 673 νόμου
1424 606 1515 658 καὶ
1571 604 1871 674 προφητῶν

1988 609 2140 665 esset,
2178 615 2288 654 non
2320 599 2497 654 solum
2541 596 2611 653 de
2636 595 3024 667 mysteriorum
3056 592 3112 646 in
3146 606 3236 656 eo,
3278 604 3443 659 quem
3476 588 3563 643 lex

309 694 829 765 προκεκηρυγμένην
884 694 994 748 τῶν
1065 694 1386 765 μυστηρίων
1426 693 1652 748 ἔκϐασιν
1698 693 1873 747 ἐδιδά-

1988 709 2039 748 ιο
2076 692 2362 763 prophetae
2406 688 2868 758 praedicaverant,
2926 684 3081 740 exitu
3127 681 3566 740 erudiebantur,

311 798 508 846 σκοντο,
554 782 673 836 ἀλλ’
710 782 839 847 ἴσως
887 785 982 837 καὶ
1033 785 1094 838 τὸ
1144 784 1218 855 μὴ
1261 783 1469 854 ληπτὸν
1512 779 1653 837 εἶναι
1688 780 1877 853 μηδενὶ

1988 785 2071 841 sed
2120 784 2352 839 fortasse
2398 781 2566 836 etiam
2617 780 2687 835 de
2730 794 2798 834 eo
2846 776 2994 848 quod
3049 775 3188 830 nulli
3226 772 3455 828 omnino
3506 771 3564 824 in

311 872 527 926 καθόλου
566 873 676 927 τῶν
726 874 895 928 ὅντων
932 876 994 928 τὸ
1032 875 1205 946 πέρας
1236 875 1339 945 τῆς
1367 876 1612 947 ἀρρήτου
1651 874 1779 944 περὶ
1816 872 1878 924 τὸ

1988 884 2090 929 tota
2120 889 2303 929 rerum
2346 879 2544 927 natura
2578 870 2779 949 divina
2824 881 3038 923 arcana
3060 865 3209 922 circa
3243 866 3564 918 unitersum

311 961 410 1013 πᾶν
427 960 623 1031 βουλῆς
651 960 746 1015 τοῦ
780 962 918 1016 Θεοῦ
946 962 1174 1017 καὶτῶν
1197 963 1285 1017 ἐπ’
1312 965 1451 1034 αὐτῇ
1487 963 1646 1017 θείων
1675 963 1880 1015 οἰκονο-

314 1054 465 1123 μιῶν,
511 1054 650 1126 πλὴν
686 1056 787 1126 τῆς
821 1056 1065 1128 μεγάλης
1111 1058 1277 1112 αὐτοῦ
1320 1056 1577 1129 προνοίας
1614 1056 1711 1109 καλ⁵
1756 1054 1882 1125 κρί-

315 1160 465 1207 σεως,
498 1143 567 1197 δι’
617 1137 693 1199 ὧν
735 1147 818 1209 εις
861 1147 922 1200 τὸ
958 1149 1106 1220 μόνῳ
1153 1135 1232 1219 τῷ
1280 1148 1399 1220 Θεῷ
1433 1146 1883 1220 προεγνωσμένον

312 1232 457 1295 τέλος
486 1233 547 1287 τὸ
578 1235 685 1288 πᾶν
717 1235 999 1302 εὐτάκτως
1038 1240 1344 1309 ἐπείγεται,
1383 1240 1523 1311 ὅπερ
1553 1239 1756 1301 πάντες
1787 1236 1886 1307 μὲν

311 1323 502 1393 ὁμοίως
527 1324 802 1395 ἠγνόησαν
850 1328 992 1382 κατὰ
1011 1329 1074 1384 τὸ
1100 1330 1153 1384 τί
1180 1347 1310 1383 ποτε
1349 1326 1488 1383 εἶναι
1521 1330 1618 1383 καὶ
1646 1329 1761 1390 πῶς
1791 1327 1887 1382 καὶ

314 1419 456 1470 ποῖον
487 1418 581 1471 καλ⁸
616 1418 768 1485 πότε,
818 1421 969 1489 μόνοι
1004 1422 1063 1476 δὲ
1102 1423 1319 1494 ἀληθῶς
1360 1423 1520 1494 μόνον
1568 1422 1887 1490 ἐπέγνωσαν

313 1506 524 1562 ἔσεσθαι
561 1510 611 1562 οἱ
638 1510 740 1579 τὴν
771 1510 950 1583 ψυχὴν
996 1515 1220 1586 ἀρεταῖς
1258 1515 1668 1585 ἐκκαθάραντες
1716 1512 1886 1580 ἃγιοι,

314 1597 407 1649 καὶ
443 1597 579 1667 πρὸς
614 1598 682 1653 τὰ
706 1598 826 1653 θεῖα
851 1600 952 1672 τὴν
984 1591 1158 1674 ῥοπὴν
1194 1605 1365 1677 αὐτῆς
1391 1605 1522 1675 ὃλην
1562 1602 1661 1674 τὴν
1692 1602 1888 1672 νοεράν

1979 966 2077 1022 Dei
2118 964 2419 1020 voluntatis
2459 971 2516 1018 et
2572 961 2886 1016 divinorum
2931 960 3054 1030 ejus
3093 955 3565 1026 dispensationum

1982 1057 2109 1113 ﬁnis
2138 1054 2610 1126 comprehendere
2650 1062 2858 1123 posset,
2906 1058 3108 1121 praeter
3151 1063 3403 1119 magnam
3449 1047 3570 1116 ejus

1984 1148 2394 1219 providentiam
2441 1155 2501 1200 et
2546 1143 2842 1217 judicium,
2900 1142 3105 1212 quibus
3150 1141 3206 1195 in
3257 1140 3423 1194 ﬂnem
3465 1137 3568 1193 soli

1984 1242 2097 1296 Deo
2128 1238 2524 1310 pmwgnitum
2552 1236 2737 1291 omnia
2762 1234 3017 1290 ordinate
3048 1231 3377 1303 procedunt,
3404 1244 3570 1299 quem

1986 1330 2152 1386 linem
2199 1330 2334 1401 quid
2371 1330 2446 1385 sit
2484 1328 2707 1383 tandem
2751 1334 2809 1382 et
2849 1323 3132 1396 quomodo
3172 1329 3231 1378 et
3278 1321 3457 1391 qualis
3514 1326 3572 1374 et

1987 1416 2211 1487 quando
2251 1430 2408 1485 aeque
2465 1415 2862 1485 ignoraverunt
2908 1426 3124 1475 omnes,
3176 1410 3392 1479 solique
3438 1423 3570 1463 vere

1988 1506 2260 1561 duntarat
2312 1514 2461 1559 nunc
2503 1505 2750 1559 futurum
2798 1518 2920 1558 esse
2971 1509 3350 1572 cognoverunt
3394 1498 3571 1554 sancti

1990 1606 2202 1653 mentes
2257 1596 2556 1652 Virtutibus
2600 1594 2856 1666 purgati,
2909 1596 3116 1663 quique
3174 1592 3569 1647 libramentum

313 1687 502 1751 ὁλικῶς
534 1691 1005 1761 μετεγκλίναντες,
1035 1695 1228 1767 αὐτῆς,
1268 1695 1345 1760 ὠς
1402 1696 1602 1758 εἰπεῖν,
1628 1695 1725 1765 τῆς
1752 1691 1885 1746 καθ-

1992 1688 2364 1744 intellectuale
2395 1688 2599 1742 mentis
2636 1695 2813 1742 totum
2855 1693 2912 1741 et
2940 1684 3102 1755 plene
3137 1683 3206 1739 ad
3252 1681 3440 1738 divina
3468 1683 3571 1738 de-

313 1778 429 1833 όλου
458 1781 563 1836 τῶν
589 1782 800 1852 ὁρατῶν
829 1783 1067 1852 φύσεως,
1097 1787 1165 1840 δι’
1191 1779 1266 1841 ὧν
1294 1778 1504 1860 (164
1522 1787 1590 1857 ὁ)
1637 1786 1885 1840 συνίστα-

1993 1780 2357 1844 clinaverunt,
2406 1780 2477 1833 ab
2520 1778 2658 1860 ipsa,
2710 1785 2772 1831 ut
2818 1776 2894 1830 ita
2926 1775 3129 1840 dicam,
3168 1776 3463 1830 universali
3491 1775 3574 1831 vi-

316 1870 433 1925 σθαι
472 1874 683 1941 πέφυκε
706 1874 944 1945 τρόπων,
975 1877 1037 1930 τὸ
1079 1878 1232 1942 τέλος
1258 1857 1359 1951 τῆς
1395 1857 1682 1949 παρούσης
1714 1876 1885 1945 αὐτῆς

1988 1870 2230 1926 sibilium
2292 1878 2489 1941 natura
2536 1857 2647 1940 per
2684 1868 2938 1933 eosdem,
2982 1868 3189 1938 quibus
3237 1868 3568 1937 constiterit,

315 1962 630 2033 εὐκοσμίας,
705 1968 991 2039 μονονουχὶ
1054 1968 1355 2042 διαρρήδην
1422 1969 1655 2041 βοώσης,
1723 1966 1885 2024 ἀκού-

1988 1962 2178 2017 modos
2223 1962 2514 2033 praesentis
2547 1962 2669 2033 ejus
2709 1960 2925 2016 ordinis
2958 1959 3147 2026 linem,
3185 1967 3401 2019 tantum
3456 1977 3570 2015 non

318 2071 523 2121 σαντες.
1982 2055 2189 2111 diserte
2239 2066 2297 2111 et
2348 2055 2496 2111 clara
2547 2069 2686 2109 voce
2720 2053 3076 2124 praedicante;
3130 2051 3487 2123 accipientes.

314 2233 530 2302 Θεωρία
558 2235 790 2305 φυσικὴ
812 2240 947 2308 περὶ
974 2238 1081 2294 τοῦ
1113 2238 1291 2305 τέλος
1313 2237 1382 2302 ἐξ
1410 2217 1682 2309 ἀνάγκης
1711 2237 1878 2308 ἔχειν

1991 2235 2391 2306 Contemplatio
2421 2226 2684 2289 naturalis
2733 2233 2798 2287 de
2848 2236 3153 2289 necessitate
3191 2234 3315 2303 ﬁni:
3364 2233 3568 2289 mundi.

898 2329 1008 2383 τὸν
1048 2330 1300 2399 κόσμον.

378 2441 858 2513 Περιαθρήσαντες
894 2443 1026 2512 γὰρ,
1080 2442 1157 2507 ῶς
1204 2444 1331 2515 ἐνῆν
1382 2443 1641 2513 μάλιστα,
1664 2443 1885 2514 ὲπιστη-

2068 2441 2408 2498 Perlustrato
2428 2440 2576 2496 enim
2598 2456 2833 2504 summa,
2856 2456 2977 2510 quae
3001 2439 3328 2511 suppetebat
3350 2440 3568 2511 peritia,

316 2532 487 2600 μόνως
504 2532 595 2586 τὸν
612 2534 857 2605 παρόντα
877 2534 1103 2604 κόσμον,
1127 2535 1222 2588 καὶ
1240 2533 1351 2587 τῶν
1382 2536 1439 2588 ἐν
1457 2532 1608 2604 αύτῷ
1627 2532 1885 2596 ποικίλως

1997 2535 2105 2589 hoc
2151 2541 2421 2604 praesente
2464 2532 2694 2607 mundo,
2738 2531 3178 2602 corporibusque
3222 2531 3277 2587 in
3319 2548 3388 2587 eo
3421 2531 3570 2585 varie

313 2619 557 2692 ἀλλήλοις
587 2625 1052 2695 συνηρμοσμένων
1089 2624 1384 2696 σωμάτων,
1412 2625 1503 2678 τὸν
1521 2624 1885 2694 συνεπτυγμέ·

1993 2625 2099 2681 sibi
2152 2626 2495 2695 junctorum,
2544 2622 2930 2692 cemplicatam
2985 2629 3173 2676 mente
3216 2620 3352 2675 scite
3398 2618 3572 2688 etpli-

313 2728 400 2766 νον
425 2713 545 2767 κατ’
590 2716 799 2771 ἔννοιαν
824 2718 1006 2787 σοφῶς
1042 2717 1454 2784 ὲξαπλὼσαντες
1466 2718 1626 2788 λόγον
1642 2714 1800 2789 εὗρον
1828 2717 1885 2772 τά

1991 2723 2188 2772 carunt
2238 2715 2534 2779 rationem,
2584 2720 2641 2769 et
2693 2713 3029 2768 invenerunt
3076 2718 3290 2781 partem
3344 2710 3571 2780 quidem

316 2800 413 2868 μὲν
440 2802 621 2857 αὐτῶν
653 2804 889 2877 αἰσθητά
926 2806 1022 2860 xui.
1056 2807 1418 2878 ἀντιληπτικὰ
1463 2809 1557 2861 καὶ
1604 2807 1885 2870 καθολικιίὶ¹

1988 2824 2182 2864 eorum
2222 2807 2506 2864 sensibilia
2558 2821 2681 2860 esse
2718 2812 2775 2860 et
2806 2800 3328 2875 comprehensibilia
3357 2809 3414 2856 et
3444 2800 3570 2856 uni-

312 2892 488 2948 πάντα
530 2894 588 2949 δὲ
634 2898 770 2951 πᾶσι
810 2899 1180 2970 περιεχόμενά
1219 2917 1278 2953 τε
1308 2900 1403 2953 καὶ
1447 2900 1885 2970 περιτρεπόμενα

1988 2898 2241 2965 versalia,
2270 2898 2457 2952 omnia
2496 2911 2630 2952 vero
2657 2895 2922 2951 omnibus
2963 2894 3209 2950 coerceri
3247 2902 3413 2963 atque
3436 2908 3571 2947 con-

313 2985 377 3053 τῇ
403 2984 682 3057 ὲπαλλαγῇ
708 2986 807 3057 τῆς
838 2987 967 3060 περὶ
992 2989 1226 3043 ἕκαστον
1253 2989 1412 3052 ποιάς
1457 2988 1734 3056 ἰδιότητος.
1764 2988 1885 3050 Τοῖς

1988 2992 2129 3046 verti
2153 2988 2535 3045 vicissitudine
2559 2987 2917 3059 proprietatis
2935 2985 3331 3057 qualiscunque
3356 2983 3571 3054 singula

315 3072 412 3142 μὲν
441 3074 550 3144 γάρ
576 3075 855 3147 αἰσθητοῖς
876 3080 1193 3150 περιέχεται
1214 3082 1356 3133 κατὰ
1390 3078 1551 3148 φύσιν
1589 3078 1658 3131 τὰ
1693 3078 1885 3149 αἰσθη-

1988 3081 2400 3137 circumdantis.
2443 3079 2819 3136 Sensibilibus
2862 3079 3009 3134 enim
3051 3084 3378 3132 coercentur
3406 3084 3569 3130 natu-

310 3164 458 3227 τικὰ,
488 3165 558 3219 τά
580 3165 638 3220 δὲ
670 3167 905 3238 αἰσθητά
933 3171 1046 3231 τοῖς
1075 3168 1418 3239 αἱσθητικοῖς
1452 3170 1575 3223 κατ’
1608 3170 1883 3241 αἴσθησιν,

1984 3172 2175 3228 raliter
2224 3187 2348 3243 qua:
2393 3170 2662 3235 sentiunt,
2712 3169 2997 3225 sensibilia
3032 3183 3167 3223 vero
3214 3183 3379 3223 sensu
3408 3166 3572 3239 aliter

308 3253 386 3311 ὡς
415 3255 733 3327 ἀντιληπτά.
764 3260 873 3312 Καὶ
912 3258 1072 3313 πάλιν
1098 3260 1167 3313 τὰ
1191 3261 1289 3331 μὲν
1320 3260 1553 3314 καθόλου
1579 3263 1691 3324 τοῖς
1730 3277 1885 3331 μερι-

1991 3262 2058 3316 iis
2101 3277 2223 3332 qua:
2264 3260 2536 3324 sentiunt,
2568 3268 2631 3315 ut
2662 3257 3207 3329 comprehensibilia.
3238 3256 3416 3327 Atque
3449 3272 3570 3311 rur-

310 3349 430 3411 κοῖς
489 3349 634 3402 κατά
670 3351 988 3418 ἀλλοίωσιν,
1040 3351 1109 3405 τά
1146 3353 1203 3406 δὲ
1257 3354 1458 3424 μερικά
1504 3355 1614 3416 τοῖς
1656 3352 1887 3406 καθόλου

310 3440 453 3494 κατὰ
496 3441 759 3496 ἀνάλυσιν
803 3443 1248 3515 περιτρεπόμενα
1283 3442 1586 3515 φθείρεται.
1638 3445 1748 3497 Καὶ
1779 3444 1888 3496 τῶν

314 3532 415 3601 μὲν
444 3532 532 3586 διὰ
553 3532 654 3604 τῆς
693 3533 802 3588 τῶν
833 3535 1008 3588 ἄλλων
1039 3535 1310 3603 γενέσεως
1345 3537 1377 3604 ἠ
1422 3533 1599 3605 φθορά
1643 3533 1887 3602 ἐπιγίνε-

306 3641 421 3677 ται.
469 3624 591 3679 Τῶν
621 3626 729 3695 γὰρ
761 3626 991 3680 καθόλου
1034 3629 1068 3697 ἡ
1113 3626 1251 3696 πρὸς
1295 3625 1499 3695 ἄλληλα
1538 3625 1752 3688 σύνοδος
1779 3625 1888 3680 τῶν

283 3713 556 3782 -μερικῶν
582 3714 879 3785 ποιουμένη
897 3715 993 3785 τὴν
1020 3715 1234 3784 γένεσιν
1252 3714 1495 3784 ἀλλήλων
1515 3717 1580 3785 τῇ
1606 3714 1887 3769 ἀλλοιώσει

308 3805 428 3857 ἐστὶ
456 3804 651 3878 φθορὰ,
675 3807 769 3859 καὶ
797 3807 907 3861 τῶν
936 3807 1006 3860 αὖ
1032 3806 1275 3877 μερικῶν
1300 3809 1332 3877 η
1361 3805 1501 3859 κατά
1521 3806 1760 3860 διάλυσιν
1788 3807 1888 3874 τῆς

308 3896 607 3961 συνδέσεως
658 3899 797 3969 πρὸς
847 3897 916 3952 τὰ
952 3897 1183 3952 καθόλου
1228 3898 1487 3961 ἀνάλυσις
1530 3896 1628 3969 τὴν
1680 3896 1887 3967 φθορὰν

306 3989 682 4058 ἐπεισάγουσα
708 3989 817 4042 τῶν
849 3990 1081 4043 καθόλου
1111 3991 1227 4043 ἐστὶ
1279 3990 1507 4063 διαμονὴ
1534 3991 1627 4043 καὶ
1651 3990 1883 4058 γένεσις.

305 4079 421 4132 Καὶ
441 4079 645 4150 ταύτην
666 4074 803 4134 εἶναι
832 4081 1096 4151 μαθόντες
1125 4081 1218 4135 τοῦ
1248 4082 1510 4153 αἰσθητοῦ
1551 4082 1757 4151 κόσμου
1787 4081 1886 4152 τὴν

305 4168 590 4233 σύστασιν,
622 4168 719 4239 τὴν
755 4171 834 4233 είς
876 4169 1083 4241 ἄλληλα
1112 4170 1219 4223 τῶν
1252 4172 1310 4225 ὲν
1346 4170 1497 4241 αὐτῷ
1528 4170 1794 4237 σωμάτων
1827 4169 1887 4235 ἐξ

303 4250 382 4311 ὧν
414 4258 506 4310 καὶ
536 4261 593 4311 ἐν
621 4253 701 4321 οἷς
741 4260 1018 4331 ὑφέστηκε
1054 4263 1070 4330 (
1097 4261 1255 4332 165
1287 4280 1317 4315 a
1341 4262 1358 4331 )
1385 4262 1452 4315 δι’
1476 4261 1724 4330 ἀλλήλων
1754 4262 1884 4331 φθορ

265 4346 410 4418 οράν
446 4348 538 4400 καὶ
566 4347 873 4414 ἀλλοίωσιν,
931 4351 1241 4415 ἀκολούθως
1268 4352 1357 4406 διὰ
1400 4352 1500 4422 τῆς
1534 4353 1674 4407 κατὰ
1724 4352 1886 4421 φύσιν

299 4437 543 4491 ἀστάτου
574 4438 669 4492 καὶ
699 4439 998 4511 ἀλλοιωτῆς
1025 4443 1120 4495 καὶ
1150 4442 1337 4495 ἄλλοτε
1363 4442 1541 4519 άλλως
1578 4445 1888 4516 φερομένης

1987 3366 2082 3405 sus
2111 3350 2442 3406 universalia
2482 3349 2910 3420 particularibus
2959 3347 3267 3404 secundum
3308 3348 3570 3402 immuta-

1989 3439 2215 3501 tionem,
2238 3438 2595 3509 particularia
2613 3447 2808 3494 contra
2832 3437 3242 3492 universalibus
3261 3436 3566 3490 secundum

1986 3531 2407 3586 dissolutionem
2434 3544 2703 3585 conversa
2740 3538 3201 3599 corrumpuntur.
3229 3527 3406 3596 Atque
3424 3527 3565 3595 parti

1985 3629 2207 3699 quidem
2230 3645 2330 3699 per
2349 3629 2585 3684 aliorum
2617 3629 3029 3699 generationem
3059 3627 3319 3682 interitus
3341 3627 3563 3681 accidit.

1986 3717 2386 3775 Universalium
2441 3718 2589 3773 enim
2637 3725 2829 3772 mutua
2881 3717 3029 3772 inter
3081 3731 3139 3772 se
3190 3716 3561 3787 congregatio,
3635 3781 3642 3788 _

1985 3811 2117 3867 dum
2164 3809 2580 3882 particularium
2629 3808 2798 3864 eﬂicit
2846 3807 3280 3878 generationem,
3324 3808 3565 3878 singulo-

1985 3917 2109 3957 rum
2147 3902 2293 3956 inter
2313 3916 2433 3958 sese
2462 3899 2841 3957 immutatione
2868 3898 3127 3954 interitus
3145 3907 3249 3964 est,
3277 3906 3333 3953 et
3363 3899 3563 3952 iterum

1972 3990 2402 4062 ‘particularium
2466 4007 2613 4047 nexu
2663 3990 2884 4047 sublato
2940 3989 2998 4044 in
3046 3989 3379 4045 universalia
3424 3988 3566 4043 facta

1988 4084 2272 4148 resolutio,
2305 4083 2435 4138 dum
2484 4085 2772 4140 interitum
2809 4083 3135 4147 introducit,
3167 4081 3564 4137 universalium

1986 4184 2070 4231 est
2114 4175 2435 4245 percnnitas
2482 4189 2549 4228 ac
2604 4175 2911 4245 generatio.
2953 4174 3130 4245 Atque
3180 4176 3322 4231 hanc
3374 4174 3564 4229 mundi

1986 4264 2263 4320 sensibilis
2311 4263 2787 4329 constitutionem,
2815 4279 2942 4318 cum
2984 4272 3238 4318 mutuum
3282 4279 3405 4319 esse
3439 4279 3568 4318 nos-

1987 4365 2110 4412 sent
2155 4370 2474 4426 corporum,
2527 4354 2597 4409 de
2644 4354 2851 4425 quibus
2885 4362 2942 4410 et
2980 4354 3036 4409 in
3063 4354 3266 4425 quibus
3304 4352 3567 4410 consistat

1986 4461 2087 4517 per
2118 4461 2176 4501 se
2224 4445 2338 4516 ipsa
2396 4446 2685 4501 interitum
2745 4445 3323 4515 immutationemque,
3371 4459 3566 4500 conse-

299 4543 363 4580 τε
389 4529 485 4581 καὶ
504 4531 976 4601 περιτρεπομένης
1004 4532 1233 4586 καθόλου
1263 4533 1372 4587 τῶν
1403 4533 1462 4598 ἐξ
1486 4528 1561 4588 ὧν
1585 4536 1884 4609 συνέρτηκε

1988 4544 2220 4606 quenter
2267 4551 2334 4591 ex
2355 4535 2617 4591 instabili
2655 4535 2960 4591 secundum
2993 4544 3247 4591 naturam
3276 4544 3333 4590 et
3362 4534 3564 4589 immu-

300 4597 586 4687 σωμάτων.
602 4597 861 4690 ἰδιότητος
880 4597 979 4691 την
1000 4621 1059 4688 ἐξ
1075 4623 1321 4695 ἀνάγκης
1352 4597 1475 4678 καθ’
1504 4627 1694 4696 εἱρμὸν
1706 4597 1885 4698 ’γενη-

1990 4634 2100 4680 tata
2134 4640 2256 4696 quae
2304 4626 2415 4681 huc
2467 4627 2600 4682 illuc
2630 4626 2808 4683 fertur
2839 4627 3296 4697 convertiturque
3321 4625 3562 4698 generali

299 4708 543 4780 σομένην
579 4711 747 4765 αὑτοῦ
801 4713 1113 4768 συντέλειαν
1155 4717 1556 4787 ὲπαιδεύθησαν
1603 4719 1702 4772 οὐκ
1748 4716 1885 4773 εἶναι

1988 4731 2279 4787 corporum
2309 4718 2515 4789 quibus
2550 4726 2770 4774 constat
2809 4718 3171 4790 proprietate,
3229 4718 3297 4774 de
3330 4734 3471 4773 nexu
3503 4733 3566 4773 ac

296 4796 551 4866 δυνατὸν,
589 4800 715 4855 οὔτε
762 4802 872 4873 μὴν
906 4802 1135 4875 λογικῆς
1173 4807 1443 4872 συνέσεως
1500 4809 1671 4862 ἀΐδιον
1720 4811 1885 4879 φάναι

1988 4807 2126 4861 serie
2184 4807 2307 4878 ejus
2372 4808 2691 4863 necessario
2746 4808 3281 4864 consummationem
3338 4809 3565 4864 evenire

294 4885 363 4939 τὸ
422 4887 499 4958 μὴ
548 4888 813 4955 ὡσαύτως
869 4891 992 4962 ἔχον
1045 4893 1153 4958 ἀεὶ,
1204 4894 1327 4966 δίχα
1372 4896 1584 4967 τροπῆς
1640 4899 1734 4951 καὶ
1787 4897 1885 4968 τῆς

1988 4912 2141 4968 posse
2189 4898 2396 4952 nullam
2442 4898 2840 4965 edocebantur,
2892 4907 3044 4955 recte
3082 4900 3421 4955 aestimantes
3460 4913 3566 4954 nec

287 4979 522 5034 alacron
581 4980 943 5049 ἀλλοιώσεως,
1002 4984 1140 5039 ἀλλά
1191 4986 1406 5058 μυρίοις
1459 4989 1885 5059 σκεδαννύμενον

1988 4989 2323 5046 rationaliter
2358 4991 2548 5060 utique
2588 5007 2748 5061 posse
2802 4991 3036 5063 intelligi
3083 4991 3363 5062 quomodo
3402 5000 3563 5047 mter-

284 5068 523 5139 τρόποις
557 5072 653 5125 καὶ
683 5074 1171 5144 περιτρεπόμενον,
1203 5076 1380 5147 ὀρθῶς
1410 5077 1780 5150 λογισάμενοι.

1988 5097 2113 5136 num
2159 5082 2273 5147 dici
2306 5091 2473 5152 queat
2512 5082 2661 5153 quod
2710 5090 2768 5139 et
2795 5098 3016 5153 semper
3042 5084 3148 5139 sibi
3182 5099 3292 5137 non
3326 5080 3561 5142 constet.

286 5176 405 5216 nec
450 5163 833 5222 vicissitudine
859 5175 918 5223 et
949 5168 1320 5240 qualicunque
1365 5170 1745 5229 immutatione
1813 5182 2021 5242 careat,
2072 5175 2169 5232 sed
2221 5175 2441 5232 inﬁnito
2488 5175 2782 5231 modorum
2848 5191 3085 5232 numero
3145 5175 3449 5246 dissipetur
3508 5188 3566 5236 et

283 5259 676 5307 convertatur.
779 5267 782 5269 λ

283 5406 524 5474 Θεωρία
569 5407 869 5479 σύντομος
920 5410 1055 5479 περὶ
1107 5412 1212 5468 τοῦ
1255 5413 1595 5484 μέλλοντος
1645 5418 1884 5487 αἰῶνος,

362 5498 468 5553 καὶ
525 5499 583 5552 τι
639 5499 707 5553 τὸ
751 5501 958 5571 χάσμα
1005 5503 1136 5557 ἐστὶ
1184 5504 1251 5558 τὸ
1297 5507 1527 5575 μεταξὺ
1576 5510 1725 5564 Θεοῦ
1783 5512 1883 5567 καὶ

362 5591 730 5693 ἀνθρώπων,
758 5595 857 5649 καὶ
909 5597 967 5649 τι
1010 5598 1045 5651 ό
1112 5596 1373 5668 Λάζαρος
1420 5601 1519 5655 καὶ
1566 5606 1598 5656 d
1655 5606 1882 5677 κόλπος

364 5683 478 5735 τοῦ
516 5683 904 5753 πατριάρχου.

1985 5411 2374 5485 Contemplatio
2408 5413 2573 5468 brevis
2620 5414 2684 5468 de
2716 5415 2897 5485 futuro
2928 5429 3057 5482 αῖυο,
3086 5423 3135 5470 et
3163 5417 3288 5488 quid
3320 5414 3562 5473 interhiat

2054 5505 2193 5559 inter
2232 5502 2398 5557 Deum
2440 5511 2599 5573 atque
2640 5495 2943 5571 hominem;
2974 5516 3024 5560 et
3051 5508 3167 5578 quis
3209 5508 3277 5561 sit
3326 5506 3565 5564 Lazarus

2053 5602 2102 5648 et
2142 5593 2291 5648 sinus
2326 5594 2681 5665 φαεν-ἰατρικαὶ.

376 5770 665 5831 Ἐντεῦθεν
726 5777 841 5832 τῶν
905 5778 1199 5850 ὁρωμένων
1262 5782 1517 5856 ὑπεράνω
1594 5788 1873 5862 γενόμενοι

2051 5792 2192 5851 llinc
2228 5795 2468 5853 visibilia
2502 5794 2790 5867 magniﬁce
2831 5795 3192 5870 supergressi
3230 5794 3398 5849 ﬁnem
3452 5793 3597 5851 un\-
