3984 6198
446 408 580 475 ῙῙῚῙ

1627 412 1686 470 S.
1727 411 2013 470 MAXIMI
2052 410 2560 470 CONFESSORIS

3529 413 3547 476 l
3559 414 3639 480 112

440 540 614 579 versae
680 538 863 577 rerum
931 534 1158 583 naturze,
1204 520 1299 588 qui
1352 518 1579 572 omnino
1621 519 1841 573 futurus
1898 527 2003 579 est,

2113 518 2465 588 μεγαλοφυῶς
2510 518 2606 571 τοῦ
2654 519 2871 583 πάντως
2916 522 3179 589 ἐσομένου
3217 522 3324 574 τῶν
3370 521 3491 576 ὅλων
3536 543 3641 577 κατ.

442 609 708 679 speculati
749 616 899 673 sunt,
934 606 990 663 in
1026 623 1140 677 quo
1172 606 1308 660 nihil
1362 622 1546 661 rerum
1586 608 1696 677 jam
1742 608 1882 662 ferat
1921 618 2016 663 aut

442 700 671 762 feratur,
718 713 819 753 nec
855 698 937 752 rei
978 698 1146 753 ullius
1198 697 1426 752 omnino
1479 698 1654 752 motio
1697 698 2016 754 stabilitatis

445 789 741 844 inel‘l‘abilis
772 790 895 859 ejus
926 804 1049 858 qua:
1092 805 1281 844 rerum
1323 805 1446 859 quae
1482 788 1741 844 feruntur
1782 805 2016 860 quaeque

442 882 628 936 ferunt
675 880 940 950 impetum
981 888 1037 936 et
1068 890 1276 935 motum
1308 881 1521 936 detlnit.
1553 881 1671 948 Quo
1700 883 2015 951 pervenisse

443 982 626 1026 mente
668 973 800 1025 dum
849 972 952 1026 hac
990 971 1173 1026 adhuc
1204 972 1469 1027 interibili
1518 987 1684 1027 carne
1713 971 1892 1026 induti
1919 988 2017 1027 cu-

443 1064 622 1131 piunt,
666 1061 877 1116 hiatum
928 1061 1074 1115 inter
1109 1061 1282 1115 Deum
1318 1069 1483 1130 atque
1529 1060 1809 1115 hominem
1848 1060 2017 1115 inter-

438 1152 644 1223 jectum
680 1152 789 1205 vivi
816 1152 1178 1215 transierunt,
1209 1166 1374 1218 carne
1398 1159 1454 1203 et
1473 1150 1679 1205 mundo
1711 1149 2014 1204 secundum

444 1244 766 1297 relationem
793 1250 986 1312 Sponte
1022 1242 1194 1296 exuti.
1222 1241 1418 1296 Hiatus
1444 1240 1593 1295 enim
1628 1254 1819 1295 revera
1854 1240 2017 1295 terri-

444 1334 555 1388 bile
605 1342 662 1387 et
701 1333 894 1402 ingens
936 1334 1081 1388 inter
1115 1333 1287 1387 Deum
1329 1339 1387 1386 et
1426 1330 1707 1385 hominem
1752 1330 2015 1385 interhiat

444 1424 695 1494 corporis
718 1438 781 1478 ac
809 1422 999 1477 mundi
1027 1423 1191 1492 hujus
1219 1436 1376 1476 amor
1396 1430 1562 1491 atque
1592 1420 1843 1487 allectus,
1875 1437 2015 1491 quo-

444 1529 568 1569 rum
598 1513 960 1584 privationem
1006 1512 1250 1567 Lazarus
1301 1512 1519 1566 fortiter
1551 1519 1610 1566 et
1648 1526 1773 1566 cum
1812 1511 2014 1581 gaudio

442 1605 726 1675 amplexus
758 1603 1244 1676 (quemadmodum
1268 1602 1539 1674 signiﬁcat
1553 1604 1778 1659 morbus
1800 1612 1856 1658 et
1879 1619 2015 1673 pau-

442 1704 646 1767 pertas,
673 1695 845 1749 altera
876 1710 1004 1750 eum
1033 1709 1065 1749 a
1099 1694 1330 1757 mundo,
1363 1694 1505 1749 alter
1546 1710 1577 1748 a
1605 1709 1842 1764 corpore
1872 1694 2011 1749 alie-

440 1786 601 1854 nans)
642 1786 697 1841 in
728 1785 854 1841 sinu
892 1785 1192 1840 Ahrahami
1234 1785 1480 1854 requiem
1511 1785 1760 1855 accipere
1786 1785 2008 1850 meruit,

2117 610 2484 678 εστοχάσαντο
2556 609 2809 679 πέρατος,
2872 613 2930 665 ὲν
2965 605 3010 679 ᾧ
3036 630 3090 666 τι
3117 613 3224 666 τῶν
3281 614 3441 666 ὄντων
3490 618 3642 672 οὐκέτι

2115 698 2282 769 φέρον
2305 700 2420 752 ἐστὶ
2440 701 2535 753 καὶ
2564 700 2885 770 φερόμενον,
2918 702 3040 756 οὺδὲ
3077 721 3161 767 τις
3198 705 3406 768 οὐδενὸς
3455 707 3509 759 τὸ
3536 709 3640 760 σύν-

2115 790 2237 842 ολον
2254 790 2467 859 κίνησις
2495 791 2827 861 παγιότητος
2855 794 3229 867 ἀρῤήτου,τὴν
3248 795 3356 848 τῶν
3376 799 3644 869 φερομένων

2112 896 2172 931 τε
2198 880 2292 932 καὶ
2320 882 2651 952 κινουμένων
2692 886 2865 954 φοράν
2891 903 2951 938 τε
2980 887 3315 957 όρισαμένης
3333 891 3420 941 καὶ
3442 890 3639 961 κίνησιν.

2115 972 2259 1042 Πρὸς
2296 972 2326 1024 ὃ
2354 973 2608 1039 γενέσθαι
2637 976 2781 1031 κατὰ
2806 975 2931 1030 νοῦν
2956 977 3412 1048 ὲπιθυμήσαντές,
3452 982 3522 1035 ἔτι
3561 982 3643 1053 τὴν

2113 1064 2218 1117 ὑπὸ
2244 1063 2448 1136 φθορὰν
2472 1067 2844 1137 περικείμενοι
2870 1069 3053 1140 σάρκα
3081 1073 3367 1143 ἐμφρόνως
3394 1074 3449 1126 τὸ
3474 1076 3645 1142 μεταξὺ

2113 1155 2248 1209 Θεοῦ
2283 1160 2376 1210 καὶ
2418 1158 2719 1228 ἀνθρώπων
2777 1160 2967 1231 χάσμα
3022 1161 3299 1233 διέϐησαν,
3351 1168 3537 1235 σαρκὸς
3570 1170 3644 1221 καὶ

2115 1246 2321 1317 κόσμου
2376 1249 2518 1303 κατὰ
2565 1250 2664 1321 τὴν
2716 1251 2902 1321 σχέσιν
2951 1253 3218 1319 ἑκουσίως
3269 1256 3643 1326 ἀπογενόμενοι.

2113 1339 2315 1408 Χάσμα
2345 1340 2453 1409 γὰρ
2477 1341 2553 1405 ὡς
2583 1342 2801 1414 ἀληθῶς
2829 1345 3058 1416 φοϐερόν
3092 1363 3152 1399 τε
3192 1347 3283 1400 καὶ
3309 1348 3449 1417 μέγα
3476 1351 3643 1419 μεταξὺ

2112 1430 2248 1484 Θεοῦ
2290 1433 2382 1485 καλ⁸
2419 1432 2723 1504 ἀνθρώπων
2759 1435 2907 1488 ἐστὶν
2937 1436 2971 1504 η
3016 1436 3150 1504 πρὸς
3191 1437 3254 1490 τὸ
3281 1437 3439 1507 σῶμα
3470 1441 3649 1505 καὶτὸν

2112 1522 2315 1593 κόσμον
2366 1523 2557 1577 τοῦτον
2609 1526 2812 1597 στοργὴ
2863 1528 2957 1580 καὶ
2998 1526 3259 1591 διάθεσις.
3288 1521 3388 1580 Ὧν
3422 1529 3647 1596 γενναίως

2109 1613 2208 1684 τὴν
2238 1615 2492 1685 στέρησιν
2516 1615 2724 1686 χαίρων
2757 1617 2982 1688 στέρξας
3026 1621 3055 1672 ὁ
3085 1618 3338 1686 Λάζαρος
3395 1618 3499 1688 (ὡς
3526 1619 3650 1689 δηλοῖ

2107 1703 2143 1774 ἦ
2169 1720 2229 1757 τε
2262 1705 2417 1769 νόσος
2450 1705 2545 1759 καὶ
2571 1708 2605 1777 ἡ
2638 1707 2816 1771 πενία,
2844 1710 2877 1778 ἡ
2910 1709 3008 1779 μὲν
3043 1710 3142 1779 τὴν
3164 1710 3301 1776 πρὸς
3341 1711 3432 1763 τὸν
3458 1710 3658 1779 κόσμον,

2107 1797 2141 1867 ἡ
2172 1795 2230 1849 δὲ
2253 1796 2354 1864 τὴν
2376 1797 2511 1867 πρὸς
2534 1797 2596 1851 τὸ
2626 1795 2784 1869 σῶμα
2806 1799 3105 1870 ποιουμένη
3130 1800 3281 1869 αὐτῷ
3307 1798 3654 1871 ἀλλοτρίωσιν)

441 1885 499 1931 et
528 1876 777 1941 divitem,
806 1876 904 1945 qui
937 1885 1086 1930 totus
1122 1876 1179 1931 in
1223 1875 1331 1931 illis
1359 1875 1688 1941 inhaesisset,
1738 1884 1894 1933 extra
1927 1891 2013 1931 re-

2113 1889 2214 1957 τὴν
2237 1889 2294 1943 ὲν
2317 1889 2537 1951 κόλποις
2577 1890 2824 1962 Ἀϐραὰμ
2848 1891 3159 1969 κατηξιώθη
3192 1892 3381 1947 λαϐεῖν
3428 1891 3657 1963 (1651))

441 1964 859 2037 frigerationcm
923 1963 1152 2035 reliquit
1189 1977 1266 2031 ιιι,
1312 1970 1501 2036 ﬁneque
1554 1967 1722 2020 alium
1776 1967 2011 2021 carnalis

442 2062 568 2114 vita:
610 2058 854 2113 fructum
904 2058 1200 2113 habentem
1232 2066 1433 2127 praeter
1477 2057 1626 2127 quod
1666 2058 1787 2129 ejus
1835 2058 2012 2127 ipsius

441 2164 606 2205 causa
642 2158 847 2204 aeterna
889 2164 1049 2218 poena
1084 2148 1339 2214 aﬂicitur,
1377 2165 1559 2219 neque
1590 2157 1860 2219 praesente
1897 2150 2008 2203 vita

437 2239 738 2305 fruentem,
780 2255 943 2309 quam
995 2239 1167 2295 solum
1210 2239 1559 2295 desiderabat
1595 2247 1652 2295 et
1697 2239 2007 2306 adamabat,

438 2348 564 2387 cum
596 2342 779 2387 tamen
827 2331 1056 2387 retineri
1103 2346 1169 2386 ea
1205 2331 1530 2386 naturaliter
1552 2342 1777 2402 propter
1803 2331 2010 2386 ﬂuxum

438 2425 586 2480 haud
627 2433 812 2495 queat,
866 2438 1048 2494 neque
1089 2422 1287 2479 futurae
1316 2431 1646 2493 compotem,
1679 2412 1835 2494 cujus
1863 2438 2010 2478 sem-

439 2527 538 2581 per
566 2512 751 2568 studio
785 2520 840 2568 et
871 2527 1058 2567 amore
1087 2527 1155 2569 ex
1187 2518 1302 2571 toto
1331 2518 1645 2577 vacaverat,
1698 2527 1822 2583 quas
1862 2513 2009 2573 solos

438 2618 535 2658 eos
578 2605 974 2673 complectatur
1001 2603 1096 2673 qui
1133 2604 1357 2674 penitus
1391 2608 1513 2660 eam
1554 2603 1788 2675 diligant
1819 2614 1875 2659 et
1908 2620 2010 2674 pro

439 2691 713 2747 desiderio
755 2694 876 2764 ejus
932 2692 1158 2762 quosvis
1205 2691 1427 2747 dolores
1478 2691 1737 2747 lubenter
1785 2702 1843 2748 et
1882 2708 2008 2751 cum

438 2781 721 2850 voluptate
773 2781 1076 2852 perferant.
1126 2779 1296 2835 Sinus
1342 2766 1528 2835 autem
1576 2781 1875 2835 Abrahami
1914 2781 2010 2851 qui

439 2873 703 2930 dicuntur-
753 2872 1111 2944 intelligimus
1159 2873 1333 2928 Deum
1362 2873 1457 2942 qui
1490 2872 1559 2927 de
1588 2872 1884 2926 Abrahami
1920 2887 2009 2927 se-

437 2965 587 3020 mine
638 2964 936 3023 carnaliter
983 2964 1146 3020 nobis
1197 2963 1480 3033 apparuit,
1524 2978 1715 3019 verum
1763 2962 2009 3016 omnium

436 3057 794 3127 praebitorem
828 3055 1088 3113 omnibus
1114 3054 1293 3125 gratia
1326 3053 1507 3124 dignis
1536 3069 1635 3124 pro
1666 3054 1926 3123 qualitate
1955 3060 2011 3106 et

437 3146 744 3216 quantitate
771 3148 1038 3216 cujusque
1070 3146 1315 3214 virtutis,
1345 3146 1497 3201 velut
1516 3144 1731 3199 diversa
1760 3143 2007 3214 quaedam

436 3238 717 3304 donativa,
762 3236 859 3292 sed
906 3237 1255 3295 individuum
1306 3252 1426 3293 sese
1456 3237 1898 3301 distribuentem,
1953 3245 2011 3289 et
2037 3230 2081 3252 “

438 3339 625 3385 tamen
662 3329 737 3392 ita
783 3339 843 3386 ut
894 3344 1020 3385 cum
1055 3329 1140 3390 eis
1168 3329 1262 3398 qui
1308 3328 1643 3398 participant
1668 3342 2009 3396 nequaquam

437 3422 602 3477 simul
636 3422 960 3488 dissecctur,
989 3428 1217 3492 propter
1245 3418 1474 3477 unitatis
1502 3418 1833 3473 naturaliter
1863 3417 2011 3472 inse-

437 3513 742 3583 parabilem
805 3512 1366 3576 exsistentialitatem,
1423 3517 1480 3565 et
1532 3525 1748 3574 rursus,
1784 3517 2010 3579 propter

436 3601 714 3672 disparem
760 3615 952 3661 eorum
989 3599 1194 3671 quibus
1223 3599 1663 3655 communicatur
1688 3597 2010 3667 dignitatem

439 3695 496 3748 in
538 3691 997 3753 communicando
1042 3705 1161 3746 sese
1196 3689 1431 3744 miritlce
1468 3687 1774 3743 secundum
1813 3687 2010 3743 inetia-

2110 1979 2438 2046 ἁνάπαυσιν,
2464 1982 2555 2037 τὸν
2591 1981 2801 2045 τούτοις
2844 1983 3261 2052 προστετηκότα
3290 1984 3540 2038 πλούσιον
3570 1984 3659 2049 ἔξω

2110 2070 2270 2138 ἀφεὶς
2295 2072 2393 2141 τῆς
2423 2072 2680 2138 ἀνέσεως,
2725 2072 2891 2143 μηδὲν
2916 2072 3041 2126 ἄλλο
3064 2073 3163 2142 τῆς
3196 2073 3287 2127 διὰ
3312 2074 3510 2144 σαρκὸς
3533 2073 3659 2141 ὠφεο

2108 2159 2337 2231 ληθέντα
2373 2161 2542 2232 ζωῆς.
2576 2163 2715 2232 πλὴν
2741 2162 2835 2216 τοῦ
2876 2163 2965 2216 ἐπ’
2994 2164 3129 2235 αὐτῇ
3157 2165 3481 2235 ἀπεράντως
3514 2162 3660 2218 κολά-

2111 2252 2318 2319 ζεσθαι,
2346 2253 2423 2316 ὡς
2449 2251 2580 2314 οὔτε
2608 2254 2708 2324 τὴν
2742 2253 3027 2326 παροῦσαν
3067 2252 3214 2326 ζωὴν
3244 2253 3459 2324 ἔχοντα,
3495 2254 3559 2324 ἦν
3580 2269 3667 2305 πο·

2111 2344 2282 2413 θήσας
2323 2343 2491 2414 μόνην
2520 2343 2819 2414 ἠσπάζετο,
2851 2344 3162 2415 ἀκράτητον
3200 2344 3369 2414 φύσει
3405 2346 3544 2398 κατὰ
3579 2345 3666 2412 τὴν

2112 2432 2297 2501 ρεῦσιν
2325 2431 2705 2504 ὑπάρχουσαν,
2734 2431 2859 2487 οὔτε
2889 2434 2989 2505 τῆς
3029 2434 3335 2506 μελλούσης
3367 2434 3672 2506 μεταλαχεῖν

2110 2520 2429 2592 δυνάμενον,
2469 2522 2606 2593 πρὸς
2648 2523 2717 2595 ἢν
2760 2522 2930 2594 ἀργὸς
2962 2525 3277 2579 παντάπασι
3324 2526 3557 2596 διέμεινε
3590 2524 3673 2577 καὶ

2110 2612 2428 2683 ἀνέραστος,
2476 2613 2660 2683 μόνοις
2705 2615 3323 2687 ἑκείνοιςσυμφύεσθαι
3375 2620 3490 2679 τοῖς
3524 2615 3677 2685 αὐτὴν

2108 2702 2411 2774 ὁλοσχερῶς
2477 2704 2799 2775 ἀγαπήσασι
2861 2707 3194 2775 πεφυκυίας,
3255 2707 3356 2764 καὶ
3408 2705 3503 2759 τοῦ
3555 2704 3678 2773 πρὸς

2109 2794 2279 2866 αὐτὴν
2338 2795 2522 2849 εἵνεκα
2579 2796 2746 2849 πόθου
2790 2797 2968 2851 πάντα
3013 2797 3080 2855 τὰ
3131 2797 3369 2873 ἀλγεινὰ
3400 2794 3684 2866 προθύμως

2112 2885 2231 2954 μεθ’
2301 2885 2498 2956 ἡδονῆς
2560 2886 2911 2956 ὑπομείνασι.
2985 2887 3239 2949 Κόλπους
3316 2887 3376 2944 δὲ
3448 2883 3683 2956 Ἀϐραὰμ

2109 2973 2408 3038 ἀκούοντας
2454 2974 2547 3030 τὸν
2603 2977 2667 3029 ὲκ
2717 2976 3034 3047 σπέρματος
3097 2975 3360 3047 Ἀδραὰμ.
3412 2976 3509 3029 τὸν
3559 2973 3689 3026 κατὰ

2111 3064 2290 3135 σάρκα
2325 3065 2464 3135 ἡμῖν
2501 3063 2838 3134 ἐπιφανέντα
2880 3066 3147 3136 νοήσομεν
3175 3063 3336 3128 Θεὸν,
3391 3064 3486 3116 τὸν
3531 3062 3689 3122 ὅντως

2111 3158 2330 3210 πάντων
2355 3154 2649 3225 χορηγικδν
2674 3155 2770 3209 καὶ
2800 3156 2937 3208 πᾶσι
2980 3157 3094 3215 τοῖς
3125 3154 3300 3220 ἀξίοις
3348 3154 3456 3224 τῆς
3482 3152 3693 3223 χάριτος

2111 3247 2390 3314 ἀναλόγως
2434 3248 2500 3316 τῇ
2545 3245 2669 3300 κατ’
2710 3246 2915 3317 ἀρετὴν
2962 3245 3195 3301 ἑκάστου
3228 3245 3495 3315 ποιότητι
3524 3260 3584 3296 τε
3610 3242 3697 3295 καὶ

2111 3338 2389 3406 ποσότητι,
2446 3332 2565 3392 οἷόν
2626 3354 2779 3399 τινας
2826 3336 3121 3409 διαφόρους
3163 3335 3342 3406 νομὰς
3388 3333 3445 3370 ⁸⁸
3486 3331 3701 3404 ἀμερῶς

2111 3424 2304 3478 ἑαυτὸν
2336 3425 2724 3495 ὲπιμερίζοντα
2750 3424 2847 3479 καὶ
2874 3408 2999 3489 τοῖς
3022 3426 3353 3496 μετέχουσιν
3376 3408 3495 3478 οὐδ’
3528 3425 3702 3476 ὁπωσ-

2110 3515 2205 3570 οῦν
2228 3515 2770 3586 συνδιατεμνόμενον,
2813 3516 2900 3569 διὰ
2937 3516 3035 3587 τὴν
3076 3516 3218 3570 κατὰ
3250 3516 3426 3585 φύσιν
3468 3515 3705 3585 ἄτμητον

2110 3606 2372 3675 ὀντότητα
2406 3607 2505 3675 τῆς
2535 3603 2804 3672 ἑνότητος,
2852 3603 3133 3674 κᾶμπαλιν
3160 3604 3409 3677 διὰπὴν
3449 3605 3709 3671 διάφορον

2111 3696 2269 3761 ἀξίαν
2323 3695 2433 3750 τῶν
2490 3695 2829 3766 μετεχόντων
2878 3699 3002 3759 ταῖς
3063 3698 3331 3766 μετοχαίς
3383 3693 3708 3767 παραδόξως

2110 3787 2233 3841 καθ’
2290 3788 2487 3841 ἕνωσιν
2536 3788 2773 3859 ἄρρητον
2838 3786 3207 3858 ἀφοριστικῶς
3269 3788 3709 3857 ἐπιφαινόμενον

2114 3875 2294 3952 (οἶδεν
2321 3881 2349 3933 ό
2374 3878 2593 3949 λόγος),
2629 3879 2767 3950 πρὸς
2793 3878 2852 3932 ὃν
2888 3879 3064 3943 οὐδεὶς
3108 3879 3377 3948 διαϐῆναι
3419 3879 3713 3949 δυνήσεται

2112 3968 2309 4039 θρύψει
2366 3967 2572 4038 χαίρων
2605 3968 2828 4039 σαρκὸς,
2890 3968 2984 4022 καὶ
3033 3970 3132 4039 τῆς
3187 3970 3369 4023 αὐτοὺ
3420 3966 3713 4041 μακαρίας

2110 4061 2269 4132 δόξης
2321 4064 2385 4133 τῇ
2432 4058 2529 4114 τοῦ
2583 4062 2789 4129 κόσμου
2838 4062 3024 4132 ἀπάτῃ
3064 4061 3225 4114 πλέον
3249 4062 3564 4133 ἡδόμενος,
3598 4055 3712 4111 οῦδὲ

437 4151 608 4209 stabit
638 4167 761 4207 cum
784 4151 975 4216 mundi
997 4150 1204 4206 victore
1229 4166 1259 4204 a
1282 4149 1489 4209 mundo
1508 4149 1758 4205 devictus
1784 4158 1840 4204 et
1870 4150 2011 4205 male

2113 4154 2370 4223 στήσεται
2422 4151 2560 4221 μετὰ
2620 4150 2715 4203 τοῦ
2767 4150 2861 4205 τὸν
2905 4151 3111 4221 κόσμον
3154 4153 3515 4222 νικήσαντος
3565 4154 3595 4204 ό
3647 4146 3716 4215 τῷ

437 4242 680 4315 prudens
706 4257 773 4298 eo
811 4243 1111 4309 exsultans,
1155 4242 1341 4313 Neque
1370 4241 1517 4297 enim
1548 4240 1630 4309 fas
1666 4256 1788 4296 esse
1817 4241 2009 4302 statuit

2113 4241 2303 4313 κόσμῳ
2330 4239 2585 4311 ἡττηθεὶς
2614 4241 2711 4293 καὶ
2753 4240 2841 4294 ἐπ’
2874 4241 3024 4312 αὐτῷ
3054 4240 3241 4306 κακῶς
3262 4242 3450 4306 εἰδὼς
3484 4239 3717 4310 ἀγαλλό-

436 4335 626 4391 divina
656 4334 893 4408 justitia,
927 4343 990 4393 ut
1020 4333 1114 4404 qui
1142 4334 1245 4390 hac
1279 4334 1390 4387 vita
1431 4348 1547 4391 rem
1574 4333 1870 4396 humanam
1898 4335 2013 4397 me;

2118 4349 2297 4403 μενος.
2328 4331 2441 4384 Οὐκ
2467 4326 2607 4385 εἶναι
2641 4332 2751 4402 γὰρ
2789 4331 2937 4399 ἄξιον
2970 4333 3186 4404 ἔκρινεν
3230 4335 3265 4404 ἡ
3315 4333 3461 4388 θεία
3518 4335 3723 4387 δικαιο-

438 4428 656 4484 tiuntur
685 4436 741 4483 et
773 4426 1057 4497 opulentia
1079 4442 1143 4483 ac
1169 4425 1486 4481 valetudine
1514 4425 1769 4494 corporis
1803 4434 1857 4480 et
1888 4424 2012 4486 aliis

2114 4425 2248 4494 σύνη
2294 4424 2491 4495 (166
2517 4422 2608 4489 α),
2657 4424 2784 4488 τοὺς
2819 4427 2887 4495 τῇ
2932 4423 3044 4495 ζωῇ
3082 4424 3256 4495 ταύτῃ
3312 4426 3396 4479 τὰ
3456 4423 3612 4479 κατὰ
3640 4422 3721 4474 τὸν

438 4519 768 4577 muneribus
798 4519 1156 4587 insolescunt,
1202 4517 1372 4587 inque
1422 4517 1510 4572 his
1547 4516 1677 4573 solis
1708 4515 2011 4573 beatitudi-

2116 4515 2402 4587 ᾷνθρωπον
2454 4514 2915 4586 περιγράφοντας,
2970 4516 3068 4569 καὶ
3102 4514 3330 4585 πλούτῳ
3391 4519 3504 4570 καὶ
3574 4513 3727 4584 ὑγεία

438 4623 567 4669 nem
592 4607 883 4672 collocant,
900 4617 1091 4666 contra
1121 4607 1317 4670 animae
1346 4606 1490 4660 bona
1524 4605 1684 4659 nihili
1713 4605 2008 4670 aestimant,

2113 4607 2367 4677 σώματος
2399 4607 2495 4660 καὶ
2540 4609 2655 4671 τοῖς
2703 4606 2884 4669 ἄλλοις
2915 4605 3221 4676 ἀξιώμασιν
3260 4608 3725 4681 ἅϐρυνομὲνους.

386 4752 395 4761 ,
438 4700 645 4757 divinis
691 4707 857 4769 atque
910 4699 1135 4755 teternis
1178 4698 1492 4768 potirentur
1542 4697 1724 4763 bonis,
1772 4712 2009 4766 quorum

2113 4698 2208 4752 καὶ
2240 4697 2401 4763 τοῦτο
2446 4697 2608 4768 μόνον
2667 4698 2939 4769 μακάριον
2989 4697 3304 4766 κρίνοντας.
3375 4701 3457 4752 τὰ
3523 4700 3587 4752 δὲ
3634 4696 3730 4765 τῆς

439 4808 631 4851 curam
659 4792 958 4847 habuerint
984 4792 1147 4863 plane
1192 4791 1422 4855 nullam,
1468 4789 1540 4845 ob
1582 4788 1809 4850 nimiam
1840 4797 2013 4847 mate-

2113 4789 2289 4859 ψυχῇς
2325 4787 2509 4857 ἀγαθά
2548 4790 2679 4858 παρ’
2707 4788 2863 4843 οὐδὲν
2893 4786 3233 4858 τιθεμένους,
3263 4789 3397 4844 τῶν
3432 4790 3613 4843 θείων
3640 4786 3728 4841 καὶ

438 3784 606 3841 bilem
641 3783 936 3853 quamdam
958 3782 1359 3837 'adunatiouem
1407 3780 1702 3851 separatim
1747 3795 2015 3850 apparen-

440 3875 754 3946 tem'(novit
800 3874 962 3946 ratio)
1010 3892 1023 3929 :
1076 3874 1143 3930 ad
1182 3888 1348 3945 quem
1391 3888 1556 3927 nemo
1590 3882 1881 3943 penetrare
1911 3888 2011 3942 po-

439 3970 567 4025 terit
590 3970 682 4039 qui
712 3968 895 4023 carnis
928 3968 1210 4037 voluptate
1245 3966 1466 4037 gaudet,
1500 3981 1564 4021 ac
1602 3966 1794 4020 mundi
1838 3966 2012 4036 magis

436 4059 632 4114 fraude
683 4075 848 4129 quam
878 4058 1042 4113 beata
1089 4058 1262 4128 ipsius
1301 4057 1473 4127 gloria
1525 4056 1851 4120 delectatur,
1908 4072 2013 4111 nec

439 4883 661 4947 r-ialium
707 4883 973 4949 studium,
1029 4882 1384 4937 immemores
1431 4888 1696 4950 quantum
1726 4879 1929 4935 divitize
1957 4888 2013 4936 et

2113 4879 2347 4941 αἰωνίων
2383 4880 2707 4950 μεταλαχεῖν
2732 4879 2973 4947 ἀγαθῶν,
3033 4872 3108 4937 ὧν
3159 4879 3271 4933 οὐδ’
3316 4880 3486 4945 ὅλως
3536 4882 3735 4950 ἐφρόν-

439 4973 700 5035 valetudo
748 4974 1072 5046 reliquaque
1139 4971 1461 5044 temporalia
1525 4971 1670 5031 bona
1709 4970 2010 5035 virtutibus

2115 4988 2293 5036 τισαν,
2355 4969 2444 5027 διὰ
2503 4971 2604 5038 τὴν
2657 4968 2858 5040 πολλὴν
2906 4969 3035 5039 περὶ
3086 4969 3157 5024 τὰ
3219 4969 3409 5023 ὑλικὰ
3463 4972 3733 5037 σπουδὴν,

438 5076 796 5141 superentur,

2116 5050 2495 5130 ἀγνοήσαντας
2557 5061 2680 5114 ὅσον
2730 5059 2962 5125 πλούτου
3018 5060 3111 5113 καὶ
3174 5060 3388 5127 ὑγείας
3465 5066 3577 5121 καὶ
3637 5060 3742 5114 τῶν

2117 5149 2291 5209 ἄλλων
2320 5150 2673 5224 προσκαίρων
2698 5149 2920 5219 ἀγαθῶν
2961 5151 3019 5214 αἱ
3057 5150 3250 5219 ᾁρεταὶ
3305 5152 3768 5225 ὑπερέχουσιν..

2050 5270 2117 5289 —

815 5331 1199 5404 Contemplatio
1235 5333 1298 5387 de
1324 5331 1623 5395 virtutibus,

2574 5328 2793 5398 Θεωρία
2829 5328 2962 5396 περὶ
3000 5311 3243 5396 ἀρετῶν.

2186 5444 2362 5500 Μόναι
2386 5444 2497 5515 γὰρ
2524 5444 2619 5497 καὶ
2646 5444 2744 5498 σὺν
2767 5444 2880 5504 τοῖς
2906 5440 3089 5504 ἄλλοις
3114 5442 3169 5493 αἱ
3203 5440 3437 5508 ἀρεταὶ
3464 5441 3754 5513 μακάρια

2113 5535 2331 5590 ποιοῦσι
2356 5535 2454 5591 τδν
2484 5534 2789 5606 ἄνθρωπον.
2832 5532 2987 5588 Μετὰ
3018 5534 3116 5604 μὲν
3157 5531 3269 5588 τῶν
3336 5533 3579 5603 ἄλλων,
3614 5529 3754 5590 κατὰ

510 5450 653 5506 Sola:
698 5450 870 5515 enim,
951 5448 1168 5505 etiamsi
1214 5448 1321 5503 alia
1397 5447 1774 5512 comitantur,
1830 5448 2009 5501 virtu—

439 5546 526 5602 tes
580 5537 808 5594 beatum
872 5536 1110 5593 reddunt
1162 5537 1490 5593 hominem:
1532 5553 1640 5593 una
1687 5551 1814 5592 cum
1859 5536 2003 5602 aliis,

511 5657 553 5690 ι·
591 5648 725 5704 Luc.
754 5664 864 5714 xvi,
898 5649 992 5703 25.

1728 5716 1959 5785 ἾΔΒΙᾸΞ
1999 5716 2394 5777 LECTIONES.

534 5787 579 5829 ”
598 5787 767 5861 νόμας
798 5787 922 5843 cod.
948 5784 1090 5845 Gud.
