3984 6198
369 371 506 437 Ῑὶ73

1536 464 1545 473 ⁴
1597 380 2115 441 AMBIGUORUM
2156 377 2406 438 LlBER.

3516 354 3614 419 171

366 487 593 551 πλάτος,
650 487 727 551 ῶς
757 504 840 552 τις
885 487 989 558 ἔφη
1035 489 1140 542 τῶν
1170 491 1236 544 τὰ
1271 489 1392 544 θεῖα
1440 470 1642 559 σοφῶν,
1685 492 1847 562 μόναι
1884 492 1940 544 δὲ

2051 488 2349 545 secundum
2377 485 2754 549 latitudinem,
2789 490 2848 536 ut
2881 476 3084 548 aliquis
3114 475 3168 528 in
3206 472 3374 527 rebus
3415 470 3618 526 divinis

367 578 462 635 καὶ
493 578 618 632 καθ’
647 580 868 645 ἑαυτάς,
898 580 1038 634 κατά
1066 584 1436 654 περιγραφήν.
1487 582 1608 637 Τῶν
1639 584 1748 653 γὰρ
1773 583 1942 637 ὄντων

363 670 432 724 ei
461 670 563 739 μὲν
599 668 739 722 κατά
771 670 1119 742 περιγραφὴν
1162 674 1383 736 νοεῖται,
1422 671 1498 737 ὡς
1529 672 1754 743 δίπηχυ,
1790 673 1858 727 τὰ
1886 673 1942 726 δὲ

367 760 507 813 κατά
533 760 755 827 πλάτος,
802 759 877 823 ὡς
906 760 1101 830 σωρός.
1144 763 1328 831 Σωροῦ
1374 763 1487 833 γὰρ
1520 762 1622 817 κάν
1659 763 1751 817 δύο
1793 764 1945 834 μεδί-

370 868 535 920 μνους
570 850 796 924 ἀφέλῃς,
830 851 891 904 τὺ
917 851 1238 924 λειπόμενον
1274 857 1425 925 μένει
1463 855 1637 925 σωρός
1659 873 1673 885 .
1718 856 1811 910 καὶ
1841 858 1943 926 τῆς

364 940 421 993 δὲ
450 939 589 995 κατά
631 939 838 1005 πλάτος
892 943 1298 1015 μακαριότητος
1345 944 1411 998 ἂν
1468 945 1674 1019 ἀφέλῃς
1724 945 1793 1000 τά
1847 946 1942 1001 τοῦ

366 1031 619 1119 σωματος
643 1033 741 1087 καὶ
773 1033 882 1087 τῶν
910 1035 1071 1099 ἐκτὸς
1100 1037 1301 1104 ἀγαθὰ,
1351 1038 1660 1111 καταλίπῃς
1683 1038 1739 1092 δὲ
1776 1039 1943 1110 μόνας

362 1120 462 1185 τὰς
495 1123 718 1194 ἀρετὰς,
753 1124 905 1196 μένει
956 1127 1052 1181 καὶ
1101 1125 1275 1191 οὕτως
1318 1128 1601 1193 ἀνελλιπὲς
1647 1129 1710 1183 τὸ
1760 1130 1942 1200 μακά-

365 1230 503 1283 ριον.
535 1216 828 1288 Αὐτάρκης
844 1217 952 1290 γάρ
971 1218 1065 1272 καὶ
1090 1219 1214 1272 καθ’
1240 1219 1439 1291 ἑαυτὴν
1481 1220 1557 1291 τῷ
1591 1220 1768 1291 ἔχοντι
1799 1221 1942 1294 πρὸς

363 1303 726 1399 εὐδαιμονίαν,
844 1309 1038 1399 ἀρετή.
1083 1310 1196 1372 Πᾶς
1241 1308 1334 1363 οὖν
1377 1311 1548 1374 κακὸς
1576 1310 1780 1399 (mltos,
1838 1310 1941 1364 κᾶν

268 1434 278 1442 .
365 1393 544 1447 πάντα
569 1396 872 1469 συλλήϐδην
915 1398 1016 1470 ἔχῃ
1053 1400 1124 1452 τὰ
1171 1400 1441 1471 λεγόμενα
1480 1402 1581 1472 τῆς
1608 1393 1937 1473 γῆξάγαθά,

365 1484 474 1539 τῶν
511 1488 724 1559 ἀρετῶν
763 1491 1162 1562 ἐστερημένος’
1203 1494 1297 1546 καὶ
1338 1496 1448 1557 πᾶς
1493 1493 1698 1563 ἀγαθὸς
1759 1495 1942 1564 μακάο

368 1592 503 1643 ριος,
547 1577 653 1631 κᾶν
693 1580 911 1634 πάντων
956 1581 1248 1655 ἐστέρηται
1287 1583 1399 1637 τῶν
1432 1585 1522 1638 ἐπὶ
1550 1585 1652 1655 γῆς
1694 1583 1937 1653 ἀγαθῶν,

367 1663 505 1735 ἔχων
533 1668 634 1739 τῆς
663 1670 867 1741 ἀρετῆς
894 1672 993 1757 τῂν
1026 1673 1409 1745 λαμπρότητα,
1445 1675 1565 1744 μεθ’
1587 1670 1654 1746 ἦς
1689 1674 1940 1746 Λάζαρος

366 1758 464 1901 ἓν
516 1762 574 1814 ἐν
633 1764 854 1829 κόλποις
914 1765 1164 1839 Ἀϐραάμ
1225 1768 1531 1823 ἀνάπαυσιν
1579 1769 1720 1840 ἔχων
1768 1769 1937 1839 ἀγάλ-

427 1865 538 1901 ται.

427 1865 538 1905 ται.

2047 581 2268 650 sapiens
2305 577 2542 642 dicebat,
2579 575 2709 631 solae
2734 587 2870 628 vero
2902 585 2999 642 per
3024 564 3372 633 semetipsas,
3414 577 3616 616 secun-

2045 670 2177 726 dum
2200 666 2793 737 circumscriptionem.
2833 660 3040 717 Rerum
3071 656 3221 713 enim
3258 670 3386 724 pars
3420 668 3614 708 secun-

2045 760 2177 816 dum
2227 752 2797 828 circumscriptionem
2845 752 3117 817 noscitur,
3177 756 3242 802 ut
3290 744 3615 809 bicubitale,

2046 867 2173 923 pars
2192 866 2323 906 vero
2339 849 2642 905 secundum
2664 846 3034 907 latitudinem,
3058 841 3137 895 uti
3159 835 3619 895 acervus.Acervi

2045 941 2422 999 enimetiamsi
2449 940 2589 995 duos
2632 939 2847 993 modios
2870 937 3073 1000 demis,
3119 943 3303 989 tamen
3349 927 3618 998 relinqui~
3674 986 3678 992 |

2045 1040 2139 1088 tur
2180 1046 2438 1094 acervus;
2491 1037 2549 1085 et
2593 1029 2641 1084 si
2689 1028 2838 1083 illius
2892 1024 3198 1082 secundum
3259 1019 3613 1076 latitudinem

2045 1122 2408 1179 beatitudinis
2438 1120 2676 1192 demptis
2723 1117 3110 1189 corporalibus
3159 1122 3325 1184 atque
3372 1108 3621 1166 externis

2044 1217 2209 1273 bonis
2240 1217 2386 1272 solas
2410 1215 2648 1270 virtutes
2676 1212 2920 1282 reliquas
2950 1210 3177 1273 feceris,
3198 1204 3489 1261 beatitudo
3535 1202 3622 1256 ni-

2045 1307 2349 1362 hilominus
2377 1305 2587 1362 illibata
2618 1309 2963 1374 perseverat.
2990 1297 3205 1355 Suﬂicit
3233 1296 3383 1351 enim
3410 1293 3496 1349 vel
3522 1308 3620 1362 per

2043 1400 2394 1468 semetipsum
2434 1397 2502 1452 ad
2539 1393 2944 1451 beatitudinem
2977 1389 3177 1448 virtus.
3215 1385 3410 1442 Omnis
3453 1383 3621 1454 igitur

2042 1489 2219 1544 malus
2265 1488 2458 1553 miser,
2498 1484 2715 1542 etiamsi
2755 1491 2952 1539 cuncta
2979 1488 3140 1535 terrae
3177 1492 3301 1548 quae
3334 1475 3622 1536 dicuntur,

2042 1579 2185 1634 bona
2220 1579 2440 1644 habeat,
2488 1590 2616 1631 eum
2651 1575 2921 1629 virtutum
2954 1570 3026 1625 sit
3058 1583 3259 1640 expers
3293 1583 3306 1620 :
3348 1574 3404 1620 et
3438 1563 3622 1618 omnis

2041 1672 2219 1726 bonus
2269 1669 2483 1733 beatus,
2515 1665 2731 1723 etiamsi
2781 1662 3042 1720 omnibus
3095 1660 3350 1731 privetur
3379 1653 3617 1711 terrenis

2040 1763 2222 1827 bonis,
2250 1778 2375 1819 cum
2405 1761 2478 1817 sit
2515 1757 2736 1813 virtutis
2761 1755 3060 1827 splendore
3080 1762 3332 1815 ornatus,
3372 1761 3621 1818 quocum

1975 1842 2016 1897 Β
2052 1854 2293 1909 Lazarus
2326 1853 2383 1908 in
2413 1852 2538 1907 sinu
2564 1847 2871 1905 Abrahami
2906 1845 3106 1916 requie
3139 1842 3368 1914 gaudet.

372 2026 565 2096 Ἄλλη
614 2030 828 2098 θεωρία
877 2033 967 2099 είς
1002 2032 1091 2097 τὸ,
1133 2051 1152 2085 ι
1174 2032 1318 2088 Ἐὰν
1358 2035 1712 2106 σταυρωθῇς
1763 2038 1809 2070 ⁸⁸
1862 2037 1944 2102 ὡς

2051 2033 2164 2090 Alia
2214 2029 2587 2103 contemplatio
2640 2031 2695 2084 in
2750 2027 2887 2081 illud
2934 2042 2952 2081 :
3009 2043 3027 2077 ι
3084 2022 3142 2079 Si
3199 2016 3526 2089 crucifigaris
3570 2025 3625 2068 ut

678 2207 681 2210 Ι
926 2124 1165 2194 λῃστής
1207 2126 1306 2197 (1).
1351 2146 1372 2180 ι

442 2232 562 2287 Κάν
604 2230 760 2292 αὖθις
813 2236 1019 2309 λῃστής
1048 2239 1196 2293 ἐστιν
1235 2241 1535 2312 εὐγνώμων
1591 2244 1621 2297 ό
1675 2243 1948 2311 καταξιω-

371 2325 488 2390 Oet;
539 2327 736 2398 (166
792 2327 852 2398 ό)
907 2330 1356 2402 συσταυρωθῆναι
1414 2333 1636 2404 Χριστῷ
1704 2335 1794 2389 διὰ
1848 2338 1948 2409 τῆς

374 2418 675 2483 παντελοῦς
704 2420 797 2472 καὶ
817 2420 1115 2492 ὁλοκλήρου
1149 2422 1260 2477 τῶν
1289 2423 1481 2478 παθῶν
1503 2426 1849 2498 ἐκκρούσεως
1874 2430 1941 2495 ⁸⁸,

374 2510 469 2562 καὶ
511 2508 701 2575 δεξιῶς
745 2510 895 2582 αὐτῷ
951 2512 1442 2585 συσταυρούμενος,
1500 2517 1745 2571 τουτέστι
1805 2518 1947 2590 μετά

371 2600 533 2668 λόγου
588 2600 684 2655 καὶ
729 2601 985 2671 γνώσεως
1044 2607 1225 2659 πᾶσαν
1283 2605 1496 2672 διεξιὼν
1565 2610 1788 2682 ἀρετὴν,
1851 2612 1947 2665 καλ⁵

374 2691 724 2762 ἀπρόσκοπον
782 2695 948 2748 πᾶσιν
981 2694 1291 2766 ἀνθρώποις
1335 2697 1426 2752 τὸν
1475 2697 1589 2769 βίον
1646 2699 1944 2772 διατηρῶν,

376 2784 469 2837 καὶ
534 2783 991 2856 μηδεμίανέχων
1048 2787 1108 2840 τὸ
1152 2790 1414 2859 παράπαν
1477 2786 1577 2860 τῆς
1629 2790 1725 2845 τοῦ
1784 2792 1944 2861 λόγου

374 2873 679 2944 πραότητος
736 2874 1049 2945 ἀπᾴδουσαν
1131 2874 1202 2929 δι’
1262 2876 1648 2949 αὐστηρότητα
1705 2879 1941 2950 κίνησιν,

374 2961 644 3033 ἀγνώμων
686 2963 742 3016 δὲ
784 2964 992 3036 λῃστής
1021 2967 1168 3018 ἐστιν
1198 2967 1225 3019 ό
1246 2965 1405 3038 δόξης
1437 2967 1623 3020 ἕνεκεν
1651 2968 1683 3039 ἤ
1722 2969 1944 3040 λημμά-

372 3071 482 3107 των
515 3054 821 3125 ἀδροτέρων
865 3058 979 3119 τοῖς
1032 3057 1379 3128 φαινομένοις
1428 3058 1650 3129 τρόποις
1696 3061 1946 3126 ὑπούλως

2712 2119 2874 2174 latro.
2920 2137 2938 2169 ι

2116 2242 2301 2311 Atque
2363 2238 2411 2293 si
2468 2250 2662 2291 rursus
2711 2233 2878 2297 latro,
2919 2230 3015 2301 qui
3068 2244 3176 2284 una
3227 2242 3352 2283 cum
3398 2225 3625 2301 Christo

2045 2346 2266 2393 crucem
2299 2329 2410 2400 pati
2437 2326 2660 2391 meruit,
2695 2338 2889 2395 aaquus
2913 2333 2969 2377 et
3001 2320 3212 2391 probus
3257 2328 3342 2374 est
3375 2316 3625 2371 affectio-

2047 2425 2213 2480 nibus
2246 2423 2406 2493 plene
2452 2428 2617 2490 atque
2652 2415 2897 2487 perfecte
2932 2412 3198 2483 expulsis,
3255 2420 3311 2466 et
3341 2410 3407 2466 ad
3440 2408 3627 2463 dexte-

2047 2532 2166 2571 ram
2211 2515 2331 2586 ejus
2378 2514 2527 2568 cruci
2573 2508 2803 2574 aﬂixus,
2846 2507 2954 2562 hoc
3001 2519 3087 2566 est
3138 2519 3264 2558 cum
3326 2501 3539 2556 ratione
3570 2507 3626 2554 et

2049 2608 2364 2679 cognitione
2397 2618 2619 2660 omnem
2661 2601 2921 2656 virtutem
2957 2610 3314 2668 percurrens,
3358 2601 3416 2649 et
3455 2592 3623 2648 vitam

2045 2693 2261 2756 cunctis
2282 2697 2603 2753 hominibus
2631 2693 2959 2748 inoffensam
2976 2699 3033 2747 et
3066 2690 3361 2745 innocuam
3376 2700 3621 2748 servans,

2052 2791 2343 2861 omnisque
2371 2789 2598 2843 omnino
2630 2787 2699 2841 ab
2731 2780 3408 2841 rationismansuetudine
3431 2778 3626 2833 absoni

2052 2887 2276 2954 propter
2330 2880 2589 2935 duritiem
2635 2886 2819 2931 motus
2868 2889 3108 2945 expers,
3160 2872 3390 2942 iniquus
3433 2877 3627 2925 contra

2051 2975 2194 3030 latro
2239 2982 2323 3029 est
2360 2973 2456 3043 qui
2504 2972 2673 3025 vitam
2713 2968 3014 3023 virtutibus
3050 2965 3232 3020 colere
3281 2962 3460 3017 modis
3503 2976 3628 3030 spe-

2051 3066 2219 3121 ciosis
2258 3063 2415 3119 fama:
2445 3060 2883 3131 autspissiorum
2919 3056 3418 3113 emolumentorum
3449 3054 3625 3121 gratia

373 3144 468 3198 τὸν
508 3146 627 3198 κατ’
677 3144 879 3217 ἀρετὴν
928 3145 1042 3216 βίον
1096 3148 1544 3226 ὑποκρινόμενος,
1591 3150 1689 3204 καὶ
1725 3149 1823 3205 ἕνα
1850 3152 1946 3205 καὶ

2051 3157 2278 3214 subdole
2320 3152 2566 3215 simulat.
2619 3167 2788 3208 unum
2847 3161 2903 3205 et
2942 3149 3121 3205 solum
3168 3146 3314 3218 apud
3370 3152 3627 3199 externos

378 3234 539 3304 μόνον
569 3236 703 3305 πρὸς
737 3237 861 3300 τοὺς
912 3236 1019 3303 ἔξω
1063 3238 1158 3292 τὸν
1189 3238 1395 3293 κόλακα
1424 3239 1582 3309 λόγον
1609 3242 1733 3295 ἀντὶ
1765 3243 1947 3314 πάσης

373 3327 578 3395 ἀρετῆς
605 3343 664 3380 τε
692 3328 785 3381 καὶ
819 3328 1075 3396 γνώσεως
1119 3331 1540 3402 μετερχόμενος,
1574 3332 1713 3404 πρὸς
1740 3333 1798 3387 δὲ
1820 3335 1947 3398 τοὺς

375 3416 629 3486 συνήθεις
669 3417 881 3482 σκολιός
923 3436 1008 3483 τις
1046 3419 1147 3490 τὴν
1186 3419 1414 3491 γνώμην
1455 3421 1565 3474 τῶν
1603 3422 1949 3477 παντάπασιν

375 3504 450 3591 ῶν
481 3508 573 3560 καὶ
629 3498 982 3581 δυσάντητος,
1035 3511 1096 3564 δν
1141 3512 1224 3566 δεῖ
1262 3512 1408 3581 μάλα
1444 3529 1509 3582 γε
1549 3514 1647 3585 τὴν
1684 3515 1805 3569 όδδν
1852 3515 1948 3569 τοῦ

375 3595 510 3650 Θεοῦ
562 3597 986 3671 βλασφημοῦντα
1045 3602 1183 3672 μετά
1230 3602 1502 3667 συνέσεως
1552 3606 1947 3673 ἐπιστομίζειν.

382 3686 541 3750 Ἴσως
566 3687 677 3758 γὰρ
712 3687 982 3742 παύσεται
1014 3688 1118 3743 τοῦ
1146 3689 1456 3744 διαϐάλλειν
1503 3690 1590 3743 διά
1616 3693 1714 3762 τῆς
1742 3691 1950 3756 οἰκείας

377 3780 726 3851 ἀναστροφῆς
763 3782 855 3834 τὸν
882 3780 1064 3850 λόγον,
1117 3786 1184 3853 τῇ
1234 3782 1555 3854 παραινέσει
1589 3784 1635 3815 ⁸⁷
1680 3783 1774 3837 τοῦ
1827 3786 1951 3838 ἐπι-

310 3948 319 3953 _
377 3871 732 3942 πλήσσοντος,
763 3873 954 3945 ὥσπερ
986 3874 1078 3927 ἐπὶ
1099 3873 1193 3927 τοῦ
1229 3876 1468 3946 σταυροῦ
1492 3875 1759 3929 πέπονθεν
1792 3877 1821 3928 ὁ
1853 3876 1951 3947 τὴν

381 3958 733 4031 βλασφημίαν
759 3961 933 4025 ἀδεῶς
962 3963 1337 4034 προσενέγκας
1363 3963 1587 4036 λῃστής.
1629 3964 1703 4018 Τὸ
1741 3967 1849 4036 γὰρ
1874 3964 1951 4038 μὴ

377 4050 836 4119 ἀντιφθέγξαπθαι
880 4052 960 4122 τῷ
994 4046 1354 4125 ἐέ³²τι⁴¹τλήξιιν⁴.τι
1417 4059 1641 4127 σημεῖον
1694 4056 1807 4128 ἔχει
1851 4058 1953 4129 τῆς

376 4141 473 4194 τοῦ
524 4142 782 4213 ῥηθέντος
827 4144 1101 4216 ἀποδοχῆς
1155 4145 1315 4215 λόγου
1365 4146 1466 4218 τὴν
1518 4149 1751 4219 σιωπήν.
1813 4146 1952 4201 Καθ’

378 4234 570 4302 ἥντινα
604 4234 735 4300 γοῦν
762 4235 870 4288 τῶν
893 4236 1201 4307 εἰρημένων
1247 4236 1326 4307 τῷ
1365 4238 1587 4308 Χριστῷ
1619 4238 1952 4310 συσταυρού-

382 4323 544 4393 μεθα,
574 4324 987 4395 σπουδάσωμεν,
1020 4326 1096 4390 ὥς
1114 4327 1281 4397 ἐσμεν
1310 4328 1565 4392 ἐνταῦθα,
1588 4329 1679 4383 τὸν
1710 4346 1949 4383 συσταυυ

383 4417 642 4489 ρούμενον
697 4422 830 4491 ἡμῖν
888 4419 1213 4476 ἱλεὼσασθαι
1248 4423 1442 4492 Λόγον,
1475 4424 1568 4476 καὶ
1598 4423 1697 4495 τὴν
1746 4424 1949 4496 ἀψευδῆ

374 4509 633 4575 δέξασθαι
667 4512 714 4579 Ῡ⁸
742 4511 884 4566 κατά
913 4513 1220 4586 συνείδησιν
1248 4514 1615 4587 καθαρθεῖσαν
1646 4517 1757 4570 τῶν
1788 4519 1952 4589 πλησ-

380 4602 582 4654 σόντων
625 4602 796 4673 αὐτὴν
829 4605 1118 4674 νοημάτων
1155 4605 1253 4675 τῆς
1300 4606 1660 4670 ἀναπαύσεως
1710 4609 1950 4676 ἐπαγγε-

378 4693 519 4757 λίαν,
574 4694 734 4765 εἴπερ
785 4695 819 4766 ἡ
873 4698 1113 4766 σήμερον
1140 4696 1238 4768 τὴν
1268 4698 1573 4752 ἐνεστῶσαν
1620 4699 1813 4753 τούτου
1855 4700 1950 4754 τοῦ

378 4778 574 4844 αἰῶνος
627 4780 846 4852 ἡμέραν
905 4782 1241 4836 ἐνδείκνυται
1263 4782 1557 4855 (Σήμερον
1594 4786 1725 4855 γὰρ,
1762 4787 1950 4856 φησὶν,

376 4869 493 4937 ἔσῃ
518 4871 644 4939 μετ’
669 4871 815 4941 ἐμοῦ
848 4871 920 4925 ἐν
951 4870 1030 4937 τῷ
1053 4873 1248 4944 (167
1274 4874 1344 4943 a)
1392 4876 1735 4944 παραδείσῳ
1749 4876 1790 4946 ),
1825 4877 1859 4947 ἡ
1895 4877 1953 4930 δὲ

378 4957 566 5029 αὔριον
610 4959 710 5033 τὴν
753 4960 847 5017 τοῦ
911 4961 1225 5035 μέλλοντος,
1275 4964 1397 5018 καθ’
1440 4964 1506 5037 ἢν
1545 4966 1802 5035 οὐδεμίαν
1851 4966 1949 5038 μὲν

377 5051 569 5118 ἄφεσιν
595 5051 1010 5127 ἁμαρτημάτων
1034 5052 1348 5123 ἐκδέχεσθαι
1385 5061 1512 5126 χρὴ,
1556 5057 1724 5128 μόνην
1766 5056 1823 5109 δὲ
1850 5056 1950 5127 τῆς

377 5142 595 5213 ἑκάστῳ
620 5141 941 5215 πρεπούσης
973 5142 1095 5197 κατ’
1137 5142 1296 5209 ἀξίαν
1338 5145 1575 5216 ἀμοιϐῆς
1609 5145 1716 5200 τῶν
1760 5145 1953 5217 βεϐιω-

380 5229 556 5300 μένων
585 5229 875 5286 ἀντίδοσιν.

447 5352 477 5384 II
501 5343 638 5403 Luc.
663 5358 818 5410 nm,
850 5342 941 5400 45.

2048 3247 2392 3303 adulatorem
2415 3259 2723 3301 sermonem
2752 3258 2855 3313 pro
2890 3239 3045 3294 omni
3068 3239 3280 3293 virtute
3310 3246 3478 3307 atque
3527 3251 3625 3290 co-

2049 3339 2294 3412 gnitione
2323 3336 2618 3400 meditans,
2654 3349 2782 3403 erga
2810 3331 3112 3386 familiares
3140 3336 3332 3384 contra
3370 3333 3628 3382 versutus

2050 3431 2237 3486 animo
2276 3444 2390 3499 pra:
2432 3426 2648 3483 czcteris
2695 3433 2860 3495 atque
2919 3438 3155 3478 occursu
3211 3417 3471 3486 difﬁcilis,
3530 3419 3623 3488 qui

2051 3540 2176 3579 cum
2207 3523 2309 3578 Dei
2330 3523 2475 3576 viam
2509 3518 2750 3589 graviter
2773 3515 3146 3584 blasphemet,
3187 3512 3364 3582 perite
3398 3510 3626 3581 reprimi

2051 3617 2218 3672 debet
2260 3631 2326 3671 ac
2381 3610 2674 3669 refrenari.
2728 3610 2983 3665 Fortasse
3037 3607 3183 3672 enim
3231 3605 3448 3659 desinet
3491 3619 3625 3659 con-

2050 3708 2362 3765 versatione
2399 3720 2500 3760 sua
2539 3703 2855 3759 obtrectare
2908 3697 3164 3754 Sermoni
3213 3712 3244 3751 a
3291 3695 3625 3766 castigatore

2051 3800 2463 3862 admonitus,ut
2497 3796 2683 3852 evenit
2710 3795 2765 3849 in
2795 3809 2961 3849 cruce
2995 3792 3199 3848 latroni
3234 3790 3313 3845 illi
3353 3790 3450 3860 qui
3478 3789 3617 3843 blas-

2052 3890 2328 3963 phemiam
2378 3886 2729 3957 impudenter
2788 3884 3070 3938 intulerat.
3111 3880 3269 3949 Quod
3334 3881 3482 3935 enim
3531 3895 3627 3935 ca-

2053 3980 2277 4053 stiganti
2300 3979 2442 4034 nihil
2474 3976 2781 4047 respondit,
2806 3976 2911 4031 hoc
2938 3973 3159 4030 silentio
3183 3987 3491 4028 sermonem
3521 3987 3550 4032 a
3568 3986 3626 4026 se

2052 4067 2471 4138 comprobatum
2516 4065 2869 4138 signiﬁcavit.
2902 4063 3242 4133 Quacunque
3273 4061 3441 4134 igitur
3461 4060 3629 4131 hujus

2054 4158 2538 4229 contemplationis
2593 4156 2808 4212 ratione
2842 4171 2967 4210 cum
3013 4153 3259 4211 Cbristo'
3303 4151 3455 4208 cruci
3509 4150 3629 4206 affl-

2053 4251 2254 4323 gimur,
2285 4250 2483 4304 demus
2503 4264 2748 4318 operam,
2785 4255 2844 4301 ut
2874 4261 3067 4301 sumus
3092 4245 3194 4310 ibi,
3223 4252 3284 4301 ut
3314 4259 3625 4300 sermonem

2055 4360 2162 4397 una
2192 4359 2316 4399 eum
2351 4343 2512 4397 nobis
2550 4342 2605 4396 in
2642 4356 2863 4395 crucem
2898 4339 3086 4394 datum
3122 4340 3407 4408 placemus
3438 4338 3623 4401 nobis,

2054 4452 2118 4491 ac
2150 4435 2310 4489 ﬁdam
2340 4434 2826 4502 recipiamuspura
2862 4430 3204 4487 conscientia
3236 4429 3625 4500 castigantium

2054 4527 2446 4597 cogitationum
2486 4526 2657 4594 ipsam
2717 4524 2927 4592 requiei
2988 4531 3045 4577 et
3094 4520 3369 4593 refrigerii
3413 4537 3630 4574 annun-

2058 4617 2374 4683 tiationem;
2444 4615 2719 4685 siquidem
2773 4612 3042 4671 hodierna
3102 4611 3225 4668 dies
3293 4619 3622 4682 praesentem

2056 4707 2222 4779 hujus
2251 4706 2435 4762 szeculi
2474 4705 2621 4760 diem
2654 4703 2928 4776 significat
2976 4702 3165 4775 (Hodie
3212 4702 3372 4767 enim,
3428 4699 3625 4769 inquit,

2058 4816 2259 4853 mecum
2292 4800 2347 4852 in
2404 4797 2653 4868 paradiso
2690 4796 2793 4849 eris
2837 4794 2913 4864 1ιι),
2946 4793 3186 4848 crastina
3222 4799 3405 4847 autem
3454 4788 3626 4845 futuri

2060 4876 2270 4952 saeculi,
2305 4903 2414 4957 qua
2448 4886 2652 4940 nullam
2710 4893 3067 4954 peccatorum
3095 4881 3475 4938 remissionem
3528 4894 3627 4932 ett--

2071 4985 2326 5047 spectare
2374 4976 2547 5031 debes
2569 5015 2582 5039 ,
2619 4990 2812 5028 verum
2839 4974 3010 5028 solam
3039 4988 3142 5043 pro
3191 4972 3630 5043 uniuscujusque

2054 5067 2184 5133 vitae
2229 5065 2427 5121 merito
2456 5064 2876 5120 retributionem
2905 5062 3256 5134 condignam.

1679 5413 1914 5472 VARle
1963 5413 2364 5470 LECTIONES.

450 5510 500 5550 ’⁸
532 5511 755 5583 Repone
789 5511 1196 5583 συσταυρωθῇς,
1227 5519 1288 5566 ιιι
1314 5521 1491 5568 exstat
1516 5511 1682 5567 etiam
1707 5511 1848 5566 infra
1878 5510 2187 5583 fol.24~8q_b.
2230 5510 2414 5583 _’9_lta
2446 5508 2724 5583 rescripsi.
2746 5505 2891 5583 βοᾷ.
2923 5505 3066 5583 Gud.
3090 5505 3237 5562 enim
3265 5506 3427 5583 habet
3456 5507 3631 5578 ἐκρὼ-

381 5595 518 5644 σεως

378 5651 575 5706 cabulo
602 5651 940 5722 παραινέσει.
1018 5653 1063 5684 ³⁸
1084 5651 1336 5716 δόξασθαι
1365 5652 1487 5707 cod.
1514 5651 1657 5708 Gud.

613 5569 1060 5652 “Apograpbu'm
1094 5569 1261 5652 liabet
1286 5586 1352 5651 τῇ
1379 5583 1487 5650 γὰρ
1518 5584 1852 5652 παραινέσει.
1892 5581 2079 5637 Delcvi
2096 5580 2244 5635 illud
2277 5580 2386 5650 γὰρ
2423 5577 2573 5650 quod
2599 5569 2708 5634 non
2730 5577 2921 5635 dubito
2947 5579 3081 5651 quin
3109 5569 3625 5636 accreverit-ex'vo-

452 5765 530 5838 (ι)
558 5766 805 5837 Gregorii
834 5767 960 5822 Naz.
997 5766 1087 5823 0r.
1125 5768 1176 5822 in
1205 5767 1261 5823 S.
1292 5766 1517 5837 Pascha,
1554 5783 1678 5840 cap.
1705 5768 1795 5838 2i,
1831 5778 1963 5826 tom.
1997 5768 2039 5839 ι,
2074 5785 2127 5839 p.
2163 5768 2287 5836 θοι,
2319 5766 2407 5824 ed.
2439 5764 2646 5821 Bencd.
