3984 6198
403 261 539 336 1175

1568 276 1630 335 S.
1670 277 1955 339 ΜΑΧΙΜΙ
1992 278 2500 341 CONFESSORIS

3495 282 3607 349 1176

403 377 529 433 Alia
556 378 933 449 contemplatio
967 380 1037 433 ad
1059 396 1145 434 eos
1175 384 1268 452 qui
1315 383 1590 454 ambigunt
1627 385 1690 438 de
1731 386 1870 439 dicto
1922 389 1977 441 in

2095 390 2268 457 Ἄλλη
2312 391 2524 458 θεωρία
2564 389 2714 457 πρὸς
2745 388 2888 454 τοὺς
2927 388 3300 456 ἀποροῦντας
3355 393 3471 459 περὶ
3519 396 3607 451 τοῦ

470 483 716 523 sermone
744 469 807 521 de
835 467 1165 522 dedicatione
1193 471 1308 540 ejus
1337 471 1427 541 qui
1469 472 1603 526 dixit
1637 488 1655 525 :
1690 493 1707 523 ι
1752 471 1978 528 Sublimi

474 558 772 625 sublimior,
806 567 857 613 et
897 559 1207 616 admirabili
1247 562 1633 620 admirabilior.
1674 583 1693 616 ι

474 764 553 820 Ae
593 780 789 822 rursus
826 765 1061 836 primam
1095 766 1440 823 Dominicam
1481 769 1752 824 naturalis
1794 785 1979 825 resur-

408 857 675 915 rectionis
704 857 904 913 futurae
931 869 989 914 et
1018 860 1479 931 sempiternitatis
1500 876 1621 916 esse
1646 860 1976 932 symbolum,

406 952 707 1010 secundum
741 966 878 1007 vero
926 952 1221 1023 imaginem
1272 952 1418 1009 ferre
1455 953 1828 1009 deificationis
1859 970 1981 1025 quae

406 1043 474 1101 de
506 1042 679 1114 gratia
712 1042 872 1097 nobis
908 1042 1183 1112 obtinget.
1217 1040 1375 1111 Quod
1400 1043 1446 1098 si
1478 1043 1672 1101 habitu
1708 1044 1979 1100 malorum

407 1151 549 1208 puro
583 1150 651 1190 ae
677 1124 855 1189 libero
881 1134 1156 1190 bonorum
1188 1135 1402 1200 fruitio,
1435 1146 1493 1192 et
1532 1137 1816 1192 voluntate
1848 1151 1979 1192 sana

405 1234 464 1282 et
506 1226 715 1281 virtute
758 1236 1067 1296 temperata
1097 1235 1322 1297 praestat
1352 1228 1582 1283 habitus
1622 1228 1981 1298 perfectionis

409 1315 715 1371 secundum
754 1331 941 1371 veram
973 1316 1376 1386 cognitionem,
1431 1319 1475 1373 si
1529 1318 1764 1374 naturali
1814 1318 1981 1373 etiam

412 1408 783 1479 perpetuitate
818 1416 1047 1479 pra:th
1072 1409 1127 1463 in
1165 1410 1342 1479 gratia
1372 1410 1441 1465 ad
1487 1411 1659 1477 Deum
1693 1409 1980 1466 transferri

407 1509 463 1553 et
491 1500 807 1569 regenerari
857 1515 958 1570 per
1001 1500 1450 1568 deificatiouem,
1514 1517 1753 1571 quorum
1807 1501 1981 1572 prima

411 1587 694 1643 Dominiea
722 1588 833 1643 fert
864 1589 1185 1659 imaginem,
1231 1590 1403 1645 altera
1444 1606 1574 1645 vero
1626 1601 1713 1646 est
1759 1590 1983 1663 symbo-

410 1678 521 1732 lum
556 1718 572 1744 ,
628 1679 827 1735 merito
869 1680 1097 1736 sublimi
1147 1680 1533 1736 sublimiorem
1575 1681 1772 1751 spiritu
1826 1687 1984 1735 actus

412 1769 671 1839 magister
706 1785 905 1826 novam
937 1771 1079 1826 dixit
1110 1772 1477 1828 Dominieam.

411 1940 801 2016 Contemplatio
829 1944 1117 2010 naturalis,
1173 1961 1268 2017 per
1308 1963 1471 2017 quam
1510 1946 1679 2001 Deum
1738 1965 1802 2003 ea:
1836 1950 1989 2005 rebus

809 2037 1034 2090 conditis
1063 2038 1237 2107 sancti
1272 2038 1594 2093 didicerunt.

484 2148 691 2207 Partim
732 2149 904 2221 igitur
928 2150 1008 2206 sic
1050 2151 1429 2207 conditionem
1482 2153 1762 2212 intuentes
1818 2156 1993 2212 sancti

412 2252 471 2298 et
500 2242 755 2298 ordinem
784 2242 910 2314 ejus
936 2257 1002 2298 ac
1022 2243 1442 2315 proportionem
1487 2256 1545 2300 et
1577 2262 1802 2317 operam
1830 2264 1993 2318 quam

414 2335 632 2406 singula
661 2350 892 2405 qumque
924 2343 1187 2406 praestant
1232 2337 1518 2404 universo,
1574 2349 1633 2395 et
1663 2356 1828 2409 quam
1859 2357 1985 2412 per-

416 2426 558 2484 lecta
607 2427 914 2482 secundum
948 2443 1105 2483 suam
1153 2444 1387 2499 quaeque
1427 2430 1539 2485 sint
1579 2432 1852 2486 rationem
1902 2449 1988 2487 sa-

413 2520 631 2592 pienter
654 2535 719 2574 ac
756 2520 1118 2591 providenter
1170 2523 1477 2578 constituta
1506 2563 1522 2586 ,
1577 2524 1839 2594 quodque
1873 2540 1987 2580 non

413 2611 576 2668 aliter
605 2611 748 2668 bene
786 2627 847 2668 se
886 2612 1094 2668 habere
1113 2629 1238 2685 qua:
1260 2625 1389 2669 sunt
1413 2614 1552 2671 facta
1580 2616 1794 2686 possint
1824 2633 1987 2687 quam

412 2702 692 2772 quomodo
710 2704 822 2774 jam
851 2713 1002 2767 sunt,
1029 2704 1233 2774 quippe
1253 2720 1374 2774 quae
1401 2721 1582 2776 neque
1604 2707 1990 2762 additamento

415 2795 528 2850 ullo
559 2805 652 2850 aut
681 2793 1065 2852 subtractione
1106 2809 1217 2863 quo
1267 2796 1500 2851 meliore
1560 2797 1814 2852 fruantur
1846 2807 1991 2853 statu

416 2885 685 2956 indigent,
722 2884 913 2940 mundi
943 2884 1213 2941 artificem
1264 2901 1333 2943 ex
1388 2888 1656 2957 operibus
1684 2890 1806 2960 ejus
1850 2889 1993 2944 didi-

2144 480 2334 549 ρητοῦ
2385 481 2492 536 τοῦ
2531 481 2604 536 ἐν
2649 479 2730 546 τῷ
2780 481 2939 549 λόγῳ
2981 480 3101 534 τῶν
3154 481 3486 550 Ἔγκαινίων
3519 487 3609 541 τοῦ

2150 575 2488 645 λέγοντος,ι
2509 574 2524 593 '
2537 571 2789 642 Υψ-ηλῆς
2816 571 3181 642 ὑψηλοτέρα,
3203 574 3296 627 καὶ
3317 577 3612 644 θαυμασίας

2150 669 2223 719 θα
2232 664 2597 735 υμασιωτέρα
2625 663 2670 735 (Ι
2774 683 2793 716 ι
3273 690 3278 694 ·

2152 778 2264 832 Καὶ
2308 776 2465 840 αὖθις
2505 774 2604 845 τὴν
2653 774 2755 845 μέν
2804 773 3031 845 πρώτην
3074 773 3361 843 Κυριακὴν
3391 773 3479 842 τῆς
3503 775 3611 844 μελ-

2080 867 2279 936 λούσης
2330 867 2569 937 φυσικῆς
2613 866 2966 928 ἀναστάσεως
3014 865 3108 918 καὶ
3161 864 3458 935 ἀφθαρσίας
3498 863 3612 920 εἶναι

2084 958 2373 1029 σύμϐολον,
2405 958 2501 1029 τὴν
2529 958 2587 1010 δὲ
2616 957 2883 1026 δευτέραν
2909 957 3008 1027 τῆς
3047 958 3191 1011 κατά
3222 959 3381 1028 χάριν
3420 959 3615 1028 μελλού-

2082 1066 2182 1120 σης
2213 1048 2463 1112 θεὼσεως
2485 1048 2672 1118 φέρειν
2690 1048 2894 1103 είκόνα.
2921 1049 2982 1101 Εί
3008 1049 3191 1102 τοίνυν
3217 1049 3319 1118 τῆς
3353 1049 3447 1120 μὲν
3472 1050 3616 1103 καθα-

2084 1133 2346 1205 ρευούσης
2378 1133 2564 1188 κακῶν
2583 1133 2749 1199 ἕξεως
2771 1135 2804 1203 ἡ
2831 1132 2939 1186 τῶν
2962 1134 3185 1202 ἀγαθῶν
3207 1134 3498 1196 ἀπόλαυσίς
3516 1140 3614 1190 ’ἐστι

2081 1225 2405 1295 τιμιωτέρα,
2445 1224 2543 1294 τῆς
2568 1210 2626 1278 δὲ
2659 1226 2781 1278 κατ’
2810 1225 3011 1295 ἀρετὴν
3050 1224 3239 1294 ὑγιοῦς
3281 1225 3617 1296 προαιρέσεως

2084 1316 2117 1386 η
2155 1314 2265 1380 ἕξις
2289 1318 2391 1387 τῆς
2416 1317 2556 1370 κατά
2578 1316 2677 1387 τὴν
2706 1315 2884 1389 ἀληθῆ
2915 1316 3119 1385 γνῶσιν
3160 1315 3512 1385 τελειότητος,
3540 1317 3619 1367 καὶ

2082 1406 2180 1474 τῆς
2219 1405 2456 1474 φυσικῆς
2487 1405 2796 1477 ἀφθαρσίας
2836 1409 2869 1478 ἡ
2913 1410 2971 1460 ἐν
3002 1406 3185 1478 χάριτι
3233 1406 3485 1477 πρὸςτδν
3512 1405 3621 1457 Θεὸν

2084 1495 2224 1548 κατά
2250 1494 2349 1567 τὴν
2376 1494 2573 1549 θέωσιν
2606 1497 2986 1568 μεταποίησις,
3021 1490 3096 1552 ὧν
3118 1499 3152 1568 ἡ
3188 1497 3287 1568 μὲν
3326 1495 3506 1568 πρώτη
3529 1497 3620 1548 Κυο

2086 1586 2252 1657 ριακὴ
2286 1587 2442 1657 φέρει
2477 1588 2668 1653 τύπον,
2701 1591 2734 1660 ή
2762 1588 2821 1642 δὲ
2842 1588 3073 1660 δευτέρα
3095 1588 3356 1659 τυγχάνει
3371 1584 3623 1658 σύμϐολον,

2086 1678 2315 1753 είκότιος
2344 1679 2556 1750 ὑψηλῆς
2586 1680 2925 1751 ὑψηλοτέραν
2962 1682 3231 1750 ἀγόμενος
3265 1678 3525 1749 πνεύματι
3544 1678 3625 1748 τὴν

2018 1762 2057 1817 Β
2087 1769 2282 1840 καινὴν
2300 1773 2328 1823 ὁ
2351 1770 2669 1835 διδάσκαλος
2693 1770 2800 1842 ἔφη
2840 1772 3145 1843 Κυριακήν.

2018 1888 2089 1902 —

2091 1930 2307 2015 Θεωρία
2327 1948 2580 2017 φυσικὴ,
2600 1950 2673 2003 δι’
2691 1945 2767 2019 ἧς
2795 1950 2903 2003 τὸν
2929 1950 3078 2004 Θεὸν
3092 1950 3160 2004 ἐκ
3183 1948 3304 2003 τῶν
3324 1948 3633 2020 κτισμάτων

2511 2044 2568 2095 ol
2620 2040 2777 2111 ἅγιοι
2825 2040 3259 2101 ἐδιδάσκοντο.,

2161 2159 2318 2214 Οὕτω
2355 2157 2454 2228 μὲν
2487 2153 2580 2210 οὖν
2598 2155 2698 2225 τὴν
2730 2153 2910 2208 κτίσιν
2942 2152 3380 2224 κατανοήσαντες
3409 2153 3455 2204 oi
3489 2149 3635 2217 ἅγιοι,

2091 2253 2186 2307 καὶ
2214 2252 2314 2323 τὴν
2343 2248 2643 2319 εὐκοσμίαν
2664 2246 2833 2317 αὐτῆς
2866 2245 2959 2299 καὶ
2993 2245 3092 2315 τὴν
3120 2243 3415 2312 ἀναλογίαν
3441 2243 3530 2295 καὶ
3552 2240 3639 2310 τὴν

2090 2344 2302 2416 χρείαν,
2355 2341 2425 2412 ἢν
2454 2340 2685 2394 ἐκαστον
2731 2337 3030 2410 παρέχεται
3071 2335 3151 2405 τῷ
3206 2336 3394 2399 παντὶ,
3444 2333 3536 2387 καὶ
3576 2330 3642 2394 ὡς

2092 2438 2276 2492 τέλεια
2326 2434 2505 2488 πάντα
2544 2431 2725 2502 σοφῶς
2763 2447 2824 2483 τε
2879 2430 2971 2483 καὶ
3009 2427 3391 2499 προνοητικῶς
3436 2425 3551 2480 καθ’
3591 2424 3642 2477 ὃν

2095 2525 2585 2597 δεδημιούργηνται
2636 2522 2795 2591 λόγον
2846 2518 3397 2591 δεδημιουργημένα,
3449 2517 3538 2572 καὶ
3579 2514 3645 2576 ὼς

2097 2620 2196 2689 οὐχ
2220 2612 2401 2671 οἷόντε
2418 2614 2593 2676 ἄλλως
2623 2629 2686 2681 γε
2712 2612 2895 2675 καλῶς
2923 2610 3064 2680 ἐχειν
3100 2609 3169 2662 τὰ
3192 2608 3465 2679 γενόμενα
3492 2604 3647 2672 παρ’δ

2096 2711 2191 2765 νῦν
2223 2709 2355 2781 ἔχει,
2394 2705 2716 2778 προσθήκης
2749 2703 2783 2774 ἦ
2818 2701 3164 2770 ἀφαιρέσεως
3204 2699 3342 2770 πρὸς
3382 2697 3444 2751 τὺ
3488 2694 3650 2755 καλῶς

2097 2804 2272 2867 ἄλλως
2294 2802 2439 2872 ἐχειν
2468 2800 2542 2870 μὴ
2565 2797 2799 2868 δεόμενα
2837 2793 3032 2865 (167
3065 2792 3125 2864 b)
3183 2791 3275 2845 τὸν
3321 2786 3652 2862 Δημιουργδν

2098 2899 2162 2952 ἐκ
2183 2895 2290 2949 τῶν
2319 2891 2484 2947 αὐτοῦ
2520 2889 2842 2960 ποιημάτων
2879 2882 3235 2954 ἐδιδάχθησαν
3255 2898 3269 2913 ·
3307 2880 3457 2934 οὕτω
3482 2879 3536 2931 δὲ
3567 2878 3653 2947 τὴν

415 2986 650 3035 ceruut:
684 2978 886 3049 partim
936 2993 1072 3034 vero
1119 2980 1526 3049 perennitatem
1581 2980 1863 3037 intuentes
1890 3022 1904 3047 ,
1939 2992 1989 3037 et

2096 2985 2378 3056 διαμονὴν,
2403 2984 2503 3053 τήν
2523 2998 2582 3034 τε
2607 2980 2760 3045 τάξιν
2787 2977 2882 3031 καὶ
2908 2976 3008 3046 τὴν
3034 2974 3185 3028 θέσιν
3214 2973 3325 3027 τῶν
3343 2970 3654 3041 γεγονότων,

415 3069 666 3125 ordinem
691 3085 757 3126 ac
785 3070 1119 3140 positionem
1155 3087 1340 3126 rerum
1374 3087 1498 3141 qua:
1528 3071 1672 3127 facta
1703 3082 1833 3128 sunt
1860 3114 1875 3138 ,
1935 3082 1992 3129 et

418 3162 755 3225 institutum,
789 3177 901 3232 quo
934 3162 1119 3218 omnia
1178 3163 1483 3218 secundum
1534 3178 1689 3219 suam
1730 3164 1992 3234 quodque

392 3248 658 3322 'speciem
710 3260 859 3306 stant
912 3252 1202 3308 inconfusa
1251 3253 1514 3323 omnique
1567 3253 1992 3310 conturbatione

417 3344 613 3408 libera,
647 3343 1044 3415 stellarumque
1083 3352 1292 3400 motum
1326 3359 1546 3413 semper
1586 3344 1751 3398 modo
1795 3359 1991 3414 proco--

417 3436 660 3500 dentem,
693 3450 873 3504 neque
913 3451 1154 3506 unquam
1187 3436 1326 3491 nihil
1367 3451 1479 3491 non
1509 3434 1885 3503 diderentem,
1937 3444 1995 3490 et

417 3526 610 3580 orbem
664 3526 793 3581 anni
822 3527 1127 3583 secundum
1174 3526 1501 3583 eorumdem
1556 3535 1869 3597 temporum
1925 3541 1991 3581 ex

416 3612 613 3689 eodem
669 3616 794 3673 loco
868 3618 925 3677 in
982 3619 1238 3674 eumdem
1323 3620 1509 3674 locum
1581 3620 1992 3675 restitutionem

422 3708 651 3783 pulchro
700 3709 897 3765 ordine
966 3725 1089 3766 sese
1147 3711 1562 3782 complentem,
1635 3720 1693 3768 et
1743 3712 1992 3768 noctium

420 3811 583 3872 atque
634 3800 850 3857 dierum
902 3818 1004 3873 per
1057 3818 1264 3857 annum
1322 3802 1801 3874 aequabilitatem,
1858 3802 1990 3857 dum

423 3903 656 3964 utraque
699 3902 935 3966 augetur
979 3894 1227 3950 vicissim
1280 3903 1337 3952 et
1385 3893 1660 3949 minuitur
1703 3894 1855 3949 nullo
1900 3901 1997 3953 aut

422 3985 614 4056 majori
648 3993 743 4041 aut
785 3984 988 4039 minori
1036 3984 1263 4039 modulo
1315 3983 1645 4040 incrementi
1685 3992 1780 4039 aut
1817 3983 1997 4038 itumi-

423 4076 669 4133 nutionis
707 4077 791 4132 eis
833 4076 1148 4144 obtinente,
1178 4085 1595 4147 prospectorem
1635 4091 1759 4131 esse
1806 4091 1993 4131 rerum

421 4170 668 4230 omnium
710 4169 1127 4243 intellexerunt,
1183 4170 1553 4241 eumdemque
1606 4178 1665 4227 et
1714 4171 1885 4226 Deum
1939 4180 1997 4231 et

420 4261 778 4320 Conditorem
810 4262 1188 4321 universitatis
1217 4273 1584 4336 agnoverunt.

2096 3078 2189 3132 καὶ
2216 3077 2315 3148 τὴν
2336 3066 2697 3143 διεξαγώγὴν,
2734 3068 2855 3124 καθ’
2886 3071 2953 3141 ἢν
2984 3070 3162 3123 πάντα
3190 3066 3334 3120 κατά
3382 3065 3447 3119 τὸ
3473 3065 3657 3118 οἰκεῖον
3700 3108 3708 3114 .

2093 3170 2298 3225 ἕκαστα
2331 3163 2469 3229 εἶδος
2496 3166 2731 3236 ἔστηκεν
2754 3163 3035 3231 ἀσύγχυτα
3069 3162 3163 3215 καὶ
3183 3158 3390 3223 παντὸς
3413 3156 3661 3224 ἐλεύθερα

2096 3260 2335 3333 φυρμοῦ,
2363 3261 2462 3329 τήν
2492 3275 2553 3310 τε
2596 3256 2707 3311 τῶν
2746 3256 2965 3326 ἄστρων
2996 3253 3171 3323 φορὰν
3202 3252 3347 3306 κατά
3383 3250 3477 3304 τὸν
3508 3246 3662 3301 αὐτὸν

2093 3352 2293 3424 τρόπον
2325 3348 2643 3419 γινομένην,
2692 3345 2859 3416 μηδὲν
2902 3343 3175 3415 μηδέποτε
3221 3341 3663 3397 διαλλάττουσαν,

2095 3444 2191 3500 καὶ
2224 3443 2317 3498 τὸν
2376 3440 2575 3494 κύκλον
2615 3438 2708 3492 τοῦ
2745 3437 2996 3492 ἐνιαυτοῦ
3037 3434 3181 3488 κατά
3217 3432 3316 3505 τὴν
3350 3433 3467 3486 τῶν
3494 3428 3667 3485 αὐτῶν

2095 3536 2203 3591 ἀπὸ
2233 3532 2328 3588 τοῦ
2374 3531 2541 3587 αὐτοῦ
2567 3533 2647 3595 είς
2682 3528 2773 3582 τὸν
2814 3528 2976 3581 αὐτὸν
3011 3525 3175 3579 τόπον
3222 3523 3669 3605 ἀποκατάστασιν

2096 3627 2377 3689 εὐτάκτως
2403 3625 2711 3694 γινόμενον,
2743 3619 2855 3673 τῶν
2880 3636 2942 3673 τε
2969 3617 3179 3673 νυκτῶν
3195 3617 3290 3671 καὶ
3316 3615 3431 3668 τῶν
3457 3610 3670 3685 ἡμερῶν

2095 3720 2194 3790 τὴν
2229 3717 2349 3773 κατ’
2389 3716 2506 3779 ho;
2537 3714 2782 3784 ἰσότητα,
2819 3710 2971 3783 παρά
3009 3709 3175 3781 μέρος
3204 3708 3484 3779 ἑκατέρας
3516 3703 3674 3769 αὐξα-⁹

2096 3812 2329 3883 νομένης
2360 3827 2423 3864 τε
2450 3810 2545 3864 καὶ
2573 3805 2920 3877 μειουμένης,
2966 3801 3089 3856 οὔτε
3132 3801 3337 3854 πλείονι
3367 3792 3501 3853 οὔτε
3524 3795 3675 3849 tum

2097 3921 2209 3961 τονι
2270 3902 2453 3973 μέτρῳ
2504 3899 2606 3970 τῆς
2643 3896 2930 3966 αὐξήσεως
2959 3895 3153 3956 αὐταῖς
3193 3893 3227 3962 ἢ
3262 3891 3364 3962 τῆς
3401 3887 3678 3961 μειώσεως

2098 3993 2512 4065 ἐπιγινομένης,
2582 3987 2890 4060 προνοητὴν
2967 3984 3278 4055 ἠπίστασαν
3357 3977 3505 4034 εἶναι
3576 3977 3680 4031 τῶν

2096 4088 2285 4151 ὄντων,
2317 4087 2379 4139 δν
2420 4084 2517 4140 καὶ
2554 4081 2689 4137 Θεὸν
2724 4079 2820 4137 καὶ
2848 4076 3163 4150 Δημιουργὸ
3235 4074 3344 4128 τῶν
3401 4073 3549 4130 ὅλων
3583 4071 3681 4126 ἐπ-

2098 4180 2360 4251 ἔγνωσαν,

3572 4394 3605 4408 δ

423 4467 811 4541 Contemplatio
840 4466 1108 4522 naturalis
1137 4466 1200 4519 de
1237 4484 1297 4521 eo
1340 4468 1480 4537 quod
1513 4470 1738 4521 mundus
1783 4468 1989 4523 initium

2103 4465 2321 4535 Θεωρία
2339 4459 2571 4534 φυσικὴ
2611 4457 2746 4529 περὶ
2769 4458 2873 4511 τοῦ
2902 4453 3101 4524 ἀρχὴν
3136 4454 3302 4522 ἔχειν
3317 4450 3429 4504 τὸν
3449 4450 3691 4519 κόσμον

489 4563 681 4621 habeat
718 4580 783 4617 ac
811 4559 995 4629 ﬁnem.
1024 4569 1074 4614 et
1102 4559 1367 4630 reliquum
1391 4559 1736 4631 quodcunque
1760 4559 1869 4614 Deo
1905 4578 1996 4631 po—

491 4656 686 4710 sterius
721 4660 819 4707 est.

492 4764 627 4831 Quis
663 4762 811 4818 enim
844 4776 970 4817 cum
1017 4775 1200 4816 rerum
1252 4777 1283 4817 a
1328 4760 1441 4816 Deo
1488 4761 1840 4817 conditarum
1869 4762 1997 4832 pul-

425 4855 800 4914 chritudinem
832 4862 889 4908 et
917 4853 1351 4924 magnitudinem
1399 4853 1667 4919 intuetur,
1719 4869 1848 4909 eum
1885 4871 1997 4909 non

424 4948 613 5007 statim
667 4954 951 5003 auctorem
1003 4945 1376 5016 generationis
1432 4960 1556 5000 esse
1608 4945 1839 5011 videbit,
1892 4962 2002 5017 qua

426 5039 763 5115 principium
802 5047 860 5093 et
904 5052 1126 5092 causam
1169 5052 1354 5093 rerum
1402 5046 1569 5115 atque
1614 5037 1999 5104 Conditorem,

424 5110 494 5191 ad
528 5146 770 5203 eumque
800 5130 979 5186 solum
1016 5129 1302 5185 intellectu
1340 5110 1610 5195 recurret,
1655 5131 1744 5187 his
1776 5132 2000 5187 omissis

427 5222 821 5288 inferioribus,
870 5236 1109 5291 eumque
1161 5221 1443 5275 intellectu
1494 5222 1718 5292 penitus
1763 5223 1999 5279 transire

424 5333 490 5372 uc
514 5324 806 5386 penetrare
834 5321 1072 5384 nequeat
1101 5322 1158 5367 et
1180 5320 1362 5367 tamen
1392 5312 1711 5368 immediate
1740 5329 2000 5385 compre-

427 5407 671 5467 hendere
726 5422 853 5469 eum
899 5405 1178 5462 desideret
1214 5422 1377 5479 quem
1433 5422 1534 5479 per
1588 5422 1757 5478 opera
1820 5407 2000 5463 media

2277 4556 2375 4609 καὶ
2400 4553 2663 4624 γένεσιν,
2706 4548 2804 4603 καί
2837 4546 2961 4602 πᾶν
2983 4545 3138 4600 ἄλλο
3155 4542 3308 4615 μετὰ
3331 4541 3510 4599 Θεόν.

2175 4759 2272 4822 Τίς
2296 4754 2406 4827 γὰρ
2434 4755 2495 4808 τὸ
2523 4751 2721 4816 κάλλος
2759 4748 2855 4804 καὶ
2894 4746 2956 4802 τδ
2999 4744 3228 4817 μέγεθος
3268 4739 3379 4795 τῶν
3408 4737 3510 4792 τοῦ
3553 4730 3693 4791 Θεοῦ

2103 4850 2422 4919 κτισμάτων
2460 4844 2734 4914 θεώμενος
2760 4842 2862 4895 οὐκ
2903 4839 3066 4901 εὐθὺς
3100 4836 3262 4891 αὐτὸν
3296 4827 3697 4919 γενεσιουργδν

2102 4917 2365 5011 ἐννοήσει,
2426 4936 2501 4999 ὼς
2563 4933 2738 5005 ἀρχὴν
2790 4932 2885 4985 καὶ
2949 4926 3133 4984 αἰτίαν
3198 4923 3308 4977 τῶν
3357 4921 3541 4975 ὄντων
3599 4917 3697 4971 καὶ

2105 5010 2364 5102 Ποιητὴν,
2409 5028 2504 5083 καὶ
2552 5025 2687 5097 πρὸς
2741 5022 2904 5075 αὐτὸν
2960 5020 3121 5090 μόνον
3164 5015 3576 5086 ἀναδραμεῖται
3629 5010 3698 5080 τῇ

2104 5125 2337 5198 διανοίᾳ,
2373 5124 2551 5178 ταῦτα
2590 5121 2752 5192 ἀφεὶς
2789 5120 2962 5180 κάτω,
3020 5116 3105 5169 ὅτι
3167 5111 3304 5201 μηδὲ
3339 5110 3565 5178 πέφυκε
3758 5104 3769 5111 ’

2104 5218 2345 5280 διανοίας
2385 5217 2584 5287 χωρεῖν
2630 5213 2731 5283 τὴν
2776 5211 2906 5280 ὅλην
2937 5198 3442 5269 διάϐασιν,’λα6εῖν
3506 5198 3703 5252 ποθῶν

2106 5311 2328 5383 ἀμέσως
2357 5308 2416 5362 ὃν
2444 5306 2532 5360 διὰ
2564 5304 2745 5375 μέσων
2781 5301 2892 5355 τῶν
2927 5299 3104 5371 ἔργων
3134 5292 3422 5383 ἐγνώρισε,
3462 5288 3704 5383 καὶ-τὴν

2108 5379 2238 5474 περὶ
2263 5400 2359 5454 τοῦ
2394 5400 2629 5471 ἄναρχον
2662 5390 2802 5451 εἷναι
2844 5392 2935 5446 τὸν
2986 5389 3190 5460 κόσμον
3230 5380 3426 5440 ἑαυτοῦ
3471 5379 3701 5448 πλάνην

1720 5541 1947 5597 VARIAE
1980 5536 2390 5597 LECTIONES.

496 5675 573 5749 (1)
604 5675 764 5749 Greg.
802 5675 930 5733 Nar.
960 5673 1050 5731 0r.
1084 5677 1135 5731 in
1165 5692 1353 5731 novam
1384 5674 1590 5731 Domin.
1624 5690 1746 5747 cap.
1772 5673 1824 5741 5,
1867 5682 2000 5729 tom.
2030 5671 2072 5736 1,
2108 5686 2233 5743 pag.
2260 5668 2388 5736 838,
2417 5666 2508 5723 ed.
2536 5662 2741 5721 Bened.
