3984 6198
229 338 252 402 l
268 335 362 404 177

1461 347 1983 408 AMBIGUORUM
2024 350 2282 412 LIBER.

3354 349 3491 423 1,178

222 454 458 526 ἑτοίμως
518 452 826 519 ἀπώσεται,
883 455 1232 526 λογιζόμενος
1279 458 1499 530 ἀληθῶς
1543 464 1624 516 ὅτι
1691 465 1800 517 πᾶν

1913 467 2213 534 agnoverit,
2246 463 2414 519 etiam
2445 478 2696 519 errorem
2718 480 2879 521 suum
2895 475 3016 536 ’quo
3041 467 3312 522 mundum
3337 469 3488 538 prin-

221 547 544 617 κινούμενον
576 546 794 610 πάντως
823 548 916 602 καὶ
961 549 1167 621 ἤρξατο
1194 551 1293 621 τῆς
1318 553 1606 623 κινήσεως.
1643 555 1802 608 Πᾶσα

213 639 272 692 δὲ
329 638 544 708 κίνησις
597 639 700 692 οὐκ
761 639 1017 709 ἄναρχος,
1093 642 1284 714 ἐπειδὴ
1350 644 1475 698 οὐδὲ
1535 646 1800 709 ἀναίτιος.

217 731 513 802 (168α)

215 823 330 893 ἔχει
362 823 424 875 τὸ
468 820 668 875 καλοῦν
701 840 761 875 τε
804 824 898 876 καὶ
934 823 1093 878 ἕλκον
1127 827 1172 860 θ’
1201 827 1339 898 πρὸς
1376 828 1405 881 ὃ
1439 829 1535 883 καὶ
1569 834 1800 884 κινεῖται

212 911 388 974 τέλος.
432 911 495 964 El
533 910 589 962 δὲ
625 911 806 982 πάσης
841 915 1112 984 κινήσεως
1142 918 1344 982 παντὸς
1386 921 1710 989 κινουμένου
1743 920 1802 972 τὸ

215 1001 402 1075 κινοῦν
439 1003 588 1054 ἐστιν
614 1001 777 1072 ἁρχὴ,
817 1004 908 1056 καὶ
951 1004 1104 1069 τέλος
1139 1007 1171 1076 ή
1220 1008 1356 1079 πρὸς
1394 1010 1459 1080 ἣν
1489 1010 1714 1080 φέρεται
1741 1010 1801 1062 τὸ

216 1091 541 1160 κινούμενον
588 1091 739 1146 αίτία
799 1093 988 1164 (οὐδὲν
1035 1096 1144 1167 γὰρ
1187 1098 1446 1162 ἀναιτίως
1510 1101 1795 1169 κινεῖται),

214 1183 370 1237 οὐδὲν
413 1183 470 1236 δὲ
523 1183 634 1236 τῶν
694 1183 864 1238 ὄντων
918 1187 1194 1255 ἀκίνητον,
1253 1192 1302 1242 εἰ
1344 1191 1418 1261 μὴ
1460 1192 1523 1244 τὸ
1568 1191 1800 1263 πρώτως

214 1277 402 1330 κινοῦν
453 1276 550 1348 (τὸ
593 1278 703 1348 γὰρ
759 1280 988 1350 πρώτως
1031 1282 1216 1336 κινοῦν
1256 1284 1472 1347 πάντως
1520 1286 1798 1354 ἀκίνητον,

211 1369 296 1422 ὅτι
328 1370 424 1423 καὶ
452 1369 690 1441 ἄναρχον
716 1370 757 1439 ),
789 1372 940 1425 οὐδὲν
963 1373 1072 1445 ἄρα
1107 1376 1216 1427 τῶν
1244 1376 1415 1429 ὄντων
1453 1377 1603 1429 ἐστὶν
1634 1377 1800 1446 ἄναρ-

211 1477 331 1530 χον,
373 1460 457 1512 ὃτι
509 1459 585 1529 μὴ
624 1460 720 1513 καὶ
752 1461 1033 1531 ἀκίνητον.
1091 1464 1278 1518 Πάντα
1302 1465 1412 1534 γὰρ
1461 1457 1692 1520 κινεῖταί
1733 1468 1800 1522 τὰ

208 1552 462 1606 ὁπωσοῦν
494 1553 645 1618 ὄντα,
697 1555 822 1626 δίχα
872 1558 971 1626 τῆς
1021 1559 1190 1629 μόνης
1240 1561 1337 1613 καὶ
1389 1548 1648 1632 ἀκινήτου
1705 1563 1836 1615 καὶν

150 1707 153 1710 η
210 1644 360 1716 ὑπὲρ
409 1646 586 1700 πάντα
639 1646 841 1714 αἰτίας,
873 1649 941 1702 τὰ
976 1650 1076 1719 μὲν
1116 1652 1280 1722 νοερὰ
1329 1669 1388 1705 τε
1437 1653 1534 1705 καὶ
1581 1652 1796 1721 λογικὰ,

207 1739 534 1806 γνωπικῶς
554 1757 614 1792 τε
637 1741 733 1794 καὶ
764 1743 959 1813 ὲπιστη
971 1744 1227 1813 μονικῶς,
1261 1745 1342 1796 ὅτι
1369 1746 1443 1814 μὴ
1461 1745 1796 1814 αὐτογνῶσις

598 731 798 801 Ἀρχὴν
833 732 942 803 γὰρ
981 731 1095 803 ἔχει
1133 733 1192 787 τὸ
1228 735 1435 801 κινοῦν,
1487 738 1581 790 καὶ
1623 739 1833 793 αἰτίαν·

1903 559 2048 627 cipio
2078 573 2268 612 carere
2306 557 2503 612 statuit
2531 556 2792 612 lubenter
2830 559 3078 628 abjiciet,
3114 561 3488 630 quodcunque

1905 657 2194 703 moveatur
2239 649 2366 718 jure
2402 649 2753 720 recogitans,
2793 649 3021 704 omnino
3065 653 3274 705 moveri
3318 653 3488 706 etiam

1902 739 2157 808 coepisse.
2190 739 2387 793 Nullus
2421 755 2554 794 vero
2591 749 2776 794 motus
2804 741 2926 795 sine
2959 740 3260 810 principio,
3311 742 3488 812 siqui-

1902 829 2027 884 dem
2065 844 2168 883 nec
2190 828 2310 884 sine
2347 845 2538 884 causa.
2573 829 2918 899 Principium
2962 831 3171 885 etenim
3211 831 3378 886 habet
3434 831 3488 885 id

1899 921 2047 990 quod
2091 932 2298 985 movet,
2329 931 2494 991 atque
2525 938 2752 976 causam
2803 923 2855 976 id
2889 923 3039 992 quod
3071 934 3266 978 evocat
3315 932 3372 979 et
3414 925 3488 979 ad

1902 1013 2065 1067 ﬁnem
2093 1029 2204 1082 quo
2255 1023 2510 1068 movetur
2548 1015 2799 1068 attrahit.
2852 1015 2970 1070 Jam
3024 1015 3068 1069 si
3111 1017 3490 1085 cujuscunque

1902 1106 2047 1175 quod
2083 1115 2337 1161 movetur
2365 1107 2629 1160 motionis
2660 1108 2844 1162 omnis
2872 1107 3211 1176 principium
3245 1108 3378 1162 illud
3404 1118 3492 1163 est

1901 1198 2047 1266 quod
2082 1206 2288 1261 movet,
2345 1206 2402 1251 et
2433 1197 2561 1252 linis
2603 1213 2771 1252 causa
2829 1198 2895 1250 ad
2950 1213 3117 1266 quam
3177 1197 3354 1251 fertur
3402 1214 3491 1253 res

1901 1297 2047 1342 mota
2079 1289 2240 1358 (nihil
2267 1289 2417 1343 enim
2443 1290 2562 1344 sine
2589 1303 2756 1344 causa
2803 1287 3106 1357 movetur),
3148 1288 3290 1341 nihil
3325 1305 3491 1357 porro

1903 1380 1958 1433 in
2011 1381 2180 1435 rebus
2232 1396 2342 1434 non
2395 1390 2652 1434 movetur
2693 1389 2900 1449 przeter
2939 1395 3110 1432 unum
3160 1379 3295 1432 illud
3343 1379 3490 1448 quod

1902 1469 2164 1538 primitus
2185 1477 2371 1524 movet
2425 1471 2576 1540 (nam
2617 1468 2766 1538 quod
2823 1469 3086 1539 primitus
3135 1476 3319 1521 movet
3368 1467 3493 1520 ideo

1901 1569 2050 1612 caret
2085 1569 2235 1614 motu
2270 1559 2420 1628 quod
2453 1559 2620 1612 etiam
2655 1559 2931 1631 principio
2958 1557 3157 1626 caret),
3192 1557 3332 1610 nihil
3358 1571 3493 1626 ergo

1901 1651 1955 1704 in
1991 1651 2159 1705 rebus
2189 1651 2310 1705 sine
2339 1650 2616 1720 principio
2651 1659 2758 1714 est,
2805 1658 3103 1718 propterea
3142 1648 3289 1717 quod
3317 1647 3488 1701 etiam

1901 1743 2020 1798 sine
2078 1752 2253 1797 motu.
2291 1743 2584 1799 Moventur
2618 1741 2766 1797 enim
2803 1755 3150 1810 quaecunque
3202 1748 3489 1807 utcunque

204 1832 240 1902 ἢ
289 1832 704 1904 αὐτοεπιστήμη
755 1833 938 1888 ἐστίν.
983 1834 1120 1888 οὔτε
1171 1837 1279 1906 γὰρ
1323 1837 1480 1890 οὐσία
1515 1837 1697 1890 αὐτῶν
1760 1839 1792 1907 ἡ

1913 1845 2044 1897 sunt,
2073 1845 2302 1904 excepta
2331 1851 2438 1889 una
2469 1851 2646 1904 eaque
2679 1834 2954 1888 immobili
2982 1842 3038 1888 et
3085 1835 3272 1887 omnia
3319 1845 3488 1899 supe-

207 1923 420 1992 γνῶσις
471 1923 652 1977 αὐτῶν
700 1926 816 1978 ἐστι
857 1927 951 1980 καὶ
990 1930 1022 1997 ἡ
1072 1928 1376 1998 ἐπιστήμη,
1414 1928 1529 1981 ἀλλ’
1559 1927 1702 1992 ἕξεις
1730 1930 1796 1998 τῇ

205 2015 399 2070 αὐτῶν
421 2015 580 2087 οὐσίᾳ
609 2016 1102 2088 ὲπιθεωρούμεναι,
1145 2019 1209 2071 ὲκ
1247 2021 1344 2088 τῆς
1378 2019 1520 2072 κατὰ
1546 2017 1671 2071 νοῦν
1704 2019 1799 2070 καὶ

202 2107 374 2174 λόγον
409 2107 536 2177 (τὰς
558 2109 891 2172 συστατικὰς
921 2109 1102 2164 αὐτῶν
1134 2109 1276 2178 λέγω
1303 2109 1598 2181 δυνάμεις)
1630 2109 1797 2178 ὀρθῆς

207 2199 454 2269 κρίσεως
488 2201 892 2270 ὲπιγενόμεναι.

1906 1935 2062 1981 rante
2113 1941 2302 1988 causa,
2355 1935 2463 1980 tam
2524 1925 2921 1980 intellectualia
2969 1940 3134 1994 quam
3175 1921 3490 1982 rationalia,

1905 2027 2013 2072 tam
2043 2018 2362 2088 cognitione
2392 2033 2558 2088 quam
2591 2017 2852 2080 scicntia,
2884 2017 3016 2086 quia
3045 2031 3149 2070 nec
3189 2015 3273 2069 sui
3314 2013 3491 2082 ipsius

1903 2108 2148 2178 cognitio
2205 2124 2308 2163 nec
2357 2109 2442 2163 sui
2497 2108 2673 2182 ipsius
2726 2107 2961 2163 scientia
3013 2115 3215 2161 exstat.
3272 2103 3491 2158 Etenim

1902 2202 2146 2272 cognitio
2177 2217 2370 2256 eorum
2400 2209 2457 2256 et
2484 2201 2719 2255 scientia
2749 2217 2859 2254 non
2884 2200 3129 2256 essentia
3163 2206 3247 2252 est
3273 2210 3491 2275 eorum,

203 2291 312 2347 sed
339 2291 564 2347 habitus
626 2294 721 2362 qui
759 2294 814 2348 in
884 2297 1124 2350 essentia
1168 2310 1362 2350 eorum
1433 2292 1990 2357 animadvertuntur,
2031 2309 2099 2347 ex
2162 2292 2525 2348 iutellectuali
2572 2300 2630 2347 et
2682 2291 2942 2347 rationali
2983 2290 3310 2361 (potestates
3365 2286 3493 2340 dico

205 2398 340 2455 quae
397 2392 460 2439 ut
506 2384 813 2439 consistant
867 2385 996 2454 ipsa:
1057 2383 1330 2448 efﬁciunt)
1391 2391 1545 2438 recto
1589 2381 1801 2454 judicio
1842 2381 2195 2439 accedentes.

217 2610 440 2678 Θεωρία
482 2608 617 2675 περὶ
658 2606 976 2675 συστολῆς
1026 2608 1124 2661 καὶ
1171 2606 1502 2674 διαστολῆς
1559 2604 1798 2672 οὐσίας,

289 2701 606 2767 ποιότητός
632 2715 697 2752 τε
739 2699 837 2752 καὶ
886 2701 1244 2766 ποσότητος,
1279 2698 1408 2752 καθ’
1441 2697 1521 2766 ἢν
1549 2696 1799 2766 ἄναρχοι

288 2788 446 2846 εῖναι
475 2793 547 2845 οὐ
570 2789 882 2844 δύνανται.

304 2924 466 2978 Ἀλλὰ
492 2926 587 2978 καὶ
616 2924 808 2994 αὑτὴή
837 2923 1022 2987 ἁπλῶς
1053 2922 1322 2995 λεγομένη
1346 2924 1506 2978 οὐσία
1544 2924 1605 2977 οὐ
1637 2917 1815 2992 μόνον,

220 3018 254 3088 ὴ
295 3015 406 3068 τῶν
436 3018 494 3069 ὲν
533 3015 743 3084 γενέσει
783 3015 878 3068 καὶ
912 3015 1087 3086 φθορᾷ
1127 3014 1268 3068 κατὰ
1315 3016 1533 3084 γένεσιν
1572 3020 1802 3070 κινεῖται

219 3108 320 3163 καὶ
361 3106 591 3177 φθορὰν,
645 3105 784 3159 ἀλλὰ
821 3105 914 3158 καὶ
971 3106 1004 3176 ὴ
1058 3107 1166 3160 τῶν
1199 3107 1370 3161 ὄντων
1411 3109 1667 3162 ἁπάντων
1710 3107 1804 3161 καὶ

1900 2606 2288 2677 Contemplatio
2316 2607 2379 2658 dc
2402 2605 2764 2659 contractione
2797 2611 2846 2657 et
2882 2603 3198 2657 ditatatione
3230 2602 3489 2662 cssentite,

1972 2701 2247 2771 qualitatis
2277 2709 2324 2753 et
2348 2699 2684 2767 quantitatis,
2715 2697 3003 2752 secundum
3029 2711 3186 2765 quam
3205 2695 3318 2747 sine
3345 2693 3497 2763 prin-

1969 2793 2104 2862 cipio
2135 2807 2244 2845 esse
2275 2807 2380 2844 non
2411 2795 2651 2860 possunt.
3133 2801 3150 2824 ο

1973 2924 2178 2978 Verum
2212 2930 2269 2976 et
2319 2921 2440 2990 ipsa
2481 2935 2605 2989 qua:
2649 2917 2984 2987 simpliciter
3018 2916 3226 2971 dicitur
3253 2913 3494 2970 essentia

1907 3031 2021 3071 non
2045 3014 2213 3068 modo
2240 3027 2436 3068 eorum
2461 3027 2584 3080 qua!
2619 3009 2965 3080 generationi
2992 3016 3122 3062 sunt
3145 3016 3202 3062 et
3240 3005 3498 3061 interitui

1910 3108 2151 3164 obnoxia
2185 3105 2491 3161 secundum
2522 3103 2944 3174 generationem
2978 3109 3232 3154 movetur
3261 3107 3317 3152 et
3348 3098 3493 3151 inte-

218 3195 509 3266 κεκίνηται
539 3196 631 3248 καὶ
659 3197 886 3248 κινεῖται
919 3194 997 3266 τῷ
1027 3195 1168 3248 κατὰ
1192 3196 1478 3268 διαστολὴν
1497 3199 1589 3251 καὶ
1613 3215 1806 3250 συστο-

1913 3203 2108 3262 ritum,
2136 3200 2232 3255 sed
2272 3201 2443 3255 etiam
2467 3196 2718 3251 omnium
2751 3210 2873 3263 qua:
2896 3202 3030 3247 sunt
3059 3199 3114 3246 et
3145 3199 3295 3244 mota
3325 3197 3410 3244 est
3439 3198 3495 3242 et

218 3289 324 3360 λὴν
359 3287 506 3356 λόγῳ
526 3304 584 3340 τε
612 3286 706 3340 καὶ
733 3289 942 3356 τρόπῳ.
983 3288 1227 3341 Κινεῖται
1262 3289 1363 3360 γὰρ
1391 3290 1497 3342 ἀπὸ
1531 3289 1624 3342 τοῦ
1651 3306 1805 3357 γενι-

220 3381 474 3436 κωτάτου
511 3379 702 3448 γένους
741 3379 830 3433 διὰ
860 3379 970 3432 τῶν
1008 3382 1386 3451 γενικωτέρων
1430 3382 1602 3449 γενῶν
1626 3383 1705 3444 είς
1738 3381 1809 3434 τὰ

221 3471 342 3542 εἴδη
373 3470 441 3524 δι’
469 3463 544 3524 ὧν
580 3474 672 3523 καὶ
714 3470 792 3532 εἰς
826 3469 862 3524 ἃ
897 3471 1226 3541 διαιρεῖσθαι
1269 3473 1501 3541 πέφυκε,
1545 3474 1810 3543 προϊοῦσα

226 3563 395 3634 μέχρι
425 3562 532 3617 τῶν
571 3561 936 3615 εἰδικωτάτων
959 3562 1114 3614 εἰδῶν
1146 3559 1228 3626 οἷς
1258 3563 1590 3633 περατοῦται
1622 3566 1654 3634 ἡ
1687 3565 1807 3618 κατ’

225 3653 690 3724 αὐτὴνδιαστολὴ,
724 3654 784 3707 τὸ
810 3651 948 3717 εἶναι
981 3654 1150 3722 αὐτῆς
1181 3655 1314 3725 πρὸς
1358 3654 1428 3707 τὰ
1463 3656 1614 3709 κάτω
1654 3674 1811 3728 περι-

224 3746 542 3818 γράφουσα,
563 3747 655 3799 καὶ
675 3745 967 3813 συνάγεται
991 3747 1151 3800 πάλιν
1177 3747 1284 3800 ἀπὸ
1314 3747 1423 3800 τῶν
1447 3748 1811 3802 εἰδικωτάτων

224 3835 386 3890 εἰδῶν
411 3836 499 3890 διὰ
535 3836 644 3889 τῶν
669 3837 1054 3909 γενικωτέρων
1108 3839 1511 3902 ἀναποδίζουσα
1537 3840 1734 3910 (168
1759 3840 1810 3912 b)

226 3925 399 3997 μέχρι
429 3925 523 3978 τοῦ
550 3926 918 3994 γενικωτάτου
952 3927 1164 3994 γένους,
1185 3920 1229 3995 ᾧ
1254 3927 1590 3998 περατοῦται
1625 3931 1659 3998 ἠ
1689 3929 1812 3982 κατ’

223 4018 406 4090 αὐτὴν
436 4019 688 4088 συστολὴ,
715 4019 852 4090 πρὸς
879 4019 940 4072 τὸ
957 4020 1068 4074 ἄνω
1087 4020 1148 4072 τὸ
1174 4015 1313 4074 εἶναι
1336 4021 1508 4091 αὐτῆς
1530 4021 1809 4092 ὁρίζουσα.

223 4111 330 4162 καὶ
357 4108 542 4161 λοιπὸν
561 4108 771 4179 διχόθεν
802 4111 1287 4182 περιγραφομένη,
1334 4111 1544 4165 ἄνωθέν
1573 4130 1633 4166 τε
1664 4113 1811 4181 λέγω

225 4203 327 4258 καὶ
360 4201 627 4270 κάτωθεν,
651 4203 825 4274 ἀρχὴν
854 4204 950 4257 καὶ
973 4203 1125 4266 τέλος
1159 4205 1357 4274 ἔχουσα
1390 4201 1688 4272 δείκνυται,
1720 4206 1812 4260 τὸν

224 4294 334 4363 τῆς
361 4294 616 4365 ἀπειρίας
644 4287 758 4347 οὐδ’
775 4297 913 4360 ὅλως
943 4297 1292 4361 ἐπιδέξασθαι
1323 4299 1599 4371 δυναμένη
1629 4301 1810 4369 λόγον.

238 4386 521 4450 Ὡσαύτως
582 4387 639 4442 δὲ
694 4390 788 4442 καὶ
830 4391 864 4460 ὴ
923 4389 1182 4459 ποσότης,
1228 4393 1289 4444 οὐ
1347 4393 1507 4461 μόνον
1547 4395 1579 4463 ἡ
1615 4393 1724 4446 τῶν
1757 4395 1816 4447 ὲν

226 4479 450 4548 γενέσει
486 4480 580 4532 καὶ
609 4479 786 4552 φθορᾷ
829 4481 993 4534 παντὶ
1021 4481 1209 4552 τρόπῳ
1239 4476 1284 4550 ᾧ
1329 4483 1544 4552 πέφυκε
1589 4483 1814 4555 θεωρεῖ-

1911 3303 2188 3356 movetur,
2233 3289 2654 3351 contractionis,
2698 3294 2756 3340 et
2809 3282 3152 3339 dilatationis
3186 3283 3401 3335 ratione
3427 3295 3493 3334 ac

1911 3386 2099 3441 modo.
2126 3387 2382 3439 Movetur
2407 3383 2556 3437 enim
2587 3381 2656 3434 ab
2688 3377 3108 3448 generalissimo
3156 3389 3357 3445 genere
3391 3389 3492 3443 per

1911 3476 2255 3548 generaliora
2287 3489 2491 3544 genera
2529 3472 2586 3525 in
2611 3470 2828 3540 species
2877 3484 2977 3537 per
3007 3481 3144 3536 quas
3175 3474 3232 3518 ct
3271 3464 3327 3517 in
3362 3479 3498 3532 quas

1913 3567 2227 3630 dividitur,
2288 3557 2652 3634 progrediens
2705 3573 2881 3626 usque
2942 3556 3009 3610 ad
3067 3551 3498 3622 specialissimas

1914 3658 2128 3729 species
2157 3656 2364 3726 quibus
2398 3653 2730 3707 terminatur
2780 3649 3054 3708 dilatatio,
3085 3654 3337 3699 naturam
3369 3643 3490 3712 ejus

1914 3751 1982 3806 ad
2028 3749 2293 3803 inferiora
2341 3744 2666 3800 definiens:
2715 3742 2847 3794 item
2906 3737 3261 3809 contrahitur
3301 3749 3497 3787 rursus

1915 3861 1944 3898 a
1975 3838 2392 3912 specialissimis
2429 3835 2726 3905 speciebus
2761 3848 2861 3902 per
2910 3827 3290 3902 generaliores
3336 3840 3495 3879 τόνος

1915 3944 2035 3990 cata
2064 3948 2236 4002 usque
2263 3931 2330 3986 ad
2369 3926 2850 4000 generalissimum
2876 3937 3070 3995 genus,
3111 3935 3223 3989 quo
3273 3926 3498 3972 contra-

1916 4027 2026 4083 ctio
2071 4025 2433 4087 terminatur,
2491 4028 2747 4074 naturam
2784 4017 2906 4088 ejus
2949 4015 3017 4068 ad
3051 4011 3312 4082 superius
3361 4006 3500 4063 deli-

1915 4120 2076 4174 nicns
2125 4135 2137 4170 :
2192 4127 2249 4171 et
2301 4114 2565 4183 deinceps
2619 4111 2886 4179 utrinque
2935 4104 3380 4172 circumscripta,
3429 4101 3498 4154 de

1916 4208 2212 4279 superiori,
2237 4207 2485 4276 inquam,
2521 4202 2673 4258 etde
2711 4199 2986 4263 inferiori,
3033 4197 3114 4252 sic
3156 4193 3498 4266 principium

1917 4311 2082 4371 atque
2128 4299 2292 4353 linem
2341 4296 2546 4350 habere
2577 4295 3029 4352 demonstratur,
3072 4286 3368 4340 infinitatis
3409 4299 3499 4336 ra-

1919 4390 2086 4444 tionis
2133 4387 2561 4456 haudquaquam
2618 4397 2809 4451 capax.
2865 4380 3080 4434 Pariter
3134 4392 3270 4431 vero
3327 4375 3497 4430 etiam

1919 4480 2200 4552 quantitas
2226 4494 2339 4534 non
2368 4477 2548 4533 solum
2588 4489 2784 4530 eorum
2825 4486 2950 4542 qua:
2984 4466 3329 4541 generationi
3373 4474 3503 4519 sunt

230 4574 361 4624 σθαι
390 4573 508 4624 κατ’
543 4570 776 4642 αὔξησιν
817 4576 1050 4626 κινεῖται
1083 4576 1177 4627 καὶ
1212 4575 1458 4644 μείωσιν,
1488 4575 1626 4630 ἀλλὰ
1655 4577 1750 4628 καὶ
1776 4579 1808 4647 ἡ

1914 4589 2082 4648 atque
2109 4573 2362 4630 interitui
2387 4573 2605 4642 objecta
2638 4569 2790 4624 omni
2823 4583 2935 4638 quo
2959 4563 3306 4634 conspicitur
3336 4559 3502 4648 m‘odo

231 4662 391 4716 πᾶσα
421 4663 512 4716 καὶ
538 4663 754 4717 πάντων
785 4661 863 4734 τῷ
889 4665 1008 4716 κατ’
1037 4665 1222 4719 ἄνεσιν
1269 4667 1361 4718 καὶ
1394 4666 1647 4719 ἐπίτασιν
1673 4666 1818 4737 λόγῳ

228 4752 533 4822 κινουμένη
588 4753 684 4805 καὶ
729 4755 851 4814 ταῖς
917 4755 1062 4807 κατὰ
1121 4755 1287 4825 μέρος
1339 4742 1624 4825 διαφοραῖς
1677 4755 1821 4808 κατὰ

227 4842 523 4912 διαστολὴν
549 4842 962 4914 είδοποιουμένη
981 4845 1404 4915 περιγράφεται,
1422 4843 1482 4896 τὸ
1502 4847 1726 4914 ἄπειρον
1750 4844 1817 4876 ¹·¹

229 4933 450 5006 χεῖσθαι
482 4935 582 4988 οὐκ
629 4935 852 5005 ἔχουσα,
894 4936 988 4990 καὶ
1035 4938 1329 5005 συνάγεται
1365 4937 1532 4992 πάλιν
1563 4937 1820 4990 ἀναποδί-

230 5027 430 5092 ζουσα.
489 5027 552 5080 τὸ
605 5027 725 5080 κατ’
775 5027 966 5092 αὑτὰς,
1018 5028 1133 5081 ἀλλ’
1185 5030 1246 5082 οὐ
1285 5029 1627 5100 τδ’συμφυὲς
1681 5027 1822 5090 εἶδος

232 5117 578 5174 ἀπολύουσα.
627 5119 860 5190 Ὁμοίως
900 5119 958 5174 δὲ
1003 5123 1096 5172 καὶ
1211 5122 1454 5192 ποιότης,
1486 5123 1548 5175 οὐ
1597 5120 1757 5190 μόνον
1784 5122 1818 5189 ἡ

227 5209 352 5266 τῶν
380 5213 441 5265 ὲν
491 5211 704 5280 γενέσει
738 5213 833 5266 καὶ
877 5213 1054 5283 φθορᾷ
1091 5216 1322 5267 κινεῖται
1364 5217 1484 5267 κατ’
1515 5213 1822 5275 ἀλλοίωσιν,

231 5306 380 5365 ἀλλὰ
421 5306 516 5360 καὶ
574 5309 606 5378 ὴ
655 5310 804 5361 πᾶσα
835 5309 930 5361 καὶ
980 5307 1219 5372 πάντων,
1264 5307 1344 5377 τῷ
1386 5307 1607 5379 τρεπτῷ
1637 5323 1696 5359 τε
1731 5305 1825 5358 καὶ

236 5396 528 5467 σκεδαστῷ
564 5396 666 5468 τῆς
700 5399 825 5452 κατ’
863 5398 1034 5466 αὐτὴν
1058 5399 1322 5469 διαφορᾶς
1360 5398 1678 5467 κινουμένη,
1706 5399 1823 5450 δια-

237 5487 442 5559 στολὴν
472 5488 568 5544 καὶ
590 5487 855 5561 συστολὴν
884 5489 1216 5561 ἐπιδέχεται.
1249 5488 1440 5552 Οὐδεὶς
1467 5489 1525 5542 δὲ
1555 5489 1616 5540 τὸ
1647 5506 1821 5558 πεφυ-

1915 4669 2220 4724 secundmn
2254 4667 2662 4720 incrementum
2694 4668 2939 4714 metatur
2969 4665 3028 4712 et
3059 4641 3499 4712 decrementinn,

1915 4760 2013 4815 sed
2042 4760 2208 4813 etiam
2236 4759 2498 4812 universa
2525 4763 2581 4808 et
2628 4753 3027 4808 universorum
3068 4743 3416 4801 remissionis
3448 4748 3505 4794 et

1919 4851 2248 4906 intentionis
2282 4849 2496 4903 ratione
2525 4855 2674 4901 mota
2716 4853 2772 4899 et
2802 4839 3208 4897 vicissitudinis
3237 4835 3502 4890 diﬂercn-

1921 4945 2014 5000 tiis
2082 4941 2393 4997 secundum
2445 4939 2838 4994 dilatationcm
2889 4933 3216 5004 fspecilicata
3262 4929 3504 4983 cireum-

1926 5035 2210 5101 scribitur,
2242 5033 2410 5102 inque
2445 5031 2724 5086 inlinitqu
2756 5027 2970 5083 ell‘undi
2992 5023 3208 5093 nequit,
3241 5019 3337 5075 sed
3371 5033 3509 5073 con-

1929 5126 2166 5181 trahitur
2213 5140 2407 5178 rursus
2460 5129 2715 5176 revocata
2744 5162 2759 5184 ,
2803 5119 2936 5173 dum
2998 5115 3216 5168 illarum
3279 5107 3504 5178 quidem

1924 5213 2160 5284 species,
2192 5221 2247 5266 at
2276 5227 2390 5266 non
2434 5212 2677 5264 innatam
2725 5207 2966 5278 speciem
3003 5202 3255 5257 dimittit.
3291 5197 3507 5253 Pariter

1930 5320 2060 5359 vero
2107 5305 2273 5358 etiam
2310 5303 2551 5373 qualitas
2580 5341 2594 5359 ,
2633 5316 2744 5354 non
2790 5297 2968 5352 solum
3014 5308 3208 5348 eorum
3243 5306 3366 5360 qua:
3406 5301 3506 5340 na-

1927 5405 2161 5451 scuntur
2190 5406 2247 5450 et
2288 5396 2571 5450 intereunt
2620 5399 2906 5446 motantur
2956 5385 3262 5442 secundum
3310 5382 3478 5435 immu

1932 5485 2218 5548 tationem,
2253 5485 2348 5539 sed
2380 5484 2548 5539 etiam
2581 5480 2764 5536 omnis
2785 5477 3110 5533 etomnium
3147 5518 3160 5541 ,
3203 5488 3316 5528 sua:
3346 5467 3506 5524 diﬂ‘e-

1556 5623 1790 5679 VAlilAS
1832 5622 2231 5678 LECTIONES.

328 5732 371 5765 "
401 5737 546 5793 ἕλκει
588 5739 710 5795 cod.
738 5705 888 5794 .Gud.

989 5739 1056 5769 ¹ο²
1095 5739 1179 5792 ἐπ’
1228 5737 1358 5808 ἄρον
1412 5738 1534 5793 cod.
1592 5738 1735 5793 Gud.
1786 5739 1891 5794 Sed
1943 5739 1997 5793 in
2037 5754 2206 5809 marg.
2245 5735 2436 5792 eadem
2489 5748 2681 5787 manus
2712 5732 2955 5788 correxit
2990 5732 3231 5797 ἄπειρον.
