3984 6198
494 356 631 456 1179

1613 321 1685 415 δ,
1716 356 1999 416 MAXIM]
2044 356 2553 419 conmssoms

3604 354 3745 418 1180

494 452 685 523 renti-.e
743 464 1109 519 mutabilitate
1164 452 1331 531 atque
1384 460 1809 531 dissipabilitate
1875 471 2056 527 mota,

2170 464 2256 527 κὸς
2286 466 2676 519 σκεδάννυσθαξ
2720 483 2777 518 τε
2826 468 2918 519 καὶ
2955 463 3284 531 συνάγεσθαι
3319 464 3465 533 λόγῳ
3509 464 3539 533 ἢ
3586 466 3745 533 ἐνερ-

486 560 904 615 distractionem
929 557 1149 625 capitet
1179 555 1637 612 contractionem.
1674 557 1846 611 Nemo
1874 564 2058 610 autem

493 666 622 706 sana
652 656 834 703 mente
874 647 1137 717 praeditus
1177 646 1312 701 illud
1340 646 1490 716 quod
1539 646 1801 716 dissipari
1837 656 1894 702 et
1924 662 2061 701 con-

492 740 635 795 trahi
678 741 890 796 ratione
919 747 1015 793 aut
1038 739 1091 793 vi
1123 739 1299 809 possit
1338 738 1624 793 immobile
1663 753 1786 793 esse
1833 740 2062 793 omnino

491 831 711 885 dixerit.
745 827 805 883 Id
830 844 960 883 vero
986 828 1032 883 si
1056 839 1209 884 motu
1242 842 1354 882 non
1384 832 1557 892 caret,
1592 843 1694 882 nec
1716 836 1872 881 caret
1908 826 2062 896 prin-

489 925 665 993 cipio;
713 923 759 977 si
787 937 918 976 vero
953 937 1063 976 non
1096 921 1385 990 principio,
1421 934 1527 974 nec
1549 919 1820 990 geniturae
1849 925 1953 983 est,
1999 925 2057 971 ut

488 1025 738 1084 Apparet,
766 1017 987 1082 etpers,
1020 1011 1118 1067 sed
1172 1011 1251 1066 uti
1290 1011 1345 1065 id
1376 1010 1522 1081 quod
1562 1019 1814 1066 movetur
1844 1006 2058 1063 moveri

489 1105 724 1173 caspisse
764 1104 939 1167 novit,
992 1103 1064 1156 ita
1087 1102 1255 1156 etiam
1287 1102 1539 1172 generari
1561 1111 1622 1156 ut
1648 1108 1795 1156 esset
1822 1098 2058 1169 coepisse

490 1196 545 1251 id
574 1196 720 1265 quod
749 1195 951 1248 factum
980 1201 1065 1248 est
1084 1176 1377 1263 intelligit,
1424 1203 1590 1262 atque
1613 1192 1681 1247 de
1705 1192 1824 1247 solo
1859 1199 1915 1245 et
1948 1203 2061 1243 uno

488 1304 598 1341 non
631 1286 773 1340 facto
810 1301 915 1340 nec
962 1295 1112 1338 moto
1143 1299 1266 1339 esse
1299 1293 1464 1353 atque
1510 1285 1712 1339 metari
1757 1280 2055 1350 accepisse.

487 1378 644 1443 Quod
679 1392 811 1431 vero
846 1392 945 1445 per
989 1374 1326 1429 exsistentize
1354 1373 1624 1443 originem
1650 1372 1843 1444 coepit,
1869 1372 1926 1427 id
1954 1385 2057 1426 ne-

487 1482 759 1539 quaquam
789 1473 968 1537 potest
999 1465 1274 1536 principio
1311 1479 1523 1520 carere.

486 1646 895 1701 Demonstratur
936 1642 1072 1713 quod
1125 1652 1318 1713 prazter
1375 1641 1541 1696 Deum
1583 1641 1826 1713 qualibet
1876 1640 2055 1695 omnia

2165 558 2289 628 γεῖᾳ
2316 560 2460 611 εἴποι
2487 559 2552 612 ἂν
2578 558 2857 629 εὐφρυνῶν
2897 559 3154 629 ἀκίνητον
3180 555 3321 611 εἶναι
3370 556 3740 610 παντάπασιν.

2166 648 2227 701 Ei
2258 648 2313 700 δὲ
2341 649 2415 718 μὴ
2444 649 2722 718 ἀκίνητον,
2762 649 2881 703 οὐδὲ
2908 652 3140 721 ἄναρχον
3162 665 3173 678 ·
3203 650 3253 702 εἰ
3289 649 3346 702 δὲ
3380 648 3455 719 μὴ
3481 647 3743 719 ἄναρχον,

2166 739 2286 792 οὐδὲ
2313 740 2579 811 ἀγένητον
2603 741 2868 811 δηλονότι,
2902 741 3018 795 ἀλλ’
3047 741 3238 811 ὥσπερ
3279 738 3419 793 οἶδεν
3463 740 3746 809 ἠργμένον

2168 830 2434 902 κινήσεως
2477 833 2539 885 rb
2592 833 2931 902 κινούμενον,
2984 832 3162 896 οὕτως
3207 834 3299 885 καὶ
3349 832 3447 901 τῆς
3489 831 3632 899 πρὸς
3681 829 3747 882 τὸ

2166 915 2305 974 εἶναι
2354 923 2618 989 γενέσεως
2660 920 2860 995 ἦρχθαι
2905 925 2968 977 rb
3004 924 3371 995 γεγενημένον
3425 923 3742 984 ἐπίσταται,

2166 1016 2260 1067 καὶ
2286 1015 2351 1067 ἐκ
2373 1013 2466 1067 τοῦ
2505 1015 2667 1085 μόνου
2699 1018 2794 1069 καὶ
2820 1016 2939 1079 ἑνὸς
2966 1017 3234 1086 ἀγενήτου
3265 1031 3324 1067 τε
3355 1014 3450 1066 καὶ
3476 1012 3743 1081 ἀκινήτου

2163 1103 2226 1156 τὸ
2272 1100 2411 1159 εἷναί
2449 1122 2509 1157 τε
2556 1106 2650 1158 καὶ
2687 1105 2748 1158 rb
2787 1106 3053 1160 κινεῖσθαι
3082 1105 3265 1159 λαϐόν.
3296 1104 3370 1157 Τὸ
3388 1104 3444 1157 δὲ
3469 1101 3615 1156 κατὰ
3642 1101 3743 1171 τὴν

2166 1194 2258 1248 τοῦ
2298 1193 2438 1250 εἶναι
2473 1198 2686 1267 γένεσιν
2713 1198 2989 1269 ἠργμένον
3031 1198 3300 1270 οὐδαμῶς
3330 1197 3565 1267 ἄναρχον
3595 1190 3741 1247 εἶναι

2164 1286 2403 1342 δύναται.

2093 1572 2166 1586 ἢ

2183 1610 2511 1703 Ἀπόδειξις
2553 1637 2679 1704 τοῦ,
2724 1637 2855 1694 Πᾶν
2879 1637 3083 1693 ὁτιοῦν
3127 1636 3274 1690 ἄνευ
3321 1636 3470 1690 Θεοῦ
3499 1633 3742 1697 πάντως

555 1736 715 1808 plane
743 1736 798 1788 in
830 1733 940 1788 loco
965 1735 1092 1799 sint,
1122 1741 1172 1786 et
1202 1740 1479 1805 prapterea
1505 1734 1793 1787 necessario
1820 1734 1979 1786 etiam
2002 1732 2058 1783 in

2228 1729 2299 1782 ἐν
2345 1730 2523 1795 τόπῳ,
2580 1730 2680 1783 καί
2718 1730 2816 1784 διὰ
2860 1730 3036 1784 τοῦτο
3088 1728 3158 1793 ἐξ
3211 1727 3482 1798 ἀνάγκης
3523 1725 3626 1779 καὶ
3665 1726 3741 1778 ἐν

556 1835 807 1896 tempore,
839 1834 888 1877 et
917 1823 1054 1894 quod
1078 1822 1133 1876 id
1158 1824 1295 1893 quod
1349 1825 1406 1877 in
1458 1823 1567 1878 loco
1598 1826 1687 1889 sit,
1740 1825 1796 1877 id
1843 1824 2058 1878 omnino
2094 1854 2097 1857 -

549 1915 839 1970 secundum
872 1922 1074 1983 tempus
1096 1928 1208 1967 esse
1245 1913 1515 1983 inceperit.

557 2029 628 2087 Ut
657 2037 840 2084 autem
883 2028 1134 2084 omittam
1178 2028 1355 2098 ipsam
1400 2044 1624 2098 quoque
1676 2028 2055 2085 exsistcntiam

489 2106 696 2184 rerum,
729 2133 856 2172 cum
889 2116 1054 2173 simul
1083 2126 1144 2172 ut
1170 2118 1359 2187 aliquo
1381 2118 1546 2173 modo
1577 2118 1881 2173 exsistatur
1906 2135 2058 2175 com-

488 2211 815 2283 prehendat,
855 2219 911 2265 at
942 2226 1052 2265 non
1080 2210 1426 2279 simpliciter,
1476 2225 1599 2279 qua:
1621 2209 1847 2280 quidem
1875 2212 2055 2282 prima

489 2300 1021 2381 circumscriptionis
1056 2300 1268 2371 species
1300 2300 1393 2367 sit,
1429 2300 1594 2355 valde
1636 2304 1804 2370 atque
1834 2303 2058 2373 egregie

490 2394 724 2464 probare
758 2392 893 2448 illud
927 2433 942 2457 ,
979 2393 1130 2462 quod
1170 2407 1261 2448 res
1304 2391 1612 2447 secundum
1665 2394 1961 2448 essentiam
2002 2404 2060 2449 et

489 2484 902 2556 generationem
929 2476 1267 2553 inceperint,
1295 2482 1427 2551 quis
1448 2482 1666 2552 ignorat
1700 2484 1948 2552 qualibet
2001 2500 2060 2541 re

488 2573 878 2646 quoquomodo
904 2573 1225 2639 exsistente,
1249 2583 1448 2643 praeter
1473 2573 1611 2629 illud
1634 2574 1784 2644 quod
1807 2556 2059 2630 divinum

488 2677 545 2722 et
594 2666 902 2736 singulares
938 2673 1030 2720 est
1076 2665 1361 2734 ipsamque
1413 2666 1793 2721 exsistentiam
1839 2666 2062 2737 proprie

489 2766 733 2827 superat,
785 2742 942 2826 prius
994 2755 1227 2826 intelligi
1275 2755 1371 2810 ubi
1418 2756 1736 2823 exsistatur,
1785 2773 1909 2812 cum
1952 2775 2062 2829 quo

489 2862 598 2902 una
621 2863 686 2901 ac
718 2846 882 2901 simul
915 2854 975 2900 ut
1003 2845 1171 2901 etiam
1192 2845 1414 2916 quando
1435 2847 1732 2901 exsistatur
1784 2847 2061 2919 intelliga-

488 2956 611 2995 mus
641 2940 941 2995 necessitas
967 2938 1237 3009 postulat.
1261 2938 1384 2994 Non
1413 2939 1561 2994 enim
1596 2938 1667 2994 ab
1707 2959 1725 2992 ι
1762 2940 2062 3010 aliquando

2229 1821 2444 1889 χρόνῳ,
2473 1822 2569 1876 καὶ
2597 1823 2683 1876 ὅτι
2713 1825 2777 1876 τὸ
2796 1823 2867 1875 ἐν
2888 1822 3049 1887 τόπῳ
3080 1818 3313 1883 πάντως
3339 1817 3487 1873 κατὰ
3512 1816 3741 1887 χρόνον

2228 1913 2325 1965 καὶ
2347 1909 2554 1981 ἦρκται
2574 1914 2681 1969 τοῦ
2711 1912 2885 1969 εἶναι.

2226 2023 2416 2096 (169
2429 2029 2482 2098 α)
2498 2024 2610 2080 Ἵνα
2638 2026 2694 2080 δὲ
2720 2026 2865 2081 ἐάσω
2893 2025 3072 2094 λέγειν
3100 2025 3181 2078 ὅτι
3210 2024 3305 2078 καὶ
3343 2022 3474 2076 αὐτὸ
3504 2022 3566 2075 τὺ
3597 2015 3739 2073 εἶναι

2158 2114 2267 2169 τῶν
2292 2116 2480 2180 ὄντων,
2511 2118 2573 2171 rb
2592 2117 2708 2181 πῶς
2753 2114 2891 2171 εἶναι
2929 2117 3070 2187 ἕχον,
3095 2116 3210 2170 ἀλλ’
3233 2116 3332 2186 οὐχ
3350 2113 3558 2177 ἁπλῶς,
3600 2114 3742 2181 ὅπερ

2158 2207 2276 2261 ἐστὶ
2306 2208 2519 2277 πρῶτον
2551 2205 2688 2273 εἶδος
2709 2209 3082 2280 περιγραφῆς,
3121 2207 3342 2279 ἰσχυρόν
3376 2222 3436 2258 τε
3469 2206 3565 2258 καὶ
3589 2203 3737 2273 μέγα

2161 2298 2299 2368 πρὸς
2346 2299 2623 2366 ἀπόδειξιν
2665 2299 2759 2354 τοῦ
2785 2299 2986 2371 ἦρχθαι
3014 2301 3136 2353 κατ’
3161 2298 3351 2352 οὑσξαν
3393 2297 3487 2350 καὶ
3522 2296 3742 2363 γένεσιν

2160 2388 2230 2441 τὰ
2258 2388 2410 2454 ὄντα,
2438 2390 2523 2452 τίς
2551 2391 2738 2458 ἀγνοεῖ
2777 2392 2861 2445 ὅτι
2899 2391 3105 2455 παντὸς
3142 2388 3239 2443 τοῦ
3282 2386 3534 2443 ὁπωσοῦν
3559 2386 3737 2449 ὄντος,

2162 2478 2302 2550 πλὴν
2331 2479 2427 2533 τοῦ
2477 2480 2623 2535 θείου
2673 2482 2767 2536 καὶ
2808 2482 2995 2552 μόνου,
3033 2480 3128 2535 τοῦ
3174 2481 3273 2534 καὶ
3318 2479 3458 2549 ὑπὲρ
3502 2476 3636 2531 αὐτὸ
3677 2476 3742 2527 rb

2162 2565 2300 2625 εῖναι
2350 2573 2556 2643 κυρίως
2604 2568 2961 2645 ὑπάρχοντος,
2994 2572 3399 2645 προεπινοείται
3436 2568 3500 2621 rb
3522 2566 3650 2632 ποῦ,
3694 2559 3742 2632 ᾧ

2162 2663 2341 2735 πάντη
2389 2680 2451 2716 τε
2477 2664 2573 2718 καὶ
2602 2664 2821 2728 πάντως
2852 2664 2916 2729 ἐξ
2963 2664 3213 2734 ἀνάγκης
3248 2661 3645 2714 συνεπινοεὴαι
3679 2657 3742 2708 τὸ

2162 2755 2329 2825 «ore;
2359 2756 2435 2809 Οὐ
2466 2755 2575 2826 γὰρ
2602 2754 2697 2809 τοῦ
2741 2758 2871 2809 ποτὲ
2897 2755 3257 2828 διωρισμένον
3301 2751 3443 2806 κατὰ
3478 2749 3743 2820 στέρησιν

2161 2846 2386 2901 δυνατόν
2433 2847 2580 2901 ἐστιν
2634 2849 2923 2918 ἐπινοῆσαι
2969 2846 3030 2900 rb
3087 2846 3193 2899 ποῦ
3256 2844 3401 2916 (τῶν
3450 2842 3563 2913 γὰρ
3621 2840 3747 2910 ἅμα

2161 2939 2334 2992 ταῦτά
2362 2942 2529 3006 ἐστιν,
2568 2939 2757 3009 ἐπειδὴ
2796 2939 2891 2993 καὶ
2923 2939 3034 2992 τῶν
3065 2937 3166 2992 οὐκ
3199 2939 3327 2992 ἄνευ
3357 2933 3774 3004 τυγχάνουσιν)⁶

486 3046 609 3100 esse
643 3051 661 3083 ι
686 3030 958 3101 privative
982 3041 1302 3100 separatum
1330 3050 1349 3084 ι
1382 3046 1505 3087 esse
1524 3031 1728 3087 alicubi
1762 3051 1780 3084 ι
1829 3034 2059 3106 cogitari

2170 3030 2278 3102 ἠδὲ
2310 3031 2331 3062 ³
2352 3031 2447 3084 τοῦ
2490 3030 2593 3085 ποῦ
2626 3030 2686 3085 rb
2710 3031 2866 3097 ποτὲ,
2907 3024 2953 3099 ᾧ
2997 3026 3434 3083 συνεπινοεῖσθαι
3473 3026 3742 3094 πέφυκεν,

485 3126 637 3194 capit
676 3128 824 3195 (nam
877 3124 994 3179 haec
1048 3124 1215 3178 simul
1268 3132 1421 3188 sunt,
1478 3124 1934 3194 quandoquidem
1957 3142 2059 3181 nec

486 3217 724 3288 disjungi
753 3208 1102 3286 patiuntur)’;
1138 3230 1242 3270 nec
1276 3230 1471 3270 rursus
1499 3215 1572 3270 ab
1599 3236 1619 3268 ι
1649 3231 1773 3271 esse
1791 3212 2051 3280 alicubi,»
2077 3243 2081 3248 ν

486 3320 833 3377 nequaquam
884 3295 1153 3376 privative
1212 3315 1528 3375 separatum
1573 3315 1708 3361 esti
1763 3308 2061 3378 aliquando

486 3411 630 3461 esse,
667 3417 685 3447 ›
721 3410 963 3467 quocum
992 3394 1132 3449 illud
1169 3409 1278 3449 una
1324 3396 1620 3465 cogitatur.
1671 3395 1786 3451 Sub
1820 3398 1925 3453 loci
1958 3414 2063 3453 no-

490 3489 638 3544 tione
662 3494 843 3542 autem
870 3486 1074 3551 omnia,
1096 3500 1223 3542 cum
1243 3484 1297 3539 in
1319 3485 1443 3541 loco
1463 3486 1595 3552 sint,
1617 3496 1906 3557 apparent.
1943 3489 2062 3545 Non

487 3580 636 3636 enim
667 3576 987 3633 universum
1015 3585 1241 3646 superat
1269 3576 1591 3631 universum
1612 3576 1794 3647 ipsum
1818 3577 2062 3635 universi

493 3673 620 3744 (hoc
650 3672 799 3726 enim
827 3677 884 3725 et
911 3669 1168 3739 ineptum
1196 3678 1254 3723 et
1300 3666 1669 3738 impossibile,
1715 3668 1897 3740 ipsum
1939 3671 2065 3725 uni-

490 3780 710 3820 versum
746 3777 1013 3834 superare
1069 3763 1155 3818 sui
1202 3761 1378 3833 ipsius
1433 3762 1760 3817 universum
1809 3779 2063 3832 pronun-

493 3855 674 3920 tiare),
709 3853 805 3910 sed
836 3868 869 3906 a
902 3868 960 3908 se
994 3852 1115 3922 ipso
1147 3851 1206 3907 in
1236 3868 1297 3907 se
1342 3852 1463 3923 ipso
1508 3852 1679 3908 habet
1712 3854 2066 3910 circumscri-

490 3946 772 4016 ptionem,
825 3953 951 4015 post
1001 3959 1122 3999 eam
1166 3959 1289 4013 quae
1344 3944 1607 3999 universa
1654 3945 2067 4003 circumscribit

493 4038 763 4091 inﬁnitam
796 4038 917 4108 ejus
942 4036 1036 4106 qui
1069 4034 1457 4089 universorum
1508 4050 1675 4090 causa
1708 4045 1764 4091 et
1811 4036 1935 4092 fons
1979 4046 2066 4094 est

492 4135 841 4196 potestatem,
892 4125 1076 4194 ipsum
1130 4124 1217 4179 sui
1269 4124 1603 4179 exteriorem
1666 4124 1853 4180 tinem.
1902 4126 2061 4195 Quod

494 4216 648 4269 locus
677 4214 843 4269 etiam
870 4212 1116 4269 universi
1138 4221 1262 4280 est;
1295 4213 1763 4283 quemadmodum
1792 4215 2067 4272 deﬁniunt

494 4305 718 4375 quidam
752 4305 960 4369 locum,
996 4304 1285 4361 dicentes:
1313 4305 1497 4361 Locus
1534 4315 1621 4363 est
1668 4309 1914 4364 exterior
1944 4310 2068 4364 uni-

2166 3122 2416 3193 οὐδαμῶς
2443 3122 2725 3194 διώρισται
2772 3122 2915 3176 κατὰ
2956 3122 3229 3192 στέρησιν.
3287 3117 3424 3172 ’Υπδ
3454 3117 3513 3170 rb
3548 3114 3654 3169 ποῦ
3685 3115 3746 3168 δὲ

2167 3217 2366 3278 πάντα,
2397 3215 2472 3277 ὡς
2502 3216 2561 3267 ὲν
2592 3216 2745 3285 τόπῳ
2782 3214 2933 3278 ὄντα,
2971 3214 3269 3267 δείκνυται.
3318 3211 3395 3264 Οὐ
3438 3210 3549 3280 γὰρ
3600 3208 3750 3278 ὑπὲρ

2166 3306 2226 3359 rb
2248 3308 2357 3359 πᾶν
2387 3305 2519 3358 αὐτὸ
2538 3306 2599 3358 τὸ
2632 3307 2740 3359 πᾶν
2770 3305 2865 3358 τοῦ
2896 3304 3096 3368 παντὸς
3136 3303 3337 3371 (τοῦτο
3366 3304 3474 3373 γάρ
3504 3318 3621 3363 πως
3649 3301 3755 3352 καὶ

2167 3395 2361 3464 ἄλογον
2422 3396 2517 3450 καὶ
2566 3395 2829 3450 ἀδύνατον
2859 3395 2992 3450 αὐτὸ
3026 3395 3089 3447 τὸ
3128 3396 3236 3448 πᾶν
3276 3393 3418 3462 ὑπὲρ
3454 3391 3513 3445 rb
3548 3389 3755 3442 ἑαυτοῦ

2169 3490 2278 3542 πᾶν
2306 3483 2448 3542 εἶναι
2482 3486 2811 3558 θεσπίζειν),
2854 3487 2973 3541 ἀλλ’
3000 3487 3091 3556 ὑφ’
3117 3485 3312 3539 ἑαυτοῦ
3339 3487 3398 3538 ὲν
3440 3482 3614 3553 ἐαυτῷ
3647 3482 3759 3554 τὴν

2169 3584 2518 3655 περιγραφὴν
2567 3581 2711 3652 έχον,
2759 3579 2900 3650 μετὰ
2932 3580 3033 3651 τὴν
3073 3580 3254 3634 πάντα
3297 3576 3759 3649 περιγράφουσαν

2167 3675 2263 3729 τοῦ
2293 3675 2577 3729 παναιτίου
2607 3674 2836 3744 ἄπειρον
2861 3672 3112 3743 δύναμιν,
3153 3671 3287 3725 αὐτὸ
3313 3670 3374 3723 rb
3409 3669 3585 3740 πέρας
3616 3668 3759 3721 ἑαυ-

2167 3767 2263 3821 τοῦ
2290 3765 2349 3820 τὸ
2370 3765 2652 3838 ἐξώτερον.
2703 3765 2882 3836 Ὅπερ
2913 3763 3009 3818 καὶ
3049 3762 3215 3826 τόπος
3248 3761 3367 3815 ἐστὶ
3390 3760 3485 3814 τοῦ
3527 3759 3754 3823 παντὸς,

2170 3859 2355 3924 καθὼς
2384 3859 2482 3915 καὶ
2508 3858 2780 3936 ὁρίζονται
2809 3874 2956 3922 τινες
2984 3856 3077 3910 rbv
3098 3855 3266 3909 τόπον
3280 3852 3550 3922 λέγοντες,
3570 3850 3758 3911 Τόπος

2169 3949 2319 4003 ἐστὶν
2351 3952 2385 4020 η
2419 3949 2522 4014 ἔξω
2548 3948 2644 4015 τοῦ
2690 3948 2889 4012 παντὸς
2939 3945 3289 4018 περιφέρεια,
3341 3944 3375 4013 ἢ
3423 3945 3457 4013 ἡ
3500 3942 3607 4008 ἔξω
3658 3941 3758 3994 τοῦ

2171 4039 2372 4103 παντὸς
2407 4040 2574 4106 θέσις,
2603 4041 2637 4112 ἢ
2673 4040 2736 4093 rb
2755 4040 2930 4110 πέρας
2949 4037 3042 4093 τοῦ
3071 4037 3421 4109 περιέχοντος
3443 4037 3501 4088 ὲν
3601 4051 3761 4105 περι-

2171 4130 2350 4201 έχεται
2398 4132 2459 4185 rb
2509 4133 2916 4203 περιεχόμενον.
2974 4131 3085 4185 Καὶ
3130 4129 3239 4184 ὑπὸ
3279 4128 3338 4182 rb
3388 4126 3542 4192 ποτὲ,
3574 4127 3660 4189 ὡς
3690 4129 3752 4180 ἐν

2171 4225 2347 4296 χρόνῳ
2375 4225 2591 4288 πάντως
2616 4224 2767 4289 ὄντα,
2817 4220 3399 4291 συναποδειχθήσεται,
3444 4217 3641 4289 ἐπειδὴ
3682 4218 3761 4288 μὴ

2172 4315 2378 4379 ἁπλῶς,
2409 4315 2543 4368 ἀλλὰ
2582 4314 2698 4378 πῶς
2730 4314 2792 4367 rb
2826 4309 2968 4366 εἷναι
3015 4311 3224 4382 έχουσι,
3258 4311 3437 4364 πάντα
3467 4309 3569 4362 ὅσα
3604 4308 3767 4380 ’μετὰ

498 4411 712 4449 versum
742 4396 1186 4451 circumcurrens
1218 4397 1391 4461 orbis,
1420 4392 1506 4452 vel
1540 4399 1786 4453 exterior
1813 4387 2061 4456 universi

2170 4408 2299 4464 Θεὸν
2333 4407 2393 4460 rb
2420 4404 2562 4460 εἶναι
2596 4406 2729 4476 ἔχει.
2773 4406 2883 4459 Καὶ
2913 4403 3003 4457 διὰ
3035 4403 3198 4457 τοῦτο
3235 4403 3336 4455 οὐκ
3363 4402 3599 4472 ᾱναρχα.
3640 4402 3765 4455 [liv

495 4489 719 4559 positio,
755 4488 841 4543 vel
870 4488 1142 4542 terminus
1161 4488 1670 4558 circumplectentis
1715 4491 1772 4545 in
1822 4507 1934 4561 quo
1978 4510 2107 4571 res.

494 4579 898 4648 comprehensa
926 4579 1444 4648 comprehenditur.
1476 4580 1656 4634 Etiam
1673 4582 1778 4636 sub
1803 4585 2071 4653 temporis

495 4673 743 4735 notione,
776 4670 906 4740 quia
929 4671 987 4725 in
1019 4679 1266 4741 tempore
1283 4672 1510 4727 omnino
1527 4680 1679 4737 sunt,
1709 4689 1817 4728 una
1842 4674 2071 4732 demon-

496 4764 850 4829 strabuntur;
874 4763 1323 4835 quandoquidem
1345 4779 1457 4818 non
1480 4764 1826 4835 simpliciter,
1852 4767 1949 4822 sed
1971 4768 2073 4823 ali-

498 4871 608 4926 quo
625 4855 787 4910 modo
802 4871 924 4911 esse
948 4855 1174 4922 habent,
1199 4871 1558 4926 quaecumque
1583 4865 1707 4926 post
1725 4859 1896 4913 Deum
1917 4868 2068 4926 sunt,

387 4996 394 5002 .
496 4948 878 5004 exsistentiam
928 4963 1082 5027 suam
1129 4948 1355 5002 habent.
1396 4949 1695 5018 Propterea
1753 4959 1940 5005 autem
1970 4966 2073 5007 nec

499 5041 617 5119 sine
660 5041 936 5112 principio
978 5049 1126 5096 sunt.
1155 5040 1537 5111 Quodcunque
1571 5042 1719 5097 enim
1766 5044 2072 5099 secundum

503 5130 788 5201 quidpiam
813 5130 961 5185 modi
988 5130 1135 5202 capit
1164 5129 1463 5195 rationem,
1501 5131 1719 5186 etiamsi
1750 5142 1859 5197 est,
1891 5142 2074 5189 tamen

503 5238 611 5279 non
638 5233 777 5279 erat.
827 5224 981 5281 Unde
1016 5224 1188 5280 Deum
1213 5240 1337 5280 esse
1379 5224 1630 5280 dicentes
1678 5241 1789 5280 non
1833 5226 2072 5297 aliquam

502 5316 881 5371 exsistentiam
913 5316 1191 5383 dicimus;
1243 5324 1299 5372 et
1347 5325 1646 5386 propterea
1677 5316 1833 5381 illud,
1867 5338 1885 5370 ι
1912 5319 2010 5374 Est
2048 5339 2067 5372 ι

504 5421 725 5477 quoque
750 5415 827 5473 et,
862 5425 880 5458 ‹
917 5407 1049 5461 Erat
1080 5425 1097 5458 ι
1129 5407 1458 5477 simpliciter
1490 5416 1548 5462 et
1574 5407 1859 5464 indeﬁnite
1888 5420 1944 5465 et
1981 5411 2078 5466 ab-

506 5498 686 5555 solute
714 5498 783 5553 de
807 5514 873 5553 co
906 5499 1161 5554 dicimus.
1209 5498 1425 5554 Nullam
1461 5498 1610 5554 enim
1644 5515 1748 5555 nec
1802 5502 2075 5557 rationem

2169 4501 2279 4572 γὰρ
2303 4501 2439 4569 ὅπερ
2468 4497 2588 4553 καθ’
2614 4495 2794 4551 ὁτιοῦν
2832 4496 2922 4549 τὸν
2952 4493 3046 4548 τοῦ
3076 4493 3195 4557 πῶς
3226 4492 3540 4563 ἐπιδέχεται
3569 4491 3763 4559 λόγον,

2170 4591 2273 4646 κᾶν
2326 4592 2375 4643 εί
2412 4590 2581 4652 ἔστιν,
2646 4587 2762 4644 ἀλλ’
2813 4587 2914 4640 οὐκ
2965 4581 3055 4656 ἦν.
3093 4584 3256 4639 Ὅθεν
3287 4586 3348 4636 rb
3402 4584 3558 4637 Θείον
3615 4579 3769 4637 εἶναι

2170 4681 2421 4750 λέγοντες
2442 4679 2504 4732 οὐ
2527 4678 2588 4732 τὸ
2610 4677 2725 4741 πῶς
2749 4673 2891 4730 εἶναι
2936 4675 3171 4746 λέγομεν
3195 4672 3381 4744 (169
3406 4673 3471 4740 b)
3499 4689 3513 4703 ·
3541 4673 3645 4725 καὶ
3674 4673 3771 4726 διὰ

2170 4770 2330 4824 τοῦτο
2373 4769 2469 4823 καὶ
2514 4768 2578 4822 rb
2617 4786 2636 4820 ι
2670 4767 2827 4821 Ἔστι
2864 4785 2884 4818 ι
2936 4766 3033 4818 καὶ
3086 4765 3150 4817 rb
3189 4782 3209 4815 ι
3235 4761 3344 4817 Ἦν
3375 4782 3392 4814 ι
3433 4761 3632 4826 ἁπλῶς
3671 4763 3772 4816 καὶ

2172 4865 2438 4936 ἀορίστως
2487 4863 2583 4917 καὶ
2640 4859 3056 4930 ἀπολελυμένως
3116 4858 3208 4911 ἐπ’
3269 4856 3433 4911 αὐτοῦ
3499 4855 3767 4925 λέγομεν.

2185 4955 2561 5009 Ἀνεπεὸεκτον
2610 4953 2719 5024 γὰρ
2770 4951 2971 5016 παντὸς
3015 4950 3177 5019 λόγου
3228 4949 3322 5002 καὶ
3376 4950 3658 5018 νοήματος
3708 4948 3775 5000 rb

2172 5046 2327 5101 Θεῖόν
2356 5047 2492 5113 ἐστι,
2518 5043 2641 5099 καθ’
2664 5043 2692 5098 ὃ
2716 5043 2840 5097 οὔτε
2876 5040 3314 5113 κατηγοροῦντες
3330 5038 3497 5092 αὐτοῦ
3522 5040 3585 5091 τὸ
3615 5036 3763 5093 εἶναι

2174 5139 2404 5211 λέγομεν
2425 5138 2557 5193 αὐτὸ
2581 5132 2741 5193 εἶναι.
2785 5136 2874 5201 Ἐξ
2905 5133 3071 5187 αὐτοῦ
3104 5134 3216 5204 γὰρ
3243 5133 3302 5186 rb
3323 5128 3484 5193 εἶναι,
3520 5131 3646 5184 ἀλλ’
3669 5132 3771 5183 οὐκ

2182 5233 2314 5288 αὐτὸ
2339 5232 2400 5285 rb
2422 5227 2582 5286 εἶναι.
2626 5228 2799 5299 ’Υπὲρ
2835 5227 2943 5297 γάρ
2972 5228 3088 5279 ἐστι
3130 5226 3226 5279 καὶ
3263 5222 3432 5278 αὐτοῦ
3467 5223 3561 5276 τοῦ
3601 5218 3769 5283 εἶναι,
3836 5220 3851 5233 ⁸

2182 5321 2278 5376 τοῦ
2307 5339 2366 5374 τε
2396 5322 2514 5384 πῶς
2533 5320 2627 5374 καὶ
2664 5317 2855 5381 ἁπλῶς
2880 5315 3177 5387 λεγομένου
3221 5332 3281 5368 τε
3310 5314 3406 5368 καὶ
3445 5315 3770 5384 νοουμένου.

2184 5416 2247 5468 Ei
2282 5413 2339 5468 δὲ
2372 5412 2510 5475 πῶς,
2544 5409 2662 5465 ἀλλ’
2699 5410 2798 5479 οὐχ
2828 5406 3037 5472 ἁπλῶς,
3085 5405 3199 5477 ἔχει
3227 5406 3295 5459 τὰ
3335 5403 3466 5457 ὄντα
3510 5402 3573 5456 rb
3606 5398 3770 5467 εἶναι,

2184 5504 2373 5572 ὥσπερ
2404 5501 2510 5556 ὑπὸ
2540 5500 2602 5555 rb
2634 5498 2739 5554 ποῦ
2766 5495 2908 5554 εἶναι
2937 5498 3025 5554 διὰ
3057 5498 3158 5569 τὴν
3187 5496 3338 5550 θέσιν
3370 5495 3466 5549 καὶ
3499 5492 3560 5546 τὸ
3595 5493 3771 5562 πέρας

1790 5636 2023 5693 VARIA‘J
2066 5639 2355 5698 LECTION
2365 5639 2466 5695 ES.

579 5751 604 5786 ⁸
635 5751 671 5823 ἢ
698 5749 754 5807 δὲ
781 5749 994 5805 restitui
1027 5765 1126 5821 pro
1158 5753 1204 5805 εἰ
1233 5750 1288 5806 δὲ
1322 5751 1470 5823 quod
1501 5751 1558 5807 in
1584 5754 1897 5826 apographo
1931 5768 2129 5814 exstat.
