3984 6198
319 363 447 428 1181
1550 374 2064 435 AMBIGUORUM
2103 377 2353 438 LIBER.
3415 376 3552 439 1182

312 477 421 529 τῶν
446 477 534 529 ἐπ’
563 478 743 542 αύτοτς
775 478 918 532 κατὰ
950 480 1112 549 φύσιν
1138 480 1334 548 λόγων,
1376 481 1471 534 καὶ
1504 484 1608 535 ὑπὸ
1651 486 1712 536 τὸ
1756 485 1874 537 ποτὲ

1986 502 2090 541 uec
2125 488 2464 543 intellectum
2506 492 2652 562 capit
2680 490 2958 556 divinum;
3010 503 3178 560 quare
3221 502 3322 541 nec
3350 487 3555 556 praedi-

313 568 529 633 πάντως
550 564 692 623 εἶναι
727 569 818 623 διὰ
850 572 951 639 τὴν
981 573 1156 642 ἀρχὴν
1190 572 1516 637 ἐπιδέξεται.

1990 587 2179 633 cantes
2204 579 2377 649 ipsius
2404 581 2788 637 exsistcutiam
2814 582 3055 637 dicimus
3098 581 3269 649 ipsam
3302 592 3423 631 esse
3454 592 3554 631 ex-

204 677 208 680 ‘
311 661 641 716 sisteutiam.
693 661 814 730 Ipse
851 661 1000 715 enim
1045 661 1380 716 exsistcntiae
1433 662 1589 732 origo
1630 671 1755 725 est,
1800 661 1898 717 sed
1956 680 2067 720 non
2127 666 2243 736 ipsa
2276 670 2618 725 exsistcntia.
2672 669 2940 738 Superior
2972 676 3056 723 est
3104 667 3252 721 enim
3298 665 3385 719 vel
3437 664 3557 734 ipsa

311 753 654 817 exsistentia,
683 768 807 821 qua:
835 752 1190 821 aliquomodo
1223 761 1279 807 et
1301 753 1629 822 simpliciter
1671 768 1731 808 se
1775 753 1976 809 habere
1998 765 2055 810 et
2085 757 2290 813 dicitur
2346 768 2403 814 ct
2468 760 2813 831 intelligitur.
2876 759 2933 814 Si
2996 773 3131 812 vero
3179 754 3555 824 aliquomodo,

311 846 407 898 sed
449 859 559 897 non
590 843 936 913 simpliciter,
993 858 1083 898 res
1125 843 1332 898 habent
1367 858 1512 908 esse,
1568 844 1715 897 sicut
1759 844 1862 898 sub
1898 844 2002 897 loci
2035 846 2259 902 notione
2291 864 2411 903 esse
2476 858 2702 919 propter
2768 848 3097 918 positionem
3136 855 3192 899 et
3260 844 3557 898 terminum

314 936 668 991 naturalium
715 935 770 989 in
818 935 901 990 eis
953 936 1231 991 rationum
1266 975 1282 1001 ,
1358 936 1434 989 ita
1472 934 1639 991 etiam
1700 933 1805 988 sub
1854 937 2121 1005 temporis
2161 943 2478 997 necessario
2516 955 2637 996 csse
2686 924 2914 1009 propter
2976 936 3311 1008 principium
3355 936 3556 1006 capiet.

321 1167 651 1234 Ἀπόδειξις
682 1168 795 1223 τοῦ
827 1167 915 1238 μὴ
949 1168 1249 1225 δύνασθαι
1286 1171 1532 1240 ἄπειρον
1576 1169 1749 1241 εῖναι,
1782 1178 1881 1231 καὶ

376 1257 475 1311 διὰ
507 1256 683 1311 τοῦτο
721 1258 859 1312 οὔτε
888 1260 1158 1328 ἄναρχον
1177 1259 1322 1325 πᾶν,
1345 1261 1403 1314 εἴ
1430 1278 1483 1315 τι
1505 1264 1653 1317 κατὰ
1680 1264 1881 1334 τὴν-ὲν

380 1344 596 1415 πλήθει
616 1348 924 1415 ποσότητα
953 1348 1078 1416 ἔχει
1106 1348 1173 1402 τὸ
1198 1345 1368 1405 εἴναι.

378 1459 490 1513 Καὶ
517 1457 679 1513 πάλιν
723 1461 771 1513 εἰ
822 1461 855 1530 ή
901 1462 1120 1515 πάντων
1156 1463 1312 1516 οὐσία
1341 1463 1552 1519 πολλῶν
1580 1465 1747 1520 δντων
1766 1466 1876 1521 τῶν

308 1551 524 1604 πάντων
552 1551 777 1622 ἄπειρος
805 1547 946 1606 εἶναι
983 1553 1043 1606 ού
1088 1553 1309 1610 δύναται
1365 1556 1577 1628 (πέρας
1615 1560 1724 1629 γὰρ
1760 1560 1874 1631 ἔχει

307 1642 491 1696 αὐτῶν
520 1642 628 1695 τῶν
659 1642 869 1697 πολλῶν
898 1643 1069 1699 ὄντων
1115 1646 1216 1717 τὴν
1257 1650 1315 1701 ὲν
1351 1648 1545 1720 πλήθει
1578 1652 1873 1723 ποσότητα,

310 1735 756 1806 περιγράφουσαν
786 1735 956 1806 αὐτῆς
979 1736 1070 1788 τόν
1094 1754 1153 1790 τε
1187 1738 1281 1793 τοῦ
1316 1733 1456 1793 εἶναι
1491 1741 1584 1793 xui.
1621 1741 1713 1795 τοῦ
1759 1742 1875 1807 πῶς

309 1822 451 1879 εἶναι
491 1825 669 1894 λόγον,
699 1827 760 1879 οὐ
790 1826 899 1897 γὰρ
932 1827 1131 1895 ἄφετος
1177 1831 1210 1899 ἡ
1259 1829 1366 1882 τῶν
1406 1830 1624 1884 πάντων
1661 1832 1873 1902 οὐσία),

307 1917 431 1971 οὐδὲ
463 1919 497 1988 ἡ
528 1917 622 1971 τοῦ
654 1916 776 1971 καθ’
812 1908 1042 1972 ἕκαστον
1082 1919 1237 1990 δῆλον
1267 1920 1561 1985 ὑπόστασις
1587 1921 1737 1975 ἔσται
1757 1923 1880 1994 δίχα

312 2010 681 2082 περιγραφῆς,
712 2010 969 2081 ἀλλήλαις
992 2010 1070 2081 τῷ
1097 2011 1315 2083 ἀριθμῷ
1337 2013 1432 2066 καὶ
1459 2016 1523 2083 τῇ
1552 2014 1710 2084 ούσίᾳ⁴
1740 2016 1880 2068 κατὰ

308 2102 468 2170 λόγον
497 2103 993 2175 περιγεραμμέναι.
1040 2104 1103 2156 Εἰ
1139 2103 1195 2156 δὲ
1217 2108 1564 2175 περιγραφῆς
1593 2106 1744 2159 οὐδὲν
1773 2108 1880 2161 τῶν

309 2194 480 2249 ὄντων
509 2194 811 2266 ἐλεύθερον,
846 2194 1026 2249 πάντα
1066 2198 1135 2249 τά
1163 2195 1292 2250 ὄντα
1326 2196 1564 2266 δηλονότι
1603 2198 1880 2267 ἀναλόγως

308 2286 522 2348 ἑαυτοῖς
560 2286 653 2339 καὶ
681 2284 743 2338 τὸ
773 2285 904 2339 ποτὲ
936 2280 1074 2339 εἶναι
1105 2286 1199 2339 καὶ
1228 2286 1287 2339 τὸ
1311 2286 1445 2340 (ποῦ
1467 2283 1636 2341 εἶναι»
1668 2289 1877 2360 εἴληφε.

309 2375 529 2429 Τούτων
557 2376 666 2447 γὰρ
693 2377 821 2435 ἄνευ
849 2377 912 2429 τὸ
943 2378 1206 2449 παράπαν
1233 2379 1384 2432 οὐδὲν
1403 2374 1539 2433 εἶναι
1568 2380 1876 2452 δυνήσεται,

308 2471 409 2524 οὐκ
453 2469 633 2534 ούσία,
671 2470 734 2523 ού
780 2471 1036 2541 ποσότης,
1083 2472 1145 2525 οὐ
1175 2473 1417 2542 ποιότης,
1453 2475 1513 2527 οὐ
1565 2475 1766 2545 σχέσις,
1815 2477 1878 2529 οὐ

312 2562 550 2633 ποίησις,
584 2562 644 2614 οὐ
673 2562 865 2628 πάθος,
896 2564 959 2616 ού
1002 2566 1235 2633 κίνησις,
1262 2566 1361 2636 οὐχ
1401 2565 1533 2631 ἕξις,
1571 2567 1669 2635 οὐχ
1695 2567 1879 2637 ἔτερόν

311 2669 365 2705 τι
422 2653 530 2707 τῶν
582 2647 665 2716 οἷς
709 2654 772 2707 τὸ
808 2656 916 2708 πᾶν
971 2654 1372 2725 περικλείουσιν
1429 2657 1479 2710 οἱ
1533 2657 1661 2727 περὶ
1707 2656 1879 2711 ταῦτα

308 2742 489 2796 δεινοί.
537 2743 703 2796 Οὐδὲν
749 2742 843 2797 οὖν
879 2743 989 2796 τῶν
1030 2744 1198 2797 ὄντων
1226 2745 1478 2815 ἄναρχον,
1527 2740 1572 2815 ᾧ
1606 2764 1657 2799 τι
1692 2746 1878 2817 ἕτερον

310 2835 751 2906 προεπινοείσθαι
796 2834 990 2905 (170
1026 2835 1119 2904 α),
1156 2835 1277 2889 οὐδὲ
1320 2836 1696 2907 ἀπερίγραφον
1746 2826 1790 2905 ᾧ
1824 2855 1878 2892 τι

309 2922 495 2993 ἕτερον
546 2923 979 2978 ωνεπινοεῖσθαι
1026 2924 1270 2978 δύναται.
1330 2926 1393 2978 El
1442 2926 1498 2980 δὲ
1539 2925 1648 2979 τῶν
1711 2926 1878 2981 ὄντων

306 3012 460 3066 οὐδὲν
488 3014 720 3086 ἄναρχον
764 3014 799 3087 ἢ
849 3015 927 3069 ἀπ
941 3014 1258 3087 ερίγραφον,
1291 3016 1363 3080 ὠς
1391 3014 1558 3082 ἔδειξε
1574 3016 1879 3085 ἀκολούθως

305 3108 375 3179 τῇ
410 3106 570 3177 φύσει
594 3110 699 3160 τῶν
721 3107 891 3161 ὄντων
926 3109 1197 3178 ἑπόμενος
1250 3110 1279 3161 ὁ
1321 3109 1499 3178 λόγος,
1547 3105 1617 3180 ἦν
1663 3110 1878 3177 πάντως

308 3196 441 3251 ποτὲ
467 3196 555 3249 δτε
575 3212 627 3249 τι
648 3197 756 3250 τῶν
778 3196 948 3250 ὄντων
978 3198 1078 3250 οὐκ
1112 3193 1182 3267 ἦν
1206 3213 1222 3229 ο
1251 3199 1295 3250 εί
1327 3198 1384 3251 δὲ
1402 3198 1501 3251 οὐκ
1534 3194 1624 3267 ἦν,
1661 3199 1877 3262 πάντως

1977 1181 2389 1239 Demonstratur
2416 1185 2548 1240 nihil
2583 1199 2732 1256 posse
2761 1182 3033 1252 inﬁnitum
3067 1198 3196 1247 esse,
3240 1191 3289 1235 et
3317 1191 3558 1253 propter-

2047 1291 2110 1330 ea
2137 1292 2230 1329 nec
2255 1279 2371 1331 sine
2402 1278 2574 1342 initio,
2608 1278 2655 1332 si
2688 1276 2816 1347 quid
2837 1274 3126 1329 secundum
3150 1274 3359 1327 numeri
3376 1289 3557 1343 quan-

2045 1367 2248 1421 titatem
2282 1369 2435 1422 habet
2479 1368 2856 1433 exsistentiam.

2044 1471 2227 1541 Atque
2286 1486 2501 1539 rursus,
2562 1472 2607 1526 si
2666 1474 3043 1525 universorum
3108 1465 3378 1527 essentia,
3431 1476 3557 1516 cum

1969 1561 2141 1615 multa
2160 1562 2270 1616 sint
2283 1563 2559 1627 universa,
2577 1562 2789 1616 inﬁnita
2808 1575 2929 1615 esse
2944 1574 3053 1612 non
3069 1565 3249 1627 potest
3268 1555 3560 1623 (terminus

1969 1651 2117 1705 enim
2138 1651 2382 1721 ipsorum
2401 1652 2698 1706 multorum
2716 1664 2838 1720 quae
2852 1648 3127 1719 exsistunt
3148 1644 3361 1699 numeri
3378 1656 3556 1711 quan-

1975 1743 2182 1796 titatem
2234 1752 2399 1809 tenet,
2425 1759 2547 1813 quae
2592 1743 2737 1797 illius
2789 1750 2898 1795 tam
2933 1736 3233 1794 exsisteudi
3263 1750 3424 1804 quam
3454 1732 3555 1787 ali-

1973 1830 2249 1898 quomodo
2301 1830 2601 1903 exsistendi
2651 1829 2944 1892 rationem;
2975 1839 3158 1894 neque
3192 1822 3340 1877 enim
3387 1819 3553 1874 abso-

1977 1920 2092 1975 luta
2122 1929 2206 1976 est
2235 1922 2619 1976 universorum
2646 1918 2930 1988 essentia),
2961 1932 3065 1971 nec
3093 1914 3459 1985 singulorum.
3493 1918 3555 1964 ut

1981 2019 2150 2081 patet,
2181 2012 2484 2067 substantia
2512 2012 2632 2067 sine
2661 2006 3173 2078 circumscriptione
3202 2004 3329 2067 erit,
3361 2018 3555 2056 nume-

1981 2116 2044 2155 ro
2096 2109 2152 2156 et
2180 2102 2420 2157 essentia
2453 2110 2647 2156 mutuo
2677 2099 2981 2156 secundum
3013 2097 3281 2151 rationem
3312 2095 3553 2148 circum-

1980 2192 2201 2262 scripta.
2235 2192 2291 2247 Si
2316 2201 2498 2248 autem
2513 2192 3026 2261 circumscriptione
3055 2203 3246 2244 eorum
3277 2202 3397 2256 qua:
3426 2194 3556 2240 sunt

1978 2283 2276 2353 quidquam
2308 2299 2420 2339 non
2448 2292 2626 2348 vacat,
2659 2283 2916 2338 universa
2959 2281 3219 2334 nimirum
3262 2292 3383 2347 quae
3413 2285 3545 2329 sunt

1979 2376 2084 2430 sibi
2105 2376 2237 2445 ipsis
2247 2377 2639 2431 convenienter
2654 2386 2710 2430 et
2737 2395 2754 2427 ι
2773 2373 3067 2447 aliquando
3082 2386 3202 2427 esse
3222 2382 3299 2423 vel
3315 2387 3332 2419 ι
3352 2366 3553 2422 alicubi

1978 2482 2127 2523 esse»
2163 2477 2448 2538 ceperunt.
2482 2468 2578 2523 llis
2604 2469 2752 2523 enim
2784 2481 2979 2520 vacare
3009 2463 3146 2518 nihil
3178 2460 3406 2515 omnino
3443 2473 3547 2528 po-

1982 2559 2127 2624 terit,
2157 2574 2266 2613 non
2284 2560 2541 2624 essentia,
2564 2575 2673 2613 non
2690 2557 2989 2628 quantitas,
3016 2551 3412 2630 norgqualitas.
3436 2563 3549 2602 non

1979 2651 2191 2710 relatio.
2209 2666 2318 2704 non
2330 2650 2490 2711 actio,
2506 2665 2614 2703 non
2638 2649 2839 2719 passio,
2857 2662 2968 2701 non
2982 2644 3284 2707 motio,non
3304 2640 3548 2702 habitus,

1978 2756 2082 2795 nec
2108 2740 2258 2794 aliud
2290 2740 2460 2794 ullum
2489 2747 2599 2808 quo
2628 2740 2949 2793 universum
2978 2730 3422 2790 circumcludunt
3450 2730 3548 2799 qui

1978 2829 2066 2883 his
2096 2824 2263 2885 rebus
2292 2839 2421 2884 sunt
2446 2829 2667 2884 eruditi.
2701 2829 2890 2897 Itaque
2920 2840 3111 2881 eorum
3139 2838 3261 2892 qua:
3283 2830 3411 2876 sunt
3438 2834 3550 2890 quo

1978 2920 2109 2990 quid
2139 2920 2288 2975 aliud
2320 2920 2476 2990 prius
2509 2920 2737 2991 cogitari
2771 2927 2969 2988 potest.
3028 2916 3085 2970 id
3127 2913 3401 2984 principio
3428 2927 3541 2966 non

1978 3024 2149 3074 caret,
2176 3011 2254 3067 uti
2286 3026 2389 3066 nec
2416 3010 2925 3079 circumscriptione
2954 3021 3193 3078 quocum
3224 3004 3356 3075 quid
3392 3004 3547 3058 aliud

1977 3106 2139 3161 simul
2170 3105 2399 3176 cogitari
2431 3112 2630 3174 potest.
2665 3104 2785 3159 Jam
2816 3103 2861 3158 si
2895 3116 3080 3156 rerum
3106 3114 3229 3170 quae
3249 3105 3376 3153 sunt
3406 3096 3545 3151 nihil

1977 3198 2250 3268 principio
2275 3204 2538 3251 caretnec
2567 3194 3173 3265 circumscriptionem!
3203 3191 3545 3245 demonstra-

305 3287 551 3355 γέγονεν,
581 3287 739 3360 εἰπερ
770 3288 871 3341 οὐκ
896 3283 981 3358 ἦν.
1032 3288 1107 3341 Οὐ
1138 3270 1245 3359 γὰρ
1281 3289 1447 3359 ἄμφω
1462 3289 1735 3361 ἐνδέχεται
1774 3292 1867 3345 καὶ

1977 3292 2049 3347 vit
2067 3296 2468 3361 consequenter
2495 3275 2745 3342 naturam
2776 3301 2961 3343 rerum
2993 3298 3232 3354 sequens
3252 3282 3411 3347 ratio,
3430 3280 3545 3334 lieri

306 3373 445 3431 εἶναι
481 3377 574 3429 καὶ
616 3376 863 3440 γίνεσθαι
914 3376 1084 3448 χωρὶς
1125 3380 1335 3449 τροπῆς
1379 3379 1473 3431 καὶ
1508 3379 1866 3444 ἀλλοιώσεωῖο

306 3468 370 3520 Εἰ
414 3465 524 3537 γὰρ
565 3463 635 3538 ἦν
676 3468 771 3521 καὶ
812 3468 1052 3536 γέγονεν,
1103 3468 1337 3540 ἐτράπη,
1372 3470 1453 3533 είς
1480 3471 1617 3541 ὅπερ
1652 3472 1756 3525 ούκ
1801 3469 1869 3543 ἦν

311 3558 702 3633 μεταχωρῆσαν
738 3544 876 3611 κατὰ
917 3558 1014 3631 τὴν
1040 3559 1273 3628 γένεσιν,
1311 3558 1344 3629 ἢ
1378 3559 1669 3631 ἠλλοιώθη,
1703 3577 1872 3631 προτ-

309 3651 483 3721 θήκην
534 3645 597 3705 οὗ
643 3650 904 3721 ἐστέρητο
958 3652 1190 3715 κάλλους
1235 3652 1640 3723 ἐπιδεξάμενον.
1672 3654 1788 3708 Πᾶν
1813 3653 1870 3707 δὲ

305 3742 714 3812 τρεπόμενον,ἢ
746 3739 1203 3812 ἁλ).οιούμενον,ἣ
1236 3740 1451 3805 ἐλλιπὲς
1482 3742 1678 3807 εἴδους,
1711 3742 1870 3795 αύτοο

304 3828 455 3892 τελὲς
500 3830 523 3861 ⁸
559 3824 697 3884 εἶναι
740 3829 801 3882 ού
841 3828 1084 3884 δύναται.
1134 3829 1210 3882 Τὸ
1249 3829 1307 3883 δὲ
1343 3830 1418 3900 μὴ
1458 3831 1520 3884 δν
1562 3829 1867 3895 αὐτοτελὲς,

306 3921 495 3992 ἑτέρου
557 3921 774 3984 πάντως
818 3920 1308 3991 προσδεηθήσεται,
1381 3921 1477 3975 τοῦ
1538 3922 1870 3992 παρέχοντος

305 4011 453 4082 αὐτῷ
477 4012 576 4082 τὴν
598 4011 933 4082 τελειότητα,
966 4012 1061 4065 καὶ
1095 4011 1210 4065 ἔστι
1238 4012 1445 4066 τέλειον
1487 4013 1584 4083 μὲν
1604 4012 1666 4065 τὸ
1691 4012 1869 4065 τοιοῦ-

301 4117 416 4166 τον,
460 4100 573 4154 ἀλλ’
619 4102 718 4154 οὐκ
760 4100 1067 4164 αὐτοτελὲς,
1111 4100 1197 4155 διά
1238 4101 1297 4154 τὸ
1327 4102 1402 4172 μὴ
1431 4092 1613 4170 φύσει,
1653 4101 1867 4172 μεθέξει

303 4191 361 4245 δὲ
386 4191 449 4245 τὸ
479 4192 678 4245 τέλειον
705 4192 869 4263 ἔχειν.
900 4191 974 4245 Τὸ
994 4192 1051 4246 δὲ
1080 4193 1266 4264 ἐτέρου
1312 4194 1703 4266 προσδεόμενον
1732 4195 1868 4265 πρὶς

302 4284 581 4338 τελείωσιν
639 4284 733 4338 καὶ
794 4284 928 4356 πρὸς
986 4285 1118 4337 αὐτὸ
1159 4285 1222 4338 τὸ
1263 4281 1402 4355 είναι
1449 4284 1629 4354 πολλῷ
1669 4284 1867 4355 μᾶλλον

305 4374 785 4447 προσδεηθήσεται.
838 4377 901 4429 Εἰ
926 4375 1036 4446 γὰρ
1062 4376 1233 4440 εἴδους
1263 4377 1544 4446 κρείττων,
1578 4376 1653 4439 ῶς
1681 4394 1864 4445 φασιν,

1968 3399 2080 3439 non
2109 3392 2291 3453 potest
2318 3383 2452 3453 quin
2495 3378 2791 3450 aliquando
2847 3391 3032 3432 rerum
3070 3373 3369 3449 quidquam
3433 3387 3546 3426 non

1968 3475 2155 3540 fuerit,
2179 3482 2235 3529 et
2260 3475 2304 3530 si
2336 3488 2443 3528 non
2474 3472 2598 3534 fuit,
2632 3469 2748 3526 ﬁeri
2781 3484 2893 3524 non
2925 3476 3109 3539 potest
3153 3466 3288 3536 quin
3334 3463 3539 3520 factum

1969 3566 2060 3631 sit,
2092 3564 2363 3634 siquidem
2400 3578 2512 3616 non
2544 3561 2665 3615 fuit.
2698 3560 3004 3627 Utrumque
3032 3556 3215 3628 enim,
3260 3564 3367 3609 lam
3421 3568 3543 3608 esse

1967 3672 2133 3726 quam
2173 3656 2314 3721 ﬁeri,
2348 3669 2456 3708 non
2486 3653 2634 3722 capit
2662 3651 2781 3706 sine
2808 3647 3173 3706 conversione
3202 3655 3258 3701 et
3286 3646 3545 3699 immuta-

1968 3748 2138 3804 tione.
2168 3747 2414 3816 Namque
2452 3745 2498 3798 si
2537 3743 2640 3798 fuit
2677 3741 2739 3797 et'
2782 3742 2985 3797 factum
3041 3746 3147 3803 est,
3213 3752 3543 3792 conversum

1966 3849 2070 3906 est,
2094 3848 2381 3910 postquam
2413 3836 2468 3890 in
2500 3834 2555 3889 id
2585 3832 2732 3904 quod
2762 3848 2871 3887 non
2901 3829 3004 3884 fuit
3025 3843 3125 3900 per
3152 3836 3334 3881 ortum
3368 3836 3544 3880 trans-

1968 3932 2053 3995 iit,
2111 3939 2206 3985 aut
2253 3929 2602 3982 immutatum
2632 3932 2737 3987 est,
2771 3930 3060 3993 postquam
3107 3917 3540 3973 additamentum

1966 4024 2087 4093 ejus
2133 4037 2242 4092 qua
2271 4019 2481 4090 privata
2508 4025 2628 4073 erat
2656 4012 3071 4086 pulchritudine
3097 4010 3328 4080 recepit.
3358 4007 3539 4075 Quid-

1967 4113 2100 4183 quid
2148 4109 2729 4167 autem'convertitur
2773 4115 2865 4162 aut
2895 4107 3240 4164 immutatur.
3275 4109 3371 4157 aut
3423 4102 3539 4156 fur-

1966 4218 2053 4256 ma
2083 4216 2336 4256 mancum
2377 4209 2482 4264 est,
2532 4199 2585 4254 id
2619 4198 2932 4253 absolutum
2970 4212 3068 4267 per
3097 4211 3157 4251 se
3187 4207 3537 4249 consumma-

1967 4305 2193 4363 tumque
2232 4308 2354 4348 esse
2382 4293 2592 4361 nequit.
2649 4291 2806 4357 Quod
2837 4299 3020 4344 autem
3057 4305 3167 4343 non
3225 4304 3323 4358 per
3355 4302 3413 4341 se
3444 4286 3540 4340 ab.

1964 4385 2204 4440 solutum
2249 4393 2354 4448 est,
2382 4383 2435 4438 id
2467 4384 2640 4437 altero
2674 4382 2900 4436 omnino
2929 4379 3199 4450 indigebit
3239 4378 3386 4449 quod
3431 4378 3537 4432 sibi

299 4469 334 4537 ἡ
370 4467 526 4520 οὐσία
555 4466 882 4536 καθέστηκε,
908 4466 1114 4538 ταύτην
1157 4467 1214 4520 δὲ
1259 4466 1435 4537 ἑαυτῷ
1478 4471 1778 4539 παρασχεῖν
1830 4468 1863 4541 ἢ

1977 4474 2379 4530 absolutionem
2397 4481 2638 4543 praestet,
2686 4481 2850 4542 atquc
2873 4479 2959 4527 est
2978 4471 3289 4525 absolutum
3314 4468 3537 4538 quidem

301 4559 486 4623 ἁπλῶς
545 4559 689 4628 ἔχειν
711 4558 996 4630 δεδύνηται
1047 4561 1224 4613 ἐκεῖνο
1267 4559 1330 4612 τὸ
1382 4559 1464 4623 ὃν,
1523 4560 1663 4630 ὅπερ
1704 4561 1864 4613 αὐτοὶ

1977 4558 2094 4630 tale,
2127 4565 2223 4620 scd
2250 4581 2361 4619 non
2397 4579 2496 4636 per
2525 4579 2583 4619 se
2624 4562 2957 4627 absolutum,
2994 4546 3255 4632 quoniam
3294 4574 3401 4612 non
3436 4574 3537 4612 na-

301 4652 467 4719 φάναι
490 4649 789 4721 βούλονται,
821 4650 939 4713 πῶς
979 4650 1114 4721 πρδς
1140 4650 1202 4703 τὸ
1228 4649 1374 4721 ἔχειν
1404 4650 1591 4715 ἁπλῶς
1622 4651 1655 4722 ἢ
1692 4669 1867 4723 παρα-

1977 4665 2113 4722 tura,
2143 4657 2238 4712 sed
2268 4654 2766 4712 communicatione
2797 4654 3111 4709 absolutum
3143 4652 3328 4707 habet.
3379 4650 3534 4716 Quod

301 4744 449 4812 σχεῖν
482 4740 659 4811 ἑαυτῷ
687 4742 748 4795 ἰδ
773 4737 955 4815 ἧττον,
990 4742 1133 4813 φημὶ
1161 4742 1217 4795 δὲ
1256 4742 1318 4795 τὸ
1348 4738 1507 4807 εἶδος,
1550 4744 1651 4797 οὐκ
1694 4745 1864 4816 ἐπήρ-

1977 4733 2153 4801 ιυιὶξιῐι
2210 4746 2386 4801 altero
2417 4745 2625 4815 indiget
2650 4744 2717 4798 ad
2770 4757 2889 4799 sese
2910 4741 3424 4804 consummandam,
3479 4740 3533 4794 id

300 4848 466 4897 κεσε;
509 4833 572 4885 Εἰ
600 4832 658 4886 δὲ
686 4833 823 4903 πρὸς
873 4832 935 4885 τδ
979 4816 1281 4905 παρασίεῖν
1319 4833 1497 4903 ἑαυτῷ
1527 4833 1588 4886 τὸ
1615 4829 1796 4907 ἦττον,
1828 4834 1861 4907 ἢ

1977 4836 2130 4890 etiam
2187 4837 2363 4890 multo
2406 4836 2578 4907 magis
2604 4834 2871 4906 indigebit
2901 4834 2969 4888 ad
3000 4834 3105 4889 hoc
3143 4834 3319 4903 ipsum
3351 4840 3410 4886 ut
3440 4831 3532 4886 sit.

300 4923 497 4987 ἁπλῶς·
527 4923 670 4995 ἔχειν
713 4926 887 4979 ἐκεῖνο
921 4924 983 4978 τὸ
1022 4924 1101 4991 δν,
1137 4926 1272 4996 ὅπερ
1292 4927 1346 4979 εί
1380 4943 1441 4980 τε
1486 4927 1693 4993 οὐσίαν,
1726 4928 1780 4980 εἴ
1802 4945 1862 4981 τε

1977 4928 2098 4981 Nam
2124 4927 2168 4981 si
2197 4928 2389 4991 forma,
2422 4938 2484 4983 ut
2514 4928 2690 4992 aiunt,
2719 4927 2957 4982 essentia
3008 4935 3252 4996 praestat,
3297 4910 3544 4995 eamque.

299 5015 429 5086 ὕλην
456 5017 639 5071 καλεῖν
672 5016 950 5088 βούλονται
983 5018 1032 5069 οἱ
1058 5018 1121 5071 τὸ
1147 5018 1381 5088 ἄναρχον
1413 5021 1523 5084 τοῖς
1566 5020 1704 5089 μετὰ
1729 5020 1861 5074 Θεὸν

1977 5017 2068 5072 sibi
2119 5017 2222 5086 ipsi
2275 5024 2537 5086 prmstare
2579 5017 2666 5071 vel
2722 5016 3050 5087 simpliciter
3097 5016 3303 5071 habere
3354 5024 3534 5086 potest

297 5110 389 5163 mi.
417 5111 480 5162 ὲκ
509 5109 645 5164 Θεοῦ
691 5111 1031 5180 προσάπτειν
1067 5110 1375 5180 τολμῶντες
1439 5111 1534 5181 (ού
1580 5112 1688 5182 γὰρ
1726 5113 1857 5183 περὶ

1977 5108 2098 5163 llud
2138 5124 2258 5171 ens,
2305 5107 2452 5176 quod
2494 5107 2599 5177 ipsi
2654 5107 2841 5162 dicere
2887 5107 3100 5170 volunt,
3128 5105 3405 5176 quomodo
3463 5106 3529 5162 ad

293 5200 484 5254 τούτου
509 5202 911 5273 διαφερόμεθα)
945 5202 1045 5255 οὐκ
1083 5204 1377 5271 ἐπήρκεσε,
1425 5201 1542 5264 πῶς
1580 5202 1640 5255 τὸ
1671 5206 1855 5275 κρεῖτ-

1978 5199 2274 5253 iabendum
2291 5197 2617 5268 simpliciter
2632 5199 2717 5253 vel
2737 5197 3103 5267 pnestandum
3123 5198 3227 5253 sibi
3247 5200 3401 5268 pejus
3420 5195 3530 5251 for-

294 5309 405 5357 τον,
439 5292 572 5346 αὐτὸ
619 5294 680 5347 τὸ
722 5290 862 5347 εἷναί
901 5311 1065 5364 φημι,
1104 5293 1135 5363 ἢ
1173 5292 1358 5357 ἁπλῶς
1403 5293 1436 5364 ἢ
1489 5295 1622 5364 παρ’
1665 5293 1858 5347 ἑαυτοῦ

1977 5305 2100 5344 nam
2120 5288 2265 5355 dico,
2289 5304 2399 5343 non
2424 5289 2757 5344 sufﬁciebat?
2783 5289 2839 5344 Si
2861 5299 3043 5344 autem
3066 5288 3132 5344 ad
3159 5288 3526 5359 praestandum

294 5379 439 5450 ἔχειν
466 5381 772 5452 δεδύνηται,
800 5383 860 5436 τὸ
906 5383 1041 5452 πρὸς
1078 5381 1138 5435 τὸ
1177 5381 1322 5453 ἔχειν
1356 5381 1418 5434 τὸ
1454 5378 1616 5453 ἦττον
1663 5383 1859 5435 ἀδυνα-

1977 5380 2058 5435 ιίὺί
2080 5380 2234 5451 pejus
2260 5378 2346 5434 vel
2380 5378 2705 5448 simpliciter
2734 5378 3066 5444 habendum,
3093 5378 3225 5433 illud
3246 5377 3524 5447 eus,quod

291 5472 494 5540 τῆσανς
529 5474 591 5527 Ei
618 5474 675 5527 δὲ
702 5474 834 5543 παρ’
872 5473 1072 5543 ἑαυτῆς
1099 5474 1131 5544 ἢ
1162 5472 1348 5537 ἁπλῶς
1394 5471 1540 5544 ἔχειν
1591 5472 1653 5525 τὸ
1694 5469 1858 5543 ἦττον

1977 5474 2041 5528 rel
2053 5473 2345 5528 essentiam
2364 5464 2448 5526 vel
2468 5470 2755 5527 materiam
2770 5486 2965 5526 vocare
2986 5472 3163 5542 placet
3180 5470 3261 5525 eis
3275 5469 3524 5540 quiquod

290 5560 540 5636 οὐδαμῶς
578 5569 612 5639 ἡ
652 5565 754 5637 ὕλη
788 5566 983 5637 (170
1020 5566 1070 5637 b)
1100 5566 1401 5637 δεδύνηται,
1436 5564 1615 5635 πολλῷ
1655 5565 1854 5634 μᾶλλον

1979 5566 2115 5619 uitio
2149 5574 2299 5621 caret
2330 5564 2498 5619 rebus
2542 5579 2662 5634 qua:
2692 5573 2815 5635 post
2845 5564 3015 5621 Deum
3047 5572 3105 5620 et
3146 5579 3213 5621 cx
3252 5564 3364 5634 Deo
3395 5570 3523 5618 sunt

1564 5695 1799 5752 VAllle
1828 5696 2225 5753 LECTIONES.

360 5788 386 5830 ι
414 5790 693 5858 ἀνελλιπὲς
725 5791 847 5845 cod.
874 5791 1025 5848 ‘Gud.
1052 5792 1205 5859 Quod
1237 5791 1289 5846 in
1323 5807 1493 5871 marg.
1529 5790 1597 5845 ab
1637 5791 1828 5848 eadem
1857 5808 2020 5848 manu
2055 5793 2405 5851 emendatum
2438 5801 2522 5850 est
2550 5792 2607 5848 in
2634 5791 2944 5859 αὐτοτελές.
