3984 6198
473 307 609 370 11⁸³3

1628 301 1690 361 S.
1730 300 2015 360 MAXIM!
2056 296 2566 360 CONFESSORIS

3591 298 3737 362 llRi

463 426 756 472 :umeclere
782 422 1050 467 conantur
1083 412 1281 482 (neque
1306 413 1455 466 cnim
1487 414 1554 468 de
1581 414 1685 468 hoc
1714 413 2042 483 litigamus),

2170 425 2285 478 ιὺτὸ
2310 424 2370 477 τὸ
2399 421 2538 477 εἶναι
2564 424 2768 486 ἁπλῶς,
2812 424 2844 493 ἦ
2899 424 3014 487 πῶς
3060 424 3188 491 παρ’
3235 426 3435 493 ἑαυτῆς
3484 425 3627 494 ἔχειν
3663 428 3733 480 οὗ

472 507 618 563 haud
647 503 969 565 suﬁiciebat,
996 502 1274 579 quo-modo
1302 503 1521 567 melius,
1551 503 1725 574 ipsam
1773 502 2047 558 exsisten-

471 597 600 650 tiam
630 594 778 658 dico,
810 593 893 647 vel
938 593 1265 662 simpliciter
1298 593 1382 647 vel
1419 609 1451 647 a
1474 609 1534 647 se
1569 594 1692 663 ipso
1717 593 1923 646 habere
1951 606 2049 661 po-

473 685 598 745 tuit,
625 681 774 752 quod
794 682 860 736 ad
888 684 1043 752 pejus
1069 682 1383 736 habendum
1414 697 1522 736 non
1538 681 1747 735 valuit?
1780 679 1835 734 Si
1866 689 2048 734 autem

467 792 497 830 a
527 790 586 829 se
631 775 751 844 ipsa
775 775 862 828 vel
886 762 1233 844 Isimpliciter
1265 774 1495 828 materia
1526 774 1683 844 pejus
1706 773 1917 827 habere
1952 786 2049 826 ne—

467 881 742 935 quaquam
780 866 983 935 potuit,
1016 866 1191 920 multo
1226 865 1399 936 magis
1438 866 1610 935 ipsam
1664 864 2045 919 exsistentiam

469 954 816 1023 simpliciter,
844 954 930 1008 vel
966 953 1151 1022 aliquo
1183 953 1348 1007 modo
1368 970 1398 1007 a
1428 969 1487 1008 se
1519 953 1724 1007 habere
1756 970 1861 1007 non
1892 960 2049 1023 pote—

472 1046 560 1099 rit.
598 1046 742 1115 Ergo
770 1060 892 1115 quae
914 1044 982 1098 ad
1020 1044 1357 1109 habendum,
1392 1053 1455 1098 ut
1480 1045 1914 1099 demonstratum
1941 1052 2047 1109 est,

472 1137 647 1205 pejus,
702 1135 956 1199 formam,
992 1137 1241 1205 inquam,
1281 1136 1425 1190 haud
1468 1136 1659 1197 valuit,
1699 1152 1764 1191 ea
1836 1152 1940 1190 nec
1981 1136 2050 1191 ad

472 1227 688 1291 melius,
717 1226 890 1296 ipsam
911 1227 1288 1281 exsistentiam
1332 1228 1577 1296 inquam,
1599 1228 1904 1282 habendam
1929 1230 2051 1284 nul-

2152 515 2528 585 δυνηθήσεται.
2557 511 2784 585 ’Δρόὗν
2816 517 2848 585 ἡ
2873 517 3008 587 πρὸς
3050 516 3110 569 τὸ
3139 516 3307 586 ἔχειν,
3330 517 3408 579 ὡς
3435 517 3732 581 δέδεικται,

2149 606 2215 661 τὸ
2238 601 2421 678 ἦττον,
2452 607 2597 674 λέγω
2620 607 2675 658 δὲ
2697 607 2757 660 τὸ
2785 602 2945 672 εἶδος,
2970 608 3282 676 ἀτονήσασα
3311 608 3433 662 οὐδὲ
3462 609 3523 662 τὸ
3554 614 3738 672 κρεῖτ-

2152 712 2268 759 τον,
2301 696 2434 748 αὐτὸ
2460 695 2520 748 τὸ
2544 690 2683 748 εἶναι
2728 713 2917 766 φημι..
2941 697 3046 751 κᾶν
3088 698 3337 751 ὁπωσοῦν
3384 698 3533 767 ἔχειν
3564 700 3737 769 δυνη-

2155 787 2273 856 θείη
2306 786 2459 840 ποτέ.
2489 787 2550 839 Ei
2569 787 2628 839 δὲ
2651 787 2831 850 τοῦτο,
2866 788 3085 850 πάντως
3114 789 3178 840 ὲκ
3202 787 3338 841 Θεοῦ
3366 790 3426 840 τὸ
3448 785 3587 841 εἶναι
3617 791 3736 851 τοῖς

2154 872 2274 931 οὖσι
2299 876 2395 930 καὶ
2426 876 2488 929 τὸ
2516 871 2654 939 εἶδος
2676 877 2997 946 δεδώρηται,
3031 878 3265 947 ἐπείπερ
3297 878 3469 930 εἰσίν·
3500 879 3551 930 εὶ
3576 878 3634 932 δὲ
3664 880 3735 930 ὲκ

2151 965 2286 1021 Θεοῦ
2320 969 2472 1019 πᾶσα
2499 967 2680 1031 οὐσία,
2718 968 2813 1020 καὶ
2874 968 2975 1035 ὕλη
3025 970 3122 1021 καὶ
3172 965 3315 1030 εἶδος
3365 969 3511 1022 ἅπαν
3557 970 3729 1032 ἐστὶν,

2152 1057 2328 1117 οὐδεὶς
2355 1056 2420 1109 ἂν
2445 1056 2518 1126 μὴ
2543 1056 2719 1125 πάντη
2762 1057 3039 1127 σώφρονος
3075 1058 3337 1129 λογισμοῦ
3368 1059 3735 1128 ἐστερημένος

2159 1149 2332 1199 εἰπεῖν
2352 1148 2644 1217 ἀνάσχοιτο
2672 1148 2909 1218 ἄναρχον
2934 1149 2967 1219 ἢ
2992 1149 3255 1221 ἀγένητον
3283 1150 3382 1220 τὴν
3412 1150 3566 1219 ὓλην,
3598 1150 3736 1203 Θεὸν

2162 1235 2318 1300 εἰδὼς
2347 1237 2458 1291 τῶν
2488 1237 2658 1291 ὄντων
2696 1239 2929 1309 ποιητὴν
2958 1241 3051 1292 καὶ
3079 1240 3435 1310 δημιουργόν.

471 1321 519 1372 la
570 1332 635 1372 ex
670 1327 825 1386 parte
871 1318 1132 1371 valuerit.
1162 1316 1217 1371 Si
1253 1332 1385 1371 vero
1428 1319 1500 1371 ita
1550 1328 1655 1379 est,
1712 1335 1781 1379 ex
1848 1320 1959 1374 Deo
2009 1324 2237 1383 omnino
2306 1326 2472 1381 rebus
2502 1327 2689 1382 datum
2731 1336 2815 1381 est
2850 1336 2911 1381 ut
2941 1327 3050 1383 sint
3090 1339 3147 1383 et
3180 1328 3413 1382 formam
3456 1329 3730 1388 habeant.

412 1484 421 1489 .
469 1424 594 1461 eum
625 1408 737 1462 sint
769 1426 782 1461 :
815 1408 863 1463 si
903 1422 1035 1463 vero
1070 1422 1137 1462 ex
1168 1409 1279 1461 Deo
1311 1408 1490 1461 omnis
1505 1409 1762 1472 essentia,
1791 1412 2110 1477 ctmatcria,
2149 1425 2206 1470 et
2230 1415 2405 1470 forma
2434 1417 2614 1472 omnis
2648 1428 2751 1485 est,
2797 1435 2960 1473 nemo
3012 1419 3278 1488 profecto,
3309 1419 3355 1473 si
3391 1435 3523 1473 sana
3550 1428 3735 1474 mente

474 1514 580 1553 non
614 1505 698 1551 est
725 1498 992 1566 privatus,
1036 1496 1320 1550 materiam
1381 1496 1638 1551 infactam
1677 1506 1774 1552 aut
1829 1500 2109 1571 principio
2159 1516 2437 1561 carentem
2464 1507 2645 1563 dicere
2676 1508 2995 1576 sustinebit,
3032 1525 3156 1564 cum
3186 1510 3359 1565 Deum
3416 1511 3736 1567 meminerit

474 1605 655 1645 rerum
686 1598 895 1642 natura:
936 1587 1203 1641 factorem
1236 1595 1293 1641 et
1312 1586 1600 1641 artiﬁcem.

472 1743 876 1798 Demonstratur
915 1742 1054 1814 quod
1090 1741 1344 1812 quidquid
1375 1726 1643 1795 moveatur
1701 1742 1782 1796 vel
1809 1759 1927 1795 cum
1954 1742 2041 1797 al-

2170 1747 2495 1814 Ἀπόδειξις
2524 1746 2614 1802 ὅτι
2638 1746 2763 1803 πᾶν
2782 1749 3161 1817 κινούμενον,
3204 1747 3242 1815 ἢ
3268 1748 3436 1811 ἄλλῳ
3474 1749 3739 1817 διαφόρῳ

541 1845 651 1888 tero
679 1834 965 1888 secundum
991 1828 1271 1886 essentiam
1296 1824 1656 1903 diﬂ'erente'ex
1678 1842 1875 1888 azterno
1890 1834 2050 1888 simul

539 1932 812 1987 cernatur,
866 1922 1137 1992 inﬁnitum
1181 1938 1292 1976 esse
1331 1940 1437 1977 non
1471 1940 1641 1991 posse,
1686 1926 1898 1995 etquod
1920 1926 2053 1996 dyas

542 2030 711 2084 neque
736 2015 944 2068 initium
966 2014 1054 2077 sit,
1080 2030 1247 2083 neque
1265 2015 1376 2067 sine
1399 2015 1573 2079 initio,
1615 2025 1663 2068 et
1697 2016 1834 2085 quod
1871 2032 2054 2070 manas

539 2103 655 2157 sola
680 2104 891 2173 praprie
906 2104 973 2156 sit
1004 2105 1215 2157 initium
1244 2112 1292 2157 et
1312 2105 1426 2157 sine
1460 2105 1634 2170 initio,

538 2216 720 2286 Atque
752 2232 967 2283 rursus,
1000 2217 1046 2272 si
1076 2225 1219 2281 erat,
1253 2227 1315 2272 ut
1345 2219 1571 2287 quidam
1603 2219 1820 2285 dicunt,
1878 2230 2055 2276 mate-

473 2310 577 2372 ria,
609 2324 720 2363 non
751 2306 895 2363 facta
925 2317 1011 2364 est
1041 2308 1238 2379 igitur;
1272 2311 1318 2364 si
1348 2325 1488 2364 vero
1515 2327 1628 2366 non
1656 2310 1800 2365 facta
1820 2321 1928 2379 est,
1954 2327 2057 2368 nec

473 2410 758 2467 mutatur;
791 2401 838 2457 si
900 2417 1033 2457 vero
1063 2416 1174 2456 non
1218 2412 1484 2468 motatur,
1529 2419 1654 2459 esse
1697 2404 1849 2459 nullo
1894 2405 2057 2459 modo

474 2492 714 2563 incepit;
771 2493 819 2548 si
850 2508 983 2571 vero
1013 2508 1135 2548 esse
1166 2509 1277 2548 non
1325 2494 1553 2564 incepit,
1585 2494 1863 2565 principio
1900 2503 2056 2550 caret

472 2584 733 2649 omnino;
779 2584 824 2639 si
857 2599 991 2640 vero
1020 2594 1172 2640 caret
1204 2585 1500 2656 principio,
1532 2595 1685 2640 caret
1712 2587 1879 2641 etiam
1912 2585 2054 2651 ﬁne;

473 2676 519 2730 si
553 2675 658 2730 ﬁne
688 2685 861 2740 caret,
896 2676 1198 2731 immobilis
1218 2677 1447 2730 omnino
1476 2685 1561 2731 est
1582 2676 1888 2748 (immobile
1910 2676 2058 2730 enim

476 2781 641 2820 omne
673 2765 951 2820 inﬁnitum
980 2772 1065 2821 est
1085 2784 1100 2828 ;
1122 2781 1307 2835 neque
1337 2767 1483 2821 enim
1515 2767 1687 2821 habet
1717 2768 1809 2821 ubi
1840 2782 2059 2822 movea-

432 2896 437 2905 .
479 2857 570 2908 tur
598 2855 748 2924 quod
804 2871 915 2910 non
961 2856 1259 2909 limitalum
1311 2854 1440 2925 est),
1492 2856 1539 2910 si
1599 2871 1733 2912 vero
1774 2857 1917 2920 hoc,
1948 2856 2060 2911 duo

477 2945 706 3000 omnino
738 2945 952 3000 inﬁnita
982 2956 1037 3001 et
1066 2947 1347 3015 principio
1375 2953 1433 3000 et
1488 2955 1641 3000 motu
1688 2948 1933 3002 carentia
1964 2962 2060 3001 ex-

478 3042 646 3102 stant,
677 3036 820 3091 Deus
849 3051 1013 3106 atque
1043 3036 1369 3098 materia,id
1387 3036 1535 3106 quod
1569 3036 1684 3091 ﬁeri
1716 3052 1824 3092 non
1855 3047 2056 3108 potest.

480 3127 735 3182 Binarius
761 3128 914 3183 enim
951 3143 1221 3183 numerus
1249 3143 1431 3197 neque
1460 3126 1713 3184 inﬁnitus
1741 3138 1846 3192 est,
1878 3145 2060 3199 neque

481 3219 602 3273 sine
635 3219 818 3281 initio.
867 3234 1049 3289 neque
1097 3220 1220 3274 sine
1258 3231 1433 3285 motu,
1486 3237 1667 3291 neque
1727 3222 2060 3292 principium

480 3308 708 3363 omnino
741 3308 909 3364 ullius
939 3310 1021 3365 rei
1050 3325 1172 3365 esse
1206 3311 1428 3379 poterit,
1448 3327 1572 3381 qua:
1601 3313 1908 3367 secundum
1940 3298 2083 3369 uni-7

483 3397 690 3451 tionem
731 3404 791 3451 et
835 3397 1266 3468 disjunctionem
1311 3401 1770 3470 circumscriptus
1814 3404 1907 3465 sit,
1972 3422 2062 3461 se—

484 3488 725 3543 cundum
759 3488 1067 3544 unitionem
1098 3490 1324 3561 quidem
1357 3499 1418 3545 ut
1472 3494 1801 3547 exstantium
1854 3495 2065 3553 habens

485 3575 781 3634 monadum
810 3579 1291 3654 compositionem,
1324 3597 1354 3634 a
1387 3582 1590 3651 quibus
1621 3570 1879 3652 tanquam
1936 3598 2063 3652 par-

488 3664 640 3721 tibus
671 3667 993 3722 continetur
1021 3677 1078 3723 et
1106 3668 1162 3724 in
1193 3686 1333 3739 quas
1363 3671 1531 3725 veluti
1562 3684 1748 3741 partes
1777 3672 1949 3727 secari
1970 3686 2066 3741 po-

486 3767 593 3814 test
624 3759 783 3829 (nihil
813 3770 998 3816 autem
1030 3763 1178 3832 quod
1210 3763 1550 3834 disjunctum
1581 3780 1701 3820 esse
1732 3774 1827 3820 aut
1856 3766 2068 3835 disjun-

485 3850 561 3920 εἰ,
592 3851 708 3905 sive
759 3853 1130 3921 compositum
1160 3868 1284 3907 esse
1324 3861 1420 3907 aut
1447 3856 1728 3923 componi,
1760 3856 2063 3910 secundum

487 3950 761 4007 naturam,
795 3943 881 3997 vel
918 3944 1269 4012 positionem,
1304 3946 1390 4000 vel
1423 3945 1590 3999 alium
1626 3948 1797 4001 ullum
1844 3948 2065 4002 modum

486 4032 713 4101 cogitari
745 4040 950 4101 queat,
984 4034 1234 4101 qninimo
1265 4051 1336 4089 ne
1367 4036 1483 4105 ipsa
1508 4028 1737 4105 quidem
1782 4055 1900 4107 qua:
1931 4040 2067 4092 sim-

489 4123 706 4192 pliciter
732 4123 939 4178 dicitur
962 4124 1260 4195 disjunctio
1292 4128 1375 4182 vel
1406 4129 1758 4197 compositio,
1792 4128 2064 4184 inﬁnitum

489 4229 607 4268 esse
634 4214 857 4282 poterit,
889 4216 1019 4284 quia
1060 4232 1240 4286 neque
1273 4218 1503 4288 simplex
1539 4226 1597 4274 et
1626 4221 1826 4281 solum,
1888 4237 2065 4290 neque

490 4303 833 4358 numerabile
862 4314 956 4359 aut
990 4319 1339 4362 numeratum
1371 4318 1901 4365 connumeratumve
1925 4353 1937 4370 .
1971 4320 2066 4365 aut

485 4394 638 4448 omni
669 4394 994 4465 simpliciter
1037 4399 1411 4468 qualicunque
1444 4400 1639 4453 habitu
1671 4401 1903 4455 liberum
1945 4410 2061 4465 est;

490 4486 606 4541 haec
623 4474 770 4542 cnim
801 4489 985 4543 omnia
1016 4490 1071 4544 in
1094 4490 1289 4546 habitu
1311 4492 1757 4562 conspiciuntur,
1791 4491 2063 4546 inﬁnitum

489 4585 674 4630 autem
704 4584 789 4631 cst
818 4577 939 4632 sine
970 4580 1263 4642 relatione,
1322 4597 1449 4636 cum
1482 4580 1620 4634 nihil
1681 4580 1907 4634 relative
1963 4580 2069 4635 sibi

487 4668 845 4737 conjunctum
889 4668 1117 4724 omnino
1166 4670 1387 4740 habeat)
1439 4686 1453 4723 :
1501 4669 1804 4725 secundum
1854 4670 2069 4742 disjun-

488 4759 728 4813 ctionem
760 4767 965 4824 autem,
998 4770 1057 4814 ut
1086 4777 1318 4816 numero
1348 4771 1585 4829 motata,
1621 4777 1687 4817 ex
1718 4778 1828 4832 quo
1860 4762 2068 4833 incepit

490 4858 547 4903 et
577 4865 607 4903 a
636 4865 748 4919 quo
779 4849 1100 4904 continetur
1123 4892 1138 4916 ,
1169 4852 1619 4923 quandoquidem
1650 4869 1761 4907 non
1792 4861 1986 4907 natura
2016 4862 2072 4908 et

493 4951 689 5009 praatcr
747 4943 1070 4998 relationem
1126 4944 1510 4999 exsistentiam
1568 4945 1756 5000 habet.
1832 4944 2079 4999 Numero

492 5032 641 5087 enim
673 5034 855 5089 omnis
884 5034 1091 5089 binitas
1112 5034 1366 5089 etomnis
1398 5035 1603 5101 unitas,
1636 5036 1692 5089 in
1724 5044 1933 5105 partem
1952 5036 2071 5105 ejus

492 5125 873 5189 contribuens,
907 5135 1143 5190 constat,
1175 5141 1286 5195 quo
1316 5142 1549 5181 numero
1578 5128 1700 5198 ejus
1732 5132 1973 5181 unitates
2002 5127 2070 5181 de

496 5214 1071 5287 incircumscriptione
1131 5216 1366 5273 invicem
1433 5218 1666 5289 singulae
1723 5220 2064 5273 eximuntur.

496 5307 690 5362 Nullus
717 5315 900 5362 autem
933 5308 1017 5363 vel
1049 5308 1549 5379 quomodocunque
1579 5308 1943 5381 ratiocinandi
1976 5326 2074 5380 pe-

499 5400 638 5454 ritus
667 5398 942 5455 inﬁnitum
972 5415 1095 5456 esse
1126 5400 1332 5456 dixerit
1357 5417 1598 5473 quocum
1618 5418 1686 5457 ex
1712 5411 1922 5457 aeterno
1937 5401 2073 5473 quid

500 5505 606 5544 una
650 5491 735 5545 vel
790 5491 1038 5545 additum
1094 5493 1467 5563 conspiciatur
1496 5494 1735 5549 essentia
1767 5494 2070 5560 diversum,

501 5595 624 5632 cum
656 5581 963 5637 meminerit
991 5584 1041 5637 ei
1080 5585 1172 5653 qui
1208 5585 1278 5639 ita
1311 5585 1551 5641 senserit
1582 5585 1870 5639 inﬁnitatis
1904 5585 2070 5638 ratio-

504 5687 626 5728 nem
658 5687 881 5741 prorsus
933 5690 1184 5730 eversum
1216 5676 1303 5730 iri.
1366 5678 1613 5747 Namque
1675 5676 1951 5732 inﬁnitum
1982 5691 2071 5732 sc-

2225 1838 2377 1892 κατὰ
2429 1837 2544 1905 τὴν
2582 1839 2804 1892 οὐσίαν
2841 1838 2911 1903 ἐξ
2949 1837 3146 1892 ἀϊδίου
3184 1841 3736 1907 συν-θεωρούμενον,

2225 1927 2474 1994 ἄπειρον
2497 1923 2650 1981 εἶναι
2682 1930 2754 1981 οὐ
2788 1926 3059 1989 δύναται,
3083 1927 3180 1981 καὶ
3209 1928 3297 1980 ὅτι
3333 1930 3372 1995 ἡ
3410 1927 3563 1994 δυὰς
3599 1930 3741 1982 οὔτε

2227 2022 2384 2092 ἀρχή
2422 2021 2613 2084 ἐστιν,
2663 2020 2800 2072 οὗτε
2849 2018 3133 2097 ἄναρχος,
3169 2020 3269 2074 καὶ
3322 2020 3412 2073 ὅτι
3458 2021 3491 2088 ἠ
3539 2020 3741 2089 μονὰς

2220 2113 2377 2181 μόνη
2405 2110 2621 2178 κυρίως
2648 2107 2806 2178 ἀρχὴ
2837 2108 2936 2195 καζ
2964 2108 3248 2178 ἄναρχος.

2227 2221 2339 2275 Καὶ
2374 2220 2557 2283 πάλιν,
2605 2221 2655 2271 εἰ
2697 2214 2788 2288 ἦν,
2820 2218 2896 2281 ὥς
2930 2218 3075 2281 τινές
3115 2236 3302 2288 φασιν,
3325 2222 3359 2291 ἡ
3393 2220 3517 2290 ὕλη,
3544 2223 3608 2274 οὐ
3642 2222 3745 2290 γέ-

2156 2329 2283 2381 γονε
2315 2312 2581 2382 δηλονότι,
2605 2310 2656 2364 εἰ
2685 2311 2742 2364 δὲ
2772 2311 2848 2382 μὴ
2881 2312 3126 2380 γέγονεν,
3150 2313 3272 2365 οὐδὲ
3304 2315 3558 2377 κινεῖται,
3599 2317 3650 2367 εξ
3681 2316 3741 2368 δὲ

2159 2402 2236 2473 μὴ
2274 2404 2523 2466 κινεῖται,
2553 2400 2678 2454 οὔτε
2711 2400 2807 2454 τοῦ
2842 2397 2981 2453 εἶναι
3018 2399 3242 2472 ἧρξατο,
3285 2404 3332 2455 ει
3364 2403 3422 2456 δὲ
3458 2404 3553 2457 τοῦ
3593 2400 3742 2459 εἷναι

2160 2493 2237 2564 μὴ
2292 2493 2516 2564 ἡρξατο,
2565 2493 2783 2557 πάντως
2813 2492 3072 2563 ἄναρχον,
3122 2495 3172 2546 ει
3220 2493 3277 2547 δὲ
3327 2496 3585 2565 ἄναρχον,
3640 2497 3746 2550 καὶ

2157 2584 2405 2653 ἄπειρον,
2436 2585 2484 2636 εξ
2527 2583 2585 2636 δὲ
2615 2582 2863 2652 ἄπειρον,
2894 2583 3112 2647 πάντως
3172 2584 3268 2637 καὶ
3295 2584 3551 2655 ἀκίνητον
3584 2584 3743 2655 (ἀκί-

2158 2690 2316 2742 νητον
2342 2673 2450 2744 γὰρ
2478 2674 2695 2737 πάντως
2720 2673 2779 2726 τὸ
2805 2673 3054 2743 ἄπειρον,
3094 2675 3155 2728 οὐ
3183 2676 3291 2746 γὰρ
3314 2675 3428 2746 ἔχει
3456 2676 3561 2728 ποῦ
3588 2693 3749 2745 κινη-

2159 2763 2317 2834 θῆναι
2345 2764 2406 2815 τὸ
2432 2762 2506 2832 μὴ
2539 2763 2912 2834 ὁριζόμενον),
2942 2764 2990 2816 ει
3011 2763 3067 2816 δὲ
3089 2764 3269 2829 τοῦτο,
3300 2765 3396 2818 δύο
3423 2767 3640 2830 πάντως
3673 2765 3747 2819 τὰ

2157 2854 2363 2923 ἄπειρα
2389 2855 2483 2906 καὶ
2507 2854 2718 2924 ἄναρχα
2745 2856 2842 2929 καὶ
2876 2855 3131 2925 ἀκίνητα,
3162 2856 3299 2919 Θεὸς
3322 2857 3417 2911 καὶ
3444 2855 3565 2926 ὕλη.
3602 2859 3746 2927 ὅπερ

2159 2940 2298 2998 εἶναι
2324 2946 2625 3015 ἀμήχανον.
2662 2946 2806 3010 Δυὰς
2832 2947 2942 3018 γὰρ
2979 2946 3104 3000 οὔτε
3145 2947 3394 3018 ἄπειρος,
3427 2947 3551 3001 οὔτε
3577 2948 3745 3018 ἄναρ-

2089 3088 2131 3144 C
2164 3052 2276 3105 χος,
2315 3032 2442 3088 οὔτε
2494 3035 2771 3105 ἀκίνητος,
2818 3033 2946 3090 οὔτε
2993 3036 3100 3106 μὴν
3132 3036 3277 3106 ἀρχὴ
3322 3036 3553 3090 καθόλου
3598 3039 3749 3102 τινδς

2164 3123 2302 3178 εἶναι
2324 3124 2632 3195 δυνήσεται,
2667 3125 2790 3178 καθ’
2825 3124 3019 3178 ἕνωσίν
3053 3143 3112 3179 τε
3143 3126 3252 3180 καὶ
3289 3126 3556 3198 διαίρεσιν
3588 3145 3752 3198 περι-

2163 3218 2507 3288 γραφομένη,
2553 3216 2676 3269 καθ’
2725 3216 2919 3271 ἕνωσιν
2977 3217 3078 3286 μὲν
3123 3216 3201 3280 ὡς
3263 3216 3498 3289 ὓπαρξιν
3542 3218 3755 3288 ἔχουσα

2162 3311 2271 3365 τῶν
2311 3310 2553 3378 μονάδων
2580 3309 2682 3379 τὴν
2715 3307 2987 3373 σύνθεσιν,
3013 3308 3104 3378 ὑφ’
3148 3302 3223 3363 ὧν
3254 3307 3331 3372 ὡς
3365 3307 3547 3380 μερῶν
3590 3326 3759 3380 περι-

2169 3402 2355 3470 έχεται
2390 3399 2481 3453 καὶ
2509 3400 2590 3464 εἰς
2621 3398 2689 3462 ἃς
2717 3398 2792 3462 ὡς
2823 3399 2963 3470 μέρη
3000 3398 3295 3469 τέμνεσθαι
3323 3399 3759 3469 δύναται(οὖδὲν

2164 3493 2221 3545 δὲ
2270 3490 2540 3561 διαιρετὸν
2580 3490 2612 3560 ἢ
2647 3490 2842 3560 (17],
2873 3491 2938 3558 a)
2980 3489 3381 3560 διαιρούμενον,
3422 3491 3456 3561 ἢ
3493 3490 3760 3545 σύνθετον

2165 3583 2197 3653 ἢ
2233 3581 2632 3651 συντιθέμενον,
2664 3581 2806 3634 κατὰ
2860 3581 3024 3650 φύσιν
3074 3580 3108 3652 ἢ
3158 3580 3309 3634 θέσιν
3348 3582 3381 3653 ἢ
3412 3570 3598 3637 ’ἄλλον
3626 3586 3763 3637 τινὰ

2166 3670 2527 3739 ἐπινοηθῆναι
2577 3669 2878 3739 δυνάμενον
2919 3670 3147 3740 τρόπον,
3207 3670 3323 3723 ἀλλ’
3368 3670 3489 3724 οὐδὲ
3533 3673 3687 3743 αὑτὴ
3723 3676 3761 3742 ἡ

2167 3762 2352 3825 ἁπλῶς
2379 3761 2649 3832 λεγομένη
2686 3760 2950 3832 διαίρεσις
2988 3760 3021 3831 ἢ
3057 3760 3329 3823 σύνθεσις,
3359 3761 3588 3830 ἄπειρον
3607 3760 3761 3816 εἶναι

2165 3853 2473 3923 δυνήσεται,
2528 3851 2609 3905 ὅτι
2668 3850 2742 3921 μὴ
2787 3851 2883 3904 καὶ
2933 3849 3140 3904 ἁπλοῦν
3177 3851 3271 3903 καὶ
3309 3851 3493 3920 μόνον,
3535 3850 3635 3905 καὶ
3683 3854 3761 3923 μὴ

2166 3941 2472 4012 ἀριθμητὸν
2515 3940 2549 4010 ἢ
2600 3940 3008 4010 ἀριθμούμενον
3056 3940 3090 4010 ἢ
3140 3942 3674 4011 συναριθμούμενον,
3710 3940 3760 4013 ἦ

2171 4032 2348 4102 πάσης
2389 4030 2577 4093 ἁπλῶς
2628 4029 2916 4100 ἐλεύθερον
2960 4033 3059 4101 τῆς
3100 4030 3424 4101 οἱασδήποτε
3462 4032 3718 4101 σχέσεως
3744 4051 3759 4063 ·

2169 4124 2345 4177 πάντα
2370 4123 2479 4192 γὰρ
2505 4122 2676 4176 ταῦτα
2718 4125 2775 4174 ὲν
2814 4123 2997 4191 σχέσει
3039 4121 3352 4193 θεωρεῖται,
3395 4123 3458 4176 τὸ
3491 4125 3551 4176 δὲ
3590 4125 3764 4179 ἆπειο

2172 4233 2263 4286 ρον
2299 4215 2549 4282 ἄσχετον,
2577 4215 2639 4266 οὐ
2670 4214 2779 4281 γὰρ
2801 4212 2916 4282 ἔχει
2958 4230 3011 4265 τι
3054 4213 3195 4267 κατὰ
3230 4213 3417 4282 σχέσιν
3464 4218 3765 4285 συνημμέο

2167 4324 2254 4359 νον
2282 4303 2651 4371 παντάπασι),
2684 4302 2824 4357 κατὰ
2843 4302 3109 4374 διαίρεσιν
3135 4303 3192 4355 δὲ
3226 4302 3302 4365 ὡς
3325 4303 3548 4373 ἀριθμῷ
3573 4322 3765 4357 κινου-

2172 4397 2329 4466 μένη,
2380 4395 2437 4459 ἐξ
2488 4390 2659 4464 οὗπερ
2703 4394 2907 4464 ἤρξατό
2932 4410 2990 4446 τε
3041 4393 3136 4446 καὶ
3174 4393 3263 4462 ὑφ’
3307 4388 3369 4446 οὗ
3406 4394 3763 4464 περιέχεται,

2178 4487 2408 4556 ἐπείπερ
2439 4486 2501 4539 οὐ
2525 4485 2684 4553 φύσει
2708 4486 2766 4537 τὸ
2797 4481 2934 4537 εἶναι
2959 4486 3054 4538 καὶ
3086 4486 3313 4555 ἄσχετον
3334 4484 3465 4554 ἔχει.
3505 4486 3766 4557 Ἀριθμῷ

2174 4575 2283 4646 γὰρ
2317 4577 2467 4628 πᾶσα
2509 4574 2640 4635 δυὰς
2691 4575 2784 4626 καὶ
2837 4574 2986 4626 πᾶσα
3040 4574 3207 4644 μονὰς
3243 4576 3323 4636 εἰς
3374 4574 3541 4644 μέρος
3582 4575 3766 4644 αὐτῆς

2177 4664 2510 4718 συντελοῦσα
2559 4662 2700 4717 εἶναι
2751 4664 3086 4735 καθέστηκε,
3141 4663 3264 4717 καθ’
3311 4665 3371 4717 ὃν
3404 4664 3661 4733 ἀλλήλων
3710 4668 3765 4719 αξ

2177 4756 2296 4819 κατ’
2324 4754 2494 4824 αὐτὴν
2540 4754 2788 4824 μονάδες,
2833 4749 3193 4822 ἀφαιροῦνται
3243 4752 3306 4805 τὸ
3346 4752 3762 4821 ἀπερίγραερον.

2177 4846 2367 4910 Οὐδεὶς
2401 4846 2461 4898 δὲ.
2495 4845 2904 4916 μεμοιραμένος
2928 4845 3026 4897 καὶ
3040 4843 3288 4896 ὁπωσοῦν
3312 4842 3407 4895 τοῦ
3437 4842 3767 4909 λογίζεσθαι

2129 4962 2133 4965 ·
2176 4937 2407 4992 εἶποιᾶν
2446 4937 2674 5007 ἄπειρον
2703 4931 2843 4989 εἶναι
2878 4930 2921 5004 ᾧ
2975 4934 3035 5000 ἐξ
3066 4934 3239 4988 ἀϊδίου
3272 4933 3675 5008 συνθεωρεῖταί
3710 4950 3767 4989 τι

2176 5030 2209 5101 ἢ
2273 5027 2758 5098 συνεπιθεωρεῖται
2792 5026 2942 5092 ,κατ’
2994 5025 3183 5078 οὐσίαν
3242 5023 3525 5093 διάφορον,
3598 5022 3770 5088 εἰδὼς

2177 5119 2553 5173 διαπεσεῖσθαι
2614 5117 2830 5178 πάντως
2872 5114 3024 5184 αὐτῷ
3074 5114 3168 5168 τὸν
3210 5113 3341 5183 περὶ
3385 5112 3480 5165 τοῦ
3521 5112 3767 5182 ἀπείρου

2176 5214 2334 5281 λόγον
2366 5211 2509 5264 οὕτω
2544 5207 2847 5280 φρονοῦντι.
2884 5206 2958 5260 Τὸ
2983 5206 3095 5278 γὰρ
3132 5206 3362 5276 ἄπειρον
3392 5203 3540 5256 κατὰ
3574 5204 3767 5257 πάντα

2178 5308 2275 5359 καὶ
2326 5304 2484 5372 λόγον
2531 5302 2627 5355 καὶ
2669 5300 2868 5371 τρόπον
2906 5299 3053 5352 ἐστὶν
3096 5299 3347 5367 ἄπειρον,
3393 5296 3516 5348 κατ’
3543 5295 3764 5360 οὐσίαν,

2178 5394 2321 5450 κατὰ
2345 5394 2595 5464 δύναμιν,
2627 5393 2749 5446 κατ’
2772 5391 3072 5463 ἐνέργειαν,
3098 5390 3218 5442 κατ’
3239 5387 3408 5457 ἄμφω
3431 5385 3501 5438 τὰ
3521 5384 3765 5454 πέρατα,

2177 5490 2239 5542 τὸ
2267 5488 2381 5543 ἄνω
2409 5503 2473 5539 τε
2498 5472 2651 5555 κλέγω
2690 5486 2784 5538 καὶ
2833 5482 2893 5536 τὸ
2940 5481 3112 5545 κάτω,
3170 5478 3436 5558 τουτέστι,
3461 5476 3609 5527 κατὰ
3667 5477 3766 5558 τὴν

2180 5580 2354 5653 ἀρχὴν
2374 5578 2468 5631 καὶ
2493 5577 2554 5629 τὸ
2570 5577 2743 5639 τέλος.
2781 5573 3092 5644 Ἀχώρητον
3116 5570 3226 5641 γὰρ
3257 5568 3398 5621 κατὰ
3426 5556 3525 5635 τὴν
3545 5556 3763 5629 οὑσίᾶν,

2182 5673 2274 5726 καὶ
2303 5668 2658 5740 ἁπερινόητον
2701 5665 2841 5720 κατᾶ
2886 5663 2981 5734 τὴν
3029 5662 3281 5732 δύναμιν,
3337 5660 3428 5712 καὶ
3466 5657 3612 5712 κατά
3668 5658 3766 5727 τὴν
