3984 6198
205 240 336 306 1135

1435 232 1539 290 AM
1547 229 1954 291 BIGUORUM
1998 230 2246 291 LIBER.

3312 226 3447 291 1186

201 353 479 420 ἐνέργειαν
525 346 927 418 ἀπερίγραφον,
982 343 1078 396 zeal
1126 342 1361 413 ἄναρχον
1405 340 1633 403 ἀνωθεν,
1676 339 1771 393 καί

1877 340 2117 394 cundum
2146 355 2365 395 onmem
2398 349 2506 395 tam
2552 340 2821 396 rationem
2873 357 3036 410 quam
3079 340 3301 396 modum
3357 342 3444 397 in-

202 441 560 509 ἀτελξὺτητον
606 435 851 489 κάτωθεν
881 435 998 486 ἐστι
1041 431 1103 484 τὸ
1137 431 1388 497 ἄπειρον,
1440 431 1536 482 zeal
1579 428 1767 491 ἁπλῶς

202 534 378 587 εἰπεῖν
399 526 787 598 ἀληθέστερον,
836 523 978 577 κατά
1006 522 1183 575 πάντα
1211 520 1483 591 ἀόριστον,
1514 519 1589 582 ὼς
1618 518 1773 572 0085-

203 623 287 685 νὸς
311 623 374 675 τὸ
403 619 667 688 παράπαν
696 616 818 670 καθ’
849 614 949 668 ἕνα
989 613 1098 666 τῶν
1135 609 1612 682 ἀπηριθμημένων
1642 610 1769 679 τρόο

204 731 319 768 πων
344 711 526 780 (171
546 708 621 779 b.)
641 704 1099 775 συνεπινοηθῆναι
1120 702 1270 773 αὐτῷ
1285 701 1612 770 δυναμένου.
1633 699 1772 753 Καθ’

200 803 261 859 ὃν
278 803 387 873 7&9
411 801 476 855 ἂν
508 800 763 868 εἴποιμεν
790 796 947 864 λόγον
972 795 1220 865 ῆτρόπον
1248 789 1570 846 δύνασθαίτι
1589 790 1676 843 Et:
1686 807 1775 861 ρον

201 893 348 962 αὺτῷ
375 888 492 944 κατ’
524 887 712 942 οὐσίαν
749 887 1005 956 διάφορον
1036 881 1502 952 παραϐάλλεσθαι,
1531 881 1623 934 τὸν
1651 880 1772 933 ὂλον

200 980 297 1047 τῆς
330 977 458 1043 ὅλης
487 973 742 1042 ἀπειρίας
782 971 931 1040 αὐτῷ
964 970 1443 1041 συναφαιρούμεθα
1486 969 1663 1037 λόγον.
1710 969 1771 1021 Εἰ

199 1067 255 1123 δὲ
278 1065 506 1140 ἄπειρόν
534 1082 589 1117 τι
614 1060 752 1117 εῖναι
793 1063 855 1116 οὐ
881 1063 1103 1116 δύναται
1133 1056 1177 1129 ᾧ
1205 1061 1263 1126 ἐξ
1291 1062 1463 1115 ἀϊδίου
1494 1059 1772 1130 συνυπάρο

198 1176 282 1231 χει
334 1156 520 1227 ἔτερόν
563 1173 617 1208 τι
660 1154 782 1208 κατ’
824 1153 1018 1208 οὐσίαν
1072 1152 1349 1223 διάφορον,
1376 1151 1600 1221 ἄπειρον
1634 1147 1773 1203 εἶναι

198 1246 449 1317 οὐδαμῶς
480 1243 753 1313 ἐνδέχεται
784 1242 974 1298 δυάδα.
1006 1242 1073 1295 Al
1107 1242 1215 1311 7&9
1251 1240 1369 1294 κατ’
1404 1241 1575 1312 αὐτὴν
1606 1240 1775 1310 μονά-

197 1338 282 1400 δες
321 1336 580 1406 ἀλλήλαις
611 1335 755 1392 κατά
787 1332 1090 1404 παράθεσιν
1127 1334 1567 1402 συνυπάρχουσαι
1610 1332 1774 1403 ἀλλή-

197 1424 294 1486 λας
335 1420 636 1493 ὁρίζουσιν,
664 1421 957 1494 οὐδετέρας
992 1423 1090 1492 τὴν
1117 1422 1311 1492 ἑτέραν
1345 1411 1615 1493 ἀορίστως
1644 1423 1775 1492 ὁρᾶ-

197 1511 321 1566 σθαι
356 1510 770 1581 συγχωρούσης,
790 1513 1226 1581 παρακειμένην,
1248 1510 1362 1564 ἀλλ’
1380 1512 1477 1581 οὐχ
1506 1510 1774 1581 ὑπερϐαί-

195 1620 391 1658 νουσαν
414 1602 665 1673 ἐχούσης.
686 1602 787 1657 zeal
797 1602 887 1656 τὸν
905 1603 1004 1668 τῆς
1021 1602 1275 1673 ἀπειρίας
1291 1602 1514 1665 εἰκότως
1530 1601 1772 1673 ἀλλήλων

1875 431 2089 485 tinitum
2141 441 2245 493 est,
2281 431 2584 485 secundum
2630 432 2951 487 essentiam.
3001 431 3304 485 secundum
3343 446 3446 501 po-

1872 529 2149 583 testatem,
2171 523 2474 577 secundum
2495 522 2793 585 actionem,
2826 522 3129 577 secundum
3149 531 3446 591 utrumque

1872 612 2196 679 terminum,
2252 615 2636 684 superiorem,
2690 614 2937 684 inquam,
2992 622 3050 668 et
3104 613 3444 674 inferiorem,

1871 702 1979 757 hoc
2007 712 2094 758 est
2122 705 2428 759 secundum
2459 704 2678 759 initium
2700 715 2756 760 et
2786 706 2973 759 ﬁnem.
3002 704 3445 774 lmperceptibile

1871 798 2021 851 enim
2053 796 2359 851 secundum
2415 798 2713 853 essentiam
2751 806 2807 854 et
2857 798 3188 868 cogitatione
3218 800 3446 852 lmcom-

1872 886 2251 956 prehensibile
2301 888 2606 942 secundum
2649 896 2981 958 potestatem
3028 896 3085 942 et
3141 885 3443 941 secundum

1871 975 2146 1029 actionem
2173 975 2742 1044 incircumscriptum,
2796 976 2852 1029 et
2881 974 3001 1030 sine
3055 974 3331 1043 principio
3354 988 3448 1027 su-

1872 1079 1993 1134 pra,
2046 1072 2102 1119 et
2135 1064 2257 1121 sine
2288 1065 2395 1119 line
2445 1065 2587 1119 infra
2642 1073 2730 1119 est
2789 1064 3066 1118 infinitum
3102 1063 3259 1129 illud,
3297 1071 3355 1118 et
3386 1072 3448 1119 ut

1872 1153 2199 1222 simpliciter
2227 1154 2418 1208 verius
2447 1154 2649 1217 dicam,
2685 1170 2751 1207 ex
2776 1153 3036 1208 omnibus
3064 1154 3316 1222 partibus
3359 1154 3449 1209 in-

1874 1241 2250 1306 terminatam,
2282 1257 2410 1297 cum
2442 1241 2581 1295 nihil
2636 1241 2865 1296 omnino
2922 1242 3226 1296 secundum
3277 1257 3450 1296 unum

1872 1347 2063 1387 eorum
2097 1348 2239 1402 quos
2277 1333 2529 1388 reeensui
2558 1333 2846 1387 modorum
2878 1347 2986 1386 una
3018 1348 3143 1388 eum
3201 1347 3270 1388 eo
3299 1331 3450 1402 cogi-

1874 1426 1980 1479 tari
2012 1425 2206 1495 possit.
2235 1425 2572 1494 Quaeunque
2606 1426 2755 1479 enim
2787 1426 2999 1479 ratione
3029 1424 3114 1479 vel
3151 1424 3316 1478 modo
3371 1424 3453 1479 alo

1875 1526 2056 1571 terum
2113 1515 2245 1585 quid
2300 1515 2540 1570 essentia
2596 1530 2693 1569 sua
2747 1515 3029 1571 diversum
3076 1515 3129 1568 ei
3185 1512 3451 1584 applicari

1875 1622 2036 1676 posse
2092 1608 2471 1669 statuerimus,
2529 1616 2640 1660 tota
2674 1606 2843 1660 totius
2898 1606 3191 1661 infinitatis
3234 1604 3448 1658 ratione

197 1694 655 1763 συναφαιροῦνται
680 1693 955 1761 ηλόγον.Εί
994 1694 1053 1747 δὲ
1097 1694 1345 1764 ἄπειρον,
1386 1694 1460 1757 ὼς
1476 1694 1764 1756 δέδεικται,

1883 1698 2061 1768 ipsum
2098 1698 2458 1768 privabimus.
2487 1696 2644 1763 Quod
2674 1696 3033 1765 sijinlinitum
3064 1692 3275 1764 aliquid
3328 1707 3453 1750 esse

199 1783 274 1855 μὴ
291 1784 566 1855 ἐνδέχεται
584 1780 728 1838 εἶναι
743 1783 930 1850 δυάδα,
947 1782 1070 1836 οὔτε
1086 1783 1320 1855 ἄναρχον
1350 1783 1613 1853 δηλονότι,
1629 1786 1772 1855 ἀρχὴ

197 1875 305 1944 7&9
337 1875 516 1945 πάσης
540 1874 732 1937 δυάδος
775 1874 943 1944 μονάς
973 1891 988 1906 ·
1045 1878 1094 1928 εί
1141 1876 1199 1928 δὲ
1246 1879 1321 1947 μὴ
1354 1875 1587 1945 ἄναρχον
1651 1874 1773 1928 οὐδὲ

196 1963 476 2034 ἀκίνητον,
520 1964 758 2015 κινεῖται
805 1962 914 2032 γάρ
939 1961 1016 2031 τῷ
1039 1961 1258 2033 ἀριθμῷ
1291 1964 1355 2014 ἐκ
1385 1961 1626 2031 μονάδων
1652 1958 1771 2013 κατ’

195 2055 409 2115 ἕνωσιν,
432 2055 525 2105 zeal
548 2052 628 2114 εἰς
654 2050 796 2105 αὐτά
823 2050 965 2104 κατὰ
998 2051 1268 2121 διαίρεσιν
1298 2050 1359 2104 τὸ
1392 2045 1531 2104 εἶναι
1555 2047 1771 2118 λαμϐά-

196 2158 364 2196 νουσα
396 2157 411 2172 ·
436 2143 485 2194 εί
512 2141 568 2193 δὲ
595 2140 670 2211 μὴ
695 2140 974 2209 ἀκίνητον,
1022 2140 1143 2193 οὐδὲ
1185 2139 1347 2196 ἄλλου
1397 2139 1543 2202 τινὸς
1594 2136 1770 2209 ἀρχὴν

194 2229 355 2286 εἶναι.
381 2230 455 2283 Τὸ
486 2229 593 2301 γὰρ
629 2229 947 2298 κινούμενον
976 2230 1080 2283 ὀὐκ
1115 2229 1281 2299 ἀρχὴ,
1317 2228 1435 2282 ἀλλ’
1469 2228 1530 2294 ἐξ
1571 2227 1769 2297 ἀρχῆς,

191 2320 392 2392 δηλαδὴ
422 2320 516 2374 τοῦ
552 2319 846 2383 κινοῦντος.
883 2320 1067 2383 Μονάς
1092 2319 1149 2372 δὲ
1183 2320 1320 2390 μόνη
1343 2318 1548 2390 κυρίως
1576 2319 1767 2386 ἀκίνη-

192 2428 305 2476 τος,
336 2413 419 2464 ὅτι
453 2411 590 2480 μήτε
617 2410 844 2481 ἀριθμός
869 2411 1009 2475 ἐστι,
1044 2410 1184 2479 μήτε
1216 2408 1520 2479 ἀριθμητὸν
1552 2409 1585 2479 ἢ
1611 2407 1769 2478 ἀριθ-

198 2503 467 2574 μούμενον
530 2499 674 2570 (οὔτε
703 2503 811 2571 7&9
847 2500 1011 2572 μέρος
1038 2501 1072 2570 ἢ
1102 2499 1225 2553 ὃλον
1264 2498 1299 2569 ἢ
1344 2498 1526 2569 σχέσις
1555 2499 1703 2550 ἐστὶν
1735 2498 1769 2567 ἡ

200 2595 409 2661 μονάς),
440 2590 536 2645 zeal
569 2590 775 2662 κυρίως
803 2591 1036 2660 ἄναρχος
1067 2591 1109 2655 ⁸,
1137 2589 1219 2642 ὅτι
1244 2589 1543 2659 μηδέτερον
1572 2586 1770 2655 ἑαυτῆς

196 2683 314 2753 ἔχει
364 2679 755 2752 πρεσδύτερον,
786 2679 846 2743 ἐξ
881 2672 943 2733 οὗ
970 2677 1265 2748 κινουμένη
1294 2677 1512 2746 δέχεται
1539 2675 1602 2728 τὸ
1630 2670 1770 2727 εἶναι

200 2771 389 2841 μονὰς,
414 2770 508 2823 zeal
532 2769 758 2841 ἄπειρον
785 2768 1012 2838 κυρίως,
1044 2768 1124 2822 ὅτι
1155 2767 1319 2838 μηδὲν
1348 2766 1462 2836 ἔχει
1494 2767 1772 2836 συνυπάρ-

197 2878 292 2931 χον
338 2861 372 2930 ἦ
404 2859 926 2930 συναριθμούμενον,
954 2859 1049 2911 zeal
1086 2858 1232 2930 ἀρχὴ
1261 2857 1489 2928 κυρίως,
1519 2859 1601 2910 ὅτι
1633 2873 1770 2910 παν-

196 2950 288 3014 τὸς
311 2952 406 3004 καὶ
435 2950 671 3021 ἀριθμοῦ
700 2951 797 3004 zeal
852 2949 1260 3020 ἀριθμουμένου
1313 2950 1408 3002 zeal
1462 2944 1770 3020 ἀριθμητοῦ

110 3084 121 3093 .
196 3044 348 3097 αἰτία
416 3045 704 3114 τυγχάνει,
757 3043 832 3106 ὡς
897 3043 1079 3113 πάσης
1119 3041 1357 3113 σχέσεως
1420 3043 1514 3095 καὶ
1574 3041 1774 3104 παντὸς

200 3136 401 3205 μέρους
425 3135 516 3188 καί
541 3134 662 3188 ὅλου
683 3134 1020 3207 ἐξῃρημένη,
1046 3136 1142 3188 καὶ
1171 3133 1374 3205 κυρίως
1404 3134 1499 3186 zeal
1525 3131 1763 3204 ἀληθῶς,

195 3225 384 3296 (172
412 3226 467 3295 a)
509 3220 740 3295 πρώτως
764 3226 785 3256 ⁸
823 3241 883 3278 τε
927 3225 1022 3281 zeal
1052 3224 1228 3294 μόνως
1258 3224 1354 3278 zeal
1393 3222 1600 3287 ἁπλῶς,
1649 3221 1766 3276 ἀλλ’

192 3318 402 3380 οὔπως,
438 3314 630 3387 πρώτη
660 3333 720 3369 τε
769 3316 937 3386 μονὰς
974 3316 1295 3386 ὑπάρχουσα
1334 3316 1429 3368 zeal
1473 3315 1631 3386 μόνη.
1664 3315 1775 3368 Kal

193 3406 354 3462 τοῦτο
403 3406 653 3476 λέγοντες
694 3407 795 3461 οὐκ
834 3407 1001 3478 αὐτὴν
1028 3406 1104 3469 ὡς
1140 3406 1257 3460 ἔστι
1295 3405 1634 3477 σημαίνομεν
1676 3404 1774 3476 την

194 3499 741 3572 μακαρίανιθεότητα,
767 3501 1010 3572 ἀπείρως
1026 3500 1171 3554 κατά
1189 3501 1364 3554 πάντα
1386 3500 1483 3552 καὶ
1500 3498 1659 3567 λόγον
1683 3499 1776 3553 zeal

189 3588 398 3659 τρόπον
423 3590 516 3641 zeal
539 3586 613 3658 νῷ
642 3590 736 3641 zeal
769 3588 913 3660 λόγῳ
947 3589 1114 3642 παντὶ
1141 3588 1239 3643 zeal
1279 3588 1504 3658 ὀνόματι
1546 3589 1776 3658 ἀπρόσι-

189 3695 292 3732 τον
323 3676 488 3731 οὖσαν
519 3678 797 3743 παντελῶς
831 3680 927 3733 zeal
969 3679 1446 3748 ἀπροσπέλαστον,
1490 3679 1603 3733 ἀλλ’
1646 3681 1775 3733 ἐαυ-

189 3770 308 3831 τοίς
333 3768 459 3837 ὅρον
491 3767 592 3836 τῆς
617 3770 697 3831 είς
726 3769 896 3840 αὐτὴν
925 3769 1177 3833 πίστεως·
1192 3768 1510 3841 παρέχομεν
1543 3769 1773 3840 βάσιμον

100 3846 113 3853 ’
191 3860 296 3915 καὶ
329 3860 459 3930 ἡμῖν
488 3861 708 3930 ἐφικτόν
739 3878 799 3916 τε
828 3861 924 3914 zeal
943 3862 1278 3933 πρόσφορον.
1312 3861 1389 3916 Οὐ
1420 3861 1531 3932 γὰρ
1560 3859 1636 3923 ὡς
1667 3878 1774 3915 πα·-

189 3948 526 4018 ραστατικὸν
553 3948 769 4012 πάντως
793 3948 973 4023 τοῦτο,
996 3948 1143 4019 φημὶ
1187 3949 1246 4003 δὲ
1291 3947 1353 4002 τὸ
1396 3949 1498 4019 τῆς
1549 3948 1776 4018 μονάδος

182 4037 390 4106 ὄνομα,
424 4036 524 4106 τῆς
555 4036 705 4102 θείας
734 4039 828 4092 zeal
864 4040 1135 4111 μακαρίας
1159 4038 1396 4102 οὐσίαςό
1420 4038 1561 4102 θεῖος
1590 4038 1774 4107 διαγο-

90 4117 111 4124 ’
186 4128 352 4200 ρεύει
384 4127 561 4196 λόγος,
596 4130 711 4183 ἀλλ’
743 4130 818 4193 ὡς
845 4130 1177 4185 ἐνδεικτικὸν
1205 4131 1305 4201 τῆς
1347 4130 1645 4195 παντελοῦς
1675 4131 1772 4184 αὐ·

174 4218 300 4289 τῆς
331 4218 634 4289 ἁπλότητος
663 4221 764 4291 τῆς
812 4222 1070 4276 ἐπέκεινα
1125 4222 1309 4293 πάσης
1365 4223 1662 4292 ποσότητός
1713 4239 1773 4275 τε

1877 1807 1989 1846 non
2019 1799 2200 1860 potest
2229 1806 2352 1845 cum
2382 1805 2494 1858 quo
2532 1804 2597 1842 ex
2621 1799 2829 1843 aeterno
2854 1785 3089 1839 alterum
3116 1784 3248 1854 quid
3285 1784 3451 1839 simul

1877 1890 2060 1937 exstet
2117 1881 2362 1935 essentia
2398 1879 2702 1942 diversum,
2747 1876 3031 1931 binilatem
3085 1890 3208 1930 esse
3264 1875 3455 1930 inlini-

1880 1983 1988 2027 tam
2024 1972 2450 2041 haudquaquam
2479 1970 2646 2040 capit.
2675 1968 2844 2039 Cujus
2889 1966 3156 2022 monades
3200 1965 3438 2021 invicem

1877 2063 1982 2117 sibi
2036 2062 2306 2132 apposita:
2351 2075 2477 2115 cum
2533 2052 2697 2114 simul
2741 2063 2979 2120 exstent,
3035 2055 3273 2110 invicem
3330 2069 3453 2110 sese

1878 2152 2275 2212 determinant,
2316 2160 2373 2205 et
2404 2151 2575 2205 altera
2605 2149 2833 2203 alteram
2866 2146 3218 2201 interminate
3271 2144 3453 2201 videri

1875 2243 2151 2313 prohibet,
2184 2242 2493 2312 appositam
2548 2237 2773 2309 quidem
2824 2235 2953 2301 sibi,
3004 2234 3100 2289 sed
3149 2248 3261 2289 non
3290 2247 3455 2305 supe-

1876 2344 2088 2391 rantem
2117 2335 2347 2400 habens,
2378 2332 2628 2400 adeoque
2656 2328 2920 2383 videlicet
2976 2325 3272 2381 inﬁnitatis
3327 2340 3452 2382 sese

1877 2427 2111 2481 invicem
2143 2426 2355 2480 ratione
2385 2422 2646 2493 spoliant.
2669 2420 2788 2475 Jam
2819 2419 2888 2484 si,
2933 2427 2996 2473 ut
3049 2416 3452 2496 demonstravi,

1877 2516 2144 2571 inﬁnitam
2176 2530 2297 2570 esse
2321 2514 2610 2569 binitatem
2641 2510 2787 2567 haud
2817 2510 2984 2580 capit,
3023 2526 3126 2566 nec
3170 2510 3330 2566 initio
3357 2526 3453 2567 ea-

1878 2623 2001 2663 rere
2039 2607 2205 2676 eapit,
2228 2621 2351 2660 cum
2384 2605 2602 2658 initium
2632 2604 2814 2657 onmis
2843 2602 3095 2657 binitatis
3123 2602 3196 2657 sit
3224 2617 3453 2669 monas;

1877 2699 1924 2753 si
1956 2714 2088 2754 vero
2121 2698 2280 2752 initio
2326 2712 2437 2751 non
2489 2703 2662 2761 caret,
2719 2709 2822 2748 nec
2847 2693 3094 2748 motione
3123 2703 3296 2757 caret,
3324 2708 3452 2748 cum

1877 2805 2112 2844 numero
2143 2796 2431 2843 moveatur
2452 2801 2520 2839 ex
2545 2784 2874 2840 monadibus
2898 2797 2997 2853 per
3029 2782 3094 2837 ad
3106 2783 3451 2847 unationem,

1876 2889 1935 2936 et
1979 2878 2177 2935 in'eas
2227 2879 2535 2936 secundum
2592 2877 3022 2949 disjunctionem
3073 2875 3453 2935 exsistentiam

1880 2971 2231 3037 transducat;
2290 2971 2337 3025 si
2369 2986 2503 3026 vero
2544 2985 2656 3024 non
2687 2968 2931 3024 motione
2963 2974 3134 3030 caret,
3186 2981 3290 3020 nec
3316 2966 3456 3021 alte-

1881 3064 2000 3119 rius
2028 3063 2262 3133 alicujus
2285 3062 2504 3116 initium
2537 3075 2659 3117 esse
2690 3068 2893 3130 potest.
2949 3058 3104 3125 Quod
3136 3057 3284 3112 enim
3334 3072 3455 3115 mo-

1880 3163 2044 3211 vetur
2072 3155 2291 3210 initium
2312 3170 2422 3209 non
2450 3161 2554 3217 est,
2580 3153 2678 3208 sed
2708 3167 2777 3208 ex
2800 3150 2982 3214 initio,
3017 3149 3280 3204 videlicet
3333 3150 3457 3220 ejus

1882 3245 2032 3316 quod
2061 3255 2268 3301 movet.
2299 3245 2487 3299 Menas
2513 3252 2699 3299 autem
2729 3243 2844 3297 sola
2885 3239 3188 3295 immobilis
3212 3245 3297 3293 est
3328 3252 3457 3308 pro—

1882 3339 2022 3408 prie,
2042 3338 2169 3408 quia
2199 3353 2378 3407 neque
2408 3351 2675 3391 numerus
2701 3343 2787 3390 est
2809 3373 2826 3397 .
2856 3346 3039 3402 neque
3066 3329 3453 3391 numerabilis,

1882 3412 2063 3497 neque
2116 3435 2406 3482 numerata
2458 3425 2662 3498 (neque
2690 3423 2838 3479 enim
2867 3436 2995 3492 pars
3024 3431 3118 3476 aut
3152 3428 3328 3474 totum
3358 3428 3457 3475 aut

1881 3518 2080 3574 relatio
2106 3529 2194 3573 est
2232 3516 2469 3588 manas),
2528 3526 2585 3572 et
2612 3514 2838 3585 proprie
2881 3512 3043 3567 initio
3080 3526 3293 3575 carens,
3325 3512 3455 3582 quia

1883 3607 2121 3662 alterum
2177 3622 2237 3662 se
2263 3606 2548 3675 antiquius
2594 3619 2706 3658 non
2734 3598 2921 3669 habet,
2947 3600 3093 3654 unde
3117 3615 3310 3655 monas
3332 3615 3460 3657 esse

1883 3697 2140 3767 accipiat,
2173 3705 2228 3751 et
2251 3694 2465 3750 inﬁnita
2494 3694 2740 3765 proprie,
2771 3691 2911 3745 nihil
2939 3690 3152 3745 habens
3180 3688 3328 3759 quod
3369 3703 3458 3744 se-

1881 3804 2008 3845 cum
2057 3788 2221 3843 simul
2272 3794 2451 3842 exstet
2476 3785 2566 3841 vel
2596 3782 2763 3839 simul
2814 3789 3131 3845 censeatur,
3149 3788 3207 3836 et
3234 3779 3448 3835 initium

1880 3878 2126 3951 proprie,
2153 3879 2286 3951 quia
2312 3877 2494 3935 omnis
2522 3886 2633 3934 tam
2662 3872 3062 3947 numeriquam
3092 3877 3456 3933 numerabilis

1880 3978 1937 4025 et
1980 3971 2256 4026 numerati
2300 3984 2468 4025 causa
2508 3976 2613 4032 est,
2663 3976 2727 4023 ut
2763 3982 2885 4038 qua:
2912 3968 3065 4023 omni
3100 3967 3371 4024 relatione
3397 3977 3456 4024 et

1880 4059 2030 4116 omni
2060 4068 2215 4129 parte
2249 4067 2306 4114 et
2337 4064 2453 4114 toto
2475 4059 2689 4129 privata
2713 4066 2819 4122 est,
2843 4065 2899 4113 et
2944 4058 3173 4129 proprie
3203 4073 3269 4113 ac
3295 4073 3451 4117 vere.

1881 4153 2142 4224 primarie
2168 4159 2333 4222 atque
2354 4151 2531 4205 solum
2560 4157 2618 4204 et
2633 4149 2978 4220 simpliciter,
3010 4150 3105 4206 sed
3124 4151 3274 4205 nullo
3288 4149 3455 4205 modo

1880 4242 2098 4303 all‘eeta,
2117 4240 2289 4311 prima
2318 4247 2376 4295 et
2404 4239 2519 4294 sola
2549 4248 2728 4294 exstat
2756 4248 2814 4294 et
2843 4255 3055 4295 monas.
3079 4240 3235 4307 Quod
3265 4241 3450 4296 dicen—

178 4310 294 4365 xal
351 4313 659 4382 ποιότητος,
709 4313 803 4366 zeal
857 4313 958 4383 τῆς
1006 4314 1329 4384 οἱασδήποτε
1385 4314 1642 4384 σχέσεως,
1686 4312 1771 4366 ἵνα

1881 4343 1965 4389 tes
1994 4348 2105 4387 non
2122 4310 2255 4386 leam
2287 4338 2346 4384 ut
2374 4339 2461 4384 est
2493 4329 2866 4400 signiﬁcamus
2893 4330 3112 4385 beatam
3166 4332 3451 4399 deitatem,

172 4402 416 4474 γνῶμεν
468 4404 550 4459 ὅτι
600 4405 676 4476 μὴ
731 4405 867 4459 δλον-
906 4405 961 4458 τί
1009 4407 1157 4459 ἐστιν
1183 4405 1258 4469 ὡς
1279 4407 1342 4458 ὲκ
1378 4405 1562 4477 μερῶν
1591 4422 1771 4468 τινων,

1884 4423 2099 4487 inﬁnite
2120 4420 2420 4477 secundum
2446 4435 2666 4476 omnem
2714 4429 2772 4476 et
2805 4422 3076 4478 rationem
3122 4430 3180 4477 et
3225 4424 3454 4479 modum

176 4495 337 4569 μηδέ
355 4513 408 4548 τι
434 4495 601 4567 μέρος
619 4497 768 4551 ἐστὶν
789 4498 847 4564 ἐξ
869 4499 989 4552 ὅλου
1010 4498 1177 4561 τινός.
1212 4498 1501 4568 ’Υπεράνω
1530 4496 1637 4567 γάρ
1672 4498 1771 4550 πά-

1884 4524 1993 4570 tam
2019 4512 2188 4568 menti
2249 4527 2413 4581 quam
2457 4511 2658 4567 rationi
2715 4511 2864 4566 omni
2894 4522 2951 4567 et
2980 4512 3247 4568 vocabulo
3291 4513 3455 4582 plane

174 4602 300 4654 σης
319 4585 637 4656 διαιρέσεώς
651 4604 709 4639 τε
728 4588 823 4641 zeal
844 4587 1146 4668 συνθέσεως
1164 4588 1259 4641 zeal
1272 4588 1473 4662 μέρους
1490 4587 1585 4640 καὶ
1601 4588 1721 4640 ὅλου
1740 4588 1771 4658 ἡ

1877 4606 2150 4661 dillieilem
2179 4614 2344 4673 atque
2395 4603 2856 4667 inaccessibilem,
2891 4603 2987 4658 sed
3018 4604 3298 4659 nobismet
3321 4605 3458 4675 ipsis

200 4674 434 4744 Θεότης,
452 4677 531 4729 ὅτι
549 4677 775 4743 ἄποσον,
794 4679 887 4732 zeal
904 4678 1085 4749 πάσης
1114 4679 1213 4748 τῆς
1241 4680 1383 4731 κατά
1414 4678 1564 4731 θέσιν
1599 4677 1771 4749 ὑπάρ-

1877 4698 2110 4754 limitem
2142 4695 2268 4751 ﬁdei
2300 4697 2354 4751 in
2388 4710 2508 4750 eam
2535 4695 2813 4759 stabilem,
2847 4696 3117 4766 nobisque
3151 4674 3353 4765 aptum,
3373 4704 3459 4750 at-

170 4769 335 4836 ξεως
357 4769 561 4839 καὶτῆς
574 4769 691 4834 πῶς
706 4764 846 4827 εἶναι
863 4772 1033 4843 αὐτὴν
1047 4771 1372 4841 ὁριζομένης
1389 4770 1596 4834 ἐννοίας
1619 4772 1771 4839 ἀπῳ-

1877 4804 1985 4859 que
2045 4787 2301 4841 idoneum
2358 4794 2704 4856 praestamus.
2751 4786 2941 4856 Neque
2971 4764 3119 4840 enim
3167 4764 3227 4840 ut
3255 4801 3458 4856 reprae-

166 4858 460 4928 κισμένη,
476 4859 558 4913 ὅτι
573 4860 787 4928 ἄποιον,
802 4862 898 4916 καὶ
917 4862 1017 4930 τῆς
1034 4861 1169 4932 πρὸς
1189 4860 1316 4914 ἄλλο
1334 4862 1440 4913 πᾶν
1456 4861 1634 4930 πάσης
1650 4878 1771 4914 συνι-

1881 4882 2214 4938 sentativum
2240 4880 2365 4943 hoc,
2399 4880 2672 4944 monadis,
2705 4880 2955 4951 inquam,
2984 4896 3208 4944 nomen,
3255 4879 3457 4935 divinae

162 4951 397 5020 αφείας
417 4967 476 5003 τε
491 4952 587 5005 καὶ
603 4953 937 5022 οἰκειότητος
954 4952 1214 5024 ἐλευθέρα
1243 4956 1336 5006 zeal
1366 4953 1587 5023 ἄφετος,
1619 4952 1771 5023 ἄσχε-

1880 4981 1937 5027 et
1958 4972 2129 5026 beatae
2155 4970 2412 5026 essentia:
2442 4970 2664 5025 divinus
2686 4978 3084 5026 commemorat
3123 4987 3326 5034 sermo,
3354 4968 3454 5025 sed

157 5060 292 5099 τον
311 5040 517 5113 γὰρ,τὸ
537 5044 640 5115 πρὸ
663 5044 835 5124 αὐτῆς
852 5045 885 5116 ἢ
902 5045 1018 5115 μετ’
1038 5044 1254 5115 αὐτῆςῆ
1279 5044 1397 5114 μετ’
1416 5044 1585 5113 αὐτὴν
1607 5044 1707 5097 οὐκ
1733 5042 1771 5095 ἔ-

1880 5063 1947 5118 ad
1971 5059 2382 5117 monstrandam
2413 5060 2709 5130 perfectam
2732 5062 2852 5130 ejus
2882 5059 3312 5130 simplicitatem,
3335 5073 3459 5128 qum

155 5133 490 5211 χουσα,ὼς
524 5136 743 5191 πάντων
764 5139 783 5168 ⁷
821 5137 1103 5203 ἐπέκεινα,
1134 5136 1230 5189 zeal
1258 5135 1447 5208 μηδενὶ
1471 5136 1581 5189 τῶν
1612 5135 1771 5188 ὄντων

1883 5169 2102 5209 omnem
2154 5152 2521 5222 quantitatem
2571 5160 2628 5207 et
2657 5152 2978 5222 qualitatem
3017 5159 3074 5205 et
3132 5150 3457 5205 relationem

1499 5294 1735 5349 VARUE
1781 5289 2183 5348 LECTIONES.

266 5413 300 5482 ξ
330 5410 564 5482 ἄναρχον
590 5413 714 5468 cod.
739 5413 881 5469 Gud.
912 5429 989 5468 m.
1015 5429 1100 5481 pr.
1198 5414 1220 5445 ⁸
1250 5412 1382 5466 Inde
1406 5411 1475 5465 ab
1514 5412 1620 5465 hoc
1661 5411 1793 5482 folio
1836 5425 2011 5479 usque
2064 5407 2129 5462 ad
2165 5406 2259 5460 fol.
2284 5404 2435 5482 328,
2467 5404 2521 5459 in
2549 5404 2853 5482 βοὰ-αμα,
2890 5412 3105 5459 exstant
3137 5403 3460 5482 scholia,_ah

146 5474 533 5554 eaden1,_'u'ti
563 5484 805 5554 videtur,
842 5474 1084 5554 manu'jn
1121 5484 1367 5553 margine
1403 5482 1661 5554 ascrijiia.
1704 5478 1875 5537 Do'leo
1909 5474 1997 5533 me.
2020 5493 2086 5554 eo
2131 5492 2252 5554 q_uo_
2284 5474 2654 5554 libri_copiam
2690 5475 2958 5554 habebant
2990 5484 3235 5554 tempore
3264 5478 3456 5554 oeulo-

149 5544 331 5614 }I1m
361 5544 677 5608 valetudine
709 5544 1045 5623 prohibitum
1083 5544 1581 5622 fuissevquominu's
1608 5568 1670 5605 ea
1708 5566 1949 5622 quoque,
1982 5546 2351 5602 minutissime
2390 5545 2706 5600 charactere
2751 5552 2990 5611 exarata,
3018 5544 3151 5599 mihi
3190 5544 3450 5597 transcri‘
3528 5560 3531 5561 ν

147 5630 416 5685 berem.
497 5623 752 5686 ⁷πάντως
783 5624 945 5677 habet
972 5624 1364 5693 apographum.
