3984 6198
552 224 687 293 1187

1719 227 1779 286 S.
1820 225 2111 285 ΜΑΧΙΜΙ
2149 224 2659 287 CONFESSORIS

3670 233 3810 302 1188

548 337 784 402 excedit,
808 345 868 391 ut
897 351 1077 406 neque
1113 343 1289 391 totum
1324 331 1533 402 aliquid
1564 332 1719 386 velut
1743 346 1811 385 ex
1862 332 2118 400 partibus

2228 334 2341 386 κατ’
2377 334 2564 387 οὐδένα
2602 334 2813 403 λόγονῆ
2835 334 3035 405 τρόπον
3068 339 3494 409 συντεταγμένη.
3524 343 3633 395 Καὶ
3650 345 3814 398 τοῦτο

548 427 827 497 aliquibus
847 441 1026 495 neque
1058 433 1270 496 partem
1288 425 1527 494 aliquam
1563 438 1632 478 ex
1651 431 1766 506 toto
1798 424 1985 491 aliquo
2003 437 2126 477 esse

546 530 668 569 eam
691 515 1210 569 animadvertamus.
1237 513 1334 567 Est
1353 511 1500 566 enim
1515 510 1694 565 deitas
1704 509 1959 579 superior
1976 509 2124 563 omni

441 597 448 603 ’
547 607 916 677 disiunctione
934 613 991 659 et
1017 603 1405 675 conjunctione
1437 609 1496 656 et
1511 608 1668 670 parte
1683 608 1741 654 et
1767 608 1904 664 toto,
1936 607 2127 669 utpote

547 711 670 766 qum
682 705 834 750 extra
846 694 1208 763 quantitatem
1231 706 1451 746 omnem
1468 699 1574 755 est,
1591 700 1647 743 et
1663 684 1854 759 procul
1878 690 1947 743 ab
1972 691 2123 745 omni

545 787 783 857 positiva
798 785 1064 840 exstantia
1091 793 1148 838 et
1170 783 1455 839 intellectu
1474 796 1594 837 eam
1617 782 1805 851 aliquo
1823 780 1987 835 modo
2004 796 2126 841 esse

546 877 870 939 deiiuiente,
903 886 1093 944 utpote
1118 889 1240 943 qua:
1263 874 1380 928 sine
1408 873 1675 942 qualitate
1705 879 1809 937 est,
1864 881 1922 927 et
1973 873 2125 927 omni

547 970 615 1024 ad
656 967 893 1039 quodvis
922 969 1158 1022 alterum
1188 982 1405 1020 annexa
1429 965 1601 1019 libera
1626 974 1791 1033 atque
1821 964 2126 1029 soluta,est

549 1062 700 1116 enim
725 1060 845 1114 sine
876 1058 1170 1120 relatione,
1201 1073 1323 1127 qua:
1378 1065 1504 1111 ante
1562 1071 1621 1111 se
1672 1055 1996 1125 quidquam,
2029 1064 2127 1111 aut

551 1166 678 1205 cum
706 1165 764 1204 se
792 1158 889 1203 aut
912 1155 1035 1218 post
1068 1163 1127 1202 se
1154 1162 1266 1201 non
1296 1146 1517 1209 habeat,
1560 1155 1621 1201 ut
1669 1146 1916 1199 omnium
1972 1158 2127 1214 supec

552 1240 690 1303 rior,
717 1252 895 1306 neque
918 1251 1043 1290 cum
1066 1234 1178 1288 ullo
1205 1248 1397 1289 eorum
1423 1248 1544 1303 quae
1594 1241 1724 1286 sunt
1758 1233 1868 1285 ulla
1910 1231 2126 1284 ratione

552 1340 649 1384 aut
674 1329 837 1383 modo
871 1326 1195 1396 composita.
1229 1324 1383 1390 Quod
1415 1324 1862 1378 animadverteris
1890 1322 2125 1378 fortasse

551 1436 782 1491 magnus
810 1427 866 1475 et
894 1420 1115 1474 divinus
1152 1416 1472 1488 Dionysius,
1502 1434 1522 1466 ι
1566 1414 1859 1481 Quocirca,
1922 1414 2122 1484 inquit,

550 1528 744 1567 monas
772 1525 991 1581 quoque
1029 1508 1308 1563 celebrata
1329 1515 1386 1561 et
1420 1506 1575 1569 trias,
1635 1504 1895 1559 divinitas
1940 1506 2125 1560 omnia

550 1618 838 1674 superans,
872 1617 982 1656 non
1007 1615 1198 1654 monas
1223 1607 1330 1659 est.
1358 1612 1540 1667 neque
1568 1596 1724 1656 trias,
1747 1596 1863 1650 sive
1898 1611 1928 1648 a
1964 1595 2128 1651 nobis

2226 425 2384 495 τυχὸν
2409 426 2668 498 ἐννοήσας
2693 427 2723 478 ό
2747 427 2921 495 μέγας
2940 428 3034 479 καὶ
3051 427 3194 487 θεῖος
3229 430 3504 491 Διονύσιός
3536 450 3670 502 φησι
3704 437 3807 507 (ιγ

2232 533 2255 566 ‹
2284 518 2375 569 Διὸ
2403 519 2496 571 καὶ
2518 518 2686 587 μονὰς
2717 518 3030 587 ὑμνουμένη
3066 518 3162 571 καὶ
3185 520 3364 590 τριὰς,
3393 523 3427 590 ἡ
3454 523 3599 595 ὑπὲρ
3633 527 3811 580 πάντα

2227 606 2439 676 θεότης,
2476 608 2577 660 οὐκ
2612 608 2758 662 ἐστιν
2788 608 2912 662 οὔτε
2945 608 3134 679 μονὰς,
3176 607 3301 663 οὕτε
3347 612 3527 682 τριὰς,
3579 615 3617 685 ἢ
3674 622 3812 686 πρὸς

2226 700 2385 771 ἡμῶν
2432 700 2466 769 ἢ
2518 699 2679 753 ἄλλου
2723 700 2870 763 τινὸς
2918 700 3316 771 διεγνωσμένη,
3357 702 3475 755 ἀλλ’
3506 705 3593 758 ἶνα
3619 707 3721 759 καὶ
3752 711 3813 761 τὸ

2227 789 2651 861 ὑπερηνωμένον
2687 790 2731 824 ⁸-
2753 790 2929 859 αὐτῆς
2958 790 3051 867 καὶ
3081 789 3144 843 τδ
3176 791 3427 860 θεογόνον
3449 794 3670 865 ἀληθῶς
3707 799 3812 868 ὑμ-

2224 882 2499 952 νήσωμεν,
2528 881 2711 950 (172
2744 880 2795 950 b)
2828 882 2892 951 τῇ
2925 881 3175 951 τριαδικῇ
3213 883 3310 935 καὶ
3366 884 3546 956 ἐνιαίᾳ
3608 886 3811 940 θεωνυο

2231 970 2331 1040 μία
2365 969 2462 1040 τὴν
2494 970 2855 1041 ὑπερώνυμον
2886 969 3274 1040 ὠνομάσαμεν,
3303 973 3529 1038 καὶτοῖς
3560 971 3685 1028 οὖσι
3713 973 3809 1047 τὴῦ

2226 1059 2571 1128 ὑπερούσιον.
2611 1077 2629 1110 ι
2684 1059 2955 1129 Οὐδαμῶς
3009 1055 3105 1112 οὖν
3145 1077 3233 1122 τις
3285 1063 3459 1116 δυάδα
3516 1063 3550 1132 ἦ
3605 1065 3808 1134 πλῆθος

2226 1146 2483 1219 ἄναρχον,
2506 1148 2539 1217 ἢ
2565 1148 2742 1218 ἀρχὴν
2771 1148 2833 1199 τὸ
2867 1147 3086 1201 σύνολόν
3116 1166 3264 1214 τινος
3290 1144 3432 1205 εἶναι
3479 1151 3666 1221 λέγειν
3712 1154 3806 1206 δυ-

2226 1239 2474 1309 νήσεται,
2511 1237 2613 1308 ζῇν
2646 1237 2891 1301 εὐσεϐῶς
2939 1238 3007 1291 δι’
3067 1238 3327 1309 ἀληθείας
3385 1240 3802 1313 βεϐουλημένος.

2227 1325 2323 1391 Εἷς
2343 1328 2454 1397 γὰρ
2478 1327 2569 1381 διά
2602 1329 2783 1399 πάσης
2806 1327 2908 1397 τῆς
2930 1326 3075 1381 κατὰ
3106 1328 3264 1397 λόγον
3297 1329 3395 1382 καὶ
3425 1329 3550 1384 νοῦν
3597 1332 3806 1403 θεωρη-

2226 1419 2384 1488 τικῆς
2412 1418 2693 1488 δυνάμεως
2721 1418 2817 1471 καὶ
2838 1418 3151 1488 ἐπιστήμης
3177 1418 3328 1489 αὐτῷ
3356 1420 3490 1484 Θεὸς
3518 1422 3805 1492 ἀναφανήα

2229 1526 2401 1570 σεται,
2435 1508 2619 1578 πάσης
2648 1508 2907 1578 ἀπειρίας
2949 1509 3213 1580 ὑπάρχων
3243 1510 3524 1577 ἐπέκεινα,
3570 1513 3672 1565 καὶ
3703 1532 3807 1583 μη-

2226 1599 2339 1653 δενὶ
2368 1598 2599 1653 καθόλου
2631 1597 2742 1651 τῶν
2774 1597 2946 1651 ὄντων
2982 1599 3108 1653 καθ’
3146 1599 3352 1664 ὁτιοῦν,
3391 1601 3533 1671 πλὴν
3570 1602 3670 1655 τοῦ
3718 1603 3807 1656 διὰ

549 1699 667 1752 sive
698 1698 766 1751 ab
804 1697 911 1751 alio
940 1694 1198 1765 quopiam
1248 1693 1452 1761 agnita,
1482 1689 1578 1744 sed
1618 1696 1680 1742 ut
1721 1687 1867 1758 quod
1899 1688 1956 1742 in
2008 1688 2125 1757 ipsa

2228 1690 2464 1752 πίστεως
2501 1689 2662 1759 μόνον
2682 1688 3071 1757 γινώσκεσθαι,
3101 1691 3197 1744 καὶ
3219 1690 3382 1744 τοῦτο
3414 1692 3480 1744 ἐκ
3500 1692 3614 1745 τῶν
3639 1693 3806 1746 αὐτοῦ

550 1797 635 1845 est
662 1803 827 1857 supra
861 1802 1026 1856 quam
1068 1786 1121 1838 in
1153 1798 1323 1837 unum
1353 1781 1668 1850 copulatum
1719 1787 1776 1832 et
1804 1779 1899 1835 Dei
1932 1778 2126 1833 fecun-

550 1878 683 1933 dum
706 1892 833 1933 vere
852 1872 1250 1946 praedicemus,
1278 1858 1484 1925 trinum
1514 1877 1571 1923 et
1598 1884 1769 1923 unum
1819 1868 1993 1923 Deum
2023 1883 2126 1922 no-

551 1971 828 2024 minamus
848 1967 1001 2020 illum
1032 1964 1124 2034 qui
1175 1977 1340 2032 supra
1363 1975 1525 2015 omne
1560 1973 1763 2012 nomen
1809 1967 1915 2023 est,
1947 1966 2004 2013 et
2036 1973 2127 2012 re-

552 2060 657 2114 hus
686 2059 771 2113 vel
824 2054 1111 2111 vocabulis
1164 2052 1373 2107 utimur
1422 2050 1481 2103 in
1536 2047 1877 2119 designando
1917 2061 1987 2102 eo
2029 2047 2125 2117 qui

552 2152 703 2206 omni
727 2148 962 2205 essentia
993 2155 1078 2202 est
1105 2145 1378 2215 superior.
1413 2161 1431 2194 ι
1473 2142 1645 2197 Nemo
1677 2141 1867 2211 igitur,
1898 2141 1993 2210 qui
2034 2155 2128 2195 re-

551 2242 742 2311 ligiose
764 2255 862 2309 per
894 2238 1181 2293 veritatem
1196 2232 1418 2289 vivendi
1446 2232 1728 2289 studiosus
1756 2230 1986 2303 dyadem
2026 2235 2125 2284 aut

552 2344 849 2385 numerum
881 2326 1152 2398 principio
1181 2332 1463 2380 carentem
1518 2332 1614 2377 aut
1639 2322 1972 2392 principium
2010 2335 2129 2376 om-

551 2420 686 2474 nino
715 2418 1023 2488 cujuspiam
1051 2430 1176 2470 esse
1206 2414 1395 2468 dicere
1429 2412 1744 2467 conabitur.
1798 2411 1953 2467 Unus
1976 2411 2127 2465 enim

552 2526 652 2580 per
685 2510 1003 2563 universam
1021 2515 1129 2560 tam
1158 2504 1486 2559 rationalem
1509 2518 1672 2573 quam
1696 2501 2125 2557 intellectualem

553 2598 1032 2669 contemplativam
1068 2603 1396 2666 potestatem
1423 2601 1480 2649 et
1538 2593 1829 2648 scientiam
1855 2592 1935 2646 illi
1980 2592 2127 2646 Deus

556 2688 862 2757 apparebit,
893 2684 1075 2740 omnis
1107 2683 1399 2738 inﬁnitatis
1440 2682 1694 2746 ulterior,
1738 2696 1843 2736 nec
1865 2680 2125 2750 cuiquam

554 2780 783 2833 omnino
815 2792 1011 2832 eorum
1051 2789 1173 2845 qua;
1204 2782 1336 2829 sunt
1367 2788 1435 2827 ex
1453 2773 1564 2827 ulla
1591 2780 1769 2842 parte,
1805 2779 2007 2842 praeter
2038 2786 2129 2826 so-

554 2871 662 2926 lam
678 2883 777 2938 per
795 2866 958 2922 (idem
981 2864 1375 2935 cognitionem,
1403 2871 1461 2916 et
1480 2863 1586 2917 hoc
1611 2877 1679 2915 ex
1700 2862 1966 2931 operibus
1981 2862 2122 2931 ejus,

2226 1779 2551 1851 ποιημάτων
2587 1781 2672 1834 ὅτι
2713 1780 2885 1844 ἐστὶν,
2918 1781 3018 1851 οὐχ
3057 1781 3141 1835 ὅτι
3173 1782 3305 1835 ποτέ
3325 1783 3443 1834 ἐστι
3475 1781 3809 1853 διεγνωσμέ-

2225 1891 2337 1937 νος,
2368 1874 2462 1926 καὶ
2488 1871 2690 1936 παντὸς
2720 1872 2918 1937 αἰῶνος
2949 1873 3045 1927 καὶ
3082 1872 3277 1944 χρόνου
3309 1872 3406 1925 καὶ
3441 1874 3663 1927 πάντων
3696 1874 3805 1926 τῶν

2225 1966 2282 2020 ἐν
2310 1965 2469 2018 αἰῶνι
2489 1966 2582 2018 καὶ
2601 1964 2778 2035 χρόνῳ
2805 1966 3041 2036 ποιητής
3064 1982 3125 2017 τε
3146 1964 3243 2018 καὶ
3266 1965 3624 2036 δημιουργὸς.
3651 1965 3805 2018 οὐδὲν

2223 2053 2285 2106 τὸ
2326 2055 2588 2124 παράπαν
2635 2053 2696 2119 ὲξ
2728 2053 2899 2107 ἀϊδίου
2946 2053 3068 2107 καθ’
3102 2053 3377 2107 ὁντιναοῦν
3404 2054 3607 2123 τρόπον
3656 2054 3806 2122 αὐτῷ

2227 2143 2583 2209 συνεπινοῶν,
2612 2144 2769 2208 εἰδὼς
2795 2145 2876 2199 ὅτι
2913 2144 3208 2215 μηδέτερον
3240 2144 3349 2196 τῶν
3371 2142 3490 2214 ἅμα
3518 2146 3666 2198 κατά
3699 2144 3803 2215 τὴν

2226 2234 2462 2307 ὕπαρξιν
2492 2235 2747 2305 ἀλλήλοις
2782 2233 2843 2299 ἐξ
2870 2233 3042 2287 ἀϊδίου
3077 2232 3345 2287 συνόντων
3385 2229 3527 2287 εἶναι
3579 2233 3807 2288 δύναται

2223 2327 2318 2382 τοῦ
2350 2327 2541 2398 ἑτέρου
2567 2326 2872 2396 ποιητικόν.
2915 2324 3334 2392 Ἀσυλλόγιστον
3362 2323 3470 2396 γάρ
3495 2324 3655 2378 τοῦτο
3676 2341 3813 2378 atavo

2225 2418 2431 2472 τάπασι
2457 2418 2553 2471 καὶ
2578 2416 2917 2481 ἀνένδεκτον,
2944 2417 3038 2469 καὶ
3060 2419 3175 2479 τοῖς
3205 2414 3332 2469 νοῦν
3354 2417 3537 2485 έχουσι
3562 2415 3809 2482 καταγέ-

2224 2510 2424 2564 λαστον
2452 2496 2673 2562 ἐπὶτῶν
2706 2507 2941 2579 ἑχόντων
2965 2507 3081 2577 ἅμα
3109 2507 3171 2560 τδ
3200 2501 3341 2559 εἶναι
3376 2505 3650 2560 ποιεῖσθαι
3677 2506 3816 2560 ἄλλο

2225 2600 2386 2656 ἄλλου
2415 2599 2721 2671 ποιητικόν.
2766 2598 2909 2653 Ἀλλ’
2951 2600 3020 2652 ὲκ
3068 2596 3204 2650 Θεοῦ
3251 2597 3345 2651 τοῦ
3398 2597 3487 2652 ἀεὶ
3534 2597 3694 2662 ὄντος
3736 2599 3816 2652 τὰ

2226 2688 2404 2741 πάντα
2439 2688 2504 2740 ὲκ
2528 2687 2621 2742 τοῦ
2655 2685 2732 2758 μὴ
2752 2686 2907 2751 ὄντος
2953 2686 3213 2754 γενέσθαι
3274 2685 3556 2750 παντελῶς
3598 2703 3662 2739 τε
3715 2688 3819 2740 καὶ

2223 2775 2441 2841 ὑλικῶς,
2477 2776 2594 2831 ἀλλ’
2626 2776 2688 2829 οὐ
2720 2774 2964 2846 μερικῶς
2983 2792 3042 2828 τε
3065 2776 3162 2828 καὶ
3184 2774 3412 2838 ἀτελῶς,
3444 2775 3520 2838 ὡς
3542 2775 3603 2839 ἐξ
3623 2776 3819 2839 αἰτίας

2223 2865 2663 2937 ἀπειρογνώστου
2704 2866 2799 2920 καὶ
2847 2865 3289 2937 ἀπειροδυνάμου
3342 2865 3520 2933 σοφῶς
3578 2881 3817 2936 παρηγο

554 2958 703 3030 quod
739 2966 844 3021 est,
887 2971 997 3010 non
1019 2953 1165 3025 quod
1192 2951 1488 3022 aliquando
1510 2961 1616 3015 est,
1643 2959 1934 3020 perceptus
1957 2959 2123 3020 atque

2228 2957 2385 3028 μένα,
2415 2956 2664 3028 δέξηται,
2694 2956 2790 3012 καὶ
2813 2957 2872 3010 ὲν
2891 2956 3041 3028 αὐτῷ
3063 2957 3453 3027 συνεστηκέναι
3474 2957 3495 2989 ⁹
3516 2956 3586 3010 τά
3600 2957 3817 3019 πάντα,

556 3048 800 3120 agnitus,
829 3053 887 3102 et
914 3045 1096 3100 omnis
1116 3042 1219 3099 aevi
1252 3057 1317 3097 ac
1353 3040 1616 3110 temporis
1644 3048 1700 3094 et
1723 3039 1970 3094 omnium
2003 3055 2123 3109 qua:

2229 3048 2305 3112 ὡς
2343 3049 2402 3101 ὲν
2437 3046 2922 3119 παντοκρατορικῷ
2944 3047 3183 3121 πυθμένι
3211 3047 3599 3119 φρουρούμενά
3626 3064 3687 3099 τε
3710 3048 3823 3100 καὶ
3898 3064 3922 3084 σ

561 3141 619 3195 in
646 3155 765 3195 aevo
792 3144 922 3193 sunt
950 3151 1015 3191 ac
1045 3145 1294 3205 tempore
1324 3133 1502 3188 factor
1522 3141 1686 3203 atque
1722 3130 1942 3197 artifex,
1982 3130 2119 3185 nihil

562 3245 793 3299 prorsus
827 3241 1159 3298 quocunque
1177 3232 1263 3280 est
1287 3223 1452 3278 modo
1480 3223 1533 3277 ei
1560 3224 1791 3277 alterum
1822 3220 1891 3277 de
1916 3229 2124 3275 aeterno

560 3319 784 3391 alligens
818 3319 1151 3389 cogitatione
1171 3356 1186 3381 ,
1227 3330 1441 3370 memor
1467 3314 1613 3384 quod
1644 3322 1901 3370 neutrum
1930 3326 2124 3367 eorum

2231 3331 2395 3385 φησιν
2427 3315 2457 3368 ό
2488 3317 2660 3386 μέγας
2691 3317 3086 3388 ’Δρεοπαγίτης
3118 3317 3391 3380 Διονύσιος
3420 3316 3520 3387 (‘2).

555 3427 677 3481 qua:
704 3410 1158 3466 exsistentialiter
1173 3409 1242 3463 de
1262 3415 1470 3462 aeterno
1500 3406 1661 3460 simul
1675 3414 1806 3461 sunt
1823 3415 2081 3461 neutrum
2092 3404 2308 3463 efﬁcere
2332 3409 2527 3478 possit.
2549 3410 2739 3480 Neque
2752 3410 2901 3465 enim
2928 3400 3399 3480 cogitaripmnino
3414 3409 3467 3463 id
3491 3416 3831 3478 potest,ne—

554 3517 662 3571 que
679 3501 821 3564 ﬁeri,
837 3501 1028 3571 eisque
1053 3500 1148 3570 qui
1165 3506 1347 3554 mente
1361 3506 1596 3553 utuntur
1616 3497 1909 3552 ridiculum
1931 3506 2038 3564 est,
2056 3513 2243 3553 rerum
2259 3498 2491 3554 duarum
2513 3516 2635 3571 quae
2651 3500 2813 3556 simul
2831 3500 3105 3556 exsistunt
3119 3500 3344 3554 alteram
3364 3498 3594 3553 alterius
3623 3496 3829 3551 facere

554 3595 904 3651 creatricem.
939 3592 1047 3648 Sed
1074 3607 1144 3647 ex
1188 3592 1301 3646 Deo
1337 3599 1546 3646 aeterno
1596 3589 2012 3655 universitatem
2037 3604 2108 3645 ex
2138 3590 2319 3645 nihilo
2346 3591 2543 3648 [actam
2567 3607 2690 3648 esse
2708 3593 2765 3648 in
2791 3600 2969 3647 totum
2999 3606 3065 3647 ac
3086 3591 3272 3662 plene,
3297 3599 3353 3645 at
3372 3605 3481 3645 non
3501 3590 3821 3659 particula-

558 3687 730 3742 timet
760 3684 1107 3755 imperfecte,
1134 3691 1275 3738 utex
1326 3668 1492 3739 causa
1532 3680 1761 3736 inﬁnita
1799 3689 1856 3736 et
1884 3680 2215 3751 cognitionis
2272 3690 2330 3737 et
2361 3684 2657 3753 potestatis
2683 3684 2967 3754 sapienter
2992 3683 3311 3747 deductam,
3339 3680 3817 3751 approbationem

558 3777 747 3842 habet,
774 3777 940 3845 inque
969 3789 1038 3830 eo
1056 3773 1315 3828 universa
1332 3781 1588 3827 constare
1603 3780 1665 3825 ut
1681 3771 1738 3825 in
1764 3771 2141 3840 omnipotente
2156 3770 2339 3826 radice
2361 3773 2638 3827 custodita
2666 3766 3214 3843 atque'conservata,
3230 3770 3365 3827 etin
3388 3769 3649 3826 eumdem
3676 3770 3821 3823 uni-

557 3884 719 3925 versa
752 3868 934 3923 redire
958 3867 1113 3922 velut
1143 3864 1199 3919 in
1216 3863 1502 3935 proprium
1523 3877 1682 3917 suum
1698 3862 1956 3933 quodque
1979 3862 2300 3928 terminum,
2363 3864 2445 3919 uti
2465 3864 2670 3919 alicubi
2687 3864 2824 3920 dicit
2870 3879 3100 3935 magnus
3123 3862 3417 3934 Dionysius
3445 3858 3808 3932 Areopagita.

2228 3136 2688 3208 διακρατούμενα,
2733 3137 2832 3192 καὶ
2863 3139 2942 3201 εἰς
2970 3136 3134 3191 αὐτὸν
3159 3136 3230 3191 τὰ
3262 3139 3444 3192 πάντα
3473 3140 3826 3209 ἐπιστρέφε-

2232 3224 2379 3290 σθαι,
2413 3225 2668 3296 καθάπερ
2697 3226 2778 3289 εἰς
2824 3226 3026 3279 οἰκεῖον
3089 3225 3299 3279 ἕκαστα
3349 3225 3541 3297 πέρας,
3584 3229 3669 3289 ὥς
3703 3226 3825 3278 πού

557 4042 943 4115 Contemplatio
989 4060 1097 4114 qua
1144 4020 1544 4098 demonstratur
1592 4042 1689 4097 Dei
1740 4044 2125 4114 providentiam

2228 4048 2409 4123 (173
2453 4046 2507 4119 a)
2570 4049 2787 4115 Θεωρία
2829 4000 3216 4114 ἀποδεικτικῆ
3270 4042 3378 4098 τοῦ
3436 4038 3596 4096 εἶναι
3653 4042 3815 4095 κατὰ

518 5335 524 5375 ἑ

714 4134 1001 4189 secundum
1031 4143 1286 4188 naturam
1315 4149 1471 4187 suam
1499 4134 1677 4188 omnia
1709 4138 1976 4207 prosequi.

628 4244 808 4299 Etiam
835 4243 1178 4314 provisorem
1212 4258 1396 4299 rerum
1430 4251 1640 4299 natura:
1668 4259 1791 4301 esse
1827 4250 2127 4316 persuade-

2220 4184 2223 4185 ν
2330 4139 2520 4208 φύσιν
2547 4138 2647 4191 ἐπὶ
2671 4136 2912 4191 πάντων
2931 4136 3047 4205 τὴν
3074 4136 3181 4191 τοῦ
3199 4135 3347 4190 Θεοῦ
3374 4135 3692 4203 πρόνοιαν.

2293 4248 2406 4303 Kal.
2442 4247 2746 4320 προνοητὴν
2788 4248 2951 4302 αὐτὸν
2993 4243 3136 4302 εἶναι
3182 4246 3543 4316 πεισθήσεται
3571 4248 3689 4301 τῶν
3719 4251 3812 4303 δν-

559 4336 713 4390 bitur
735 4334 809 4400 ei,
836 4350 935 4405 per
957 4347 1096 4404 quas
1128 4341 1185 4387 et
1220 4334 1393 4389 Deum
1426 4348 1549 4388 esse
1577 4333 1794 4399 didicit,
1821 4336 2030 4406 justum
2061 4354 2125 4395 ac

2231 4356 2359 4404 των,
2396 4339 2463 4393 δι’
2497 4334 2572 4393 ὧν
2596 4339 2678 4393 ὅτι
2711 4340 2806 4393 καὶ
2832 4339 2964 4403 Θεός
2993 4340 3140 4392 ἐστιν
3167 4337 3442 4408 ἐδιδάχθη,
3477 4338 3695 4393 δίκαιον
3726 4337 3810 4394 εἵ-

560 4424 759 4481 rationi
791 4433 1223 4481 consentaneum
1249 4439 1372 4480 esse
1403 4438 1588 4478 rerum
1615 4426 1899 4480 custodem
1961 4436 2127 4497 atque

560 4523 873 4572 curatorem
899 4529 1062 4584 quam
1120 4513 1299 4584 ipsum
1351 4529 1536 4569 rerum
1581 4514 1949 4571 conditorem.
2006 4517 2128 4587 Ipsa

558 4607 706 4660 enim
739 4619 923 4659 rerum
962 4604 1280 4674 perennitas
1303 4613 1360 4659 et
1380 4604 1516 4658 ordo
1546 4613 1603 4658 et
1626 4605 1830 4674 positio
1854 4615 1912 4661 et
1955 4609 2128 4663 motio

556 4704 615 4751 et
649 4704 837 4749 mutua
865 4709 963 4764 per
996 4693 1211 4749 medias
1246 4703 1433 4763 partes
1477 4695 1752 4750 connexio
1803 4698 2129 4753 extremita-

557 4795 698 4848 tum,
729 4784 868 4839 nihil
896 4798 1016 4839 sese
1048 4783 1286 4839 invicem
1315 4799 1631 4854 quanquam
1674 4788 1968 4844 contrariae
1995 4800 2126 4845 sunt

558 4876 961 4937 infestantium,
978 4884 1036 4929 et
1064 4875 1302 4945 partium
1322 4875 1378 4929 in
1401 4883 1576 4930 totum
1590 4877 2019 4947 conspiratio,et
2040 4887 2125 4935 to-

557 4974 741 5042 torum
772 4965 1057 5036 aequabilis
1102 4981 1167 5022 ac
1227 4966 1387 5035 plena
1442 4982 1543 5036 per
1585 4976 1771 5039 partes
1827 4985 2124 5042 coagmen-

558 5058 715 5124 tatio,
739 5068 796 5114 et
820 5058 1063 5128 ipsarum
1090 5059 1328 5129 partium
1356 5059 1576 5115 interse
1615 5069 1875 5116 constans
1917 5062 2125 5119 discre-

2225 4446 2314 4484 ναι
2348 4429 2554 4501 κρίνων
2589 4430 2683 4483 καὶ
2722 4429 2969 4498 εὔλογον,
2996 4430 3071 4500 μὴ
3099 4429 3260 4483 ἄλλον
3295 4425 3436 4481 εἷναι
3463 4430 3691 4498 φύλακα
3712 4436 3814 4487 καὶ

2224 4521 2561 4592 ἐπιμελητὴν
2590 4520 2699 4575 τῶν
2725 4521 2952 4592 ὄντωνῆ
2993 4521 3152 4592 μόνον
3188 4521 3281 4575 τὸν
3327 4519 3438 4573 τῶν
3480 4521 3660 4576 όντων
3712 4524 3812 4594 δη-

2229 4614 2509 4684 μιουργόν,
2542 4613 2688 4685 Αὐτὴ
2717 4613 2826 4685 γάρ
2850 4614 2883 4684 ἡ
2916 4613 3023 4667 τῶν
3046 4613 3219 4667 ὄντων
3247 4611 3476 4683 διαμονὴ
3500 4613 3603 4667 καὶ
3638 4616 3674 4685 ἡ
3705 4618 3809 4670 τά·

2227 4704 2309 4771 ξις
2326 4704 2420 4758 καὶ
2441 4705 2474 4770 ἡ
2506 4703 2656 4769 θέσις
2682 4705 2778 4758 καὶ
2811 4706 2845 4776 ἡ
2871 4704 3106 4776 κίνησις,
3135 4704 3230 4759 καὶ
3259 4706 3293 4774 ὴ
3324 4706 3381 4758 ἐν
3410 4705 3675 4775 ἀλλήλοις
3700 4710 3811 4762 τῶν

2229 4795 2415 4866 ἄκρων
2443 4794 2535 4849 διὰ
2560 4797 2669 4848 τῶν
2694 4795 2875 4867 μέσων
2904 4796 3125 4866 συνοχὴ,
3147 4795 3312 4866 μηδὲν
3345 4795 3487 4849 κατά
3512 4797 3621 4868 τὴν
3655 4801 3815 4853 ὲνανο

2228 4887 2451 4955 τιότητα
2478 4886 2889 4957 λυμαινομένων
2925 4886 3195 4956 ἀλλήλοις,
3246 4887 3283 4952 ἦ
3332 4903 3391 4939 τε
3450 4887 3564 4939 τῶν
3622 4891 3812 4961 μερῶν

2230 4976 2365 5046 πρὸς
2390 4977 2456 5029 τὰ
2483 4977 2580 5030 ὅλα
2608 4976 2915 5040 σύννευσις,
2948 4976 3042 5030 καὶ
3067 4975 3175 5029 τῶν
3206 4975 3342 5029 ὅλων
3373 4976 3508 5047 πρὸς
3536 4979 3618 5031 τὰ
3667 4980 3813 5053 μέρη

2227 5066 2293 5120 δι’
2322 5066 2442 5121 ὅλου
2465 5067 2681 5136 ἓνωσις,
2705 5068 2798 5123 καὶ
2820 5067 3000 5123 αὐτῶν
3029 5067 3166 5143 πρὸς
3208 5067 3414 5139 ἄλληλα
3456 5068 3572 5123 τῶν
3622 5071 3811 5143 μερῶν

1849 5193 2085 5251 VARIE
2125 5196 2530 5257 LECTIONES.

626 5285 649 5319 '
679 5286 1081 5359 ὑπερηνομένον
1112 5286 1236 5342 cod.
1263 5285 1405 5343 Gud.

1499 5287 1521 5321 ’
1556 5287 1942 5341 συνεστακέναι
1980 5288 2104 5345 cod.
2129 5288 2274 5345 Gud.

2054 5398 2288 5456 NOTAE.

628 5488 701 5561 (l)
732 5489 953 5615 Diongjs.
1003 5490 1269 5561 Areopag.
1308 5489 1383 5544 De
1415 5491 1603 5547 divinis
1654 5472 1819 5549 nam.
1856 5508 1975 5565 cap.
2032 5492 2119 5560 l5,

628 5576 690 5615 m.
723 5560 763 5615 Ι.
790 5576 845 5615 ι).
908 5560 995 5615 33.
1024 5559 1162 5615 Ono.
1195 5561 1287 5615 ed.
1321 5561 1458 5615 Ven.

555 5559 690 5616 tom.
723 5560 763 5625 l,
790 5576 845 5630 p.
872 5559 995 5616 535.
1024 5559 1163 5630 opp:
1195 5559 1287 5616 ea.
1321 5561 1458 5616 ven.

2301 5492 2377 5567 (2)
2409 5493 2492 5550 Cf.
2524 5495 2755 5567 Dionys.
2801 5495 3069 5567 Areopag.
3102 5495 3178 5551 De
3210 5494 3375 5551 divin.
3415 5509 3565 5550 nam.
3597 5509 3723 5567 cap.
3746 5495 3810 5561 ι,

2223 5578 2278 5634 p.
2306 5557 2428 5633 397,
2457 5573 2588 5621 tom.
2624 5557 2782 5631 l,’ed.
2816 5557 3009 5621 Venet.
