3984 6198
211 196 353 263 1189

1457 184 1982 249 AMBIGUORUM
2020 188 2274 251 LIBER.

3341 194 3475 262 1190

215 306 506 381 ἤάμικτος
540 302 816 372 διάκρισις
863 298 1006 355 κατὰ
1051 297 1153 370 τὴν
1202 297 1515 362 ἰδιάζουσαν
1564 299 1797 352 ἑκάστου

1912 299 2004 364 tio,
2047 301 2356 357 secundum
2417 317 2572 358 suam
2600 304 3036 376 uniuscujusque
3078 304 3470 376 differentiam,

211 396 499 468 διαφορὰν,
528 394 625 447 καὶ
651 392 965 461 ἀσύγχυτος
994 389 1191 452 ἕνωσις
1214 391 1359 443 κατὰ
1399 387 1501 457 τὴν
1550 387 1798 458 ἀπαράλ-

213 490 412 543 λακτον
445 488 502 540 ὲν
559 485 705 549 ὅλοις
765 482 1099 553 ταυτότητα,
1156 481 1255 535 καὶ
1300 481 1336 551 ὴ
1389 479 1608 535 πάντων
1660 481 1800 550 πρὸς

215 580 418 643 πάντα,
448 577 536 630 ἵνα
566 575 642 647 μὴ
667 574 737 628 1&
783 572 909 626 καθ’
943 573 1176 625 ἕκαστον
1204 570 1373 640 λέγω,
1410 569 1700 642 σύγκρισίς
1739 587 1799 623 τε

216 671 313 726 καὶ
338 671 635 740 διάκρισις,
666 665 761 720 καὶ
788 666 821 735 ἡ
858 665 1079 718 πάντων
1125 662 1224 716 καὶ
1249 663 1483 718 ἑκάστου
1514 662 1638 717 κατ’
1662 657 1801 723 εἶδος

216 761 437 830 διαδοχὴ
486 758 575 812 ἀεὶ
630 754 1034 827 φυλαττομένη,
1069 754 1302 827 μηδενὸς
1321 755 1384 808 τὸ
1409 754 1674 824 παράπαν
1703 753 1799 807 τοῦ

215 850 421 904 οἰκείου
437 847 538 917 τῆς
557 845 776 917 φύσεως
796 844 960 913 λόγου
992 843 1514 915 παραφθειρομένου
1544 844 1640 897 καὶ⁵
1665 842 1802 914 πρὸς

217 942 348 996 ἄλλο
368 940 733 1012 συγχεομένου
752 955 812 992 τε
835 938 929 992 καὶ
963 937 1312 1008 συγχέοντος,
1346 936 1589 990 δείκνυσι
1615 935 1803 1005 σαφῶς

216 1035 287 1089 τὰ
317 1035 498 1089 πάντα
530 1033 596 1104 τῇ
649 1030 881 1103 προνοίᾳ
923 1028 1245 1098 συνέχεσθαι
1288 1028 1384 1081 τοῦ
1441 1027 1802 1097 πεποιηκότος

218 1125 485 1181 Θεοῦδού
512 1126 619 1195 γὰρ
643 1117 754 1176 οἷόν
783 1121 843 1175 τέ
873 1122 1025 1174 ἐστιν
1068 1119 1273 1188 ἀγαθὸν
1291 1119 1423 1172 ὄντα
1446 1118 1538 1172 τὸν
1561 1118 1694 1171 Θεὸν
1725 1118 1800 1188 μὴ

218 1215 315 1270 καὶ
341 1212 687 1286 εὐεργετικὸν
709 1212 928 1274 πάντως
954 1205 1119 1274 εἶναι,
1143 1210 1278 1281 μηδὲ
1302 1208 1652 1281 εὐεργετικὸν
1673 1208 1803 1261 ὄντα

222 1307 303 1377 μὴ
332 1304 429 1359 καὶ
457 1302 817 1377 προνοητικὸν
835 1296 1059 1369 πάντως
1084 1296 1247 1363 εἶναι,
1275 1302 1369 1353 καὶ
1395 1300 1485 1353 διὰ
1507 1298 1667 1351 τοῦτο
1694 1299 1803 1350 τῶν

220 1397 395 1451 ὅντων
430 1384 753 1465 θεοπρεπῶς
812 1390 1245 1462 ἐπιμελούμενον
1297 1387 1477 1458 σοφῶς
1523 1388 1566 1419 ¹⁰
1619 1388 1804 1452 αὐτοῖς

218 1487 411 1559 ὥσπερ
462 1485 523 1539 τὸ
578 1483 714 1538 εἶναι
765 1483 860 1537 καὶ
930 1483 1030 1552 τὴν
1077 1480 1403 1552 κηδεμονίαν
1456 1478 1801 1550 χαρίζεσθαι.

218 1577 461 1648 Πρόνοια
513 1575 624 1647 γάρ
668 1576 781 1628 ἐστι
824 1573 965 1628 κατὰ
1012 1574 1138 1636 τούς
1160 1571 1456 1643 θεοφόρους
1485 1571 1802 1643 Πατέρσςὴ

219 1670 293 1723 ὲκ
311 1667 447 1723 Θεοῦ
485 1669 564 1731 είς
598 1668 665 1720 τὰ
695 1666 824 1720 ὄντα
850 1666 1118 1735 γινομένη
1142 1663 1454 1734 ἐπιμέλεια.
1496 1662 1799 1734 Ὀρίζονται

217 1740 284 1814 δὲ
312 1759 481 1831 αὐτὴν
507 1758 603 1813 καὶ
651 1757 846 1821 οὕτως,
910 1756 1146 1829 Πρόνοιά
1194 1758 1339 1809 ἐστι’
1368 1754 1622 1825 βούλησις
1662 1753 1800 1808 Θεοῦ

217 1851 296 1906 δι’
326 1852 394 1921 ἢν
418 1851 597 1904 πάντα
627 1848 695 1903 τὰ
723 1848 853 1902 ὅντα
879 1846 977 1918 τὴν
1010 1837 1193 1916 (173
1216 1844 1267 1913 b)
1296 1845 1607 1917 πρόσφορον
1625 1843 1804 1909 διεξα-

218 1943 416 2013 γωγὴν
447 1939 739 2012 λαμϐάνει.
774 1939 836 1991 Et
877 1937 934 1990 δὲ
982 1937 1119 1990 Θεοῦ
1176 1935 1430 2007 βούλησίς
1489 1937 1660 2000 ἐστιν,
1716 1936 1804 1989 ῑνα

218 2034 415 2097 αὐτοῖς
440 2032 549 2086 τῶν
575 2028 917 2085 διδασκάλων
943 2027 1240 2097 χρήσωμαι
1277 2029 1390 2090 τοῖς
1421 2025 1622 2094 λόγοις,
1651 2028 1803 2081 πᾶσα

218 2126 445 2196 ἀνάγκη
471 2123 614 2179 κατὰ
636 2123 727 2177 τὸν
761 2121 924 2193 ὀρθὸν
959 2121 1120 2190 λόγον
1147 2120 1398 2197 γίνεσθαι
1421 2120 1490 2174 τὰ
1518 2121 1801 2191 γινόμενα,

218 2218 330 2289 τὴν
362 2216 597 2288 κρείττω
628 2216 705 2286 μὴ
747 2213 1114 2285 ὲπιδεχόμενα
1146 2212 1318 2278 τάξιν,
1349 2200 1637 2267 αὐτὸνόῦν
1665 2208 1802 2266 εἶναι

221 2309 539 2380 προνοητὴν
592 2308 656 2360 ὲκ
694 2306 892 2369 παντὸς
934 2305 1136 2376 τρόπου
1169 2306 1343 2358 εἰπεῖν
1383 2303 1744 2374 ὲναχθήσεται
1775 2305 1805 2358 6

221 2400 329 2472 τὴν
370 2398 633 2470 ἀλήθειαν
663 2397 855 2467 ὁδηγὸν
890 2396 1035 2468 ἔχειν
1059 2394 1339 2467 ἑλόμενος,
1366 2395 1425 2449 ὃν
1451 2397 1547 2451 καὶ
1574 2396 1804 2469 ποιητὴν

225 2491 372 2558 ἔγνω
406 2490 513 2543 τῶν
537 2489 708 2542 ὀντων
743 2487 982 2558 ἀληθῶς,
1004 2487 1038 2559 ἢ
1058 2486 1154 2541 τοῦ
1181 2487 1543 2556 πεποιηκότος
1565 2488 1633 2542 τὰ
1654 2487 1802 2554 ὄντα,

227 2582 392 2652 εἴπερ
416 2582 520 2635 κάν
547 2585 659 2645 τοῖς
687 2579 866 2645 ζώοις,
896 2580 1025 2633 ὅταν
1059 2581 1180 2641 ταῖς
1212 2577 1358 2632 κατὰ
1404 2577 1563 2648 λόγον
1592 2580 1806 2648 ἐφόδοις

227 2676 351 2738 τοῖς
374 2669 526 2727 οὖσιν
571 2670 903 2743 ἐμϐαλόντες
947 2668 1105 2740 ἡμῶν
1155 2669 1225 2746 τὸ
1253 2668 1442 2739 νοερὸν
1476 2669 1827 2742 εὑρίσκωμεν

228 2765 491 2836 ἔμφασιν,
546 2764 648 2817 οὐκ
685 2763 897 2832 ἀγενῶς
947 2759 1019 2813 1&
1071 2760 1210 2832 ὑπὲρ
1263 2759 1422 2828 λόγον
1460 2761 1803 2826 είκάξουσαν.

242 2854 459 2909 Ἐκεῖνά
479 2870 540 2906 τε
572 2852 682 2923 γὰρ
715 2851 950 2923 ὁρῶντες
979 2850 1125 2904 κατὰ
1157 2848 1315 2919 γένος
1336 2848 1465 2903 τῶν
1521 2849 1581 2915 se
1625 2850 1806 2904 αὐτῶν

230 2943 481 3012 φυσικῶς
531 2940 961 3013 ὲπιμελούμενα,
1025 2938 1355 3011 θαρροῦντες
1398 2938 1494 2993 καὶ
1528 2941 1690 3011 ἡμεῖς
1713 2941 1805 2994 τὸν

230 3036 368 3107 περὶ
395 3032 489 3088 τοῦ
534 3033 844 3105 προνοητὴν
875 3030 1189 3102 μονώτατον
1220 3027 1360 3085 εἶναι
1386 3030 1477 3084 τὸν
1507 3031 1641 3086 Θεὸν
1671 3033 1809 3087 πάνε-

230 3144 348 3181 των
400 3126 509 3180 τῶν
548 3125 717 3179 όντων
771 3123 890 3195 μετ’
930 3122 1189 3187 εὐσεϐοῦς
1222 3124 1539 3196 παρῤησίας
1570 3124 1811 3190 εὐσεϐῶς

233 3220 453 3282 ἑαυτοῖς
484 3217 640 3286 λόγον
668 3215 1037 3288 διοριζόμεθα,
1070 3216 1167 3269 καλ⁵
1196 3215 1258 3269 οὐ
1291 3214 1401 3269 τῶν
1434 3217 1556 3285 μὲν,
1601 3216 1709 3270 τῶν
1753 3217 1812 3271 δὲ

230 3310 322 3378 οῦ,
377 3311 629 3382 καθάπερ
682 3310 823 3374 τινὲς
876 3308 985 3364 τῶν
1026 3310 1100 3363 τὰ
1156 3309 1261 3376 ἔξω
1308 3309 1811 3380 φιλοσοφησάντων,

234 3403 376 3459 ἀλλὰ
406 3405 625 3457 πάντων
647 3401 807 3474 ὁμοῦ,
836 3401 980 3456 κατὰ
1006 3400 1136 3472 μίαν
1186 3401 1286 3469 τῆς
1336 3399 1672 3471 ἀγαθότητος
1714 3402 1814 3456 καὶ

234 3495 664 3566 ἀπαράλλακτον
697 3492 982 3564 βούλησιν,
1013 3492 1122 3546 τῶν
1153 3508 1214 3545 τε
1264 3491 1495 3545 καθόλου
1552 3492 1652 3546 καὶ
1705 3492 1815 3547 τῶν

236 3587 365 3642 καθ’
393 3587 645 3652 ἕκαστον,
686 3584 889 3648 ειδότες
922 3584 1000 3648 ὡς
1034 3583 1143 3639 τῶν
1186 3583 1333 3638 κατὰ
1380 3582 1546 3655 μέρος
1598 3584 1816 3639 πάντων

234 3676 321 3749 τῷ
349 3676 707 3748 μὴπρονοίας
728 3674 1026 3746 τυγχάνειν
1053 3673 1148 3728 καὶ
1175 3673 1425 3745 φυλακῆς
1446 3673 1545 3743 τῆς
1576 3673 1818 3744 πρεπού-

237 3785 347 3841 σης
384 3767 849 3840 διαφθειρομένων
892 3765 988 3818 καλ⁸
1031 3764 1099 3818 τὰ
1135 3763 1366 3817 καθόλου
1411 3762 1819 3835 συνδιαφθαρη-

239 3877 399 3915 σεται
418 3861 505 3931 (ἐκ
526 3858 635 3930 γὰρ
662 3858 772 3913 τῶν
803 3856 946 3911 κατὰ
981 3855 1152 3928 μέρος
1190 3854 1260 3908 τὰ
1297 3854 1527 3910 καθόλου
1569 3856 1820 3909 συνίστα-

237 3943 661 4021 σθαιιπέφυὲε),
694 3952 793 4022 τὴν
845 3948 974 4019 περὶ
1015 3948 1208 4002 τούτου
1253 3945 1478 4017 λογικὴν
1523 3945 1815 4011 ἀπόδειξιν,

235 4044 335 4098 διὰ
357 4042 456 4114 τῆς
476 4043 699 4110 εὐλόγου
724 4041 1088 4111 ἀντιστροφῆς
1135 4037 1273 4109 πρὸς
1305 4036 1404 4108 τὴν
1432 4036 1689 4108 ἀλήθειαν
1723 4037 1819 4108 69-

238 4134 357 4197 θῶς
381 4133 744 4203 ποδηγοῦσαν,
775 4132 989 4194 ἑαυτοῖς
1016 4128 1468 4201 προϐαλλόμενοι.
1505 4128 1569 4181 El
1600 4127 1709 4199 γὰρ
1751 4127 1820 4182 1&

238 4226 478 4282 καθόλου
512 4228 571 4278 ὲν
592 4227 707 4288 τοῖς
734 4224 878 4278 κατὰ
911 4221 1075 4295 μέρος
1101 4222 1429 4293 ὑφέστηκεν,
1466 4219 1718 4290 οὐδαμῶς
1758 4218 1820 4272 τὸ

1898 400 1955 446 et
1988 393 2249 450 mistione
2280 410 2480 466 expers
2506 396 2842 452 coadunatio
2866 437 2882 461 ,
2919 398 3225 453 secundum
3278 401 3473 454 immu-

1899 490 2066 538 tatam
2119 486 2177 540 in
2229 487 2361 542 totis
2408 488 2792 554 identitatem,
2849 497 2907 544 et
2965 492 3356 559 universorum
3407 492 3474 547 ad

1899 575 2178 640 universa,
2221 592 2292 632 ne
2337 579 2550 650 singula
2596 595 2934 644 recenseam,
2983 582 3266 637 concretio
3312 592 3477 653 atque

1900 668 2181 734 discretio,
2207 672 2704 743 universorumque
2735 681 2791 728 et
2835 674 3035 744 singuli
3083 676 3348 745 cujusque
3386 690 3475 730 se-

1900 762 2140 817 cundum
2165 764 2406 832 speciem
2436 764 2695 820 inviolata
2730 766 3026 832 successio,
3057 781 3164 835 qua
3197 768 3336 822 nihil
3358 782 3476 821 om-

1900 853 2033 909 nino
2074 853 2143 908 de
2173 855 2395 924 propria
2426 870 2491 910 ac
2521 856 2789 925 peculiari
2817 867 3028 910 naturae
3063 856 3274 915 ratione
3307 856 3475 927 perit,

1901 954 1997 1001 aut
2029 961 2153 1001 cum
2197 946 2372 1001 altero
2413 946 2774 1001 confunditur
2807 948 2922 1003 sive
2953 948 3132 1017 ipsum
3167 947 3475 1012 confundit,

1900 1035 2019 1090 hate
2063 1036 2399 1090 .luculenter
2473 1036 2826 1091 manifestam
2888 1037 3074 1091 omnia
3131 1038 3480 1107 providentia

1901 1127 2173 1182 contineri
2215 1128 2522 1184 conditoris
2567 1129 2685 1183 Dei.
2728 1128 2875 1183 Fieri
2910 1129 3057 1184 enim
3106 1144 3216 1183 non
3260 1138 3478 1200 potest,

1902 1217 2036 1287 quin
2069 1219 2232 1283 Deus,
2269 1218 2361 1287 qui
2392 1218 2571 1273 bonus
2600 1226 2705 1285 est,
2738 1232 2851 1272 non
2879 1218 3046 1272 etiam
3080 1218 3362 1273 beneﬁcus
3385 1219 3479 1285 sit,

1893 1320 1998 1365 aut
2026 1311 2119 1380 qui
2153 1310 2434 1366 beneﬁcus
2459 1318 2561 1376 est,
2589 1326 2701 1365 non
2751 1310 2881 1365 item
2927 1309 3226 1380 providens
3261 1311 3333 1365 sit
3361 1326 3484 1364 om-

1903 1400 2056 1464 nino,
2083 1408 2139 1454 et
2159 1401 2293 1471 quin
2335 1410 2627 1470 propterea
2668 1415 2877 1465 rerum,
2908 1409 2969 1455 ut
3000 1415 3100 1470 par
3127 1400 3249 1471 ejus
3272 1400 3484 1456 natura:

1903 1501 2007 1555 est,
2032 1500 2179 1546 tutor
2197 1492 2477 1561 sapienter
2494 1493 2576 1548 eis
2597 1492 3059 1562 quemadmodum
3080 1493 3482 1556 cxsistentiam,

1907 1582 1979 1637 ita
2012 1583 2177 1637 etiam
2213 1598 2401 1639 curam
2438 1583 2663 1639 tribuat.
2707 1583 3059 1638 Providentia
3102 1585 3248 1639 enim
3284 1599 3482 1639 secun-

1906 1674 2037 1728 dum
2081 1674 2272 1729 Patres
2314 1674 2504 1728 divino
2553 1673 2761 1744 Spiritu
2812 1675 3021 1729 amatos
3067 1673 3255 1728 divina
3298 1690 3483 1729 rerum

1907 1764 2225 1835 procuratio
2256 1774 2359 1821 est.
2389 1765 2667 1820 Deﬁniunt
2697 1780 2827 1820 vero
2854 1781 2971 1821 eam
3006 1765 3169 1821 etiam
3207 1766 3279 1820 ita
3312 1783 3326 1819 :
3357 1765 3486 1819 Pro-

1907 1855 2134 1909 ridentia
2162 1855 2258 1908 Dei
2286 1854 2532 1914 voluntas
2561 1864 2636 1910 est
2662 1873 2771 1927 qua
2802 1873 2981 1910 omnes
3011 1872 3093 1910 res
3124 1856 3487 1911 convenienter

1908 1953 2256 2018 peraguntur.
2284 1946 2442 2013 Quod
2482 1948 2529 2003 si
2563 1947 2662 2002 Dei
2691 1955 2776 2003 est
2799 1948 3073 2010 voluntas,
3103 1955 3164 2000 nt
3208 1946 3341 2015 ipsis
3386 1945 3485 1999 do-

1908 2044 2121 2092 ctorum
2151 2038 2340 2093 verbis
2362 2046 2509 2103 utar,
2549 2053 2775 2093 necesse
2808 2046 2892 2093 est
2919 2037 3147 2092 omnino
3175 2045 3323 2103 utea
3359 2052 3483 2106 quae

1874 2140 1877 2141 '
1908 2128 2051 2185 ﬁunt
2076 2137 2221 2184 recta
2246 2129 2460 2184 ratione
2495 2127 2647 2193 ﬁant,
2671 2128 2809 2183 adeo
2840 2137 2902 2183 ut
2925 2129 3208 2183 meliorem
3234 2128 3483 2183 ordinem

1908 2236 2018 2276 non
2048 2229 2386 2291 exspectent,
2420 2227 2481 2275 ut
2511 2220 2690 2291 ipsum
2726 2220 2894 2291 igitur
2923 2221 3265 2291 provisorem
3299 2220 3485 2276 dicere

1909 2314 2058 2369 omni
2081 2313 2244 2368 modo
2266 2313 2532 2368 invitetur
2552 2314 2647 2383 qui
2670 2314 2902 2368 veritate
2929 2313 3030 2368 via:
3049 2313 3187 2368 duce
3211 2313 3287 2367 uti
3314 2313 3482 2377 volet,

1909 2420 2076 2477 quem
2105 2413 2163 2459 et
2189 2404 2533 2460 conditorem
2569 2420 2777 2469 rerum,
2812 2412 2907 2459 aut
2945 2404 3102 2473 cujus
3142 2418 3267 2458 esse
3296 2403 3486 2458 condi-

1910 2493 2046 2548 toris
2078 2492 2175 2547 Dei
2209 2508 2296 2547 res
2324 2499 2472 2547 recte
2501 2493 2792 2562 cognovit;
2837 2492 3285 2562 quandoquidem
3313 2491 3399 2547 vel
3428 2492 3484 2546 in

1912 2582 2264 2648 animalibus,
2290 2597 2414 2637 cum
2445 2581 2789 2636 rationalium
2817 2582 3309 2636 instrumentorum
3333 2596 3488 2635 men-

1912 2673 1984 2728 tis
2022 2688 2126 2743 ope
2178 2674 2233 2728 in
2282 2687 2371 2727 res
2422 2673 2762 2742 inquirentes
2802 2672 3148 2726 inveniamus
3192 2671 3484 2742 imaginem

1911 2762 2060 2818 haud
2106 2763 2330 2834 indigne
2362 2777 2427 2818 ea
2472 2779 2595 2833 quae
2638 2779 2801 2833 supra
2848 2763 3115 2818 rationem
3161 2769 3289 2816 sunt
3318 2777 3490 2835 acmu-

1911 2854 2136 2910 lantem.
2171 2855 2269 2909 Illa
2312 2855 2458 2910 enim
2491 2856 2622 2909 dum
2654 2871 2755 2925 pro
2800 2870 3001 2926 genere
3032 2870 3144 2909 sua:
3186 2854 3357 2924 prolis
3393 2870 3487 2909 na-

1833 2970 1877 3030 c
1915 2944 2165 2999 turaliter
2214 2959 2401 2999 curam
2452 2944 2658 2999 habere
2708 2944 2995 3007 videmus,
3051 2945 3229 3000 securi
3283 2953 3341 3000 et
3385 2960 3489 2999 nos

1914 3034 2062 3107 quod
2102 3049 2244 3090 unus
2273 3035 2418 3089 Deus
2462 3034 2629 3089 rebus
2657 3035 2916 3090 omnibus
2943 3044 3164 3105 praastet
3199 3037 3491 3106 providen-

1915 3129 2045 3184 tiam
2090 3143 2216 3183 cum
2262 3128 2351 3196 pia
2386 3126 2641 3181 libertate
2688 3127 2777 3196 pie
2830 3127 2993 3182 nobis
3040 3127 3174 3197 ipsis
3218 3128 3488 3184 rationem

1917 3220 2232 3285 deﬁnimus,
2270 3218 2434 3288 idque
2488 3234 2598 3272 non
2663 3218 2803 3288 parti
2864 3219 3063 3285 solum,
3123 3220 3335 3275 cteleris
3379 3235 3489 3274 non

1918 3312 2086 3378 item,
2136 3310 2413 3382 quomodo
2458 3310 2680 3380 quidam
2733 3310 2801 3365 de
2856 3300 3096 3366 ethnicis
3143 3311 3492 3382 philosophis
3566 3326 3575 3332 ‘

1918 3414 2186 3470 statuunt,
2217 3404 2313 3461 sed
2343 3403 2647 3461 secundum
2680 3402 2896 3457 unicam
2924 3403 3185 3458 bonitatis
3211 3412 3267 3457 et
3294 3403 3494 3456 immu-

1920 3496 2146 3552 tabilem
2190 3497 2552 3557 voluntatem,
2590 3493 2805 3548 cunctis
2850 3493 3140 3563 aequaliter
3184 3494 3240 3548 in
3274 3494 3494 3548 univer-

1920 3603 2041 3645 sum
2069 3595 2126 3643 et
2157 3585 2492 3658 singulatim,
2522 3584 2663 3639 bene
2706 3585 2860 3653 gnari
2885 3583 3055 3653 quod,
3089 3584 3133 3638 si
3165 3599 3274 3638 non
3304 3600 3491 3655 parem

1920 3679 2135 3750 singula
2160 3692 2388 3748 quaaque
2411 3675 2812 3746 providentiam
2839 3684 3003 3747 atque
3035 3676 3286 3731 idoneam
3313 3685 3496 3733 custo-

1921 3769 2067 3824 diam
2101 3768 2416 3832 habuerint,
2451 3767 2764 3822 necessario
2800 3782 2909 3821 una
2939 3767 3107 3823 etiam
3156 3777 3351 3823 cuncta
3398 3784 3496 3839 pe-

1922 3861 2098 3915 ritura
2126 3859 2238 3913 sint
2267 3857 2413 3929 (nam
2441 3871 2509 3911 ex
2534 3856 2765 3927 singulis
2793 3856 3123 3912 universitas
3145 3856 3405 3930 constat),
3439 3867 3497 3913 et

1922 3950 2248 4005 rationalem
2300 3948 2465 4019 hujus
2517 3946 2597 4002 rei
2651 3945 3194 4013 demonstrationem,
3233 3962 3354 4017 quae
3399 3963 3498 4017 per

1923 4040 2175 4096 idoneam
2225 4038 2593 4094 inversionem
2639 4036 2706 4091 ad
2759 4037 3047 4093 veritatem
3101 4037 3206 4093 rite
3251 4038 3496 4103 deducit,

1924 4132 2028 4189 sibi
2062 4139 2451 4203 proponentes.
2479 4129 2615 4184 Nam
2651 4129 2695 4184 si
2729 4130 2987 4185 universa
3022 4129 3078 4185 in
3107 4130 3339 4202 singulis
3363 4146 3497 4187 con-

1924 4231 2091 4287 stant,
2119 4236 2300 4292 neque
2328 4219 2443 4275 ullo
2473 4219 2636 4274 modo
2664 4235 2763 4289 per
2792 4234 2850 4274 se
2882 4219 3000 4290 ipsa
3027 4235 3147 4277 esse
3179 4230 3342 4293 atque
3369 4238 3501 4278 con-

240 4316 513 4388 παράπαν
535 4314 628 4368 τὸν
652 4313 748 4367 τοῦ
770 4302 904 4366 ’καθ’
927 4311 1070 4366 αὐτὰ
1099 4307 1236 4364 εἶναι
1271 4325 1332 4362 τε
1378 4309 1471 4362 καὶ
1520 4309 1810 4377 ὑφεστάναι

1923 4321 2089 4379 stare,
2117 4319 2409 4383 postquam
2439 4311 2652 4381 singula
2682 4310 3016 4387 interierint,
3047 4311 3274 4382 cogitari
3303 4314 3502 4368 admit-

240 4410 404 4477 λόγον
435 4406 620 4479 (174
649 4408 705 4475 a)
736 4403 1099 4476 ὲπιδεχόμενα
1144 4401 1257 4458 τῶν
1303 4402 1445 4455 κατά
1481 4400 1645 4471 μέρος
1702 4399 1821 4452 δια-

242 4501 644 4572 φθειρομένων,
667 4497 829 4573 παντί
850 4513 955 4549 που
980 4494 1140 4563 δῆλόν
1165 4497 1313 4551 ἑστιν
1339 4492 1414 4556 ὡς
1441 4491 1563 4545 οὐδὲ
1591 4491 1662 4545 τὰ
1691 4491 1824 4569 καθ·

245 4594 375 4648 όλου
409 4593 687 4663 ότήσεται.
720 4588 804 4642 Τά
845 4588 987 4659 μέρη
1022 4588 1132 4658 γὰρ
1169 4587 1226 4638 ὲν
1270 4586 1394 4648 ταῖς
1440 4584 1675 4655 ὀλότησι,
1727 4583 1822 4636 καὶ

242 4686 304 4740 al
338 4684 597 4755 ὁλότητες
636 4684 696 4736 ὲν
716 4683 827 4745 τοῖς
861 4680 1054 4751 μέρεσι
1085 4677 1177 4731 καὶ
1203 4677 1310 4730 εἰσὶ
1341 4677 1434 4730 καὶ
1460 4676 1821 4746 ὐφεστήκασι.

244 4779 361 4832 Καὶ
393 4776 566 4839 οὐδεὶς
588 4775 807 4845 ἀντερεῖ
826 4773 986 4841 λόγος
1004 4789 1019 4804 ο
1050 4769 1188 4841 πλὴν
1214 4770 1297 4824 ὅτι
1318 4767 1423 4822 ὐπὸ
1443 4768 1542 4839 τῆς
1566 4767 1823 4838 ἀληθείας

239 4871 437 4941 ὥσπερ
460 4868 821 4940 δεσμούμενοι
850 4866 1077 4928 ἄκοντες
1108 4865 1205 4917 καὶ
1234 4862 1389 4916 αὐτοὶ
1420 4861 1522 4931 τῆς
1567 4861 1824 4932 προνοίας

241 4958 347 5030 τὴν
373 4956 601 5028 δύναμιν
622 4954 1006 5025 ὲξαγγέλλουσι
1032 4952 1127 5007 καὶ
1148 4952 1235 5006 διὰ
1261 4950 1480 5006 πάντων
1501 4950 1707 5021 διήκειν
1721 4966 1824 5004 κα-

240 5046 648 5112 τασκευάζουσι
673 5048 741 5102 δι’
774 5039 849 5100 ὧν
878 5044 1064 5103 αὐτοῖς
1110 5040 1581 5096 κατεσπούδασαν.
1621 5041 1823 5107 Λέγον-

238 5157 340 5201 τες
373 5139 482 5212 γάρ
514 5139 624 5193 ὐπὸ
650 5139 746 5209 τῆς
774 5138 1031 5208 προνοίας
1053 5134 1280 5205 ἄγεσθαι
1309 5133 1446 5204 μόνα
1477 5133 1545 5187 τὰ
1572 5123 1821 5199 καθόλου,

240 5232 540 5303 λελήθασιν
574 5231 804 5294 ἑαυτοὺς
834 5229 928 5284 καὶ
968 5229 1076 5283 τῶν
1116 5226 1258 5283 κατὰ
1302 5226 1468 5298 μέρος
1504 5221 1648 5280 εἶναι
1690 5225 1824 5295 πρό-

241 5341 400 5379 νοιαν
425 5323 699 5392 λέγοντες,
728 5322 788 5387 ἐξ
819 5323 1069 5390 ἀνάγκης
1096 5319 1233 5392 πρὸς
1282 5319 1383 5390 τὴν
1426 5318 1705 5390 ἀλήθειαν,
1759 5316 1826 5387 ἢν

242 5415 476 5485 φεύγειν
522 5414 937 5480 σπουδάζουσιν,
983 5412 1340 5483 ὑπαγόμενοι.
1398 5411 1458 5464 Εἰ
1509 5409 1617 5479 γὰρ
1663 5409 1825 5478 χάριν

328 5600 368 5632 ¹⁰
402 5604 587 5670 σοφοῖς
624 5570 747 5656 c‘od.
781 5600 923 5657 Gud.

1928 4406 2289 4471 tunt,‘nemo,
2319 4410 2472 4474 puto,
2500 4417 2611 4457 non
2644 4401 2856 4457 videbit
2882 4417 2987 4484 nec
3028 4403 3144 4473 ipsa
3175 4418 3336 4475 posse
3378 4407 3503 4461 uni-

1924 4511 2082 4551 versa
2115 4503 2281 4550 stare.
2312 4494 2504 4548 Partes
2533 4493 2682 4548 enim
2720 4492 2773 4547 in
2820 4492 3051 4557 totitate,
3081 4501 3138 4547 et
3170 4493 3414 4549 totitates
3445 4496 3498 4551 in

1878 4601 1895 4613 ·
1925 4585 2174 4655 partibus
2194 4592 2303 4639 tam
2330 4589 2458 4638 sunt
2480 4596 2644 4652 quam
2670 4581 2997 4636 subsistunt.
3019 4581 3207 4651 Neque
3229 4582 3337 4637 ulla
3362 4582 3501 4637 ratio
3577 4589 3581 4593 ’

1926 4678 2284 4747 obloquetur;
2313 4673 2420 4729 nisi
2446 4673 2593 4743 quod
2619 4688 2651 4727 a
2672 4673 2903 4728 veritate
2933 4679 3189 4741 tanquam
3216 4673 3499 4729 constricti

1925 4771 2084 4826 inviti
2113 4771 2200 4824 vel
2236 4768 2341 4839 ipsi
2383 4766 2745 4837 providentia:
2777 4765 2888 4819 vim
2923 4764 3223 4834 praedicant
3255 4780 3354 4835 per
3386 4781 3505 4820 om-

1923 4862 2016 4917 nia
2044 4874 2270 4917 currere
2294 4867 2461 4928 atque
2492 4864 2747 4912 astruunt
2775 4871 2876 4926 per
2899 4870 2964 4910 ea
2994 4855 3196 4925 quibus
3230 4855 3333 4910 sibi
3360 4864 3504 4909 sata-

1925 4959 2080 5024 gunt.
2118 4949 2376 5005 Dicentes
2403 4947 2551 5003 enim
2577 4962 2606 5000 a
2637 4945 2983 5016 providentia
3007 4945 3352 5000 solummodo
3382 4945 3505 5000 uni-

1923 5056 2086 5098 versa
2131 5038 2294 5104 duci,
2342 5035 2702 5108 providentiae
2748 5035 2803 5089 in
2861 5036 3386 5090 commemoratione
3445 5049 3504 5090 se

1927 5135 2076 5205 ipsos
2116 5119 2239 5187 esse
2272 5129 2574 5201 particulas
2617 5126 3039 5191 obliviscuntur,
3077 5127 3411 5182 necessitate.
3434 5127 3501 5180 ad

1921 5224 2232 5288 veritatem,
2263 5235 2427 5291 quam
2459 5218 2707 5273 devitarc
2736 5217 2981 5282 student,
3015 5216 3259 5272 deducti.
3291 5218 3425 5272 Nam
3456 5217 3502 5272 si
3560 5282 3570 5293 D

1923 5313 2285 5387 perennitatis
2315 5311 2489 5383 gratia
2522 5310 2780 5365 universa
2827 5317 3056 5363 censent
3101 5309 3502 5379 providentiam

1925 5407 2148 5472 mereri,
2179 5420 2298 5461 eam
2328 5403 2503 5458 multo
2545 5400 2711 5457 citius
2749 5400 2949 5454 mereri
2993 5400 3204 5472 singula
3232 5407 3503 5467 statuunt,

1535 5525 1769 5580 VARI/I3.
1815 5523 2218 5581 ItECTlONES.
