  <div class='ocr_page' id='page_1' title='image "/cluster/home/n/w/nwhite01/storage/ocr_20150623/91/hvd.32044052742962/599.png"; bbox 0 0 3984 6198; ppageno 0'>
   <div class='ocr_carea' id='block_1_1' title="bbox 518 5402 525 5446">
    <p class='ocr_par' dir='ltr' id='par_1_1' title="bbox 518 5402 525 5446">
     <span class='ocr_line' id='line_1_1' title="bbox 518 5402 525 5446; baseline 0 0"><span class='ocrx_word' id='word_1_1' title='bbox 518 5402 525 5446; x_wconf 87' lang='lat' dir='ltr'><strong>i</strong></span> 
     </span>
    </p>
   </div>
   <div class='ocr_carea' id='block_1_2' title="bbox 567 177 701 245">
    <p class='ocr_par' dir='ltr' id='par_1_2' title="bbox 567 177 701 245">
     <span class='ocr_line' id='line_1_2' title="bbox 567 177 701 245; baseline 0.007 -1"><span class='ocrx_word' id='word_1_2' title='bbox 567 177 701 245; x_wconf 79' lang='lat'><strong>1191</strong></span> 
     </span>
    </p>
   </div>
   <div class='ocr_carea' id='block_1_3' title="bbox 1716 170 2650 239">
    <p class='ocr_par' dir='ltr' id='par_1_3' title="bbox 1716 170 2650 239">
     <span class='ocr_line' id='line_1_3' title="bbox 1716 170 2650 239; baseline -0.009 1"><span class='ocrx_word' id='word_1_3' title='bbox 1716 179 1777 239; x_wconf 90' lang='lat' dir='ltr'><strong>S.</strong></span> <span class='ocrx_word' id='word_1_4' title='bbox 1818 173 2104 237; x_wconf 81' lang='lat' dir='ltr'><strong>MAXIMI</strong></span> <span class='ocrx_word' id='word_1_5' title='bbox 2144 170 2650 233; x_wconf 84' lang='lat' dir='ltr'><strong>CONFESSORIS</strong></span> 
     </span>
    </p>
   </div>
   <div class='ocr_carea' id='block_1_4' title="bbox 3626 176 3732 244">
    <p class='ocr_par' dir='ltr' id='par_1_4' title="bbox 3626 176 3732 244">
     <span class='ocr_line' id='line_1_4' title="bbox 3626 176 3732 244; baseline 0.028 -3"><span class='ocrx_word' id='word_1_6' title='bbox 3626 176 3732 244; x_wconf 73' lang='lat'><strong>1192</strong></span> 
     </span>
    </p>
   </div>
   <div class='ocr_carea' id='block_1_5' title="bbox 567 283 2137 367">
    <p class='ocr_par' dir='ltr' id='par_1_5' title="bbox 567 288 2137 367">
     <span class='ocr_line' id='line_1_5' title="bbox 567 288 2137 367; baseline -0.008 -16"><span class='ocrx_word' id='word_1_7' title='bbox 567 299 622 351; x_wconf 90' lang='lat' dir='ltr'><strong>in</strong></span> <span class='ocrx_word' id='word_1_8' title='bbox 653 297 857 367; x_wconf 84' lang='lat' dir='ltr'><strong>quibus</strong></span> <span class='ocrx_word' id='word_1_9' title='bbox 889 305 997 351; x_wconf 91' lang='lat' dir='ltr'><strong>stat</strong></span> <span class='ocrx_word' id='word_1_10' title='bbox 1029 297 1414 352; x_wconf 87' lang='lat' dir='ltr'><strong>universorum</strong></span> <span class='ocrx_word' id='word_1_11' title='bbox 1449 292 1766 365; x_wconf 84' lang='lat' dir='ltr'><strong>perennitas</strong></span> <span class='ocrx_word' id='word_1_12' title='bbox 1793 297 1849 344; x_wconf 94' lang='lat' dir='ltr'><strong>et</strong></span> <span class='ocrx_word' id='word_1_13' title='bbox 1890 288 2137 341; x_wconf 81' lang='lat' dir='ltr'><strong>substan-</strong></span> 
     </span>
    </p>
   </div>
   <div class='ocr_carea' id='block_1_6' title="bbox 2235 283 3727 367">
    <p class='ocr_par' dir='ltr' id='par_1_6' title="bbox 2242 283 3727 355">
     <span class='ocr_line' id='line_1_6' title="bbox 2242 283 3727 355; baseline 0.006 -19"><span class='ocrx_word' id='word_1_14' title='bbox 2242 284 2501 354; x_wconf 82' lang='grc' dir='ltr'><strong>διαμονῆς</strong></span> <span class='ocrx_word' id='word_1_15' title='bbox 2523 284 2591 336; x_wconf 83' lang='grc' dir='ltr'><strong>τά</strong></span> <span class='ocrx_word' id='word_1_16' title='bbox 2617 284 2846 337; x_wconf 77' lang='grc' dir='ltr'><strong>καθόλου</strong></span> <span class='ocrx_word' id='word_1_17' title='bbox 2879 283 3134 355; x_wconf 79' lang='grc' dir='ltr'><strong>προνοίας</strong></span> <span class='ocrx_word' id='word_1_18' title='bbox 3165 283 3430 349; x_wconf 79' lang='grc' dir='ltr'>ἀξιοῦτθαί</span> <span class='ocrx_word' id='word_1_19' title='bbox 3467 303 3596 355; x_wconf 81' lang='grc' dir='ltr'>φασι,</span> <span class='ocrx_word' id='word_1_20' title='bbox 3632 294 3727 346; x_wconf 76' lang='grc' dir='ltr'>ταύ-</span> 
     </span>
    </p>
   </div>
   <div class='ocr_carea' id='block_1_7' title="bbox 566 384 2141 455">
    <p class='ocr_par' dir='ltr' id='par_1_7' title="bbox 566 384 2141 455">
     <span class='ocr_line' id='line_1_7' title="bbox 566 384 2141 455; baseline -0.006 -13"><span class='ocrx_word' id='word_1_21' title='bbox 566 389 660 443; x_wconf 91' lang='lat' dir='ltr'><strong>tia.</strong></span> <span class='ocrx_word' id='word_1_22' title='bbox 691 388 908 442; x_wconf 84' lang='lat' dir='ltr'><strong>Etenim</strong></span> <span class='ocrx_word' id='word_1_23' title='bbox 940 387 1102 440; x_wconf 84' lang='lat' dir='ltr'><strong>simul</strong></span> <span class='ocrx_word' id='word_1_24' title='bbox 1147 387 1459 442; x_wconf 78' lang='lat' dir='ltr'><strong>afﬁciuntur</strong></span> <span class='ocrx_word' id='word_1_25' title='bbox 1502 384 1867 455; x_wconf 88' lang='lat' dir='ltr'><strong>perennitate,</strong></span> <span class='ocrx_word' id='word_1_26' title='bbox 1916 390 2141 450; x_wconf 79' lang='lat' dir='ltr'><strong>propter</strong></span> 
     </span>
    </p>
   </div>
   <div class='ocr_carea' id='block_1_8' title="bbox 564 473 2137 535">
    <p class='ocr_par' dir='ltr' id='par_1_8' title="bbox 564 473 2137 535">
     <span class='ocr_line' id='line_1_8' title="bbox 564 473 2137 535; baseline -0.004 -4"><span class='ocrx_word' id='word_1_27' title='bbox 564 477 869 531; x_wconf 90' lang='lat' dir='ltr'><strong>naturalem</strong></span> <span class='ocrx_word' id='word_1_28' title='bbox 915 485 971 530; x_wconf 91' lang='lat' dir='ltr'><strong>et</strong></span> <span class='ocrx_word' id='word_1_29' title='bbox 1005 476 1441 531; x_wconf 89' lang='lat' dir='ltr'><strong>indissolubilem</strong></span> <span class='ocrx_word' id='word_1_30' title='bbox 1472 477 1618 530; x_wconf 91' lang='lat' dir='ltr'><strong>inter</strong></span> <span class='ocrx_word' id='word_1_31' title='bbox 1646 490 1765 529; x_wconf 91' lang='lat' dir='ltr'><strong>sese</strong></span> <span class='ocrx_word' id='word_1_32' title='bbox 1797 473 2137 535; x_wconf 83' lang='lat' dir='ltr'><strong>relationem,</strong></span> 
     </span>
    </p>
   </div>
   <div class='ocr_carea' id='block_1_9' title="bbox 567 555 2142 636">
    <p class='ocr_par' dir='ltr' id='par_1_9' title="bbox 567 555 2142 636">
     <span class='ocr_line' id='line_1_9' title="bbox 567 555 2142 636; baseline -0.001 -18"><span class='ocrx_word' id='word_1_33' title='bbox 567 566 637 619; x_wconf 87' lang='lat' dir='ltr'><strong>ita</strong></span> <span class='ocrx_word' id='word_1_34' title='bbox 675 576 735 619; x_wconf 91' lang='lat' dir='ltr'><strong>ut</strong></span> <span class='ocrx_word' id='word_1_35' title='bbox 763 567 937 620; x_wconf 89' lang='lat' dir='ltr'><strong>altero</strong></span> <span class='ocrx_word' id='word_1_36' title='bbox 963 567 1018 620; x_wconf 91' lang='lat' dir='ltr'><strong>in</strong></span> <span class='ocrx_word' id='word_1_37' title='bbox 1047 555 1452 636; x_wconf 68' lang='lat' dir='ltr'><strong>perennitatem</strong></span> <span class='ocrx_word' id='word_1_38' title='bbox 1495 573 1842 628; x_wconf 86' lang='lat' dir='ltr'><strong>conservato,</strong></span> <span class='ocrx_word' id='word_1_39' title='bbox 1869 579 1972 619; x_wconf 90' lang='lat' dir='ltr'><strong>nec</strong></span> <span class='ocrx_word' id='word_1_40' title='bbox 2006 563 2142 617; x_wconf 88' lang='lat' dir='ltr'><strong>alte-</strong></span> 
     </span>
    </p>
   </div>
   <div class='ocr_carea' id='block_1_10' title="bbox 565 657 2139 720">
    <p class='ocr_par' dir='ltr' id='par_1_10' title="bbox 565 657 2139 720">
     <span class='ocr_line' id='line_1_10' title="bbox 565 657 2139 720; baseline -0.001 -12"><span class='ocrx_word' id='word_1_41' title='bbox 565 672 684 709; x_wconf 91' lang='lat' dir='ltr'><strong>rum</strong></span> <span class='ocrx_word' id='word_1_42' title='bbox 733 657 801 710; x_wconf 90' lang='lat' dir='ltr'><strong>ab</strong></span> <span class='ocrx_word' id='word_1_43' title='bbox 851 657 953 711; x_wconf 89' lang='lat' dir='ltr'><strong>bac</strong></span> <span class='ocrx_word' id='word_1_44' title='bbox 985 658 1232 713; x_wconf 90' lang='lat' dir='ltr'><strong>custodia</strong></span> <span class='ocrx_word' id='word_1_45' title='bbox 1279 659 1456 713; x_wconf 90' lang='lat' dir='ltr'><strong>aliena</strong></span> <span class='ocrx_word' id='word_1_46' title='bbox 1501 671 1642 720; x_wconf 89' lang='lat' dir='ltr'><strong>esse,</strong></span> <span class='ocrx_word' id='word_1_47' title='bbox 1678 665 1735 711; x_wconf 90' lang='lat' dir='ltr'><strong>et</strong></span> <span class='ocrx_word' id='word_1_48' title='bbox 1781 669 1972 710; x_wconf 87' lang='lat' dir='ltr'><strong>rursus</strong></span> <span class='ocrx_word' id='word_1_49' title='bbox 2014 668 2139 708; x_wconf 89' lang='lat' dir='ltr'><strong>cum</strong></span> 
     </span>
    </p>
   </div>
   <div class='ocr_carea' id='block_1_11' title="bbox 565 745 2142 816">
    <p class='ocr_par' dir='ltr' id='par_1_11' title="bbox 565 745 2142 816">
     <span class='ocr_line' id='line_1_11' title="bbox 565 745 2142 816; baseline 0.002 -19"><span class='ocrx_word' id='word_1_50' title='bbox 565 745 799 798; x_wconf 90' lang='lat' dir='ltr'><strong>alterum</strong></span> <span class='ocrx_word' id='word_1_51' title='bbox 847 746 950 799; x_wconf 88' lang='lat' dir='ltr'><strong>bac</strong></span> <span class='ocrx_word' id='word_1_52' title='bbox 997 749 1359 816; x_wconf 86' lang='lat' dir='ltr'><strong>perennitatis</strong></span> <span class='ocrx_word' id='word_1_53' title='bbox 1406 748 1654 804; x_wconf 88' lang='lat' dir='ltr'><strong>custodia</strong></span> <span class='ocrx_word' id='word_1_54' title='bbox 1699 745 1990 808; x_wconf 82' lang='lat' dir='ltr'><strong>exciderit,</strong></span> <span class='ocrx_word' id='word_1_55' title='bbox 2041 759 2142 800; x_wconf 90' lang='lat' dir='ltr'><strong>nec</strong></span> 
     </span>
    </p>
   </div>
   <div class='ocr_carea' id='block_1_12' title="bbox 565 835 2144 908">
    <p class='ocr_par' dir='ltr' id='par_1_12' title="bbox 565 835 2144 908">
     <span class='ocr_line' id='line_1_12' title="bbox 565 835 2144 908; baseline 0 -21"><span class='ocrx_word' id='word_1_56' title='bbox 565 835 800 888; x_wconf 89' lang='lat' dir='ltr'><strong>alterum</strong></span> <span class='ocrx_word' id='word_1_57' title='bbox 831 851 894 890; x_wconf 90' lang='lat' dir='ltr'><strong>ea</strong></span> <span class='ocrx_word' id='word_1_58' title='bbox 939 837 1078 892; x_wconf 80' lang='lat' dir='ltr'><strong>allici</strong></span> <span class='ocrx_word' id='word_1_59' title='bbox 1113 839 1296 894; x_wconf 81' lang='lat' dir='ltr'><strong>dicere</strong></span> <span class='ocrx_word' id='word_1_60' title='bbox 1334 855 1432 908; x_wconf 91' lang='lat' dir='ltr'><strong>par</strong></span> <span class='ocrx_word' id='word_1_61' title='bbox 1465 839 1557 892; x_wconf 85' lang='lat' dir='ltr'><strong>sit.</strong></span> <span class='ocrx_word' id='word_1_62' title='bbox 1588 837 1786 891; x_wconf 89' lang='lat' dir='ltr'><strong>Tribus</strong></span> <span class='ocrx_word' id='word_1_63' title='bbox 1813 851 1944 890; x_wconf 91' lang='lat' dir='ltr'><strong>vero</strong></span> <span class='ocrx_word' id='word_1_64' title='bbox 1973 835 2144 904; x_wconf 88' lang='lat' dir='ltr'><strong>polis-</strong></span> 
     </span>
    </p>
   </div>
   <div class='ocr_carea' id='block_1_13' title="bbox 562 923 2142 996">
    <p class='ocr_par' dir='ltr' id='par_1_13' title="bbox 562 923 2142 996">
     <span class='ocr_line' id='line_1_13' title="bbox 562 923 2142 996; baseline 0.002 -20"><span class='ocrx_word' id='word_1_65' title='bbox 562 923 764 978; x_wconf 89' lang='lat' dir='ltr'><strong>simum</strong></span> <span class='ocrx_word' id='word_1_66' title='bbox 793 925 970 979; x_wconf 89' lang='lat' dir='ltr'><strong>modis</strong></span> <span class='ocrx_word' id='word_1_67' title='bbox 993 927 1166 983; x_wconf 89' lang='lat' dir='ltr'><strong>Deum</strong></span> <span class='ocrx_word' id='word_1_68' title='bbox 1193 929 1452 981; x_wconf 91' lang='lat' dir='ltr'><strong>omnibus</strong></span> <span class='ocrx_word' id='word_1_69' title='bbox 1476 927 1765 996; x_wconf 70' lang='lat' dir='ltr'><strong>providere</strong></span> <span class='ocrx_word' id='word_1_70' title='bbox 1793 935 2010 995; x_wconf 82' lang='lat' dir='ltr'><strong>negant.</strong></span> <span class='ocrx_word' id='word_1_71' title='bbox 2035 925 2142 979; x_wconf 84' lang='lat' dir='ltr'><strong>Aut</strong></span> 
     </span>
    </p>
   </div>
   <div class='ocr_carea' id='block_1_14' title="bbox 561 1015 2140 1088">
    <p class='ocr_par' dir='ltr' id='par_1_14' title="bbox 561 1015 2140 1088">
     <span class='ocr_line' id='line_1_14' title="bbox 561 1015 2140 1088; baseline 0.002 -22"><span class='ocrx_word' id='word_1_72' title='bbox 561 1015 708 1067; x_wconf 91' lang='lat' dir='ltr'><strong>enim</strong></span> <span class='ocrx_word' id='word_1_73' title='bbox 746 1016 997 1085; x_wconf 80' lang='lat' dir='ltr'><strong>ignorare</strong></span> <span class='ocrx_word' id='word_1_74' title='bbox 1039 1033 1164 1072; x_wconf 90' lang='lat' dir='ltr'><strong>eum</strong></span> <span class='ocrx_word' id='word_1_75' title='bbox 1207 1019 1567 1088; x_wconf 71' lang='lat' dir='ltr'><strong>providentia:</strong></span> <span class='ocrx_word' id='word_1_76' title='bbox 1600 1019 1742 1072; x_wconf 90' lang='lat' dir='ltr'><strong>viam</strong></span> <span class='ocrx_word' id='word_1_77' title='bbox 1783 1033 1846 1071; x_wconf 92' lang='lat' dir='ltr'><strong>ac</strong></span> <span class='ocrx_word' id='word_1_78' title='bbox 1877 1017 2140 1070; x_wconf 81' lang='lat' dir='ltr'><strong>rationem</strong></span> 
     </span>
    </p>
   </div>
   <div class='ocr_carea' id='block_1_15' title="bbox 562 1106 2143 1178">
    <p class='ocr_par' dir='ltr' id='par_1_15' title="bbox 562 1106 2143 1178">
     <span class='ocr_line' id='line_1_15' title="bbox 562 1106 2143 1178; baseline 0.001 -20"><span class='ocrx_word' id='word_1_79' title='bbox 562 1106 777 1169; x_wconf 89' lang='lat' dir='ltr'><strong>dicunt,</strong></span> <span class='ocrx_word' id='word_1_80' title='bbox 808 1117 903 1162; x_wconf 85' lang='lat' dir='ltr'><strong>aut</strong></span> <span class='ocrx_word' id='word_1_81' title='bbox 936 1109 1101 1172; x_wconf 85' lang='lat' dir='ltr'><strong>nolle,</strong></span> <span class='ocrx_word' id='word_1_82' title='bbox 1135 1117 1229 1162; x_wconf 87' lang='lat' dir='ltr'><strong>aut</strong></span> <span class='ocrx_word' id='word_1_83' title='bbox 1263 1125 1369 1163; x_wconf 91' lang='lat' dir='ltr'><strong>non</strong></span> <span class='ocrx_word' id='word_1_84' title='bbox 1414 1125 1595 1178; x_wconf 86' lang='lat' dir='ltr'><strong>posse.</strong></span> <span class='ocrx_word' id='word_1_85' title='bbox 1629 1109 1734 1163; x_wconf 89' lang='lat' dir='ltr'><strong>Sed</strong></span> <span class='ocrx_word' id='word_1_86' title='bbox 1753 1108 2028 1176; x_wconf 85' lang='lat' dir='ltr'><strong>profecto,</strong></span> <span class='ocrx_word' id='word_1_87' title='bbox 2058 1123 2143 1161; x_wconf 85' lang='lat' dir='ltr'><strong>se-</strong></span> 
     </span>
    </p>
   </div>
   <div class='ocr_carea' id='block_1_16' title="bbox 562 1199 2142 1267">
    <p class='ocr_par' dir='ltr' id='par_1_16' title="bbox 562 1199 2142 1267">
     <span class='ocr_line' id='line_1_16' title="bbox 562 1199 2142 1267; baseline 0.001 -17"><span class='ocrx_word' id='word_1_88' title='bbox 562 1199 804 1252; x_wconf 87' lang='lat' dir='ltr'><strong>cundum</strong></span> <span class='ocrx_word' id='word_1_89' title='bbox 829 1214 1153 1254; x_wconf 86' lang='lat' dir='ltr'><strong>communes</strong></span> <span class='ocrx_word' id='word_1_90' title='bbox 1177 1201 1425 1254; x_wconf 89' lang='lat' dir='ltr'><strong>omnium</strong></span> <span class='ocrx_word' id='word_1_91' title='bbox 1455 1201 1708 1255; x_wconf 82' lang='lat' dir='ltr'><strong>n0tioncs</strong></span> <span class='ocrx_word' id='word_1_92' title='bbox 1736 1200 1913 1254; x_wconf 89' lang='lat' dir='ltr'><strong>bonus</strong></span> <span class='ocrx_word' id='word_1_93' title='bbox 1938 1208 1993 1252; x_wconf 89' lang='lat' dir='ltr'><strong>et</strong></span> <span class='ocrx_word' id='word_1_94' title='bbox 2020 1199 2142 1267; x_wconf 90' lang='lat' dir='ltr'><strong>plus</strong></span> 
     </span>
    </p>
   </div>
   <div class='ocr_carea' id='block_1_17' title="bbox 564 1287 2143 1359">
    <p class='ocr_par' dir='ltr' id='par_1_17' title="bbox 564 1287 2143 1359">
     <span class='ocr_line' id='line_1_17' title="bbox 564 1287 2143 1359; baseline -0.001 -17"><span class='ocrx_word' id='word_1_95' title='bbox 564 1304 726 1356; x_wconf 89' lang='lat' dir='ltr'><strong>quam</strong></span> <span class='ocrx_word' id='word_1_96' title='bbox 764 1289 942 1343; x_wconf 89' lang='lat' dir='ltr'><strong>bonus</strong></span> <span class='ocrx_word' id='word_1_97' title='bbox 973 1287 1116 1344; x_wconf 87' lang='lat' dir='ltr'><strong>Deus</strong></span> <span class='ocrx_word' id='word_1_98' title='bbox 1148 1292 1288 1345; x_wconf 90' lang='lat' dir='ltr'><strong>bona</strong></span> <span class='ocrx_word' id='word_1_99' title='bbox 1322 1300 1378 1345; x_wconf 91' lang='lat' dir='ltr'><strong>et</strong></span> <span class='ocrx_word' id='word_1_100' title='bbox 1409 1306 1626 1359; x_wconf 79' lang='lat' dir='ltr'><strong>semper</strong></span> <span class='ocrx_word' id='word_1_101' title='bbox 1656 1299 1711 1344; x_wconf 90' lang='lat' dir='ltr'><strong>et</strong></span> <span class='ocrx_word' id='word_1_102' title='bbox 1743 1289 1997 1343; x_wconf 91' lang='lat' dir='ltr'><strong>omnibus</strong></span> <span class='ocrx_word' id='word_1_103' title='bbox 2027 1304 2143 1342; x_wconf 87' lang='lat' dir='ltr'><strong>om-</strong></span> 
     </span>
    </p>
   </div>
   <div class='ocr_carea' id='block_1_18' title="bbox 567 1379 2140 1450">
    <p class='ocr_par' dir='ltr' id='par_1_18' title="bbox 567 1379 2140 1450">
     <span class='ocr_line' id='line_1_18' title="bbox 567 1379 2140 1450; baseline 0.001 -20"><span class='ocrx_word' id='word_1_104' title='bbox 567 1379 697 1431; x_wconf 93' lang='lat' dir='ltr'><strong>nino</strong></span> <span class='ocrx_word' id='word_1_105' title='bbox 726 1380 1007 1434; x_wconf 76' lang='lat' dir='ltr'><strong>voluntate</strong></span> <span class='ocrx_word' id='word_1_106' title='bbox 1031 1397 1128 1434; x_wconf 90' lang='lat' dir='ltr'><strong>sua</strong></span> <span class='ocrx_word' id='word_1_107' title='bbox 1158 1381 1416 1445; x_wconf 81' lang='lat' dir='ltr'><strong>destinat,</strong></span> <span class='ocrx_word' id='word_1_108' title='bbox 1445 1391 1499 1434; x_wconf 92' lang='lat' dir='ltr'><strong>et</strong></span> <span class='ocrx_word' id='word_1_109' title='bbox 1523 1381 1742 1449; x_wconf 87' lang='lat' dir='ltr'><strong>sapiens</strong></span> <span class='ocrx_word' id='word_1_110' title='bbox 1769 1389 1824 1434; x_wconf 90' lang='lat' dir='ltr'><strong>et</strong></span> <span class='ocrx_word' id='word_1_111' title='bbox 1853 1380 2140 1450; x_wconf 86' lang='lat' dir='ltr'><strong>plusquam</strong></span> 
     </span>
    </p>
   </div>
   <div class='ocr_carea' id='block_1_19' title="bbox 565 1470 2142 1542">
    <p class='ocr_par' dir='ltr' id='par_1_19' title="bbox 565 1470 2142 1542">
     <span class='ocr_line' id='line_1_19' title="bbox 565 1470 2142 1542; baseline 0 -20"><span class='ocrx_word' id='word_1_112' title='bbox 565 1470 806 1538; x_wconf 89' lang='lat' dir='ltr'><strong>sapiens,</strong></span> <span class='ocrx_word' id='word_1_113' title='bbox 838 1472 920 1524; x_wconf 91' lang='lat' dir='ltr'><strong>vel</strong></span> <span class='ocrx_word' id='word_1_114' title='bbox 951 1473 1130 1541; x_wconf 88' lang='lat' dir='ltr'><strong>potius</strong></span> <span class='ocrx_word' id='word_1_115' title='bbox 1157 1475 1336 1527; x_wconf 88' lang='lat' dir='ltr'><strong>omnis</strong></span> <span class='ocrx_word' id='word_1_116' title='bbox 1365 1473 1646 1542; x_wconf 64' lang='lat' dir='ltr'><strong>sapientia:</strong></span> <span class='ocrx_word' id='word_1_117' title='bbox 1671 1473 1812 1536; x_wconf 80' lang='lat' dir='ltr'><strong>fons,</strong></span> <span class='ocrx_word' id='word_1_118' title='bbox 1849 1472 1996 1524; x_wconf 90' lang='lat' dir='ltr'><strong>novit</strong></span> <span class='ocrx_word' id='word_1_119' title='bbox 2025 1486 2142 1524; x_wconf 90' lang='lat' dir='ltr'><strong>om-</strong></span> 
     </span>
    </p>
   </div>
   <div class='ocr_carea' id='block_1_20' title="bbox 566 1561 2140 1632">
    <p class='ocr_par' dir='ltr' id='par_1_20' title="bbox 566 1561 2140 1632">
     <span class='ocr_line' id='line_1_20' title="bbox 566 1561 2140 1632; baseline 0.003 -22"><span class='ocrx_word' id='word_1_120' title='bbox 566 1561 697 1613; x_wconf 85' lang='lat' dir='ltr'><strong>nino</strong></span> <span class='ocrx_word' id='word_1_121' title='bbox 723 1577 843 1629; x_wconf 79' lang='lat' dir='ltr'><strong>quae</strong></span> <span class='ocrx_word' id='word_1_122' title='bbox 877 1563 1213 1628; x_wconf 89' lang='lat' dir='ltr'><strong>conducunt,</strong></span> <span class='ocrx_word' id='word_1_123' title='bbox 1242 1573 1297 1618; x_wconf 87' lang='lat' dir='ltr'><strong>et</strong></span> <span class='ocrx_word' id='word_1_124' title='bbox 1330 1574 1546 1632; x_wconf 90' lang='lat' dir='ltr'><strong>potens,</strong></span> <span class='ocrx_word' id='word_1_125' title='bbox 1581 1564 1664 1617; x_wconf 91' lang='lat' dir='ltr'><strong>vel</strong></span> <span class='ocrx_word' id='word_1_126' title='bbox 1700 1563 1883 1632; x_wconf 89' lang='lat' dir='ltr'><strong>potius</strong></span> <span class='ocrx_word' id='word_1_127' title='bbox 1915 1561 2140 1615; x_wconf 67' lang='lat' dir='ltr'><strong>inﬁnitae</strong></span> 
     </span>
    </p>
   </div>
   <div class='ocr_carea' id='block_1_21' title="bbox 2242 372 3730 445">
    <p class='ocr_par' dir='ltr' id='par_1_21' title="bbox 2242 372 3730 445">
     <span class='ocr_line' id='line_1_21' title="bbox 2242 372 3730 445; baseline -0.001 -20"><span class='ocrx_word' id='word_1_128' title='bbox 2242 391 2340 440; x_wconf 89' lang='grc' dir='ltr'><strong>της</strong></span> <span class='ocrx_word' id='word_1_129' title='bbox 2381 372 2561 441; x_wconf 82' lang='grc' dir='ltr'>πολλῴ</span> <span class='ocrx_word' id='word_1_130' title='bbox 2587 375 2852 442; x_wconf 79' lang='grc' dir='ltr'>πρότερον</span> <span class='ocrx_word' id='word_1_131' title='bbox 2881 372 3164 438; x_wconf 80' lang='grc' dir='ltr'><strong>ἀξιοῦσθαι</strong></span> <span class='ocrx_word' id='word_1_132' title='bbox 3197 373 3265 424; x_wconf 79' lang='grc' dir='ltr'>τὰ</span> <span class='ocrx_word' id='word_1_133' title='bbox 3295 374 3426 426; x_wconf 73' lang='grc' dir='ltr'>κατὰ</span> <span class='ocrx_word' id='word_1_134' title='bbox 3457 376 3598 445; x_wconf 80' lang='grc' dir='ltr'><strong>μέρος</strong></span> <span class='ocrx_word' id='word_1_135' title='bbox 3645 383 3730 434; x_wconf 78' lang='grc' dir='ltr'>εισ.</span> 
     </span>
    </p>
   </div>
   <div class='ocr_carea' id='block_1_22' title="bbox 2239 457 3728 532">
    <p class='ocr_par' dir='ltr' id='par_1_22' title="bbox 2239 457 3728 532">
     <span class='ocr_line' id='line_1_22' title="bbox 2239 457 3728 532; baseline 0.005 -16"><span class='ocrx_word' id='word_1_136' title='bbox 2239 463 2483 530; x_wconf 89' lang='grc' dir='ltr'>άγουσιν,</span> <span class='ocrx_word' id='word_1_137' title='bbox 2502 465 2559 514; x_wconf 82' lang='grc' dir='ltr'>ὲν</span> <span class='ocrx_word' id='word_1_138' title='bbox 2580 457 2711 531; x_wconf 77' lang='grc' dir='ltr'>οἷςὴ</span> <span class='ocrx_word' id='word_1_139' title='bbox 2737 463 2842 515; x_wconf 89' lang='grc' dir='ltr'><strong>τῶν</strong></span> <span class='ocrx_word' id='word_1_140' title='bbox 2874 462 3102 516; x_wconf 78' lang='grc' dir='ltr'><strong>καθόλου</strong></span> <span class='ocrx_word' id='word_1_141' title='bbox 3124 464 3209 515; x_wconf 79' lang='grc' dir='ltr'><strong>δια</strong></span> <span class='ocrx_word' id='word_1_142' title='bbox 3219 461 3350 531; x_wconf 82' lang='grc' dir='ltr'>μονὴ</span> <span class='ocrx_word' id='word_1_143' title='bbox 3376 465 3460 516; x_wconf 76' lang='grc' dir='ltr'>καὶ</span> <span class='ocrx_word' id='word_1_144' title='bbox 3477 466 3728 532; x_wconf 82' lang='grc' dir='ltr'>ὑπόστασις.</span> 
     </span>
    </p>
   </div>
   <div class='ocr_carea' id='block_1_23' title="bbox 2241 551 3731 624">
    <p class='ocr_par' dir='ltr' id='par_1_23' title="bbox 2241 551 3731 624">
     <span class='ocr_line' id='line_1_23' title="bbox 2241 551 3731 624; baseline 0.003 -19"><span class='ocrx_word' id='word_1_145' title='bbox 2241 551 2630 619; x_wconf 83' lang='grc' dir='ltr'>Συνεισάγεται</span> <span class='ocrx_word' id='word_1_146' title='bbox 2663 553 2771 620; x_wconf 84' lang='grc' dir='ltr'>γὰρ</span> <span class='ocrx_word' id='word_1_147' title='bbox 2801 551 3050 621; x_wconf 81' lang='grc' dir='ltr'>ἀλλήλοις</span> <span class='ocrx_word' id='word_1_148' title='bbox 3080 551 3254 604; x_wconf 85' lang='grc' dir='ltr'>ταῦτα</span> <span class='ocrx_word' id='word_1_149' title='bbox 3295 551 3377 604; x_wconf 72' lang='grc' dir='ltr'><strong>διὰ</strong></span> <span class='ocrx_word' id='word_1_150' title='bbox 3401 552 3488 622; x_wconf 83' lang='grc' dir='ltr'>τὴν</span> <span class='ocrx_word' id='word_1_151' title='bbox 3518 555 3632 607; x_wconf 77' lang='grc' dir='ltr'>κατὰ</span> <span class='ocrx_word' id='word_1_152' title='bbox 3656 559 3731 624; x_wconf 67' lang='grc' dir='ltr'><strong>φύ-</strong></span> 
     </span>
    </p>
   </div>
   <div class='ocr_carea' id='block_1_24' title="bbox 2243 642 3730 719">
    <p class='ocr_par' dir='ltr' id='par_1_24' title="bbox 2243 642 3730 719">
     <span class='ocr_line' id='line_1_24' title="bbox 2243 642 3730 719; baseline 0.002 -23"><span class='ocrx_word' id='word_1_153' title='bbox 2243 661 2326 698; x_wconf 89' lang='grc' dir='ltr'><strong>σιν</strong></span> <span class='ocrx_word' id='word_1_154' title='bbox 2345 644 2626 698; x_wconf 79' lang='grc' dir='ltr'>ἀδιάλυτον</span> <span class='ocrx_word' id='word_1_155' title='bbox 2649 644 2785 714; x_wconf 75' lang='grc' dir='ltr'><strong>πρὸς</strong></span> <span class='ocrx_word' id='word_1_156' title='bbox 2817 643 3021 715; x_wconf 79' lang='grc' dir='ltr'>ἄλληλα</span> <span class='ocrx_word' id='word_1_157' title='bbox 3045 643 3252 712; x_wconf 76' lang='grc' dir='ltr'>σχέσιν.</span> <span class='ocrx_word' id='word_1_158' title='bbox 3287 642 3378 694; x_wconf 76' lang='grc' dir='ltr'>καὶ</span> <span class='ocrx_word' id='word_1_159' title='bbox 3407 643 3603 714; x_wconf 79' lang='grc' dir='ltr'>θατέρου</span> <span class='ocrx_word' id='word_1_160' title='bbox 3631 651 3730 719; x_wconf 52' lang='grc' dir='ltr'>πῴς</span> 
     </span>
    </p>
   </div>
   <div class='ocr_carea' id='block_1_25' title="bbox 2238 734 3731 809">
    <p class='ocr_par' dir='ltr' id='par_1_25' title="bbox 2238 734 3731 809">
     <span class='ocr_line' id='line_1_25' title="bbox 2238 734 3731 809; baseline 0.003 -21"><span class='ocrx_word' id='word_1_161' title='bbox 2238 736 2498 807; x_wconf 81' lang='grc' dir='ltr'>διαμονὴν</span> <span class='ocrx_word' id='word_1_162' title='bbox 2561 737 3023 807; x_wconf 83' lang='grc' dir='ltr'>συντηρουμένου,</span> <span class='ocrx_word' id='word_1_163' title='bbox 3083 734 3216 805; x_wconf 66' lang='grc' dir='ltr'>μηδὲ</span> <span class='ocrx_word' id='word_1_164' title='bbox 3273 735 3333 788; x_wconf 77' lang='grc' dir='ltr'>τὸ</span> <span class='ocrx_word' id='word_1_165' title='bbox 3385 736 3549 806; x_wconf 74' lang='grc' dir='ltr'>ἕτερον</span> <span class='ocrx_word' id='word_1_166' title='bbox 3577 739 3731 809; x_wconf 73' lang='grc' dir='ltr'>ταύτης</span> 
     </span>
    </p>
   </div>
   <div class='ocr_carea' id='block_1_26' title="bbox 2240 824 3728 900">
    <p class='ocr_par' dir='ltr' id='par_1_26' title="bbox 2240 824 3728 900">
     <span class='ocr_line' id='line_1_26' title="bbox 2240 824 3728 900; baseline 0.001 -19"><span class='ocrx_word' id='word_1_167' title='bbox 2240 824 2380 881; x_wconf 77' lang='grc' dir='ltr'>εἶναι</span> <span class='ocrx_word' id='word_1_168' title='bbox 2409 830 2508 897; x_wconf 84' lang='grc' dir='ltr'>τῆς</span> <span class='ocrx_word' id='word_1_169' title='bbox 2535 828 2784 898; x_wconf 79' lang='grc' dir='ltr'><strong>φυλακῆς</strong></span> <span class='ocrx_word' id='word_1_170' title='bbox 2838 827 3142 897; x_wconf 85' lang='grc' dir='ltr'>ἀλλότριον,</span> <span class='ocrx_word' id='word_1_171' title='bbox 3194 828 3291 880; x_wconf 74' lang='grc' dir='ltr'>καὶ</span> <span class='ocrx_word' id='word_1_172' title='bbox 3339 827 3447 890; x_wconf 77' lang='grc' dir='ltr'>ἑνὸς</span> <span class='ocrx_word' id='word_1_173' title='bbox 3500 829 3632 882; x_wconf 87' lang='grc' dir='ltr'>πάλιν</span> <span class='ocrx_word' id='word_1_174' title='bbox 3661 833 3728 900; x_wconf 76' lang='grc' dir='ltr'>τῆς</span> 
     </span>
    </p>
   </div>
   <div class='ocr_carea' id='block_1_27' title="bbox 2241 913 3729 989">
    <p class='ocr_par' dir='ltr' id='par_1_27' title="bbox 2241 913 3729 989">
     <span class='ocr_line' id='line_1_27' title="bbox 2241 913 3729 989; baseline 0.002 -18"><span class='ocrx_word' id='word_1_175' title='bbox 2241 919 2377 989; x_wconf 84' lang='grc' dir='ltr'>πρὸς</span> <span class='ocrx_word' id='word_1_176' title='bbox 2413 919 2676 988; x_wconf 82' lang='grc' dir='ltr'>διαμονὴν</span> <span class='ocrx_word' id='word_1_177' title='bbox 2715 919 2964 988; x_wconf 76' lang='grc' dir='ltr'><strong>φυλακῆς</strong></span> <span class='ocrx_word' id='word_1_178' title='bbox 2998 919 3376 981; x_wconf 82' lang='grc' dir='ltr'>διαπίπτοντες</span> <span class='ocrx_word' id='word_1_179' title='bbox 3416 920 3534 989; x_wconf 87' lang='grc' dir='ltr'>μηδὲ</span> <span class='ocrx_word' id='word_1_180' title='bbox 3564 921 3614 972; x_wconf 75' lang='grc' dir='ltr'>τὸ</span> <span class='ocrx_word' id='word_1_181' title='bbox 3641 913 3729 974; x_wconf 62' lang='grc' dir='ltr'>ἄλλο</span> 
     </span>
    </p>
   </div>
   <div class='ocr_carea' id='block_1_28' title="bbox 2239 1006 3728 1077">
    <p class='ocr_par' dir='ltr' id='par_1_28' title="bbox 2239 1006 3728 1077">
     <span class='ocr_line' id='line_1_28' title="bbox 2239 1006 3728 1077; baseline 0.003 -19"><span class='ocrx_word' id='word_1_182' title='bbox 2239 1006 2441 1077; x_wconf 82' lang='grc' dir='ltr'><strong>ταύτης</strong></span> <span class='ocrx_word' id='word_1_183' title='bbox 2459 1010 2746 1077; x_wconf 77' lang='grc' dir='ltr'>τυγχάνειν</span> <span class='ocrx_word' id='word_1_184' title='bbox 2769 1008 2917 1075; x_wconf 78' lang='grc' dir='ltr'>λέγει</span> <span class='ocrx_word' id='word_1_185' title='bbox 2948 1007 3262 1064; x_wconf 86' lang='grc' dir='ltr'>ἀκόλουθον.</span> <span class='ocrx_word' id='word_1_186' title='bbox 3290 1007 3484 1070; x_wconf 80' lang='grc' dir='ltr'>Ἀλλως</span> <span class='ocrx_word' id='word_1_187' title='bbox 3503 1025 3555 1061; x_wconf 87' lang='grc' dir='ltr'>τε</span> <span class='ocrx_word' id='word_1_188' title='bbox 3571 1009 3616 1060; x_wconf 84' lang='grc' dir='ltr'>δὲ</span> <span class='ocrx_word' id='word_1_189' title='bbox 3631 1012 3728 1062; x_wconf 65' lang='grc' dir='ltr'>κατὰ</span> 
     </span>
    </p>
   </div>
   <div class='ocr_carea' id='block_1_29' title="bbox 2241 1097 3727 1177">
    <p class='ocr_par' dir='ltr' id='par_1_29' title="bbox 2241 1097 3727 1177">
     <span class='ocr_line' id='line_1_29' title="bbox 2241 1097 3727 1177; baseline 0 -27"><span class='ocrx_word' id='word_1_190' title='bbox 2241 1100 2388 1168; x_wconf 82' lang='grc' dir='ltr'><strong>τρεῖς</strong></span> <span class='ocrx_word' id='word_1_191' title='bbox 2409 1100 2644 1168; x_wconf 81' lang='grc' dir='ltr'>τρόπους</span> <span class='ocrx_word' id='word_1_192' title='bbox 2674 1099 2735 1151; x_wconf 83' lang='grc' dir='ltr'>τὸ</span> <span class='ocrx_word' id='word_1_193' title='bbox 2767 1098 2843 1169; x_wconf 74' lang='grc' dir='ltr'>μὴ</span> <span class='ocrx_word' id='word_1_194' title='bbox 2874 1099 3091 1152; x_wconf 83' lang='grc' dir='ltr'>πάντων</span> <span class='ocrx_word' id='word_1_195' title='bbox 3108 1098 3217 1150; x_wconf 87' lang='grc' dir='ltr'><strong>τῶν</strong></span> <span class='ocrx_word' id='word_1_196' title='bbox 3250 1097 3414 1177; x_wconf 71' lang='grc' dir='ltr'>ὄντων</span> <span class='ocrx_word' id='word_1_197' title='bbox 3442 1101 3649 1168; x_wconf 75' lang='grc' dir='ltr'>προνοεῖν</span> <span class='ocrx_word' id='word_1_198' title='bbox 3668 1101 3727 1150; x_wconf 74' lang='grc' dir='ltr'>τὸν</span> 
     </span>
    </p>
   </div>
   <div class='ocr_carea' id='block_1_30' title="bbox 2240 1190 3729 1261">
    <p class='ocr_par' dir='ltr' id='par_1_30' title="bbox 2240 1190 3729 1261">
     <span class='ocr_line' id='line_1_30' title="bbox 2240 1190 3729 1261; baseline -0.001 -18"><span class='ocrx_word' id='word_1_199' title='bbox 2240 1190 2373 1244; x_wconf 74' lang='grc' dir='ltr'><strong>Θεὸν</strong></span> <span class='ocrx_word' id='word_1_200' title='bbox 2403 1190 2640 1258; x_wconf 84' lang='grc' dir='ltr'>λέγεται.</span> <span class='ocrx_word' id='word_1_201' title='bbox 2673 1191 2745 1242; x_wconf 78' lang='grc' dir='ltr'><strong>’Ἡ</strong></span> <span class='ocrx_word' id='word_1_202' title='bbox 2769 1191 2875 1260; x_wconf 84' lang='grc' dir='ltr'>γὰρ</span> <span class='ocrx_word' id='word_1_203' title='bbox 2897 1191 3114 1258; x_wconf 83' lang='grc' dir='ltr'>ἀγνοεῖν</span> <span class='ocrx_word' id='word_1_204' title='bbox 3141 1190 3306 1244; x_wconf 81' lang='grc' dir='ltr'>αὐτὸν</span> <span class='ocrx_word' id='word_1_205' title='bbox 3324 1190 3524 1258; x_wconf 86' lang='grc' dir='ltr'>λέγουσι</span> <span class='ocrx_word' id='word_1_206' title='bbox 3540 1190 3618 1258; x_wconf 80' lang='grc' dir='ltr'>τῆς</span> <span class='ocrx_word' id='word_1_207' title='bbox 3638 1209 3729 1261; x_wconf 84' lang='grc' dir='ltr'>προ-</span> 
     </span>
    </p>
   </div>
   <div class='ocr_carea' id='block_1_31' title="bbox 2241 1280 3728 1353">
    <p class='ocr_par' dir='ltr' id='par_1_31' title="bbox 2241 1280 3728 1353">
     <span class='ocr_line' id='line_1_31' title="bbox 2241 1280 3728 1353; baseline 0.002 -20"><span class='ocrx_word' id='word_1_208' title='bbox 2241 1281 2387 1344; x_wconf 88' lang='grc' dir='ltr'>νοίας</span> <span class='ocrx_word' id='word_1_209' title='bbox 2413 1281 2508 1351; x_wconf 75' lang='grc' dir='ltr'>τὴν</span> <span class='ocrx_word' id='word_1_210' title='bbox 2544 1281 2786 1351; x_wconf 84' lang='grc' dir='ltr'><strong>μέθοδον,</strong></span> <span class='ocrx_word' id='word_1_211' title='bbox 2819 1281 2852 1351; x_wconf 82' lang='grc' dir='ltr'><strong>ἢ</strong></span> <span class='ocrx_word' id='word_1_212' title='bbox 2888 1282 2964 1352; x_wconf 84' lang='grc' dir='ltr'>μὴ</span> <span class='ocrx_word' id='word_1_213' title='bbox 2997 1280 3307 1350; x_wconf 85' lang='grc' dir='ltr'>βούλεσθαι,</span> <span class='ocrx_word' id='word_1_214' title='bbox 3347 1281 3380 1352; x_wconf 84' lang='grc' dir='ltr'>ἢ</span> <span class='ocrx_word' id='word_1_215' title='bbox 3416 1283 3482 1353; x_wconf 80' lang='grc' dir='ltr'>μὴ</span> <span class='ocrx_word' id='word_1_216' title='bbox 3516 1283 3728 1336; x_wconf 81' lang='grc' dir='ltr'>δύνασθαι.</span> 
     </span>
    </p>
   </div>
   <div class='ocr_carea' id='block_1_32' title="bbox 2255 1370 3730 1440">
    <p class='ocr_par' dir='ltr' id='par_1_32' title="bbox 2255 1370 3730 1440">
     <span class='ocr_line' id='line_1_32' title="bbox 2255 1370 3730 1440; baseline 0.001 -18"><span class='ocrx_word' id='word_1_217' title='bbox 2255 1370 2415 1422; x_wconf 79' lang='grc' dir='ltr'>Ἀλλά</span> <span class='ocrx_word' id='word_1_218' title='bbox 2451 1370 2556 1440; x_wconf 85' lang='grc' dir='ltr'><strong>μὴν</strong></span> <span class='ocrx_word' id='word_1_219' title='bbox 2594 1372 2736 1424; x_wconf 78' lang='grc' dir='ltr'>κατὰ</span> <span class='ocrx_word' id='word_1_220' title='bbox 2769 1371 2869 1434; x_wconf 82' lang='grc' dir='ltr'>τὰς</span> <span class='ocrx_word' id='word_1_221' title='bbox 2912 1371 3097 1434; x_wconf 80' lang='grc' dir='ltr'>κοινὰς</span> <span class='ocrx_word' id='word_1_222' title='bbox 3127 1371 3347 1424; x_wconf 84' lang='grc' dir='ltr'>πάντων</span> <span class='ocrx_word' id='word_1_223' title='bbox 3379 1371 3564 1434; x_wconf 78' lang='grc' dir='ltr'>ἑννοίας</span> <span class='ocrx_word' id='word_1_224' title='bbox 3585 1372 3730 1440; x_wconf 67' lang='grc' dir='ltr'>ἀγαθὸς</span> 
     </span>
    </p>
   </div>
   <div class='ocr_carea' id='block_1_33' title="bbox 2245 1461 3733 1533">
    <p class='ocr_par' dir='ltr' id='par_1_33' title="bbox 2245 1461 3733 1533">
     <span class='ocr_line' id='line_1_33' title="bbox 2245 1461 3733 1533; baseline 0.001 -20"><span class='ocrx_word' id='word_1_225' title='bbox 2245 1461 2322 1513; x_wconf 84' lang='grc' dir='ltr'><strong>ὢν</strong></span> <span class='ocrx_word' id='word_1_226' title='bbox 2356 1463 2450 1515; x_wconf 78' lang='grc' dir='ltr'>καὶ</span> <span class='ocrx_word' id='word_1_227' title='bbox 2477 1462 2824 1533; x_wconf 80' lang='grc' dir='ltr'>ὑπεράγαθος</span> <span class='ocrx_word' id='word_1_228' title='bbox 2849 1465 2877 1515; x_wconf 89' lang='grc' dir='ltr'>ὀ</span> <span class='ocrx_word' id='word_1_229' title='bbox 2909 1461 3043 1525; x_wconf 77' lang='grc' dir='ltr'>Θεὸς</span> <span class='ocrx_word' id='word_1_230' title='bbox 3067 1463 3154 1515; x_wconf 81' lang='grc' dir='ltr'><strong>ἀεὶ</strong></span> <span class='ocrx_word' id='word_1_231' title='bbox 3191 1463 3406 1525; x_wconf 84' lang='grc' dir='ltr'>πάντως</span> <span class='ocrx_word' id='word_1_232' title='bbox 3431 1462 3492 1515; x_wconf 84' lang='grc' dir='ltr'>τὰ</span> <span class='ocrx_word' id='word_1_233' title='bbox 3519 1463 3635 1515; x_wconf 77' lang='grc' dir='ltr'>καλά</span> <span class='ocrx_word' id='word_1_234' title='bbox 3651 1463 3733 1532; x_wconf 71' lang='grc' dir='ltr'><strong>βούο</strong></span> 
     </span>
    </p>
   </div>
   <div class='ocr_carea' id='block_1_34' title="bbox 2244 1551 3731 1622">
    <p class='ocr_par' dir='ltr' id='par_1_34' title="bbox 2244 1551 3731 1622">
     <span class='ocr_line' id='line_1_34' title="bbox 2244 1551 3731 1622; baseline -0.001 -17"><span class='ocrx_word' id='word_1_235' title='bbox 2244 1552 2396 1605; x_wconf 87' lang='grc' dir='ltr'>λεται</span> <span class='ocrx_word' id='word_1_236' title='bbox 2427 1553 2519 1605; x_wconf 71' lang='grc' dir='ltr'><strong>καὶ</strong></span> <span class='ocrx_word' id='word_1_237' title='bbox 2551 1554 2712 1615; x_wconf 84' lang='grc' dir='ltr'>πᾶσι,</span> <span class='ocrx_word' id='word_1_238' title='bbox 2746 1552 2841 1604; x_wconf 76' lang='grc' dir='ltr'>καὶ</span> <span class='ocrx_word' id='word_1_239' title='bbox 2872 1552 3034 1619; x_wconf 81' lang='grc' dir='ltr'>σοφὸς</span> <span class='ocrx_word' id='word_1_240' title='bbox 3067 1553 3334 1622; x_wconf 85' lang='grc' dir='ltr'><strong>ὑπάρχων</strong></span> <span class='ocrx_word' id='word_1_241' title='bbox 3366 1551 3452 1604; x_wconf 65' lang='grc' dir='ltr'><strong>καλ⁵</strong></span> <span class='ocrx_word' id='word_1_242' title='bbox 3475 1551 3731 1621; x_wconf 70' lang='grc' dir='ltr'>ὑπέρσοφος,</span> 
     </span>
    </p>
   </div>
   <div class='ocr_carea' id='block_1_35' title="bbox 566 1614 2137 1724">
    <p class='ocr_par' dir='ltr' id='par_1_35' title="bbox 566 1652 2137 1724">
     <span class='ocr_line' id='line_1_35' title="bbox 566 1652 2137 1724; baseline 0.003 -21"><span class='ocrx_word' id='word_1_243' title='bbox 566 1652 841 1718; x_wconf 56' lang='lat' dir='ltr'><strong>potentia,</strong></span> <span class='ocrx_word' id='word_1_244' title='bbox 873 1654 1143 1724; x_wconf 81' lang='lat' dir='ltr'><strong>condigne</strong></span> <span class='ocrx_word' id='word_1_245' title='bbox 1169 1656 1280 1709; x_wconf 89' lang='lat' dir='ltr'><strong>Deo</strong></span> <span class='ocrx_word' id='word_1_246' title='bbox 1305 1665 1361 1710; x_wconf 89' lang='lat' dir='ltr'><strong>et</strong></span> <span class='ocrx_word' id='word_1_247' title='bbox 1385 1656 1776 1710; x_wconf 87' lang='lat' dir='ltr'><strong>convenienter</strong></span> <span class='ocrx_word' id='word_1_248' title='bbox 1801 1655 1857 1709; x_wconf 91' lang='lat' dir='ltr'><strong>in</strong></span> <span class='ocrx_word' id='word_1_249' title='bbox 1883 1653 2137 1707; x_wconf 89' lang='lat' dir='ltr'><strong>omnibus</strong></span> 
     </span>
    </p>
   </div>
   <div class='ocr_carea' id='block_1_36' title="bbox 2235 1614 3731 1724">
    <p class='ocr_par' dir='ltr' id='par_1_36' title="bbox 2249 1614 3731 1722">
     <span class='ocr_line' id='line_1_36' title="bbox 2249 1614 3731 1722; baseline -0.005 -25"><span class='ocrx_word' id='word_1_250' title='bbox 2249 1645 2447 1716; x_wconf 73' lang='grc' dir='ltr'>μᾶλλον</span> <span class='ocrx_word' id='word_1_251' title='bbox 2474 1644 2533 1696; x_wconf 84' lang='grc' dir='ltr'>δὲ</span> <span class='ocrx_word' id='word_1_252' title='bbox 2563 1643 2744 1712; x_wconf 81' lang='grc' dir='ltr'>πάσης</span> <span class='ocrx_word' id='word_1_253' title='bbox 2783 1614 2978 1710; x_wconf 81' lang='grc' dir='ltr'>σοφίας</span> <span class='ocrx_word' id='word_1_254' title='bbox 3011 1614 3462 1722; x_wconf 40' lang='grc' dir='ltr'>πηγὴίγ-ινὼσκει</span> <span class='ocrx_word' id='word_1_255' title='bbox 3493 1641 3668 1703; x_wconf 84' lang='grc' dir='ltr'>πάντως</span> <span class='ocrx_word' id='word_1_256' title='bbox 3687 1643 3731 1690; x_wconf 70' lang='grc' dir='ltr'>τὰ</span> 
     </span>
    </p>
   </div>
   <div class='ocr_carea' id='block_1_37' title="bbox 566 1742 2142 1816">
    <p class='ocr_par' dir='ltr' id='par_1_37' title="bbox 566 1742 2142 1816">
     <span class='ocr_line' id='line_1_37' title="bbox 566 1742 2142 1816; baseline 0.002 -22"><span class='ocrx_word' id='word_1_257' title='bbox 566 1742 761 1809; x_wconf 90' lang='lat' dir='ltr'><strong>placita</strong></span> <span class='ocrx_word' id='word_1_258' title='bbox 796 1752 852 1798; x_wconf 84' lang='lat' dir='ltr'><strong>et</strong></span> <span class='ocrx_word' id='word_1_259' title='bbox 899 1746 1130 1799; x_wconf 91' lang='lat' dir='ltr'><strong>consilia</strong></span> <span class='ocrx_word' id='word_1_260' title='bbox 1179 1762 1278 1800; x_wconf 90' lang='lat' dir='ltr'><strong>sua</strong></span> <span class='ocrx_word' id='word_1_261' title='bbox 1323 1747 1694 1802; x_wconf 85' lang='lat' dir='ltr'><strong>conducibilia</strong></span> <span class='ocrx_word' id='word_1_262' title='bbox 1729 1746 1956 1816; x_wconf 89' lang='lat' dir='ltr'><strong>pulchre</strong></span> <span class='ocrx_word' id='word_1_263' title='bbox 1988 1759 2142 1799; x_wconf 80' lang='lat' dir='ltr'><strong>exse-</strong></span> 
     </span>
    </p>
   </div>
   <div class='ocr_carea' id='block_1_38' title="bbox 563 1834 2141 1908">
    <p class='ocr_par' dir='ltr' id='par_1_38' title="bbox 563 1834 2141 1908">
     <span class='ocr_line' id='line_1_38' title="bbox 563 1834 2141 1908; baseline 0.002 -22"><span class='ocrx_word' id='word_1_264' title='bbox 563 1834 772 1901; x_wconf 86' lang='lat' dir='ltr'><strong>quitur,</strong></span> <span class='ocrx_word' id='word_1_265' title='bbox 805 1846 864 1889; x_wconf 93' lang='lat' dir='ltr'><strong>ut</strong></span> <span class='ocrx_word' id='word_1_266' title='bbox 896 1836 1072 1890; x_wconf 89' lang='lat' dir='ltr'><strong>bonus</strong></span> <span class='ocrx_word' id='word_1_267' title='bbox 1095 1845 1152 1892; x_wconf 90' lang='lat' dir='ltr'><strong>ct</strong></span> <span class='ocrx_word' id='word_1_268' title='bbox 1177 1839 1397 1908; x_wconf 88' lang='lat' dir='ltr'><strong>sapiens</strong></span> <span class='ocrx_word' id='word_1_269' title='bbox 1419 1849 1474 1892; x_wconf 89' lang='lat' dir='ltr'><strong>et</strong></span> <span class='ocrx_word' id='word_1_270' title='bbox 1507 1849 1722 1908; x_wconf 91' lang='lat' dir='ltr'><strong>potens,</strong></span> <span class='ocrx_word' id='word_1_271' title='bbox 1747 1837 2019 1892; x_wconf 89' lang='lat' dir='ltr'><strong>transiens</strong></span> <span class='ocrx_word' id='word_1_272' title='bbox 2044 1850 2141 1905; x_wconf 90' lang='lat' dir='ltr'><strong>per</strong></span> 
     </span>
    </p>
   </div>
   <div class='ocr_carea' id='block_1_39' title="bbox 564 1927 2141 1992">
    <p class='ocr_par' dir='ltr' id='par_1_39' title="bbox 564 1927 2141 1992">
     <span class='ocr_line' id='line_1_39' title="bbox 564 1927 2141 1992; baseline 0.004 -17"><span class='ocrx_word' id='word_1_273' title='bbox 564 1933 762 1978; x_wconf 81' lang='lat' dir='ltr'><strong>cuncta</strong></span> <span class='ocrx_word' id='word_1_274' title='bbox 793 1935 846 1980; x_wconf 88' lang='lat' dir='ltr'><strong>et</strong></span> <span class='ocrx_word' id='word_1_275' title='bbox 871 1927 1102 1982; x_wconf 85' lang='lat' dir='ltr'><strong>visibilia</strong></span> <span class='ocrx_word' id='word_1_276' title='bbox 1138 1939 1193 1983; x_wconf 87' lang='lat' dir='ltr'><strong>et</strong></span> <span class='ocrx_word' id='word_1_277' title='bbox 1225 1930 1536 1992; x_wconf 78' lang='lat' dir='ltr'><strong>invisibilia,</strong></span> <span class='ocrx_word' id='word_1_278' title='bbox 1569 1939 1624 1984; x_wconf 89' lang='lat' dir='ltr'><strong>et</strong></span> <span class='ocrx_word' id='word_1_279' title='bbox 1659 1930 1912 1984; x_wconf 77' lang='lat' dir='ltr'><strong>universa</strong></span> <span class='ocrx_word' id='word_1_280' title='bbox 1937 1937 1994 1984; x_wconf 91' lang='lat' dir='ltr'><strong>et</strong></span> <span class='ocrx_word' id='word_1_281' title='bbox 2028 1928 2141 1982; x_wconf 86' lang='lat' dir='ltr'><strong>sin-</strong></span> 
     </span>
    </p>
   </div>
   <div class='ocr_carea' id='block_1_40' title="bbox 565 2017 2138 2092">
    <p class='ocr_par' dir='ltr' id='par_1_40' title="bbox 565 2017 2138 2092">
     <span class='ocr_line' id='line_1_40' title="bbox 565 2017 2138 2092; baseline 0.004 -24"><span class='ocrx_word' id='word_1_282' title='bbox 565 2017 710 2085; x_wconf 80' lang='lat' dir='ltr'><strong>gula,</strong></span> <span class='ocrx_word' id='word_1_283' title='bbox 745 2026 801 2071; x_wconf 90' lang='lat' dir='ltr'><strong>et</strong></span> <span class='ocrx_word' id='word_1_284' title='bbox 833 2034 996 2087; x_wconf 91' lang='lat' dir='ltr'><strong>parva</strong></span> <span class='ocrx_word' id='word_1_285' title='bbox 1026 2031 1082 2075; x_wconf 89' lang='lat' dir='ltr'><strong>et</strong></span> <span class='ocrx_word' id='word_1_286' title='bbox 1129 2037 1339 2091; x_wconf 79' lang='lat' dir='ltr'><strong>magna,</strong></span> <span class='ocrx_word' id='word_1_287' title='bbox 1375 2031 1432 2076; x_wconf 92' lang='lat' dir='ltr'><strong>et</strong></span> <span class='ocrx_word' id='word_1_288' title='bbox 1460 2033 1655 2077; x_wconf 90' lang='lat' dir='ltr'><strong>cuncta</strong></span> <span class='ocrx_word' id='word_1_289' title='bbox 1682 2038 1803 2092; x_wconf 69' lang='lat' dir='ltr'><strong>qua:</strong></span> <span class='ocrx_word' id='word_1_290' title='bbox 1837 2021 2138 2078; x_wconf 87' lang='lat' dir='ltr'><strong>secundum</strong></span> 
     </span>
    </p>
   </div>
   <div class='ocr_carea' id='block_1_41' title="bbox 564 2107 2136 2180">
    <p class='ocr_par' dir='ltr' id='par_1_41' title="bbox 564 2107 2136 2180">
     <span class='ocr_line' id='line_1_41' title="bbox 564 2107 2136 2180; baseline 0.003 -22"><span class='ocrx_word' id='word_1_291' title='bbox 564 2107 878 2176; x_wconf 85' lang='lat' dir='ltr'><strong>quampiam</strong></span> <span class='ocrx_word' id='word_1_292' title='bbox 926 2111 1222 2179; x_wconf 88' lang='lat' dir='ltr'><strong>cujuslibet</strong></span> <span class='ocrx_word' id='word_1_293' title='bbox 1267 2113 1484 2180; x_wconf 85' lang='lat' dir='ltr'><strong>generis</strong></span> <span class='ocrx_word' id='word_1_294' title='bbox 1511 2111 1880 2166; x_wconf 78' lang='lat' dir='ltr'><strong>exsistentiam</strong></span> <span class='ocrx_word' id='word_1_295' title='bbox 1911 2111 2136 2174; x_wconf 88' lang='lat' dir='ltr'><strong>habent,</strong></span> 
     </span>
    </p>
   </div>
   <div class='ocr_carea' id='block_1_42' title="bbox 565 2197 2140 2270">
    <p class='ocr_par' dir='ltr' id='par_1_42' title="bbox 565 2197 2140 2270">
     <span class='ocr_line' id='line_1_42' title="bbox 565 2197 2140 2270; baseline 0.004 -21"><span class='ocrx_word' id='word_1_296' title='bbox 565 2197 700 2250; x_wconf 90' lang='lat' dir='ltr'><strong>nihil</strong></span> <span class='ocrx_word' id='word_1_297' title='bbox 730 2198 798 2252; x_wconf 87' lang='lat' dir='ltr'><strong>de</strong></span> <span class='ocrx_word' id='word_1_298' title='bbox 818 2198 1104 2263; x_wconf 89' lang='lat' dir='ltr'><strong>bonitatis,</strong></span> <span class='ocrx_word' id='word_1_299' title='bbox 1131 2201 1413 2270; x_wconf 70' lang='lat' dir='ltr'><strong>sapientia:</strong></span> <span class='ocrx_word' id='word_1_300' title='bbox 1439 2203 1696 2270; x_wconf 71' lang='lat' dir='ltr'><strong>potentiae</strong></span> <span class='ocrx_word' id='word_1_301' title='bbox 1726 2217 1837 2255; x_wconf 65' lang='lat' dir='ltr'><strong>sua:</strong></span> <span class='ocrx_word' id='word_1_302' title='bbox 1871 2200 2140 2256; x_wconf 83' lang='lat' dir='ltr'><strong>inﬁnitate</strong></span> 
     </span>
    </p>
   </div>
   <div class='ocr_carea' id='block_1_43' title="bbox 565 2289 2138 2363">
    <p class='ocr_par' dir='ltr' id='par_1_43' title="bbox 565 2289 2138 2363">
     <span class='ocr_line' id='line_1_43' title="bbox 565 2289 2138 2363; baseline 0.003 -22"><span class='ocrx_word' id='word_1_303' title='bbox 565 2289 870 2355; x_wconf 85' lang='lat' dir='ltr'><strong>remittens,</strong></span> <span class='ocrx_word' id='word_1_304' title='bbox 897 2299 954 2344; x_wconf 91' lang='lat' dir='ltr'><strong>et</strong></span> <span class='ocrx_word' id='word_1_305' title='bbox 977 2292 1160 2346; x_wconf 89' lang='lat' dir='ltr'><strong>omnia</strong></span> <span class='ocrx_word' id='word_1_306' title='bbox 1181 2293 1486 2348; x_wconf 90' lang='lat' dir='ltr'><strong>secundum</strong></span> <span class='ocrx_word' id='word_1_307' title='bbox 1509 2293 1851 2363; x_wconf 78' lang='lat' dir='ltr'><strong>singulorum</strong></span> <span class='ocrx_word' id='word_1_308' title='bbox 1873 2293 2138 2348; x_wconf 83' lang='lat' dir='ltr'><strong>exsisten-</strong></span> 
     </span>
    </p>
   </div>
   <div class='ocr_carea' id='block_1_44' title="bbox 568 2379 2135 2453">
    <p class='ocr_par' dir='ltr' id='par_1_44' title="bbox 568 2379 2135 2453">
     <span class='ocr_line' id='line_1_44' title="bbox 568 2379 2135 2453; baseline 0.004 -21"><span class='ocrx_word' id='word_1_309' title='bbox 568 2379 655 2433; x_wconf 74' lang='lat' dir='ltr'><strong>tia:</strong></span> <span class='ocrx_word' id='word_1_310' title='bbox 698 2380 964 2435; x_wconf 87' lang='lat' dir='ltr'><strong>rationem</strong></span> <span class='ocrx_word' id='word_1_311' title='bbox 997 2381 1103 2436; x_wconf 90' lang='lat' dir='ltr'><strong>sibi</strong></span> <span class='ocrx_word' id='word_1_312' title='bbox 1143 2383 1276 2453; x_wconf 88' lang='lat' dir='ltr'><strong>ipsis</strong></span> <span class='ocrx_word' id='word_1_313' title='bbox 1319 2393 1376 2438; x_wconf 87' lang='lat' dir='ltr'><strong>et</strong></span> <span class='ocrx_word' id='word_1_314' title='bbox 1409 2384 1642 2439; x_wconf 87' lang='lat' dir='ltr'><strong>invicem</strong></span> <span class='ocrx_word' id='word_1_315' title='bbox 1676 2385 1730 2438; x_wconf 86' lang='lat' dir='ltr'><strong>in</strong></span> <span class='ocrx_word' id='word_1_316' title='bbox 1773 2384 2135 2438; x_wconf 86' lang='lat' dir='ltr'><strong>indissolubili</strong></span> 
     </span>
    </p>
   </div>
   <div class='ocr_carea' id='block_1_45' title="bbox 563 2472 2136 2546">
    <p class='ocr_par' dir='ltr' id='par_1_45' title="bbox 563 2472 2136 2546">
     <span class='ocr_line' id='line_1_45' title="bbox 563 2472 2136 2546; baseline 0.004 -24"><span class='ocrx_word' id='word_1_317' title='bbox 563 2481 887 2524; x_wconf 90' lang='lat' dir='ltr'><strong>cunctorum</strong></span> <span class='ocrx_word' id='word_1_318' title='bbox 919 2472 1114 2527; x_wconf 89' lang='lat' dir='ltr'><strong>eodem</strong></span> <span class='ocrx_word' id='word_1_319' title='bbox 1147 2483 1205 2528; x_wconf 90' lang='lat' dir='ltr'><strong>et</strong></span> <span class='ocrx_word' id='word_1_320' title='bbox 1233 2490 1374 2529; x_wconf 81' lang='lat' dir='ltr'><strong>nexu</strong></span> <span class='ocrx_word' id='word_1_321' title='bbox 1405 2484 1462 2530; x_wconf 89' lang='lat' dir='ltr'><strong>et</strong></span> <span class='ocrx_word' id='word_1_322' title='bbox 1489 2477 1809 2546; x_wconf 76' lang='lat' dir='ltr'><strong>compagine</strong></span> <span class='ocrx_word' id='word_1_323' title='bbox 1844 2485 1899 2530; x_wconf 92' lang='lat' dir='ltr'><strong>et</strong></span> <span class='ocrx_word' id='word_1_324' title='bbox 1942 2489 2136 2544; x_wconf 87' lang='lat' dir='ltr'><strong>peren-</strong></span> 
     </span>
    </p>
   </div>
   <div class='ocr_carea' id='block_1_46' title="bbox 563 2559 2135 2636">
    <p class='ocr_par' dir='ltr' id='par_1_46' title="bbox 563 2559 2135 2636">
     <span class='ocr_line' id='line_1_46' title="bbox 563 2559 2135 2636; baseline 0.004 -23"><span class='ocrx_word' id='word_1_325' title='bbox 563 2559 733 2615; x_wconf 86' lang='lat' dir='ltr'><strong>nitate</strong></span> <span class='ocrx_word' id='word_1_326' title='bbox 758 2577 1109 2618; x_wconf 88' lang='lat' dir='ltr'><strong>conservans.</strong></span> <span class='ocrx_word' id='word_1_327' title='bbox 1139 2564 1281 2630; x_wconf 86' lang='lat' dir='ltr'><strong>Quid</strong></span> <span class='ocrx_word' id='word_1_328' title='bbox 1303 2560 1508 2632; x_wconf 86' lang='lat' dir='ltr'><strong>autem,</strong></span> <span class='ocrx_word' id='word_1_329' title='bbox 1541 2583 1723 2621; x_wconf 90' lang='lat' dir='ltr'><strong>nonne</strong></span> <span class='ocrx_word' id='word_1_330' title='bbox 1754 2568 1925 2636; x_wconf 89' lang='lat' dir='ltr'><strong>ipsam</strong></span> <span class='ocrx_word' id='word_1_331' title='bbox 1955 2582 2053 2636; x_wconf 90' lang='lat' dir='ltr'><strong>per</strong></span> <span class='ocrx_word' id='word_1_332' title='bbox 2077 2581 2135 2621; x_wconf 90' lang='lat' dir='ltr'><strong>se</strong></span> 
     </span>
    </p>
   </div>
   <div class='ocr_carea' id='block_1_47' title="bbox 564 2653 2136 2727">
    <p class='ocr_par' dir='ltr' id='par_1_47' title="bbox 564 2653 2136 2727">
     <span class='ocr_line' id='line_1_47' title="bbox 564 2653 2136 2727; baseline 0.005 -23"><span class='ocrx_word' id='word_1_333' title='bbox 564 2660 816 2706; x_wconf 91' lang='lat' dir='ltr'><strong>naturam</strong></span> <span class='ocrx_word' id='word_1_334' title='bbox 847 2653 916 2716; x_wconf 82' lang='lat' dir='ltr'><strong>de</strong></span> <span class='ocrx_word' id='word_1_335' title='bbox 945 2653 1150 2719; x_wconf 89' lang='lat' dir='ltr'><strong>divina,</strong></span> <span class='ocrx_word' id='word_1_336' title='bbox 1181 2672 1304 2725; x_wconf 71' lang='lat' dir='ltr'><strong>qua:</strong></span> <span class='ocrx_word' id='word_1_337' title='bbox 1333 2659 1518 2712; x_wconf 86' lang='lat' dir='ltr'><strong>omnia</strong></span> <span class='ocrx_word' id='word_1_338' title='bbox 1559 2667 1734 2721; x_wconf 89' lang='lat' dir='ltr'><strong>curet,</strong></span> <span class='ocrx_word' id='word_1_339' title='bbox 1770 2653 2136 2727; x_wconf 66' lang='lat' dir='ltr'><strong>providentiae</strong></span> 
     </span>
    </p>
   </div>
   <div class='ocr_carea' id='block_1_48' title="bbox 563 2741 2133 2813">
    <p class='ocr_par' dir='ltr' id='par_1_48' title="bbox 563 2741 2133 2813">
     <span class='ocr_line' id='line_1_48' title="bbox 563 2741 2133 2813; baseline 0.005 -20"><span class='ocrx_word' id='word_1_340' title='bbox 563 2741 914 2806; x_wconf 78' lang='lat' dir='ltr'><strong>cxsistentia,</strong></span> <span class='ocrx_word' id='word_1_341' title='bbox 969 2743 1276 2800; x_wconf 85' lang='lat' dir='ltr'><strong>luculenter</strong></span> <span class='ocrx_word' id='word_1_342' title='bbox 1320 2747 1592 2802; x_wconf 87' lang='lat' dir='ltr'><strong>instruere</strong></span> <span class='ocrx_word' id='word_1_343' title='bbox 1636 2747 1920 2802; x_wconf 87' lang='lat' dir='ltr'><strong>videmus?</strong></span> <span class='ocrx_word' id='word_1_344' title='bbox 1977 2747 2133 2813; x_wconf 86' lang='lat' dir='ltr'><strong>Quod</strong></span> 
     </span>
    </p>
   </div>
   <div class='ocr_carea' id='block_1_49' title="bbox 563 2832 2133 2908">
    <p class='ocr_par' dir='ltr' id='par_1_49' title="bbox 563 2832 2133 2908">
     <span class='ocr_line' id='line_1_49' title="bbox 563 2832 2133 2908; baseline 0.003 -21"><span class='ocrx_word' id='word_1_345' title='bbox 563 2832 711 2887; x_wconf 90' lang='lat' dir='ltr'><strong>enim</strong></span> <span class='ocrx_word' id='word_1_346' title='bbox 743 2834 1066 2889; x_wconf 89' lang='lat' dir='ltr'><strong>naturaliter</strong></span> <span class='ocrx_word' id='word_1_347' title='bbox 1093 2837 1252 2891; x_wconf 87' lang='lat' dir='ltr'><strong>nobis</strong></span> <span class='ocrx_word' id='word_1_348' title='bbox 1298 2837 1653 2907; x_wconf 68' lang='lat' dir='ltr'><strong>providentiae</strong></span> <span class='ocrx_word' id='word_1_349' title='bbox 1692 2837 1932 2908; x_wconf 82' lang='lat' dir='ltr'><strong>cognitio</strong></span> <span class='ocrx_word' id='word_1_350' title='bbox 1971 2839 2133 2893; x_wconf 88' lang='lat' dir='ltr'><strong>insita</strong></span> 
     </span>
    </p>
   </div>
   <div class='ocr_carea' id='block_1_50' title="bbox 2245 1729 3733 1805">
    <p class='ocr_par' dir='ltr' id='par_1_50' title="bbox 2245 1729 3733 1805">
     <span class='ocr_line' id='line_1_50' title="bbox 2245 1729 3733 1805; baseline -0.005 -17"><span class='ocrx_word' id='word_1_351' title='bbox 2245 1733 2617 1805; x_wconf 80' lang='grc' dir='ltr'>συμφέροντα,</span> <span class='ocrx_word' id='word_1_352' title='bbox 2646 1732 2832 1804; x_wconf 69' lang='grc'><strong>(174,</strong></span> <span class='ocrx_word' id='word_1_353' title='bbox 2859 1733 2910 1804; x_wconf 88' lang='lat' dir='ltr'><strong>b)</strong></span> <span class='ocrx_word' id='word_1_354' title='bbox 2949 1733 3045 1786; x_wconf 73' lang='grc' dir='ltr'>καὶ</span> <span class='ocrx_word' id='word_1_355' title='bbox 3091 1732 3312 1794; x_wconf 85' lang='grc' dir='ltr'>δυνατὸς</span> <span class='ocrx_word' id='word_1_356' title='bbox 3367 1730 3457 1796; x_wconf 82' lang='grc' dir='ltr'><strong>ὢν,</strong></span> <span class='ocrx_word' id='word_1_357' title='bbox 3500 1731 3661 1801; x_wconf 82' lang='grc' dir='ltr'>μᾶλλον</span> <span class='ocrx_word' id='word_1_358' title='bbox 3695 1729 3733 1780; x_wconf 77' lang='grc' dir='ltr'>δὲ</span> 
     </span>
    </p>
   </div>
   <div class='ocr_carea' id='block_1_51' title="bbox 2243 1821 3733 1895">
    <p class='ocr_par' dir='ltr' id='par_1_51' title="bbox 2243 1821 3733 1895">
     <span class='ocr_line' id='line_1_51' title="bbox 2243 1821 3733 1895; baseline -0.005 -17"><span class='ocrx_word' id='word_1_359' title='bbox 2243 1824 2698 1895; x_wconf 83' lang='grc' dir='ltr'>ἀπειροδύναμος,</span> <span class='ocrx_word' id='word_1_360' title='bbox 2734 1825 2949 1893; x_wconf 75' lang='grc' dir='ltr'><strong>ἐνεργεῖ</strong></span> <span class='ocrx_word' id='word_1_361' title='bbox 2987 1824 3203 1886; x_wconf 88' lang='grc' dir='ltr'>πάντως</span> <span class='ocrx_word' id='word_1_362' title='bbox 3233 1821 3538 1892; x_wconf 81' lang='grc' dir='ltr'>θεοπρεπῶς</span> <span class='ocrx_word' id='word_1_363' title='bbox 3571 1823 3618 1874; x_wconf 79' lang='grc' dir='ltr'><strong>ὲν</strong></span> <span class='ocrx_word' id='word_1_364' title='bbox 3642 1823 3733 1872; x_wconf 63' lang='lat' dir='ltr'><strong>nia</strong></span> 
     </span>
    </p>
   </div>
   <div class='ocr_carea' id='block_1_52' title="bbox 2239 1910 3736 1986">
    <p class='ocr_par' dir='ltr' id='par_1_52' title="bbox 2239 1910 3736 1986">
     <span class='ocr_line' id='line_1_52' title="bbox 2239 1910 3736 1986; baseline -0.007 -14"><span class='ocrx_word' id='word_1_365' title='bbox 2239 1919 2309 1972; x_wconf 84' lang='grc' dir='ltr'><strong>τά</strong></span> <span class='ocrx_word' id='word_1_366' title='bbox 2341 1917 2663 1986; x_wconf 75' lang='grc' dir='ltr'><strong>ἐγνωσμένα</strong></span> <span class='ocrx_word' id='word_1_367' title='bbox 2688 1914 2838 1986; x_wconf 82' lang='grc' dir='ltr'>αὐτῷ</span> <span class='ocrx_word' id='word_1_368' title='bbox 2875 1915 2971 1968; x_wconf 80' lang='grc' dir='ltr'>καὶ</span> <span class='ocrx_word' id='word_1_369' title='bbox 3005 1914 3378 1984; x_wconf 77' lang='grc' dir='ltr'>βεϐουλημένα</span> <span class='ocrx_word' id='word_1_370' title='bbox 3405 1912 3567 1975; x_wconf 81' lang='grc' dir='ltr'>καλῶς</span> <span class='ocrx_word' id='word_1_371' title='bbox 3601 1913 3634 1942; x_wconf 82' lang='lat'>“</span> <span class='ocrx_word' id='word_1_372' title='bbox 3671 1910 3736 1963; x_wconf 71' lang='grc' dir='ltr'>καὶ</span> 
     </span>
    </p>
   </div>
   <div class='ocr_carea' id='block_1_53' title="bbox 2244 2000 3735 2079">
    <p class='ocr_par' dir='ltr' id='par_1_53' title="bbox 2244 2000 3735 2079">
     <span class='ocr_line' id='line_1_53' title="bbox 2244 2000 3735 2079; baseline -0.007 -17"><span class='ocrx_word' id='word_1_373' title='bbox 2244 2007 2614 2079; x_wconf 82' lang='grc' dir='ltr'>συμφέροντα,</span> <span class='ocrx_word' id='word_1_374' title='bbox 2664 2005 2739 2069; x_wconf 84' lang='grc' dir='ltr'><strong>ὡς</strong></span> <span class='ocrx_word' id='word_1_375' title='bbox 2787 2005 2991 2072; x_wconf 86' lang='grc' dir='ltr'>ἀγαθὸς</span> <span class='ocrx_word' id='word_1_376' title='bbox 3022 2006 3114 2058; x_wconf 72' lang='grc' dir='ltr'>καὶ</span> <span class='ocrx_word' id='word_1_377' title='bbox 3140 2003 3304 2071; x_wconf 78' lang='grc' dir='ltr'>σοφὸς</span> <span class='ocrx_word' id='word_1_378' title='bbox 3336 2003 3427 2057; x_wconf 74' lang='grc' dir='ltr'><strong>καὶ</strong></span> <span class='ocrx_word' id='word_1_379' title='bbox 3453 2000 3661 2064; x_wconf 76' lang='grc' dir='ltr'>δυνατὸς,</span> <span class='ocrx_word' id='word_1_380' title='bbox 3681 2001 3735 2052; x_wconf 81' lang='grc' dir='ltr'>δι-</span> 
     </span>
    </p>
   </div>
   <div class='ocr_carea' id='block_1_54' title="bbox 2242 2095 3736 2172">
    <p class='ocr_par' dir='ltr' id='par_1_54' title="bbox 2242 2095 3736 2172">
     <span class='ocr_line' id='line_1_54' title="bbox 2242 2095 3736 2172; baseline -0.008 -15"><span class='ocrx_word' id='word_1_381' title='bbox 2242 2103 2390 2157; x_wconf 77' lang='grc' dir='ltr'>ικνού</span> <span class='ocrx_word' id='word_1_382' title='bbox 2399 2118 2558 2172; x_wconf 83' lang='grc' dir='ltr'>μενος</span> <span class='ocrx_word' id='word_1_383' title='bbox 2589 2100 2680 2154; x_wconf 83' lang='grc' dir='ltr'>διὰ</span> <span class='ocrx_word' id='word_1_384' title='bbox 2705 2101 2922 2154; x_wconf 86' lang='grc' dir='ltr'>πάντων</span> <span class='ocrx_word' id='word_1_385' title='bbox 2947 2099 3057 2152; x_wconf 91' lang='grc' dir='ltr'><strong>τῶν</strong></span> <span class='ocrx_word' id='word_1_386' title='bbox 3078 2116 3136 2152; x_wconf 88' lang='grc' dir='ltr'>τε</span> <span class='ocrx_word' id='word_1_387' title='bbox 3161 2099 3373 2170; x_wconf 77' lang='grc' dir='ltr'>ὁρατῶν</span> <span class='ocrx_word' id='word_1_388' title='bbox 3396 2098 3484 2151; x_wconf 68' lang='grc' dir='ltr'>καὶ</span> <span class='ocrx_word' id='word_1_389' title='bbox 3501 2096 3594 2150; x_wconf 83' lang='grc' dir='ltr'><strong>τῶν</strong></span> <span class='ocrx_word' id='word_1_390' title='bbox 3618 2095 3736 2164; x_wconf 59' lang='lat' dir='ltr'><strong>dopt-</strong></span> 
     </span>
    </p>
   </div>
   <div class='ocr_carea' id='block_1_55' title="bbox 2240 2189 3736 2261">
    <p class='ocr_par' dir='ltr' id='par_1_55' title="bbox 2240 2189 3736 2261">
     <span class='ocr_line' id='line_1_55' title="bbox 2240 2189 3736 2261; baseline -0.009 -12"><span class='ocrx_word' id='word_1_391' title='bbox 2240 2213 2368 2260; x_wconf 81' lang='grc' dir='ltr'>των,</span> <span class='ocrx_word' id='word_1_392' title='bbox 2405 2195 2499 2247; x_wconf 76' lang='grc' dir='ltr'>καὶ</span> <span class='ocrx_word' id='word_1_393' title='bbox 2529 2193 2636 2246; x_wconf 90' lang='grc' dir='ltr'><strong>τῶν</strong></span> <span class='ocrx_word' id='word_1_394' title='bbox 2663 2192 2891 2247; x_wconf 81' lang='grc' dir='ltr'>καθόλου</span> <span class='ocrx_word' id='word_1_395' title='bbox 2925 2191 3019 2246; x_wconf 78' lang='grc' dir='ltr'>καὶ</span> <span class='ocrx_word' id='word_1_396' title='bbox 3046 2190 3154 2244; x_wconf 91' lang='grc' dir='ltr'><strong>τῶν</strong></span> <span class='ocrx_word' id='word_1_397' title='bbox 3181 2189 3440 2261; x_wconf 83' lang='grc' dir='ltr'><strong>μερικῶν,</strong></span> <span class='ocrx_word' id='word_1_398' title='bbox 3463 2189 3545 2242; x_wconf 80' lang='grc' dir='ltr'>καὶ</span> <span class='ocrx_word' id='word_1_399' title='bbox 3568 2189 3656 2239; x_wconf 83' lang='grc' dir='ltr'><strong>τῶν</strong></span> <span class='ocrx_word' id='word_1_400' title='bbox 3674 2205 3736 2256; x_wconf 81' lang='grc' dir='ltr'>μι-</span> 
     </span>
    </p>
   </div>
   <div class='ocr_carea' id='block_1_56' title="bbox 2239 2277 3740 2357">
    <p class='ocr_par' dir='ltr' id='par_1_56' title="bbox 2239 2277 3740 2357">
     <span class='ocr_line' id='line_1_56' title="bbox 2239 2277 3740 2357; baseline -0.007 -18"><span class='ocrx_word' id='word_1_401' title='bbox 2239 2287 2389 2357; x_wconf 90' lang='grc' dir='ltr'>κρῶν</span> <span class='ocrx_word' id='word_1_402' title='bbox 2441 2287 2536 2340; x_wconf 72' lang='grc' dir='ltr'>καὶ</span> <span class='ocrx_word' id='word_1_403' title='bbox 2590 2287 2698 2339; x_wconf 89' lang='grc' dir='ltr'><strong>τῶν</strong></span> <span class='ocrx_word' id='word_1_404' title='bbox 2765 2284 3037 2356; x_wconf 86' lang='grc' dir='ltr'>μεγάλων,</span> <span class='ocrx_word' id='word_1_405' title='bbox 3092 2284 3189 2336; x_wconf 73' lang='grc' dir='ltr'>καὶ</span> <span class='ocrx_word' id='word_1_406' title='bbox 3245 2283 3461 2336; x_wconf 83' lang='grc' dir='ltr'>πάντων</span> <span class='ocrx_word' id='word_1_407' title='bbox 3503 2281 3596 2333; x_wconf 82' lang='grc' dir='ltr'><strong>τῶν</strong></span> <span class='ocrx_word' id='word_1_408' title='bbox 3637 2277 3740 2331; x_wconf 68' lang='grc' dir='ltr'>κατὰ</span> 
     </span>
    </p>
   </div>
   <div class='ocr_carea' id='block_1_57' title="bbox 2239 2369 3739 2449">
    <p class='ocr_par' dir='ltr' id='par_1_57' title="bbox 2239 2369 3739 2449">
     <span class='ocr_line' id='line_1_57' title="bbox 2239 2369 3739 2449; baseline -0.01 -17"><span class='ocrx_word' id='word_1_409' title='bbox 2239 2380 2420 2433; x_wconf 82' lang='grc' dir='ltr'>πᾶσαν</span> <span class='ocrx_word' id='word_1_410' title='bbox 2443 2378 2541 2449; x_wconf 82' lang='grc' dir='ltr'>τὴν</span> <span class='ocrx_word' id='word_1_411' title='bbox 2566 2376 2780 2431; x_wconf 81' lang='grc' dir='ltr'>οἱανοῦν</span> <span class='ocrx_word' id='word_1_412' title='bbox 2806 2377 2992 2430; x_wconf 75' lang='grc' dir='ltr'>οὐσίαν</span> <span class='ocrx_word' id='word_1_413' title='bbox 3029 2375 3091 2428; x_wconf 83' lang='grc' dir='ltr'><strong>τὸ</strong></span> <span class='ocrx_word' id='word_1_414' title='bbox 3144 2370 3288 2427; x_wconf 83' lang='grc' dir='ltr'>εἶναι</span> <span class='ocrx_word' id='word_1_415' title='bbox 3345 2373 3576 2443; x_wconf 73' lang='grc' dir='ltr'>ἐχόντων,</span> <span class='ocrx_word' id='word_1_416' title='bbox 3617 2369 3739 2438; x_wconf 70' lang='grc' dir='ltr'>μηδὲν</span> 
     </span>
    </p>
   </div>
   <div class='ocr_carea' id='block_1_58' title="bbox 2239 2460 3740 2542">
    <p class='ocr_par' dir='ltr' id='par_1_58' title="bbox 2239 2460 3740 2542">
     <span class='ocr_line' id='line_1_58' title="bbox 2239 2460 3740 2542; baseline -0.009 -17"><span class='ocrx_word' id='word_1_417' title='bbox 2239 2473 2416 2542; x_wconf 81' lang='grc' dir='ltr'>ὑφιεὶς</span> <span class='ocrx_word' id='word_1_418' title='bbox 2441 2471 2540 2540; x_wconf 81' lang='grc' dir='ltr'>τῆς</span> <span class='ocrx_word' id='word_1_419' title='bbox 2562 2471 2704 2524; x_wconf 84' lang='grc' dir='ltr'>κατὰ</span> <span class='ocrx_word' id='word_1_420' title='bbox 2731 2469 2830 2538; x_wconf 86' lang='grc' dir='ltr'><strong>τὴν</strong></span> <span class='ocrx_word' id='word_1_421' title='bbox 2854 2468 3170 2536; x_wconf 83' lang='grc' dir='ltr'>ἁγαθὸτητα</span> <span class='ocrx_word' id='word_1_422' title='bbox 3199 2469 3294 2520; x_wconf 59' lang='grc' dir='ltr'><strong>καὶ⁵</strong></span> <span class='ocrx_word' id='word_1_423' title='bbox 3336 2466 3429 2537; x_wconf 84' lang='grc' dir='ltr'>τὴν</span> <span class='ocrx_word' id='word_1_424' title='bbox 3469 2463 3634 2532; x_wconf 81' lang='grc' dir='ltr'>σοφίαν</span> <span class='ocrx_word' id='word_1_425' title='bbox 3671 2460 3740 2513; x_wconf 64' lang='grc' dir='ltr'>καὶ</span> 
     </span>
    </p>
   </div>
   <div class='ocr_carea' id='block_1_59' title="bbox 2236 2551 3742 2635">
    <p class='ocr_par' dir='ltr' id='par_1_59' title="bbox 2236 2551 3742 2635">
     <span class='ocr_line' id='line_1_59' title="bbox 2236 2551 3742 2635; baseline -0.011 -17"><span class='ocrx_word' id='word_1_426' title='bbox 2236 2565 2334 2635; x_wconf 84' lang='grc' dir='ltr'>τὴν</span> <span class='ocrx_word' id='word_1_427' title='bbox 2353 2563 2586 2634; x_wconf 86' lang='grc' dir='ltr'>δύναμιν</span> <span class='ocrx_word' id='word_1_428' title='bbox 2617 2561 2901 2632; x_wconf 81' lang='grc' dir='ltr'>ἀπειρίας,</span> <span class='ocrx_word' id='word_1_429' title='bbox 2926 2551 3020 2613; x_wconf 77' lang='grc' dir='ltr'>καὶ</span> <span class='ocrx_word' id='word_1_430' title='bbox 3041 2561 3218 2613; x_wconf 84' lang='grc' dir='ltr'>πάντα</span> <span class='ocrx_word' id='word_1_431' title='bbox 3247 2559 3392 2612; x_wconf 82' lang='grc' dir='ltr'>κατὰ</span> <span class='ocrx_word' id='word_1_432' title='bbox 3427 2557 3511 2609; x_wconf 75' lang='grc' dir='ltr'>τὸν</span> <span class='ocrx_word' id='word_1_433' title='bbox 3551 2555 3742 2609; x_wconf 75' lang='grc' dir='ltr'>ἑκάστων</span> 
     </span>
    </p>
   </div>
   <div class='ocr_carea' id='block_1_60' title="bbox 2234 2648 3741 2726">
    <p class='ocr_par' dir='ltr' id='par_1_60' title="bbox 2234 2648 3741 2726">
     <span class='ocr_line' id='line_1_60' title="bbox 2234 2648 3741 2726; baseline -0.011 -13"><span class='ocrx_word' id='word_1_434' title='bbox 2234 2658 2328 2713; x_wconf 84' lang='grc' dir='ltr'><strong>τοῦ</strong></span> <span class='ocrx_word' id='word_1_435' title='bbox 2357 2655 2496 2711; x_wconf 77' lang='grc' dir='ltr'>εἶναι</span> <span class='ocrx_word' id='word_1_436' title='bbox 2524 2658 2682 2724; x_wconf 82' lang='grc' dir='ltr'>λόγον</span> <span class='ocrx_word' id='word_1_437' title='bbox 2717 2657 2852 2726; x_wconf 86' lang='grc' dir='ltr'>πρός</span> <span class='ocrx_word' id='word_1_438' title='bbox 2880 2673 2937 2708; x_wconf 90' lang='grc' dir='ltr'><strong>τε</strong></span> <span class='ocrx_word' id='word_1_439' title='bbox 2969 2655 3138 2710; x_wconf 79' lang='grc' dir='ltr'>ἑαυτὰ</span> <span class='ocrx_word' id='word_1_440' title='bbox 3173 2655 3268 2709; x_wconf 66' lang='grc' dir='ltr'>καὶ</span> <span class='ocrx_word' id='word_1_441' title='bbox 3307 2652 3502 2724; x_wconf 76' lang='grc' dir='ltr'>ἄλληλα</span> <span class='ocrx_word' id='word_1_442' title='bbox 3531 2649 3647 2703; x_wconf 82' lang='grc' dir='ltr'>κατά</span> <span class='ocrx_word' id='word_1_443' title='bbox 3668 2648 3741 2708; x_wconf 72' lang='grc' dir='ltr'>τὴν</span> 
     </span>
    </p>
   </div>
   <div class='ocr_carea' id='block_1_61' title="bbox 2235 2739 3742 2818">
    <p class='ocr_par' dir='ltr' id='par_1_61' title="bbox 2235 2739 3742 2818">
     <span class='ocr_line' id='line_1_61' title="bbox 2235 2739 3742 2818; baseline -0.01 -13"><span class='ocrx_word' id='word_1_444' title='bbox 2235 2751 2522 2806; x_wconf 77' lang='grc' dir='ltr'>ἀδιάλυτον</span> <span class='ocrx_word' id='word_1_445' title='bbox 2553 2749 2770 2803; x_wconf 88' lang='grc' dir='ltr'>πάντων</span> <span class='ocrx_word' id='word_1_446' title='bbox 2811 2747 3069 2817; x_wconf 78' lang='grc' dir='ltr'>σχετικὴν</span> <span class='ocrx_word' id='word_1_447' title='bbox 3095 2746 3364 2818; x_wconf 76' lang='grc' dir='ltr'>ἁρμονίαν</span> <span class='ocrx_word' id='word_1_448' title='bbox 3403 2761 3459 2796; x_wconf 90' lang='grc' dir='ltr'><strong>τε</strong></span> <span class='ocrx_word' id='word_1_449' title='bbox 3489 2743 3571 2796; x_wconf 77' lang='grc' dir='ltr'>καὶ</span> <span class='ocrx_word' id='word_1_450' title='bbox 3606 2739 3742 2806; x_wconf 86' lang='grc' dir='ltr'>διαμο-</span> 
     </span>
    </p>
   </div>
   <div class='ocr_carea' id='block_1_62' title="bbox 2234 2835 3739 2914">
    <p class='ocr_par' dir='ltr' id='par_1_62' title="bbox 2234 2835 3739 2914">
     <span class='ocr_line' id='line_1_62' title="bbox 2234 2835 3739 2914; baseline -0.01 -18"><span class='ocrx_word' id='word_1_451' title='bbox 2234 2844 2332 2914; x_wconf 81' lang='grc' dir='ltr'><strong>νὴν</strong></span> <span class='ocrx_word' id='word_1_452' title='bbox 2367 2841 2670 2912; x_wconf 88' lang='grc' dir='ltr'>συντηρῶν.</span> <span class='ocrx_word' id='word_1_453' title='bbox 2699 2839 2764 2892; x_wconf 87' lang='grc' dir='ltr'>Τί</span> <span class='ocrx_word' id='word_1_454' title='bbox 2796 2840 2874 2905; x_wconf 80' lang='grc' dir='ltr'><strong>δὲ,</strong></span> <span class='ocrx_word' id='word_1_455' title='bbox 2906 2839 3080 2909; x_wconf 78' lang='grc' dir='ltr'>αὐτὴν</span> <span class='ocrx_word' id='word_1_456' title='bbox 3109 2838 3234 2892; x_wconf 87' lang='grc' dir='ltr'>καθ’</span> <span class='ocrx_word' id='word_1_457' title='bbox 3270 2837 3474 2906; x_wconf 76' lang='grc' dir='ltr'>ἑαυτὴν</span> <span class='ocrx_word' id='word_1_458' title='bbox 3513 2835 3567 2886; x_wconf 80' lang='grc' dir='ltr'>οὐ</span> <span class='ocrx_word' id='word_1_459' title='bbox 3612 2845 3739 2884; x_wconf 66' lang='lat' dir='ltr'><strong>mta-</strong></span> 
     </span>
    </p>
   </div>
   <div class='ocr_carea' id='block_1_63' title="bbox 565 2918 2137 3006">
    <p class='ocr_par' dir='ltr' id='par_1_63' title="bbox 565 2924 2135 2998">
     <span class='ocr_line' id='line_1_63' title="bbox 565 2924 2135 2998; baseline 0.005 -21"><span class='ocrx_word' id='word_1_460' title='bbox 565 2925 656 2988; x_wconf 88' lang='lat' dir='ltr'><strong>sit,</strong></span> <span class='ocrx_word' id='word_1_461' title='bbox 697 2924 813 2994; x_wconf 90' lang='lat' dir='ltr'><strong>ipsa</strong></span> <span class='ocrx_word' id='word_1_462' title='bbox 863 2935 1063 2981; x_wconf 89' lang='lat' dir='ltr'><strong>natura</strong></span> <span class='ocrx_word' id='word_1_463' title='bbox 1113 2928 1259 2982; x_wconf 90' lang='lat' dir='ltr'><strong>haud</strong></span> <span class='ocrx_word' id='word_1_464' title='bbox 1305 2930 1562 2998; x_wconf 77' lang='lat' dir='ltr'><strong>exiguum</strong></span> <span class='ocrx_word' id='word_1_465' title='bbox 1595 2929 1801 2998; x_wconf 56' lang='lat' dir='ltr'><strong>praebet</strong></span> <span class='ocrx_word' id='word_1_466' title='bbox 1835 2930 2135 2986; x_wconf 85' lang='lat' dir='ltr'><strong>documen-</strong></span> 
     </span>
    </p>
   </div>
   <div class='ocr_carea' id='block_1_64' title="bbox 2235 2918 3742 3006">
    <p class='ocr_par' dir='ltr' id='par_1_64' title="bbox 2237 2918 3742 3006">
     <span class='ocr_line' id='line_1_64' title="bbox 2237 2918 3742 3006; baseline -0.012 -15"><span class='ocrx_word' id='word_1_467' title='bbox 2237 2937 2466 3006; x_wconf 82' lang='grc' dir='ltr'>νοοῦμεν</span> <span class='ocrx_word' id='word_1_468' title='bbox 2499 2934 2598 3006; x_wconf 80' lang='grc' dir='ltr'>τὴν</span> <span class='ocrx_word' id='word_1_469' title='bbox 2628 2931 2790 3001; x_wconf 82' lang='grc' dir='ltr'>φύσιν</span> <span class='ocrx_word' id='word_1_470' title='bbox 2812 2931 2942 3000; x_wconf 76' lang='grc' dir='ltr'>περὶ</span> <span class='ocrx_word' id='word_1_471' title='bbox 2969 2929 3061 2983; x_wconf 88' lang='grc' dir='ltr'><strong>τοῦ</strong></span> <span class='ocrx_word' id='word_1_472' title='bbox 3085 2926 3226 2983; x_wconf 78' lang='grc' dir='ltr'>εἷναι</span> <span class='ocrx_word' id='word_1_473' title='bbox 3255 2927 3360 2999; x_wconf 77' lang='grc' dir='ltr'>τὴν</span> <span class='ocrx_word' id='word_1_474' title='bbox 3389 2928 3477 2979; x_wconf 77' lang='grc' dir='ltr'><strong>ἐπὶ</strong></span> <span class='ocrx_word' id='word_1_475' title='bbox 3499 2924 3650 2978; x_wconf 80' lang='grc' dir='ltr'>πάντα</span> <span class='ocrx_word' id='word_1_476' title='bbox 3673 2918 3742 2970; x_wconf 73' lang='grc' dir='ltr'><strong>τοῦ</strong></span> 
     </span>
    </p>
   </div>
   <div class='ocr_carea' id='block_1_65' title="bbox 565 3017 2132 3089">
    <p class='ocr_par' dir='ltr' id='par_1_65' title="bbox 565 3017 2132 3089">
     <span class='ocr_line' id='line_1_65' title="bbox 565 3017 2132 3089; baseline 0.006 -21"><span class='ocrx_word' id='word_1_477' title='bbox 565 3024 702 3078; x_wconf 89' lang='lat' dir='ltr'><strong>tum,</strong></span> <span class='ocrx_word' id='word_1_478' title='bbox 749 3017 972 3084; x_wconf 89' lang='lat' dir='ltr'><strong>quando</strong></span> <span class='ocrx_word' id='word_1_479' title='bbox 989 3032 1102 3072; x_wconf 90' lang='lat' dir='ltr'><strong>.nos</strong></span> <span class='ocrx_word' id='word_1_480' title='bbox 1133 3019 1283 3073; x_wconf 89' lang='lat' dir='ltr'><strong>nulla</strong></span> <span class='ocrx_word' id='word_1_481' title='bbox 1328 3020 1528 3089; x_wconf 64' lang='lat' dir='ltr'><strong>praevia</strong></span> <span class='ocrx_word' id='word_1_482' title='bbox 1577 3020 1924 3076; x_wconf 86' lang='lat' dir='ltr'><strong>institutione</strong></span> <span class='ocrx_word' id='word_1_483' title='bbox 1965 3020 2132 3077; x_wconf 64' lang='lat' dir='ltr'><strong>veluti</strong></span> 
     </span>
    </p>
   </div>
   <div class='ocr_carea' id='block_1_66' title="bbox 563 3108 2136 3180">
    <p class='ocr_par' dir='ltr' id='par_1_66' title="bbox 563 3108 2136 3180">
     <span class='ocr_line' id='line_1_66' title="bbox 563 3108 2136 3180; baseline 0.006 -21"><span class='ocrx_word' id='word_1_484' title='bbox 563 3109 894 3175; x_wconf 73' lang='lat' dir='ltr'><strong>pronulsans</strong></span> <span class='ocrx_word' id='word_1_485' title='bbox 926 3108 992 3162; x_wconf 89' lang='lat' dir='ltr'><strong>ad</strong></span> <span class='ocrx_word' id='word_1_486' title='bbox 1025 3110 1196 3164; x_wconf 90' lang='lat' dir='ltr'><strong>Deum</strong></span> <span class='ocrx_word' id='word_1_487' title='bbox 1223 3125 1322 3178; x_wconf 89' lang='lat' dir='ltr'><strong>per</strong></span> <span class='ocrx_word' id='word_1_488' title='bbox 1350 3126 1545 3180; x_wconf 90' lang='lat' dir='ltr'><strong>preces</strong></span> <span class='ocrx_word' id='word_1_489' title='bbox 1583 3112 1640 3165; x_wconf 92' lang='lat' dir='ltr'><strong>in</strong></span> <span class='ocrx_word' id='word_1_490' title='bbox 1679 3112 1879 3166; x_wconf 90' lang='lat' dir='ltr'><strong>subitis</strong></span> <span class='ocrx_word' id='word_1_491' title='bbox 1918 3113 2136 3169; x_wconf 88' lang='lat' dir='ltr'><strong>casibus</strong></span> 
     </span>
    </p>
   </div>
   <div class='ocr_carea' id='block_1_67' title="bbox 564 3197 2134 3272">
    <p class='ocr_par' dir='ltr' id='par_1_67' title="bbox 564 3197 2134 3272">
     <span class='ocr_line' id='line_1_67' title="bbox 564 3197 2134 3272; baseline 0.006 -22"><span class='ocrx_word' id='word_1_492' title='bbox 564 3197 715 3250; x_wconf 89' lang='lat' dir='ltr'><strong>illinc</strong></span> <span class='ocrx_word' id='word_1_493' title='bbox 735 3199 966 3252; x_wconf 89' lang='lat' dir='ltr'><strong>salutem</strong></span> <span class='ocrx_word' id='word_1_494' title='bbox 989 3215 1234 3268; x_wconf 62' lang='lat' dir='ltr'><strong>quaerere</strong></span> <span class='ocrx_word' id='word_1_495' title='bbox 1257 3202 1501 3256; x_wconf 85' lang='lat' dir='ltr'><strong>instruit.</strong></span> <span class='ocrx_word' id='word_1_496' title='bbox 1523 3201 1967 3272; x_wconf 84' lang='lat' dir='ltr'><strong>Quotiescunque</strong></span> <span class='ocrx_word' id='word_1_497' title='bbox 1987 3204 2134 3259; x_wconf 88' lang='lat' dir='ltr'><strong>enim</strong></span> 
     </span>
    </p>
   </div>
   <div class='ocr_carea' id='block_1_68' title="bbox 538 3287 2136 3362">
    <p class='ocr_par' dir='ltr' id='par_1_68' title="bbox 538 3287 2136 3362">
     <span class='ocr_line' id='line_1_68' title="bbox 538 3287 2136 3362; baseline 0.003 -19"><span class='ocrx_word' id='word_1_498' title='bbox 538 3287 750 3353; x_wconf 86' lang='lat' dir='ltr'><strong>subito</strong></span> <span class='ocrx_word' id='word_1_499' title='bbox 796 3291 1125 3344; x_wconf 87' lang='lat' dir='ltr'><strong>necessitate</strong></span> <span class='ocrx_word' id='word_1_500' title='bbox 1171 3291 1353 3361; x_wconf 90' lang='lat' dir='ltr'><strong>aliqua</strong></span> <span class='ocrx_word' id='word_1_501' title='bbox 1395 3292 1935 3362; x_wconf 88' lang='lat' dir='ltr'><strong>comprehendimur,</strong></span> <span class='ocrx_word' id='word_1_502' title='bbox 1981 3296 2136 3349; x_wconf 89' lang='lat' dir='ltr'><strong>invo-</strong></span> 
     </span>
    </p>
   </div>
   <div class='ocr_carea' id='block_1_69' title="bbox 566 3377 2134 3450">
    <p class='ocr_par' dir='ltr' id='par_1_69' title="bbox 566 3377 2134 3450">
     <span class='ocr_line' id='line_1_69' title="bbox 566 3377 2134 3450; baseline 0.005 -20"><span class='ocrx_word' id='word_1_503' title='bbox 566 3377 824 3444; x_wconf 85' lang='lat' dir='ltr'><strong>luntarie,</strong></span> <span class='ocrx_word' id='word_1_504' title='bbox 854 3380 971 3435; x_wconf 89' lang='lat' dir='ltr'><strong>sine</strong></span> <span class='ocrx_word' id='word_1_505' title='bbox 998 3382 1107 3435; x_wconf 91' lang='lat' dir='ltr'><strong>ulla</strong></span> <span class='ocrx_word' id='word_1_506' title='bbox 1133 3383 1332 3450; x_wconf 83' lang='lat' dir='ltr'><strong>praevia</strong></span> <span class='ocrx_word' id='word_1_507' title='bbox 1355 3383 1816 3447; x_wconf 89' lang='lat' dir='ltr'><strong>consideratione,</strong></span> <span class='ocrx_word' id='word_1_508' title='bbox 1843 3384 2014 3437; x_wconf 88' lang='lat' dir='ltr'><strong>Deum</strong></span> <span class='ocrx_word' id='word_1_509' title='bbox 2050 3383 2134 3438; x_wconf 89' lang='lat' dir='ltr'><strong>in-</strong></span> 
     </span>
    </p>
   </div>
   <div class='ocr_carea' id='block_1_70' title="bbox 565 3468 2136 3542">
    <p class='ocr_par' dir='ltr' id='par_1_70' title="bbox 565 3468 2136 3542">
     <span class='ocr_line' id='line_1_70' title="bbox 565 3468 2136 3542; baseline 0.006 -23"><span class='ocrx_word' id='word_1_510' title='bbox 565 3481 761 3521; x_wconf 86' lang='lat' dir='ltr'><strong>vocare</strong></span> <span class='ocrx_word' id='word_1_511' title='bbox 791 3468 1054 3534; x_wconf 89' lang='lat' dir='ltr'><strong>solemus,</strong></span> <span class='ocrx_word' id='word_1_512' title='bbox 1100 3477 1358 3539; x_wconf 89' lang='lat' dir='ltr'><strong>tanquam</strong></span> <span class='ocrx_word' id='word_1_513' title='bbox 1393 3471 1438 3524; x_wconf 91' lang='lat' dir='ltr'><strong>si</strong></span> <span class='ocrx_word' id='word_1_514' title='bbox 1486 3471 1604 3542; x_wconf 91' lang='lat' dir='ltr'><strong>ipsa</strong></span> <span class='ocrx_word' id='word_1_515' title='bbox 1647 3471 1992 3541; x_wconf 89' lang='lat' dir='ltr'><strong>providentia</strong></span> <span class='ocrx_word' id='word_1_516' title='bbox 2031 3488 2136 3528; x_wconf 90' lang='lat' dir='ltr'><strong>nos</strong></span> 
     </span>
    </p>
   </div>
   <div class='ocr_carea' id='block_1_71' title="bbox 563 3556 2135 3628">
    <p class='ocr_par' dir='ltr' id='par_1_71' title="bbox 563 3556 2135 3628">
     <span class='ocr_line' id='line_1_71' title="bbox 563 3556 2135 3628; baseline 0.004 -19"><span class='ocrx_word' id='word_1_517' title='bbox 563 3556 632 3610; x_wconf 87' lang='lat' dir='ltr'><strong>ad</strong></span> <span class='ocrx_word' id='word_1_518' title='bbox 669 3572 749 3621; x_wconf 88' lang='lat' dir='ltr'><strong>se,</strong></span> <span class='ocrx_word' id='word_1_519' title='bbox 776 3558 944 3614; x_wconf 91' lang='lat' dir='ltr'><strong>nullis</strong></span> <span class='ocrx_word' id='word_1_520' title='bbox 983 3560 1230 3614; x_wconf 90' lang='lat' dir='ltr'><strong>consiliis</strong></span> <span class='ocrx_word' id='word_1_521' title='bbox 1272 3560 1761 3623; x_wconf 86' lang='lat' dir='ltr'><strong>intercedentibus,</strong></span> <span class='ocrx_word' id='word_1_522' title='bbox 1796 3562 2054 3628; x_wconf 85' lang='lat' dir='ltr'><strong>attrahat,</strong></span> <span class='ocrx_word' id='word_1_523' title='bbox 2078 3569 2135 3618; x_wconf 82' lang='lat' dir='ltr'><strong>et</strong></span> 
     </span>
    </p>
   </div>
   <div class='ocr_carea' id='block_1_72' title="bbox 564 3648 2133 3716">
    <p class='ocr_par' dir='ltr' id='par_1_72' title="bbox 564 3648 2133 3716">
     <span class='ocr_line' id='line_1_72' title="bbox 564 3648 2133 3716; baseline 0.004 -16"><span class='ocrx_word' id='word_1_524' title='bbox 564 3648 820 3702; x_wconf 85' lang='lat' dir='ltr'><strong>mentalis</strong></span> <span class='ocrx_word' id='word_1_525' title='bbox 855 3650 939 3704; x_wconf 90' lang='lat' dir='ltr'><strong>vis</strong></span> <span class='ocrx_word' id='word_1_526' title='bbox 977 3660 1179 3705; x_wconf 66' lang='lat' dir='ltr'><strong>nostra:</strong></span> <span class='ocrx_word' id='word_1_527' title='bbox 1219 3652 1565 3707; x_wconf 88' lang='lat' dir='ltr'><strong>velocitatem</strong></span> <span class='ocrx_word' id='word_1_528' title='bbox 1618 3662 1945 3716; x_wconf 88' lang='lat' dir='ltr'><strong>antevertat,</strong></span> <span class='ocrx_word' id='word_1_529' title='bbox 1991 3653 2133 3707; x_wconf 89' lang='lat' dir='ltr'><strong>divi-</strong></span> 
     </span>
    </p>
   </div>
   <div class='ocr_carea' id='block_1_73' title="bbox 562 3741 2136 3812">
    <p class='ocr_par' dir='ltr' id='par_1_73' title="bbox 562 3741 2136 3812">
     <span class='ocr_line' id='line_1_73' title="bbox 562 3741 2136 3812; baseline 0.005 -21"><span class='ocrx_word' id='word_1_530' title='bbox 562 3753 803 3807; x_wconf 84' lang='lat' dir='ltr'><strong>numque</strong></span> <span class='ocrx_word' id='word_1_531' title='bbox 835 3741 1095 3796; x_wconf 89' lang='lat' dir='ltr'><strong>omnibus</strong></span> <span class='ocrx_word' id='word_1_532' title='bbox 1121 3742 1335 3797; x_wconf 67' lang='lat' dir='ltr'><strong>caeteris</strong></span> <span class='ocrx_word' id='word_1_533' title='bbox 1375 3743 1702 3812; x_wconf 66' lang='lat' dir='ltr'><strong>praesentius</strong></span> <span class='ocrx_word' id='word_1_534' title='bbox 1745 3743 2006 3797; x_wconf 81' lang='lat' dir='ltr'><strong>auxilium</strong></span> <span class='ocrx_word' id='word_1_535' title='bbox 2049 3760 2136 3799; x_wconf 85' lang='lat' dir='ltr'><strong>os-</strong></span> 
     </span>
    </p>
   </div>
   <div class='ocr_carea' id='block_1_74' title="bbox 566 3829 2133 3910">
    <p class='ocr_par' dir='ltr' id='par_1_74' title="bbox 566 3829 2133 3910">
     <span class='ocr_line' id='line_1_74' title="bbox 566 3829 2133 3910; baseline 0.003 -26"><span class='ocrx_word' id='word_1_536' title='bbox 566 3829 771 3910; x_wconf 77' lang='lat' dir='ltr'><strong>tendat.</strong></span> <span class='ocrx_word' id='word_1_537' title='bbox 798 3831 985 3901; x_wconf 87' lang='lat' dir='ltr'><strong>Neque</strong></span> <span class='ocrx_word' id='word_1_538' title='bbox 1007 3848 1137 3888; x_wconf 89' lang='lat' dir='ltr'><strong>vero</strong></span> <span class='ocrx_word' id='word_1_539' title='bbox 1165 3834 1534 3888; x_wconf 85' lang='lat' dir='ltr'><strong>involuntarie</strong></span> <span class='ocrx_word' id='word_1_540' title='bbox 1564 3845 1759 3888; x_wconf 89' lang='lat' dir='ltr'><strong>natura</strong></span> <span class='ocrx_word' id='word_1_541' title='bbox 1784 3851 1886 3889; x_wconf 92' lang='lat' dir='ltr'><strong>nos</strong></span> <span class='ocrx_word' id='word_1_542' title='bbox 1907 3835 1975 3889; x_wconf 90' lang='lat' dir='ltr'><strong>ad</strong></span> <span class='ocrx_word' id='word_1_543' title='bbox 2001 3833 2133 3889; x_wconf 91' lang='lat' dir='ltr'><strong>illud</strong></span> 
     </span>
    </p>
   </div>
   <div class='ocr_carea' id='block_1_75' title="bbox 561 3919 2136 3995">
    <p class='ocr_par' dir='ltr' id='par_1_75' title="bbox 561 3919 2136 3995">
     <span class='ocr_line' id='line_1_75' title="bbox 561 3919 2136 3995; baseline 0.004 -21"><span class='ocrx_word' id='word_1_544' title='bbox 561 3919 710 3986; x_wconf 89' lang='lat' dir='ltr'><strong>quod</strong></span> <span class='ocrx_word' id='word_1_545' title='bbox 739 3929 948 3976; x_wconf 76' lang='lat' dir='ltr'><strong>natura:</strong></span> <span class='ocrx_word' id='word_1_546' title='bbox 976 3937 1170 3991; x_wconf 82' lang='lat' dir='ltr'><strong>expers</strong></span> <span class='ocrx_word' id='word_1_547' title='bbox 1195 3933 1279 3978; x_wconf 89' lang='lat' dir='ltr'><strong>est</strong></span> <span class='ocrx_word' id='word_1_548' title='bbox 1311 3924 1630 3979; x_wconf 90' lang='lat' dir='ltr'><strong>deduceret.</strong></span> <span class='ocrx_word' id='word_1_549' title='bbox 1663 3925 1932 3980; x_wconf 87' lang='lat' dir='ltr'><strong>Nimirum</strong></span> <span class='ocrx_word' id='word_1_550' title='bbox 1962 3927 2136 3995; x_wconf 86' lang='lat' dir='ltr'><strong>quod-</strong></span> 
     </span>
    </p>
   </div>
   <div class='ocr_carea' id='block_1_76' title="bbox 562 4010 2136 4085">
    <p class='ocr_par' dir='ltr' id='par_1_76' title="bbox 562 4010 2136 4085">
     <span class='ocr_line' id='line_1_76' title="bbox 562 4010 2136 4085; baseline 0.006 -25"><span class='ocrx_word' id='word_1_551' title='bbox 562 4023 782 4077; x_wconf 90' lang='lat' dir='ltr'><strong>cunque</strong></span> <span class='ocrx_word' id='word_1_552' title='bbox 815 4010 1049 4064; x_wconf 81' lang='lat' dir='ltr'><strong>alterum</strong></span> <span class='ocrx_word' id='word_1_553' title='bbox 1080 4011 1376 4080; x_wconf 88' lang='lat' dir='ltr'><strong>quodpiam</strong></span> <span class='ocrx_word' id='word_1_554' title='bbox 1422 4014 1748 4069; x_wconf 83' lang='lat' dir='ltr'><strong>naturaliter</strong></span> <span class='ocrx_word' id='word_1_555' title='bbox 1775 4015 2046 4085; x_wconf 88' lang='lat' dir='ltr'><strong>sequitur,</strong></span> <span class='ocrx_word' id='word_1_556' title='bbox 2075 4024 2136 4071; x_wconf 91' lang='lat' dir='ltr'><strong>ut</strong></span> 
     </span>
    </p>
   </div>
   <div class='ocr_carea' id='block_1_77' title="bbox 561 4105 2136 4180">
    <p class='ocr_par' dir='ltr' id='par_1_77' title="bbox 561 4105 2136 4180">
     <span class='ocr_line' id='line_1_77' title="bbox 561 4105 2136 4180; baseline 0.007 -25"><span class='ocrx_word' id='word_1_557' title='bbox 561 4105 820 4158; x_wconf 88' lang='lat' dir='ltr'><strong>omnibus</strong></span> <span class='ocrx_word' id='word_1_558' title='bbox 844 4105 1163 4170; x_wconf 88' lang='lat' dir='ltr'><strong>obscurum,</strong></span> <span class='ocrx_word' id='word_1_559' title='bbox 1188 4106 1423 4161; x_wconf 87' lang='lat' dir='ltr'><strong>validam</strong></span> <span class='ocrx_word' id='word_1_560' title='bbox 1454 4107 1621 4162; x_wconf 87' lang='lat' dir='ltr'><strong>habet</strong></span> <span class='ocrx_word' id='word_1_561' title='bbox 1649 4108 2018 4180; x_wconf 90' lang='lat' dir='ltr'><strong>invictamque</strong></span> <span class='ocrx_word' id='word_1_562' title='bbox 2040 4111 2136 4166; x_wconf 88' lang='lat' dir='ltr'><strong>de-</strong></span> 
     </span>
    </p>
   </div>
   <div class='ocr_carea' id='block_1_78' title="bbox 563 4195 2130 4276">
    <p class='ocr_par' dir='ltr' id='par_1_78' title="bbox 563 4195 2130 4276">
     <span class='ocr_line' id='line_1_78' title="bbox 563 4195 2130 4276; baseline 0.009 -31"><span class='ocrx_word' id='word_1_563' title='bbox 563 4195 932 4250; x_wconf 70' lang='lat' dir='ltr'><strong>monstrandae</strong></span> <span class='ocrx_word' id='word_1_564' title='bbox 965 4197 1212 4252; x_wconf 86' lang='lat' dir='ltr'><strong>veritatis</strong></span> <span class='ocrx_word' id='word_1_565' title='bbox 1247 4199 1376 4254; x_wconf 91' lang='lat' dir='ltr'><strong>vim.</strong></span> <span class='ocrx_word' id='word_1_566' title='bbox 1403 4199 1460 4255; x_wconf 86' lang='lat' dir='ltr'><strong>Si</strong></span> <span class='ocrx_word' id='word_1_567' title='bbox 1498 4215 1630 4256; x_wconf 89' lang='lat' dir='ltr'><strong>vero</strong></span> <span class='ocrx_word' id='word_1_568' title='bbox 1656 4202 1784 4270; x_wconf 91' lang='lat' dir='ltr'><strong>quia</strong></span> <span class='ocrx_word' id='word_1_569' title='bbox 1824 4201 2130 4276; x_wconf 87' lang='lat' dir='ltr'><strong>impcrcep-</strong></span> 
     </span>
    </p>
   </div>
   <div class='ocr_carea' id='block_1_79' title="bbox 2235 3012 3742 3097">
    <p class='ocr_par' dir='ltr' id='par_1_79' title="bbox 2235 3012 3742 3097">
     <span class='ocr_line' id='line_1_79' title="bbox 2235 3012 3742 3097; baseline -0.008 -17"><span class='ocrx_word' id='word_1_570' title='bbox 2235 3028 2370 3081; x_wconf 83' lang='grc' dir='ltr'>Θεοῦ</span> <span class='ocrx_word' id='word_1_571' title='bbox 2399 3026 2659 3097; x_wconf 84' lang='grc' dir='ltr'>πρόνοιαν</span> <span class='ocrx_word' id='word_1_572' title='bbox 2693 3023 2878 3091; x_wconf 82' lang='grc' dir='ltr'>σαφῶς</span> <span class='ocrx_word' id='word_1_573' title='bbox 2905 3017 3070 3074; x_wconf 78' lang='grc' dir='ltr'>οὖσαν</span> <span class='ocrx_word' id='word_1_574' title='bbox 3094 3019 3460 3084; x_wconf 86' lang='grc' dir='ltr'>διδάσκαλον;</span> <span class='ocrx_word' id='word_1_575' title='bbox 3490 3012 3742 3081; x_wconf 75' lang='grc' dir='ltr'>Τεκμὴρεον</span> 
     </span>
    </p>
   </div>
   <div class='ocr_carea' id='block_1_80' title="bbox 2235 3100 3744 3189">
    <p class='ocr_par' dir='ltr' id='par_1_80' title="bbox 2235 3100 3744 3189">
     <span class='ocr_line' id='line_1_80' title="bbox 2235 3100 3744 3189; baseline -0.013 -17"><span class='ocrx_word' id='word_1_576' title='bbox 2235 3118 2344 3189; x_wconf 84' lang='grc' dir='ltr'><strong>γὰρ</strong></span> <span class='ocrx_word' id='word_1_577' title='bbox 2366 3120 2424 3171; x_wconf 86' lang='grc' dir='ltr'>οὐ</span> <span class='ocrx_word' id='word_1_578' title='bbox 2462 3117 2657 3188; x_wconf 77' lang='grc' dir='ltr'>μικρὸν</span> <span class='ocrx_word' id='word_1_579' title='bbox 2684 3114 2779 3168; x_wconf 85' lang='grc' dir='ltr'><strong>τοῦ</strong></span> <span class='ocrx_word' id='word_1_580' title='bbox 2828 3112 3073 3184; x_wconf 81' lang='grc' dir='ltr'>φυσικῶς</span> <span class='ocrx_word' id='word_1_581' title='bbox 3124 3112 3258 3181; x_wconf 85' lang='grc' dir='ltr'>ἡμῖν</span> <span class='ocrx_word' id='word_1_582' title='bbox 3319 3105 3628 3177; x_wconf 78' lang='grc' dir='ltr'>ὲνεσπάρθαι</span> <span class='ocrx_word' id='word_1_583' title='bbox 3673 3100 3744 3168; x_wconf 79' lang='grc' dir='ltr'>τὴν</span> 
     </span>
    </p>
   </div>
   <div class='ocr_carea' id='block_1_81' title="bbox 2233 3191 3745 3279">
    <p class='ocr_par' dir='ltr' id='par_1_81' title="bbox 2233 3191 3745 3279">
     <span class='ocr_line' id='line_1_81' title="bbox 2233 3191 3745 3279; baseline -0.016 -14"><span class='ocrx_word' id='word_1_584' title='bbox 2233 3210 2331 3279; x_wconf 81' lang='grc' dir='ltr'>τῆς</span> <span class='ocrx_word' id='word_1_585' title='bbox 2360 3209 2616 3279; x_wconf 80' lang='grc' dir='ltr'>προνοίας</span> <span class='ocrx_word' id='word_1_586' title='bbox 2650 3206 2852 3275; x_wconf 90' lang='grc' dir='ltr'>γνῶσιν</span> <span class='ocrx_word' id='word_1_587' title='bbox 2876 3207 2909 3275; x_wconf 86' lang='grc' dir='ltr'>ἡ</span> <span class='ocrx_word' id='word_1_588' title='bbox 2941 3203 3105 3272; x_wconf 84' lang='grc' dir='ltr'>φύσις</span> <span class='ocrx_word' id='word_1_589' title='bbox 3139 3201 3280 3268; x_wconf 79' lang='grc' dir='ltr'>αὐτὴ</span> <span class='ocrx_word' id='word_1_590' title='bbox 3313 3200 3538 3259; x_wconf 86' lang='grc' dir='ltr'>δίδωσιν,</span> <span class='ocrx_word' id='word_1_591' title='bbox 3558 3191 3745 3262; x_wconf 80' lang='grc' dir='ltr'>ὁπηνίκα</span> 
     </span>
    </p>
   </div>
   <div class='ocr_carea' id='block_1_82' title="bbox 2230 3280 3748 3368">
    <p class='ocr_par' dir='ltr' id='par_1_82' title="bbox 2230 3280 3748 3368">
     <span class='ocr_line' id='line_1_82' title="bbox 2230 3280 3748 3368; baseline -0.016 -14"><span class='ocrx_word' id='word_1_592' title='bbox 2230 3299 2300 3354; x_wconf 84' lang='grc' dir='ltr'>ἂν</span> <span class='ocrx_word' id='word_1_593' title='bbox 2332 3299 2482 3368; x_wconf 79' lang='grc' dir='ltr'>ἡμᾶς</span> <span class='ocrx_word' id='word_1_594' title='bbox 2512 3296 2812 3358; x_wconf 83' lang='grc' dir='ltr'>ἀδιδάκτως</span> <span class='ocrx_word' id='word_1_595' title='bbox 2853 3293 3044 3362; x_wconf 89' lang='grc' dir='ltr'>ῶσπερ</span> <span class='ocrx_word' id='word_1_596' title='bbox 3075 3292 3297 3346; x_wconf 80' lang='grc' dir='ltr'>ὠθοῦσα</span> <span class='ocrx_word' id='word_1_597' title='bbox 3339 3289 3472 3361; x_wconf 80' lang='grc' dir='ltr'>πρὸς</span> <span class='ocrx_word' id='word_1_598' title='bbox 3521 3287 3604 3340; x_wconf 78' lang='grc' dir='ltr'>τὸν</span> <span class='ocrx_word' id='word_1_599' title='bbox 3648 3280 3748 3334; x_wconf 80' lang='grc' dir='ltr'><strong>Θεὸν</strong></span> 
     </span>
    </p>
   </div>
   <div class='ocr_carea' id='block_1_83' title="bbox 2232 3376 3746 3458">
    <p class='ocr_par' dir='ltr' id='par_1_83' title="bbox 2232 3376 3746 3458">
     <span class='ocr_line' id='line_1_83' title="bbox 2232 3376 3746 3458; baseline -0.012 -16"><span class='ocrx_word' id='word_1_600' title='bbox 2232 3388 2324 3442; x_wconf 80' lang='grc' dir='ltr'><strong>διὰ</strong></span> <span class='ocrx_word' id='word_1_601' title='bbox 2355 3390 2465 3443; x_wconf 85' lang='grc' dir='ltr'><strong>τῶν</strong></span> <span class='ocrx_word' id='word_1_602' title='bbox 2496 3389 2673 3458; x_wconf 81' lang='grc' dir='ltr'><strong>εὐχῶν</strong></span> <span class='ocrx_word' id='word_1_603' title='bbox 2700 3389 2756 3440; x_wconf 79' lang='grc' dir='ltr'>ὲν</span> <span class='ocrx_word' id='word_1_604' title='bbox 2787 3388 2904 3450; x_wconf 85' lang='grc' dir='ltr'>ταῖς</span> <span class='ocrx_word' id='word_1_605' title='bbox 2932 3385 3191 3454; x_wconf 72' lang='grc' dir='ltr'>ἐξαίφνης</span> <span class='ocrx_word' id='word_1_606' title='bbox 3231 3381 3603 3455; x_wconf 83' lang='grc' dir='ltr'>περιστάσεσιν</span> <span class='ocrx_word' id='word_1_607' title='bbox 3637 3376 3746 3428; x_wconf 78' lang='grc' dir='ltr'>ἐκεῖ·</span> 
     </span>
    </p>
   </div>
   <div class='ocr_carea' id='block_1_84' title="bbox 2235 3465 3750 3551">
    <p class='ocr_par' dir='ltr' id='par_1_84' title="bbox 2235 3465 3750 3551">
     <span class='ocr_line' id='line_1_84' title="bbox 2235 3465 3750 3551; baseline -0.012 -17"><span class='ocrx_word' id='word_1_608' title='bbox 2235 3481 2325 3535; x_wconf 90' lang='grc' dir='ltr'>θεν</span> <span class='ocrx_word' id='word_1_609' title='bbox 2359 3481 2540 3550; x_wconf 78' lang='grc' dir='ltr'>ζητεῖν</span> <span class='ocrx_word' id='word_1_610' title='bbox 2565 3480 2665 3551; x_wconf 83' lang='grc' dir='ltr'><strong>τὴν</strong></span> <span class='ocrx_word' id='word_1_611' title='bbox 2689 3476 2968 3548; x_wconf 82' lang='grc' dir='ltr'>σωτηρίαν</span> <span class='ocrx_word' id='word_1_612' title='bbox 3000 3473 3417 3547; x_wconf 79' lang='grc' dir='ltr'>παρασκευάζει</span> <span class='ocrx_word' id='word_1_613' title='bbox 3451 3473 3516 3526; x_wconf 73' lang='grc' dir='ltr'><strong>τ’.</strong></span> <span class='ocrx_word' id='word_1_614' title='bbox 3565 3469 3666 3522; x_wconf 82' lang='grc' dir='ltr'>’Υπ’</span> <span class='ocrx_word' id='word_1_615' title='bbox 3705 3465 3750 3516; x_wconf 81' lang='grc' dir='ltr'><strong>ἀ-</strong></span> 
     </span>
    </p>
   </div>
   <div class='ocr_carea' id='block_1_85' title="bbox 2234 3555 3746 3644">
    <p class='ocr_par' dir='ltr' id='par_1_85' title="bbox 2234 3555 3746 3644">
     <span class='ocr_line' id='line_1_85' title="bbox 2234 3555 3746 3644; baseline -0.021 -7"><span class='ocrx_word' id='word_1_616' title='bbox 2234 3575 2444 3644; x_wconf 82' lang='grc' dir='ltr'>νάγκης</span> <span class='ocrx_word' id='word_1_617' title='bbox 2471 3572 2578 3644; x_wconf 86' lang='grc' dir='ltr'>γὰρ</span> <span class='ocrx_word' id='word_1_618' title='bbox 2621 3572 2776 3641; x_wconf 76' lang='grc' dir='ltr'>ἄφνω</span> <span class='ocrx_word' id='word_1_619' title='bbox 2807 3568 3206 3640; x_wconf 82' lang='grc' dir='ltr'>συλληφθέντες</span> <span class='ocrx_word' id='word_1_620' title='bbox 3236 3565 3621 3636; x_wconf 74' lang='grc' dir='ltr'>ἀπροαιρέτως,</span> <span class='ocrx_word' id='word_1_621' title='bbox 3651 3555 3746 3623; x_wconf 78' lang='grc' dir='ltr'>πρὶν</span> 
     </span>
    </p>
   </div>
   <div class='ocr_carea' id='block_1_86' title="bbox 2233 3643 3747 3732">
    <p class='ocr_par' dir='ltr' id='par_1_86' title="bbox 2233 3643 3747 3732">
     <span class='ocr_line' id='line_1_86' title="bbox 2233 3643 3747 3732; baseline -0.009 -15"><span class='ocrx_word' id='word_1_622' title='bbox 2233 3643 2472 3717; x_wconf 75' lang='grc' dir='ltr'>τινακαὶ</span> <span class='ocrx_word' id='word_1_623' title='bbox 2507 3643 2834 3732; x_wconf 74' lang='grc' dir='ltr'>σκέψασθαι,</span> <span class='ocrx_word' id='word_1_624' title='bbox 2864 3660 2956 3713; x_wconf 77' lang='grc' dir='ltr'><strong>τὸν</strong></span> <span class='ocrx_word' id='word_1_625' title='bbox 3003 3659 3136 3711; x_wconf 80' lang='grc' dir='ltr'><strong>Θεὸν</strong></span> <span class='ocrx_word' id='word_1_626' title='bbox 3193 3654 3560 3726; x_wconf 80' lang='grc' dir='ltr'>ὲπιὸοὼμεθα,</span> <span class='ocrx_word' id='word_1_627' title='bbox 3606 3649 3670 3712; x_wconf 79' lang='grc' dir='ltr'><strong>ὡς</strong></span> <span class='ocrx_word' id='word_1_628' title='bbox 3702 3643 3747 3698; x_wconf 70' lang='grc' dir='ltr'>ἂν</span> 
     </span>
    </p>
   </div>
   <div class='ocr_carea' id='block_1_87' title="bbox 2235 3733 3746 3827">
    <p class='ocr_par' dir='ltr' id='par_1_87' title="bbox 2235 3733 3746 3827">
     <span class='ocr_line' id='line_1_87' title="bbox 2235 3733 3746 3827; baseline -0.012 -18"><span class='ocrx_word' id='word_1_629' title='bbox 2235 3757 2333 3827; x_wconf 81' lang='grc' dir='ltr'>τῆς</span> <span class='ocrx_word' id='word_1_630' title='bbox 2354 3753 2610 3824; x_wconf 90' lang='grc' dir='ltr'>προνοίας</span> <span class='ocrx_word' id='word_1_631' title='bbox 2632 3753 2801 3822; x_wconf 82' lang='grc' dir='ltr'>αὐτῆς</span> <span class='ocrx_word' id='word_1_632' title='bbox 2829 3750 2967 3821; x_wconf 80' lang='grc' dir='ltr'>πρὸς</span> <span class='ocrx_word' id='word_1_633' title='bbox 2986 3747 3186 3818; x_wconf 80' lang='grc' dir='ltr'>ἑαυτὴν</span> <span class='ocrx_word' id='word_1_634' title='bbox 3209 3747 3309 3800; x_wconf 77' lang='grc' dir='ltr'>καὶ</span> <span class='ocrx_word' id='word_1_635' title='bbox 3333 3741 3598 3813; x_wconf 84' lang='grc' dir='ltr'>λογισμῶν</span> <span class='ocrx_word' id='word_1_636' title='bbox 3621 3733 3746 3807; x_wconf 51' lang='grc' dir='ltr'>χωρκ</span> 
     </span>
    </p>
   </div>
   <div class='ocr_carea' id='block_1_88' title="bbox 2234 3830 3748 3924">
    <p class='ocr_par' dir='ltr' id='par_1_88' title="bbox 2234 3830 3748 3924">
     <span class='ocr_line' id='line_1_88' title="bbox 2234 3830 3748 3924; baseline -0.014 -22"><span class='ocrx_word' id='word_1_637' title='bbox 2234 3847 2494 3916; x_wconf 76' lang='grc' dir='ltr'>ἑλκούσης</span> <span class='ocrx_word' id='word_1_638' title='bbox 2527 3846 2694 3915; x_wconf 77' lang='grc' dir='ltr'>ἡμᾶς,</span> <span class='ocrx_word' id='word_1_639' title='bbox 2723 3843 2819 3896; x_wconf 75' lang='grc' dir='ltr'>καὶ</span> <span class='ocrx_word' id='word_1_640' title='bbox 2853 3841 2914 3894; x_wconf 80' lang='grc' dir='ltr'>τὸ</span> <span class='ocrx_word' id='word_1_641' title='bbox 2940 3841 3104 3910; x_wconf 86' lang='grc' dir='ltr'>τάχος</span> <span class='ocrx_word' id='word_1_642' title='bbox 3125 3839 3223 3909; x_wconf 84' lang='grc' dir='ltr'>τῆς</span> <span class='ocrx_word' id='word_1_643' title='bbox 3256 3839 3316 3890; x_wconf 81' lang='grc' dir='ltr'><strong>ὲν</strong></span> <span class='ocrx_word' id='word_1_644' title='bbox 3343 3830 3671 3924; x_wconf 44' lang='grc' dir='ltr'>ἡμῖν-νοερᾶς</span> <span class='ocrx_word' id='word_1_645' title='bbox 3693 3840 3748 3924; x_wconf 52' lang='grc' dir='ltr'>γι·</span> 
     </span>
    </p>
   </div>
   <div class='ocr_carea' id='block_1_89' title="bbox 2236 3915 3746 4007">
    <p class='ocr_par' dir='ltr' id='par_1_89' title="bbox 2236 3915 3746 4007">
     <span class='ocr_line' id='line_1_89' title="bbox 2236 3915 3746 4007; baseline -0.015 -15"><span class='ocrx_word' id='word_1_646' title='bbox 2236 3938 2420 4007; x_wconf 85' lang='grc' dir='ltr'>κώσης</span> <span class='ocrx_word' id='word_1_647' title='bbox 2441 3915 2745 4006; x_wconf 82' lang='grc' dir='ltr'>δυνάμεως,</span> <span class='ocrx_word' id='word_1_648' title='bbox 2778 3934 2874 3986; x_wconf 73' lang='grc' dir='ltr'>καὶ</span> <span class='ocrx_word' id='word_1_649' title='bbox 2904 3931 3121 3984; x_wconf 86' lang='grc' dir='ltr'>πάντων</span> <span class='ocrx_word' id='word_1_650' title='bbox 3147 3915 3506 3999; x_wconf 74' lang='grc' dir='ltr'>ἰσχυροτέρώ</span> <span class='ocrx_word' id='word_1_651' title='bbox 3531 3922 3620 4007; x_wconf 67' lang='grc' dir='ltr'>τὴν</span> <span class='ocrx_word' id='word_1_652' title='bbox 3639 3915 3746 4007; x_wconf 66' lang='grc' dir='ltr'>θείαν</span> 
     </span>
    </p>
   </div>
   <div class='ocr_carea' id='block_1_90' title="bbox 2236 4006 3748 4098">
    <p class='ocr_par' dir='ltr' id='par_1_90' title="bbox 2236 4006 3748 4098">
     <span class='ocr_line' id='line_1_90' title="bbox 2236 4006 3748 4098; baseline -0.015 -17"><span class='ocrx_word' id='word_1_653' title='bbox 2236 4025 2693 4098; x_wconf 86' lang='grc' dir='ltr'>προδεικνυούσης</span> <span class='ocrx_word' id='word_1_654' title='bbox 2719 4021 2992 4093; x_wconf 86' lang='grc' dir='ltr'>βοήθειαν.</span> <span class='ocrx_word' id='word_1_655' title='bbox 3031 4020 3146 4073; x_wconf 80' lang='grc' dir='ltr'>Οὐκ</span> <span class='ocrx_word' id='word_1_656' title='bbox 3179 4018 3244 4071; x_wconf 81' lang='grc' dir='ltr'><strong>ἂν</strong></span> <span class='ocrx_word' id='word_1_657' title='bbox 3281 4017 3341 4070; x_wconf 81' lang='grc' dir='ltr'>δὲ</span> <span class='ocrx_word' id='word_1_658' title='bbox 3373 4017 3518 4086; x_wconf 79' lang='grc' dir='ltr'>ἡμᾶς</span> <span class='ocrx_word' id='word_1_659' title='bbox 3556 4006 3748 4098; x_wconf 30' lang='grc' dir='ltr'><strong>ἦγεν-ὰ·</strong></span> 
     </span>
    </p>
   </div>
   <div class='ocr_carea' id='block_1_91' title="bbox 2235 4095 3747 4189">
    <p class='ocr_par' dir='ltr' id='par_1_91' title="bbox 2235 4095 3747 4189">
     <span class='ocr_line' id='line_1_91' title="bbox 2235 4095 3747 4189; baseline -0.017 -16"><span class='ocrx_word' id='word_1_660' title='bbox 2235 4095 2574 4189; x_wconf 74' lang='grc' dir='ltr'>προαιρέτως</span> <span class='ocrx_word' id='word_1_661' title='bbox 2599 4119 2633 4188; x_wconf 77' lang='grc' dir='ltr'>ἡ</span> <span class='ocrx_word' id='word_1_662' title='bbox 2661 4115 2822 4183; x_wconf 85' lang='grc' dir='ltr'>φύσις</span> <span class='ocrx_word' id='word_1_663' title='bbox 2853 4114 2947 4166; x_wconf 73' lang='grc' dir='ltr'><strong>ἐπὶ</strong></span> <span class='ocrx_word' id='word_1_664' title='bbox 2981 4112 3041 4166; x_wconf 76' lang='grc' dir='ltr'>τὸ</span> <span class='ocrx_word' id='word_1_665' title='bbox 3084 4111 3160 4180; x_wconf 76' lang='grc' dir='ltr'>μὴ</span> <span class='ocrx_word' id='word_1_666' title='bbox 3195 4109 3359 4178; x_wconf 82' lang='grc' dir='ltr'>φύσιν</span> <span class='ocrx_word' id='word_1_667' title='bbox 3389 4107 3507 4178; x_wconf 72' lang='grc' dir='ltr'>ἕχον</span> <span class='ocrx_word' id='word_1_668' title='bbox 3537 4095 3747 4189; x_wconf 63' lang='grc' dir='ltr'>γίνεσθαι.</span> 
     </span>
    </p>
   </div>
   <div class='ocr_carea' id='block_1_92' title="bbox 2236 4186 3749 4275">
    <p class='ocr_par' dir='ltr' id='par_1_92' title="bbox 2236 4186 3749 4275">
     <span class='ocr_line' id='line_1_92' title="bbox 2236 4186 3749 4275; baseline -0.014 -12"><span class='ocrx_word' id='word_1_669' title='bbox 2236 4186 2350 4262; x_wconf 40' lang='grc' dir='ltr'><strong>Π-ᾶν</strong></span> <span class='ocrx_word' id='word_1_670' title='bbox 2379 4186 2437 4261; x_wconf 62' lang='grc' dir='ltr'><strong>δὲ</strong></span> <span class='ocrx_word' id='word_1_671' title='bbox 2481 4207 2540 4258; x_wconf 82' lang='grc' dir='ltr'>τὸ</span> <span class='ocrx_word' id='word_1_672' title='bbox 2573 4186 2776 4275; x_wconf 80' lang='grc' dir='ltr'>ὁτῳοῦν</span> <span class='ocrx_word' id='word_1_673' title='bbox 2799 4203 3044 4274; x_wconf 78' lang='grc' dir='ltr'>φυσικῶς</span> <span class='ocrx_word' id='word_1_674' title='bbox 3074 4201 3364 4269; x_wconf 73' lang='grc' dir='ltr'>ἑπόμενον,</span> <span class='ocrx_word' id='word_1_675' title='bbox 3386 4197 3460 4259; x_wconf 84' lang='grc' dir='ltr'>ὡς</span> <span class='ocrx_word' id='word_1_676' title='bbox 3485 4194 3636 4247; x_wconf 79' lang='grc' dir='ltr'>πᾶσιν</span> <span class='ocrx_word' id='word_1_677' title='bbox 3658 4186 3749 4253; x_wconf 68' lang='lat'><strong>5.51}-</strong></span> 
     </span>
    </p>
   </div>
   <div class='ocr_carea' id='block_1_93' title="bbox 564 4265 2137 4378">
    <p class='ocr_par' dir='ltr' id='par_1_93' title="bbox 564 4265 2131 4364">
     <span class='ocr_line' id='line_1_93' title="bbox 564 4265 2131 4364; baseline 0.01 -27"><span class='ocrx_word' id='word_1_678' title='bbox 564 4283 735 4340; x_wconf 68' lang='lat' dir='ltr'><strong>tibilis</strong></span> <span class='ocrx_word' id='word_1_679' title='bbox 768 4286 926 4340; x_wconf 90' lang='lat' dir='ltr'><strong>nobis</strong></span> <span class='ocrx_word' id='word_1_680' title='bbox 954 4302 1017 4342; x_wconf 88' lang='lat' dir='ltr'><strong>ea</strong></span> <span class='ocrx_word' id='word_1_681' title='bbox 1040 4304 1160 4358; x_wconf 70' lang='lat' dir='ltr'><strong>quae</strong></span> <span class='ocrx_word' id='word_1_682' title='bbox 1195 4290 1409 4361; x_wconf 79' lang='lat' dir='ltr'><strong>singula</strong></span> <span class='ocrx_word' id='word_1_683' title='bbox 1450 4301 1610 4348; x_wconf 87' lang='lat' dir='ltr'><strong>curet</strong></span> <span class='ocrx_word' id='word_1_684' title='bbox 1647 4265 2007 4364; x_wconf 64' lang='lat' dir='ltr'><strong>providentiae</strong></span> <span class='ocrx_word' id='word_1_685' title='bbox 2046 4265 2131 4352; x_wconf 72' lang='lat' dir='ltr'><strong>est</strong></span> 
     </span>
    </p>
   </div>
   <div class='ocr_carea' id='block_1_94' title="bbox 2235 4265 3754 4378">
    <p class='ocr_par' dir='ltr' id='par_1_94' title="bbox 2235 4265 3754 4378">
     <span class='ocr_line' id='line_1_94' title="bbox 2235 4265 3754 4378; baseline -0.01 -27"><span class='ocrx_word' id='word_1_686' title='bbox 2235 4300 2324 4352; x_wconf 88' lang='grc' dir='ltr'><strong>λον</strong></span> <span class='ocrx_word' id='word_1_687' title='bbox 2343 4336 2360 4358; x_wconf 92' lang='lat'><strong>,</strong></span> <span class='ocrx_word' id='word_1_688' title='bbox 2435 4265 2664 4367; x_wconf 67' lang='grc' dir='ltr'>ἰσχυράν</span> <span class='ocrx_word' id='word_1_689' title='bbox 2725 4265 2836 4364; x_wconf 80' lang='grc' dir='ltr'>ἔχεί</span> <span class='ocrx_word' id='word_1_690' title='bbox 2899 4294 2994 4347; x_wconf 69' lang='grc' dir='ltr'>καὶ</span> <span class='ocrx_word' id='word_1_691' title='bbox 3042 4265 3468 4360; x_wconf 77' lang='grc' dir='ltr'>ἀκαταμάχητον</span> <span class='ocrx_word' id='word_1_692' title='bbox 3515 4276 3754 4378; x_wconf 40' lang='grc' dir='ltr'>κατὰ-..τὶς</span> 
     </span>
    </p>
   </div>
   <div class='ocr_carea' id='block_1_95' title="bbox 561 4365 2137 4455">
    <p class='ocr_par' dir='ltr' id='par_1_95' title="bbox 561 4375 2134 4451">
     <span class='ocr_line' id='line_1_95' title="bbox 561 4375 2134 4451; baseline 0.011 -25"><span class='ocrx_word' id='word_1_693' title='bbox 561 4375 724 4439; x_wconf 89' lang='lat' dir='ltr'><strong>ratio,</strong></span> <span class='ocrx_word' id='word_1_694' title='bbox 757 4384 818 4429; x_wconf 93' lang='lat' dir='ltr'><strong>ut</strong></span> <span class='ocrx_word' id='word_1_695' title='bbox 848 4381 1013 4432; x_wconf 90' lang='lat' dir='ltr'><strong>etiam</strong></span> <span class='ocrx_word' id='word_1_696' title='bbox 1051 4388 1136 4434; x_wconf 90' lang='lat' dir='ltr'><strong>est</strong></span> <span class='ocrx_word' id='word_1_697' title='bbox 1175 4383 1476 4437; x_wconf 90' lang='lat' dir='ltr'><strong>secundum</strong></span> <span class='ocrx_word' id='word_1_698' title='bbox 1524 4384 1660 4440; x_wconf 89' lang='lat' dir='ltr'><strong>illud</strong></span> <span class='ocrx_word' id='word_1_699' title='bbox 1691 4403 1704 4438; x_wconf 90' lang='lat'>:</span> <span class='ocrx_word' id='word_1_700' title='bbox 1732 4385 1904 4451; x_wconf 86' lang='lat' dir='ltr'><strong>Quam</strong></span> <span class='ocrx_word' id='word_1_701' title='bbox 1950 4405 2134 4443; x_wconf 85' lang='lat' dir='ltr'><strong>recon-</strong></span> 
     </span>
    </p>
   </div>
   <div class='ocr_carea' id='block_1_96' title="bbox 2235 4365 3754 4455">
    <p class='ocr_par' dir='ltr' id='par_1_96' title="bbox 2235 4365 3754 4455">
     <span class='ocr_line' id='line_1_96' title="bbox 2235 4365 3754 4455; baseline -0.015 -14"><span class='ocrx_word' id='word_1_702' title='bbox 2235 4365 2506 4450; x_wconf 81' lang='grc' dir='ltr'>ἀπόδειξιν</span> <span class='ocrx_word' id='word_1_703' title='bbox 2539 4365 2635 4455; x_wconf 61' lang='grc' dir='ltr'>μιῆς</span> <span class='ocrx_word' id='word_1_704' title='bbox 2660 4385 2917 4454; x_wconf 78' lang='grc' dir='ltr'>ἀληθείας</span> <span class='ocrx_word' id='word_1_705' title='bbox 2945 4380 3128 4452; x_wconf 81' lang='lat'><strong>(175</strong></span> <span class='ocrx_word' id='word_1_706' title='bbox 3163 4381 3218 4448; x_wconf 89' lang='lat' dir='ltr'><strong>a)</strong></span> <span class='ocrx_word' id='word_1_707' title='bbox 3242 4380 3344 4450; x_wconf 81' lang='grc' dir='ltr'>τὴν</span> <span class='ocrx_word' id='word_1_708' title='bbox 3375 4377 3614 4446; x_wconf 80' lang='grc' dir='ltr'>δύναμιν.</span> <span class='ocrx_word' id='word_1_709' title='bbox 3638 4367 3690 4423; x_wconf 80' lang='lat' dir='ltr'><strong>Et</strong></span> <span class='ocrx_word' id='word_1_710' title='bbox 3715 4365 3754 4418; x_wconf 71' lang='grc' dir='ltr'>δι</span> 
     </span>
    </p>
   </div>
   <div class='ocr_carea' id='block_1_97' title="bbox 560 4461 2137 4558">
    <p class='ocr_par' dir='ltr' id='par_1_97' title="bbox 560 4465 2134 4545">
     <span class='ocr_line' id='line_1_97' title="bbox 560 4465 2134 4545; baseline 0.011 -28"><span class='ocrx_word' id='word_1_711' title='bbox 560 4465 671 4520; x_wconf 82' lang='lat' dir='ltr'><strong>dita</strong></span> <span class='ocrx_word' id='word_1_712' title='bbox 715 4467 827 4537; x_wconf 76' lang='lat' dir='ltr'><strong>ejus</strong></span> <span class='ocrx_word' id='word_1_713' title='bbox 848 4469 1074 4537; x_wconf 83' lang='lat' dir='ltr'><strong>judicia,</strong></span> <span class='ocrx_word' id='word_1_714' title='bbox 1119 4481 1168 4525; x_wconf 84' lang='lat' dir='ltr'><strong>et</strong></span> <span class='ocrx_word' id='word_1_715' title='bbox 1197 4489 1358 4543; x_wconf 82' lang='lat' dir='ltr'><strong>quam</strong></span> <span class='ocrx_word' id='word_1_716' title='bbox 1386 4475 1766 4545; x_wconf 70' lang='lat' dir='ltr'><strong>investigabiles</strong></span> <span class='ocrx_word' id='word_1_717' title='bbox 1795 4479 1908 4543; x_wconf 78' lang='lat' dir='ltr'><strong>eius</strong></span> <span class='ocrx_word' id='word_1_718' title='bbox 1954 4481 2050 4534; x_wconf 69' lang='lat' dir='ltr'><strong>viae</strong></span> <span class='ocrx_word' id='word_1_719' title='bbox 2084 4481 2134 4545; x_wconf 71' lang='grc' dir='ltr'>δ,</span> 
     </span>
    </p>
   </div>
   <div class='ocr_carea' id='block_1_98' title="bbox 2235 4461 3754 4558">
    <p class='ocr_par' dir='ltr' id='par_1_98' title="bbox 2235 4461 3754 4558">
     <span class='ocr_line' id='line_1_98' title="bbox 2235 4461 3754 4558; baseline -0.013 -23"><span class='ocrx_word' id='word_1_720' title='bbox 2235 4484 2315 4536; x_wconf 79' lang='grc' dir='ltr'>ὅτι</span> <span class='ocrx_word' id='word_1_721' title='bbox 2343 4479 2727 4548; x_wconf 81' lang='grc' dir='ltr'>ἀκατάληπτος</span> <span class='ocrx_word' id='word_1_722' title='bbox 2758 4481 2889 4548; x_wconf 84' lang='grc' dir='ltr'>ἡμῖν</span> <span class='ocrx_word' id='word_1_723' title='bbox 2912 4477 3011 4544; x_wconf 84' lang='grc' dir='ltr'>τῆς</span> <span class='ocrx_word' id='word_1_724' title='bbox 3049 4476 3156 4528; x_wconf 85' lang='grc' dir='ltr'><strong>τῶν</strong></span> <span class='ocrx_word' id='word_1_725' title='bbox 3183 4473 3326 4528; x_wconf 87' lang='grc' dir='ltr'>κατὰ</span> <span class='ocrx_word' id='word_1_726' title='bbox 3360 4473 3522 4558; x_wconf 79' lang='grc' dir='ltr'>μέρος</span> <span class='ocrx_word' id='word_1_727' title='bbox 3552 4461 3754 4558; x_wconf 55' lang='grc' dir='ltr'>προνοῖξς</span> 
     </span>
    </p>
   </div>
   <div class='ocr_carea' id='block_1_99' title="bbox 562 4551 2137 4642">
    <p class='ocr_par' dir='ltr' id='par_1_99' title="bbox 562 4557 2137 4642">
     <span class='ocr_line' id='line_1_99' title="bbox 562 4557 2137 4642; baseline 0.01 -31"><span class='ocrx_word' id='word_1_728' title='bbox 562 4557 688 4612; x_wconf 89' lang='lat' dir='ltr'><strong>ideo</strong></span> <span class='ocrx_word' id='word_1_729' title='bbox 720 4560 1122 4628; x_wconf 87' lang='lat' dir='ltr'><strong>providentiam</strong></span> <span class='ocrx_word' id='word_1_730' title='bbox 1152 4565 1405 4634; x_wconf 83' lang='lat' dir='ltr'><strong>negarint</strong></span> <span class='ocrx_word' id='word_1_731' title='bbox 1430 4581 1548 4621; x_wconf 88' lang='lat' dir='ltr'><strong>esse</strong></span> <span class='ocrx_word' id='word_1_732' title='bbox 1583 4583 1708 4622; x_wconf 91' lang='lat' dir='ltr'><strong>meo</strong></span> <span class='ocrx_word' id='word_1_733' title='bbox 1738 4570 1958 4637; x_wconf 81' lang='lat' dir='ltr'><strong>quidem</strong></span> <span class='ocrx_word' id='word_1_734' title='bbox 1985 4573 2137 4642; x_wconf 90' lang='lat' dir='ltr'><strong>judi-</strong></span> 
     </span>
    </p>
   </div>
   <div class='ocr_carea' id='block_1_100' title="bbox 2235 4551 3750 4642">
    <p class='ocr_par' dir='ltr' id='par_1_100' title="bbox 2235 4551 3750 4642">
     <span class='ocr_line' id='line_1_100' title="bbox 2235 4551 3750 4642; baseline -0.017 -19"><span class='ocrx_word' id='word_1_735' title='bbox 2235 4571 2259 4623; x_wconf 93' lang='grc' dir='ltr'><strong>ὁ</strong></span> <span class='ocrx_word' id='word_1_736' title='bbox 2289 4569 2465 4636; x_wconf 83' lang='grc' dir='ltr'>λόγος,</span> <span class='ocrx_word' id='word_1_737' title='bbox 2488 4566 2681 4636; x_wconf 87' lang='grc' dir='ltr'>ῶσπερ</span> <span class='ocrx_word' id='word_1_738' title='bbox 2714 4560 2806 4618; x_wconf 84' lang='grc' dir='ltr'><strong>οῦν</strong></span> <span class='ocrx_word' id='word_1_739' title='bbox 2841 4565 2937 4618; x_wconf 72' lang='grc' dir='ltr'>καὶ</span> <span class='ocrx_word' id='word_1_740' title='bbox 2960 4561 3075 4614; x_wconf 74' lang='grc' dir='ltr'>ἔστι</span> <span class='ocrx_word' id='word_1_741' title='bbox 3103 4560 3245 4613; x_wconf 87' lang='grc' dir='ltr'>κατὰ</span> <span class='ocrx_word' id='word_1_742' title='bbox 3272 4558 3360 4622; x_wconf 81' lang='grc' dir='ltr'><strong>τὸ,</strong></span> <span class='ocrx_word' id='word_1_743' title='bbox 3389 4551 3750 4642; x_wconf 28' lang='grc' dir='ltr'>Ὠςὰνεξερεῠῆ</span> 
     </span>
    </p>
   </div>
   <div class='ocr_carea' id='block_1_101' title="bbox 561 4635 2137 4743">
    <p class='ocr_par' dir='ltr' id='par_1_101' title="bbox 561 4635 2137 4732">
     <span class='ocr_line' id='line_1_101' title="bbox 561 4635 2137 4732; baseline 0.01 -30"><span class='ocrx_word' id='word_1_744' title='bbox 561 4649 648 4703; x_wconf 90' lang='lat' dir='ltr'><strong>cio</strong></span> <span class='ocrx_word' id='word_1_745' title='bbox 693 4650 839 4705; x_wconf 90' lang='lat' dir='ltr'><strong>haud</strong></span> <span class='ocrx_word' id='word_1_746' title='bbox 882 4661 1029 4707; x_wconf 88' lang='lat' dir='ltr'><strong>recte</strong></span> <span class='ocrx_word' id='word_1_747' title='bbox 1072 4655 1145 4708; x_wconf 88' lang='lat' dir='ltr'><strong>ita</strong></span> <span class='ocrx_word' id='word_1_748' title='bbox 1175 4664 1444 4711; x_wconf 86' lang='lat' dir='ltr'><strong>statuunt.</strong></span> <span class='ocrx_word' id='word_1_749' title='bbox 1489 4658 1625 4712; x_wconf 88' lang='lat' dir='ltr'><strong>Nam</strong></span> <span class='ocrx_word' id='word_1_750' title='bbox 1670 4661 1715 4714; x_wconf 92' lang='lat' dir='ltr'><strong>si</strong></span> <span class='ocrx_word' id='word_1_751' title='bbox 1749 4635 1938 4732; x_wconf 77' lang='lat' dir='ltr'><strong>magna</strong></span> <span class='ocrx_word' id='word_1_752' title='bbox 1971 4635 2137 4719; x_wconf 77' lang='lat' dir='ltr'><strong>estet</strong></span> 
     </span>
    </p>
   </div>
   <div class='ocr_carea' id='block_1_102' title="bbox 2235 4635 3757 4743">
    <p class='ocr_par' dir='ltr' id='par_1_102' title="bbox 2235 4635 3757 4743">
     <span class='ocr_line' id='line_1_102' title="bbox 2235 4635 3757 4743; baseline -0.014 -29"><span class='ocrx_word' id='word_1_753' title='bbox 2235 4635 2385 4728; x_wconf 72' lang='grc' dir='ltr'>νητα</span> <span class='ocrx_word' id='word_1_754' title='bbox 2440 4657 2513 4712; x_wconf 84' lang='grc' dir='ltr'>τὰ</span> <span class='ocrx_word' id='word_1_755' title='bbox 2553 4657 2805 4737; x_wconf 73' lang='grc' dir='ltr'>κρίματα</span> <span class='ocrx_word' id='word_1_756' title='bbox 2855 4655 3040 4709; x_wconf 84' lang='grc' dir='ltr'>αὐτοῦ</span> <span class='ocrx_word' id='word_1_757' title='bbox 3098 4651 3198 4704; x_wconf 79' lang='grc' dir='ltr'>καὶ</span> <span class='ocrx_word' id='word_1_758' title='bbox 3251 4646 3682 4743; x_wconf 47' lang='grc' dir='ltr'>ἀνεξιχνίαστοέ</span> <span class='ocrx_word' id='word_1_759' title='bbox 3716 4635 3757 4687; x_wconf 76' lang='grc' dir='ltr'>αἱ</span> 
     </span>
    </p>
   </div>
   <div class='ocr_carea' id='block_1_103' title="bbox 562 4737 2137 4822">
    <p class='ocr_par' dir='ltr' id='par_1_103' title="bbox 562 4738 2126 4822">
     <span class='ocr_line' id='line_1_103' title="bbox 562 4738 2126 4822; baseline 0.011 -31"><span class='ocrx_word' id='word_1_760' title='bbox 562 4738 1008 4810; x_wconf 89' lang='lat' dir='ltr'><strong>imperceptibilis</strong></span> <span class='ocrx_word' id='word_1_761' title='bbox 1037 4742 1180 4798; x_wconf 88' lang='lat' dir='ltr'><strong>inter</strong></span> <span class='ocrx_word' id='word_1_762' title='bbox 1205 4745 1448 4815; x_wconf 83' lang='lat' dir='ltr'><strong>singulos</strong></span> <span class='ocrx_word' id='word_1_763' title='bbox 1467 4747 1715 4804; x_wconf 87' lang='lat' dir='ltr'><strong>homines</strong></span> <span class='ocrx_word' id='word_1_764' title='bbox 1737 4749 2126 4822; x_wconf 88' lang='lat' dir='ltr'><strong>discrepantia,</strong></span> 
     </span>
    </p>
   </div>
   <div class='ocr_carea' id='block_1_104' title="bbox 2235 4737 3756 4822">
    <p class='ocr_par' dir='ltr' id='par_1_104' title="bbox 2237 4737 3756 4822">
     <span class='ocr_line' id='line_1_104' title="bbox 2237 4737 3756 4822; baseline -0.017 -17"><span class='ocrx_word' id='word_1_765' title='bbox 2237 4750 2366 4806; x_wconf 75' lang='grc' dir='ltr'>ὁδοὶ</span> <span class='ocrx_word' id='word_1_766' title='bbox 2390 4748 2599 4808; x_wconf 84' lang='grc' dir='ltr'>αὑτοῦ,</span> <span class='ocrx_word' id='word_1_767' title='bbox 2633 4745 2720 4800; x_wconf 79' lang='grc' dir='ltr'>διὰ</span> <span class='ocrx_word' id='word_1_768' title='bbox 2749 4745 2910 4798; x_wconf 88' lang='grc' dir='ltr'>τοῦτο</span> <span class='ocrx_word' id='word_1_769' title='bbox 2949 4747 3108 4814; x_wconf 70' lang='grc' dir='ltr'>φαῖεν</span> <span class='ocrx_word' id='word_1_770' title='bbox 3156 4743 3291 4812; x_wconf 84' lang='grc' dir='ltr'>μηδὲ</span> <span class='ocrx_word' id='word_1_771' title='bbox 3345 4737 3596 4807; x_wconf 79' lang='grc' dir='ltr'>πρόνοιαν</span> <span class='ocrx_word' id='word_1_772' title='bbox 3633 4737 3756 4822; x_wconf 54' lang='grc' dir='ltr'>εἰναι.</span> 
     </span>
    </p>
   </div>
   <div class='ocr_carea' id='block_1_105' title="bbox 557 4816 2137 4922">
    <p class='ocr_par' dir='ltr' id='par_1_105' title="bbox 557 4816 2130 4908">
     <span class='ocr_line' id='line_1_105' title="bbox 557 4816 2130 4908; baseline 0.011 -24"><span class='ocrx_word' id='word_1_773' title='bbox 557 4837 614 4884; x_wconf 90' lang='lat' dir='ltr'><strong>et</strong></span> <span class='ocrx_word' id='word_1_774' title='bbox 643 4832 908 4902; x_wconf 86' lang='lat' dir='ltr'><strong>cujusque</strong></span> <span class='ocrx_word' id='word_1_775' title='bbox 939 4833 1109 4903; x_wconf 91' lang='lat' dir='ltr'><strong>ipsius</strong></span> <span class='ocrx_word' id='word_1_776' title='bbox 1140 4839 1497 4893; x_wconf 88' lang='lat' dir='ltr'><strong>commutatio</strong></span> <span class='ocrx_word' id='word_1_777' title='bbox 1543 4849 1599 4894; x_wconf 92' lang='lat' dir='ltr'><strong>et</strong></span> <span class='ocrx_word' id='word_1_778' title='bbox 1629 4816 1966 4908; x_wconf 74' lang='lat' dir='ltr'><strong>vicissitudo,</strong></span> <span class='ocrx_word' id='word_1_779' title='bbox 1999 4816 2130 4900; x_wconf 86' lang='lat' dir='ltr'><strong>dum</strong></span> 
     </span>
    </p>
   </div>
   <div class='ocr_carea' id='block_1_106' title="bbox 2235 4816 3758 4922">
    <p class='ocr_par' dir='ltr' id='par_1_106' title="bbox 2235 4816 3758 4922">
     <span class='ocr_line' id='line_1_106' title="bbox 2235 4816 3758 4922; baseline -0.009 -28"><span class='ocrx_word' id='word_1_780' title='bbox 2235 4842 2337 4895; x_wconf 78' lang='grc' dir='ltr'>οὐκ</span> <span class='ocrx_word' id='word_1_781' title='bbox 2385 4838 2561 4910; x_wconf 84' lang='grc' dir='ltr'>ὀρθῶς</span> <span class='ocrx_word' id='word_1_782' title='bbox 2595 4836 2782 4908; x_wconf 71' lang='grc' dir='ltr'>ἐροῦσι</span> <span class='ocrx_word' id='word_1_783' title='bbox 2832 4835 2975 4889; x_wconf 82' lang='grc' dir='ltr'>κατὰ</span> <span class='ocrx_word' id='word_1_784' title='bbox 3021 4835 3113 4888; x_wconf 77' lang='grc' dir='ltr'>τὸν</span> <span class='ocrx_word' id='word_1_785' title='bbox 3158 4832 3290 4903; x_wconf 74' lang='grc' dir='ltr'>ἐμὸν</span> <span class='ocrx_word' id='word_1_786' title='bbox 3333 4828 3535 4922; x_wconf 68' lang='grc' dir='ltr'><strong>Δλόγον.</strong></span> <span class='ocrx_word' id='word_1_787' title='bbox 3580 4821 3642 4922; x_wconf 56' lang='grc' dir='ltr'><strong>ΕΞ</strong></span> <span class='ocrx_word' id='word_1_788' title='bbox 3681 4816 3758 4916; x_wconf 46' lang='grc' dir='ltr'><strong>γᾴρ</strong></span> 
     </span>
    </p>
   </div>
   <div class='ocr_carea' id='block_1_107' title="bbox 558 4917 2137 5001">
    <p class='ocr_par' dir='ltr' id='par_1_107' title="bbox 558 4919 2132 4993">
     <span class='ocr_line' id='line_1_107' title="bbox 558 4919 2132 4993; baseline 0.013 -21"><span class='ocrx_word' id='word_1_789' title='bbox 558 4919 616 4973; x_wconf 87' lang='lat' dir='ltr'><strong>in</strong></span> <span class='ocrx_word' id='word_1_790' title='bbox 650 4922 774 4977; x_wconf 61' lang='lat' dir='ltr'><strong>vitat</strong></span> <span class='ocrx_word' id='word_1_791' title='bbox 802 4939 1002 4993; x_wconf 78' lang='lat' dir='ltr'><strong>genere</strong></span> <span class='ocrx_word' id='word_1_792' title='bbox 1035 4933 1092 4980; x_wconf 89' lang='lat' dir='ltr'><strong>et</strong></span> <span class='ocrx_word' id='word_1_793' title='bbox 1116 4928 1363 4984; x_wconf 89' lang='lat' dir='ltr'><strong>moribus</strong></span> <span class='ocrx_word' id='word_1_794' title='bbox 1395 4939 1453 4985; x_wconf 92' lang='lat' dir='ltr'><strong>et</strong></span> <span class='ocrx_word' id='word_1_795' title='bbox 1475 4931 1849 4989; x_wconf 87' lang='lat' dir='ltr'><strong>voluntatibus</strong></span> <span class='ocrx_word' id='word_1_796' title='bbox 1870 4944 1926 4990; x_wconf 87' lang='lat' dir='ltr'><strong>et</strong></span> <span class='ocrx_word' id='word_1_797' title='bbox 1953 4938 2132 4992; x_wconf 90' lang='lat' dir='ltr'><strong>consi-</strong></span> 
     </span>
    </p>
   </div>
   <div class='ocr_carea' id='block_1_108' title="bbox 2235 4917 3760 5001">
    <p class='ocr_par' dir='ltr' id='par_1_108' title="bbox 2235 4917 3760 5001">
     <span class='ocr_line' id='line_1_108' title="bbox 2235 4917 3760 5001; baseline -0.018 -15"><span class='ocrx_word' id='word_1_798' title='bbox 2235 4932 2396 5001; x_wconf 85' lang='grc' dir='ltr'>πολλή</span> <span class='ocrx_word' id='word_1_799' title='bbox 2425 4930 2510 4992; x_wconf 81' lang='grc' dir='ltr'><strong>τίς</strong></span> <span class='ocrx_word' id='word_1_800' title='bbox 2537 4929 2686 4982; x_wconf 74' lang='grc' dir='ltr'>ἐστιν</span> <span class='ocrx_word' id='word_1_801' title='bbox 2716 4929 2750 4997; x_wconf 81' lang='grc' dir='ltr'>ἡ</span> <span class='ocrx_word' id='word_1_802' title='bbox 2783 4923 3016 4995; x_wconf 87' lang='grc' dir='ltr'>διαφορὰ</span> <span class='ocrx_word' id='word_1_803' title='bbox 3046 4924 3140 4978; x_wconf 74' lang='grc' dir='ltr'>καὶ</span> <span class='ocrx_word' id='word_1_804' title='bbox 3173 4917 3554 4986; x_wconf 82' lang='grc' dir='ltr'>ἀκατάληπτος</span> <span class='ocrx_word' id='word_1_805' title='bbox 3583 4917 3676 4965; x_wconf 80' lang='grc' dir='ltr'><strong>τῶν</strong></span> <span class='ocrx_word' id='word_1_806' title='bbox 3698 4921 3760 5001; x_wconf 59' lang='grc' dir='ltr'>αν-</span> 
     </span>
    </p>
   </div>
   <div class='ocr_carea' id='block_1_109' title="bbox 557 4997 2137 5108">
    <p class='ocr_par' dir='ltr' id='par_1_109' title="bbox 557 5010 2136 5094">
     <span class='ocr_line' id='line_1_109' title="bbox 557 5010 2136 5094; baseline 0.012 -31"><span class='ocrx_word' id='word_1_807' title='bbox 557 5010 646 5066; x_wconf 87' lang='lat' dir='ltr'><strong>liis</strong></span> <span class='ocrx_word' id='word_1_808' title='bbox 672 5021 729 5068; x_wconf 89' lang='lat' dir='ltr'><strong>et</strong></span> <span class='ocrx_word' id='word_1_809' title='bbox 761 5015 1173 5085; x_wconf 86' lang='lat' dir='ltr'><strong>cupiditatibus,</strong></span> <span class='ocrx_word' id='word_1_810' title='bbox 1207 5020 1261 5074; x_wconf 93' lang='lat' dir='ltr'><strong>in</strong></span> <span class='ocrx_word' id='word_1_811' title='bbox 1291 5019 1510 5086; x_wconf 88' lang='lat' dir='ltr'><strong>litteris,</strong></span> <span class='ocrx_word' id='word_1_812' title='bbox 1539 5023 1794 5094; x_wconf 83' lang='lat' dir='ltr'><strong>negotiis,</strong></span> <span class='ocrx_word' id='word_1_813' title='bbox 1830 5027 2048 5092; x_wconf 84' lang='lat' dir='ltr'><strong>studiis,</strong></span> <span class='ocrx_word' id='word_1_814' title='bbox 2078 5041 2136 5082; x_wconf 87' lang='lat' dir='ltr'><strong>et</strong></span> 
     </span>
    </p>
   </div>
   <div class='ocr_carea' id='block_1_110' title="bbox 2235 4997 3760 5108">
    <p class='ocr_par' dir='ltr' id='par_1_110' title="bbox 2235 4997 3760 5108">
     <span class='ocr_line' id='line_1_110' title="bbox 2235 4997 3760 5108; baseline -0.02 -28"><span class='ocrx_word' id='word_1_815' title='bbox 2235 4997 2465 5096; x_wconf 85' lang='grc' dir='ltr'>θρώπων</span> <span class='ocrx_word' id='word_1_816' title='bbox 2512 5023 2746 5075; x_wconf 79' lang='grc' dir='ltr'>ἑκάστου</span> <span class='ocrx_word' id='word_1_817' title='bbox 2797 5017 2935 5089; x_wconf 84' lang='grc' dir='ltr'>πρὸς</span> <span class='ocrx_word' id='word_1_818' title='bbox 2979 5017 3211 5070; x_wconf 75' lang='grc' dir='ltr'>ἕκαστον</span> <span class='ocrx_word' id='word_1_819' title='bbox 3245 5013 3344 5067; x_wconf 67' lang='grc' dir='ltr'><strong>καλ⁵</strong></span> <span class='ocrx_word' id='word_1_820' title='bbox 3379 5012 3415 5081; x_wconf 81' lang='grc' dir='ltr'><strong>ἡ</strong></span> <span class='ocrx_word' id='word_1_821' title='bbox 3451 5009 3581 5108; x_wconf 67' lang='grc' dir='ltr'>πρὸς</span> <span class='ocrx_word' id='word_1_822' title='bbox 3612 4997 3760 5108; x_wconf 53' lang='grc' dir='ltr'>ἑαυτὸν</span> 
     </span>
    </p>
   </div>
   <div class='ocr_carea' id='block_1_111' title="bbox 557 5100 2137 5181">
    <p class='ocr_par' dir='ltr' id='par_1_111' title="bbox 557 5103 2134 5181">
     <span class='ocr_line' id='line_1_111' title="bbox 557 5103 2134 5181; baseline 0.008 -23"><span class='ocrx_word' id='word_1_823' title='bbox 557 5103 614 5158; x_wconf 91' lang='lat' dir='ltr'><strong>in</strong></span> <span class='ocrx_word' id='word_1_824' title='bbox 651 5104 784 5174; x_wconf 86' lang='lat' dir='ltr'><strong>ipsis</strong></span> <span class='ocrx_word' id='word_1_825' title='bbox 818 5108 1018 5162; x_wconf 85' lang='lat' dir='ltr'><strong>mentis</strong></span> <span class='ocrx_word' id='word_1_826' title='bbox 1047 5110 1472 5180; x_wconf 82' lang='lat' dir='ltr'><strong>cogitationibus</strong></span> <span class='ocrx_word' id='word_1_827' title='bbox 1496 5127 1633 5181; x_wconf 88' lang='lat' dir='ltr'><strong>pene</strong></span> <span class='ocrx_word' id='word_1_828' title='bbox 1661 5113 1912 5179; x_wconf 80' lang='lat' dir='ltr'><strong>inﬁnitis,</strong></span> <span class='ocrx_word' id='word_1_829' title='bbox 1953 5118 2134 5171; x_wconf 89' lang='lat' dir='ltr'><strong>omni-</strong></span> 
     </span>
    </p>
   </div>
   <div class='ocr_carea' id='block_1_112' title="bbox 2235 5100 3759 5181">
    <p class='ocr_par' dir='ltr' id='par_1_112' title="bbox 2235 5100 3759 5181">
     <span class='ocr_line' id='line_1_112' title="bbox 2235 5100 3759 5181; baseline -0.017 -10"><span class='ocrx_word' id='word_1_830' title='bbox 2235 5119 2462 5172; x_wconf 75' lang='grc' dir='ltr'>ἑκάστου</span> <span class='ocrx_word' id='word_1_831' title='bbox 2487 5111 2781 5181; x_wconf 83' lang='grc' dir='ltr'>ὲναλλαγὴ,</span> <span class='ocrx_word' id='word_1_832' title='bbox 2815 5110 2872 5164; x_wconf 77' lang='grc' dir='ltr'><strong>ἔν</strong></span> <span class='ocrx_word' id='word_1_833' title='bbox 2899 5127 2960 5162; x_wconf 86' lang='grc' dir='ltr'>τε</span> <span class='ocrx_word' id='word_1_834' title='bbox 2992 5109 3129 5180; x_wconf 84' lang='grc' dir='ltr'>βίοις</span> <span class='ocrx_word' id='word_1_835' title='bbox 3151 5107 3244 5160; x_wconf 76' lang='grc' dir='ltr'>καὶ</span> <span class='ocrx_word' id='word_1_836' title='bbox 3267 5103 3429 5174; x_wconf 71' lang='grc' dir='ltr'>ἤθεσι</span> <span class='ocrx_word' id='word_1_837' title='bbox 3448 5100 3759 5181; x_wconf 62' lang='grc' dir='ltr'>καὶγνώμαιξ</span> 
     </span>
    </p>
   </div>
   <div class='ocr_carea' id='block_1_113' title="bbox 489 5175 2137 5288">
    <p class='ocr_par' dir='ltr' id='par_1_113' title="bbox 489 5175 2137 5288">
     <span class='ocr_line' id='line_1_113' title="bbox 489 5175 2137 5288; baseline 0.008 -35"><span class='ocrx_word' id='word_1_838' title='bbox 489 5281 495 5288; x_wconf 32' lang='grc'>.</span> <span class='ocrx_word' id='word_1_839' title='bbox 556 5197 770 5269; x_wconf 78' lang='lat' dir='ltr'><strong>basque</strong></span> <span class='ocrx_word' id='word_1_840' title='bbox 800 5200 881 5254; x_wconf 89' lang='lat' dir='ltr'><strong>eis</strong></span> <span class='ocrx_word' id='word_1_841' title='bbox 913 5215 1035 5270; x_wconf 69' lang='lat' dir='ltr'><strong>qua:</strong></span> <span class='ocrx_word' id='word_1_842' title='bbox 1063 5175 1308 5272; x_wconf 74' lang='lat' dir='ltr'><strong>quotidie</strong></span> <span class='ocrx_word' id='word_1_843' title='bbox 1334 5204 1396 5258; x_wconf 74' lang='lat' dir='ltr'><strong>et&#39;</strong></span> <span class='ocrx_word' id='word_1_844' title='bbox 1431 5175 1660 5275; x_wconf 79' lang='lat' dir='ltr'><strong>singulis</strong></span> <span class='ocrx_word' id='word_1_845' title='bbox 1688 5220 1826 5273; x_wconf 87' lang='lat' dir='ltr'><strong>pene</strong></span> <span class='ocrx_word' id='word_1_846' title='bbox 1851 5175 2003 5264; x_wconf 49' lang='lat' dir='ltr'><strong>heris</strong></span> <span class='ocrx_word' id='word_1_847' title='bbox 2031 5211 2137 5266; x_wconf 87' lang='lat' dir='ltr'><strong>alia</strong></span> 
     </span>
    </p>
   </div>
   <div class='ocr_carea' id='block_1_114' title="bbox 2235 5175 3762 5288">
    <p class='ocr_par' dir='ltr' id='par_1_114' title="bbox 2235 5175 3762 5277">
     <span class='ocr_line' id='line_1_114' title="bbox 2235 5175 3762 5277; baseline -0.013 -14"><span class='ocrx_word' id='word_1_848' title='bbox 2235 5210 2329 5264; x_wconf 72' lang='grc' dir='ltr'>καὶ</span> <span class='ocrx_word' id='word_1_849' title='bbox 2355 5175 2709 5277; x_wconf 75' lang='grc' dir='ltr'>προαιρέσεσι</span> <span class='ocrx_word' id='word_1_850' title='bbox 2737 5175 2831 5257; x_wconf 73' lang='grc' dir='ltr'>καὶ</span> <span class='ocrx_word' id='word_1_851' title='bbox 2862 5175 3203 5271; x_wconf 73' lang='grc' dir='ltr'>ὲπιθῦμίαις,</span> <span class='ocrx_word' id='word_1_852' title='bbox 3237 5193 3575 5264; x_wconf 69' lang='grc' dir='ltr'>ἐπιστήμαις</span> <span class='ocrx_word' id='word_1_853' title='bbox 3605 5200 3660 5237; x_wconf 76' lang='grc' dir='ltr'>τε</span> <span class='ocrx_word' id='word_1_854' title='bbox 3692 5175 3762 5236; x_wconf 66' lang='grc' dir='ltr'><strong>καὶ</strong></span> 
     </span>
    </p>
   </div>
   <div class='ocr_carea' id='block_1_115' title="bbox 627 5340 1063 5408">
    <p class='ocr_par' dir='ltr' id='par_1_115' title="bbox 627 5340 1063 5408">
     <span class='ocr_line' id='line_1_115' title="bbox 627 5340 1063 5408; baseline 0 -12"><span class='ocrx_word' id='word_1_855' title='bbox 627 5347 654 5376; x_wconf 70' lang='grc' dir='ltr'><strong>τ’</strong></span> <span class='ocrx_word' id='word_1_856' title='bbox 682 5340 841 5397; x_wconf 82' lang='lat' dir='ltr'><strong>Rom.</strong></span> <span class='ocrx_word' id='word_1_857' title='bbox 876 5357 950 5408; x_wconf 80' lang='lat' dir='ltr'><strong>xi,</strong></span> <span class='ocrx_word' id='word_1_858' title='bbox 975 5342 1063 5397; x_wconf 77' lang='lat'><strong>55.</strong></span> 
     </span>
    </p>
   </div>
   <div class='ocr_carea' id='block_1_116' title="bbox 1816 5461 2487 5517">
    <p class='ocr_par' dir='ltr' id='par_1_116' title="bbox 1816 5461 2487 5517">
     <span class='ocr_line' id='line_1_116' title="bbox 1816 5461 2487 5517; baseline 0 -1"><span class='ocrx_word' id='word_1_859' title='bbox 1816 5462 2048 5517; x_wconf 60' lang='lat' dir='ltr'><strong>VARle</strong></span> <span class='ocrx_word' id='word_1_860' title='bbox 2085 5461 2487 5516; x_wconf 77' lang='lat' dir='ltr'><strong>LECTIONES.</strong></span> 
     </span>
    </p>
   </div>
   <div class='ocr_carea' id='block_1_117' title="bbox 629 5565 2638 5644">
    <p class='ocr_par' dir='ltr' id='par_1_117' title="bbox 629 5565 2638 5644">
     <span class='ocr_line' id='line_1_117' title="bbox 629 5565 2638 5644; baseline 0.002 -25"><span class='ocrx_word' id='word_1_861' title='bbox 629 5565 669 5599; x_wconf 85' lang='lat'>&quot;</span> <span class='ocrx_word' id='word_1_862' title='bbox 704 5568 842 5620; x_wconf 80' lang='grc' dir='ltr'>καλὰ</span> <span class='ocrx_word' id='word_1_863' title='bbox 866 5571 989 5622; x_wconf 89' lang='lat' dir='ltr'><strong>cod.</strong></span> <span class='ocrx_word' id='word_1_864' title='bbox 1027 5569 1165 5624; x_wconf 88' lang='lat' dir='ltr'><strong>Gud.</strong></span> <span class='ocrx_word' id='word_1_865' title='bbox 1201 5587 1276 5624; x_wconf 92' lang='lat' dir='ltr'><strong>m.</strong></span> <span class='ocrx_word' id='word_1_866' title='bbox 1303 5588 1387 5641; x_wconf 92' lang='lat' dir='ltr'><strong>pr.</strong></span> <span class='ocrx_word' id='word_1_867' title='bbox 1467 5574 1509 5605; x_wconf 83' lang='lat'>&quot;</span> <span class='ocrx_word' id='word_1_868' title='bbox 1540 5573 2029 5644; x_wconf 76' lang='grc' dir='ltr'>παρασκευάζουσα</span> <span class='ocrx_word' id='word_1_869' title='bbox 2061 5572 2225 5628; x_wconf 90' lang='lat' dir='ltr'><strong>habet</strong></span> <span class='ocrx_word' id='word_1_870' title='bbox 2247 5572 2638 5643; x_wconf 79' lang='lat' dir='ltr'><strong>apographum.</strong></span> 
     </span>
    </p>
   </div>
  </div>
