3984 6198
254 227 391 299 1193
1023 241 1029 246 ’
1492 232 1838 295 AMBIGUO

1945 231 2011 291 M
2048 226 2303 291 LIBER.
3367 218 3503 293 1194

250 339 456 414 χρείαις
487 338 582 395 καὶ
604 339 1003 416 ἐπιτηδεύμασι
1026 341 1121 398 καὶ
1150 338 1341 405 αὐτοῖς
1372 343 1486 406 τοῖς
1528 343 1672 398 κατὰ
1713 342 1819 414 ψυ-

1945 350 1977 396 :t
2005 340 2110 396 alia
2158 337 2419 394 accidunt
2465 351 2575 391 una
2619 342 2995 391 commutatur
3043 333 3324 408 (versatile
3357 338 3507 392 enim

246 432 351 506 χὴν
379 434 664 505 λογισμοῖς
691 434 942 507 ἀπείροις
967 429 1089 488 οὖσι
1125 432 1334 506 σχεδὸν,
1381 434 1478 487 καὶ
1525 435 1661 488 πᾶσι
1711 437 1822 498 τοῖς

1945 449 2051 500 Ioc,
2104 432 2196 487 cui
2256 431 2423 485 homo
2474 444 2677 484 nomen
2731 436 2837 494 est,
2908 428 3133 495 animal,
3204 428 3316 484 cito
3368 437 3512 483 tem—

241 526 370 582 καθ’
397 526 643 601 ἑκάστην
663 527 879 598 ἡμέραν
908 526 1001 581 καὶ
1021 525 1172 598 ὥραν
1201 524 1665 597 ὲπισυμϐαίνουσι
1690 540 1826 596 συμ-

1945 524 2155 578 mribus
2183 531 2347 592 atque
2377 519 2798 577 necessitatibus
2816 517 3260 594 commutatum),
3283 536 3512 577 necesse

248 616 730 690 μεταϐαλλομένου
774 616 1170 689 (ἀγχίστροφον
1211 616 1323 688 γὰρ
1354 615 1516 669 τοῦτο
1545 614 1608 668 τὸ
1628 612 1768 680 ζῶον
1796 614 1826 668 ὁ

1945 624 2012 670 :st
2058 614 2284 668 omnino
2317 612 2722 683 providentiam
2762 628 3005 683 quoque,
3038 612 3266 683 praescie
3312 623 3511 669 cuncta

248 705 557 780 ἄνθρωπος,
581 709 754 774 ὀξέως
785 711 902 774 τοῖς
921 707 1144 779 ’καιροῖς
1170 708 1265 761 καὶ
1291 709 1412 771 ταῖς
1434 704 1658 778 ’χρείαις
1685 721 1827 775 συμ-

1945 721 2027 761 )θι·
2066 705 2280 773 singula
2324 703 2534 758 ambitu
2581 718 2685 758 suo
2727 705 3206 774 complectentem,
3236 704 3512 761 diversam

250 801 772 872 μεταϐαλλόμενον),
819 801 1035 871 ἀνάγκη
1077 800 1231 854 πᾶσα
1269 800 1362 853 καὶ
1403 798 1504 871 τὴν
1545 797 1826 869 πρόνοιαν,

1945 808 1984 852 3t
2013 797 2223 851 variam
2263 803 2320 857 et
2362 795 2724 865 multiplicem
2753 796 2949 861 videri,
2999 806 3185 868 atque,
3230 813 3357 852 cum
3402 814 3514 853 una

250 894 675 967 προγνωστικῶς
701 895 882 950 πάντα
911 894 1298 964 ωνειληφυῖαν
1318 893 1464 951 κατὰ
1484 890 1830 964 περιγραφὴν

1945 904 2055 943 :um
2091 889 2260 944 rebus
2285 887 2423 944 adeo
2454 888 2838 957 multiplicatis
2884 898 2943 943 ut
2984 904 3218 945 numero
3259 906 3513 960 compre-

248 988 317 1040 τὰ
346 987 468 1041 καθ’
499 986 734 1052 ἕκαστα,
765 987 1023 1058 διάφορόν
1051 1004 1112 1040 τε
1138 989 1234 1040 καὶ
1261 985 1515 1056 ποικίλην
1541 984 1829 1055 φαίνεσθαι

1945 981 2096 1037 ιοηάἰ
2118 988 2396 1050 nequeant
2417 979 2768 1044 extendatur,
2791 980 3097 1036 secundum
3117 981 3321 1037 factum
3341 983 3516 1053 quod-

249 1080 341 1131 καὶ
375 1078 692 1149 πολυσχιδῆ,
725 1079 821 1132 καί¹
843 1080 910 1149 τῇ
940 1078 1047 1132 τῶν
1069 1074 1535 1149 πεπληθυσμένων
1553 1076 1825 1147 ἁκαταληυ

1945 1086 2039 1143 1ue
2078 1078 2137 1126 et
2178 1070 2498 1142 cogitatum,
2530 1069 2614 1124 vel
2653 1084 2827 1139 usque
2855 1070 2909 1124 in
2947 1079 3144 1126 tenues
3172 1087 3298 1141 qute
3344 1074 3515 1127 menti

248 1168 349 1240 ψίᾳ
382 1169 872 1239 συνεκτεινομένην
910 1167 1129 1239 ἑκάστῳ
1167 1166 1500 1240 προσφόρως
1535 1165 1658 1220 καθ’
1698 1165 1831 1220 ἕκα-

1945 1171 2026 1218 ιιιι
2048 1162 2266 1232 corpori
2289 1161 2615 1215 oboriantur
2646 1168 2828 1216 motus
2856 1160 3153 1231 unicuique
3181 1164 3516 1223 convenien-

250 1277 376 1312 στον
407 1260 501 1313 καὶ
531 1261 766 1332 πρᾶγμα
807 1260 904 1313 καὶ
942 1260 1141 1330 νόημα,
1187 1260 1351 1331 μέχρι
1392 1260 1489 1312 καὶ
1520 1258 1629 1312 τῶν
1658 1258 1831 1327 ψιλῶν

1945 1270 2017 1310 er
2058 1253 2485 1309 accommodari.
2523 1252 2681 1319 Quod
2729 1253 2774 1308 si
2822 1252 3163 1324 singulorum
3204 1255 3519 1312 diii‘erentia

250 1353 570 1422 κινημάτων
600 1352 710 1405 τῶν
740 1352 880 1405 κατὰ
903 1352 1083 1423 ψυχὴν
1112 1352 1386 1422 καὶσῶμα
1402 1351 1830 1420 συνισταμένων,

1945 1348 2214 1402 notionem
2255 1346 2492 1410 excedit,
2525 1355 2581 1402 et
2614 1345 2827 1400 inﬁnita
2872 1355 2958 1401 est
2990 1347 3131 1401 ratio
3161 1347 3522 1417 providentia:

249 1442 610 1512 ἁρμόζεσθαι.
649 1439 828 1496 Είοῦν
874 1442 984 1495 τῶν
1038 1444 1180 1497 κατὰ
1230 1443 1395 1514 μέρος
1444 1441 1834 1514 ἁκατάληπτός

1945 1440 2045 1495 illis
2092 1455 2151 1495 se
2182 1440 2578 1495 convenienter
2619 1439 3107 1504 accommodantis,
3155 1439 3384 1495 minime
3441 1449 3522 1494 ta-

246 1534 396 1586 ὲστιν
420 1536 452 1605 ἡ
489 1533 743 1604 διαφορά,
778 1534 874 1587 καὶ
897 1534 996 1604 τῆς
1026 1533 1374 1607 ἁρμοζούσης
1399 1535 1585 1599 αὐτοῖς
1610 1534 1834 1598 εἰκότως

1945 1547 2081 1596 men,
2111 1547 2237 1586 cum
2272 1531 2487 1587 infinita
2520 1540 2576 1586 et
2607 1532 3066 1601 imperceptibilis
3098 1532 3259 1588 nobis
3288 1533 3360 1589 sit
3389 1550 3523 1604 pro-

246 1629 507 1697 προνοίας
537 1628 763 1696 ἄπειρος
805 1627 833 1679 ὁ
858 1626 1036 1695 λόγος,
1073 1625 1191 1679 ἀλλ’
1223 1627 1344 1687 οὐκ,
1387 1627 1576 1698 ἐπειδὴ
1607 1625 1833 1697 ἄπειρός

1945 1619 2193 1679 videntite
2236 1622 2480 1694 singulas
2522 1632 2704 1693 partes
2748 1624 3100 1692 procurantis
3147 1625 3329 1689 ratio,
3392 1625 3523 1680 inde.

202 1745 225 1760 -
243 1690 306 1773 τέ
340 1719 435 1771 καὶ
463 1690 737 1787 ἄγνωστος
774 1718 906 1787 ἡμῖν
932 1690 1034 1785 τῆς
1066 1717 1176 1771 τῶν
1204 1717 1345 1771 κατὰ
1374 1717 1540 1789 μέρος
1563 1690 1835 1790 ’προνοίας

1945 1716 2160 1787 propria
2208 1715 2515 1784 ignorantia
2566 1714 3026 1786 sapientissimam
3080 1731 3264 1772 rerum
3313 1726 3523 1774 natura:

245 1810 275 1861 ό
310 1808 469 1876 λόγος
497 1808 780 1878 τυγχάνει,
827 1808 924 1881 τὴν
970 1809 1106 1863 ίδίαν
1141 1810 1365 1879 ἄγνοιαν
1402 1810 1681 1880 ἀναίρεσιν
1712 1827 1835 1881 ποι-

1945 1807 2383 1877 procurationem
2422 1806 2614 1861 tollere
2642 1806 2928 1866 debemus.
2967 1807 3061 1861 sed
3098 1808 3282 1862 omnia
3309 1808 3526 1879 simpli-

247 1899 432 1952 εἴσθαι
458 1898 557 1968 τῆς
595 1900 873 1967 πανσὸφου
903 1899 1012 1953 τῶν
1040 1900 1210 1953 ὄντων
1270 1900 1590 1971 κηδεμονίας
1631 1899 1838 1968 ὀφείλο-

1945 1899 2077 1954 citcr
2105 1908 2163 1953 et
2189 1899 2308 1953 sine
2336 1899 2609 1964 examine,
2636 1900 2748 1955 Deo
2776 1901 3172 1956 convenienter
3198 1911 3255 1956 et
3289 1903 3520 1968 utiliter,

248 2008 378 2063 μεν,
411 1991 589 2045 πάντα
618 1992 677 2044 δὲ
714 1992 904 2056 ἁπλῶς
940 1992 1038 2045 καὶ
1078 1993 1473 2059 ἀνεξετάστως,
1515 1990 1836 2062 θεοπρεπῶς

1945 1989 2297 2060 providentiae
2344 1990 2569 2045 laudare
2602 2006 2770 2060 opera
2820 2001 2876 2045 et
2918 2000 3142 2062 accepta
3193 1992 3421 2060 referre,
3468 2004 3525 2049 et

246 2099 310 2135 τε
341 2084 434 2135 καὶ
457 2083 863 2153 συμφερόντως,
894 2083 962 2136 τὰ
995 2082 1095 2151 τῆς
1116 2082 1372 2152 προνοίας
1412 2080 1598 2152 (175
1624 2082 1676 2151 b)
1740 2084 1838 2151 ἐφ-

1945 2096 2060 2150 quaa
2097 2079 2237 2134 fiunt
2279 2080 2420 2136 bene
2456 2081 2574 2135 ﬁeri
2621 2082 2923 2149 conlidere,
2985 2084 3203 2139 etiamsi
3255 2085 3523 2141 rationem

250 2177 447 2245 υμνεῖν
478 2174 615 2245 ἔργα
644 2175 737 2227 καὶ
765 2172 1145 2252 ἀποδέχεσθαι,
1167 2175 1264 2227 καὶ
1293 2172 1471 2237 καλῶς
1504 2173 1747 2242 γίνεσθαι
1770 2174 1838 2228 τά

246 2268 514 2337 γινόμενα
548 2266 849 2330 πιστεύειν,
901 2265 1004 2320 κᾶν
1046 2268 1176 2337 ἡμῖν
1213 2268 1246 2319 ὁ
1283 2266 1441 2334 λόγος
1470 2268 1617 2320 ἐστὶν
1646 2266 1839 2335 ἀνέφι-

248 2376 404 2422 κτος.
428 2359 617 2412 Πάντα
636 2358 691 2410 δὲ
715 2357 889 2426 λέγων
925 2359 1001 2412 τὰ
1025 2359 1124 2428 τῆς
1154 2358 1416 2429 προνοίας
1449 2358 1615 2428 φημὶ,
1640 2358 1702 2411 οὐ
1731 2357 1839 2428 γὰρ

249 2449 322 2503 τὰ
348 2449 534 2514 κακῶς
566 2448 656 2517 ὑφ’
691 2449 848 2519 ἡμῶν
876 2451 1019 2504 κατὰ
1047 2449 1139 2503 τὸν
1172 2449 1266 2503 τοῦ
1306 2449 1351 2481 ⁸³
1385 2449 1472 2518 ἐφ’
1515 2450 1648 2519 ἡμῖν
1680 2448 1840 2518 λόγον

250 2540 518 2611 γινόμενα
542 2555 555 2568 ·
592 2538 782 2591 ταῦτα·
796 2538 906 2608 γὰρ
938 2538 1032 2592 τοῦ
1058 2538 1201 2592 κατὰ
1229 2537 1331 2608 τὴν
1378 2536 1641 2608 πρόνοιαν
1680 2535 1838 2603 λόγου

251 2628 533 2692 παντελῶς
556 2628 834 2698 ἀλλότρια.
860 2629 963 2682 Τὸν
983 2628 1082 2699 μὲν
1107 2627 1204 2681 οὖν
1229 2627 1625 2697 σημαινόμενον
1643 2625 1838 2698 τρόπον

250 2720 387 2792 περὶ
416 2718 513 2790 τῆς
545 2720 655 2773 τῶν
679 2720 852 2788 ἁγίων
878 2709 1020 2773 κατὰ
1053 2720 1145 2772 τὸν
1177 2717 1338 2788 λόγον
1362 2719 1457 2772 καὶ
1488 2716 1586 2789 τὴν
1603 2718 1838 2787 Θεωρίαν

248 2811 535 2883 δυνάμεως
582 2829 642 2865 τε
693 2812 789 2866 καὶ
837 2811 1058 2882 χάριτος
1101 2811 1206 2864 ὑπὸ
1235 2810 1329 2865 τοῦ
1371 2810 1608 2882 μεγάλου
1644 2809 1838 2862 τούτου

248 2906 575 2960 διδασκάλου
614 2906 754 2959 κατὰ
780 2904 842 2957 τὸ
876 2904 1102 2959 δυνατὸν
1146 2904 1542 2974 στοχαστικῶς,
1587 2901 1701 2956 ἀλλ’
1737 2902 1838 2955 οὐκ

249 2996 648 3065 άποφαντικῶς
673 2994 876 3069 (πολλῷ
901 2997 1010 3067 γάρ
1031 2997 1387 3050 ἀπολείπεται
1415 2995 1493 3066 τῷ
1526 2995 1711 3066 μέτρῳ
1740 2994 1838 3063 τῆς

250 3087 378 3139 κατ’
435 3086 597 3139 αὐτὸν
641 3086 900 3158 ἀληθείας
938 3086 968 3138 ό
1001 3086 1270 3158 ἡμέτερος
1306 3085 1475 3156 νοῦς),
1511 3084 1600 3138 διὰ
1625 3084 1732 3136 τῶν
1764 3085 1839 3136 εἰ·

252 3172 514 3243 ρημένων
545 3172 872 3245 ὑποδραμὼν
905 3174 984 3245 τῷ
1014 3175 1179 3246 λόγῳ,
1213 3177 1306 3229 καὶ
1337 3174 1526 3247 ῶσπερ
1551 3173 1840 3246 ίχνηλατή-

251 3281 380 3330 σας,
416 3266 617 3320 τοιόνδε
644 3268 766 3322 καθ’
800 3269 1059 3322 ὑπόνοιαν
1096 3269 1257 3340 μόνον
1285 3270 1448 3340 φημί.

250 3450 481 3517 Θεωρία
513 3448 800 3519 διάφορος
854 3449 965 3518 τῆς
1008 3448 1395 3517 διαόαθείσης
1424 3450 1562 3504 οὐπὸ
1594 3448 1713 3504 τῶν
1769 3450 1838 3505 d-

329 3545 474 3616 γίων
527 3546 748 3613 ὑλικῆς
797 3545 1041 3613 δυάδος,
1079 3547 1177 3600 καὶ
1231 3547 1326 3613 τίς
1354 3548 1391 3615 ἠ
1422 3546 1492 3599 ἐν
1533 3543 1608 3614 τῇ
1647 3542 1842 3612 Τριάδι

328 3636 630 3707 νοουμένη
662 3638 877 3705 ἑνότης
911 3640 1006 3708 (ο).

332 3751 431 3805 Διὰ
454 3752 511 3805 δὲ
541 3749 634 3805 τοῦ
670 3750 811 3823 ὑπὲρ
839 3752 939 3824 τὴν
964 3753 1156 3825 ὑλικὴν
1201 3753 1369 3808 δυάδα
1414 3753 1691 3823 γενέσθαι,
1748 3754 1841 3809 διὰ

245 3842 355 3914 τὴν
382 3844 439 3894 ἐν
466 3845 534 3913 τῇ
564 3842 756 3909 Τριάδι
787 3842 1085 3913 νοουμένην
1123 3843 1372 3914 ἑνότητα,
1432 3843 1493 3896 τὸ
1548 3842 1688 3914 ὑπὲρ
1738 3844 1837 3914 τὴν

255 3933 400 4001 ὓλην
432 3931 688 4001 γενέσθαι
715 3931 894 3985 καὶτὸ
924 3927 1084 3997 εἶδος,
1123 3934 1184 3997 ἐξ
1212 3929 1286 3986 ὧν
1317 3932 1388 3986 τὰ
1418 3930 1667 4003 σώματα,
1713 3934 1840 3997 τοὺς

246 4025 449 4094 ἁγίους
478 4023 663 4093 λέγειν
701 4023 914 4079 ὑπονοῶ
940 4025 1124 4091 αὐτὸν,
1163 4026 1197 4097 ἢ
1228 4028 1327 4097 τὴν
1372 4027 1553 4097 σάρκα
1603 4025 1701 4081 καὶ
1740 4025 1839 4097 τὴν

248 4119 419 4186 ὕλην,
444 4117 624 4189 ἇσπερ
650 4119 971 4190 διασχόντας
1004 4118 1108 4190 ἔφη
1160 4119 1279 4189 Θεῷ
1335 4118 1694 4187 συγγενέσθαι
1745 4118 1841 4171 καὶ

1938 2188 2129 2228 eorum
2158 2189 2268 2226 non
2297 2188 2590 2243 possumus
2612 2176 2855 2245 assequi.
2890 2174 3099 2232 Cuncta
3127 2193 3260 2233 vero
3289 2178 3334 2234 si
3376 2178 3522 2242 dico,

1940 2266 2298 2335 providentiae
2337 2282 2426 2322 res
2466 2266 2612 2331 dico,
2640 2267 2895 2323 videlicet
2922 2284 3034 2323 non
3063 2285 3127 2325 ea
3161 2287 3284 2341 quae
3308 2288 3339 2327 a
3365 2273 3524 2329 nobis

1940 2355 2241 2411 secundum
2305 2366 2507 2411 nostra:
2555 2357 2856 2413 voluntatis
2905 2366 2962 2413 et
3009 2358 3208 2416 indolis
3254 2363 3525 2419 rationem

1940 2465 2106 2519 prave
2150 2448 2323 2514 ﬁunt;
2350 2448 2466 2502 haec
2493 2449 2642 2502 enim
2668 2465 2695 2502 a
2724 2450 3084 2518 providentia:
3119 2454 3332 2510 ratione
3366 2456 3526 2526 plane

1940 2541 2168 2595 absona.
2204 2540 2425 2594 Modum
2471 2540 2640 2610 igitur
2672 2542 2956 2598 rationalis
2998 2552 3054 2598 et
3086 2548 3528 2618 contemplativa:

1940 2641 2258 2687 sanctorum
2290 2632 2581 2701 potestatis
2609 2640 2665 2686 et
2707 2632 2901 2702 gratiae
2933 2633 3003 2688 ab
3047 2650 3245 2707 magno
3273 2637 3381 2693 hoc
3408 2654 3527 2695 ma-

1938 2724 2111 2794 gistro
2133 2721 2504 2793 signiﬁcatum
2537 2731 2830 2792 postquam
2862 2726 3202 2795 conjectura,
3232 2743 3344 2783 non
3377 2740 3529 2785 certa

1941 2816 2397 2885 interpretatione
2424 2814 2681 2885 (multum
2706 2816 2855 2871 enim
2879 2817 3037 2873 abest
3066 2828 3126 2874 ut
3153 2835 3312 2877 mens
3338 2830 3529 2879 nostra

1941 2905 2090 2961 illius
2112 2904 2402 2959 veritatem
2424 2904 2774 2977 aequiparet),
2798 2922 2899 2976 per
2919 2906 3063 2963 hanc
3097 2909 3529 2983 disputationem

1941 2996 2113 3052 verbo
2142 2996 2364 3067 assequi
2404 2997 2634 3068 ejusque
2677 2998 2838 3067 quasi
2869 3000 3099 3085 vestigia
3130 3001 3394 3076 indagare
3431 3023 3528 3063 co-

1941 3098 2107 3145 natus
2128 3104 2273 3156 sum,
2302 3089 2464 3145 talem
2496 3105 2620 3146 esse
2648 3090 2915 3146 duntaxat
2937 3093 3217 3163 suspicor.

1940 3421 2328 3518 caulemplatio
2390 3447 2594 3502 diversa
2662 3458 2935 3522 superatae
3001 3471 3035 3508 α
3098 3461 3297 3515 sanctis
3358 3474 3529 3519 male-

2009 3539 2159 3594 rialis
2193 3539 2399 3611 dyadis,
2434 3548 2483 3594 et
2530 3557 2780 3611 quamam
2820 3546 2878 3598 in
2903 3545 3162 3603 Trinitate
3199 3553 3531 3629 intelligatur

2011 3633 2206 3686 unitas.

2010 3745 2167 3815 Quod
2186 3755 2370 3802 autem
2403 3749 2743 3806 matcrialem
2773 3751 3008 3823 dyadem
3038 3768 3304 3827 superent
3329 3766 3529 3832 sancti,

1937 3852 2165 3912 propter
2187 3842 2453 3897 unitatem
2478 3843 2535 3898 in
2553 3844 2827 3902 Trinitate
2850 3848 3211 3917 intellectam,
3232 3855 3528 3926 signiﬁcari

1938 3932 2009 3989 ab
2038 3948 2105 3989 eo
2132 3934 2385 4004 suspicor
2412 3936 2701 3992 materiam
2729 3949 2895 4010 atque
2924 3941 3181 4011 formam,
3226 3947 3371 4004 unde
3400 3960 3531 4006 sunt
3575 4015 3578 4018 ,

1939 4036 2190 4092 corpora,
2218 4033 2503 4094 superatas
2527 4036 2623 4081 aut
2650 4041 2875 4085 carnem
2898 4041 2956 4087 et
2984 4035 3296 4103 materiam,
3326 4040 3531 4110 quibus

1939 4114 2205 4185 disruptis
2231 4132 2355 4171 cum
2384 4118 2499 4173 Deo
2521 4123 2806 4193 congressi
2834 4125 3129 4193 purissima
3160 4130 3286 4186 luce
3319 4141 3529 4203 tempe—

244 4211 338 4281 τῷ
394 4212 849 4284 ἅκραιφνεστάτῳ
900 4212 1172 4284 κραθῆναι
1218 4213 1357 4280 φωτὶ
1412 4210 1837 4282 καταξιωθῆναι,

1945 4208 2054 4265 rari
2090 4216 2255 4277 atque
2288 4209 2547 4279 perfundi
2581 4214 2805 4278 mereri,
2840 4215 2946 4271 hoc
2974 4226 3061 4272 est
3084 4221 3281 4277 animae
3306 4223 3375 4278 ad
3405 4240 3530 4280 car-

245 4301 510 4355 τουτέστι
536 4304 634 4375 τὴν
657 4304 797 4374 πρὸς
841 4304 939 4376 τὴν
998 4305 1179 4374 σάρκα
1239 4304 1340 4373 τῆς
1394 4303 1577 4374 ψυχῆς
1632 4304 1838 4374 σχέσιν,

247 4395 354 4448 καὶ
375 4394 466 4447 διά
497 4394 597 4465 τῆς
632 4397 837 4470 σαρκὸς
868 4390 1006 4470 πρὸς
1038 4397 1136 4468 τὴν
1170 4394 1326 4467 ὕλην,
1383 4395 1416 4466 ἢ
1476 4395 1707 4452 καθόλου
1759 4397 1840 4449 εί-

248 4488 402 4551 πείν,
434 4488 616 4559 πάσης
632 4466 733 4558 τῆς
747 4466 1072 4559 αἰσθητικῆς
1093 4466 1279 4551 οὐσίας
1296 4486 1433 4558 πρὸς
1450 4487 1548 4557 τὴν
1575 4486 1841 4560 αἰσθητὴν

242 4581 630 4652 ἀποθεμένους
675 4582 910 4654 φυσικὴν
955 4583 1289 4652 οἰκειότητα,
1324 4583 1424 4655 τῆς
1458 4583 1515 4636 δὲ
1551 4582 1701 4647 θείας
1746 4582 1844 4654 μό-

242 4691 356 4744 νης
381 4673 623 4745 γνησίως
656 4675 1091 4748 ἐπιλαϐομένους
1147 4676 1411 4745 ἐφέσεως,
1462 4676 1550 4730 διὰ
1596 4676 1718 4746 τὴν,
1765 4673 1840 4739 ὼς

244 4764 417 4836 ἔφην,
451 4766 747 4840 νοουμένην
777 4769 835 4823 ὲν
865 4771 932 4840 τῇ
962 4768 1153 4840 Τριάδι
1192 4768 1442 4836 ἑνότητα.
1492 4766 1683 4837 Μέσην
1731 4765 1843 4838 γὰρ

243 4857 519 4928 κειμένην
565 4857 702 4912 Θεοῦ
754 4859 852 4913 καὶ
899 4858 1030 4932 ὕλης
1057 4858 1156 4932 τὴν
1179 4859 1359 4930 ψυχὴν
1386 4858 1711 4927 ἐγνωκότες,
1747 4859 1843 4911 καὶ

242 4947 357 5012 τὰς
378 4948 514 5020 πρὸς
540 4950 709 5022 ἄμφω
737 4953 1017 5016 ἑνοποιοὺς
1046 4953 1304 5023 δυνάμεις
1328 4952 1577 5022 ἔχουσαν,
1601 4950 1694 5003 τὸν
1716 4949 1841 5005 νοῦν

243 5039 403 5109 λέγω
436 5043 573 5115 πρὸς
591 5044 682 5098 τὸν
703 5045 837 5099 Θεὸν
864 5046 959 5100 καί⁹
987 5047 1123 5117 πρὸς
1147 5046 1248 5116 τὴν
1266 5044 1417 5115 ’ὓλην
1440 5043 1538 5116 τὴν
1564 5042 1836 5114 αἴσθησιν,

241 5134 359 5206 τὴν
410 5135 509 5206 μὲν
563 5137 819 5207 αἴσθησιν
881 5139 1022 5209 μετὰ
1067 5138 1175 5191 τῶν
1233 5136 1510 5208 αἰσθητῶν
1559 5136 1839 5202 παντελῶς

245 5226 448 5299 (176
479 5231 536 5293 a)
558 5230 974 5297 ἀπετινάξαντο,
1002 5230 1146 5285 κατὰ
1168 5230 1267 5301 τὴν
1303 5231 1361 5285 ἐν
1392 5229 1634 5284 διαθέσει
1661 5246 1855 5300 σχετιο-

243 5318 363 5392 κὴν
392 5321 695 5394 ἐνέργειαν,
725 5324 867 5378 κατὰ
895 5324 953 5379 δὲ
981 5323 1222 5378 τόν.νοῦν
1248 5322 1560 5393 μονώτατον
1581 5323 1837 5395 ἀρρήτως

1941 4314 2093 4365 nem,
2123 4308 2179 4355 et
2208 4316 2308 4371 per
2333 4316 2559 4358 carnem
2584 4304 2653 4359 ad
2678 4306 2923 4363 materiae
2948 4309 3298 4378 relationem,
3333 4316 3442 4381 vel,
3469 4325 3532 4371 ut

1942 4391 2002 4447 in
2030 4393 2347 4450 universum
2385 4396 2599 4468 loquar,
2635 4399 2787 4454 omni
2831 4402 3078 4459 sensuali
3116 4408 3356 4463 essentia
3402 4425 3529 4466 cum

1943 4484 2193 4541 sensibili
2248 4488 2400 4543 exuti
2446 4491 2753 4546 naturalem
2808 4497 3229 4563 necessitatem,
3276 4499 3530 4556 divinum

1943 4578 2211 4635 duntaxat
2241 4594 2391 4640 recte
2426 4585 2730 4654 appetitum
2765 4590 2966 4653 secuti,
3000 4600 3231 4661 propter
3259 4595 3528 4650 unitatem

1943 4683 2087 4738 quis,
2118 4677 2181 4725 ut
2218 4671 2352 4738 dixi,
2398 4674 2455 4743 in
2484 4675 2754 4733 Trinitate
2801 4680 3149 4752 intelligitur.
3196 4682 3334 4740 Cum
3378 4686 3529 4742 enim

1942 4761 2182 4817 mediam
2225 4764 2371 4820 inter
2404 4766 2578 4823 Deum
2619 4777 2677 4824 et
2705 4772 2996 4828 materiam
3040 4776 3362 4832 collocatam
3410 4780 3532 4834 ani-

1942 4869 2088 4909 mam
2136 4871 2258 4913 esse
2309 4858 2714 4929 intellexerint,
2768 4875 2828 4920 et
2871 4866 3087 4923 habere
3118 4869 3176 4924 in
3230 4878 3530 4943 utrumque

1942 4947 2174 5004 uniendi
2219 4965 2341 5006 sese
2371 4951 2758 5025 conﬂandique
2790 4964 3113 5027 potestates,
3161 4961 3528 5031 intellectum,

1942 5043 2191 5114 inquam,
2235 5043 2295 5098 in
2319 5044 2493 5100 Deum
2537 5055 2595 5102 et
2622 5047 2681 5102 in
2714 5051 3003 5105 materiam
3032 5067 3276 5120 sensum,
3305 5071 3531 5113 sensum

1944 5136 2169 5206 quidem
2198 5152 2305 5192 una
2328 5152 2453 5192 cum
2484 5138 2842 5196 scnsibilibus
2870 5142 3031 5213 plane
3057 5145 3400 5217 abjecerunt,
3431 5165 3533 5221 per

1944 5229 2229 5284 relativam
2277 5228 2335 5283 in
2379 5229 2675 5287 aﬂ‘ectione
2704 5234 3100 5303 operationem,
3128 5247 3187 5294 et
3214 5255 3331 5310 per-
3350 5243 3532 5297 solum

1943 5319 2287 5376 intellectum
2316 5320 2586 5394 ineﬂ'abili
2622 5326 2788 5381 modo
2826 5342 2949 5383 eam
2993 5329 3062 5385 ad
3094 5332 3268 5387 Deum
3310 5349 3530 5391 accomo

1576 5430 1811 5488 VABUE
1843 5428 2139 5486 LECTIUN
2148 5431 2248 5488 ES.

328 5528 376 5563 "
406 5529 506 5587 Hic
536 5530 888 5599 vocabulum,
919 5530 1067 5602 quod
1098 5546 1225 5587 cum
1251 5528 1345 5585 τοῦ
1372 5530 1657 5602 jungatur,
1682 5527 1956 5586 excidisse
1982 5528 2255 5599 suspicor.

328 5645 406 5719 (θ)
432 5645 516 5704 Cf.
542 5647 705 5720 Greg.
737 5650 869 5705 Naz.
907 5649 1060 5705 Orat.
1108 5652 1197 5717 Ill,
1238 5650 1314 5706 De
1345 5669 1495 5739 pace,
1526 5668 1646 5724 cap.
1683 5651 1737 5721 8,
1774 5668 1833 5723 ι).
1874 5652 2002 5723 ιεο,
2035 5660 2168 5709 tom.
2200 5653 2243 5721 Ι,
2272 5652 2411 5726 Opp.
2443 5654 2534 5711 cd.
2569 5654 2705 5712 Ben.

576 5741 850 5805 Panos.
884 5744 1002 5807 Gn.
1040 5745 1201 5808 XCI.

3183 5751 3271 5831 es
