3984 6198
548 254 684 316 Ῐίέῧ

1709 253 1769 313 S.
1810 254 2096 315 MAXIMI
2133 253 2644 317 CONFESSORIS

3626 268 3732 336 1196

547 376 932 428 ιιωιιιιγιλιειιιιι,
960 380 1198 435 quocum
1243 373 1433 429 totam,
1471 372 1731 434 tanquam
1775 364 1967 422 formze
2013 365 2129 436 pri-

2233 366 2402 438 αὐτὴν
2426 366 2505 437 τῷ
2528 366 2649 438 Θεῷ
2674 367 3120 439 πρωῳκεὶωσειν,
3171 367 3301 439 πρὸς
3353 370 3409 425 δν
3450 374 3559 429 ὃλσν
3592 380 3734 448 ἀγνώ-

550 461 801 526 migeuiac
847 459 1137 528 imaginem
1202 466 1311 512 tam
1355 466 1537 513 mente
1585 472 1751 527 quam
1804 457 2019 513 ratione
2064 473 2129 514 ac

546 552 766 622 spiritu,
800 548 1344 619 incomprehensibili
1390 547 1555 603 modo
1601 548 1847 612 unitam,
1899 557 1960 603 ut
2006 564 2129 617 quae

545 643 966 701 similitudinem
997 642 1242 697 humano
1288 641 1474 712 captui
1521 656 1710 711 parem
1756 640 2006 705 haberet,
2049 639 2130 694 vi-

544 738 758 802 dentes,
794 734 1064 791 unitatem
1107 734 1166 788 in
1206 733 1479 788 Trinitate
1521 732 2129 804 intellectam'mystice

545 828 882 903 didicerunt.
914 826 1169 881 Fortasse
1190 840 1325 880 vero
1352 826 1520 880 etiam
1550 826 1794 880 animum
1833 834 1891 880 et
1925 841 2129 880 concu-

544 920 867 990 piscentiam
897 918 1238 974 materialem
1263 916 1492 989 dyadem
1523 917 1821 988 appellavit
1848 917 2127 987 magister,

544 1021 839 1083 propterea
872 1008 1021 1081 quod
1056 1008 1302 1065 materize
1339 1007 1657 1063 adhaereant
1694 1007 1915 1078 sintque
1958 1006 2132 1077 passi—

543 1122 624 1162 vae
651 1105 848 1159 anima:
873 1103 1046 1173 partis
1078 1109 1399 1173 potestates,
1433 1116 1555 1171 qua:
1587 1116 1715 1156 cum
1741 1100 1957 1155 ratione
1987 1097 2133 1154 sedi-

544 1200 685 1255 tiose
726 1196 1065 1255 contendant
1112 1203 1465 1265 mentemque
1511 1195 1568 1250 in
1603 1194 1775 1249 multa
1820 1192 2132 1248 distrahere

544 1292 779 1363 possint,
803 1289 909 1346 nisi
935 1289 1005 1344 ab
1029 1287 1190 1343 initio
1222 1288 1326 1343 sibi
1354 1287 1663 1344 coercuerit
1690 1302 1784 1342 eas
1815 1295 1981 1356 atque
2002 1284 2133 1340 sub-

540 1383 840 1457 jugaverit.
867 1382 1015 1450 Quas
1038 1382 1084 1437 si
1112 1382 1238 1453 quis
1261 1382 1534 1438 devicerit
1563 1390 1621 1436 et
1645 1395 1871 1436 currere
1896 1395 2007 1450 quo
2032 1379 2132 1434 de-

547 1480 681 1534 bent
706 1476 787 1531 eis
815 1473 1173 1547 persuaserit,
1208 1472 1347 1528 adeo
1375 1482 1435 1528 ut
1478 1472 1710 1527 rationis
1736 1472 1970 1543 imperio
2004 1472 2134 1527 sub-

540 1572 701 1641 jectae
727 1574 1050 1638 appareant,
1088 1574 1185 1620 aut
1214 1564 1381 1620 etiam
1426 1565 1655 1620 omnino
1701 1566 1991 1636 reliquerit
2014 1581 2130 1630 eas,

545 1672 604 1718 et
633 1662 785 1731 solus
816 1668 1071 1715 teneatur
1098 1658 1350 1713 rationali
1382 1668 1440 1715 et
1465 1659 1891 1729 contemplativa
1925 1673 2048 1727 quae
2073 1658 2128 1712 in

544 1762 801 1810 neutram
843 1760 1053 1823 partem
1081 1759 1271 1823 vergat
1303 1752 1609 1807 secundum
1634 1752 1958 1807 cbaritatem
1997 1766 2132 1822 gno-

546 1847 680 1901 stice
708 1844 992 1907 illecebra,
1019 1842 1088 1897 ad
1113 1858 1278 1897 unam
1308 1851 1367 1898 et
1394 1844 1565 1899 solam
1595 1859 1663 1898 ex
1686 1844 1876 1898 multis
1898 1857 2131 1912 eamque

545 1951 737 2006 puram
768 1944 826 1989 et
869 1933 1176 2004 simplicem
1207 1941 1264 1988 et
1313 1932 1609 1988 indivisam
1649 1932 1736 1988 vis
1781 1932 1851 1987 de
1882 1932 2129 2002 appetitu

543 2027 858 2083 fortissimae
911 2025 1207 2080 motionem
1254 2032 1594 2088 contractus,
1630 2038 1739 2093 qua
1777 2022 1922 2077 circa
1956 2022 2130 2076 Deum

546 2128 812 2190 perpetuo
857 2117 915 2171 in
961 2117 1248 2172 identitate
1277 2117 1541 2187 perennis
1565 2116 1841 2186 appetitus
1870 2115 2133 2171 motionis

547 2212 655 2267 sibi
706 2211 1061 2267 stabilitatem
1099 2210 1482 2281 philosophice
1532 2209 1806 2274 ﬁrmavit,
1843 2211 1890 2265 is
1939 2224 2131 2264 revera

547 2306 741 2361 beatus
772 2313 875 2369 est,
912 2313 969 2359 et
1001 2303 1186 2374 attigit
1217 2318 1330 2358 non
1372 2318 1558 2357 veram
1601 2302 1780 2357 solum
1828 2310 1885 2357 et
1916 2302 2131 2357 beatam

547 2397 855 2453 unitionem
910 2412 1035 2452 cum
1090 2401 1278 2450 sancta
1344 2394 1650 2459 Trinitate,
1707 2392 1804 2449 sed
1861 2394 2129 2448 unitatem

544 2506 765 2563 quoque
789 2490 846 2545 in
874 2498 1061 2545 sancta
1090 2487 1362 2544 Trinitate
1389 2487 1701 2552 intellectae,
1728 2487 1959 2557 simplex
1980 2486 2132 2541 vide-

546 2586 674 2640 licet
706 2593 764 2638 et
810 2581 1085 2639 indivisus
1115 2589 1173 2637 et
1202 2580 1495 2636 uniformis
1537 2580 1843 2636 secundum
1891 2587 2136 2650 potesta-

547 2685 657 2730 tem
702 2689 826 2730 cum
873 2673 1112 2743 simplici
1145 2671 1450 2730 secundum
1488 2672 1783 2727 essentiam
1811 2679 1868 2726 et
1897 2670 2132 2726 indivisa

548 2767 638 2820 illa
663 2755 1012 2836 congressus,
1039 2772 1098 2818 et
1126 2762 1432 2818 secundum
1463 2762 1715 2818 habitum
1743 2763 2011 2818 virtutum
2035 2764 2158 2840 hoc.

545 2857 777 2911 nitatem
808 2854 916 2910 sibi
960 2869 1182 2924 semper
1225 2864 1569 2910 constantem
1616 2870 1718 2924 pro
1756 2853 1969 2910 viribus
2013 2854 2133 2910 suis

543 2948 853 3012 aemulatus,
888 2944 1222 3016 proprietate
1252 2954 1586 3015 potestatum
1626 2947 1954 3003 naturaliter
1984 2948 2129 3003 divi-

543 3038 790 3095 sibilium
821 3052 922 3110 per
945 3037 1176 3109 gratiam
1205 3037 1346 3095 uniti
1373 3038 1471 3095 Dei
1503 3038 1773 3109 deposita.

550 3236 838 3293 Hnarratio
881 3234 947 3288 de
991 3233 1230 3300 passibili
1267 3236 1494 3297 animm,
1533 3235 1698 3305 deque
1743 3237 2126 3293 universalibus

813 3328 927 3397 ejus
958 3325 1297 3381 divisionibus
1327 3334 1377 3378 et
1412 3325 1863 3382 subdivisionibus.

615 3528 894 3586 Dividitur
932 3527 1103 3590 enim,
1156 3533 1216 3579 ut
1261 3525 1475 3589 dicunt,
1523 3526 1720 3581 anima:
1768 3527 2026 3599 passibile
2074 3531 2130 3585 in

544 3638 664 3678 eam
693 3629 907 3692 partem
935 3634 1057 3689 quae
1086 3618 1287 3673 rationi
1322 3618 1520 3673 obedit
1544 3627 1602 3673 et
1633 3619 1688 3674 in
1716 3635 1837 3674 eam
1864 3637 1986 3691 qua:
2020 3638 2130 3677 non

543 3714 734 3769 obedit
779 3710 1001 3769 rationi.
1030 3711 1212 3781 Atque
1253 3726 1375 3765 eam
1420 3713 1531 3782 qui,
1562 3727 1675 3767 non
1718 3714 1906 3770 obedit
1930 3718 2129 3772 rationi

544 3804 802 3861 dividunt
826 3803 884 3859 in
916 3818 1039 3858 eam
1063 3802 1158 3872 qui
1194 3800 1301 3859 alit
1340 3811 1398 3858 et
1424 3804 1619 3871 nutrit,
1646 3821 1812 3875 quam
1846 3807 2130 3879 physicam

543 3886 844 3970 appellant,
870 3904 927 3951 ct
964 3896 1019 3951 in
1046 3894 1352 3966 physicam,
1383 3911 1549 3965 quam
1580 3898 1859 3967 appellant
1886 3900 2127 3967 vitalem,

544 4007 779 4062 quarum
812 3996 1010 4045 neutra
1044 3986 1244 4042 rationi
1285 3986 1554 4042 obediens
1598 3989 1799 4058 agitur,
1848 4006 1957 4045 non
1999 3991 2133 4046 obe-

544 4087 705 4142 diens
723 4100 858 4139 vero
887 4082 1086 4138 rationi
1112 4080 1238 4136 ideo
1268 4081 1597 4151 appellatur,
1627 4084 1756 4152 quia
1783 4098 1892 4139 non
1920 4086 2130 4141 ratione

545 4178 747 4249 agitur.
771 4175 1036 4231 Crescere
1065 4172 1238 4237 enim,
1269 4174 1353 4228 vel
1397 4172 1540 4228 bona
1568 4175 1885 4244 valetudine
1912 4177 2015 4240 uti,
2044 4179 2128 4233 vel

543 4269 758 4329 vivere,
784 4280 896 4323 non
938 4278 1111 4333 penes
1151 4277 1255 4317 nos
1292 4271 1397 4317 est.
1426 4263 1523 4318 llla
1563 4272 1749 4320 autem
1778 4282 1900 4334 quze
1929 4268 2128 4322 rationi

545 4359 736 4415 obedit
751 4357 806 4412 in
823 4355 935 4412 duo
951 4354 1240 4424 dividitur,
1258 4354 1316 4408 in
1340 4355 1892 4426 concupiscentivum
1913 4367 1970 4412 et
1994 4359 2133 4413 iudi-

545 4452 847 4524 gnativum.
874 4447 1155 4505 Obediens
1169 4463 1300 4503 vero
1322 4448 1522 4504 rationi
1540 4458 1741 4504 vocant
1767 4452 1895 4519 quia
1929 4451 2130 4507 rationi

2231 475 2372 521 στως
2400 458 2699 513 ἑνωθεῖσαν
2726 459 2857 527 ὅλην
2879 461 2958 520 ὠς
2981 459 3288 529 ἀρχετύπου
3311 464 3481 517 εἰκόνα
3499 470 3618 522 κατὰ
3638 474 3733 526 γοῦν

2231 548 2325 600 καὶ
2362 547 2521 615 λόγον
2553 548 2650 602 καὶ
2680 547 2925 619 πνεῦμα,
2982 549 3058 612 ὡς
3107 550 3324 618 ἐφικτὸν
3366 554 3481 607 καθ’
3526 558 3732 626 ὁμοίωσιν

2228 636 2463 709 εχουσαν
2505 641 2567 692 τὸ
2600 641 2840 710 ἐμφερὲς
2875 638 3225 711 θεασάμενοι,
3261 643 3359 713 τὴν
3396 646 3449 698 ὲν
3483 652 3542 717 τῇ
3584 651 3731 721 Τριάδι

2227 733 2531 802 νοουμένην
2576 733 2804 803 ἑνότητα
2838 733 3116 803 μυστικῶς
3149 733 3507 806 ἐδιδάχθησαν.
3532 740 3673 811 ’τυχὸν
3690 745 3733 799 δὲ

2231 824 2327 880 καί
2348 825 2439 877 τὸν
2468 824 2641 894 θυμὸν
2673 824 2769 878 καὶ
2795 826 2892 896 τὴν
2921 824 3218 895 ἐπιθυμίαν
3232 824 3416 897 ύλικὴν
3432 828 3580 882 δυάδα
3596 848 3728 903 προσ.

2235 917 2539 991 ηγόρευσεν
2577 919 2606 970 ὁ
2635 917 2982 982 διδάσκαλος,
3017 918 3107 971 διὰ
3134 920 3197 971 τὸ
3251 919 3535 989 προσύλους
3565 927 3641 977 καὶ
3662 927 3729 981 τοῦ

2232 1007 2539 1078 παθητικοῦ
2561 1008 2663 1078 τῆς
2688 1009 2871 1080 ψυχῆς
2901 1009 3107 1081 μέρους
3151 1010 3320 1072 αὐτὰς
3351 1007 3482 1065 εἶναι
3509 1012 3729 1085 δυνάμεις,

2232 1102 2327 1155 καὶ
2344 1104 2480 1173 nos;
2504 1103 2598 1157 τὸν
2622 1102 2783 1171 λόγον
2806 1105 3230 1169 στασιαζούσας,
3260 1104 3353 1156 καὶ
3375 1105 3451 1168 εἰς
3471 1106 3616 1160 πολλὰ
3637 1126 3728 1162 σεε·

2229 1194 2392 1249 δάσαι
2411 1195 2503 1248 τὸν
2523 1193 2650 1249 νοῦν
2662 1194 2990 1266 δυναμένας,
3007 1195 3059 1248 si
3078 1194 3153 1264 μὴ
3171 1194 3229 1261 ἐξ
3249 1196 3731 1269 ἀρχῆςὲπιστημόως

2231 1286 2417 1356 ἄγχων
2451 1285 2632 1356 ἑαυτῷ
2658 1286 3030 1353 ὑποζεύξειεν.
3062 1280 3164 1339 Ὧν
3190 1288 3244 1340 ετ
3273 1304 3357 1347 τις
3384 1290 3642 1359 κρατήσειε
3666 1294 3731 1345 καὶ

2234 1378 2320 1447 ἐφ’
2371 1377 2408 1430 ἃ
2437 1377 2520 1431 δεῖ
2576 1379 2897 1449 πρεπόντως
2950 1378 3216 1449 φέρεσθαι
3275 1381 3494 1441 πείσειε.
3534 1382 3733 1446 δουλικῶς

2234 1468 2650 1539 ύπεζευγμένας
2682 1472 2752 1540 τῇ
2781 1469 3080 1540 δυναστείᾳ
3105 1469 3205 1523 τοῦ
3235 1470 3415 1538 λόγου,
3453 1472 3485 1541 ἢ
3521 1473 3601 1525 καὶ
3633 1490 3733 1528 παν-

2231 1562 2403 1624 τελῶς
2431 1562 2605 1626 αὐτὰς
2638 1561 2929 1617 ἀπολιπὼν
2957 1563 3241 1624 ἀπολίποι,
3272 1564 3369 1616 καὶ
3397 1564 3542 1632 μόνος
3564 1565 3645 1635 τῆς
3667 1567 3735 1635 ἁρο

2236 1653 2439 1725 ρεποῦς
2468 1654 2589 1707 κατ’
2618 1656 2843 1725 ἀγάπην
2882 1654 3198 1725 γνωστικῆς
3237 1655 3325 1708 διὰ
3359 1654 3507 1723 λόγου
3538 1658 3617 1709 καὶ
3643 1660 3736 1710 θεω-

2166 1718 2207 1775 Β
2236 1718 2360 1817 pia;
2402 1746 2590 1816 ἔχεται
2640 1718 2907 1812 θέλξεως,
2946 1748 3043 1799 καὶ
3087 1718 3227 1817 πρὸς
3275 1746 3400 1816 μίαν
3428 1718 3516 1800 καὶ
3540 1746 3676 1817 μόνην
3691 1749 3736 1799 ἐκ

2234 1837 2343 1889 τῶν
2377 1826 2590 1890 πολλῶν
2621 1837 2871 1907 καθαράν
2910 1855 2972 1890 τε
2994 1839 3089 1891 καὶ
3137 1837 3318 1909 ἁπλῆν
3361 1840 3451 1891 καὶ
3500 1838 3736 1909 ἀδιαίρετον

2232 1931 2331 1998 τῆς
2362 1930 2479 1982 κατ’
2504 1928 2694 1999 ἔφεσιν
2714 1930 3100 2001 ἁρῤενωτὰτης
3132 1928 3412 1998 δυνάμεως
3440 1929 3626 1999 κίνησιν
3654 1944 3740 1981 σνν-

2233 2022 2455 2092 εστάλη,
2480 2021 2604 2075 καθ’
2645 2024 2714 2091 ἢν
2743 2022 2874 2093 περὶ
2902 2022 3035 2076 Θεὸν
3085 2023 3477 2092 ὰκαταλήκτως
3519 2024 3573 2075 ἐν
3601 2024 3740 2074 rauci-

2232 2131 2356 2184 τητι
2405 2113 2509 2184 τῆς
2556 2115 2675 2169 κατ’
2707 2115 2894 2184 ἔφεσιν
2919 2115 3264 2186 ἀεικινησίας
3292 2114 3464 2185 ἑαυτῷ
3503 2115 3742 2185 φιλοσόφως

2234 2207 2475 2277 ἐπήξατο
2518 2208 2619 2278 τὴν
2654 2208 3018 2278 μονιμότηῖα,
3066 2208 3341 2278 μακάριος
3369 2208 3527 2270 ὅντως
3550 2207 3649 2261 ἐστὶ
3673 2206 3742 2274 τῆς

2234 2297 2469 2369 ἀληθοῦς
2493 2315 2554 2351 τε
2585 2300 2681 2352 καὶ
2722 2299 2999 2369 μακαρίας
3027 2298 3209 2369 τυχὼν
3256 2300 3315 2352 ού
3367 2300 3518 2369 μόνον
3554 2299 3744 2360 ὲνὼσεως

2232 2390 2334 2460 τῆς
2362 2390 2500 2460 πρὸς
2525 2392 2627 2461 τὴν
2658 2390 2821 2459 ἁγίαν
2844 2390 3071 2460 metu.
3103 2390 3243 2443 ἀλλὰ
3292 2393 3385 2444 και
3427 2391 3645 2462 ἐνότητος
3670 2389 3745 2458 τῆς

2234 2482 2292 2534 ὲν
2309 2484 2377 2551 τῇ
2407 2482 2541 2552 ἁγίᾳ
2563 2482 2758 2553 Τριάδι
2784 2482 3104 2553 νοουμένης,
3141 2483 3220 2546 ὡς
3243 2482 3446 2547 ἁπλοῦς
3494 2484 3577 2537 καὶ
3614 2482 3747 2536 ἀδιαί-

2235 2589 2389 2642 ρετος
2419 2574 2512 2627 καὶ
2530 2574 2807 2645 μονοειδὴς
2831 2576 2972 2628 κατὰ
2985 2562 3328 2645 τὴνδύναμιν
3350 2575 3479 2645 πρὸς
3500 2575 3586 2645 τὴν
3608 2573 3747 2642 ἁπλῆν

2234 2666 2330 2720 καὶ
2354 2666 2663 2737 ἀδιαίρετον
2713 2668 2856 2720 κατὰ
2896 2668 2994 2738 τὴν
3044 2667 3237 2719 οὐσίαν
3275 2669 3633 2738 γεγενημένος,
3678 2665 3747 2719 καὶ

2232 2762 2376 2816 κατὰ
2398 2761 2500 2831 τὴν
2533 2760 2647 2826 ἕξιν
2703 2761 2812 2813 τῶν
2865 2759 3080 2832 ἀρετῶν
3123 2761 3228 2833 τὴν
3280 2761 3533 2825 ὡσαύτως
3570 2761 3748 2831 Ξχονσαν

2232 2850 2545 2920 ἀγαθότητα
2571 2851 2713 2904 κατὰ
2757 2850 2820 2904 τὸ
2857 2852 3079 2921 ἐφικτὸν
3114 2852 3537 2922 ἐκμιμούμενος,
3573 2852 3652 2904 καὶ
3675 2851 3750 2920 τὴν

2236 2944 2476 3027 ἰδιότητα
2498 2943 2606 2997 τῶν
2627 2944 2768 2998 κατὰ
2791 2944 2953 3013 φύσιν
2984 2945 3262 3015 μεριστῶν
3289 2945 3562 3016 δυνάμεων
3584 2944 3657 2997 διὰ
3675 2944 3748 3012 τὴν

2157 3056 2200 3113 C
2232 3037 2327 3092 τοῦ
2354 3037 2647 3102 ἑνωθέντος
2671 3036 2808 3091 Θεοῦ
2844 3038 2888 3069 ¹⁵
2907 3037 3067 3110 χάριν
3100 3037 3459 3110 ἀποθέμενος.

2247 3234 2570 3304 Ἔξήγησις
2614 3235 2745 3303 περὶ
2774 3234 2880 3289 τοῦ
2907 3236 3247 3303 παθητικοῦ
3276 3236 3389 3304 τῆς
3412 3235 3603 3306 ψυχῆς
3623 3275 3636 3299 ,
3679 3235 3752 3288 λαὶ

2301 3327 2421 3380 τῶν
2455 3326 2643 3380 αὑτοῦ
2673 3327 3011 3381 καθολικῶν
3057 3326 3412 3396 διαιρέσεων
3436 3344 3497 3382 τε
3538 3329 3621 3381 καὶ
3646 3331 3759 3381 ὑποο

2300 3418 2667 3485 διαιρέσεων.

2304 3528 2492 3599 (176
2514 3527 2567 3597 ὁ)
2598 3529 2899 3598 Διαιρεῖται
2940 3529 3070 3600 γὰρ,
3105 3528 3182 3594 ῶς
3216 3548 3386 3600 φασι,
3420 3534 3479 3587 τὸ
3516 3532 3759 3601 mentula

2233 3620 2330 3689 τῆς
2353 3619 2532 3690 ψυχῆς
2558 3621 2639 3683 εἷς
2660 3636 2721 3673 τε
2747 3619 2809 3673 τδ
2834 3621 3120 3685 ὲπιπειθὲς
3140 3623 3313 3694 λόγῳ,
3339 3625 3432 3678 καὶ
3455 3625 3513 3678 τὸ
3539 3624 3608 3696 μὴ
3626 3621 3760 3677 πειθό-

2235 3728 2395 3783 μενον
2439 3712 2605 3783 λόγῳ.
2665 3713 2775 3767 Καὶ
2813 3712 2875 3766 τὸ
2908 3713 3007 3784 μὲν
3038 3714 3180 3785 λόγῳ
3222 3716 3301 3787 μὴ
3334 3717 3635 3788 πειθόμενον
3658 3715 3759 3768 διαι-

2234 3805 2422 3876 ροῦσιν
2472 3806 2554 3869 εἰς
2600 3806 2664 3858 τὺ
2710 3806 3035 3876 θρεπτικὸν,
3085 3807 3113 3861 δ
3158 3808 3390 3862 καλοῦσι
3423 3809 3658 3881 φυσικὸν,
3695 3805 3761 3859 καὶ

2232 3899 2314 3959 εἰς
2342 3898 2405 3950 τὸ
2433 3897 2692 3967 φυσικὸν,
2740 3898 2769 3951 δ
2803 3898 3029 3952 καλοῦσι
3059 3898 3329 3966 ζωτικὸν,
3373 3896 3448 3955 ὧν
3475 3902 3721 3971 οὐδέτερον
3733 3898 3760 3927 ¹⁸

2234 3990 2375 4059 λόγῳ
2429 3988 2751 4059 πειθόμενον
2804 3991 3003 4060 ἄγεται
3032 4009 3048 4023 ο
3112 3995 3215 4048 ούκ
3263 3994 3543 4059 mmet;
3575 3994 3627 4046 δὲ
3659 3990 3763 4058 λξτῳ

2233 4081 2512 4146 καλεῖται,
2555 4081 2748 4154 ἐπειδὴ
2784 4083 2858 4153 μὴ
2885 4083 3130 4153 πέφυκεν
3159 4085 3394 4153 ἄγεσθαι
3421 4086 3576 4157 λόγῳ.
3608 4084 3670 4137 Τὸ
3690 4082 3764 4149 γὰρ

2233 4174 2487 4239 αὐξάνειν
2512 4214 2527 4238 ,
2582 4174 2617 4247 ἢ
2654 4175 2923 4245 ὑγιαίνειν
2946 4216 2961 4239 ,
3012 4178 3047 4248 ἢ
3083 4177 3183 4249 ζῇν
3204 4218 3220 4242 ,
3272 4181 3374 4231 οὐκ
3404 4178 3549 4231 ἔστιν
3578 4178 3627 4229 ἑν
3650 4176 3762 4246 ἡμῖν.

2233 4267 2308 4320 Τὸ
2346 4267 2403 4319 δὲ
2432 4266 2711 4333 ὲπιπειθές
2751 4267 2894 4337 λόγῳ
2922 4267 3214 4340 διαιρεῖται
3257 4273 3341 4334 εἰς
3368 4272 3483 4331 δύο.
3517 4271 3573 4323 τό
3603 4285 3654 4320 τε
3677 4270 3765 4319 ἐπι-

2235 4358 2538 4430 θυμητικὸν
2565 4359 2661 4412 καὶ
2684 4359 2746 4412 τὸ
2770 4357 3021 4429 θυμικόν.
3041 4361 3363 4425 Ἑπιπειθὲς
3382 4363 3436 4415 δὲ
3461 4362 3595 4431 λόγῳ
3617 4354 3767 4413 καλοῦ-

2236 4469 2321 4505 σιν
2371 4451 2535 4515 αὐτὸ,
2588 4450 2725 4504 διότι
2772 4450 2917 4521 λόγῳ
2959 4454 3203 4521 πέφυκεν
3252 4456 3313 4507 ἐν
3358 4457 3471 4518 τοῖς
3512 4449 3768 4507 σπουδαίοις

548 4549 602 4601 in
625 4543 786 4600 bonis
810 4550 1003 4612 agatur
1028 4550 1086 4597 et
1105 4541 1455 4611 subjiciatur.
1494 4542 1709 4597 Rursus
1730 4542 2129 4612 concupiscen-

2233 4542 2465 4612 ἄγεσθαί
2491 4559 2550 4595 τε
2581 4545 2674 4595 καὶ
2706 4544 3134 4599 ὑποτάσσεσθαι.
3171 4546 3345 4601 Πάλιν
3374 4547 3432 4599 δὲ
3465 4546 3521 4599 τὸ
3549 4543 3766 4611 ἐπιθυμη-

546 4639 719 4692 tivum
744 4634 1002 4692 dividunt
1029 4633 1086 4688 in
1109 4633 1449 4703 voluptatem
1475 4641 1533 4689 et
1554 4633 1822 4688 dolorem.
1857 4633 2132 4705 Concupi-

545 4729 752 4785 sccntia
802 4728 951 4784 enim
1002 4727 1116 4782 voti
1152 4726 1240 4782 sui
1281 4740 1507 4795 compos
1552 4726 1891 4795 voluptatem
1938 4727 2128 4792 elﬁcit,

544 4834 655 4874 non
685 4833 935 4888 compos,
975 4815 1247 4871 dolorem.
1277 4816 1346 4870 Et
1386 4830 1579 4870 rursus
1609 4816 1912 4871 secundum
1959 4817 2129 4872 alium

546 4909 770 4964 modum
803 4906 1308 4976 concupiscentiam
1355 4904 1581 4960 tradunt
1609 4905 1845 4961 divisam
1889 4917 2132 4977 quatuor

545 5018 655 5083 una
684 5016 813 5056 cum
840 5015 900 5056 se
941 5000 1057 5070 ipsa
1087 4998 1291 5054 formas
1321 4997 1540 5054 edicere
1574 4999 1882 5067 universas,
1928 5017 2135 5057 concu-

545 5095 891 5163 piscentiam,
922 5093 1284 5163 voluptatem,
1318 5100 1549 5155 metum,
1579 5092 1849 5149 dolorem.
1881 5093 2134 5164 Cumque

546 5202 731 5241 rerum
760 5202 888 5257 pars
918 5185 1059 5240 bona
1090 5184 1182 5248 sit,
1211 5198 1337 5253 pars
1367 5172 1529 5248 mala,
1564 5185 1679 5240 haec
1706 5201 1838 5240 vero
1870 5195 1966 5241 aut
1996 5203 2136 5257 pra?—

549 5280 727 5335 scntia
769 5280 882 5336 sint
924 5286 1019 5334 aut
1067 5277 1274 5343 futura,
1324 5276 1532 5332 bonum
1578 5277 1727 5347 quod
1777 5288 2136 5348 exspectatur

551 5370 1053 5443 concupiscentiam
1087 5369 1324 5435 vocavit,
1374 5369 1519 5439 quod
1570 5384 1834 5439 praesens,
1879 5371 2134 5440 voluptao

562 5476 691 5528 rm;
722 5470 779 5516 et
820 5475 1015 5516 rursus
1058 5460 1261 5514 malum
1296 5461 1442 5530 quod
1492 5470 1861 5531 exspectatur,
1900 5471 2132 5528 metum,

2237 4638 2388 4691 τικὺν
2428 4637 2731 4708 διαιροῦσιν
2776 4639 2855 4701 εἰς
2892 4638 3087 4710 ἡδονὴν
3133 4640 3230 4693 καὶ
3255 4639 3458 4711 λύπην.
3500 4637 3772 4704 Ἐπιτυγχάο

2241 4744 2409 4779 νουσα
2448 4727 2559 4796 γὰρ
2605 4726 2870 4797 ἐπιθυμία
2900 4727 3096 4800 ἡδονὴν
3122 4729 3422 4801 ἐργάζεται
3445 4770 3459 4792 ,
3507 4722 3771 4794 ἀποτυγχά-

2240 4834 2406 4872 νουσα
2430 4817 2487 4871 δὲ
2517 4817 2716 4888 λύπην.
2776 4819 2887 4873 Καὶ
2916 4820 3077 4874 πάλιν
3106 4820 3231 4874 καθ’
3253 4822 3443 4893 ἕτερον
3467 4820 3653 4895 τρόπον
3676 4814 3774 4886 φασὶ

2239 4911 2340 4983 τὴν
2398 4911 2694 4981 ἰπιθυμίαν
2749 4911 3133 4984 διαιρουμένην
3191 4914 3439 4985 τέσσαρα
3503 4916 3593 4981 σὺν
3643 4909 3772 4975 ἑαυτῇ

2238 5004 2307 5057 τὰ
2356 5004 2533 5057 πάντα
2579 5003 2695 5076 εἴδη
2740 5007 2942 5070 ποιεῖν,
3002 5005 3328 5076 ἐπιθυμίαν,
3379 5006 3585 5078 ἡδονὴν.
3628 5002 3775 5072 φόϐων

2240 5096 2334 5148 καὶ
2349 5094 2546 5167 λύπην.
2579 5097 2687 5149 Καὶ
2707 5095 2897 5166 ἐπειδὴ
2919 5096 3027 5148 τῶν
3051 5096 3219 5150 ὄντων
3241 5099 3313 5157 τὰ
3337 5098 3441 5169 μέν
3456 5100 3598 5151 ἐστιν
3614 5090 3774 5162 ἀγαοᾶ,

2238 5189 2307 5241 τὰ
2328 5188 2385 5241 δὲ
2414 5188 2594 5257 φαῦλα
2619 5227 2635 5247 .
2665 5187 2835 5242 ταῦτα
2875 5188 2931 5241 δὲ
2977 5189 3009 5259 ἦ
3048 5190 3292 5261 παρόντα
3335 5192 3368 5263 ἢ
3403 5188 3652 5262 μέλλοντά
3669 5188 3775 5243 ἐστι,

2241 5280 2693 5351 προσδοκώμενον
2758 5282 2858 5351 μὲν
2923 5281 3132 5350 ἀγαθὸν
3200 5282 3503 5353 ἐπιθυμίαν
3557 5279 3773 5334 ἐκάλεσε.

2242 5377 2417 5447 παρὸν
2436 5377 2492 5430 δὲ
2520 5377 2732 5447 ἡδονὴν.
2763 5379 2853 5430 καὶ
2874 5378 3038 5432 πάλιν
3070 5378 3521 5450 προσδοκώμενον
3544 5374 3692 5431 κακὸν
3709 5370 3767 5438 φά

2239 5466 2334 5520 δον
2358 5506 2373 5531 ,
2425 5470 2598 5539 παρὶν
2627 5469 2685 5521 δὲ
2718 5467 2892 5539 λύπην
2918 5486 2930 5498 ·
2987 5468 3062 5532 ὡς
3110 5465 3249 5521 εἷναί
3273 5484 3336 5521 τε
3373 5469 3468 5522 καὶ
3500 5460 3771 5535 θεωρεῖσθαι

1823 5603 2061 5658 VARUS
2107 5602 2490 5661 LECTIONES

614 5712 662 5745 ³³
696 5711 931 5781 Χριστᾱῶ
959 5713 1081 5766 cmi.
1113 5714 1231 5767 Citii
1294 5731 1364 5767 In.
1401 5733 1481 5786 pr.

1566 5718 1605 5747 ’⁵
1636 5717 1695 5768 ού
1728 5717 1978 5788 δεύτερον
2008 5717 2133 5772 cod.
2167 5717 2309 5773 Gud.
