3984 6198
242 304 375 370 ῙΞξΠ

1489 285 2010 361 AMBIGUORUM
2049 300 2298 360 LlBER.

3360 295 3495 362 1193

236 424 366 493 περὶ
394 422 491 493 μὲν
524 420 591 474 τὰ
619 419 759 473 καλὲ
782 458 797 481 ,
849 417 963 470 εἴτε
1011 416 1078 469 τὰ
1105 414 1273 478 ὅντως
1302 410 1461 479 ὄντα,
1496 413 1605 467 εἴτε
1636 413 1707 468 τά
1727 430 1808 468 νο-

1921 428 2161 484 praesens
2184 429 2337 477 vero.
2365 412 2607 468 dolorem
2635 428 2648 464 :
2679 410 2819 466 adeo
2845 419 2906 466 ut
2932 410 3185 481 voluptas
3209 417 3266 467 et
3288 427 3463 466 conca
3490 445 3499 453 ι

238 516 504 586 μιζόμενσ
529 552 545 573 ,
598 514 698 582 τὴν
737 511 929 582 ἡδονὴν
966 508 1059 563 καὶ
1085 506 1186 580 τὴν
1214 504 1514 576 ἐπιθυμίαν
1533 547 1548 570 ,
1605 507 1735 577 περὶ
1760 506 1816 559 δὲ

234 611 301 662 τὰ
331 606 511 676 φαῦλα
538 604 635 675 τὴν
661 602 838 673 λύπην
871 601 965 655 καὶ
993 600 1086 654 τὸν
1114 598 1301 669 φόϐον.
1329 597 1501 652 Πάλιν
1520 598 1578 651 δὲ
1604 597 1701 670 τὴν
1727 597 1819 651 λύ-

235 717 345 768 πην
395 695 694 767 διαιροῦσιν
741 697 822 756 είς
868 693 1133 763 τέσσαρα,
1192 691 1275 754 είς
1319 691 1471 762 ἄχος,
1515 692 1596 755 είς
1628 690 1814 760 ἄχθος,

235 792 317 852 είς
355 788 552 858 φθόνον
574 826 590 850 ,
642 787 722 848 είς
749 785 918 837 ἔλεον.
974 784 1085 837 Καὶ
1124 783 1187 835 τὸ
1220 783 1320 853 μὲν
1346 784 1481 853 ἄχος
1512 776 1652 836 εἶναί
1684 797 1815 850 φασι

232 880 410 951 λύπην
437 878 680 948 ἀφωνίαν
709 874 1052 946 ἐμποιοῦσαν
1080 868 1162 938 οἷς
1186 874 1252 928 ἂν
1277 875 1591 945 ἐγγένηται,
1612 873 1700 927 διὰ
1717 872 1816 942 τὴν

230 974 314 1034 είς
343 971 505 1040 βάθος
531 968 767 1038 πάροδον
796 964 892 1019 τοῦ
919 964 1250 1032 λογιστικοῦ
1282 964 1343 1019 τὸ
1366 965 1423 1019 δὲ
1448 964 1613 1037 ἄχθος
1638 964 1817 1033 λύπην

233 1063 509 1134 βαροῦσάν
538 1077 598 1114 τε
643 1060 738 1113 κα)⁸
767 1057 1084 1129 διοχλοῦσαν
1133 1057 1221 1111 ἐπ’
1245 1058 1569 1128 ἀϐουλήτοις
1599 1057 1816 1128 συμϐά-

231 1172 387 1215 creat:
438 1154 531 1206 τὸν
574 1152 633 1205 δὲ
681 1151 877 1220 φθόνον
915 1149 1091 1221 λύπην
1116 1151 1205 1204 ἐπ’
1227 1150 1529 1219 ἀλλοτρίοις
1555 1149 1813 1219 ἀγαθοῖς·

226 1247 292 1299 τὸ
324 1247 381 1299 δὲ
425 1244 574 1309 ἕλεος
622 1243 800 1310 λύπην
833 1243 920 1296 ἐπ’
943 1242 1249 1313 ἀλλοτρίοις
1280 1244 1493 1304 κακοῖς.
1549 1241 1734 1296 Κακὺν
1759 1241 1817 1296 δὲ

229 1336 413 1387 πᾶσαν
460 1332 640 1402 λύπην
686 1330 893 1400 ἔφασαν
948 1334 1012 1402 τῇ
1064 1333 1266 1402 ἑαυτῆς
1313 1332 1496 1400 φύσει.
1556 1331 1678 1386 Κᾶν
1706 1333 1817 1402 γὰρ

226 1428 257 1479 ὁ
283 1424 572 1487 σπουδαῖος
591 1423 682 1477 ἐπ’
710 1421 1016 1493 ἀλλοτρίοις
1040 1422 1223 1492 (17⁸1
1245 1422 1299 1492 α)
1323 1421 1561 1492 λυπῆται
1601 1424 1814 1487 κακοῖς,

225 1519 308 1580 ὡς
336 1517 458 1586 ὲλεή
470 1530 614 1586 μων,
666 1514 781 1567 ἀλλ’
802 1514 865 1567 οὐ
895 1515 1324 1584 προηγουμένως
1365 1514 1508 1568 κατά
1535 1513 1813 1585 πρόθεσιν,

225 1610 347 1663 ἀλλ’
370 1606 898 1678 ὲφεπομένωςκατά
924 1606 1267 1675 περίστασιν.
1306 1605 1365 1659 '0
1388 1607 1450 1660 δὲ
1481 1606 1816 1677 θεωρητικὸς

227 1704 334 1754 κάν
377 1699 592 1761 τούτοις
635 1697 853 1765 ἀπαθὴς
894 1697 1142 1767 διαμένει
1168 1736 1184 1760 ,
1243 1698 1487 1767 συνάψας
1513 1698 1706 1752 ἑαυτὸν
1739 1698 1817 1768 τῷ

223 1791 371 1862 Θεῷ,
400 1789 622 1844 καὶτῶν
643 1789 767 1859 τῇδε
795 1788 1077 1858 παρόντων
1097 1787 1485 1859 ἁλλοτριώσας.
1510 1789 1614 1843 Τὸν
1642 1789 1695 1842 δὲ
1720 1790 1815 1858 φόο

223 1885 326 1938 ϐον
354 1883 518 1937 πάλιν
541 1881 843 1957 διαιροῦσιν
873 1883 954 1945 είς
975 1879 1070 1946 ἐξ,
1114 1883 1195 1944 είς
1219 1880 1396 1945 ὄκνον,
1434 1882 1514 1945 είς
1539 1881 1694 1946 αἱδὼ,
1731 1884 1812 1946 εἰς

223 1975 516 2045 αἰσχύνην,
546 1974 625 2038 είς
648 1971 1004 2042 κατάπληξιν,
1034 1973 1116 2035 είς
1139 1972 1420 2044 ἔκπληξιν.
1446 1976 1527 2037 είς
1546 1975 1809 2043 ἀγωνίαν.

227 2068 342 2120 Καὶ
389 2066 481 2119 τὸν
527 2064 625 2135 μὲν
671 2063 828 2117 ὄκνον
879 2058 1021 2117 εἷναί
1062 2081 1236 2132 φασι,
1295 2065 1461 2134 φόϐον
1507 2066 1811 2137 μελλούσης

224 2157 509 2229 ἐνεργείας
530 2196 546 2219 ,
582 2156 680 2226 τὴν
710 2154 845 2208 αίδὼ
873 2155 930 2208 δὲ
961 2153 1128 2223 φόϐον
1171 2155 1265 2209 ἐπὶ
1293 2155 1591 2229 προσδοκίᾳ
1615 2158 1808 2226 ψόγου,

218 2249 327 2320 τὴν
373 2250 430 2302 δὲ
484 2246 748 2317 αἰσχύνην
792 2246 955 2314 φόϐον
1007 2246 1094 2300 ἐπ’
1136 2247 1349 2317 αἰσχρῷ
1400 2249 1808 2320 πεπραγμένῳ,

222 2340 429 2413 τὴνςδὲ
478 2337 843 2407 κατάπληξιν
871 2337 1035 2406 φόϐον
1082 2340 1147 2391 ἐκ
1198 2340 1443 2409 μεγάλης
1486 2341 1808 2409 φαντασίας,

220 2437 327 2504 τὴν
375 2433 432 2487 δὲ
486 2429 751 2501 ἔκπληξιν
802 2431 966 2499 φόϐον
1023 2433 1090 2485 ὲκ
1143 2431 1397 2501 μεγάλων
1444 2433 1810 2503 ἀκουσμάτων

224 2526 325 2597 τὴν
370 2526 624 2595 αἴσθησιν
662 2523 1067 2594 ἀφαιρούμενον
1090 2563 1108 2591 ,
1159 2523 1258 2592 τὴν
1285 2524 1608 2592 ἀγωνίανδὲ
1645 2526 1809 2594 φόϐον

226 2616 610 2680 διαπτώσεως,
656 2616 937 2670 τουτέστιν
964 2615 1287 2685 ἀποτυχίας.
1341 2616 1670 2687 Φοϐούμενοι
1698 2620 1810 2692 γὰρ

227 2712 517 2779 ἀποτυχείν
548 2707 891 2779 ἀγωνιῶμεν.
955 2707 1198 2762 Καλοῦσι
1229 2708 1286 2762 δέ
1331 2725 1478 2771 τινες
1507 2712 1679 2783 αὐτὴν
1713 2715 1809 2767 καὶ

226 2802 449 2856 δειλίαν.
511 2800 616 2855 Τὸν
666 2802 723 2855 δὲ
774 2785 945 2872 θυμὸν
993 2801 1156 2855 πάλιν
1203 2795 1345 2855 εἶναι
1389 2802 1609 2871 λέγουσι
1658 2803 1807 2867 ζέσιν

224 2896 322 2949 τοῦ
369 2895 724 2966 περικαρδίου
775 2896 1008 2966 αἵματος
1058 2895 1126 2948 δι’
1150 2895 1330 2964 ὄρεξιν
1371 2896 1803 2968 ἀντιλυπήσεως.

226 2987 503 3057 Διαιροῦσι
531 2987 587 3040 δὲ
622 2988 713 3040 καὶ
739 2986 928 3040 τοῦτον
958 2988 1036 3050 είς
1062 2987 1207 3058 τρία,
1244 2990 1324 3050 είς
1348 2989 1537 3060 ὀργὴν,
1570 2990 1637 3060 ἦν
1662 3005 1807 3051 τινες

224 3080 492 3134 ἐκάλεσαν
521 3078 683 3150 χολὴν
712 3079 808 3133 καὶ
839 3077 1015 3150 χόλον,
1049 3080 1141 3133 καὶ
1170 3080 1249 3144 είς
1282 3080 1464 3150 μῆνιν,
1493 3082 1586 3134 καὶ
1609 3082 1688 3143 εἰς
1712 3080 1804 3134 κό-

221 3188 338 3225 τον.
373 3173 482 3224 Καὶ
508 3171 606 3241 τὴν
638 3172 737 3239 μὲν
765 3170 934 3241 ὀργὴν
959 3166 1101 3224 εἷναί
1129 3189 1260 3242 φασι
1291 3170 1463 3241 θυμὸν
1494 3173 1629 3244 πρὸς
1659 3173 1806 3243 ἐνέρ-

222 3281 382 3333 γειαν
410 3261 586 3333 ἀρχὴν
627 3262 722 3315 καὶ
756 3262 969 3331 κίνησιν
998 3260 1192 3331 ἔχοντα
1214 3302 1229 3323 ,
1280 3262 1313 3332 ἢ
1351 3260 1521 3332 θυμὸν
1552 3261 1806 3331 ἐνεργού-

227 3367 410 3424 μενον·
443 3352 543 3424 τὴν
573 3351 629 3405 δὲ
661 3350 823 3423 χολὴν
853 3352 953 3422 τὴν
980 3353 1049 3405 δι’
1071 3353 1235 3405 ἄλλου
1265 3352 1482 3423 ἄμυναν
1505 3353 1601 3406 τοῦ
1629 3353 1809 3424 λυπή-

224 3460 417 3506 σαντος
440 3459 455 3474 ο
510 3443 600 3496 τὸν
629 3442 686 3495 δὲ
717 3442 873 3512 χόλον
898 3443 1006 3511 τὴν
1034 3443 1103 3495 δι’
1123 3442 1318 3496 ἑαυτοῦ
1346 3443 1442 3497 τοῦ
1469 3444 1808 3517 λυπηθέντος

221 3534 576 3601 ὲπεξέλευσιν
602 3536 682 3596 είς
708 3535 802 3587 τὸν
828 3534 1147 3606 λυπήσαντα
1166 3551 1181 3566 ⁸
1235 3535 1337 3606 τὴν
1357 3536 1415 3589 δὲ
1447 3537 1608 3607 μῆνιν
1636 3536 1808 3607 θυμὸν

218 3627 306 3688 είς
334 3624 637 3678 παλαίωσιν
690 3624 944 3695 (εἴρηται
992 3626 1050 3678 δὲ
1102 3625 1253 3696 παρὰ
1295 3628 1356 3680 τὸ
1390 3628 1572 3697 μένειν
1616 3629 1711 3681 καὶ
1738 3632 1803 3701 τῇ

226 3718 418 3789 μνήμῃ
449 3718 925 3788 παρακατέχεσθαι
949 3718 1002 3788 ),
1064 3718 1158 3770 τὸν
1194 3717 1251 3772 δὲ
1296 3719 1456 3773 κότον
1481 3719 1654 3789 θυμὸν
1683 3722 1806 3773 επι-

221 3808 494 3879 τηροῦντα
523 3808 717 3879 καιρὸν
758 3811 839 3871 είς
867 3810 1140 3880 τιμωρίαν
1164 3825 1179 3840 ⁸
1232 3810 1451 3881 εἴρηται
1476 3812 1535 3865 δὲ
1569 3813 1722 3882 παρά
1746 3812 1807 3865 τὸ

223 3903 435 3955 κεῖσθαι
472 3903 565 3956 καὶ
596 3897 769 3965 οὗτος.
813 3903 1088 3973 Διαιροῦσι
1122 3904 1178 3957 δὲ
1214 3906 1309 3958 καὶ
1336 3904 1543 3958 τούτων
1570 3905 1806 3959 ἕκαστον

218 3995 303 4057 είς
333 3993 470 4047 ἄλλα
500 3993 693 4047 πολλά.
725 3994 905 4065 "Amp
935 3997 984 4046 εί
1025 3995 1313 4066 βουληθείη
1341 4013 1423 4061 τις
1452 3995 1521 4050 δι’
1542 3995 1807 4067 ἀκριϐοῦς

220 4085 523 4152 ἐξετάσεως
553 4086 890 4159 παραδοῦναι
915 4090 1102 4158 γραφῇ
1128 4129 1144 4154 ,
1181 4088 1349 4141 πολὺν
1377 4087 1622 4159 ἀθροίσει
1649 4088 1805 4157 λόγον

222 4181 318 4234 καὶ
362 4180 554 4249 χρόνον
599 4178 903 4248 δαπανήσει
925 4218 940 4241 ,
991 4179 1065 4242 ὡς
1099 4181 1298 4250 (177
1325 4180 1377 4251 b)
1412 4181 1544 4251 μηδὲ
1578 4182 1805 4235 ἀνεκτὸν

216 4268 360 4324 εἶναι
389 4274 501 4334 τοῖς
529 4272 920 4341 ἐντυγχάνουσι
947 4271 1035 4326 διὰ
1064 4273 1125 4325 τὸ
1154 4272 1377 4341 πλῆθος.
1403 4272 1563 4339 Μέγα
1586 4272 1680 4326 οὖν
1710 4273 1803 4325 καὶ

214 4363 531 4433 θαυμαστὸν
579 4365 747 4427 ὅντως
795 4364 913 4416 ἐστὶ
968 4365 1064 4416 καὶ
1113 4364 1314 4434 πολλῆς
1347 4364 1601 4434 δεόμενον
1632 4381 1802 4436 προσ-

1849 1753 1889 1812 Β

1833 3120 1875 3172 C

1920 507 2184 578 piscentia
2219 506 2285 561 ad
2317 506 2461 561 bona
2489 505 2801 576 pertineant
2830 513 2886 561 et
2909 505 3054 561 circa
3084 519 3150 559 ea
3175 515 3495 575 appareant.

1920 596 2037 651 sive
2079 613 2269 651 revera
2316 605 2464 659 sunt,
2509 597 2626 651 sive
2668 604 2953 665 putantur,
2997 595 3147 651 circa
3183 597 3324 651 mala
3367 613 3499 653 vero

1918 689 2077 743 dolor
2106 699 2165 745 et
2208 699 2408 744 metus.
2443 692 2656 745 Rursus
2686 691 2931 745 dolorem
2965 689 3220 745 dividunt
3262 690 3321 745 in
3365 704 3501 761 qua-

1920 788 2068 845 tuor,
2103 780 2157 835 in
2206 796 2519 847 mmrorem,
2571 782 2626 835 in
2660 781 2989 843 molestiam,
3027 781 3081 834 in
3123 780 3405 845 invidiam,
3442 780 3496 833 in

1919 869 2376 926 misericordiam.
2407 872 2585 940 Atque
2629 887 2921 927 maerorem
2959 872 3151 927 dicunt
3178 887 3299 927 esse
3340 872 3495 927 dolo-

1919 978 2033 1017 rem
2058 962 2439 1022 obmutescere
2464 963 2752 1017 facientem
2778 980 2874 1018 eos
2890 964 2983 1033 qui
3008 965 3117 1023 sint
3150 965 3268 1034 ipso
3289 966 3493 1030 allecti,

1917 1065 2213 1126 propterea
2237 1057 2383 1127 quod
2409 1073 2474 1111 αι
2499 1058 2701 1111 animai
2721 1072 2849 1126 pars
2871 1072 2992 1126 quae
3014 1057 3244 1112 rationis
3275 1073 3338 1111 ac
3367 1072 3499 1111 ron-

1918 1147 2029 1204 silii
2069 1149 2230 1204 sedes
2272 1160 2377 1216 est,
2424 1150 2530 1204 hoc
2559 1165 2644 1204 εει
2689 1149 3017 1216 λογιστικὸν,
3060 1150 3115 1202 iu
3161 1149 3494 1219 profundum

1920 1239 2389 1309 transgrediatur;
2426 1240 2731 1294 molestiam
2767 1250 2949 1294 autem
2987 1240 3232 1293 dolorem
3261 1256 3495 1310 gravan—

1921 1338 2032 1385 tem
2060 1340 2116 1386 et
2154 1331 2465 1386 turbantem
2509 1333 2562 1386 in
2599 1333 2818 1386 casibus
2850 1331 3200 1400 injucundis;
3235 1331 3494 1385 invidiam

1918 1437 2049 1476 vero
2080 1423 2324 1477 dolorem
2357 1424 2411 1477 in
2439 1424 2578 1478 laetis
2608 1424 2776 1480 rebus
2802 1425 3029 1490 alienis;
3061 1423 3495 1479 misericordiam

1918 1514 2157 1585 denique
2197 1516 2442 1569 dolorem
2496 1515 2549 1568 in
2595 1515 2761 1569 rebus
2798 1516 2996 1571 alienis
3038 1516 3286 1571 adversis
3332 1525 3506 1587 atque

1918 1607 2155 1661 miseris.
2205 1607 2402 1661 Malum
2448 1622 2582 1661 vero
2631 1622 2847 1660 omnem
2892 1607 3141 1669 dolorem
3183 1616 3500 1663 statuerunt

1916 1712 2015 1750 sua
2060 1697 2232 1765 ipsius
2268 1706 2483 1751 natura.
2512 1697 2738 1751 Etiamsi
2768 1696 2916 1750 enim
2958 1696 3044 1750 vir
3070 1696 3248 1751 bonus
3272 1697 3327 1750 in
3362 1697 3500 1752 alio.

1921 1804 2042 1841 rum
2069 1789 2235 1842 rebus
2256 1789 2506 1844 adversis
2526 1789 2695 1853 dolet,
2726 1797 2786 1842 ut
2811 1788 3148 1854 misericors,
3174 1797 3359 1843 tamen
3387 1805 3494 1842 nun

1919 1894 1985 1933 ex
2016 1880 2264 1949 professo
2287 1888 2343 1934 et
2369 1879 2672 1934 secundum
2715 1879 3079 1950 propositum,
3107 1880 3202 1934 sed
3232 1879 3500 1935 secunda.

1920 1975 2007 2028 rio
2037 1991 2136 2045 per
2178 1975 2546 2031 occasionem.
2574 1974 3045 2046 Contemplativus
3073 1986 3263 2032 contra
3306 1979 3393 2033 vel
3443 1978 3494 2032 iu

1920 2063 2006 2137 his
2038 2075 2197 2120 vacat
2240 2065 2464 2125 affectu.
2508 2067 2621 2121 Deo
2644 2077 3028 2137 congregatus,
3063 2077 3121 2123 et
3147 2068 3234 2124 his
3260 2071 3498 2125 terrenis

1920 2155 2086 2213 rebus
2108 2156 2399 2213 alienatus.
2425 2158 2627 2214 Melum
2653 2174 2787 2213 vero
2815 2174 3010 2215 rursus
3035 2159 3294 2217 dividunt
3324 2162 3380 2217 in
3404 2178 3498 2219 sex

1917 2258 2124 2319 partes,
2146 2250 2201 2305 in
2221 2252 2750 2321 tergiversationem,
2770 2251 3184 2317 verecundiam,
3205 2254 3495 2323 pudorem,

1918 2349 2218 2411 stuporem,
2243 2342 2774 2408 consternationem,
2801 2353 3101 2413 torporem.
3135 2344 3205 2400 Et
3234 2344 3492 2416 tergiver-

1917 2432 2184 2487 sationem
2212 2432 2435 2503 quidem
2469 2433 2741 2488 deﬁuiunt
2773 2441 2982 2489 metum
3015 2433 3249 2492 actionis
3274 2435 3493 2499 lutum.

1913 2526 2308 2582 verecundiam
2342 2542 2472 2583 vero
2499 2540 2707 2583 metum
2736 2527 2805 2583 de
2843 2528 3254 2598 exspectatione
3277 2530 3495 2602 vitupe-

1917 2617 2015 2682 rii;
2052 2618 2317 2687 pudorem
2344 2618 2473 2674 dein
2521 2627 2730 2674 metum
2763 2618 2832 2674 de
2862 2634 2924 2675 re
2953 2620 3104 2689 turpi
3147 2630 3493 2691 perpetrata;

1915 2714 2197 2777 stuporem
2241 2717 2448 2764 metum
2477 2709 2545 2764 de
2590 2709 2781 2779 grandi
2812 2717 2871 2764 et
2895 2711 3207 2766 vehementi
3236 2711 3498 2783 imagina-

1914 2797 2065 2851 tione
2108 2806 2467 2869 conccptum;
2515 2799 3016 2854 consternationem
3047 2807 3255 2855 metum
3295 2817 3361 2855 ex
3397 2784 3509 2855 imo.

1917 2890 2171 2945 manibus
2197 2891 2511 2945 rumoribus
2540 2891 2632 2961 qui
2666 2905 2887 2946 sensum
2924 2892 3211 2958 auferunt;
3244 2895 3494 2964 agoniam

1914 2982 2171 3051 denique,
2217 2983 2300 3035 vel
2337 2990 2635 3051 torporem,
2678 2991 2883 3037 metum
2914 2983 3121 3054 lapsus,
3160 2985 3212 3039 id
3250 2994 3336 3040 est
3373 3003 3498 3041 sum

1914 3089 2100 3128 cessus
2137 3073 2373 3129 infelicis
2395 3084 2561 3144 atque
2594 3075 2711 3144 spei
2744 3073 3037 3131 frustratae.
3061 3074 3196 3131 Nam
3225 3077 3353 3131 dum
3383 3095 3497 3132 mea

1912 3166 2118 3219 luimus
2160 3181 2230 3219 ne
2257 3166 2371 3220 voti
2420 3176 2703 3237 compotes
2737 3166 2953 3233 ﬁamus,
2984 3177 3290 3240 torpemus.
3319 3171 3493 3239 Quam

1909 3270 2038 3315 sunt
2083 3262 2251 3316 etiam
2297 3262 2792 3332 qui.timiditatem
2840 3264 3329 3337 vocantzﬁupbv.
3377 3268 3494 3323 sive

1868 3404 1871 3405 ν
1910 3351 2365 3423 indignationem,
2412 3368 2547 3408 vero
2589 3370 2782 3409 rursus
2826 3356 3265 3426 interpretantur
3310 3358 3496 3415 fervo-

1908 3459 2025 3498 rem
2074 3445 2355 3514 sanguinis
2403 3447 2611 3515 circum
2662 3446 2966 3515 praecordia
3004 3458 3234 3517 propter
3275 3449 3495 3507 deside-

1908 3537 2051 3588 rium
2082 3534 2291 3589 doloris
2319 3532 2562 3589 vicissim
2595 3535 2897 3607 inﬂigendi.
2940 3536 3120 3593 Etiam
3169 3538 3311 3594 hanc
3354 3542 3496 3597 divl~

1908 3624 2049 3678 dunt
2075 3625 2240 3679 modo
2278 3624 2501 3694 triplici,
2532 3626 2586 3679 in
2624 3626 2815 3697 ὀργὴν,
2845 3642 3008 3697 quam
3048 3636 3177 3682 sunt
3206 3630 3298 3698 qui
3327 3632 3494 3702 χολὴν

1906 3723 1963 3770 et
1988 3716 2144 3786 χόλον
2174 3718 2546 3787 appellarunt,
2578 3726 2634 3772 et
2676 3718 2731 3771 lu
2769 3717 2955 3788 μῆνιν,
2996 3726 3054 3774 et
3092 3720 3147 3774 in
3193 3723 3349 3776 κότον
3397 3724 3493 3779 At-

1906 3825 2014 3879 que
2059 3808 2229 3880 ὀργὴν
2278 3808 2500 3879 quidem
2551 3810 2825 3865 deﬁniunt
2886 3810 3319 3882 indignationem
3370 3831 3495 3885 quae

1906 3902 2238 3973 principium
2264 3910 2322 3959 et
2353 3911 2562 3957 motum
2594 3903 2760 3958 habet
2782 3903 2849 3958 ad
2878 3904 3176 3975 agendum,
3208 3907 3325 3962 sive
3352 3908 3493 3963 indi—

1904 3996 2216 4067 gnationcm
2267 3997 2557 4065 agitatam;
2608 3996 2771 4067 χολὴν
2818 4004 3002 4052 autem
3045 3999 3346 4055 vindictam
3391 4018 3492 4073 per

1904 4088 2140 4141 alterum
2181 4093 2453 4155 sumptam
2481 4084 2549 4139 de
2573 4100 2642 4140 eo
2672 4086 2767 4155 qui
2797 4086 3053 4157 iniuriam
3086 4087 3300 4157 intulit;
3334 4093 3491 4162 χόλον

1904 4188 2095 4232 contra
2124 4177 2167 4231 si
2208 4177 2333 4246 quis
2367 4193 2467 4247 per
2498 4177 2763 4247 seipsum,
2814 4180 2904 4233 cui
2948 4181 3099 4236 illata
3140 4192 3227 4237 est
3266 4184 3485 4257 iniuria,

1903 4292 2030 4330 eum
2058 4275 2149 4345 qui
2181 4274 2365 4328 intulit
2401 4274 2754 4343 persequitur
2781 4293 2795 4328 :
2825 4277 2989 4346 μῆνιν
3031 4294 3202 4347 porro
3240 4282 3489 4354 indigna-

1906 4373 2110 4426 tionem
2142 4371 2637 4424 inveterascentem
2673 4372 2883 4440 (vocata
2920 4382 3004 4427 est
3035 4374 3182 4429 enim
3228 4383 3389 4448 μῆνις
3419 4382 3487 4437 δυ

213 4455 347 4524 οχῆς
374 4471 434 4506 τε
465 4455 560 4507 καὶ
589 4454 849 4524 σπουδῆς,
881 4455 977 4507 καὶ
1007 4455 1112 4523 πρὸ
1141 4454 1348 4508 τούτων
1382 4455 1479 4525 τῆς
1506 4454 1656 4519 θείας
1681 4457 1798 4508 ἐπιο

1912 4476 1969 4515 eo
1997 4459 2143 4529 quod
2180 4459 2444 4515 memoria
2490 4458 2817 4531 retinetur);
2865 4461 3105 4531 denique.
3148 4466 3307 4519 κότον
3348 4470 3489 4524 indi-

214 4546 443 4617 κουρίας
463 4586 477 4607 ,
533 4547 593 4599 τὸ
619 4547 913 4616 δυνηθῆναι
947 4547 1161 4617 πρῶτον
1191 4547 1290 4617 μὲν
1320 4547 1418 4617 τῆς
1447 4547 1641 4616 ὑλικῆς
1667 4547 1798 4602 δυά-

210 4638 302 4698 δος
345 4638 455 4690 τῶν
485 4639 743 4707 ἐμφύτων
770 4636 1043 4709 κρατῆσαι
1072 4637 1354 4709 δυνάμεων
1378 4680 1392 4700 ,
1448 4638 1620 4708 θυμοῦ
1654 4638 1800 4707 λέγω

212 4731 309 4784 καὶ
354 4732 683 4802 ἐπιθυμίας,
742 4734 837 4786 καὶ
886 4731 978 4785 τού
1009 4734 1133 4785 κατ’
1160 4733 1331 4797 αὐτὰς
1363 4733 1668 4804 μερισμοῦ,
1705 4735 1798 4787 καὶ

212 4826 479 4894 μακάριος
536 4826 595 4889 ὃς
644 4826 800 4895 ἄγειν
852 4828 1085 4897 ἑτοίμως
1130 4828 1333 4891 ταύτας
1379 4828 1503 4881 ὅποι
1549 4826 1626 4898 τῷ
1656 4826 1797 4897 λόγῳ

206 4915 360 4967 δοκεῖ
387 4915 670 4986 δεδύνηται
695 4956 709 4981 ,
766 4918 960 4989 μέχρις
996 4919 1062 4972 ἂν
1087 4922 1198 4983 τοῖς
1229 4921 1552 4990 πρακτικοῖς
1581 4919 1671 4972 διὰ
1697 4921 1795 4987 τῆς

206 5007 410 5076 ἠθικῆς
468 5008 786 5077 φιλοσοφίας
845 5009 953 5063 τῶν
1000 5011 1281 5082 προτέρων
1331 5011 1659 5082 καθαίρηται
1707 5011 1795 5063 λο-

207 5116 451 5167 γισμων.

1905 4553 2215 4623 guationem
2266 4560 2483 4622 tempus
2516 4552 2772 4607 vindictae
2812 4553 3130 4623 observans,
3178 4560 3271 4629 qui
3305 4560 3487 4615 dictus

1904 4652 1989 4699 est
2029 4645 2157 4699 item
2204 4643 2329 4699 inde
2372 4642 2517 4715 quod
2546 4645 2702 4715 quasi
2730 4642 3050 4702 reconditus
3068 4652 3216 4720 jacet
3256 4652 3405 4709 intus
3440 4665 3490 4711 et

1905 4742 2109 4790 manet.
2137 4735 2399 4791 Dividunt
2426 4750 2558 4791 vero
2596 4737 2795 4791 horum
2824 4743 3257 4813 unumquodque
3291 4744 3345 4799 in
3382 4746 3489 4801 alia

1905 4829 2105 4894 multa;
2141 4845 2262 4898 quae
2293 4830 2335 4883 si
2372 4829 2505 4899 quid
2549 4840 2800 4886 accurate
2845 4834 3168 4903 perquirere
3203 4844 3260 4892 et
3286 4836 3486 4893 litteris

1905 4919 2123 4974 tradere
2154 4920 2410 4987 voluerit,
2443 4938 2753 4978 sermonem
2796 4924 3029 4978 nimium
3075 4928 3385 4984 cumulabit
3431 4940 3489 4985 et

1905 5017 2121 5079 tempus
2147 5009 2406 5073 insumet,
2438 5028 2560 5081 qum
2584 5012 2921 5069 abundantia
2948 5028 2977 5070 a
3014 5016 3315 5074 lectoribus
3351 5016 3483 5076 ferri

1903 5117 2013 5155 non
2049 5103 2241 5171 possit.
2280 5102 2529 5173 Magnum
2573 5105 2757 5176 itaque
2780 5115 2944 5177 atque
2974 5106 3355 5168 admirandum
3400 5131 3487 5169 re-

210 5206 346 5245 vera
395 5199 498 5256 est,
543 5202 600 5247 et
650 5194 798 5263 quod
843 5195 1014 5249 multa
1082 5195 1388 5249 attentione
1449 5202 1503 5249 et
1548 5194 1753 5255 studio,
1802 5204 1865 5246 ac
1919 5188 2103 5248 divina
2151 5194 2452 5264 praesertim
2502 5211 2605 5266 ope
2658 5197 2924 5268 indigeat,
2975 5201 3215 5269 primum
3258 5202 3484 5276 quidem

209 5298 376 5354 posse
426 5287 766 5342 materialem
812 5287 1121 5342 innatarum
1172 5294 1505 5357 potestatum
1559 5287 1789 5359 dyadem
1830 5288 2114 5358 superare,
2176 5287 2627 5357 indignationem,
2674 5290 2918 5360 inquam,
2965 5300 3021 5347 et
3085 5297 3484 5368 concupiscen-

208 5378 368 5440 tiam,
402 5392 703 5448 earumque
734 5379 787 5433 in
833 5395 970 5450 quas
1013 5387 1202 5450 patent
1229 5379 1419 5435 divisae
1448 5381 1682 5450 species,
1716 5388 1881 5449 atque
1910 5381 2105 5435 beatus
2157 5389 2240 5434 est
2286 5380 2379 5449 qui
2445 5379 2699 5450 expedite
2732 5382 2831 5437 has
2886 5383 3088 5440 ducere
3151 5400 3481 5463 quocdnque

209 5470 412 5526 rationi
463 5471 703 5540 placebit
743 5472 1005 5541 potuerit,
1053 5486 1228 5542 usque
1264 5472 1392 5527 dum
1439 5472 1719 5542 practicis.
1753 5470 1805 5525 id
1868 5478 1952 5525 est
2018 5472 2231 5536 activis,
2297 5473 2367 5527 ab
2402 5473 2482 5527 eis
2515 5489 2653 5544 quas
2686 5482 2814 5532 ante
2850 5474 3042 5531 habuit
3086 5491 3353 5552 purgetur
3384 5496 3485 5553 per

210 5562 619 5633 philosophiam
662 5563 950 5618 moralem.

1795 5700 1868 5709 ..-
