3984 6198
475 243 612 310 H39
1658 244 1719 304 S.
1760 243 2038 304 MAXIM]

2150 244 2603 307 )NFESSORIS
3619 243 3763 310 1200

471 357 864 429 Contemplatio
894 372 956 409 ea:
994 354 1275 426 Scriptura
1302 356 1366 408 de
1423 372 1482 409 eo
1547 357 1685 427 quod
1729 358 1820 427 qui
1856 372 2038 438 cogito-

2161 359 2382 428 Θεωρία
2407 360 2477 414 ἐκ
2508 358 2618 428 τῆς
2647 358 2898 429 Γραφῆς
2924 358 3059 428 περὶ
3083 357 3191 414 τοῦ
3213 360 3301 429 μὴ
3325 358 3457 414 δεῖν
3482 361 3591 414 τὸν
3612 378 3763 431 γνω-

539 451 720 504 scendi
753 446 1012 520 facultate
1034 446 1290 518 pra'ditus
1317 457 1529 501 estcum
1565 448 1677 518 lege
1709 456 1919 503 natura!
1949 464 2038 501 no:

2232 450 2449 505 στικὸν
2472 449 2553 517 τῷ
2574 451 2687 521 τῆς
2709 452 2952 521 φύσεως
2973 453 3139 523 νόμῳ
3158 455 3265 507 τὸν
3284 452 3398 523 τῆς
3412 454 3640 523 σοφίας
3656 457 3759 508 ,τό-

541 542 724 595 debeat
752 541 1077 611 conjungere
1138 538 1308 610 legem
1354 544 1656 612 sapientiae,
1703 552 1751 596 et
1785 541 1911 612 quid
1955 541 2034 595 sib

2228 560 2340 613 τον
2364 544 2732 610 συνάπτειν,
2787 545 2885 598 καὶ
2914 546 3007 611 τίς
3036 546 3076 613 ἠ
3104 544 3423 614 προσθήκη
3455 545 3563 600 τοῦ
3593 546 3761 615 ἄλφα

538 633 659 689 velit
702 632 883 687 littera
907 631 1073 703 alpha
1095 632 1391 689 Abrahami
1424 635 1628 690 nomini
1652 634 1857 689 addita.

2228 622 2536 706 στοιχείου
2565 638 2652 703 είς
2678 638 2744 691 τὸ
2773 637 2962 708 ὄνομα
2991 639 3098 693 τοῦ
3128 639 3405 709 Ἀϐραάμ.

540 748 751 805 Deinde
802 765 936 806 vero
986 751 1156 806 etiam
1205 767 1470 822 superare
1518 767 1614 808 eas
1662 759 1968 823 potestates
1988 766 2038 806 at

2232 748 2465 802 Ἔπειτα
2491 748 2549 803 δὲ
2578 750 2675 804 καὶ
2703 749 2845 823 ὑπὲρ
2878 750 3048 816 αὐτὰς
3069 751 3324 821 γενέσθαι
3352 753 3445 806 καὶ
3470 752 3757 816 παντελῶς

466 858 699 914 prorsus
723 853 1011 910 excutere,
1053 852 1313 915 tanquam
1366 845 1599 915 Agarem
1634 854 1691 900 et
1746 844 2038 910 lsmaelem,

2158 838 2510 905 ἀπώσασθαι,
2538 840 2615 904 ὡς
2636 841 2736 907 τὴν
2752 842 2937 912 Ἅγαρ
2959 842 3055 894 καὶ
3076 842 3171 896 τὸν
3195 843 3439 915 Ἰσμαηλ,
3455 843 3487 895 ό
3501 842 3757 915 ’Δὸραάμ

474 936 827 993 Abrahamus
856 935 951 991 ille
980 951 1234 1007 magnus,
1266 953 1396 993 cum
1422 939 1544 1008 ejus
1572 943 1729 992 m‘ens
1748 937 1859 1007 jam
1895 945 1957 991 ut
1997 937 2038 992 ir”

2157 932 2367 995 ἐκεῖνος
2400 934 2431 985 ό
2459 932 2637 1003 μέγας
2659 973 2676 997 ,
2731 930 2826 986 τοῦ
2860 932 3174 1002 λογιστικοῦ
3222 934 3325 1006 ήδη
3376 934 3512 1004 περὶ
3540 935 3612 989 τὰ
3637 934 3757 989 θεῖα

470 1029 638 1085 Isaaci
674 1028 824 1083 illius
842 1026 1120 1083 sacriﬁcio
1141 1028 1287 1084 circa
1323 1028 1515 1083 divina
1539 1027 1856 1099 spectacula
1889 1043 2038 1083 exer-

2156 1024 2300 1079 κατὰ
2352 1024 2446 1079 τὸν
2490 1024 2684 1078 Ἰσαάκ
2731 1025 2942 1077 ἂκεῖνον
3001 1024 3391 1095 γυμνασθῆναι
3448 1024 3753 1095 δυναμένου

466 1123 580 1177 ceri
612 1122 782 1184 norit,
807 1137 838 1176 a
860 1135 998 1176 voce
1024 1121 1214 1176 divina
1262 1138 1362 1192 per
1386 1122 1774 1193 cogitationem
1823 1121 2038 1177 descen-

2157 1117 2432 1189 θεάματα,
2465 1116 2571 1170 ὑπὸ
2598 1117 2699 1188 τῆς
2727 1116 2872 1171 κατά
2900 1117 3001 1186 τὴν
3027 1118 3233 1186 γνῶσιν
3261 1118 3581 1189 φερομένης
3606 1118 3757 1182 θείας

464 1214 686 1268 dentem
710 1211 968 1267 eruditus
998 1211 1243 1267 divinam
1303 1212 1493 1268 liberte
1530 1213 1835 1283 spiritualis
1861 1213 2038 1284 cogni-

2158 1209 2348 1281 φωνῆς
2395 1209 2786 1281 διδασκόμενος
2810 1252 2826 1276 ,
2890 1210 2966 1280 μὴ
3014 1208 3280 1264 δύνασθαι
3328 1209 3390 1262 τὸ
3443 1209 3592 1263 κατὰ
3632 1209 3758 1262 νοῦν

465 1306 632 1360 tionis
656 1306 713 1359 in
738 1312 925 1359 mente
953 1305 1297 1375 progeniem,
1342 1321 1466 1375 qum
1489 1321 1616 1360 cum
1655 1306 1842 1361 servili
1868 1306 2038 1362 carnis

2156 1302 2300 1357 θεῖον
2330 1301 2432 1373 τῆς
2460 1301 2758 1374 ἐλευθέρας
2786 1301 2930 1356 κατὰ
2958 1300 3178 1371 πνεῦμα
3200 1300 3458 1370 γνώσεως
3480 1301 3756 1371 γέννημα,

463 1396 675 1451 semine
701 1396 1004 1465 conjuncta
1038 1405 1143 1461 est,
1199 1396 1414 1452 beatam
1441 1398 1922 1472 annuntiationem
1951 1399 2038 1452 imi

2153 1393 2233 1466 τῷ
2277 1393 2514 1465 δουλικῷ
2559 1396 2659 1466 τῆς
2708 1394 2912 1466 σαρκὸς
2963 1386 3409 1465 ἐπισυνημμένον
3452 1392 3754 1462 σπέρματι,

462 1498 682 1559 petrare
725 1504 837 1543 non
893 1503 1094 1558 posse,
1149 1505 1273 1559 quae
1327 1498 1413 1545 est
1458 1490 1827 1546 deiticationis
1876 1490 2038 1563 gratia

2153 1488 2255 1558 τῆς
2285 1487 2565 1559 μακαρίας
2597 1489 2785 1558 τυχεῖν
2814 1486 3181 1557 ἐπαγγελίας,
3230 1486 3354 1557 ῆτις
3382 1487 3536 1539 ἐστὶν
3566 1487 3601 1555 ή
3633 1485 3756 1537 κατ’

460 1597 655 1637 eorum
677 1597 799 1651 qua:
829 1582 1126 1637 Dominum
1151 1582 1391 1654 diligunt
1414 1585 1534 1654 spei
1571 1584 1843 1655 exposita,
1880 1598 2038 1656 quam

2155 1580 2381 1645 ἐλπίδας
2430 1580 2773 1652 προκειμένη
2821 1582 2935 1645 τοῖς
2975 1579 3238 1650 ἀγαπῶσι
3281 1578 3374 1633 τὸν
3404 1577 3616 1650 Κύριον
3657 1578 3755 1646 τῆς

362 1704 365 1707 ν
462 1675 642 1746 typice
670 1675 784 1746 jam
814 1674 1237 1745 anticipaverat,
1257 1677 1510 1732 monadis
1528 1677 1727 1732 rationi
1756 1694 1858 1749 per
1885 1678 2038 1734 ﬁdem

2155 1671 2407 1737 θεώσεως
2458 1675 2658 1745 χάρις,
2726 1674 2797 1746 ἢν
2844 1674 2948 1745 ήδη
3009 1671 3258 1737 τυπικῶς
3302 1671 3518 1743 ὑπῆρχε
3563 1687 3755 1754 etpost-

466 1766 697 1837 mystice
730 1765 1047 1837 adjunctus,
1072 1782 1181 1837 qua
1211 1767 1503 1823 uniformis
1536 1768 1735 1833 factus,
1758 1769 1843 1824 vel
1865 1770 2038 1840 potius

2154 1764 2362 1837 ληφὼς,
2396 1762 2473 1837 τῷ
2501 1767 2632 1838 περὶ
2663 1765 2894 1837 μονάδος
2917 1766 3060 1838 λόγῳ
3087 1766 3178 1820 διὰ
3204 1764 3443 1828 πίστεως
3471 1764 3755 1833 μυστικῶς

458 1857 526 1911 de
552 1855 743 1910 multis
770 1872 935 1921 unus,
989 1856 1144 1912 solus
1187 1861 1255 1912 ad
1317 1858 1496 1913 solum
1524 1860 1685 1929 plane
1718 1860 1891 1935 Deum
1928 1876 2038 1915 ma-

2156 1855 2454 1927 συναφθεὶς
2476 1894 2492 1921 ,
2559 1856 2684 1911 καθ’
2703 1857 2764 1911 δν
2812 1856 3050 1928 ὲνοειδὴς
3082 1857 3411 1927 γενόμενος.
3464 1855 3673 1927 μᾶλλον
3698 1854 3753 1907 δὲ

376 1994 416 2015 ι,
460 1950 664 2021 gniﬁce
695 1959 1065 2022 congregatus
1087 1959 1193 2018 est,
1230 1951 1380 2006 nulla
1415 1953 1645 2007 omnino
1701 1953 1852 2008 circa
1895 1953 2038 2009 aliud

2155 1949 2220 2002 ὲκ
2251 1947 2465 2003 πολλῶν
2493 1943 2573 2013 εἷς
2594 1989 2610 2015 ,
2663 1949 2825 2021 μόνος
2875 1948 3014 2019 πρὸς
3052 1950 3213 2020 μόνον
3260 1949 3326 2001 δι’
3348 1949 3473 2001 δλου
3502 1948 3598 2001 τὸν
3620 1947 3751 2000 Θεὸν

458 2043 593 2115 quid
612 2059 808 2099 eorum
834 2060 957 2115 quae
1003 2043 1269 2115 dissipata
1319 2054 1449 2100 sunt
1494 2045 1904 2116 qualiscunque
1948 2060 2038 2100 co-

2158 2038 2599 2109 μεγαλοπρεπῶς
2648 2038 2925 2111 συνήχθη,
2988 2039 3195 2110 μηδένα
3242 2040 3305 2092 τὸ
3351 2039 3620 2111 παράπαν
3654 2040 3751 2106 τῆς

458 2135 727 2206 gnitionis
771 2135 1013 2207 imagine
1078 2135 1244 2191 simul
1272 2135 1443 2202 illata,
1486 2136 1540 2191 id
1566 2138 1715 2209 quod
1764 2138 1927 2209 alpha
1956 2138 2038 2193 lit-

2153 2128 2377 2184 οίασοῦν
2407 2129 2537 2202 περί
2564 2147 2618 2184 τι
2642 2129 2775 2185 ἄλλο
2803 2131 2914 2185 τῶν
2943 2131 3260 2186 σκεδαστῶν
3287 2130 3549 2200 γνώσεως
3579 2130 3750 2183 τύπον

458 2236 611 2292 terte,
656 2240 781 2296 qua:
840 2227 1053 2281 nomini
1099 2228 1220 2299 ejus
1272 2227 1461 2284 addita
1504 2238 1609 2295 est,
1649 2230 1703 2285 vi
1744 2230 2038 2302 signiﬁcari

2150 2218 2324 2291 ἑαυτῷ
2385 2220 2928 2293 συνεπιφερόμενος,
2994 2221 3132 2292 ὅπερ
3189 2216 3344 2292 οἶμαι
3394 2220 3595 2292 δηλοῦν
3652 2221 3751 2292 τὴν

457 2326 612 2387 puto.
655 2314 840 2383 Quare
889 2316 1057 2371 etiam
1089 2331 1287 2372 eorum
1331 2317 1450 2388 qui,
1483 2319 1747 2375 omnibus
1768 2335 1893 2391 quze
1918 2331 2038 2391 post

2150 2314 2242 2369 τοῦ
2265 2314 2516 2379 δοθέντος
2542 2315 2623 2379 είς
2648 2314 2972 2386 προσθήκην
2994 2313 3090 2367 τοῦ
3114 2314 3382 2385 ὀνόματος
3403 2312 3552 2381 ἄλφα
3567 2313 3751 2383 γράμο

456 2408 632 2463 Deum
649 2416 781 2463 sunt
809 2407 1103 2473 abdicatis,
1136 2423 1237 2479 per
1281 2407 1445 2464 fidem
1476 2410 1544 2465 ad
1594 2410 1765 2467 Deum
1819 2411 2038 2467 adducti

2150 2424 2320 2479 ματος
2338 2406 2591 2479 δύναμιν.
2622 2406 2715 2460 Διδ
2737 2406 2833 2460 καὶ
2854 2405 3040 2477 πατὴρ
3065 2406 3176 2459 τῶν
3196 2406 3288 2459 διὰ
3306 2405 3548 2469 πίστεως
3570 2422 3743 2475 προσ-

456 2509 607 2565 sunt,
639 2511 798 2571 pater
823 2499 1133 2572 appellatus
1176 2509 1261 2556 est
1285 2510 1334 2567 Ρ,
1365 2511 1555 2573 utpote
1578 2503 1673 2573 qui
1700 2504 1909 2559 eisdem
1946 2520 2038 2575 per

2150 2499 2433 2571 αγομένων
2469 2500 2659 2571 (178
2678 2500 2735 2571 a)
2762 2498 2883 2570 Θεῷ
2907 2500 3052 2553 κατά
3096 2500 3357 2570 στέρησιν
3390 2499 3610 2553 πάντων
3636 2497 3750 2551 τῶν

457 2592 621 2647 ﬁdem
646 2592 704 2647 in
727 2592 927 2663 spiritu
952 2591 1288 2664 imaginibus
1314 2593 1457 2663 patri
1490 2594 1702 2651 similes
1722 2611 1845 2655 esse
1877 2596 2038 2652 liberi

2153 2594 2295 2663 μετά
2319 2592 2453 2645 θεὸν
2480 2592 2877 2665 ἐχρημάτισεν,
2909 2592 2986 2656 ὡς
3014 2593 3143 2655 τοὺς
3169 2591 3369 2655 αὐτοὺς
3397 2589 3541 2644 κατά
3560 2588 3749 2643 πίστιν

457 2694 704 2754 possent.

580 2998 968 3070 Contemplatio
989 2999 1046 3054 in
1091 2998 1306 3071 Moysen
1325 3000 1387 3055 de
1418 3002 1669 3057 detractis
1699 3003 1908 3057 calceis.

524 3199 687 3268 Quod
719 3200 776 3255 in
810 3200 1090 3273 principio
1124 3201 1389 3274 gnosticae
1418 3203 1545 3258 vitae
1597 3202 1828 3259 fortasse
1870 3205 2039 3259 etiam

458 3292 671 3365 Moyses
700 3292 815 3357 ille,
848 3308 974 3350 cum
999 3294 1292 3351 accederet
1312 3294 1382 3351 ad
1409 3302 1767 3366 conspectum
1820 3296 1963 3352 lucis
1984 3296 2040 3351 in

457 3386 600 3443 rubo
627 3385 864 3459 mystice
882 3388 1227 3459 apparentis,
1258 3403 1291 3443 a
1313 3388 1501 3444 divina
1527 3390 1696 3445 voc‘e:
1729 3388 1883 3445 Solve
1922 3390 2041 3446 cal-

454 3495 569 3534 ceos
599 3478 663 3533 de
684 3478 905 3551 pedibus
940 3480 1069 3546 tuis,
1093 3496 1222 3535 nam
1258 3480 1348 3535 ubi
1369 3488 1481 3535 stas
1502 3490 1650 3536 terra
1671 3491 1861 3537 sancta
1892 3493 1966 3536 est
1989 3492 2038 3548 ιι,

453 3570 650 3627 didicit
696 3571 937 3627 animam
961 3573 1031 3627 ab
1080 3571 1344 3629 omnibus
1395 3573 1783 3644 corporalibus
1834 3589 2036 3630 secun-

452 3664 583 3719 dum
606 3664 960 3721 aﬂ'ectionem
986 3664 1233 3736 perfecte
1283 3665 1522 3722 solutam
1581 3682 1725 3732 esse,
1766 3681 1889 3724 eam
1919 3684 2043 3739 qua:

451 3758 934 3829 contemplationis
982 3759 1071 3814 via
1116 3758 1187 3814 ad
1219 3774 1310 3815 res
1354 3759 1611 3816 caelestes
1659 3760 2044 3831 intelligendas

451 3849 755 3919 gnosticam
788 3850 1189 3920 perfectionem
1223 3851 1297 3907 sit
1326 3850 1600 3917 instituta,
1643 3867 1710 3907 ac
1737 3851 2040 3923 perfean

452 3940 700 4009 pristina:
731 3940 787 3995 in
815 3941 1000 3997 carnis
1026 3941 1221 3998 habitu
1253 3943 1381 3999 vitae
1411 3943 1802 3999 alienationem
1830 3953 2042 4003 ,tenere

451 4046 550 4102 per
571 4033 787 4088 calceos
812 4032 1122 4102 depositos.
1762 4053 1768 4058 ”

692 4439 1082 4515 Contemplatio
1098 4446 1154 4499 in
1180 4455 1359 4519 partes
1387 4447 1792 4517 sacriﬁciorum.

521 4555 638 4612 Hoc
686 4573 881 4613 rursus
913 4557 1146 4617 fortasse
1186 4560 1336 4617 idem
1378 4561 1705 4633 perdivinus
1733 4562 1949 4636 Moyses
1976 4564 2037 4621 in

2071 3115 2118 3177 C

2149 2685 2209 2739 ὲν
2238 2685 2514 2758 πνεύματι
2563 2684 2769 2751 τύπους
2803 2684 2883 2757 τῷ
2911 2684 3083 2756 πατρὶ
3111 2684 3225 2739 τῶν
3253 2685 3459 2739 τέκνων
3483 2684 3745 2757 ἐμφερῶς

2148 2778 2294 2849 ἔχειν
2322 2779 2663 2850 δυναμένων.

2152 3002 2373 3072 Θεωρία
2418 3005 2500 3069 είς
2541 3002 2649 3056 τόν
2678 2999 2948 3067 Μωῡσῆν
2978 3000 3109 3070 περὶ
3138 2997 3258 3054 τῶν
3284 2998 3743 3069 ἀφαιρουμένων

2729 3092 3153 3163 ὑποδημάτων.

2217 3206 2390 3263 Τοῦτο
2419 3207 2592 3279 τυχὸν
2633 3209 2692 3263 ὲν
2724 3208 2869 3280 ἀρχῇ
2901 3208 2999 3278 τῆς
3029 3208 3345 3278 γνωστικῆς
3369 3206 3596 3277 ἀγωγῆς
3647 3207 3752 3260 καὶ⁵

2144 3302 2174 3355 ό
2201 3300 2377 3372 μέγας
2403 3300 2649 3371 Μωῦσῆς
2678 3301 2886 3364 έκεῖνος
2910 3299 3301 3370 διδασκόμενος
3329 3298 3436 3352 ὑπὸ
3462 3298 3560 3362 τῆς
3583 3298 3751 3362 θείας

2148 3390 2332 3460 φωνῆς
2370 3388 2711 3455 ἐπαιδεύετο,
2738 3388 2901 3460 ήνίκα
2928 3391 3209 3461 προσῆγεν
3238 3388 3368 3442 ίδείν
3391 3388 3453 3441 τὸ
3477 3390 3534 3441 ὲν
3554 3392 3623 3459 τῇ
3649 3388 3749 3458 βά-

2146 3500 2224 3554 τῳ
2256 3481 2535 3554 μυστικῶς
2564 3481 2977 3553 φανταζόμενον
3008 3483 3124 3551 φῶς
3154 3481 3497 3551 φασκούσης,
3531 3481 3748 3535 Λῦσον

2146 3575 2222 3630 τὰ
2248 3575 2605 3646 ὑποδήματα
2635 3576 2755 3631 ἀπὸ
2787 3574 2906 3629 τῶν
2929 3574 3133 3630 ποδῶν
3157 3592 3278 3631 σου
3299 3616 3315 3640 ,
3350 3578 3385 3630 ό
3412 3574 3525 3644 γὰρ
3554 3578 3743 3641 τόπος

2144 3670 2215 3724 ἐν
2234 3663 2284 3738 ᾧ
2314 3669 2579 3739 ἕστηκας
2605 3667 2680 3740 τῆ
2706 3668 3022 3738 ἀγίαλέστὶ,
3042 3668 3120 3721 τὸ
3144 3668 3357 3732 δεινῶς,
3402 3664 3584 3739 οἶμαι,
3632 3667 3746 3721 τῶν

2147 3760 2479 3832 σωματικῶν
2538 3760 2800 3815 ἁπάντων
2855 3760 3221 3814 ἀπολελύσθαι
3300 3762 3442 3815 κατὰ
3495 3761 3746 3815 διάθεσιν

2145 3852 2246 3924 τῆν
2270 3851 2473 3924 ψυχὴν,
2506 3852 2811 3924 μέλλουσαν
2837 3852 2935 3924 τὴν
2960 3852 3050 3905 διὰ
3078 3854 3315 3925 θεωρίας
3345 3854 3481 3924 πρὸς
3502 3854 3606 3924 τὴν
3631 3855 3743 3907 τῶν

2152 3943 2541 4017 ὕπερκοσμίών
2589 3944 2776 4016 νόησιν
2821 3947 3132 4016 γνωστικὴν
3176 3946 3447 4000 ποιεῖσθαι
3485 3947 3742 4017 πορείαν,

2150 4036 2249 4090 καὶ
2292 4035 2506 4091 τελείαν
2558 4035 2657 4091 τοῦ
2701 4038 2761 4091 ὲν
2807 4037 2991 4108 σχέσει
3046 4038 3249 4111 σαρκὸς
3296 4039 3569 4110 προτέρου
3625 4040 3745 4110 βίου

2146 4129 2503 4202 ἀλλοτρίωσιν
2555 4129 2644 4185 διά
2682 4129 2782 4201 τῆς
2813 4131 2925 4187 τῶν
2951 4132 3319 4206 ὑποδημάτων
3350 4132 3499 4204 ἔχειν
3529 4135 3744 4189 ἀποθέ-

2150 4237 2306 4287 σεως.

2469 4451 2689 4518 θεωρία
2719 4453 2804 4516 εὶς
2828 4449 2981 4520 μέρη
3016 4446 3136 4502 τῶν
3158 4446 3406 4502 θυσιῶν.

2214 4558 2386 4614 Τοῦτο
2440 4562 2602 4616 πάλιν
2660 4563 2788 4622 ἴσως
2850 4562 2879 4614 ό
2936 4560 3101 4626 αὐτὸς
3160 4561 3437 4627 θειότατος
3487 4565 3739 4637 Μωῡσῆς

450 4649 854 4708 sacriﬁciorum
907 4653 1115 4725 regulis
1162 4654 1531 4727 significabat,
1592 4655 1816 4726 adipem
1856 4663 1915 4711 et
1950 4672 2038 4712 re-

2150 4656 2200 4709 ὲν
2228 4658 2347 4719 ταῖς
2374 4654 2484 4709 τῶν
2511 4653 2716 4709 θυσιῶν
2741 4653 3015 4721 διατάξεσι
3043 4656 3351 4729 παρεδήλου
3380 4656 3492 4710 τῶν
3514 4660 3738 4730 ἱερείων

450 4759 550 4800 nes
574 4752 632 4799 et
673 4752 870 4815 pectus
897 4752 954 4801 et
975 4746 1242 4817 jecinoris
1262 4746 1459 4802 libram
1492 4746 1563 4803 de
1592 4746 1792 4803 hostiis
1832 4748 2037 4819 jubens

451 4837 675 4909 praecidi
710 4847 759 4906 τ,
793 4839 941 4910 ipsas
966 4838 1230 4893 nimirum
1251 4838 1539 4910 generales
1565 4845 1886 4895 nostrarum
1913 4854 2041 4911 pas-

449 4930 669 4986 sionum
690 4939 1017 5003 potestates,
1048 4930 1487 5003 indignationem
1519 4931 1647 4987 dico
1690 4941 1748 4988 et
1774 4933 2039 5004 concupi-

450 5023 739 5089 scentiam,
768 5040 893 5096 qua:
922 5038 1055 5080 vera
1098 5032 1183 5080 est
1208 5022 1513 5079 materialis
1540 5022 1697 5096 dyas,
1729 5037 2037 5094 earumque

448 5117 597 5174 vires
635 5117 845 5175 activas
894 5132 1018 5173 esse
1078 5116 1458 5189 praecidendas
1507 5124 1565 5171 et
1629 5115 2036 5171 comburendas

450 5209 641 5267 divino
689 5211 801 5283 igni
851 5210 1139 5282 potestatis
1188 5208 1436 5282 mystica:
1479 5224 1579 5280 per
1629 5207 2029 5280 cognitionem,

336 5304 339 5307 ’
451 5304 903 5376 concupiscentia
929 5304 1155 5377 quidem
1187 5319 1288 5374 per
1318 5316 1502 5366 renes,
1548 5300 1728 5356 activa
1758 5316 1893 5356 vero
1913 5301 2037 5372 ejus

448 5394 527 5466 vi,
566 5396 672 5454 hoc
694 5405 780 5454 est
802 5398 1104 5469 voluptatc.
1122 5412 1223 5468 per
1259 5391 1624 5467 pinguedinis
1677 5402 1883 5463 partes,
1915 5393 2034 5451 sive

450 5486 690 5561 adipem,
719 5490 1094 5561 indignatione
1123 5505 1222 5559 per
1265 5497 1479 5559 pectus,
1505 5497 1561 5543 et
1605 5487 1780 5541 activa
1834 5487 1955 5557 eius
1981 5487 2032 5542 vi

520 5678 548 5720 ιι
574 5670 709 5727 Gen.
744 5683 872 5727 xvn,
904 5668 957 5720 5.
1035 5677 1061 5715 ει
1098 5665 1268 5721 Exod.
1308 5683 1385 5731 Ill,
1425 5667 1476 5722 5.
1561 5677 1581 5703 ι’
1616 5666 1793 5721 Levii.
1826 5683 1918 5732 vlt,
1950 5666 2039 5722 30.

2141 4747 2398 4819 ἀφαιρεῖν
2429 4743 2491 4799 ’ὡ
2520 4747 2710 4818 στέαρ,
2748 4745 2845 4800 καὶ
2871 4747 3001 4813 τοὺς
3026 4748 3283 4820 νεφροὺς,
3315 4749 3413 4802 καὶ
3439 4750 3502 4802 τὸ
3530 4750 3738 4821 στηθύ-

2141 4857 2275 4902 νιον,
2315 4841 2410 4894 καὶ
2441 4840 2534 4893 τὸν
2564 4838 2721 4893 λοϐὸν
2753 4838 2851 4893 τοῦ
2880 4840 3114 4911 ἥπατος,
3151 4841 3485 4905 ἐπιτάσσων,
3523 4843 3586 4896 τὸ
3617 4845 3738 4897 δεῖν

2143 4932 2315 4997 αὑτάς
2343 4950 2403 4986 τε
2446 4932 2546 4995 τὰς
2572 4932 2795 5002 γενικὰς
2828 4930 2940 4985 τῶν
2968 4935 3026 4986 ὲν
3051 4935 3184 5004 ἡμῖν
3216 4931 3407 4987 παθῶν
3439 4932 3735 5005 δυνάμεις,

2141 5025 2233 5079 τὸν
2263 5025 2433 5097 θυμὸν
2455 5024 2601 5096 λέγω
2630 5026 2726 5079 καὶ
2748 5023 2847 5097 τήν
2873 5025 3196 5097 ἐπιθυμίαν,
3219 5028 3318 5098 τὴν
3340 5026 3512 5091 ὅντως
3535 5028 3738 5097 ὑλικὴν

2139 5115 2344 5184 δυάδα,
2408 5118 2504 5172 καὶ
2560 5117 2661 5182 τὰς
2710 5118 2991 5189 ἐνεργείας
3046 5118 3228 5173 αὐτῶν
3280 5119 3565 5192 ἀφαιρεῖν,
3634 5121 3739 5174 καὶ

2138 5209 2218 5281 τῷ
2257 5210 2395 5282 θείῳ
2437 5211 2572 5282 πυρὶ
2625 5210 2726 5281 τῆς
2769 5210 2914 5263 κατά
2950 5210 3154 5280 γνῶσιν
3197 5211 3470 5283 μυστικῆς
3500 5211 3741 5282 ἐκτῆξαι

2136 5300 2441 5373 δυνάμεως,
2470 5302 2570 5373 τῆς
2596 5302 2695 5375 μὲν
2722 5302 3021 5376 ἐπιθυμίας
3046 5304 3136 5358 διὰ
3157 5305 3266 5359 τῶν
3290 5304 3526 5376 νεφρῶν,
3551 5306 3654 5377 τῆς
3672 5306 3741 5363 δέ

2138 5394 2421 5467 ἐνεργείας
2450 5395 2622 5465 αὐτῆς
2642 5436 2656 5462 ,
2712 5397 2963 5451 τουτέστι
2995 5396 3097 5468 τῆς
3129 5396 3359 5469 ἡδονῆς,
3408 5396 3497 5451 διὰ
3521 5398 3621 5450 τοῦ
3647 5398 3737 5450 15-

2140 5505 2274 5552 πους
2302 5529 2316 5552 ,
2374 5488 2494 5559 ἦτοι
2522 5487 2617 5542 τοῦ
2647 5489 2865 5553 στέατος
2901 5488 3269 5560 δηλουμένης.
3312 5491 3404 5545 καὶ
3430 5488 3523 5544 τοῦ
3552 5488 3742 5559 θυμοῦ
