3984 6198
224 329 341 394 1201
889 359 893 364 ι
1441 336 1959 398 AMBIGUORUM
2003 342 2251 402 LIBER.
3344 347 3477 411 120?.

210 445 302 499 διὰ
348 445 442 497 τοῦ
496 443 782 512 στηθυνίου
811 486 824 509 ,
886 445 982 514 τῆς
1028 445 1088 500 δὲ
1141 427 1258 498 κατ’
1286 443 1449 497 αὑτὸν
1495 445 1837 516 ἐνεργείας,

1950 463 2011 504 er
2041 449 2234 504 ﬁbram
2266 453 2551 522 jecinoris,
2583 470 2708 511 cum
2733 472 2839 525 qna
2883 472 3067 510 amara
3107 465 3164 512 et
3193 459 3338 512 acris
3393 460 3479 514 ω-

210 534 302 590 διὰ
347 535 444 588 τοῦ
489 533 647 587 λοϐοῦ
691 534 784 589 τοῦ
816 536 1023 606 ἥπατος
1050 577 1065 602 ,
1131 537 1190 588 ὲν
1293 536 1326 606 ἡ
1357 536 1533 608 πικρὰ
1561 536 1656 590 καὶ
1682 536 1798 608 δρι-

1956 555 1982 594 s
2007 540 2268 606 cohaeret,
2295 543 2634 614 signiﬁcatis.

221 627 430 696 μυτὰτη
465 626 683 700 πέπηγε
715 626 866 699 χολὴ,
908 627 1345 698 σημαινομένων.
2188 648 2191 650 ·

223 807 438 877 Θεωρία
484 808 788 878 σύντομος
823 811 912 876 είς
956 808 1073 878 τὴν
1103 811 1252 866 κατὰ
1280 812 1469 882 νόμον
1503 810 1794 882 διάφορον

865 899 1115 953 λέπραν.

1950 808 2290 878 outemplatio
2351 813 2517 867 brevis
2572 816 2627 867 in
2675 815 2941 868 diversam
2985 817 3271 871 secundum
3320 815 3515 888 legem-

2560 905 2836 953 [mirants_

941 912 1115 968 πραν.

2560 905 2764 976 lepram
2789 922 2836 961 ³.

288 1014 460 1070 Τοῦτο
507 1013 672 1068 πάλιν
716 1014 820 1068 κάν
857 1014 938 1084 τῷ
991 1016 1122 1085 περὶ
1167 1016 1378 1087 λέπρας
1419 1018 1572 1091 τόπῳ
1614 1022 1795 1090 σοφῶς

1976 1010 2091 1066 Hoc
2125 1024 2319 1068 rursus
2340 1013 2508 1067 etiam
2555 1016 2609 1069 in
2636 1017 2758 1071 loco
2789 1017 2857 1071 de
2892 1018 3044 1087 lepra
3075 1019 3358 1088 sapienter
3390 1035 3489 1089 per

220 1105 373 1179 οἶμαι
439 1106 844 1178 παρεμφαίνειν
904 1105 972 1159 δι’
1023 1109 1370 1178 αἰνιγμάτων
1422 1111 1795 1180 συμϐολικῶν,

1950 1100 2232 1166 ymbolicas
2275 1103 2545 1173 imagines
2608 1105 2924 1174 signiﬁcare
2975 1107 3260 1174 arbitror,
3323 1109 3490 1178 lepra:

221 1201 319 1272 τὴν
363 1201 511 1270 ἁφὴν
552 1198 653 1269 τῆς
694 1198 904 1269 λέπρας
955 1200 1036 1263 είς
1082 1200 1332 1274 τέσσαρα
1362 1204 1552 1275 (178
1583 1205 1635 1276 b)
1665 1206 1800 1279 γένη

1950 1191 2249 1249 Τθοιίοῐιοιῐι
2268 1194 2324 1249 in
2344 1203 2580 1265 quatuor
2596 1212 2802 1266 genera
2819 1197 3105 1264 discernit,
3135 1199 3191 1253 in
3211 1200 3418 1265 album,
3436 1210 3493 1254 et

225 1290 546 1363 μερίσαντα,
589 1291 671 1353 εἰς
719 1289 912 1344 λευκὸν
955 1291 1050 1345 καὶ
1091 1291 1302 1363 χλωρὸν
1346 1295 1441 1348 καὶ
1487 1296 1680 1361 ξανθὸν
1709 1298 1806 1354 καὶ

1950 1284 2105 1350 iride,
2130 1293 2189 1341 et
2209 1286 2461 1354 mbrum,
2481 1296 2536 1342 et
2555 1303 2782 1355 caecum,
2799 1305 2898 1360 per
2913 1306 3034 1360 quae
3055 1292 3496 1361 concupiscenti-

223 1381 503 1453 ἀμαυρὸν,
531 1381 598 1434 δι’
635 1374 711 1436 ὧν
745 1381 806 1436 τό
833 1399 893 1435 τε
935 1381 1168 1454 θυμικὸν
1198 1385 1296 1439 καὶ
1324 1385 1385 1439 τὸ
1409 1386 1807 1459 ἐπιθυμητικὸν

1950 1392 2038 1432 um
2065 1378 2536 1449 etindignativum
2569 1381 2623 1434 in
2660 1381 2874 1450 species
2917 1397 3044 1436 suas
3070 1382 3246 1437 divisa
3292 1393 3494 1438 osten-

223 1475 307 1538 είς
336 1473 404 1527 τὰ
426 1473 518 1526 ὑπ’
542 1473 684 1526 αὐτὰ
717 1473 831 1545 εἴδη
869 1473 1228 1546 διαιρούμενα
1249 1476 1551 1543 δείκνυται,
1581 1479 1681 1550 τῆς
1709 1480 1810 1551 μὲν

1955 1479 2142 1537 untur,
2162 1471 2607 1542 concupiscentia
2637 1472 2860 1542 quidem
2893 1488 2992 1542 per
3035 1473 3218 1527 album
3243 1473 3501 1528 et‘viride

226 1564 528 1635 ἐπιθυμίας
574 1565 666 1619 διὰ
717 1564 812 1619 τοῦ
857 1564 1055 1620 λευκοῦ
1105 1568 1202 1620 καὶ
1234 1568 1467 1640 χλωροῦ,
1502 1572 1584 1634 είς
1610 1570 1811 1644 ἡδονὴν

1950 1578 1976 1616 n
1998 1561 2333 1632 voluptatem
2362 1571 2420 1619 et
2447 1562 2692 1618 dolorem
2723 1564 3104 1634 indignatione
3129 1579 3263 1619 vero
3288 1580 3388 1635 per
3403 1581 3500 1619 ru-

227 1657 326 1711 καί¹
361 1657 540 1726 λύπην
572 1657 897 1728 μερίζεσθαι
919 1657 1278 1730 δηλουμένης,
1305 1660 1400 1714 τοῦ
1442 1661 1500 1716 δὲ
1525 1661 1698 1733 θυμοῦ
1726 1663 1814 1718 διὰ

1950 1669 2080 1707 trum
2092 1663 2149 1709 et
2159 1655 2431 1709 θεραπηίη
2445 1654 2583 1709 iram
2595 1663 2650 1710 et
2666 1657 3499 1726 succensionem,occultamque

223 1748 322 1802 τοῦ
352 1748 544 1814 ξανθοῦ
573 1751 668 1803 καὶ
694 1749 788 1803 τοῦ
827 1750 1078 1822 ἀμαυροῦ
1105 1753 1183 1816 εἰς
1208 1752 1380 1824 ὀργὴν
1403 1754 1498 1807 καὶ
1535 1756 1696 1826 μῆνιν
1719 1759 1815 1812 καὶ⁸

1952 1745 2292 1802 imulationis
2313 1747 2578 1802 malitiam
2595 1747 2852 1802 discreta.
2880 1747 3010 1802 Haec
3047 1747 3196 1802 enim
3238 1749 3503 1818 primaria

226 1840 330 1912 τὴν
362 1840 762 1912 κεκρυμμένην
802 1842 1148 1912 κακουργίαν
1173 1844 1275 1913 τῆς
1297 1824 1640 1918 ὑποκρίσεως
1677 1867 1815 1922 τεμ-

1953 1848 2052 1894 unt
2075 1855 2276 1911 genera
2305 1855 2520 1905 earnm,
2549 1849 2611 1894 ut
2642 1841 2855 1904 dicunt,
2892 1839 3251 1895 aﬂ‘ectionum
3277 1849 3334 1895 et
3386 1855 3506 1896 om-

227 1932 480 2003 νομένου.
515 1933 702 1987 Ταῦτα
737 1935 847 2005 γὰρ
893 1935 1084 2007 πρῶτα
1127 1939 1259 2009 γένη
1286 1938 1397 1993 τῶν
1420 1942 1513 1995 ὑπ’
1542 1943 1682 1998 αὐτὰ
1709 1963 1816 1999 πα-

1950 1932 2077 1987 tium
2110 1932 2531 2002 principaliores
2583 1932 2977 2003 indignationis
3013 1941 3070 1988 et
3103 1932 3505 2002 concupiscen-

227 2023 365 2088 θῶν,
396 2024 474 2089 ὥς
501 2043 656 2095 φασιν.
696 2029 794 2082 καὶ
838 2029 1059 2083 πάντων
1108 2033 1539 2107 ἀρχηγικώτερα
1578 2038 1688 2092 τῶν
1720 2039 1816 2094 τοῦ

1951 2021 2015 2077 ia:
2039 2023 2353 2094 progenies,
2416 2023 2620 2092 quibus
2681 2039 2804 2094 quae
2862 2024 3045 2078 anima
3104 2019 3506 2094 comprehensa

227 2111 415 2183 θυμοῦ
443 2114 540 2169 καὶ
581 2115 679 2186 τῆς
713 2117 1010 2189 ἐπιθυμίας
1047 2102 1387 2192 γεννήματα,
1419 2102 1501 2190 οἷς
1529 2126 1629 2199 τὴν
1659 2145 1819 2201 νοση-

1950 2124 2088 2184 ttque
2114 2102 2339 2179 infecta,
2375 2115 2617 2184 quandiu
2641 2115 2709 2170 ab
2761 2115 2844 2170 eis
2901 2115 3292 2186 compungitur
3341 2115 3396 2169 in
3421 2113 3507 2168 di-

229 2203 533 2276 λευομένην
562 2205 738 2278 ψυχὴν
755 2208 852 2280 οὐχ
892 2205 1006 2262 οἷόν
1033 2228 1114 2276 τε,
1149 2210 1255 2280 ἕως
1288 2213 1393 2267 ὑπὸ
1420 2215 1630 2270 τούτων
1674 2235 1817 2272 κατ-

1950 2207 2063 2262 inze
2087 2206 2374 2278 phalangis
2403 2223 2634 2263 numero
2669 2208 2886 2264 censeri
2917 2223 3028 2264 non
3061 2215 3264 2279 potest.

225 2297 508 2362 ἐστικται,
555 2302 670 2364 τοῖς
696 2277 704 2278 7
734 2277 851 2373 τῆς
883 2301 1033 2366 θείας
1085 2277 1410 2381 ἠξιωμένοις
1470 2310 1823 2382 παρεμϐολῆς

227 2389 553 2458 ἐναρίθμιον
584 2387 743 2446 εἶναι.

233 2569 460 2637 Θεωρία
505 2571 593 2637 εὶς
640 2570 750 2625 τὸν
797 2575 1005 2641 Φινεὲς
1061 2578 1160 2629 καί
1211 2577 1354 2645 τοὺς
1403 2579 1826 2650 ἀναιρεθέντας

1950 2590 2319 2661 ἳοηεεηιρίαιὶο
2364 2589 2428 2641 εἰη
2475 2585 2721 2653 Phinees,
2788 2592 2838 2639 et
2892 2585 2999 2655 qui
3033 2583 3096 2637 ab
3142 2599 3200 2635 eo
3245 2581 3511 2652 interfecti

866 2667 968 2721 ὑπ’
999 2668 1208 2723 αὐτοῦ.

312 2777 483 2831 Τοῦτο
534 2780 630 2833 καὶ
676 2779 768 2835 τὸν
808 2783 1123 2853 θαυμαστὸν
1166 2780 1322 2856 οἶμαι
1371 2788 1560 2853 Φινεὲς
1605 2791 1822 2846 ἐκεῖνον

229 2869 320 2939 τῷ
352 2871 472 2924 καθ’
502 2873 694 2925 ἑαυτὸν
727 2872 876 2945 ζήλῳ
907 2877 1383 2947 παραινίττεσθαι.
1415 2881 1527 2952 Τὴν
1558 2881 1670 2952 γὰρ
1699 2885 1824 2937 Μα-

228 2961 468 3014 διανῖτιν
505 2963 583 3034 τῷ
628 2964 937 3038 Ἰσραηλίτῃ
974 2971 1464 3040 συγκαταιχμάσας
1486 3011 1502 3036 ,
1545 2975 1828 3044 μυστικῶς

231 3049 330 3102 διὰ
363 3050 458 3102 τοῦ
490 3051 714 3120 δόρατος
740 3054 842 3124 τὴν
877 3055 1011 3125 ὓλην
1034 3056 1111 3126 τῷ
1140 3058 1291 3124 εῖδει,
1327 3060 1420 3113 καὶ
1444 3060 1521 3131 τῷ
1548 3061 1704 3134 θυμῷ
1730 3063 1830 3135 τὴν

233 3140 405 3192 ἐπιθυ
413 3141 562 3210 μίαν,
583 3145 674 3196 καὶ
693 3143 792 3215 τὴν
809 3145 1105 3217 ἀλλόφυλον
1131 3149 1324 3222 ἡδονὴν
1344 3151 1421 3223 τῷ
1438 3153 1676 3224 ὲμπαθεῖ
1691 3155 1835 3224 λογιο

236 3232 372 3303 σμῷ
404 3233 492 3288 διὰ
531 3237 631 3306 τῆς
671 3238 766 3290 τοῦ
806 3240 1110 3313 ἀρχιερέως
1154 3242 1316 3311 λόγου
1381 3245 1665 3318 δυνάμεως
1708 3265 1833 3304 συν-

231 3327 594 3382 απωθείσθαι
630 3331 771 3401 χρῆν
803 3333 1121 3389 παντάπασι
1159 3337 1259 3407 τῆς
1299 3336 1481 3410 ψυχῆς
1532 3340 1830 3410 ἐνέφαινεν.
1861 3319 1905 3378 θ’

235 3415 469 3482 Εἷδος¹⁶
498 3421 608 3492 γὰρ
660 3423 800 3492 πρὸς
845 3423 980 3496 ὓλην
1025 3427 1227 3498 τρόπον
1267 3428 1476 3500 ἐπέχει,
1509 3432 1537 3483 ὅ
1573 3448 1633 3484 τε
1666 3433 1838 3502 θυμὸς

237 3510 392 3582 πρὸς
425 3512 524 3579 τὴν
563 3513 884 3599 ἐπιθυμίαν,
913 3516 991 3587 τῷ
1038 3520 1438 3590 προσεγγισμῷ
1480 3521 1656 3584 διδοὺς
1696 3523 1837 3594 αὐτῇ

239 3603 490 3672 κίνησιν,
528 3604 650 3658 καθ’
673 3607 878 3678 ἑαυτὴν
907 3604 1077 3662 οὖσαν
1107 3610 1387 3679 ἀκίνητον,
1419 3612 1447 3664 ὅ
1482 3629 1541 3663 τε
1579 3613 1838 3684 λογισμὸς

244 3695 394 3764 πρὸς
423 3697 522 3766 τὴν
567 3699 781 3770 ἡδονὴν,
817 3701 1106 3754 εἰδοποιεῖν
1145 3703 1317 3773 αὐτὴν
1358 3703 1639 3773 πεφυκὼς,
1689 3706 1837 3758 ἁνεί-

234 3786 373 3838 δεον
403 3788 494 3840 καὶ
520 3788 768 3860 ἄμορφον
792 3791 935 3844 κατὰ
971 3793 1062 3844 τὸν
1092 3792 1222 3845 ίδιον
1267 3792 1424 3861 λόγον
1462 3795 1836 3866 ὑπάρχουσαν.

237 3879 416 3949 Δηλοῖ
462 3880 519 3933 δὲ
567 3883 726 3936 τοῦτο
765 3885 860 3936 καὶ¹
915 3883 1054 3956 αὐτὴ
1082 3885 1192 3938 τῶν
1220 3887 1502 3956 ὀνομάτων
1529 3889 1561 3957 ἡ
1587 3887 1836 3958 δύναμις.

238 3973 448 4040 Χασὸὴ
477 3974 584 4046 γὰρ
608 3977 640 4046 ἡ
671 3976 990 4040 Μαδιανττις
1016 3977 1364 4048 ὀνομάζεται,
1391 3979 1529 4049 ὅπερ
1555 3979 1672 4031 ἐστὶ
1691 3982 1841 4048 Γαρ-

238 4065 553 4132 γαλισμός
599 4084 742 4134 μου,
795 4067 894 4119 καὶ
945 4068 1166 4139 Ζαμϐρὶ
1211 4072 1239 4122 ό
1287 4070 1652 4142 Ἰσραηλίτης,
1704 4072 1840 4136 ὅπερ

239 4153 407 4207 ἐστὶν
444 4148 714 4226 τᾼσμάίτ
753 4175 894 4226 μου,
944 4159 1192 4213 τουτέστι
1261 4163 1642 4233 μετεωρισμός
1714 4181 1838 4231 μου.

255 4246 526 4298 Ἐπειδὰν
574 4242 667 4301 οὖν
705 4249 804 4319 τῆς
854 4249 1004 4314 θείας
1054 4252 1360 4306 ἀπονεῦσαν
1403 4254 1633 4326 μελέτης
1657 4273 1716 4308 τε
1749 4257 1842 4309 καὶ

237 4338 614 4401 ὲνατενίσεως
651 4339 713 4392 τὸ
748 4341 1056 4409 λογιστικὸν
1090 4345 1188 4415 τῆς
1228 4345 1407 4417 ψυχῆς
1453 4347 1548 4399 καὶ¹
1579 4364 1844 4417 μετεωρι-

241 4430 386 4483 σθὲν
546 4431 716 4502 ὑλικῷ
761 4435 862 4503 τῆς
932 4435 1134 4505 σαρκὸς
1180 4437 1543 4507 γαργαλισμῷ
1573 4439 1760 4508 (179
1787 4439 1842 4509 α)

241 4518 560 4592 συμπλακῇ
595 4525 772 4576 -κατὰ
819 4525 918 4595 τὴν
970 4527 1202 4596 κάμινον
1251 4528 1351 4597 τῆς
1402 4529 1699 4597 ἁμαρτίας,
1747 4527 1840 4581 τοῦ

2606 2687 2731 2733 sunt
2777 2682 2820 2731 ι.

2001 2799 2116 2856 Hoc
2146 2797 2313 2855 etiam
2355 2795 2734 2852 admirabilem
2783 2793 2942 2848 illum
2964 2792 3204 2849 Pbinees
3241 2791 3360 2846 zelo
3409 2805 3511 2846 suo

1933 2893 2244 2966 signiﬁcare
2284 2890 2544 2947 arbitror.
2598 2877 3010 2944 Madianitidem
3064 2887 3213 2942 enim
3253 2901 3362 2941 una
3389 2901 3512 2940 cum

1933 2984 2180 3041 Israelita
2204 2983 2434 3055 mystice
2451 2981 2636 3052 jaculo
2685 2978 3037 3050 transﬁgens,
3097 2979 3382 3034 materiam
3409 2993 3514 3030 una

1935 3093 2062 3133 cum
2096 3075 2292 3140 forma,
2328 3082 2385 3129 et
2435 3072 2939 3142 concupiscentiam
2973 3086 3081 3125 una
3103 3085 3228 3125 cum
3268 3069 3516 3141 indigna-

1937 3165 2111 3231 tione,
2135 3171 2192 3218 et
2216 3162 2583 3234 alienigenam
2607 3162 2946 3231 voluptatem
2977 3176 3085 3214 una
3119 3175 3245 3216 cum
3302 3159 3514 3230 cogita-

1939 3257 2088 3312 tione
2115 3255 2314 3310 aﬂ‘ectu
2329 3255 2543 3310 irretita
2566 3269 2664 3324 per
2679 3252 2958 3324 pontiﬁcis
2977 3252 3206 3307 rationis
3226 3251 3335 3305 vim
3352 3251 3512 3307 simul

1939 3347 2305 3404 excutiendas
2325 3347 2555 3402 omnino
2591 3361 2660 3400 ex
2711 3345 2894 3400 anima
2922 3361 3043 3402 esse
3072 3345 3357 3400 indicavit.
3380 3344 3517 3399 For—

1941 3456 2029 3495 ma
2060 3440 2208 3496 enim
2249 3438 2336 3494 ad'
2371 3437 2656 3493 materiam
2691 3437 2930 3506 applicat
2957 3437 3208 3499 modum,
3263 3447 3320 3490 et
3371 3436 3516 3489 indi—

1939 3531 2127 3602 gnatio
2151 3530 2219 3586 ad
2251 3527 2782 3599 concupiscentiam,
2823 3527 3318 3597 apprOpinquando
3365 3542 3518 3581 com-

1940 3637 2170 3680 movens
2199 3637 2322 3692 quae
2370 3635 2469 3691 per
2507 3634 2567 3674 se
2598 3619 2900 3672 immobilis
2944 3627 3049 3683 est,
3075 3626 3132 3672 et
3159 3617 3422 3687 cogitatio
3450 3619 3515 3669 a:|

1941 3714 2303 3783 voluptatem,
2339 3710 2430 3765 cui
2465 3709 2700 3764 formam
2749 3707 2976 3777 praebet,
3008 3722 3135 3761 cum
3169 3706 3302 3760 alias
3343 3705 3518 3759 forma

1943 3820 2008 3860 ac
2048 3802 2230 3873 specie
2280 3799 2585 3857 secundum
2639 3798 2920 3869 prOpriam
2981 3797 3250 3852 rationem
3312 3809 3516 3851 careat.

1943 3893 2155 3950 [ndicat
2188 3893 2295 3948 hoc
2325 3893 2412 3947 vel
2469 3891 2587 3961 ipsa
2633 3890 2920 3945 nominum
2968 3889 3050 3944 vis
3077 3897 3130 3944 et
3171 3888 3518 3960 signiﬁcatio.

1942 3985 2144 4042 Cbasbi
2168 3985 2316 4040 enim
2342 3982 2654 4038 Madianitis
2688 3982 2778 4037 illa
2824 3982 3151 4053 appellatur,
3208 3980 3355 4051 quod
3415 3991 3519 4042 est,

1946 4075 2206 4132 Titillatio
2231 4077 2355 4140 mei,
2381 4082 2437 4130 et
2487 4073 2707 4128 Zambri
2767 4071 3204 4142 lsraelita,quod
3243 4078 3330 4126 est
3379 4069 3519 4126 Ca»

1946 4172 2109 4225 ticum
2159 4170 2282 4232 mei,
2348 4168 2403 4223 id
2430 4175 2516 4222 est
2568 4165 2804 4221 elevatio
2857 4167 2967 4220 mei
2995 4165 3049 4218 in
3078 4164 3334 4219 sublime.
3384 4161 3520 4217 Cum

1946 4263 2112 4334 igitur
2137 4261 2378 4316 divinam
2408 4259 2821 4314 meditationem
2856 4265 2912 4310 et
2965 4256 3322 4311 intuitionem
3359 4269 3523 4309 avet-

1946 4364 2063 4410 sata
2091 4354 2287 4408 anima:
2341 4368 2470 4424 pars
2516 4349 2820 4412 rationalis,
2854 4349 2969 4403 sive
2998 4348 3325 4416 λογιστικὸν,
3359 4355 3523 4416 atque

1947 4445 2004 4498 in
2035 4443 2270 4498 sublime
2292 4450 2480 4497 evecta
2513 4455 2638 4494 cum
2670 4438 2942 4493 materiali
2983 4437 3296 4490 titillatione
3332 4437 3441 4490 coit
3469 4437 3523 4489 in

1946 4535 2158 4606 peccati
2191 4534 2408 4597 ardore,
2443 4532 2554 4586 acri
2598 4530 2826 4585 omnino
2856 4528 3115 4599 pontiﬁce
3149 4528 3358 4582 ratione
3386 4543 3525 4596 opus

243 4614 502 4684 ζηλωτθῦ
546 4617 765 4680 πάντως
784 4618 953 4671 δεῖται
979 4619 1280 4691 ἀρχιερέως
1310 4621 1491 4690 λόγου,
1522 4620 1658 4691 πρὸς
1688 4621 1837 4674 ἀναί-

1950 4634 2054 4690 est,
2080 4634 2188 4679 tam
2210 4624 2278 4678 ad
2302 4623 2600 4678 tollendum
2630 4637 2752 4691 quae
2772 4629 2884 4675 tam
2925 4619 3176 4690 improbe
3211 4618 3522 4682 coiverunt,
3563 4681 3568 4686 ,

247 4723 416 4778 ρεσιν
450 4707 550 4779 μὲν
581 4710 693 4762 τῶν
720 4711 862 4764 οὓτω
893 4713 1076 4777 κακῶς
1129 4714 1379 4786 ἀλλήλοις
1419 4715 1843 4786 συμπεπλεγμέ-

244 4817 391 4862 νων,
429 4801 781 4890 ἅποστροφὴν
809 4804 867 4857 δὲ
894 4805 994 4876 τῆς
1027 4807 1338 4879 φερομένης
1369 4808 1516 4873 θείας
1534 4808 1839 4880 ἀγανακτήο

243 4901 425 4954 σεως.

250 5075 490 5142 Θεωρία
513 5079 599 5144 εις
616 5078 706 5145 τὸ,
729 5099 747 5132 ι
772 5081 869 5148 Μὴ
895 5080 1042 5136 δῶτε
1065 5082 1138 5137 τὰ
1168 5083 1449 5154 artaret";
1479 5083 1645 5150 κυσὶ,
1677 5083 1776 5138 καί
1799 5084 1844 5116 ⁸⁸

337 5173 426 5237 εις
460 5161 550 5234 τὸ,
571 5171 736 5240 Μήτε
757 5171 986 5241 ῥάϐδον
1019 5173 1173 5243 μήτε
1211 5174 1412 5244 πήραν
1433 5173 1588 5244 μήτε
1616 5173 1845 5243 ὑποδή-

337 5280 499 5333 ματα
530 5262 750 5333 χρῆναι
780 5265 924 5333 τοὺς
949 5267 1337 5332 ἀποστόλους
1355 5265 1700 5331 βαστάζειν.
1717 5285 1734 5318 ι

340 5378 514 5433 Τοῦτο
560 5381 656 5434 καὶ
689 5382 718 5433 ὁ
749 5381 952 5451 Κύριος
982 5381 1167 5445 αὐτὸς,
1202 5379 1277 5445 ὡς
1318 5381 1509 5452 ἔμοιγε
1551 5381 1721 5444 δοκεῖ,
1757 5398 1851 5435 τυ·

1949 4733 2113 4793 quam
2134 4717 2200 4772 ad
2231 4715 2584 4772 avertendam
2607 4713 2807 4768 divina:
2839 4713 2935 4769 irae
2983 4712 3346 4768 invasionem.

1943 5079 2334 5151 Contemplatio
2357 5081 2410 5132 in
2435 5078 2570 5132 illud
2589 5095 2606 5130 :
2652 5096 2669 5127 ι
2694 5077 2770 5130 Ne
2803 5077 2925 5130 (late
2952 5087 3109 5128 sacra
3159 5073 3376 5128 canibus
3402 5079 3428 5110 υ
3448 5099 3470 5134 -,
3501 5093 3522 5124 τ)

2014 5175 2144 5230 Item
2173 5175 2226 5226 in
2245 5171 2412 5225 illud:
2448 5189 2464 5221 ι
2489 5169 2639 5236 Quod
2664 5185 2830 5238 neque
2852 5166 3120 5229 baculum,
3139 5181 3307 5236 neque
3319 5180 3526 5237 peram,

2021 5270 2184 5338 neque
2222 5263 2422 5318 calceos
2485 5261 2711 5334 apostoli
2739 5260 2962 5314 debeant
2982 5259 3120 5329 ferre
3149 5267 3200 5313 ν.
3227 5277 3246 5310 ι

2019 5379 2133 5434 lloc
2157 5378 2322 5433 etiam
2368 5378 2484 5445 ipse
2539 5374 2826 5440 Dominus,
2880 5384 2938 5426 nt
2980 5372 3114 5429 mihi
3143 5372 3382 5437 videtur,
3414 5373 3527 5426 lur-

243 5471 363 5546 χόν
396 5472 724 5543 παρεδήλου,
748 5472 908 5526 τοῦτο
939 5473 1040 5543 μὲν
1068 5473 1126 5525 ὲν
1151 5465 1234 5535 οἷς
1272 5489 1429 5542 φησι,
1461 5470 1557 5538 Μὴ
1598 5470 1747 5524 δῶτε
1784 5470 1837 5524 τέ

1951 5482 2093 5526 tassc
2117 5469 2466 5540 signiﬁcavit,
2507 5468 2706 5537 partim
2748 5467 2840 5522 ttbi
2872 5465 3040 5521 dicit:
3064 5464 3145 5520 Ne
3169 5465 3289 5518 date
3313 5481 3527 5518 sacrant

343 5601 366 5629 ⁶
401 5590 579 5647 chit.
607 5569 724 5658 χιιι,
755 5595 977 5662 passim.
1063 5595 1076 5628 ι
1108 5590 1269 5646 Num.
1301 5606 1425 5655 xxv,
1455 5591 1486 5644 7
1513 5605 1665 5659 seqq.
1748 5600 1772 5627 υ
1802 5588 1993 5642 Matth.
2021 5604 2114 5652 vn,
2153 5589 2204 5640 6.

2631 5585 2660 5599 Π

2287 5596 2311 5622 ν
2348 5588 2480 5641 an.
2520 5602 2592 5645 Ix,

1559 5707 1789 5761 νΑΒιΑῑ
1831 5705 2232 5762 LECTIUNES.
2288 5696 2300 5711 ’

347 5800 391 5835 ¹⁶
421 5802 590 5866 εἴδους
617 5801 739 5857 cod.
769 5800 908 5857 Gud.
994 5803 1028 5834 ¹⁷
1062 5801 1210 5872 ἆσμα
1245 5801 1364 5856 cod.
1396 5799 1535 5856 Gud.
1620 5802 1660 5832 “’
1691 5802 1781 5854 καὶ
1811 5799 2154 5855 desideratur
2190 5799 2242 5853 in
2273 5799 2393 5854 cod.
2439 5798 2579 5852 Gud.
