3984 6198
498 295 632 360 1203

1661 299 1721 359 S.
1762 300 2050 361 ΜΑΧΙΜΙ
2088 300 2597 365 CONFESSORIS

3619 303 3752 376 1234

495 414 732 481 canibus,
758 432 882 471 neve
929 416 1168 486 projicite
1226 418 1556 486 margaritas
1607 418 1802 486 porcis,
1831 432 2073 482 sacrum,

2183 418 2351 489 ἅγιον
2373 422 2500 489 τοῖς
2542 422 2705 487 κυσὶ,
2728 423 3175 494 μηδὲ-,ϐάλλετε
3224 428 3367 494 τοὺς
3391 429 3749 496 μαργαρίτας

495 508 552 562 ni
587 507 767 571 fallor,
796 521 999 561 vocans
1045 504 1420 562 intellectuale
1464 506 1519 561 in
1555 506 1740 569 nobis,
1774 516 1834 561 ut
1872 506 2074 561 divina

495 599 682 669 gloria:
711 596 1026 668 imaginem,
1064 597 1211 667 quod
1246 613 1314 652 ne
1359 598 1609 668 improbe
1640 598 1709 651 ab
1742 596 2073 668 indignatio-

496 690 583 742 nis
615 687 857 742 motibus
876 688 1120 759 allatrari
1148 704 1212 743 ac
1265 688 1581 759 perturbari
1634 689 1943 744 sineremus
1976 703 2073 742 ve-

497 781 623 847 tuit,
678 781 1004 851 margaritas
1065 797 1197 836 vero
1251 782 1469 836 divinas
1490 783 1611 853 ejus
1647 792 1703 837 et
1760 780 2076 851 splendidas

495 872 875 943 cogitationes,
907 872 1112 943 quibus
1149 889 1311 929 omne
1351 874 1579 943 dignum
1624 883 1853 928 ornatur
1899 880 1957 927 et
1978 888 2076 927 no-

495 965 628 1031 bile,
655 981 792 1034 quas
832 966 1193 1035 cogitationes
1256 967 1608 1022 inluminatus
1629 975 1686 1021 et
1722 967 1792 1022 ab
1841 964 2076 1035 impuris

495 1056 803 1115 materialis
842 1058 1309 1126 concupiscentia:
1348 1058 1701 1127 passionibus
1723 1059 1931 1115 liberas
1961 1074 2077 1114 ser-

495 1147 707 1203 vandas
731 1147 1030 1218 praecepit:
1058 1148 1256 1217 partim
1281 1148 1374 1202 ubi
1397 1147 1465 1202 ad
1496 1157 1717 1207 sanctos
1754 1164 1886 1207 suos
1910 1149 2079 1205 disci-

496 1240 662 1308 pulos
678 1238 747 1294 ad
778 1237 1193 1308 praedicandum
1220 1239 1474 1297 eruisses.
1501 1238 1633 1295 dum
1693 1247 1756 1293 ut
1805 1238 2074 1297 succincti

497 1331 758 1399 omnique
783 1344 1195 1399 supervacaneo
1239 1330 1403 1389 liberi
1434 1341 1620 1391 essent
1653 1331 1913 1391 informat
1936 1332 2080 1387 inter

496 1421 604 1475 alia
634 1420 741 1477 hoc
779 1435 999 1491 quoque
1022 1419 1196 1475 dicit:
1247 1420 1326 1476 Nc
1355 1430 1534 1479 autem
1574 1438 1763 1492 peram
1810 1421 1980 1485 tollite
2019 1422 2076 1477 in

496 1513 660 1576 riam,
693 1520 789 1566 aut
807 1510 1076 1577 baculum,
1100 1497 1195 1567 aut
1223 1512 1425 1568 calceos
1448 1515 1503 1568 in
1528 1514 1683 1585 pedes
1706 1522 1928 1579 uestros,
1950 1529 2076 1570 cum

392 1650 415 1669 ρ
496 1604 759 1659 nimirum
776 1604 847 1659 sit
875 1620 1101 1661 necesse
1135 1613 1197 1658 ut
1216 1605 1311 1675 qui
1329 1621 1450 1663 sese
1479 1605 1547 1662 ad
1569 1607 1860 1663 sublimem
1885 1606 2077 1677 cogni-

498 1695 785 1755 tionisiter
814 1696 1121 1751 accinxerit
1143 1697 1295 1752 omni
1317 1698 1590 1752 materiali
1621 1698 1868 1768 pondere
1892 1705 2072 1760 vacet,

2177 511 2525 582 ἔμπροσθεν
2570 514 2690 569 τῶν
2734 517 2974 585 χοίρων,
3024 516 3180 586 ἅγιον
3230 519 3361 580 ἴσως
3403 521 3584 573 καλῶν
3607 521 3664 572 τὸ
3692 524 3748 573 ὲν

2182 607 2314 678 ἡμῖν
2350 607 2558 678 νοερὸν,
2594 607 2672 672 ὡς
2703 609 2857 673 θείας
2904 611 3272 681 ἁπεικόνισμα
3296 612 3479 681 δόξης,
3511 615 3646 683 ὅπερ
3676 616 3745 684 μὴ

2183 699 2371 763 κακῶς
2420 701 2517 771 ὲᾷν
2559 701 2665 754 ὑπὸ
2709 702 2819 755 τῶν
2873 702 3121 773 θυμικῶν
3162 704 3479 772 κινημάτων
3522 705 3753 759 καθυλα-

2183 789 2486 861 κτούμενον
2520 793 2956 863 ἐκταράσσεσθαι
2996 794 3379 865 παρηγγύησε,
3414 799 3755 868 μαργαρίτας

2181 882 2238 936 δὲ
2276 883 2345 936 τὰ
2388 883 2508 937 θεία
2553 885 2648 938 καὶ
2693 884 2923 958 λαμπρὰ
2949 886 3140 940 τούτου
3185 889 3450 959 νοήματα,
3477 885 3560 951 οἷς
3583 890 3753 958 τίμιον

2184 973 2332 1041 ᾆπαν
2362 975 2687 1045 κοσμεῖσθαι
2722 978 2988 1045 πέφυκεν,
3015 980 3164 1050 ὅπερ
3205 979 3593 1049 διαφυλάττειν
3626 982 3753 1052 ἁμὸ-

2183 1063 2350 1117 λυντα
2388 1065 2484 1120 καὶ
2542 1066 2653 1119 τῶν
2703 1067 3032 1138 ἀκαθάρτων
3082 1069 3183 1138 τῆς
3228 1070 3424 1142 ὑλικῆς
3468 1071 3754 1143 ὲπιθυμίας

2185 1153 2375 1209 παθῶν
2417 1154 2681 1226 ἐλεύθερα
2725 1155 2837 1210 δεῖν
2885 1156 3364 1228 παρεκελεύσατο·
3408 1158 3568 1213 τοῦτο
3607 1159 3662 1211 δὲ
3701 1162 3754 1212 ἐν

2183 1240 2266 1311 οἷς
2295 1247 2431 1314 πρὸς
2469 1248 2596 1312 τοὺς
2643 1247 2833 1316 ἁγίους
2860 1248 3028 1303 αὑτοῦ
3077 1249 3327 1320 μαθητὰς
3365 1250 3756 1320 ἀποστελλομέ-

2183 1358 2307 1403 νους
2338 1342 2431 1394 ἐπὶ
2464 1340 2526 1394 τὸ
2548 1342 2810 1412 κήρυγμα
2843 1340 2973 1412 περὶ
2994 1340 3089 1394 τοῦ
3113 1340 3234 1405 πῶς
3261 1341 3545 1406 εὐσταλεῖς
3566 1343 3755 1404 αὐτοὺς

2180 1429 2329 1487 εἶναι
2358 1433 2453 1487 καὶ
2484 1432 2812 1502 ὰπερίττους
2839 1431 3116 1491 διατυπῶν
3143 1432 3237 1486 καὶ
3268 1432 3432 1487 τοῦτο
3475 1433 3613 1505 πρὸς
3652 1435 3755 1494 τοῖς

2183 1526 2364 1591 ἄλλοις
2386 1527 2542 1596 φησὶ,
2572 1524 2670 1593 Μὴ
2707 1524 2777 1579 δὲ
2816 1525 3019 1594 πήραν
3059 1524 3261 1592 αἴρετε
3318 1528 3407 1591 είς
3435 1525 3554 1592 τὴν
3595 1525 3753 1589 ὁδόν,

2179 1621 2336 1690 μήτε
2364 1618 2615 1689 ῥάϐδον,
2643 1618 2799 1689 μήτε
2842 1618 3203 1689 ὑποδήματα
3243 1620 3333 1685 εις
3382 1618 3526 1685 τοὺς
3572 1619 3756 1683 πόδας

2183 1712 2376 1782 ὑμῶν,
2414 1712 2491 1776 ὡς
2538 1711 2659 1766 δέον
2716 1711 2811 1765 τὸν
2851 1712 2954 1781 τῆς
2992 1711 3205 1782 ὑψηλῆς
3246 1709 3393 1765 κατὰ
3429 1711 3529 1782 τὴν
3558 1712 3753 1778 γνῶσιν

495 1798 555 1843 et
582 1788 732 1845 omni
762 1787 981 1859 patibili
1006 1788 1075 1842 de
1118 1790 1573 1859 concupiscentia.
1605 1798 1665 1844 et
1698 1790 2073 1861 indignatione

2183 1804 2411 1874 πορείας
2467 1803 2871 1875 ἐπειλημμένον
2920 1805 3121 1867 παντὸς
3172 1804 3271 1874 μὲν
3316 1803 3506 1858 ὑλικοῦ
3563 1804 3755 1880 βάρους

495 1877 790 1937 adfectione
831 1878 1133 1943 liberetur,
1199 1880 1665 1950 quemadmodum
1734 1881 2078 1937 demonstrat

497 1987 628 2041 pera
649 1979 707 2027 et
758 1972 1009 2037 baculus,
1034 1989 1279 2042 quorum
1324 1973 1499 2031 altera
1544 1971 2073 2041 concupiscentiam,

498 2063 638 2117 alter
661 2062 1099 2134 indignationem
1146 2063 1442 2134 signiﬁcat,
1492 2063 1548 2119 in
1596 2063 1791 2133 primis
1832 2078 1967 2116 vero
2019 2071 2079 2116 ut

500 2152 682 2206 nudus
711 2153 783 2207 sit
814 2153 1168 2225 hypocriscos
1188 2154 1572 2223 improbitate,
1590 2169 1712 2225 quae
1725 2152 2079 2208 calceamenti

499 2244 672 2299 instar
707 2245 833 2299 vitm
898 2245 1188 2315 vestigium
1248 2245 1461 2315 obtegit
1505 2254 1563 2300 et
1612 2244 1809 2299 animae
1854 2243 2081 2313 patibile

498 2336 779 2405 aequitatis
842 2336 1102 2407 hgmento
1159 2336 1457 2400 obscurat;
1526 2352 1694 2406 quam
1763 2333 2079 2406 hypocrisin

501 2427 762 2482 Pharisaei
791 2427 991 2490 induti,
1021 2428 1260 2498 speciem
1308 2428 1550 2497 pietatis,
1583 2444 1692 2483 non
1753 2428 1928 2497 ipsam
1958 2427 2077 2497 pie—

501 2526 667 2573 tatem
725 2518 1031 2584 habentes,
1106 2518 1325 2577 etiamsi
1375 2518 1547 2577 latere
1589 2518 1694 2574 sibi
1731 2518 2081 2581 videbantur,

503 2617 682 2663 tamen
715 2624 744 2661 a
784 2608 993 2667 ratione
1027 2608 1296 2673 confutati
1324 2623 1445 2663 esse
1461 2608 1802 2670 didicerunt,

925 2985 1312 3058 Contemplatio
1344 2985 1406 3038 de
1429 2984 1682 3039 quat-ica.

2104 2920 2169 2935 ‘-

2179 1893 2466 1963 έλεύθερον
2504 1889 2664 1959 εἶναι,
2715 1895 2899 1965 πάσης
2944 1895 3001 1950 δὲ
3042 1895 3142 1966 τῆς
3189 1896 3310 1950 κατ’
3337 1895 3636 1967 ἐπιθυμίαν
3665 1897 3753 1948 καὶ

2180 1984 2352 2054 θυμὸν
2401 1985 2681 2055 ὲμπαθοῡς
2719 1986 3017 2051 διαθέσεως
3055 1987 3315 2057 καθαρὸν,
3345 1988 3422 2051 ὡς
3448 1987 3600 2059 δηλοῖ
3638 1990 3672 2058 ἦ
3699 2007 3752 2042 τε

2183 2078 2337 2147 πήρα
2380 2076 2471 2131 καὶ
2501 2079 2535 2148 ἠ
2581 2078 2797 2148 ῥάϐδος,
2832 2080 2865 2149 ἡ
2899 2078 2999 2149 μὲν
3030 2078 3129 2150 τὴν
3174 2078 3555 2149 ὲπιθυμίαν,ή
3586 2078 3645 2131 δὲ
3670 2080 3754 2132 τὸν

2185 2168 2355 2238 θυμὸν
2388 2169 2848 2240 ἐπισημαίνουσα,
2883 2171 3120 2240 μάλιστα
3152 2170 3211 2225 δὲ
3249 2170 3349 2240 τῆς
3376 2170 3501 2225 καθ’
3530 2171 3755 2241 ὑπόκρι-

2186 2276 2268 2312 σιν
2299 2258 2509 2329 γυμνὸν
2559 2262 2920 2331 κακουργίας,
2947 2262 3047 2333 τῆς
3073 2256 3187 2315 οἷον
3215 2261 3569 2333 ὑποδήματος
3600 2261 3752 2330 δίκην

2185 2350 2280 2404 τοῦ
2316 2350 2435 2421 βίου
2476 2351 2536 2404 τὺ
2575 2352 2723 2422 ἴχνος
2754 2353 3255 2425 ὲπικαλυπτούσης,
3281 2353 3377 2407 καὶ
3424 2353 3488 2406 τὸ
3517 2354 3753 2423 ἐμπαθὲς

2182 2438 2283 2509 τῆς
2307 2438 2489 2509 ψυχῆς
2512 2441 2956 2513 ἐπικρυπτούσης
2986 2443 3176 2515 (179
3206 2444 3258 2515 ιι)
3292 2443 3594 2505 ἐπιεικείας
3621 2441 3755 2495 πλά-

2188 2546 2391 2600 σματι·
2444 2532 2512 2602 ἢν
2565 2531 2970 2609 ὑποδησάμενοι
3045 2536 3299 2606 ἀφρόνως
3351 2535 3403 2588 οἱ
3450 2536 3751 2603 Φαρισαῖοι,

2192 2618 2475 2689 μόρφωσιν
2529 2621 2837 2685 εὐσεϐείας,
2883 2622 2999 2677 ἀλλ’
3027 2625 3127 2681 οὐκ
3182 2624 3466 2678 εὑσέὸειαν
3520 2624 3754 2695 ἔχοντες,

2188 2709 2281 2763 καὶ
2327 2712 2377 2765 εί
2420 2699 2603 2766 λαθεῖν
2643 2712 2916 2786 ἐνόμιζον,
2946 2714 3052 2769 ὑπὸ
3084 2715 3177 2770 τοῦ
3210 2716 3368 2781 λόγου
3416 2717 3754 2787 ἐλεγχθέντες

2184 2798 2544 2874 ἐδιδάχθησαν
2567 2803 2631 2861 ¹⁹.

2393 2977 2621 3046 Θεωρία
2672 2980 2806 3047 περὶ
2847 2980 2954 3035 τοῦ
3002 2983 3537 3054 σεληνιαζομένου.

569 3103 687 3169 Qua
716 3100 989 3157 materiali
1039 3099 1243 3171 dyade,
1273 3096 1692 3170 indignationis,
1737 3097 1981 3165 inquam,
2026 3103 2080 3151 et

2254 3087 2474 3160 Ταύτης
2502 3092 2601 3154 τῆς
2633 3090 2826 3162 ὑλικῆς
2861 3092 3076 3160 δυάδος,
3100 3098 3199 3167 τῆς
3228 3099 3371 3153 κατὰ
3400 3099 3572 3167 θυμὸν
3606 3101 3755 3168 λέγω

501 3191 983 3262 concupiscentia,
1037 3204 1233 3246 rursus
1290 3187 1579 3253 Dominus,
1613 3187 1668 3241 ni
1717 3185 1899 3249 fallor,
1924 3184 2084 3241 luna-

503 3285 674 3339 ticum
731 3282 988 3338 liberavit
1020 3290 1068 3347 ι,
1108 3281 1197 3335 vel
1229 3278 1615 3349 potius,,,cum
1656 3278 1835 3333 malus
1869 3276 2084 3333 daemon

503 3371 615 3442 igni
646 3370 1023 3442 indignatione
1056 3380 1114 3426 et
1139 3386 1279 3440 aqua
1310 3368 1765 3439 concupiscentia
1796 3382 1924 3422 eum
1957 3383 2082 3438 per-

502 3463 637 3519 dere
669 3465 856 3529 vellet,
879 3462 1335 3532 coercuit,atque
1384 3460 1613 3515 sustulit
1652 3460 1863 3515 rabiem
1904 3458 2084 3513 furio-

501 3570 617 3611 sam
645 3554 810 3624 (luna:
849 3555 996 3609 enim
1014 3551 1404 3609 "increscendo
1459 3551 1942 3621 decrescendoque
1986 3550 2085 3605 ha-

501 3644 652 3701 bitus
684 3643 826 3703 nihil
854 3641 1047 3697 diﬁ‘ert
1076 3642 1147 3697 ab
1171 3641 1490 3697 hominibus
1508 3640 1739 3695 materia
1760 3637 2081 3710 superatis);

501 3752 611 3806 qua
644 3735 850 3795 abusus
874 3733 1089 3793 daemon
1121 3732 1429 3788 concitator
1460 3731 1779 3802 passionum
1823 3739 2083 3800 tanquam

505 3830 563 3883 in
589 3842 786 3897 aquam
810 3835 869 3881 et
904 3825 1085 3897 ignem
1122 3826 1178 3881 in
1215 3823 1727 3894 concupiscentiam
1750 3830 1808 3877 et
1834 3821 2085 3893 indigna-

504 3920 707 3976 tionem
744 3918 971 3990 injicere
1006 3926 1245 3973 mentem
1270 3924 1328 3971 et
1379 3914 1654 3972 suffocare
1694 3929 1802 3969 non
1854 3913 2080 3978 desinit,

504 4013 816 4086 usqumde
840 4012 937 4069 Dei
982 4013 1222 4069 Verbum
1259 4021 1321 4073 et
1345 4011 1488 4069 ratio
1536 4008 1824 4065 advenerit
1867 4017 1926 4064 et
1964 4024 2082 4064 ma-

504 4106 759 4162 terialem
811 4114 981 4174 atque
1027 4104 1235 4160 malum
1284 4103 1593 4158 daemonem
1631 4101 1908 4171 expulerit
1964 4102 2086 4173 (per

505 4213 683 4271 quem
706 4206 875 4257 vetus
907 4204 963 4253 et
996 4204 1254 4255 terrenus
1280 4196 1448 4251 homo
1498 4192 1874 4263 exprimitur),
1918 4207 2085 4247 vexa-

506 4300 627 4345 tum
661 4304 796 4345 vero
847 4288 1001 4345 illum
1055 4303 1097 4345 a.
1144 4288 1289 4343 mala
1335 4286 1712 4341 dominatione
1758 4285 2082 4350 asseruerit,

442 4428 445 4439 ε
505 4381 639 4441 dum
666 4381 974 4437 naturalem
995 4380 1045 4435 ei
1080 4378 1507 4434 moderationem
1534 4377 1708 4449 gratia
1732 4393 1830 4432 sua
1874 4376 2077 4441 reddit,

503 4488 605 4544 per
637 4488 807 4544 quam
836 4486 1023 4528 novus.
1037 4478 1094 4525 et
1115 4468 1185 4525 ad
1209 4469 1305 4523 Dei
1342 4468 1636 4540 imaginem
1676 4477 1897 4523 creatus
1915 4468 2082 4523 homo

501 4564 963 4639 designatum-Sic
987 4563 1156 4634 igitur
1181 4576 1374 4617 omnes
1407 4562 1583 4617 sancti
1639 4562 1783 4616 hanc
1821 4561 2071 4615 divinam

500 4666 558 4713 et
580 4672 694 4712 non
724 4655 975 4711 fallacem
996 4653 1268 4713 rationem
1296 4652 1400 4706 rite
1431 4651 1673 4722 aggressi
1693 4651 1800 4706 hoc
1818 4651 2080 4708 saeculum

509 4747 908 4810 transiverunt,
939 4746 1003 4801 in.
1034 4744 1185 4798 nulla
1218 4760 1409 4799 earum
1442 4759 1581 4812 quas
1631 4737 1800 4797 liabet
1828 4743 2084 4813 volupta-

512 4850 627 4893 tum
681 4835 974 4904 vestigium
1013 4834 1212 4889 animm
1264 4834 1663 4903 imprimentes.
1719 4834 1781 4888 In
1840 4848 2085 4887 summas

506 4931 657 4986 enim
685 4943 878 4984 earum
906 4942 1044 4997 quas
1073 4926 1283 4981 homini
1332 4926 1551 4995 assequi
1577 4926 1711 4981 licet
1746 4925 1815 4980 de
1847 4926 1960 4980 Deo
1990 4940 2081 4979 ra-

506 5024 707 5087 tiones,
764 5018 1054 5083 bonitatis,
1108 5019 1371 5088 inquam.
1419 5025 1478 5072 et
1531 5017 1841 5082 cbaritatis,
1889 5010 2103 5073 oculosf

505 5114 813 5171 rectissime
844 5111 1093 5183 ﬁgentes,
1134 5111 1336 5181 quibus
1397 5111 1567 5167 Deum
1608 5118 1944 5167 commotum
2000 5109 2093 5165 eis,

504 5221 626 5274 qua:
651 5212 780 5259 sunt
826 5202 1211 5261 exsisteutiam
1232 5217 1466 5272 eamque
1513 5202 1716 5258 bonam
1773 5201 1951 5273 gratia
1985 5216 2083 5255 sua

508 5296 702 5367 largiri
755 5295 1075 5351 didicerunt
1136 5294 1431 5366 (siquidem
1515 5294 1722 5349 moveri
1768 5295 1941 5349 Deum
1990 5294 2086 5363 qui

505 5380 968 5443 solusimmobilis
997 5396 1083 5442 est
1115 5386 1303 5442 dicere
1335 5385 1418 5440 fas
1458 5394 1563 5452 est,
1630 5395 1689 5440 et
1733 5401 1845 5439 non
1903 5385 2098 5455 potius.

584 5539 604 5565 ι
648 5522 840 5577 Matth.
880 5537 1015 5588 xm,
1040 5521 1121 5594 14,

2180 3183 2276 3237 καὶ
2314 3184 2649 3253 ἐπιθυμίαν,
2697 3186 2862 3239 πάλιν
2897 3187 2932 3247 ὁ,
2969 3189 3176 3259 Κύριος
3226 3191 3627 3261 ⁴Ιγλευθέριιισεν,
3677 3197 3762 3258 ὠς

2178 3273 2357 3347 οἶμαι,
2388 3278 2480 3331 τὸν
2512 3278 2988 3350 σεληνιαζόμενον,
3042 3282 3245 3351 μᾶλλον
3272 3285 3332 3339 δὲ
3371 3284 3469 3339 τοῦ
3503 3288 3643 3355 πυρὶ⁵
3672 3287 3761 3358 τῷ

2181 3372 2339 3443 θυμῷ
2373 3373 2468 3425 καὶ
2516 3370 2669 3425 ὕδατι
2719 3376 2785 3442 τῇ
2843 3374 3117 3445 ἐπιθυμία
3163 3376 3327 3430 αὑτὸν
3386 3376 3767 3449 βουληθέντος

2181 3463 2451 3518 ἀπολέσαι
2483 3463 2724 3535 πονηροῦ
2757 3465 3032 3535 δαίμονος,
3079 3468 3286 3538 ἐπέσχε
3322 3484 3384 3523 τι
3415 3471 3512 3523 καὶ
3544 3472 3768 3542 κατήρ-

2178 3570 2319 3624 γησε
2368 3555 2467 3629 τὴν
2518 3556 2765 3628 μανιώδη
2821 3557 3028 3613 λύσσαν
3064 3559 3321 3631 (σελήνης
3348 3560 3459 3631 γὰρ
3486 3560 3646 3615 οὐδὲν
3681 3562 3771 3617 δι-

2177 3646 2432 3717 ενήνοχεν
2462 3648 2493 3716 η
2521 3648 2656 3716 πρὸς
2680 3648 2753 3701 τὰ
2771 3648 3035 3720 γινόμενα
3056 3650 3154 3704 καὶ
3171 3651 3549 3721 άπογινόμενα
3568 3654 3768 3723 σχέσις

2184 3740 2295 3793 τῶν
2326 3740 2653 3810 ἡττημένων
2684 3742 2799 3804 τοῖς
2843 3739 3047 3804 ὑλικοίς
3076 3740 3402 3812 ἀνθρώπων)
3427 3758 3440 3770 ·
3471 3737 3541 3813 ἧς
3568 3741 3771 3795 ἐπιλα-

2187 3829 2417 3898 ϐόμενος
2447 3830 2475 3882 ὁ
2503 3826 2574 3881 τά
2607 3828 2756 3898 πάθη
2789 3828 3077 3899 διεγείρων
3116 3829 3329 3900 δαίμων
3372 3829 3561 3902 ὥσπερ
3613 3830 3770 3885 ὕδατι

2186 3920 2283 3974 καὶ
2319 3921 2453 3993 πυρὶ
2489 3922 2556 3991 τῇ
2607 3920 2876 3993 ἐπιθυμίᾳ
2919 3921 3014 3975 καὶ
3048 3921 3126 3991 τῷ
3171 3921 3330 3992 θυμῷ
3354 3922 3647 3992 ἐμϐάλλων
3676 3924 3772 3976 τδν

2187 4011 2314 4066 νοῦν
2352 4012 2450 4066 καὶ
2503 4012 2886 4080 ὲναποπνίγων
2931 4014 2993 4067 οὐ
3041 4011 3299 4077 παύεται,
3347 4013 3453 4076 ἕως
3490 4012 3590 4066 τοῦ
3633 4012 3772 4066 Θεοῦ

2188 4100 2363 4169 Λόγος
2413 4101 2865 4171 παραγενόμενος
2905 4102 2969 4155 τὸ
3011 4102 3111 4172 μὲν
3152 4101 3337 4155 ὑλικὸν
3385 4103 3481 4155 καίι
3525 4105 3777 4173 πονηρὸν

2187 4192 2455 4247 άπελάσει
2494 4191 2714 4264 πνεῦμα
2752 4192 2842 4260 (δι’
2885 4187 2949 4248 οὗ
2999 4196 3028 4247 ὁ
3073 4193 3303 4255 παλαιός
3348 4211 3412 4247 τε
3444 4195 3542 4247 καὶ
3581 4197 3780 4264 χοῖιιδς

2188 4278 2655 4351 χαρακτηρίζεται
2681 4279 3015 4351 ἄνθρωπος),
3032 4282 3125 4335 τὸν
3159 4282 3217 4336 δὲ
3247 4282 3650 4355 ἐνεργούμενον
3674 4285 3779 4351 τῆς

2193 4372 2436 4444 πονηρᾶς
2473 4371 2829 4443 ἐλευθερώσει
2861 4374 3195 4445 τυραννίδος,
3227 4375 3326 4446 τὴν
3356 4374 3595 4446 φυσικὴν
3624 4376 3786 4446 αὐτῷ

2185 4465 2543 4534 σωφροσύνην
2583 4465 2816 4529 ἀποδοὺς
2851 4467 2945 4520 καὶ
2996 4468 3387 4537 χαρισάμενος,
3416 4462 3573 4537 δι’ἧς
3599 4470 3631 4520 ὁ
3656 4468 3785 4531 νέος

2181 4556 2275 4610 καὶ
2323 4557 2461 4611 κατὰ
2509 4557 2642 4610 Θεὸν
2683 4557 3006 4628 κτιζόμενος
3057 4558 3341 4631 ἄνθρωπος
3378 4558 3783 4616 διαδείκνυτετι.

2181 4645 2343 4701 Οὕτω
2381 4648 2482 4718 μὲν
2529 4644 2622 4702 οὖν
2655 4648 2855 4711 πάντες
2883 4648 2935 4701 oi
2965 4647 3111 4716 ἅγιοι
3142 4649 3235 4703 τοῦ
3272 4650 3418 4703 θείου
3467 4652 3564 4704 καὶ
3605 4652 3788 4705 ἁπλα-

2182 4739 2310 4804 νοῦς
2341 4739 2501 4809 λόγου
2534 4739 2774 4810 γνησίως
2810 4738 3210 4810 ἐπειλημμένοι
3254 4741 3346 4794 τὸν
3386 4741 3562 4795 αἰῶνα
3581 4742 3791 4795 τοῦτον

2180 4830 2460 4900 διέϐησαν,
2491 4832 2666 4884 οὐδενὶ
2691 4832 2799 4886 τῶν
2828 4834 2885 4886 ὲν
2909 4833 3058 4904 αὑτῷ
3078 4832 3327 4903 τερπνῶν
3370 4833 3430 4885 τὺ
3454 4831 3556 4903 τῆς
3594 4834 3792 4903 ψυχῆς

2189 4922 2335 4991 ίχνος
2372 4922 2848 4994 ὲναπερείσαντες.
2892 4924 3036 4994 Πρὸς
3089 4924 3199 4994 γὰρ
3240 4925 3368 4987 τοὺς
3416 4923 3630 4995 ἄκρους
3665 4927 3795 4978 τῶν

2185 5018 2493 5091 ἀνθρώποις
2523 5021 2760 5090 ἐφικτῶν
2793 5022 2925 5091 περὶ
2950 5019 3085 5077 Θεοῦ
3112 5021 3326 5090 λόγους,
3360 5022 3461 5092 τῆς
3496 5020 3792 5091 άγαθὸτη-

2185 5111 2278 5176 τός
2325 5110 2384 5164 τέ
2416 5129 2560 5182 φημι
2591 5113 2686 5166 καὶ
2733 5111 2835 5182 τῆς
2880 5113 3124 5184 ἀγάπης,
3160 5112 3308 5183 μάλα
3331 5128 3397 5181 γε
3425 5111 3661 5176 εἰκότως
3692 5114 3795 5164 ἐν-

2189 5202 2567 5269 ατενίσαντες,
2600 5200 2682 5267 οἷς
2715 5204 3006 5276 κινηθέντα
3035 5204 3127 5258 τὸν
3153 5204 3287 5257 Θεὸν
3316 5203 3378 5257 τὸ
3401 5199 3544 5256 εἶναι
3564 5219 3630 5255 τε
3656 5201 3797 5255 60-5-

2188 5312 2278 5347 ναι
2312 5296 2424 5358 τοῖς
2447 5291 2568 5347 οὖσι
2593 5296 2685 5348 καὶ
2717 5295 2781 5348 τὸ
2811 5290 2869 5349 εὖ
2909 5290 3049 5348 εἶναι
3076 5292 3410 5364 χαρίσασθαι
3442 5290 3797 5345 ἐπαιδεύθη·

2192 5402 2291 5437 σαν
2324 5384 2521 5456 (εἴπερ
2570 5386 2784 5458 κίνησιν
2826 5385 2918 5439 ἐπὶ
2973 5384 3109 5439 Θεοῦ
3155 5382 3250 5438 τοῦ
3300 5382 3458 5445 urive):
3503 5380 3804 5453 ἀκινήτου

1772 5615 2005 5673 ΥΑΒΙΑΞ
2047 5615 2450 5679 ΙλΕΟΤΙΟΝΕΞι

594 5690 635 5723 ι’
672 5686 751 5744 An
783 5684 1184 5755 διεδείχθησανῖ
