3984 6198
299 318 436 385 1205
465 344 470 349 ν

1533 314 1769 373 AMBlG
1782 312 2057 373 UORUM
2095 313 2327 374 LIBER
2350 379 2359 385 ,

3423 306 3554 370 1:208

295 428 502 502 {180
526 424 591 499 α)
632 427 792 494 θέμις
840 427 1035 489 εἰπεῖν,
1069 423 1204 503 ἀλλὰ
1240 423 1314 493 μὴ
1363 423 1563 492 μᾶλλον
1596 424 1873 496 βούλησιν,

1986 424 2144 488 velle,
2176 425 2334 495 cuius
2392 422 2675 477 voluntate
2715 421 2897 475 omnia
2949 428 3006 474 et
3066 427 3358 474 moventur
3413 430 3471 474 et
3501 422 3552 473 iu

250 504 253 507 Α
293 522 395 597 τὴν
445 520 623 575 πάντα
668 518 925 573 κινοῦσάν
961 536 1020 570 τε
1077 518 1173 569 καὶ
1203 518 1283 578 εἰς
1323 515 1385 568 τὸ
1426 511 1565 587 εἶναι
1602 518 1698 570 καὶ
1734 534 1878 588 παρ-

297 617 543 685 άγουσαν
572 612 667 666 καὶ
697 612 1051 682 συνέχουσαν,
1076 609 1401 679 κινουμένην
1423 604 1479 661 δὲ
1506 609 1758 680 οὐδαμῶς
1789 611 1878 662 οὺ-

294 707 542 779 ὃέποτε),
564 705 775 767 τούτοις
807 706 902 758 καὶ
939 703 1092 756 αὐτοὶ
1120 703 1298 770 σοφῶς
1329 702 1558 764 ἑαυτοὺς
1581 702 1877 756 άπετύπω-

302 819 427 865 σαν,
469 798 566 853 τοῦ
610 794 854 866 ἀφανοῦς
902 794 997 847 καὶ
1037 792 1269 864 ἀοράτου
1316 793 1547 856 κάλλους
1598 793 1697 863 τῆς
1734 792 1879 856 θείας

300 887 777 963 μεγαλοπρεπείας
851 887 1174 957 εὐμιμήτως
1232 886 1492 957 φέροντες
1539 885 1878 957 φαινομένην

296 985 384 1038 διά
413 982 525 1035 τῶν
547 983 761 1053 ἀρετῶν
786 980 886 1050 τὴν
929 980 1190 1050 ἰδιότητα.
1225 978 1323 1033 Διά
1359 977 1520 1031 τοῦτο
1549 978 1749 1047 ἀγαθοὶ⁹
1787 978 1881 1033 καί

302 1074 537 1142 φιλόθεοι
586 1076 680 1127 καὶ
729 1072 1128 1144 φιλάνθρωποι,
1157 1068 1525 1141 εὔσπλαγχνοι
1558 1087 1619 1123 τε
1662 1070 1758 1124 καὶ
1805 1071 1880 1124 οί-

310 1165 600 1236 κτίρμονες
635 1164 914 1233 γεγόνασι,
960 1165 1053 1217 καὶ
1088 1164 1218 1234 μίαν
1266 1164 1399 1233 πρὸς
1445 1163 1590 1216 ἀπσν
1618 1163 1679 1216 τὸ
1725 1162 1882 1232 γένος

297 1254 540 1309 διάθεσιν
563 1256 781 1325 ἔχοντες
816 1256 1037 1324 ἀγάπης
1075 1254 1416 1326 ἐδείχθησαν,
1447 1254 1538 1324 ὑφ’
1564 1249 1633 1326 ἦς
1659 1255 1722 1308 τὸ
1749 1255 1885 1308 πάν-

297 1362 410 1398 των
454 1330 733 1416 ἐξαίρετον
788 1341 930 1409 εἶδος
974 1346 1084 1398 τῶν
1135 1347 1368 1417 ἀρετῶν,
1397 1346 1499 1416 τὴν
1552 1348 1883 1402 ταπείνωσιν

297 1434 464 1503 λέγω,
488 1435 579 1490 διὰ
600 1436 783 1506 πάσης
819 1436 1001 1489 αὐτῶν
1036 1437 1133 1506 τῆς
1158 1436 1303 1506 ζωῆς
1329 1436 1554 1505 βεὸαίαν
1583 1437 1885 1507 κατασχόν-

297 1544 392 1591 τες
419 1528 518 1599 τὴν
543 1525 884 1597 φυλακτικὴν
916 1527 1015 1596 μὲν
1044 1528 1152 1580 τῶν
1186 1527 1434 1596 ἀγαθῶν,
1475 1527 1785 1599 φθαρτικὴν
1827 1529 1884 1583 δὲ

296 1618 411 1672 τῶν
440 1618 715 1681 ἐναντίων,
751 1619 932 1672 οὐδενὶ
959 1619 1021 1672 τὸ
1061 1619 1325 1690 παράπαν
1369 1619 1636 1691 ἀλῶσιμοι
1660 1621 1768 1674 τῶν
1807 1621 1885 1674 δι-

295 1705 598 1777 οχλούντων
618 1708 877 1775 γεγόνασι
908 1709 1256 1780 πειρασμῶν,
1283 1710 1393 1764 τῶν
1414 1728 1472 1765 τε
1500 1710 1766 1765 ἑκουσίων
1787 1712 1881 1766 καὶ

297 1797 395 1850 τοῦ
433 1799 521 1867 ἐφ’
549 1799 682 1869 ἡμῖν
720 1799 906 1868 λόγου.
946 1801 1183 1854 καὶτῶν
1228 1802 1501 1855 ἀκουσίων
1525 1803 1618 1857 καὶ
1649 1804 1750 1856 οὐκ
1790 1780 1953 1872 ἐφ’Ἢ

298 1893 458 1963 ἡμῖν,
489 1884 577 1960 τῷ
610 1892 723 1954 τοῖς
756 1892 853 1962 μὲν
886 1892 955 1946 δι’
981 1892 1309 1964 ἐγκρατείας
1358 1895 1759 1965 ἀπομαραίνειν
1779 1894 1877 1958 τὰς

299 1982 727 2047 ἐπαναστάσεις,
763 1982 872 2035 τῶν
911 1983 968 2037 δὲ
1017 1984 1391 2057 δι”ὐπομονῆς
1435 1985 1535 2047 τάς
1569 1984 1880 2056 προῶολάς

297 2072 676 2130 ἀποσείεσθαι.
708 2074 929 2145 Διχόθεν
960 2074 1072 2146 γάρ
1115 2075 1456 2147 βαλλόμενοι,
1489 2076 1595 2130 ὑπό
1623 2094 1682 2130 τε
1720 2075 1879 2144 δόξης

301 2166 402 2221 καὶ
439 2165 685 2236 ἀτιμίας,
730 2166 977 2237 διέμενον
1014 2168 1283 2232 ἀσειστοι,
1319 2168 1455 2239 πρὸς
1486 2166 1654 2240 ἄμφω
1687 2170 1881 2241 ἀκινή-

296 2275 409 2320 τως
456 2259 695 2327 ἔχοντες,
747 2259 885 2329 μήτε
936 2257 1128 2328 ὕϐρεσι
1169 2259 1603 2330 τιτρωσκόμενοι
1649 2260 1737 2315 διά
1781 2260 1879 2333 τὴν

295 2350 556 2403 ἑκουσίαν
586 2349 799 2419 ὕφεσιν,
831 2350 968 2421 μήτε
996 2350 1156 2416 δόξαν
1205 2352 1583 2423 προσιέμενοι,
1618 2353 1687 2406 δι’
1719 2354 1883 2425 ὕπερ.

296 2439 607 2496 ϐάλλουσαν
658 2441 934 2512 πτωχείας
967 2442 1268 2511 οίκείωσιν,
1307 2444 1434 2498 ὅθεν
1479 2446 1539 2498 οὐ
1587 2445 1779 2517 θυμὸς,
1816 2449 1878 2500 οὐ

300 2530 518 2596 φθόνος.
553 2533 655 2586 οὐκ
699 2532 838 2605 ἔρις,
882 2534 980 2604 οὐχ
1015 2534 1324 2606 ὑπόκρισις,
1365 2536 1424 2588 οὐ
1474 2535 1645 2600 δόλος.
1676 2538 1776 2591 οὐκ
1806 2540 1880 2592 εί-

306 2625 611 2695 ρωνευτική
667 2640 754 2687 τις
811 2624 907 2678 καὶ
960 2624 1256 2690 ἐπίκλοπος
1282 2624 1360 2697 τῷ
1391 2628 1702 2699 φαινομένῳ
1742 2628 1882 2682 πλά-

303 2727 474 2780 σματι
499 2712 568 2765 δι’
598 2712 814 2784 ἀπάτης
855 2713 1203 2785 ὑποσῦρουσα
1225 2715 1362 2788 πρὸς
1389 2715 1518 2771 ἄλλο
1561 2719 1787 2791 στοργὴ,
1821 2719 1882 2773 τὸ

301 2799 522 2854 πάντων
588 2802 781 2857 παθῶν
849 2800 1275 2876 ὸλεθριὼτατονέ
1313 2806 1420 2862 οὐκ
1463 2807 1732 2881 ἐπιθυμία
1772 2810 1882 2864 τῶν

300 2891 446 2944 κατά
496 2892 591 2945 τὸν
643 2893 762 2965 βίον
808 2894 1114 2961 δοκούντων
1150 2892 1291 2952 εἶναι
1334 2898 1627 2970 λαμπρῶν,
1653 2898 1777 2954 οὐτε
1825 2919 1882 2956 τι

298 2979 492 3052 ἕτερον
527 2983 624 3055 τῆς
650 2987 897 3056 πονηρᾶς
935 2986 1046 3041 τῶν
1077 2987 1271 3043 παθῶν
1309 2989 1573 3061 πληθύος,
1601 2992 1702 3045 οὐκ
1730 2994 1883 3047 ἀπει-

297 3073 393 3172 λαὶ
421 3077 551 3172 παρ’
581 3078 794 3172 ἐχθρῶν
823 3083 1338 3154 δπανατεινόμεναι,
1362 3085 1485 3139 οὐδέ
1513 3101 1600 3149 τις
1624 3085 1811 3158 (180
1830 3087 1879 3158 b)
1908 3117 1952 3172 ο

297 3166 540 3222 θανάτου
574 3169 775 3241 τρόπος
804 3172 993 3227 αὐτῶν
1017 3175 1331 3247 ἐκυρίευσε.
1363 3177 1461 3231 Διδ
1485 3178 1580 3231 καὶ
1613 3179 1881 3251 μακάριοι

295 3259 531 3325 δικαίως
560 3264 716 3335 παρά
741 3276 801 3318 τε
827 3265 950 3338 Θεῷ
981 3268 1076 3322 καὶ
1102 3269 1415 3340 ἀνθρώποις
1445 3269 1769 3344 ἐκρίθησαν,
1798 3273 1881 3326 ὅτι

292 3353 401 3420 τῆς
446 3357 831 3428 φανησομένης
879 3359 1127 3430 ἀρρήτου
1177 3362 1274 3415 καὶ
1327 3360 1662 3432 περιφανοῦς
1723 3363 1883 3435 δόξης

296 3444 445 3497 κατά
475 3445 577 3516 τὴν
600 3447 766 3519 χάριν
796 3448 897 3503 τοῦ
929 3451 1169 3519 μεγάλου
1218 3451 1395 3523 δώρου
1435 3452 1571 3507 Θεοῦ
1620 3457 1881 3525 ἐμφανεῖς

292 3537 514 3600 εἰκόνας
545 3540 773 3604 ἑαυτοὺς
810 3541 1177 3613 κατέστησαν,
1210 3542 1298 3597 ἵνα
1326 3543 1609 3616 χαίροντες
1629 3545 1707 3611 ὥς
1736 3563 1880 3614 γνω-

295 3626 485 3698 ρίμοις
512 3633 624 3695 τοῖς
648 3631 830 3702 λόγοις
855 3633 965 3687 τῶν
991 3635 1226 3705 ἀρετῶν,
1261 3637 1463 3707 μᾶλλον
1489 3637 1545 3690 δὲ
1568 3636 1710 3707 Θεῷ,
1736 3639 1878 3709 ὑπὲρ

292 3714 360 3774 οὗ
395 3723 489 3775 καὶ
521 3723 644 3779 καθ’
672 3726 912 3794 ἑκάστην
940 3726 1155 3801 ἡμέραν
1188 3727 1630 3799 ἀποθνήσκοντες
1649 3729 1875 3802 διεκαρ-

290 3813 556 3883 τέρησαν,
593 3815 893 3881 ὲνωθῶσιν,
925 3819 984 3871 ὲν
1010 3811 1056 3885 ᾧ
1090 3817 1305 3873 πάντων
1334 3820 1385 3873 οἱ
1424 3820 1572 3889 λόγοι
1603 3821 1714 3875 τῶν
1745 3823 1878 3891 ἀγα-

290 3904 429 3969 θῶν,
485 3905 675 3978 ῶσπερ
719 3911 870 3979 πηγῇ
921 3909 1248 3980 ἀειόλύστῳ,
1309 3913 1765 3985 προῦφεστήκασί
1824 3932 1880 3968 τε

290 3996 441 4049 κατά
477 3996 627 4067 μίαν,
651 3998 833 4069 ἀπλῆν
851 4001 946 4054 καὶ
970 4002 1181 4055 ἑνιαίαν
1209 4001 1321 4055 τῶν
1350 4004 1571 4058 πάντων
1599 4005 1881 4075 περιοχὴν,

294 4088 399 4141 καὶ
431 4088 568 4161 πρὸς
597 4090 656 4144 ὃν
685 4091 906 4145 ἕλκουσι
954 4091 1164 4156 πάντας
1196 4093 1323 4156 τοὺς
1368 4094 1551 4159 καλῶς
1598 4098 1692 4150 καὶ
1740 4097 1885 4152 κατά

290 4180 463 4250 φύσιν
510 4184 630 4245 ταῖς
673 4184 766 4238 ἐπὶ
818 4182 994 4256 τούτῳ
1035 4185 1304 4250 δοθείσαις
1349 4188 1668 4259 χρωμένους
1719 4188 1880 4244 δυνά-

290 4288 448 4343 μεσε.

1980 514 2360 571 exsistentiam
2384 513 2683 578 ducuntur,
2710 511 2879 581 inque
2919 526 2985 565 ea
3014 511 3392 574 continentur,
3424 511 3553 565 dum

1983 608 2100 677 ipsa
2132 607 2395 662 nimirum
2426 621 2534 660 non
2576 604 2687 669 ullo
2738 619 2978 672 unquam
3010 602 3173 657 modo
3204 612 3457 658 movetur
3480 609 3553 667 γ),

1982 699 2262 755 bisetiam
2297 699 2400 769 ipsi
2435 699 2714 767 sapienter
2769 710 2890 749 sese
2920 695 3309 759 reformaruut,
3371 697 3558 750 invisi-

1981 792 2110 846 bilis
2134 806 2199 846 ac
2225 806 2327 846 nos
2358 789 2582 845 latentis
2615 786 3044 857 pulchritudinis
3072 787 3274 842 divinae
3305 787 3558 858 magnifi—

1984 882 2181 938 centia:
2208 881 2738 952 proprietatemquae
2768 895 2866 948 per
2896 879 3128 933 virtutes
3157 895 3216 933 se
3245 870 3560 933 manifestat

1984 972 2223 1030 feliciter
2250 972 2561 1026 amulatam
2621 970 2883 1024 ferentes.
2918 969 3155 1039 Ideoque
3208 970 3339 1024 boni
3375 980 3432 1026 et
3462 972 3555 1025 Dci

1985 1071 2235 1121 amantes
2263 1071 2318 1117 et
2348 1060 2603 1116 benevoli
2633 1076 2763 1131 erga
2790 1058 3062 1124 homines,
3100 1060 3560 1115 etmisericordcs

1983 1155 2114 1211 facti
2144 1163 2292 1218 sunt,
2327 1167 2600 1222 unamque
2631 1152 2698 1207 ad
2743 1154 3062 1209 universum
3099 1168 3273 1223 genus
3307 1151 3559 1207 affectio-

1983 1263 2111 1303 nem
2168 1246 2451 1301 cliaritatis
2481 1245 2687 1300 habere
2732 1245 2833 1301 visi
2879 1253 3040 1304 sunt;
3076 1259 3106 1298 a
3154 1258 3261 1312 qua
3315 1245 3560 1296 omnium

1985 1341 2252 1395 virtutum
2282 1337 2774 1407 exquisitissimum
2803 1352 2999 1407 genus,
3020 1335 3388 1389 humilitatem
3415 1336 3561 1395 dico,

1984 1446 2107 1501 quae
2146 1430 2289 1483 bona
2320 1438 2522 1492 servat,
2556 1428 2776 1483 inimica
2808 1428 3052 1498 perimit,
3085 1443 3184 1497 per
3208 1435 3377 1481 totam
3408 1414 3561 1481 suam

1985 1523 2155 1579 vitam
2201 1522 2433 1577 firmiter
2480 1530 2720 1586 tuentes,
2778 1521 3138 1577 molestarum
3196 1520 3563 1575 tentationum

1984 1616 2121 1670 nulli
2178 1614 2405 1668 omnino
2453 1613 2893 1678 succubuerunt,
2957 1621 3064 1667 tam
3119 1612 3561 1667 voluntariarum

1985 1722 2215 1778 quasque
2273 1713 2477 1761 nostra:
2514 1713 2645 1760 sunt
2678 1704 2931 1766 rationis,
2965 1720 3130 1773 quam
3163 1704 3565 1758 involuntaria-
3634 1712 3641 1720 '

1986 1816 2105 1854 rum
2136 1815 2368 1870 qumque
2398 1814 2506 1853 non
2534 1804 2739 1853 nostra
2755 1798 3056 1862 sunt,dum
3089 1798 3282 1852 harum
3310 1798 3560 1866 eruptio-

1985 1908 2086 1946 nes
2120 1890 2465 1946 continentia
2496 1890 2870 1960 reprimimus,
2910 1890 3129 1945 illarum
3160 1899 3355 1946 contra
3384 1890 3560 1960 impc-

1986 1991 2074 2038 tus
2101 1983 2428 2037 fortitudine
2465 1984 2795 2037 excutimus.
2825 1982 3097 2052 Utrinque
3134 1983 3282 2038 enim
3318 1983 3501 2054 petiti,
3533 2003 3557 2037 ιι

1987 2073 2161 2143 gloria
2218 2081 2273 2128 ct
2299 2073 2366 2128 ab
2425 2072 2796 2144 ignobilitate,
2851 2072 3169 2129 inconcussi
3231 2090 3558 2145 persevcra-
3645 2124 3655 2132 .

1985 2170 2220 2230 verunt,
2273 2174 2330 2221 et
2381 2165 2702 2220 immobiles
2730 2174 2921 2220 contra
2941 2174 3557 2241 utramquesteterqut.

1983 2270 2162 2324 neque
2188 2253 2408 2325 injuriis
2430 2255 2727 2319 vulnerati,
2758 2264 2989 2326 propter
3023 2255 3389 2309 voluntariam
3424 2256 3557 2308 sub—
3642 2244 3645 2251 ’

1984 2348 2325 2411 missionem,
2390 2364 2571 2418 neque
2606 2346 2837 2419 gloriam
2885 2347 3265 2412 admittentes,
3331 2358 3561 2418 pr0ptrr

1982 2449 2406 2509 exsuperantem
2442 2440 2780 2510 paupertatis
2811 2440 3262 2505 familiaritatem,
3295 2438 3441 2494 unde
3458 2457 3561 2493 nu:

1984 2530 2314 2601 indignatio,
2350 2531 2640 2594 neclivor,
2680 2547 2783 2586 nec
2834 2531 3127 2596 dissensio,
3164 2547 3268 2587 nec
3307 2532 3561 2603 hypocri-

1983 2620 2080 2685 sis,
2107 2636 2210 2675 nec
2253 2618 2436 2685 dolus,
2495 2637 2597 2675 nec
2644 2620 3024 2675 cavillatorius
3059 2631 3115 2676 ct
3164 2621 3433 2676 subdolus
3464 2622 3556 2689 qui

1984 2713 2237 2784 specioso
2270 2713 2531 2784 figmento
2565 2713 2950 2769 fraudulenter
3000 2714 3068 2769 ad
3120 2713 3270 2769 aliud
3315 2715 3560 2783 pelliciat

1983 2822 2161 2869 amor,
2185 2823 2308 2878 qua:
2365 2807 2619 2862 omnium
2650 2809 2969 2878 passionum
3021 2809 3414 2866 exitiosissima
3452 2822 3557 2872 est,

1982 2914 2087 2954 nec
2121 2899 2576 2969 concupiscentia
2622 2916 2814 2955 carum
2850 2917 3037 2955 rerum
3071 2918 3195 2972 qua:
3240 2901 3563 2957 lautissima:

1954 2989 2245 3049 .videntur
2304 2990 2358 3044 in
2404 2990 2515 3044 vita
2554 3007 2699 3056 esse,
2763 3008 2866 3047 nec
2927 2992 3077 3047 aliud
3134 2994 3434 3064 quidquam
3491 2996 3560 3049 de

1984 3082 2175 3153 iniquo
2224 3083 2544 3153 passionum
2580 3099 2768 3155 grege,
2804 3100 2985 3154 neque
3011 3085 3173 3139 minae
3219 3086 3289 3140 ab
3326 3086 3564 3140 inimicis

1986 3174 2292 3241 intentatae,
2324 3162 2505 3246 neque
2534 3176 2707 3230 ullum
2741 3177 2942 3233 mortis
2972 3194 3146 3248 genus
3175 3195 3272 3234 eos
3332 3179 3558 3236 devicit.

1986 3264 2114 3321 Ideo
2144 3266 2311 3321 etiam
2359 3266 2505 3321 beati
2541 3278 2649 3323 tam
2683 3269 2830 3338 apud
2886 3270 3057 3323 Deum
3081 3286 3245 3340 quam
3286 3271 3431 3341 apud
3465 3271 3564 3326 lio—

1984 3355 2163 3410 mines
2187 3356 2388 3412 merito
2414 3367 2545 3413 sunt
2568 3358 2827 3430 judicati,
2853 3360 3001 3430 quod
3055 3362 3393 3447 appariturae
3419 3363 3560 3419 incf«

1970 3446 2165 3501 ~fabilis
2188 3458 2245 3503 et
2265 3448 2726 3516 splendidissima:
2755 3450 2944 3520 gloria:
2969 3468 3069 3522 per
3109 3446 3337 3523 gratiam
3380 3456 3561 3526 magni

1984 3535 2081 3589 Dei
2129 3536 2451 3593 manifestas
2506 3539 2772 3610 imagines
2808 3558 2928 3597 sese
2978 3545 3312 3609 effecerunt,
3344 3555 3403 3599 ut
3432 3563 3564 3616 gau-

1985 3625 2185 3681 dentes
2233 3635 2494 3698 tanquam
2535 3632 2686 3687 notis
2739 3633 3221 3711 et‘fauiiliaribus
3292 3637 3563 3693 virtutum

1984 3723 2313 3788 rationibus,
2345 3725 2430 3779 vel
2459 3726 2647 3795 potius
2668 3728 2803 3792 Deo,
2832 3745 2934 3799 pro
2971 3747 3083 3801 quo
3112 3732 3281 3786 etiam
3313 3735 3562 3802 quotidie

1982 3815 2120 3869 mori
2164 3829 2634 3885 perseverassent,
2691 3820 3008 3886 unirentur,
3064 3823 3118 3877 in
3148 3841 3258 3894 quo
3310 3828 3559 3882 omnium

1983 3907 2256 3963 bonorum
2303 3910 2567 3976 rationes,
2635 3921 2896 3983 tanquam
2964 3914 3020 3970 in
3083 3915 3235 3971 fonte
3288 3920 3560 3988 perenni,

1982 4003 2434 4072 prmexstiterunt
2465 4021 2565 4076 per
2589 4022 2777 4073 unam,
2806 4009 3113 4079 simplicem
3139 4020 3196 4066 et
3224 4012 3561 4084 singularem

1983 4110 2170 4149 rerum
2229 4096 2614 4153 universarum
2674 4101 3137 4170 complexionem,
3192 4115 3249 4159 et
3278 4105 3348 4159 ad
3396 4122 3561 4176 quem

1982 4199 2178 4241 omnes
2239 4189 2527 4244 attrahunt
2582 4188 2902 4261 quicunque
2960 4193 3101 4248 bene
3141 4204 3199 4251 et
3254 4198 3564 4287 secundum

1980 4288 2235 4333 naturam
2266 4279 2626 4336 facultatibus
2641 4282 2710 4337 ad
2743 4283 2850 4338 hoc
2883 4284 3028 4341 datis
3057 4296 3311 4344 utuntur.

303 4452 412 4507 Ἐκ
467 4455 574 4509 τοῦ
602 4454 702 4525 μβ
729 4456 917 4525 λόγου
943 4457 1050 4513 τοῦ
1081 4458 1380 4528 Θεολόγου
1409 4459 1545 4527 περὶ
1573 4453 1662 4513 ὧν
1691 4459 1872 4528 ἐμνή-

1987 4458 2071 4513 Ex
2116 4460 2524 4530 quadragesimo
2568 4464 2801 4518 secundo
2823 4464 3069 4536 Theologi
3108 4482 3350 4521 sermone
3395 4460 3459 4523 de
3500 4474 3561 4526 iis

368 4553 486 4618 σθη
518 4553 629 4607 τοῦ
647 4554 942 4621 μακαρίου
974 4554 1112 4620 Ἰὼϐ,
1138 4557 1227 4621 εις
1254 4554 1343 4618 τὸ,
1378 4574 1396 4606 ι
1428 4555 1505 4609 Τὰ
1523 4554 1592 4608 δὲ
1618 4553 1766 4622 ἑξῆς
1784 4573 1881 4624 μι-

366 4645 498 4713 κρὰ,
529 4645 628 4699 καὶ
662 4650 891 4715 μικρῶν
912 4648 1124 4729 ,ἕνεκεν
1155 4647 1623 4717 οίκονομηθέντα
1648 4646 1753 4718 (6).
1784 4666 1814 4698 »η

365 4846 444 4914 Τῇ
476 4846 747 4920 γενομένῃ
780 4847 933 4918 παρὰ
961 4847 1056 4902 τοῦ
1084 4848 1221 4902 Θεοῦ
1263 4847 1341 4919 τῷ
1375 4846 1503 4902 ’1ὼό
1534 4847 1867 4920 ἀναῤῥήσει,

2051 4564 2169 4619 qua:
2197 4550 2260 4604 de
2286 4552 2437 4607 beato
2458 4553 2586 4607 Jobo
2613 4560 3037 4612 commemoravit
3063 4562 3117 4613 in
3144 4559 3280 4614 illud
3315 4579 3333 4614 :
3376 4581 3393 4612 ι
3432 4562 3561 4627 Qua:

2054 4649 2229 4695 niuem
2252 4643 2441 4699 deinde
2462 4656 2638 4701 secuta
2665 4658 2810 4714 sum,
2834 4667 3026 4717 parva,
3052 4662 3101 4705 ct
3123 4669 3410 4723 parvorum
3437 4672 3562 4726 gra-

2050 4730 2125 4785 tia
2152 4734 2436 4789 constituta
2461 4744 2540 4796 1.x,

2047 4846 2145 4902 Dei
2191 4846 2248 4902 in
2286 4846 2484 4905 Jobum
2534 4852 2913 4921 pronuntiato,
2947 4862 3005 4908 ut
3047 4864 3205 4926 puto,
3240 4858 3559 4927 temporalia

270 4936 367 5017 ,ὡς
396 4933 574 5004 οἶμαι.
610 4938 919 5008 συγκρίνων
950 4938 1019 4993 τὰ
1057 4939 1195 5009 μετά
1215 4940 1343 5002 τοὺς
1365 4937 1583 5006 ἀγῶνας
1606 4936 1716 4990 τῶν
1747 4952 1868 4991 πει-

1986 4952 2035 4993 aa
2069 4953 2193 5009 qua:
2226 4950 2353 5010 post
2384 4943 2689 4998 certamina
2726 4945 3094 5001 tentationnm
3128 4964 3389 5004 concessa
3429 4959 3560 5005 sunt

284 5027 522 5096 ρασμῶν
570 5027 796 5096 δοθέντα
839 5030 1132 5099 σωματικά
1179 5029 1356 5101 μικρά
1403 5029 1870 5100 προσηγόρευσεν,

277 5116 365 5177 ὡς
398 5118 519 5169 κατ’
542 5119 736 5174 οὐδένα
777 5120 980 5190 τρόπον
1018 5122 1133 5183 τοῖς
1186 5119 1427 5183 αἰωνίοις
1473 5118 1747 5189 δυνάμενα
1772 5136 1877 5174 παι-

284 5207 683 5280 ραῦἁλλεσθαι.
734 5211 971 5278 Μικρῶγ
1024 5212 1082 5265 δὲ
1131 5212 1342 5267 ἕνεκεν
1409 5212 1879 5289 οίκονομηθέντα

278 5301 447 5368 φησὶ,
470 5304 580 5355 τῶν
605 5304 734 5373 περὶ
765 5303 1004 5359 διάνοιαν
1025 5306 1333 5373 γνωστικὴν
1362 5304 1604 5374 δηλονότι
1638 5304 1868 5375 μικρῶν,

277 5390 400 5443 τῶν
440 5376 684 5464 εὐχερῶς
732 5397 792 5447 ὲν
825 5398 941 5459 τοῖς
990 5397 1121 5467 περὶ⁸
1171 5396 1434 5464 προνοίας
1481 5399 1577 5451 καὶ
1637 5397 1872 5468 κρίσεως

276 5481 471 5550 λόγοις
504 5486 1029 5558 σκανδαλιζομένων,
1068 5490 1163 5542 καὶ
1198 5491 1329 5561 περὶ
1372 5490 1540 5561 αὐτὴν
1593 5491 1691 5561 τὴν
1717 5491 1871 5545 εὐσέ-

362 5622 390 5662 .'
426 5615 544 5670 Act.
581 5634 710 5683 xvu,
741 5619 830 5673 28.
912 5631 932 5657 ι
967 5622 1070 5677 Job
1101 5639 1217 5686 vm,
1253 5625 1306 5675 T.

1972 5044 2302 5102 comparans
2349 5049 2517 5104 parva
2569 5036 2895 5106 appellavit,
2930 5053 3055 5107 quae
3096 5036 3359 5092 nimirum
3407 5040 3561 5095 nullo

1975 5124 2141 5179 modo
2167 5139 2293 5179 cum
2320 5127 2540 5182 aaternis
2568 5127 2808 5183 conferri
2846 5141 3094 5200 possent.
3122 5129 3413 5186 Parcarum
3437 5149 3561 5203 gm-

1980 5218 2056 5272 n'a
2092 5219 2378 5273 constituta
2413 5226 2597 5274 autem
2630 5220 2767 5276 dicit
2798 5232 3093 5292 parvorum
3125 5222 3384 5277 videlicet
3412 5223 3559 5279 circa

1979 5309 2287 5378 gnosticum
2320 5311 2523 5366 mentis
2556 5320 2781 5377 statum,
2808 5313 2902 5385 qui
2936 5312 3091 5369 facile
3126 5314 3179 5368 in
3213 5314 3558 5385 providentia

1979 5400 2262 5471 etjudicio
2288 5403 2705 5459 considerandis
2731 5401 3110 5470 offenduntur,
3129 5417 3183 5462 ct
3209 5407 3354 5461 circa
3384 5407 3557 5476 ipsam

1980 5493 2235 5564 pietatem
2262 5493 2548 5549 ﬂuctuant.
2574 5495 2649 5550 Dc
2679 5496 2881 5565 quibus
2908 5496 3199 5552 Dominum
3233 5496 3285 5552 in
3317 5494 3565 5567 Evaltgor-

363 5734 437 5802 (6)
470 5736 631 5802 υνυς.
673 5737 800 5791 Nux.
837 5738 931 5794 ΟΥ.
974 5740 1027 5793 in
1064 5740 1278 5795 laudem
1427 5742 1705 5797 Athanasii
1735 5758 1854 5811 cap.
1907 5742 1983 5805 18,
2018 5760 2072 5813 p.
2098 5745 2221 5808 597,
2254 5755 2382 5799 tozu.
2421 5746 2460 5806 l,
2491 5745 2628 5814 Opp.
2659 5745 2745 5798 Gil.
2785 5745 2986 5799 Bczicd.
