3984 6198
450 247 607 309 1207

1642 254 1704 316 S.
1747 254 2034 315 ΗᾹΧΙΜΙ
2075 253 2590 315 CONFESSORIS

3596 256 3737 324 1208

452 367 547 424 liis
569 367 776 424 dixisse
803 369 1045 424 arbitror
1077 387 1089 422 :
1129 367 1230 434 Qui
1264 370 1476 440 offendit
1511 386 1676 423 unum
1709 387 1772 424 ea:
1804 368 2044 441 parvulis
2076 421 2077 424 η

2189 387 2303 422 ειαν
2330 370 2727 440 σαλευομένων.
2750 372 2885 439 Περὶ
2909 363 2986 426 ὧν
3007 367 3164 441 οἶμαι
3190 371 3280 426 τὸν
3311 371 3521 444 Κύριον
3542 373 3602 427 ἐν
3625 379 3734 444 τοῖς

457 463 538 515 his
559 473 608 514 ο.
642 461 745 527 Qui
785 462 1226 531 quotiescunque
1279 463 1490 531 justum
1543 461 1733 515 vident
1767 461 2045 514 inﬁrmum

461 555 547 608 vel
582 568 902 623 pauperem,
929 554 1014 607 vel
1049 555 1160 608 alio
1193 555 1357 608 modo
1391 555 1732 608 laborantem
1769 555 1954 625 (alque
1991 553 2048 608 hi

464 647 798 701 inﬁrmiores
825 647 1042 716 plenam
1071 647 1185 703 fere
1214 657 1568 718 peccatorum
1596 648 1842 701 omnium
1872 649 2052 717 impu—

464 739 694 794 nitatem
730 747 1014 802 statuunt,
1049 750 1257 810 quanto
1291 741 1465 811 magis
1499 741 1554 794 in
1591 741 1898 809 multipliee
1926 740 2050 795 Jobi

464 831 872 896 vicissitudine,
895 833 989 902 qui
1019 849 1087 887 ex
1114 834 1365 887 confesso
1389 834 1459 888 ab
1484 834 1743 887 omnibus
1765 842 1848 887 est
1870 845 2052 904 Justus

464 925 850 993 astimatus?),
886 925 939 979 id
974 927 1375 994 pati‘possint,
1407 925 1451 978 si
1495 941 1605 978 non
1648 925 1716 979 ad
1757 925 2052 994 pristinum

467 1027 672 1072 statum
721 1019 885 1072 rediit
928 1019 978 1073 ei
1026 1019 1446 1088 eonduplicatus
1489 1019 1750 1088 splendor
1788 1027 1846 1071 et
1888 1018 2050 1072 fama.

468 1111 545 1164 De
576 1111 665 1164 his
694 1111 864 1182 igitur
890 1111 1153 1181 magister
1181 1111 1318 1165 dixit
1355 1130 1367 1164 :
1400 1111 1697 1165 Parrorum
1727 1112 1902 1181 gratia
1931 1128 2054 1163 con-

468 1205 678 1257 stituta.

2156 461 2508 530 Εὑαγγελξοις
2533 463 2719 530 φάναι,
2748 465 2800 516 Ὀ
2823 464 3237 524 σκανδαλίζων
3251 465 3361 518 ἕνα
3384 465 3501 518 τῶν
3513 465 3715 536 papa);

2155 554 2410 606 τούτων)
2443 555 2493 607 οἳ
2509 557 2637 609 ὅταν
2670 555 2821 609 ἴδωσι
2837 557 3043 610 δίκαιον
3067 556 3416 622 ἀσθενοῦντα,
3439 557 3474 628 ἦ
3497 558 3730 628 πτωχεῧ-

2156 663 2306 710 οντα,
2327 645 2359 715 ἦ
2381 647 2553 707 άλλως
2577 648 3016 717 κακουχούμενοι]
3035 651 3149 716 (καὶ
3167 650 3352 719 σχεδὸν
3381 650 3498 718 οίγε
3522 651 3733 703 ἀσθενέ-

2161 755 2341 808 στεροι
2371 740 2556 792 ἄδειαν
2579 739 2674 792 τοῦ
2711 741 2916 804 παντὸς
2960 741 3377 811 κατακρίνουσι,
3414 742 3569 813 πόσῳ
3609 745 3744 814 μᾶλα

2159 824 2248 876 λον
2274 826 2332 876 ὲν
2364 828 2430 896 τῇ
2467 825 2638 898 ἀθρόᾳ⁵
2675 829 2948 898 μεταϐολῇ
2980 828 3074 881 τοῦ
3119 829 3261 893 Ἰὼϐ,
3302 831 3752 902 ὡμολογημένοις

2156 917 2366 970 δίκαιον
2412 921 2578 972 πᾶσιν
2612 921 3023 991 ὑπειλημμένον
3051 922 3111 990 ;)
3148 920 3293 992 εἶχον
3336 923 3497 976 τοῦτο
3528 925 3740 987 παθεῖν,

2155 1011 2204 1061 εί
2265 1011 2340 1080 μὴ
2394 1012 2532 1082 πρὸς
2580 1013 2640 1064 τὸ
2686 1015 2915 1084 ἀρχαῖον
2946 1013 3096 1084 αὑτῷ
3149 1017 3482 1085 σωματικῶς
3511 1017 3660 1068 κατά
3689 1018 3743 1068 τὸ

2150 1103 2434 1156 διπλάσιον
2510 1105 2787 1174 ἐπανῆλθε
2844 1107 2905 1159 τὸ
2959 1108 3259 1179 περιφανὲς
3334 1109 3429 1162 καὶ
3479 1107 3741 1172 ἐπίδοξον.

2153 1198 2170 1256 (
2199 1197 2351 1266 18],
2389 1199 2454 1259 a)
2487 1198 2623 1266 Περὶ
2656 1197 2866 1250 τούτων
2921 1194 3016 1252 οὖν
3063 1199 3281 1269 εἴρηται
3311 1199 3387 1270 τῷ
3419 1199 3744 1266 διδασκάλῳ,

2153 1287 2396 1356 Μικρῶν
2420 1289 2635 1342 ἕνεκεν
2672 1291 3164 1358 οἱκονομηθέντα.

474 1469 559 1525 Ea:
586 1473 762 1524 eodem
787 1488 1026 1525 sermone
1052 1475 1104 1525 in
1131 1472 1265 1526 illud
1289 1491 1307 1526 :
1340 1492 1357 1524 ι
1389 1473 1594 1544 Purgat
1618 1448 1869 1542 templum
1895 1475 2060 1526 sacri-

547 1563 675 1634 legis
710 1574 758 1616 et
789 1563 886 1617 Dei
915 1572 965 1618 et
997 1563 1193 1619 Christi
1232 1569 1677 1620 nundinatoribus
1698 1568 1748 1629 Β,
1782 1568 1884 1620 nisi
1923 1568 2062 1637 quod

547 1671 652 1710 non
690 1655 904 1724 ﬂagello
943 1665 1200 1720 contorto,
1228 1658 1319 1710 sed
1350 1675 1592 1712 sermone
1629 1661 1700 1713 ad
1734 1659 2061 1729 persuaden-
2096 1693 2137 1747 Β

547 1747 676 1800 dum
705 1750 1099 1802 accommodato
1123 1751 1218 1802 hoc
1246 1751 1392 1819 facit.
1428 1770 1447 1800 ι

550 1861 741 1930 Neque
774 1863 1116 1917 acerbiorem
1147 1864 1202 1916 in
1235 1863 1343 1928 his,
1373 1873 1432 1926 ut
1460 1865 1684 1934 quidam
1719 1866 2065 1922 existimave-

483 1962 635 2016 runt,
669 1954 832 2012 beato
863 1955 1025 2010 Patre
1059 1957 1358 2011 Athanasio
1391 1959 1685 2013 Dominum
1723 1969 1972 2014 nostrum
2008 1969 2065 2014 et

484 2045 657 2099 Deum
714 2046 1054 2102 clarissimus
1110 2049 1201 2103 hic
1252 2051 1512 2120 magister
1563 2052 1838 2117 ostendit,
1888 2051 2061 2106 absit!

484 2152 665 2207 neque
704 2137 951 2206 profecto
983 2150 1176 2194 sancto
1208 2142 1512 2197 Athanasio
1551 2143 1908 2214 gratiﬁcatur,
1934 2145 2066 2199 dum

487 2233 643 2288 illum
679 2234 924 2304 ﬂagello,
951 2235 1101 2290 hunc
1131 2251 1384 2292 sermone
1420 2254 1578 2292 usum
1613 2255 1736 2293 esse
1771 2240 1824 2292 in
1863 2240 2068 2309 templo

486 2339 517 2377 a
544 2324 827 2395 sacrilegis
852 2325 1318 2381 nundinatoribus
1343 2328 1628 2399 purgando
1650 2329 1785 2384 dicit
1814 2349 1826 2383 :
1856 2338 1917 2384 ut
1941 2330 2069 2384 hinc

486 2431 714 2470 necesse
754 2417 845 2481 sit,
883 2417 1188 2472 secundum
1231 2418 1609 2488 proverbium,
1649 2428 1707 2472 ut
1742 2435 1808 2474 ex
1851 2419 2070 2474 duobus

488 2510 814 2564 alterutrum
861 2518 1200 2576 statuamus,
1237 2521 1332 2566 aut
1376 2522 1436 2566 ut
1476 2513 1744 2567 Dominus
1785 2523 1974 2566 noster
2015 2519 2072 2567 et

488 2603 636 2658 Deus
670 2604 946 2658 mitiorem
981 2604 1272 2662 medicina:
1302 2606 1445 2660 viam
1490 2606 1852 2676 ignoraverit,
1884 2614 1979 2660 aut
2012 2614 2073 2660 ut

491 2704 714 2750 sanctus
739 2696 1075 2750 Athanasius
1102 2697 1390 2751 modorum
1423 2698 1722 2768 spiritualis
1749 2714 1895 2752 curae
1922 2698 2076 2769 igna-

491 2801 609 2848 rus,
638 2785 1039 2854 intempestivae
1074 2786 1407 2840 humanitati
1450 2787 1764 2841 indulserit.
1798 2786 1906 2841 Sed
1946 2801 2073 2841 cum

494 2879 636 2933 ratio
669 2892 863 2931 eorum
898 2894 1021 2948 quae
1050 2879 1265 2947 egimus
1295 2879 1464 2948 judcx
1500 2879 1555 2933 in
1588 2878 1747 2932 nobis
1775 2886 2072 2943 commota,

495 2978 752 3040 tanquam
796 2971 851 3024 in
890 2971 1015 3024 vivo
1047 2972 1233 3041 aliquo
1269 2973 1474 3041 templo
1507 2979 1564 3026 et
1594 2973 1866 3035 animato,
1900 2971 2075 3042 pcenio

495 3062 721 3116 tentiam
745 3061 964 3117 delictis
991 3077 1179 3131 parem
1209 3070 1485 3123 exerceat.
1509 3077 1610 3131 per
1632 3077 1796 3130 quam
1824 3061 2078 3116 Christus
2106 3055 2152 3116 C

500 3155 642 3209 Deus
678 3164 736 3209 et
764 3170 945 3209 sermo
985 3170 1203 3224 semper
1235 3169 1337 3208 nos
1376 3153 1538 3209 caedit
1569 3161 1881 3226 peccantes,
1908 3152 2081 3208 veluti

500 3255 645 3300 torto
688 3245 902 3316 ﬂagello
950 3262 1111 3312 usus,
1155 3245 1271 3315 ipsa
1320 3245 1579 3300 videlicet
1624 3246 1964 3300 conscientia
2015 3261 2082 3300 ex

499 3354 666 3408 prave
689 3354 754 3392 ac
775 3353 1065 3408 perperam
1092 3339 1345 3410 cogitatis
1368 3348 1424 3394 et
1447 3339 1788 3394 facinoribus
1809 3346 2080 3402 contorta,

500 3439 723 3486 sanctus
752 3445 888 3486 vero
919 3431 1254 3486 Athanasius
1291 3431 1492 3486 leniter
1529 3431 1596 3486 ad
1639 3431 2084 3488 emendationem

499 3523 808 3579 deducebat
847 3532 1168 3593 peccantes,
1203 3524 1406 3593 quippe
1445 3523 1538 3593 qui
1583 3524 1700 3592 ipse
1743 3522 2081 3577 inﬁrmitatis

499 3630 665 3670 carne
693 3615 920 3670 indutus
941 3625 1109 3680 esset,
1131 3623 1423 3685 propterea
1447 3615 1696 3670 divinum
1721 3615 1870 3670 hunc
1894 3615 2084 3670 docto—

500 3723 618 3764 rem
648 3707 855 3778 tropice
878 3718 934 3764 et
957 3723 1056 3788 per
1080 3707 1309 3784 ﬁguram
1333 3708 1450 3764 hac
1471 3707 1635 3762 verba
1661 3707 1902 3764 arbitror
1924 3723 2086 3766 usur-

499 3815 686 3875 passe.

502 4097 759 4170 Ejusdem
788 4111 854 4150 ex
883 4111 1128 4150 sermone
1153 4093 1500 4163 extemporali
1526 4094 1596 4147 ad
1619 4093 2006 4159 Eunomianos,
2031 4095 2087 4146 in

574 4190 712 4244 illud
744 4206 762 4244 :
800 4207 819 4240 ι
853 4187 990 4244 Sunt
1018 4204 1178 4269 enim,
1202 4195 1324 4242 sunt
1354 4186 1540 4258 quibus
1573 4187 1786 4241 auditus
1821 4196 1869 4248 et
1903 4186 2086 4262 lingua

575 4280 825 4350 pruriunt
847 4289 894 4332 ο.
929 4297 947 4329 ι

2182 1472 2276 1524 Ἐκ
2319 1473 2426 1526 τοῦ
2465 1475 2652 1528 αὑτοῦ
2680 1476 2891 1543 λόγου,
2920 1480 3007 1542 εἰς
3054 1479 3141 1537 τὸ,
3182 1495 3200 1528 ι
3231 1479 3504 1547 Καθαίρει
3539 1480 3659 1549 μὲν
3688 1480 3748 1533 τὸ

2241 1565 2404 1631 ἱερὸν
2456 1565 2576 1618 τῶν
2634 1567 3028 1634 θεοκαπήλων
3101 1569 3200 1622 καί
3280 1573 3746 1640 χριστεμοτόίωγ,

2238 1656 2407 1723 πλὴν
2460 1656 2612 1710 ὅσον
2657 1660 2729 1712 οὺ
2766 1662 3108 1728 φραγελυῳ
3155 1662 3415 1729 πλωτῷ,
3477 1667 3643 1734 λόγῳ
3686 1666 3750 1717 δὲ

2245 1748 2469 1814 πιθανῷ
2487 1749 2661 1803 τοῦτο
2690 1751 2988 1820 ἐργάζεται
3011 1754 3107 1824 (7).
3120 1773 3138 1806 ι

2243 1882 2379 1937 Οὔτε
2419 1881 2860 1954 στυπτικώτερον
2894 1887 2952 1938 ἐν
2980 1886 3212 1950 τούτοις,
3244 1888 3318 1951 ὥς
3347 1907 3495 1950 τινες
3523 1891 3752 1960 ὕπειλῆ-

2173 1996 2326 2046 φασι,
2356 1977 2450 2031 τοῦ
2499 1977 2775 2048 μακαρίου
2823 1979 3036 2050 Πατρὸς
3075 1980 3393 2034 Ἀθανασίου
3423 1983 3516 2035 τὸν
3550 1983 3752 2052 Κύριον

2171 2068 2331 2138 ἡμῶν
2364 2069 2456 2120 καὶ
2489 2067 2621 2119 Θεὸν
2673 2067 3064 2122 ἀποδείκνυσιν
3083 2072 3111 2123 ό
3141 2071 3388 2140 ἀοίδιμος
3416 2068 3575 2134 οὗτος
3607 2074 3751 2126 διδάο

2176 2161 2392 2224 σκαλος,
2453 2160 2526 2229 μὴ
2576 2159 2807 2228 γένοιτο.
2855 2159 2978 2214 οὔτε
3029 2163 3139 2232 μὴν
3203 2166 3638 2233 καταχαρίζεται
3678 2167 3750 2235 τῷ

2174 2253 2315 2322 ἁγίῳ
2350 2252 2657 2322 Ἀθανασίῳ
2685 2251 2764 2321 τῷ
2785 2252 2877 2306 τὸν
2906 2254 3004 2319 μὲν
3037 2256 3372 2326 φραγελλίῳ,
3402 2257 3495 2310 τὸν
3533 2259 3590 2311 δὲ
3612 2259 3755 2328 λόγῳ

2175 2342 2550 2413 χρησάμενον,
2587 2341 2875 2411 καθαίρειν
2923 2344 2985 2396 τὸ
3040 2345 3186 2414 ἱερὸν
3241 2345 3350 2398 τῶν
3400 2347 3757 2417 θεοκαπήλων

2177 2438 2372 2489 εἱς-εῖν.
2409 2434 2499 2498 Ὠς
2546 2435 2798 2505 ἀνάγκην
2845 2438 2910 2489 ἐκ
2951 2439 3159 2490 τούτων
3209 2435 3380 2503 εἶναι,
3430 2441 3574 2493 κατά
3631 2444 3756 2504 τοὺς

2177 2533 2456 2601 λέγοντας,
2492 2532 2639 2585 δυοῖν
2669 2531 2899 2603 θάτερον
2933 2534 3336 2604 ὑποληφθῆναι,
3367 2536 3398 2604 ἦ
3432 2537 3522 2588 τὸν
3551 2537 3761 2608 Κύριον

2178 2624 2336 2694 ήμῶν
2359 2622 2452 2677 καὶ
2493 2621 2626 2676 Θεὸν
2649 2621 2750 2693 τὴν
2784 2625 3226 2694 προσηνεστέραν
3266 2627 3602 2696 ἠγνοηκέναι
3638 2629 3763 2697 μέθ-

2184 2717 2304 2770 οδον
2362 2717 2462 2787 τῆς
2492 2716 2758 2788 ίατρείας,
2785 2715 2818 2786 ἢ
2844 2717 2935 2770 τὸν
2963 2718 3118 2785 ἆγιον
3150 2718 3468 2774 ’Δθανάσιον
3498 2721 3572 2790 μὴ
3604 2721 3765 2788 γινώ-

2183 2827 2381 2864 σκοντα
2427 2809 2528 2880 τῆς
2570 2810 2951 2880 πνευματικῆς
2992 2810 3314 2881 ἐπιμελείας
3353 2813 3481 2876 τοὺς
3527 2815 3765 2883 τρόπους

2183 2900 2600 2971 φιλανθρωπίαν
2630 2901 2864 2973 ἄκαιρον
2901 2901 3165 2972 μετιέναι.
3208 2904 3352 2957 Ἀλλ’
3378 2905 3568 2974 ἐπειδὴ
3593 2908 3623 2958 ὁ
3653 2907 3770 2960 δια-

2183 2992 2488 3062 γνωστικὸς
2512 2991 2670 3061 λόγος
2694 2986 2769 3046 ὧν
2817 2994 3188 3065 πεπράχαμεν
3223 2997 3281 3048 ἐν
3315 2998 3450 3065 ἡμῖν
3477 2998 3769 3050 ἀνακινοὺο

2185 3101 2369 3155 μενος,
2398 3078 2510 3137 οἷον
2541 3084 2673 3155 ίερῷ
2701 3102 2808 3137 τινι
2835 3085 3069 3156 ἐμψύχῳ
3106 3104 3168 3140 τε
3211 3088 3306 3141 καὶ
3339 3089 3525 3153 ζῶντι,
3570 3090 3774 3143 ἀναλο-

2181 3172 2388 3240 γοῦσαν
2419 3175 2532 3236 τοῖς
2563 3173 3008 3244 πλημμεληθεῖσι
3044 3178 3417 3247 μεταμέλειαν
3447 3180 3775 3250 ἐργάζεται.

2181 3264 2249 3318 δι’
2280 3259 2349 3335 ἦς
2382 3263 2618 3335 Χριστὸς
2647 3267 2676 3318 ὀ
2707 3265 2844 3329 Θεὸς
2886 3266 2982 3319 καὶ
3026 3268 3199 3336 Λόγος
3250 3271 3337 3323 ἀεὶ
3383 3271 3576 3324 τύπτει
3619 3275 3782 3342 ἡμᾶς

2183 3364 2617 3436 ἁμαρτάνοντας,
2648 3364 2881 3418 πλεκτὸν
2906 3364 3098 3436 ὥσπερ
3122 3364 3262 3435 ἔχων
3295 3365 3650 3434 φραγέλλιον,
3673 3367 3782 3417 αὖε

2185 3457 2286 3524 τὴν
2319 3456 2475 3528 ἡμῶν
2506 3457 2606 3528 τὴν
2650 3457 2707 3524 ἐξ
2756 3457 2978 3510 ἀτόπων
3008 3456 3231 3509 ἐννοιῶν
3265 3456 3782 3526 συμπεπλεγμένην

2188 3549 2280 3602 καὶ
2309 3547 2487 3618 ἔργων
2518 3549 2842 3619 συνείδησιν,
2876 3551 2906 3601 ὁ
2944 3548 3000 3601 δέ
3040 3549 3197 3616 ᾰγιος
3235 3547 3555 3610 Ἀθανάσιος
3590 3548 3782 3615 ἠπίως

2187 3639 2316 3702 τοὺς
2349 3640 2641 3704 πταίοντας
2686 3640 2850 3709 ἐνῆγε
2876 3639 3015 3710 πρὸς
3040 3640 3350 3712 διόρθωσιν,
3382 3639 3457 3701 ὡς
3483 3641 3582 3692 καὶ
3614 3639 3782 3702 αὐτὰ

2186 3731 2474 3794 ἀσθενείας
2497 3731 2677 3802 σάρκα
2708 3734 3110 3802 περικείμενος,
3138 3731 3328 3785 τούτου
3350 3732 3514 3801 χάριν
3538 3730 3624 3800 τῷ
3653 3731 3780 3799 τρόπ-

2183 3837 2274 3890 πῳ
2323 3818 2500 3890 τούτῳ
2546 3820 2624 3890 τῷ
2671 3820 2815 3893 λόγῳ
2853 3821 3093 3893 χρίσθαι
3126 3821 3218 3876 τὸν
3261 3821 3532 3891 θεόφρονα
3578 3821 3777 3875 τοῦτον

2181 3907 2333 3983 οἶμαι
2366 3913 2704 3968 διδάσκαλον.

2111 4031 2183 4050 —

2194 4091 2310 4147 Τοῦ
2340 4094 2530 4148 αὐτοῦ
2556 4093 2626 4148 ἐκ
2663 4093 2772 4148 τοῦ
2799 4093 3274 4163 σχεδιασθέντος
3298 4093 3449 4158 aper
3475 4095 3787 4162 Εὐνομία-

2259 4185 2408 4252 γοὺς
2444 4187 2656 4255 λόγου,
2707 4187 2797 4252 εἰς
2843 4186 2934 4252 τὸ,
2971 4204 2991 4236 σ
3023 4187 3158 4240 Εἰσὶ
3200 4184 3332 4255 γὰρ,
3379 4185 3501 4238 εἰσί
3527 4202 3702 4250 τινες
3732 4189 3787 4239 οι

2258 4278 2374 4344 τὴν
2409 4279 2607 4345 ἀκοὴν
2634 4279 2996 4348 κνηθόμενοι
3034 4278 3132 4331 καὶ
3172 4276 3286 4343 τὴν
3317 4275 3593 4345 γλῶτταν
3625 4277 3732 4345 (8).
3765 4297 3783 4326 ι

574 4390 677 4460 Qui
712 4389 868 4449 circa
894 4390 1170 4446 vocabula
1194 4399 1566 4446 exercuerunt
1595 4390 1797 4454 studia,
1833 4405 1936 4444 nec
1968 4391 2077 4444 vul-

2261 4390 2432 4444 Φασὶν
2461 4391 2511 4443 οἱ
2542 4390 2671 4460 περὶ
2704 4389 2901 4458 λόγους
2949 4387 3309 4458 ἐσχολακότες
3337 4387 3431 4440 καὶ
3459 4385 3562 4449 τὰς
3599 4388 3792 4439 αὐτῶν

503 4497 692 4555 garem
731 4481 836 4536 sibi
878 4481 1006 4536 inde
1045 4482 1276 4552 gloriam
1318 4489 1675 4551 pepererunt,
1702 4489 1759 4535 et
1797 4490 2087 4536 accuratas

505 4584 698 4629 eorum
738 4569 1094 4641 signiﬁcatus.
1117 4571 1530 4640 pernoscendos
1564 4580 1623 4625 et
1651 4571 1731 4625 rei
1767 4586 1928 4626 suum
1964 4571 2088 4626 cui-

507 4678 614 4732 que
665 4670 721 4716 et
761 4664 1100 4718 conveniens
1135 4664 1463 4718 vocabulum
1505 4663 1919 4719 attribuendum
1967 4681 2090 4722 esse

508 4762 779 4820 statuunt,
805 4755 954 4825 quod
984 4756 1380 4826 proprietatem
1415 4764 1606 4814 contra
1637 4757 1872 4828 quodvis
1899 4758 2092 4814 aliena:

509 4847 950 4920 signiﬁcationis,
982 4863 1208 4918 quoquo
1241 4848 1406 4902 modo
1435 4849 1643 4904 dictum
1675 4851 1768 4917 sit,
1806 4867 2003 4922 puram
2036 4859 2092 4906 et

513 4939 895 4996 intaminatam
936 4949 1178 5005 tueatur,
1215 4940 1272 4994 bi
1317 4940 1459 4998 bene
1503 4941 1646 5000 illud.
1683 4958 1742 4997 se
1786 4943 1993 4999 habere
2036 4954 2094 4999 et

511 5030 808 5099 prurientes
834 5028 1019 5090 auditu
1046 5036 1097 5082 et
1122 5028 1304 5101 lingua
1333 5043 1455 5086 esse
1478 5030 1574 5100 qui
1603 5033 1732 5087 novi
1762 5033 1970 5104 aliquid
1997 5049 2096 5089 au-

512 5118 634 5172 dire
661 5118 754 5174 vel
774 5118 962 5175 dicere
991 5119 1248 5194 cupiant,
1264 5119 1470 5190 quique
1501 5135 1719 5190 semper
1741 5122 1900 5177 novis
1929 5123 2097 5184 rebus

2191 4480 2443 4554 ἀκριϐεῖς
2491 4481 2771 4552 σημασίας
2826 4478 3143 4549 γινώσκειν,
3187 4479 3345 4541 κλέος
3395 4478 3458 4530 οὐ
3503 4479 3570 4530 τὸ
3620 4480 3793 4547 τυχὸν

2192 4573 2577 4645 ποιησάμενοι,
2617 4573 2715 4626 καὶ
2750 4572 2966 4642 ἑκάστῳ
2996 4571 3286 4642 πράγματι
3318 4570 3502 4638 φωνὴν
3532 4570 3794 4639 πρόες-κα.

2195 4681 2289 4736 ρον
2343 4664 2453 4717 δεῖν
2518 4661 2915 4732 ἀπονέμεσθαι,
2976 4659 3393 4732 παραστατικὴν
3465 4659 3568 4728 τῆς
3647 4660 3797 4728 πρὸς

2194 4755 2374 4810 ὁτιοῦν
2417 4756 2612 4826 (181
2651 4755 2712 4825 ὁ)
2741 4753 2904 4809 ἄλλον
2937 4753 3032 4806 τοῦ
3073 4752 3504 4823 σημαινομένου,
3543 4749 3676 4803 καθ’
3706 4751 3799 4802 ὀνο

2196 4867 2322 4906 τινα
2371 4850 2574 4922 τρόπον
2625 4849 2778 4919 τύχοι
2829 4848 3143 4918 λεγόμενον,
3197 4845 3434 4916 ἀμιγοῦς
3493 4844 3798 4915 ἰδιότητος,

2199 4942 2383 5006 καλῶς
2424 4943 2572 5013 ἔχειν
2638 4940 3074 5010 ἀποφηνάμενοι,
3122 4937 3534 5005 κνηθομένους
3580 4936 3640 4990 δὲ
3681 4937 3805 5003 τὴν

2200 5033 2398 5101 ἀκοὴν
2430 5031 2674 5099 καὶπὴν
2702 5031 2994 5101 γλῶσσαν
3032 5026 3172 5083 εἶναι
3217 5029 3348 5091 τοὺς
3378 5026 3716 5097 καινότερόν
3751 5045 3804 5079 τι

2206 5125 2499 5196 μανθάνειν
2528 5124 2562 5195 ἢ
2593 5124 2774 5192 λέγειν
2795 5123 3101 5189 ἐθέλοντας,
3153 5122 3248 5175 καὶ
3271 5121 3359 5174 ἀεὶ
3388 5123 3507 5183 ταῖς
3541 5137 3808 5173 καινοτο-

513 5211 810 5267 moliendis
830 5210 1123 5284 gaudeant.
1141 5220 1199 5269 et
1221 5213 1506 5277 terminos,
1526 5220 1588 5270 ut
1609 5228 1868 5284 expresse
1891 5215 2077 5272 dicam

2207 5219 2363 5290 μίαις
2395 5218 2712 5289 χαίροντας,
2763 5217 2859 5270 καὶ
2898 5218 3024 5288 ὅρια
3070 5215 3551 5286 μετατιθεμένους,
3589 5232 3808 5285 γραφιο

516 5310 879 5372 transponant
907 5317 1047 5372 quos
1077 5310 1272 5372 patres.
1294 5302 1380 5357 sui
1414 5303 1861 5370 collocaverunt,
1891 5307 2077 5376 quiqui

2205 5313 2319 5375 κῶς
2369 5313 2566 5378 εἰπεῖν,
2599 5310 2638 5366 ἀ
2683 5311 2869 5365 ἔθεντο
2919 5311 2972 5363 οἱ
3013 5310 3252 5380 πατέρες
3296 5309 3498 5371 αὐτῶν,
3553 5310 3658 5362 καὶ
3691 5311 3810 5369 τοῖς

518 5395 836 5454 recentibus
883 5403 942 5456 et
981 5394 1259 5455 inusitatis
1299 5395 1646 5454 delectentur
1686 5407 1990 5470 contraque
2034 5416 2077 5456 e:

2208 5403 2542 5474 προσφάτοις
2581 5403 2676 5460 καὶ
2720 5401 2892 5467 ξένοις
2920 5401 3242 5474 ἡδομένους,
3273 5401 3370 5455 καὶ
3397 5400 3506 5453 τῶν
3538 5402 3809 5472 συνήθων

589 5543 614 5571 ⁸
658 5531 822 5587 Marc.
857 5547 931 5598 lx,
962 5533 1049 5589 Μ.
1125 5532 1152 5572 δ
1185 5533 1376 5588 Matth.
1404 5551 1512 5599 xm,
1547 5534 1632 5588 19..
1712 5545 1734 5573 ε
1772 5535 1815 5590 ll
1851 5536 1992 5590 Tim.
2031 5553 2103 5600 iv,
2133 5539 2184 5592 ’5.

613 5649 669 5717 7)
694 5649 852 5723 idem
891 5649 1023 5704 ibid.
1063 5665 1182 5721 cap.
1223 5652 1312 5716 51,
1351 5667 1406 5721 p.
1440 5651 1561 5720 406,
1600 5661 1732 5709 ιοιη.
1761 5653 1800 5720 1,
1831 5651 1968 5723 Opp.
2004 5653 2093 5708 ed.

613 5649 669 5717 7)
705 5649 852 5704 Idem
891 5649 1023 5704 ibid.
1063 5665 1182 5721 cap.
1223 5652 1312 5716 51,
1351 5667 1406 5721 p.
1440 5651 1561 5720 406,
1600 5661 1732 5709 ιοιη.
1761 5653 1800 5720 1,
1831 5651 1968 5723 Opp.
2004 5653 2093 5708 ed.
2279 5653 2352 5716 (8)
2378 5651 2540 5719 Greg.
2569 5651 2696 5704 Naz.
2731 5650 2822 5704 0r.
2861 5648 3148 5720 theologica
3181 5649 3222 5711 1,
3260 5649 3384 5701 adv.
3414 5646 3812 5701 Eunomianos

522 5719 730 5779 Bencd.
2207 5738 2326 5779 can.
2365 5723 2410 5779 Ι,
2439 5737 2491 5779 n.
2529 5721 2654 5779 487.
2686 5729 2817 5776 tom.
2857 5721 2875 5776 l
2911 5720 3049 5779 Onn.
3084 5720 3218 5776 edit.
3251 5717 3454 5774 Bcncd.

566 5736 730 5776 enea.

2207 5738 2326 5792 cap.
2365 5723 2410 5785 Ι,
2439 5717 2654 5791 ρξ’487,
2686 5729 2817 5776 tom.
2857 5721 2875 5776 l
2911 5717 3049 5791 Oppi
3084 5720 3218 5776 edit.
3251 5717 3454 5774 Bcncd.
