  <div class='ocr_page' id='page_1' title='image "/cluster/home/n/w/nwhite01/storage/ocr_20150623/91/hvd.32044052742962/608.png"; bbox 0 0 3984 6198; ppageno 0'>
   <div class='ocr_carea' id='block_1_1' title="bbox 307 239 446 311">
    <p class='ocr_par' dir='ltr' id='par_1_1' title="bbox 307 239 446 311">
     <span class='ocr_line' id='line_1_1' title="bbox 307 239 446 311; baseline -0.007 0"><span class='ocrx_word' id='word_1_1' title='bbox 307 239 446 311; x_wconf 71' lang='lat'><strong>1209</strong></span> 
     </span>
    </p>
   </div>
   <div class='ocr_carea' id='block_1_2' title="bbox 1547 255 2364 323">
    <p class='ocr_par' dir='ltr' id='par_1_2' title="bbox 1547 255 2364 323">
     <span class='ocr_line' id='line_1_2' title="bbox 1547 255 2364 323; baseline 0.01 -8"><span class='ocrx_word' id='word_1_2' title='bbox 1547 255 2072 319; x_wconf 79' lang='lat' dir='ltr'><strong>AMBIGUORUM</strong></span> <span class='ocrx_word' id='word_1_3' title='bbox 2112 260 2364 323; x_wconf 85' lang='lat' dir='ltr'><strong>LIBER.</strong></span> 
     </span>
    </p>
   </div>
   <div class='ocr_carea' id='block_1_3' title="bbox 3440 267 3575 333">
    <p class='ocr_par' dir='ltr' id='par_1_3' title="bbox 3440 267 3575 333">
     <span class='ocr_line' id='line_1_3' title="bbox 3440 267 3575 333; baseline 0.007 -1"><span class='ocrx_word' id='word_1_4' title='bbox 3440 267 3575 333; x_wconf 74' lang='lat'><strong>1210</strong></span> 
     </span>
    </p>
   </div>
   <div class='ocr_carea' id='block_1_4' title="bbox 303 364 1898 453">
    <p class='ocr_par' dir='ltr' id='par_1_4' title="bbox 303 364 1894 442">
     <span class='ocr_line' id='line_1_4' title="bbox 303 364 1894 442; baseline 0.004 -22"><span class='ocrx_word' id='word_1_5' title='bbox 303 367 399 420; x_wconf 68' lang='grc' dir='ltr'><strong>καὶ</strong></span> <span class='ocrx_word' id='word_1_6' title='bbox 427 364 594 420; x_wconf 84' lang='grc' dir='ltr'>πάλαι</span> <span class='ocrx_word' id='word_1_7' title='bbox 619 367 914 441; x_wconf 79' lang='grc' dir='ltr'><strong>γνωρίμων</strong></span> <span class='ocrx_word' id='word_1_8' title='bbox 938 367 1032 422; x_wconf 70' lang='grc' dir='ltr'>καὶ</span> <span class='ocrx_word' id='word_1_9' title='bbox 1062 368 1322 432; x_wconf 75' lang='grc' dir='ltr'>ὡσαύτως</span> <span class='ocrx_word' id='word_1_10' title='bbox 1347 369 1582 442; x_wconf 86' lang='grc' dir='ltr'>ἐχόντων</span> <span class='ocrx_word' id='word_1_11' title='bbox 1610 372 1685 435; x_wconf 88' lang='grc' dir='ltr'><strong>ὡς</strong></span> <span class='ocrx_word' id='word_1_12' title='bbox 1711 371 1894 426; x_wconf 88' lang='grc' dir='ltr'>ἐώλων</span> 
     </span>
    </p>
   </div>
   <div class='ocr_carea' id='block_1_5' title="bbox 2000 364 3578 453">
    <p class='ocr_par' dir='ltr' id='par_1_5' title="bbox 2000 367 3578 453">
     <span class='ocr_line' id='line_1_5' title="bbox 2000 367 3578 453; baseline 0.005 -25"><span class='ocrx_word' id='word_1_13' title='bbox 2000 390 2121 444; x_wconf 66' lang='lat' dir='ltr'><strong>quae</strong></span> <span class='ocrx_word' id='word_1_14' title='bbox 2154 367 2394 448; x_wconf 80' lang='lat' dir='ltr'><strong>vulgaris</strong></span> <span class='ocrx_word' id='word_1_15' title='bbox 2431 393 2565 433; x_wconf 92' lang='lat' dir='ltr'><strong>usus</strong></span> <span class='ocrx_word' id='word_1_16' title='bbox 2607 385 2738 433; x_wconf 92' lang='lat' dir='ltr'><strong>sunt</strong></span> <span class='ocrx_word' id='word_1_17' title='bbox 2770 386 2827 435; x_wconf 91' lang='lat' dir='ltr'><strong>et</strong></span> <span class='ocrx_word' id='word_1_18' title='bbox 2859 381 3073 452; x_wconf 98' lang='lat' dir='ltr'><strong>pridem</strong></span> <span class='ocrx_word' id='word_1_19' title='bbox 3117 383 3333 453; x_wconf 86' lang='lat' dir='ltr'><strong>cognita</strong></span> <span class='ocrx_word' id='word_1_20' title='bbox 3373 394 3428 436; x_wconf 81' lang='lat' dir='ltr'><strong>et</strong></span> <span class='ocrx_word' id='word_1_21' title='bbox 3466 401 3578 438; x_wconf 90' lang='lat' dir='ltr'><strong>non</strong></span> 
     </span>
    </p>
   </div>
   <div class='ocr_carea' id='block_1_6' title="bbox 305 455 1890 528">
    <p class='ocr_par' dir='ltr' id='par_1_6' title="bbox 305 455 1890 528">
     <span class='ocr_line' id='line_1_6' title="bbox 305 455 1890 528; baseline 0.003 -19"><span class='ocrx_word' id='word_1_22' title='bbox 305 455 403 510; x_wconf 79' lang='grc' dir='ltr'>καὶ</span> <span class='ocrx_word' id='word_1_23' title='bbox 449 457 858 528; x_wconf 70' lang='grc' dir='ltr'><strong>πεπατημένων</strong></span> <span class='ocrx_word' id='word_1_24' title='bbox 897 459 993 512; x_wconf 80' lang='grc' dir='ltr'>καὶ</span> <span class='ocrx_word' id='word_1_25' title='bbox 1020 458 1249 528; x_wconf 75' lang='grc' dir='ltr'>μηδενὸς</span> <span class='ocrx_word' id='word_1_26' title='bbox 1278 459 1466 524; x_wconf 83' lang='grc' dir='ltr'>ἀξίων,</span> <span class='ocrx_word' id='word_1_27' title='bbox 1501 460 1890 526; x_wconf 76' lang='grc' dir='ltr'>κατεξανιστα-</span> 
     </span>
    </p>
   </div>
   <div class='ocr_carea' id='block_1_7' title="bbox 309 545 1893 618">
    <p class='ocr_par' dir='ltr' id='par_1_7' title="bbox 309 545 1893 618">
     <span class='ocr_line' id='line_1_7' title="bbox 309 545 1893 618; baseline 0.003 -21"><span class='ocrx_word' id='word_1_28' title='bbox 309 555 526 616; x_wconf 79' lang='grc' dir='ltr'>μένους,</span> <span class='ocrx_word' id='word_1_29' title='bbox 570 545 669 600; x_wconf 72' lang='grc' dir='ltr'>καὶ</span> <span class='ocrx_word' id='word_1_30' title='bbox 719 546 919 616; x_wconf 74' lang='grc' dir='ltr'>μᾶλλον</span> <span class='ocrx_word' id='word_1_31' title='bbox 972 546 1043 599; x_wconf 91' lang='grc' dir='ltr'><strong>τά</strong></span> <span class='ocrx_word' id='word_1_32' title='bbox 1075 547 1389 618; x_wconf 85' lang='grc' dir='ltr'>νεαρώτερα</span> <span class='ocrx_word' id='word_1_33' title='bbox 1422 548 1893 618; x_wconf 84' lang='grc' dir='ltr'>προσδεχομένους</span> 
     </span>
    </p>
   </div>
   <div class='ocr_carea' id='block_1_8' title="bbox 307 637 1892 710">
    <p class='ocr_par' dir='ltr' id='par_1_8' title="bbox 307 637 1892 710">
     <span class='ocr_line' id='line_1_8' title="bbox 307 637 1892 710; baseline 0.001 -20"><span class='ocrx_word' id='word_1_34' title='bbox 307 637 620 701; x_wconf 78' lang='grc' dir='ltr'><strong>ἀσπασίως,</strong></span> <span class='ocrx_word' id='word_1_35' title='bbox 668 637 773 691; x_wconf 78' lang='grc' dir='ltr'>κᾶν</span> <span class='ocrx_word' id='word_1_36' title='bbox 814 637 988 707; x_wconf 83' lang='grc' dir='ltr'>ψευδῆ</span> <span class='ocrx_word' id='word_1_37' title='bbox 1033 637 1250 709; x_wconf 83' lang='grc' dir='ltr'><strong>τύχοιεν</strong></span> <span class='ocrx_word' id='word_1_38' title='bbox 1283 638 1436 703; x_wconf 80' lang='grc' dir='ltr'>ὅντα,</span> <span class='ocrx_word' id='word_1_39' title='bbox 1484 639 1580 692; x_wconf 73' lang='grc' dir='ltr'>καὶ</span> <span class='ocrx_word' id='word_1_40' title='bbox 1620 640 1892 710; x_wconf 82' lang='grc' dir='ltr'>μηδεμίαν</span> 
     </span>
    </p>
   </div>
   <div class='ocr_carea' id='block_1_9' title="bbox 307 727 1894 802">
    <p class='ocr_par' dir='ltr' id='par_1_9' title="bbox 307 727 1894 802">
     <span class='ocr_line' id='line_1_9' title="bbox 307 727 1894 802; baseline 0.002 -21"><span class='ocrx_word' id='word_1_41' title='bbox 307 730 390 793; x_wconf 91' lang='grc' dir='ltr'><strong>είς</strong></span> <span class='ocrx_word' id='word_1_42' title='bbox 416 730 596 800; x_wconf 77' lang='grc' dir='ltr'>ψυχὴν</span> <span class='ocrx_word' id='word_1_43' title='bbox 627 729 1013 783; x_wconf 76' lang='grc' dir='ltr'>διαϐαίνουσαν</span> <span class='ocrx_word' id='word_1_44' title='bbox 1045 729 1314 799; x_wconf 84' lang='grc' dir='ltr'>ὠφέλειαν</span> <span class='ocrx_word' id='word_1_45' title='bbox 1355 731 1568 800; x_wconf 79' lang='grc' dir='ltr'>ἔχοντα.</span> <span class='ocrx_word' id='word_1_46' title='bbox 1608 731 1781 801; x_wconf 80' lang='grc' dir='ltr'>’Υπὲρ</span> <span class='ocrx_word' id='word_1_47' title='bbox 1823 727 1894 802; x_wconf 78' lang='grc' dir='ltr'>ἧς</span> 
     </span>
    </p>
   </div>
   <div class='ocr_carea' id='block_1_10' title="bbox 311 819 1892 892">
    <p class='ocr_par' dir='ltr' id='par_1_10' title="bbox 311 819 1892 892">
     <span class='ocr_line' id='line_1_10' title="bbox 311 819 1892 892; baseline 0 -18"><span class='ocrx_word' id='word_1_48' title='bbox 311 820 549 892; x_wconf 83' lang='grc' dir='ltr'>μάλιστα</span> <span class='ocrx_word' id='word_1_49' title='bbox 605 821 716 884; x_wconf 80' lang='grc' dir='ltr'>πᾶς</span> <span class='ocrx_word' id='word_1_50' title='bbox 763 819 993 890; x_wconf 81' lang='grc' dir='ltr'>εὐσεϐὴς</span> <span class='ocrx_word' id='word_1_51' title='bbox 1057 820 1212 889; x_wconf 83' lang='grc' dir='ltr'><strong>λόγος</strong></span> <span class='ocrx_word' id='word_1_52' title='bbox 1251 823 1349 874; x_wconf 71' lang='grc' dir='ltr'>καὶ</span> <span class='ocrx_word' id='word_1_53' title='bbox 1403 821 1564 884; x_wconf 84' lang='grc' dir='ltr'><strong>πόνος</strong></span> <span class='ocrx_word' id='word_1_54' title='bbox 1615 823 1892 892; x_wconf 80' lang='grc' dir='ltr'><strong>σωτήριος</strong></span> 
     </span>
    </p>
   </div>
   <div class='ocr_carea' id='block_1_11' title="bbox 307 911 1892 984">
    <p class='ocr_par' dir='ltr' id='par_1_11' title="bbox 307 911 1892 984">
     <span class='ocr_line' id='line_1_11' title="bbox 307 911 1892 984; baseline 0.002 -18"><span class='ocrx_word' id='word_1_55' title='bbox 307 911 494 983; x_wconf 78' lang='grc' dir='ltr'>ᾅδεται</span> <span class='ocrx_word' id='word_1_56' title='bbox 516 928 574 964; x_wconf 91' lang='grc' dir='ltr'><strong>τε</strong></span> <span class='ocrx_word' id='word_1_57' title='bbox 601 912 697 964; x_wconf 73' lang='grc' dir='ltr'>καὶ</span> <span class='ocrx_word' id='word_1_58' title='bbox 731 912 996 982; x_wconf 84' lang='grc' dir='ltr'>γράφεται</span> <span class='ocrx_word' id='word_1_59' title='bbox 1014 913 1110 966; x_wconf 66' lang='grc' dir='ltr'><strong>καλ⁵</strong></span> <span class='ocrx_word' id='word_1_60' title='bbox 1136 913 1538 984; x_wconf 77' lang='grc' dir='ltr'>ἐπιτηδεύεται.</span> <span class='ocrx_word' id='word_1_61' title='bbox 1565 915 1592 966; x_wconf 94' lang='lat'><strong>6</strong></span> <span class='ocrx_word' id='word_1_62' title='bbox 1623 917 1723 983; x_wconf 80' lang='grc' dir='ltr'>μὲν</span> <span class='ocrx_word' id='word_1_63' title='bbox 1749 917 1892 969; x_wconf 78' lang='grc' dir='ltr'>κατὰ</span> 
     </span>
    </p>
   </div>
   <div class='ocr_carea' id='block_1_12' title="bbox 307 1002 1892 1076">
    <p class='ocr_par' dir='ltr' id='par_1_12' title="bbox 307 1002 1892 1076">
     <span class='ocr_line' id='line_1_12' title="bbox 307 1002 1892 1076; baseline 0.002 -19"><span class='ocrx_word' id='word_1_64' title='bbox 307 1006 407 1075; x_wconf 88' lang='grc' dir='ltr'><strong>τῆς</strong></span> <span class='ocrx_word' id='word_1_65' title='bbox 433 1002 738 1072; x_wconf 86' lang='grc' dir='ltr'>ἀγνωσίας,</span> <span class='ocrx_word' id='word_1_66' title='bbox 765 1005 793 1056; x_wconf 92' lang='lat'><strong>6</strong></span> <span class='ocrx_word' id='word_1_67' title='bbox 819 1003 876 1056; x_wconf 82' lang='grc' dir='ltr'><strong>δέ</strong></span> <span class='ocrx_word' id='word_1_68' title='bbox 909 1003 1053 1057; x_wconf 86' lang='grc' dir='ltr'><strong>κατά</strong></span> <span class='ocrx_word' id='word_1_69' title='bbox 1082 1005 1182 1072; x_wconf 89' lang='grc' dir='ltr'><strong>τῆς</strong></span> <span class='ocrx_word' id='word_1_70' title='bbox 1216 1005 1414 1076; x_wconf 75' lang='grc' dir='ltr'>ἡδονῆς</span> <span class='ocrx_word' id='word_1_71' title='bbox 1455 1005 1841 1076; x_wconf 78' lang='grc' dir='ltr'>όπλιζόμενος,</span> <span class='ocrx_word' id='word_1_72' title='bbox 1865 1007 1892 1059; x_wconf 98' lang='lat'><strong>6</strong></span> 
     </span>
    </p>
   </div>
   <div class='ocr_carea' id='block_1_13' title="bbox 312 1095 1894 1169">
    <p class='ocr_par' dir='ltr' id='par_1_13' title="bbox 312 1095 1894 1169">
     <span class='ocr_line' id='line_1_13' title="bbox 312 1095 1894 1169; baseline 0 -19"><span class='ocrx_word' id='word_1_73' title='bbox 312 1095 410 1166; x_wconf 84' lang='grc' dir='ltr'>μὲν</span> <span class='ocrx_word' id='word_1_74' title='bbox 440 1096 526 1150; x_wconf 78' lang='grc' dir='ltr'>ἵνα</span> <span class='ocrx_word' id='word_1_75' title='bbox 546 1095 643 1165; x_wconf 88' lang='grc' dir='ltr'><strong>τῆς</strong></span> <span class='ocrx_word' id='word_1_76' title='bbox 675 1095 898 1164; x_wconf 79' lang='grc' dir='ltr'>ἀγνοίας</span> <span class='ocrx_word' id='word_1_77' title='bbox 928 1096 1178 1166; x_wconf 84' lang='grc' dir='ltr'>ἐκτεμὼν</span> <span class='ocrx_word' id='word_1_78' title='bbox 1218 1098 1284 1151; x_wconf 79' lang='grc' dir='ltr'>τὰ</span> <span class='ocrx_word' id='word_1_79' title='bbox 1321 1097 1636 1168; x_wconf 86' lang='grc' dir='ltr'>πηρώματα</span> <span class='ocrx_word' id='word_1_80' title='bbox 1663 1098 1763 1169; x_wconf 84' lang='grc' dir='ltr'><strong>τῆς</strong></span> <span class='ocrx_word' id='word_1_81' title='bbox 1790 1098 1894 1167; x_wconf 72' lang='grc' dir='ltr'>ψυ-</span> 
     </span>
    </p>
   </div>
   <div class='ocr_carea' id='block_1_14' title="bbox 307 1187 1893 1261">
    <p class='ocr_par' dir='ltr' id='par_1_14' title="bbox 307 1187 1893 1261">
     <span class='ocr_line' id='line_1_14' title="bbox 307 1187 1893 1261; baseline 0.001 -21"><span class='ocrx_word' id='word_1_82' title='bbox 307 1188 410 1258; x_wconf 90' lang='grc' dir='ltr'><strong>χῆς</strong></span> <span class='ocrx_word' id='word_1_83' title='bbox 436 1188 698 1258; x_wconf 83' lang='grc' dir='ltr'>οίκειώσῃ</span> <span class='ocrx_word' id='word_1_84' title='bbox 726 1187 847 1258; x_wconf 83' lang='grc' dir='ltr'><strong>Θεῷ</strong></span> <span class='ocrx_word' id='word_1_85' title='bbox 883 1188 973 1241; x_wconf 80' lang='grc' dir='ltr'>διὰ</span> <span class='ocrx_word' id='word_1_86' title='bbox 1011 1187 1267 1256; x_wconf 85' lang='grc' dir='ltr'>γνώσεως</span> <span class='ocrx_word' id='word_1_87' title='bbox 1319 1189 1418 1261; x_wconf 81' lang='grc' dir='ltr'>τὴν</span> <span class='ocrx_word' id='word_1_88' title='bbox 1451 1189 1710 1258; x_wconf 85' lang='grc' dir='ltr'>ἀλήθειαν</span> <span class='ocrx_word' id='word_1_89' title='bbox 1740 1189 1893 1260; x_wconf 78' lang='grc' dir='ltr'>ἕχον-</span> 
     </span>
    </p>
   </div>
   <div class='ocr_carea' id='block_1_15' title="bbox 306 1277 1894 1352">
    <p class='ocr_par' dir='ltr' id='par_1_15' title="bbox 306 1277 1894 1352">
     <span class='ocr_line' id='line_1_15' title="bbox 306 1277 1894 1352; baseline 0.001 -20"><span class='ocrx_word' id='word_1_90' title='bbox 306 1296 428 1342; x_wconf 90' lang='grc' dir='ltr'>τας,</span> <span class='ocrx_word' id='word_1_91' title='bbox 475 1279 604 1342; x_wconf 80' lang='grc' dir='ltr'>τοὺς</span> <span class='ocrx_word' id='word_1_92' title='bbox 655 1279 744 1332; x_wconf 85' lang='grc' dir='ltr'><strong>διά</strong></span> <span class='ocrx_word' id='word_1_93' title='bbox 777 1277 936 1333; x_wconf 86' lang='grc' dir='ltr'>τοῦτο</span> <span class='ocrx_word' id='word_1_94' title='bbox 963 1281 1077 1344; x_wconf 87' lang='grc' dir='ltr'>τοῖς</span> <span class='ocrx_word' id='word_1_95' title='bbox 1117 1281 1403 1352; x_wconf 79' lang='grc' dir='ltr'><strong>μαθήμασι</strong></span> <span class='ocrx_word' id='word_1_96' title='bbox 1453 1283 1765 1352; x_wconf 77' lang='grc' dir='ltr'>χαίροντας,</span> <span class='ocrx_word' id='word_1_97' title='bbox 1799 1282 1894 1334; x_wconf 77' lang='grc' dir='ltr'>καὶ</span> 
     </span>
    </p>
   </div>
   <div class='ocr_carea' id='block_1_16' title="bbox 309 1369 1894 1444">
    <p class='ocr_par' dir='ltr' id='par_1_16' title="bbox 309 1369 1894 1444">
     <span class='ocr_line' id='line_1_16' title="bbox 309 1369 1894 1444; baseline 0.002 -22"><span class='ocrx_word' id='word_1_98' title='bbox 309 1369 416 1422; x_wconf 86' lang='grc' dir='ltr'><strong>τῶν</strong></span> <span class='ocrx_word' id='word_1_99' title='bbox 450 1369 748 1440; x_wconf 79' lang='grc' dir='ltr'><strong>ὁρωμένων</strong></span> <span class='ocrx_word' id='word_1_100' title='bbox 780 1387 841 1422; x_wconf 90' lang='grc' dir='ltr'><strong>τε</strong></span> <span class='ocrx_word' id='word_1_101' title='bbox 869 1370 968 1423; x_wconf 74' lang='grc' dir='ltr'>καὶ</span> <span class='ocrx_word' id='word_1_102' title='bbox 1010 1372 1318 1441; x_wconf 82' lang='grc' dir='ltr'>νοουμένων</span> <span class='ocrx_word' id='word_1_103' title='bbox 1360 1373 1616 1444; x_wconf 80' lang='grc' dir='ltr'>ὑπεράνω</span> <span class='ocrx_word' id='word_1_104' title='bbox 1644 1372 1734 1426; x_wconf 85' lang='grc' dir='ltr'>τὸν</span> <span class='ocrx_word' id='word_1_105' title='bbox 1767 1372 1894 1425; x_wconf 92' lang='grc' dir='ltr'>νοῦν</span> 
     </span>
    </p>
   </div>
   <div class='ocr_carea' id='block_1_17' title="bbox 311 1460 1896 1534">
    <p class='ocr_par' dir='ltr' id='par_1_17' title="bbox 311 1460 1896 1534">
     <span class='ocr_line' id='line_1_17' title="bbox 311 1460 1896 1534; baseline 0.002 -21"><span class='ocrx_word' id='word_1_106' title='bbox 311 1461 690 1532; x_wconf 77' lang='grc' dir='ltr'>παραπέμψας</span> <span class='ocrx_word' id='word_1_107' title='bbox 737 1460 901 1534; x_wconf 80' lang='grc' dir='ltr'>θέλξῃ</span> <span class='ocrx_word' id='word_1_108' title='bbox 925 1462 1002 1532; x_wconf 82' lang='grc' dir='ltr'>τῷ</span> <span class='ocrx_word' id='word_1_109' title='bbox 1036 1463 1260 1533; x_wconf 70' lang='grc' dir='ltr'>ἀρρήτῳ</span> <span class='ocrx_word' id='word_1_110' title='bbox 1292 1464 1390 1533; x_wconf 87' lang='grc' dir='ltr'><strong>τῆς</strong></span> <span class='ocrx_word' id='word_1_111' title='bbox 1434 1463 1585 1526; x_wconf 83' lang='grc' dir='ltr'>θείας</span> <span class='ocrx_word' id='word_1_112' title='bbox 1633 1463 1896 1532; x_wconf 73' lang='grc' dir='ltr'>καλλονῆς</span> 
     </span>
    </p>
   </div>
   <div class='ocr_carea' id='block_1_18' title="bbox 311 1553 1895 1628">
    <p class='ocr_par' dir='ltr' id='par_1_18' title="bbox 311 1553 1895 1628">
     <span class='ocr_line' id='line_1_18' title="bbox 311 1553 1895 1628; baseline 0.002 -22"><span class='ocrx_word' id='word_1_113' title='bbox 311 1553 499 1624; x_wconf 80' lang='grc' dir='ltr'><strong>ἔρωτι,</strong></span> <span class='ocrx_word' id='word_1_114' title='bbox 542 1554 638 1607; x_wconf 74' lang='grc' dir='ltr'>καὶ</span> <span class='ocrx_word' id='word_1_115' title='bbox 685 1555 1020 1627; x_wconf 82' lang='grc' dir='ltr'>προσηλώσῃ</span> <span class='ocrx_word' id='word_1_116' title='bbox 1046 1555 1128 1626; x_wconf 79' lang='grc' dir='ltr'>τῷ</span> <span class='ocrx_word' id='word_1_117' title='bbox 1161 1555 1312 1625; x_wconf 86' lang='grc' dir='ltr'>πόθῳ</span> <span class='ocrx_word' id='word_1_118' title='bbox 1343 1556 1598 1627; x_wconf 81' lang='grc' dir='ltr'>μηδαμοῦ</span> <span class='ocrx_word' id='word_1_119' title='bbox 1630 1555 1895 1628; x_wconf 88' lang='grc' dir='ltr'>φέρεσθαι</span> 
     </span>
    </p>
   </div>
   <div class='ocr_carea' id='block_1_19' title="bbox 310 1645 1896 1718">
    <p class='ocr_par' dir='ltr' id='par_1_19' title="bbox 310 1645 1896 1718">
     <span class='ocr_line' id='line_1_19' title="bbox 310 1645 1896 1718; baseline 0.001 -20"><span class='ocrx_word' id='word_1_120' title='bbox 310 1645 635 1714; x_wconf 80' lang='grc' dir='ltr'>δυνάμενον,</span> <span class='ocrx_word' id='word_1_121' title='bbox 679 1645 882 1716; x_wconf 84' lang='grc' dir='ltr'>μᾶλλον</span> <span class='ocrx_word' id='word_1_122' title='bbox 914 1645 972 1698; x_wconf 82' lang='grc' dir='ltr'>δὲ</span> <span class='ocrx_word' id='word_1_123' title='bbox 1006 1645 1307 1716; x_wconf 88' lang='grc' dir='ltr'>δυνηθῆναι</span> <span class='ocrx_word' id='word_1_124' title='bbox 1349 1648 1423 1718; x_wconf 80' lang='grc' dir='ltr'>μὴ</span> <span class='ocrx_word' id='word_1_125' title='bbox 1474 1648 1804 1718; x_wconf 86' lang='grc' dir='ltr'>ἀνεχόμενον</span> <span class='ocrx_word' id='word_1_126' title='bbox 1824 1663 1837 1676; x_wconf 86' lang='grc'><strong>·</strong></span> <span class='ocrx_word' id='word_1_127' title='bbox 1867 1650 1896 1700; x_wconf 92' lang='lat'><strong>6</strong></span> 
     </span>
    </p>
   </div>
   <div class='ocr_carea' id='block_1_20' title="bbox 310 1725 1970 1811">
    <p class='ocr_par' dir='ltr' id='par_1_20' title="bbox 310 1725 1970 1811">
     <span class='ocr_line' id='line_1_20' title="bbox 310 1725 1970 1811; baseline 0.002 -21"><span class='ocrx_word' id='word_1_128' title='bbox 310 1737 368 1790; x_wconf 87' lang='grc' dir='ltr'><strong>δέ</strong></span> <span class='ocrx_word' id='word_1_129' title='bbox 399 1737 490 1791; x_wconf 85' lang='grc' dir='ltr'><strong>ἴνα</strong></span> <span class='ocrx_word' id='word_1_130' title='bbox 518 1737 619 1808; x_wconf 83' lang='grc' dir='ltr'><strong>τῆς</strong></span> <span class='ocrx_word' id='word_1_131' title='bbox 637 1738 759 1791; x_wconf 79' lang='grc' dir='ltr'>καθ’</span> <span class='ocrx_word' id='word_1_132' title='bbox 781 1738 976 1809; x_wconf 78' lang='grc' dir='ltr'>ἡδονὴν</span> <span class='ocrx_word' id='word_1_133' title='bbox 1007 1739 1246 1808; x_wconf 84' lang='grc' dir='ltr'>σχέσεως</span> <span class='ocrx_word' id='word_1_134' title='bbox 1271 1740 1397 1802; x_wconf 80' lang='grc' dir='ltr'>τοὺς</span> <span class='ocrx_word' id='word_1_135' title='bbox 1411 1739 1572 1810; x_wconf 79' lang='grc' dir='ltr'>ῆλους</span> <span class='ocrx_word' id='word_1_136' title='bbox 1591 1739 1896 1811; x_wconf 87' lang='grc' dir='ltr'>ἐκκρούση-</span> <span class='ocrx_word' id='word_1_137' title='bbox 1928 1725 1970 1778; x_wconf 77' lang='grc' dir='ltr'>Β</span> 
     </span>
    </p>
   </div>
   <div class='ocr_carea' id='block_1_21' title="bbox 311 1823 1895 1900">
    <p class='ocr_par' dir='ltr' id='par_1_21' title="bbox 311 1823 1895 1900">
     <span class='ocr_line' id='line_1_21' title="bbox 311 1823 1895 1900; baseline 0.001 -18"><span class='ocrx_word' id='word_1_138' title='bbox 311 1845 402 1882; x_wconf 88' lang='grc' dir='ltr'><strong>ται</strong></span> <span class='ocrx_word' id='word_1_139' title='bbox 432 1823 510 1891; x_wconf 76' lang='grc' dir='ltr'>οἷς</span> <span class='ocrx_word' id='word_1_140' title='bbox 548 1829 578 1882; x_wconf 93' lang='lat'><strong>6</strong></span> <span class='ocrx_word' id='word_1_141' title='bbox 606 1829 734 1899; x_wconf 74' lang='grc' dir='ltr'>περὶ</span> <span class='ocrx_word' id='word_1_142' title='bbox 763 1829 896 1882; x_wconf 86' lang='grc' dir='ltr'><strong>Θεὸν</strong></span> <span class='ocrx_word' id='word_1_143' title='bbox 937 1829 1037 1900; x_wconf 87' lang='grc' dir='ltr'><strong>τῆς</strong></span> <span class='ocrx_word' id='word_1_144' title='bbox 1060 1831 1238 1900; x_wconf 74' lang='grc' dir='ltr'>ψυχῆς</span> <span class='ocrx_word' id='word_1_145' title='bbox 1261 1830 1423 1895; x_wconf 82' lang='grc' dir='ltr'>πόθος</span> <span class='ocrx_word' id='word_1_146' title='bbox 1443 1847 1502 1884; x_wconf 88' lang='grc' dir='ltr'><strong>τε</strong></span> <span class='ocrx_word' id='word_1_147' title='bbox 1532 1831 1625 1884; x_wconf 79' lang='grc' dir='ltr'>καὶ</span> <span class='ocrx_word' id='word_1_148' title='bbox 1646 1831 1798 1894; x_wconf 82' lang='grc' dir='ltr'>τόνος</span> <span class='ocrx_word' id='word_1_149' title='bbox 1829 1832 1895 1884; x_wconf 91' lang='grc' dir='ltr'><strong>ἐκ</strong></span> 
     </span>
    </p>
   </div>
   <div class='ocr_carea' id='block_1_22' title="bbox 313 1904 1896 1991">
    <p class='ocr_par' dir='ltr' id='par_1_22' title="bbox 313 1904 1896 1991">
     <span class='ocr_line' id='line_1_22' title="bbox 313 1904 1896 1991; baseline 0.002 -19"><span class='ocrx_word' id='word_1_150' title='bbox 313 1918 414 1988; x_wconf 86' lang='grc' dir='ltr'><strong>τῆς</strong></span> <span class='ocrx_word' id='word_1_151' title='bbox 443 1919 675 1990; x_wconf 83' lang='grc' dir='ltr'>ἀρχαίας</span> <span class='ocrx_word' id='word_1_152' title='bbox 701 1904 980 1990; x_wconf 82' lang='grc' dir='ltr'>παρακοῆς</span> <span class='ocrx_word' id='word_1_153' title='bbox 1003 1919 1139 1990; x_wconf 78' lang='grc' dir='ltr'>πρὸς</span> <span class='ocrx_word' id='word_1_154' title='bbox 1153 1921 1256 1991; x_wconf 84' lang='grc' dir='ltr'>τὴν</span> <span class='ocrx_word' id='word_1_155' title='bbox 1279 1920 1410 1989; x_wconf 82' lang='grc' dir='ltr'>ὕλην</span> <span class='ocrx_word' id='word_1_156' title='bbox 1440 1920 1682 1991; x_wconf 84' lang='grc' dir='ltr'>ἐνεπάγη</span> <span class='ocrx_word' id='word_1_157' title='bbox 1713 1921 1807 1974; x_wconf 84' lang='grc' dir='ltr'>καὶ</span> <span class='ocrx_word' id='word_1_158' title='bbox 1825 1920 1896 1975; x_wconf 85' lang='grc' dir='ltr'>τὰ</span> 
     </span>
    </p>
   </div>
   <div class='ocr_carea' id='block_1_23' title="bbox 315 2013 1892 2086">
    <p class='ocr_par' dir='ltr' id='par_1_23' title="bbox 315 2013 1892 2086">
     <span class='ocr_line' id='line_1_23' title="bbox 315 2013 1892 2086; baseline 0.001 -20"><span class='ocrx_word' id='word_1_159' title='bbox 315 2013 671 2084; x_wconf 84' lang='grc' dir='ltr'>φθειρόμενα,</span> <span class='ocrx_word' id='word_1_160' title='bbox 703 2015 797 2068; x_wconf 73' lang='grc' dir='ltr'>καὶ</span> <span class='ocrx_word' id='word_1_161' title='bbox 827 2014 1117 2085; x_wconf 79' lang='grc' dir='ltr'>ἀπαλλάξῃ</span> <span class='ocrx_word' id='word_1_162' title='bbox 1164 2015 1364 2079; x_wconf 83' lang='grc' dir='ltr'>κακίας</span> <span class='ocrx_word' id='word_1_163' title='bbox 1405 2015 1532 2078; x_wconf 76' lang='grc' dir='ltr'>τοὺς</span> <span class='ocrx_word' id='word_1_164' title='bbox 1587 2014 1892 2086; x_wconf 86' lang='grc' dir='ltr'>ἐνεσχημέ-</span> 
     </span>
    </p>
   </div>
   <div class='ocr_carea' id='block_1_24' title="bbox 313 2103 1896 2177">
    <p class='ocr_par' dir='ltr' id='par_1_24' title="bbox 313 2103 1896 2177">
     <span class='ocr_line' id='line_1_24' title="bbox 313 2103 1896 2177; baseline 0 -19"><span class='ocrx_word' id='word_1_165' title='bbox 313 2121 437 2167; x_wconf 87' lang='grc' dir='ltr'>νους</span> <span class='ocrx_word' id='word_1_166' title='bbox 457 2103 522 2168; x_wconf 78' lang='grc'><strong>³⁸,</strong></span> <span class='ocrx_word' id='word_1_167' title='bbox 559 2105 652 2157; x_wconf 69' lang='grc' dir='ltr'>καὶ</span> <span class='ocrx_word' id='word_1_168' title='bbox 672 2105 872 2176; x_wconf 89' lang='grc' dir='ltr'>ἀρετῆς</span> <span class='ocrx_word' id='word_1_169' title='bbox 904 2106 1149 2175; x_wconf 86' lang='grc' dir='ltr'>ποιήσειε</span> <span class='ocrx_word' id='word_1_170' title='bbox 1174 2105 1435 2177; x_wconf 80' lang='grc' dir='ltr'>φοιτητὰς</span> <span class='ocrx_word' id='word_1_171' title='bbox 1471 2105 1755 2174; x_wconf 86' lang='grc' dir='ltr'>γνησίους,</span> <span class='ocrx_word' id='word_1_172' title='bbox 1800 2105 1896 2158; x_wconf 78' lang='grc' dir='ltr'>καὶ</span> 
     </span>
    </p>
   </div>
   <div class='ocr_carea' id='block_1_25' title="bbox 311 2197 1894 2269">
    <p class='ocr_par' dir='ltr' id='par_1_25' title="bbox 311 2197 1894 2269">
     <span class='ocr_line' id='line_1_25' title="bbox 311 2197 1894 2269; baseline -0.001 -17"><span class='ocrx_word' id='word_1_173' title='bbox 311 2198 562 2252; x_wconf 83' lang='grc' dir='ltr'>ἄσειστον</span> <span class='ocrx_word' id='word_1_174' title='bbox 593 2197 728 2268; x_wconf 86' lang='grc' dir='ltr'>πρὸς</span> <span class='ocrx_word' id='word_1_175' title='bbox 760 2199 936 2252; x_wconf 85' lang='grc' dir='ltr'>πάντα</span> <span class='ocrx_word' id='word_1_176' title='bbox 962 2199 1030 2252; x_wconf 76' lang='grc' dir='ltr'>τὰ</span> <span class='ocrx_word' id='word_1_177' title='bbox 1054 2199 1284 2252; x_wconf 85' lang='grc' dir='ltr'>κωλύειν</span> <span class='ocrx_word' id='word_1_178' title='bbox 1308 2198 1576 2252; x_wconf 87' lang='grc' dir='ltr'>δοκοῦντα</span> <span class='ocrx_word' id='word_1_179' title='bbox 1595 2200 1692 2269; x_wconf 90' lang='grc' dir='ltr'><strong>τῆς</strong></span> <span class='ocrx_word' id='word_1_180' title='bbox 1717 2197 1894 2267; x_wconf 80' lang='grc' dir='ltr'>ψυχῆς</span> 
     </span>
    </p>
   </div>
   <div class='ocr_carea' id='block_1_26' title="bbox 311 2289 1895 2363">
    <p class='ocr_par' dir='ltr' id='par_1_26' title="bbox 311 2289 1895 2363">
     <span class='ocr_line' id='line_1_26' title="bbox 311 2289 1895 2363; baseline -0.002 -19"><span class='ocrx_word' id='word_1_181' title='bbox 311 2292 412 2362; x_wconf 76' lang='grc' dir='ltr'>τὴν</span> <span class='ocrx_word' id='word_1_182' title='bbox 437 2291 572 2363; x_wconf 75' lang='grc' dir='ltr'>πρὸς</span> <span class='ocrx_word' id='word_1_183' title='bbox 609 2289 670 2344; x_wconf 90' lang='lat'><strong>16</strong></span> <span class='ocrx_word' id='word_1_184' title='bbox 702 2290 866 2344; x_wconf 78' lang='grc' dir='ltr'>καλὸν</span> <span class='ocrx_word' id='word_1_185' title='bbox 914 2291 1188 2345; x_wconf 87' lang='grc' dir='ltr'>οίκείωσιν</span> <span class='ocrx_word' id='word_1_186' title='bbox 1231 2292 1641 2362; x_wconf 88' lang='grc' dir='ltr'>ἀπεργάσηται,</span> <span class='ocrx_word' id='word_1_187' title='bbox 1675 2289 1895 2352; x_wconf 82' lang='grc' dir='ltr'>διδάξας</span> 
     </span>
    </p>
   </div>
   <div class='ocr_carea' id='block_1_27' title="bbox 312 2379 1893 2456">
    <p class='ocr_par' dir='ltr' id='par_1_27' title="bbox 312 2379 1893 2456">
     <span class='ocr_line' id='line_1_27' title="bbox 312 2379 1893 2456; baseline -0.004 -18"><span class='ocrx_word' id='word_1_188' title='bbox 312 2383 451 2456; x_wconf 78' lang='grc' dir='ltr'>πρὸς</span> <span class='ocrx_word' id='word_1_189' title='bbox 489 2384 588 2454; x_wconf 89' lang='grc' dir='ltr'><strong>μέν</strong></span> <span class='ocrx_word' id='word_1_190' title='bbox 628 2383 978 2455; x_wconf 79' lang='grc' dir='ltr'>ἀποστροφὴν</span> <span class='ocrx_word' id='word_1_191' title='bbox 1029 2383 1242 2454; x_wconf 81' lang='grc' dir='ltr'>ἡδονῆς,</span> <span class='ocrx_word' id='word_1_192' title='bbox 1293 2383 1499 2454; x_wconf 75' lang='lat'><strong>(182</strong></span> <span class='ocrx_word' id='word_1_193' title='bbox 1531 2383 1604 2450; x_wconf 90' lang='lat' dir='ltr'><strong>a)</strong></span> <span class='ocrx_word' id='word_1_194' title='bbox 1655 2380 1745 2434; x_wconf 75' lang='grc' dir='ltr'><strong>διὰ</strong></span> <span class='ocrx_word' id='word_1_195' title='bbox 1785 2379 1893 2432; x_wconf 84' lang='grc' dir='ltr'><strong>τῶν</strong></span> 
     </span>
    </p>
   </div>
   <div class='ocr_carea' id='block_1_28' title="bbox 314 2470 1894 2546">
    <p class='ocr_par' dir='ltr' id='par_1_28' title="bbox 314 2470 1894 2546">
     <span class='ocr_line' id='line_1_28' title="bbox 314 2470 1894 2546; baseline -0.004 -17"><span class='ocrx_word' id='word_1_196' title='bbox 314 2477 400 2546; x_wconf 87' lang='grc' dir='ltr'><strong>ἐφ’</strong></span> <span class='ocrx_word' id='word_1_197' title='bbox 429 2477 560 2546; x_wconf 70' lang='grc' dir='ltr'>ἡμῖν</span> <span class='ocrx_word' id='word_1_198' title='bbox 600 2474 820 2528; x_wconf 85' lang='grc' dir='ltr'>ἀτόπων</span> <span class='ocrx_word' id='word_1_199' title='bbox 862 2474 1161 2545; x_wconf 87' lang='grc' dir='ltr'>ἀπατηλῶς</span> <span class='ocrx_word' id='word_1_200' title='bbox 1217 2473 1510 2544; x_wconf 90' lang='grc' dir='ltr'>σαινούσης</span> <span class='ocrx_word' id='word_1_201' title='bbox 1557 2473 1650 2526; x_wconf 75' lang='grc' dir='ltr'>καὶ</span> <span class='ocrx_word' id='word_1_202' title='bbox 1684 2470 1894 2542; x_wconf 86' lang='grc' dir='ltr'>μαλασ-</span> 
     </span>
    </p>
   </div>
   <div class='ocr_carea' id='block_1_29' title="bbox 319 2562 1893 2639">
    <p class='ocr_par' dir='ltr' id='par_1_29' title="bbox 319 2562 1893 2639">
     <span class='ocr_line' id='line_1_29' title="bbox 319 2562 1893 2639; baseline -0.004 -17"><span class='ocrx_word' id='word_1_203' title='bbox 319 2568 520 2639; x_wconf 88' lang='grc' dir='ltr'>σούσης</span> <span class='ocrx_word' id='word_1_204' title='bbox 583 2567 644 2622; x_wconf 96' lang='lat'><strong>16</strong></span> <span class='ocrx_word' id='word_1_205' title='bbox 719 2567 945 2638; x_wconf 79' lang='grc' dir='ltr'>στεῤῥδν</span> <span class='ocrx_word' id='word_1_206' title='bbox 982 2567 1084 2636; x_wconf 87' lang='grc' dir='ltr'><strong>τῆς</strong></span> <span class='ocrx_word' id='word_1_207' title='bbox 1136 2568 1412 2636; x_wconf 66' lang='grc' dir='ltr'>γνώμης,,</span> <span class='ocrx_word' id='word_1_208' title='bbox 1444 2565 1541 2619; x_wconf 78' lang='grc' dir='ltr'>καὶ</span> <span class='ocrx_word' id='word_1_209' title='bbox 1597 2562 1893 2634; x_wconf 78' lang='grc' dir='ltr'>πειθούσης</span> 
     </span>
    </p>
   </div>
   <div class='ocr_carea' id='block_1_30' title="bbox 319 2655 1894 2732">
    <p class='ocr_par' dir='ltr' id='par_1_30' title="bbox 319 2655 1894 2732">
     <span class='ocr_line' id='line_1_30' title="bbox 319 2655 1894 2732; baseline -0.004 -18"><span class='ocrx_word' id='word_1_210' title='bbox 319 2659 702 2732; x_wconf 80' lang='grc' dir='ltr'>προαιρεῖσθαι</span> <span class='ocrx_word' id='word_1_211' title='bbox 739 2659 810 2712; x_wconf 85' lang='grc' dir='ltr'><strong>τά</strong></span> <span class='ocrx_word' id='word_1_212' title='bbox 861 2659 1109 2729; x_wconf 88' lang='grc' dir='ltr'>παρόντα</span> <span class='ocrx_word' id='word_1_213' title='bbox 1144 2659 1253 2711; x_wconf 83' lang='grc' dir='ltr'>τῶν</span> <span class='ocrx_word' id='word_1_214' title='bbox 1299 2657 1627 2727; x_wconf 86' lang='grc' dir='ltr'>μελλόντων,</span> <span class='ocrx_word' id='word_1_215' title='bbox 1677 2657 1770 2709; x_wconf 78' lang='grc' dir='ltr'>καὶ</span> <span class='ocrx_word' id='word_1_216' title='bbox 1825 2655 1894 2708; x_wconf 87' lang='grc' dir='ltr'><strong>τά</strong></span> 
     </span>
    </p>
   </div>
   <div class='ocr_carea' id='block_1_31' title="bbox 317 2746 1891 2823">
    <p class='ocr_par' dir='ltr' id='par_1_31' title="bbox 317 2746 1891 2823">
     <span class='ocr_line' id='line_1_31' title="bbox 317 2746 1891 2823; baseline -0.003 -19"><span class='ocrx_word' id='word_1_217' title='bbox 317 2751 574 2823; x_wconf 84' lang='grc' dir='ltr'>ὁρώμενα</span> <span class='ocrx_word' id='word_1_218' title='bbox 619 2752 728 2806; x_wconf 82' lang='grc' dir='ltr'><strong>τῶν</strong></span> <span class='ocrx_word' id='word_1_219' title='bbox 775 2750 1109 2821; x_wconf 79' lang='grc' dir='ltr'>νοουμένων,</span> <span class='ocrx_word' id='word_1_220' title='bbox 1142 2750 1496 2820; x_wconf 90' lang='grc' dir='ltr'>ἐγκράτειαν,</span> <span class='ocrx_word' id='word_1_221' title='bbox 1544 2747 1680 2818; x_wconf 83' lang='grc' dir='ltr'>πρὸς</span> <span class='ocrx_word' id='word_1_222' title='bbox 1711 2747 1768 2800; x_wconf 81' lang='grc' dir='ltr'><strong>δέ</strong></span> <span class='ocrx_word' id='word_1_223' title='bbox 1799 2746 1891 2814; x_wconf 80' lang='grc' dir='ltr'>φόο</span> 
     </span>
    </p>
   </div>
   <div class='ocr_carea' id='block_1_32' title="bbox 223 2837 1894 2907">
    <p class='ocr_par' dir='ltr' id='par_1_32' title="bbox 223 2837 1894 2907">
     <span class='ocr_line' id='line_1_32' title="bbox 223 2837 1894 2907; baseline -0.003 -12"><span class='ocrx_word' id='word_1_224' title='bbox 223 2837 228 2846; x_wconf 77' lang='grc'><em>’</em></span> <span class='ocrx_word' id='word_1_225' title='bbox 318 2843 414 2895; x_wconf 79' lang='grc' dir='ltr'>σου</span> <span class='ocrx_word' id='word_1_226' title='bbox 449 2843 542 2896; x_wconf 71' lang='grc' dir='ltr'>καὶ</span> <span class='ocrx_word' id='word_1_227' title='bbox 566 2841 764 2905; x_wconf 86' lang='grc' dir='ltr'>δειλίας</span> <span class='ocrx_word' id='word_1_228' title='bbox 793 2841 1082 2907; x_wconf 81' lang='grc' dir='ltr'>ἀπόθεσιν,</span> <span class='ocrx_word' id='word_1_229' title='bbox 1111 2841 1178 2894; x_wconf 87' lang='grc' dir='ltr'><strong>δι’</strong></span> <span class='ocrx_word' id='word_1_230' title='bbox 1207 2840 1390 2895; x_wconf 77' lang='grc' dir='ltr'>αὐτῶν</span> <span class='ocrx_word' id='word_1_231' title='bbox 1411 2840 1457 2870; x_wconf 75' lang='grc'>⁸⁸</span> <span class='ocrx_word' id='word_1_232' title='bbox 1491 2838 1592 2892; x_wconf 87' lang='grc' dir='ltr'>οὐκ</span> <span class='ocrx_word' id='word_1_233' title='bbox 1634 2837 1722 2906; x_wconf 78' lang='grc' dir='ltr'><strong>ἐφ’</strong></span> <span class='ocrx_word' id='word_1_234' title='bbox 1760 2838 1894 2907; x_wconf 85' lang='grc' dir='ltr'>ἡμῖν</span> 
     </span>
    </p>
   </div>
   <div class='ocr_carea' id='block_1_33' title="bbox 317 2927 1900 3006">
    <p class='ocr_par' dir='ltr' id='par_1_33' title="bbox 317 2927 1900 3006">
     <span class='ocr_line' id='line_1_33' title="bbox 317 2927 1900 3006; baseline -0.004 -18"><span class='ocrx_word' id='word_1_235' title='bbox 317 2935 387 2989; x_wconf 86' lang='grc' dir='ltr'><strong>τά</strong></span> <span class='ocrx_word' id='word_1_236' title='bbox 431 2935 711 3006; x_wconf 81' lang='grc' dir='ltr'>ἀνήκεστα</span> <span class='ocrx_word' id='word_1_237' title='bbox 744 2934 839 2987; x_wconf 81' lang='grc' dir='ltr'>καὶ</span> <span class='ocrx_word' id='word_1_238' title='bbox 865 2932 1216 3004; x_wconf 84' lang='grc' dir='ltr'>ἀνθρωπίνης</span> <span class='ocrx_word' id='word_1_239' title='bbox 1255 2927 1394 2985; x_wconf 80' lang='grc' dir='ltr'>εἶναι</span> <span class='ocrx_word' id='word_1_240' title='bbox 1426 2931 1688 2984; x_wconf 87' lang='grc' dir='ltr'>δοκοῦντα</span> <span class='ocrx_word' id='word_1_241' title='bbox 1721 2928 1900 3000; x_wconf 87' lang='grc' dir='ltr'>κρείτ-</span> 
     </span>
    </p>
   </div>
   <div class='ocr_carea' id='block_1_34' title="bbox 317 3023 1896 3096">
    <p class='ocr_par' dir='ltr' id='par_1_34' title="bbox 317 3023 1896 3096">
     <span class='ocr_line' id='line_1_34' title="bbox 317 3023 1896 3096; baseline -0.004 -14"><span class='ocrx_word' id='word_1_242' title='bbox 317 3045 448 3082; x_wconf 92' lang='grc' dir='ltr'>τονα</span> <span class='ocrx_word' id='word_1_243' title='bbox 478 3027 764 3096; x_wconf 85' lang='grc' dir='ltr'>δυνάμεως</span> <span class='ocrx_word' id='word_1_244' title='bbox 801 3025 1230 3096; x_wconf 81' lang='grc' dir='ltr'>ὑποτιθεμένων,</span> <span class='ocrx_word' id='word_1_245' title='bbox 1258 3025 1352 3078; x_wconf 60' lang='grc' dir='ltr'><strong>καλ⁹</strong></span> <span class='ocrx_word' id='word_1_246' title='bbox 1401 3024 1492 3096; x_wconf 77' lang='grc' dir='ltr'>βίᾳ</span> <span class='ocrx_word' id='word_1_247' title='bbox 1538 3026 1759 3095; x_wconf 78' lang='grc' dir='ltr'>κρατεῖν</span> <span class='ocrx_word' id='word_1_248' title='bbox 1807 3023 1896 3076; x_wconf 86' lang='grc' dir='ltr'><strong>διά</strong></span> 
     </span>
    </p>
   </div>
   <div class='ocr_carea' id='block_1_35' title="bbox 317 3115 1894 3191">
    <p class='ocr_par' dir='ltr' id='par_1_35' title="bbox 317 3115 1894 3191">
     <span class='ocr_line' id='line_1_35' title="bbox 317 3115 1894 3191; baseline -0.004 -17"><span class='ocrx_word' id='word_1_249' title='bbox 317 3119 420 3191; x_wconf 86' lang='grc' dir='ltr'><strong>τῆς</strong></span> <span class='ocrx_word' id='word_1_250' title='bbox 450 3120 558 3172; x_wconf 85' lang='grc' dir='ltr'><strong>τῶν</strong></span> <span class='ocrx_word' id='word_1_251' title='bbox 597 3116 844 3190; x_wconf 73' lang='grc' dir='ltr'>φοϐερῶν</span> <span class='ocrx_word' id='word_1_252' title='bbox 883 3117 1184 3186; x_wconf 78' lang='grc' dir='ltr'>ἐπαγωγῆς</span> <span class='ocrx_word' id='word_1_253' title='bbox 1211 3115 1307 3170; x_wconf 86' lang='grc' dir='ltr'><strong>τοῦ</strong></span> <span class='ocrx_word' id='word_1_254' title='bbox 1331 3115 1607 3186; x_wconf 88' lang='grc' dir='ltr'>σώφρονος</span> <span class='ocrx_word' id='word_1_255' title='bbox 1631 3115 1894 3187; x_wconf 74' lang='grc' dir='ltr'>λογισμοῦ</span> 
     </span>
    </p>
   </div>
   <div class='ocr_carea' id='block_1_36' title="bbox 321 3207 1898 3284">
    <p class='ocr_par' dir='ltr' id='par_1_36' title="bbox 321 3207 1898 3284">
     <span class='ocr_line' id='line_1_36' title="bbox 321 3207 1898 3284; baseline -0.003 -20"><span class='ocrx_word' id='word_1_256' title='bbox 321 3211 758 3284; x_wconf 80' lang='grc' dir='ltr'>μηχανωμένων,</span> <span class='ocrx_word' id='word_1_257' title='bbox 795 3209 1074 3280; x_wconf 78' lang='grc' dir='ltr'>ὑπομονὴν</span> <span class='ocrx_word' id='word_1_258' title='bbox 1119 3210 1214 3264; x_wconf 78' lang='grc' dir='ltr'>καὶ</span> <span class='ocrx_word' id='word_1_259' title='bbox 1261 3208 1360 3280; x_wconf 84' lang='grc' dir='ltr'>τὴν</span> <span class='ocrx_word' id='word_1_260' title='bbox 1412 3210 1477 3262; x_wconf 89' lang='grc' dir='ltr'><strong>ἐκ</strong></span> <span class='ocrx_word' id='word_1_261' title='bbox 1515 3207 1722 3262; x_wconf 89' lang='grc' dir='ltr'>τούτων</span> <span class='ocrx_word' id='word_1_262' title='bbox 1755 3225 1898 3278; x_wconf 79' lang='grc' dir='ltr'>συμο</span> 
     </span>
    </p>
   </div>
   <div class='ocr_carea' id='block_1_37' title="bbox 321 3302 1900 3378">
    <p class='ocr_par' dir='ltr' id='par_1_37' title="bbox 321 3302 1900 3378">
     <span class='ocr_line' id='line_1_37' title="bbox 321 3302 1900 3378; baseline -0.005 -17"><span class='ocrx_word' id='word_1_263' title='bbox 321 3306 704 3378; x_wconf 87' lang='grc' dir='ltr'>πληρουμένην</span> <span class='ocrx_word' id='word_1_264' title='bbox 738 3304 982 3375; x_wconf 82' lang='grc' dir='ltr'>ἀνδρίαν,</span> <span class='ocrx_word' id='word_1_265' title='bbox 1060 3304 1160 3376; x_wconf 82' lang='grc' dir='ltr'>τὴν</span> <span class='ocrx_word' id='word_1_266' title='bbox 1197 3304 1333 3374; x_wconf 82' lang='grc' dir='ltr'>πρὸς</span> <span class='ocrx_word' id='word_1_267' title='bbox 1369 3304 1552 3357; x_wconf 82' lang='grc' dir='ltr'>πᾶσαν</span> <span class='ocrx_word' id='word_1_268' title='bbox 1575 3303 1768 3373; x_wconf 77' lang='grc' dir='ltr'>ἡδονὴν</span> <span class='ocrx_word' id='word_1_269' title='bbox 1793 3302 1900 3354; x_wconf 84' lang='grc' dir='ltr'>τῶν</span> 
     </span>
    </p>
   </div>
   <div class='ocr_carea' id='block_1_38' title="bbox 319 3391 1899 3467">
    <p class='ocr_par' dir='ltr' id='par_1_38' title="bbox 319 3391 1899 3467">
     <span class='ocr_line' id='line_1_38' title="bbox 319 3391 1899 3467; baseline -0.004 -18"><span class='ocrx_word' id='word_1_270' title='bbox 319 3399 407 3466; x_wconf 82' lang='grc' dir='ltr'>ἐφ’</span> <span class='ocrx_word' id='word_1_271' title='bbox 436 3398 570 3467; x_wconf 79' lang='grc' dir='ltr'>ἡμῖν</span> <span class='ocrx_word' id='word_1_272' title='bbox 594 3395 690 3447; x_wconf 71' lang='grc' dir='ltr'>καὶ</span> <span class='ocrx_word' id='word_1_273' title='bbox 720 3393 916 3464; x_wconf 83' lang='grc' dir='ltr'>ὀδύνην</span> <span class='ocrx_word' id='word_1_274' title='bbox 938 3393 1047 3446; x_wconf 86' lang='grc' dir='ltr'><strong>τῶν</strong></span> <span class='ocrx_word' id='word_1_275' title='bbox 1085 3393 1188 3446; x_wconf 83' lang='grc' dir='ltr'>οὐκ</span> <span class='ocrx_word' id='word_1_276' title='bbox 1223 3393 1309 3462; x_wconf 77' lang='grc' dir='ltr'>ἐφ’</span> <span class='ocrx_word' id='word_1_277' title='bbox 1336 3394 1468 3463; x_wconf 82' lang='grc' dir='ltr'>ἡμῖν</span> <span class='ocrx_word' id='word_1_278' title='bbox 1496 3392 1778 3445; x_wconf 88' lang='grc' dir='ltr'>ἀνένδοτον</span> <span class='ocrx_word' id='word_1_279' title='bbox 1806 3391 1899 3444; x_wconf 79' lang='grc' dir='ltr'>καὶ</span> 
     </span>
    </p>
   </div>
   <div class='ocr_carea' id='block_1_39' title="bbox 319 3480 1902 3556">
    <p class='ocr_par' dir='ltr' id='par_1_39' title="bbox 319 3480 1902 3556">
     <span class='ocr_line' id='line_1_39' title="bbox 319 3480 1902 3556; baseline -0.004 -17"><span class='ocrx_word' id='word_1_280' title='bbox 319 3486 590 3556; x_wconf 83' lang='grc' dir='ltr'>ἀήττητον</span> <span class='ocrx_word' id='word_1_281' title='bbox 615 3483 748 3550; x_wconf 79' lang='grc' dir='ltr'>ἐξιν.</span> <span class='ocrx_word' id='word_1_282' title='bbox 771 3481 1194 3552; x_wconf 81' lang='grc' dir='ltr'>Κνηθομένους</span> <span class='ocrx_word' id='word_1_283' title='bbox 1221 3482 1279 3536; x_wconf 83' lang='grc' dir='ltr'>δὲ</span> <span class='ocrx_word' id='word_1_284' title='bbox 1302 3481 1418 3549; x_wconf 75' lang='grc' dir='ltr'><strong>τὴν</strong></span> <span class='ocrx_word' id='word_1_285' title='bbox 1445 3482 1640 3549; x_wconf 77' lang='grc' dir='ltr'>ἀκοὴν</span> <span class='ocrx_word' id='word_1_286' title='bbox 1669 3481 1766 3534; x_wconf 81' lang='grc' dir='ltr'>καὶ</span> <span class='ocrx_word' id='word_1_287' title='bbox 1789 3480 1902 3548; x_wconf 84' lang='grc' dir='ltr'><strong>τὴν</strong></span> 
     </span>
    </p>
   </div>
   <div class='ocr_carea' id='block_1_40' title="bbox 322 3565 1902 3648">
    <p class='ocr_par' dir='ltr' id='par_1_40' title="bbox 322 3565 1902 3648">
     <span class='ocr_line' id='line_1_40' title="bbox 322 3565 1902 3648; baseline -0.005 -16"><span class='ocrx_word' id='word_1_288' title='bbox 322 3577 615 3648; x_wconf 74' lang='grc' dir='ltr'>γλῶσσαν</span> <span class='ocrx_word' id='word_1_289' title='bbox 666 3575 924 3628; x_wconf 77' lang='grc' dir='ltr'>ἐκάλεσεν</span> <span class='ocrx_word' id='word_1_290' title='bbox 972 3576 1000 3627; x_wconf 90' lang='lat'><strong>6</strong></span> <span class='ocrx_word' id='word_1_291' title='bbox 1051 3572 1372 3636; x_wconf 86' lang='grc' dir='ltr'>διδάσκαλος</span> <span class='ocrx_word' id='word_1_292' title='bbox 1421 3573 1545 3634; x_wconf 78' lang='grc' dir='ltr'>τοὺς</span> <span class='ocrx_word' id='word_1_293' title='bbox 1595 3572 1723 3642; x_wconf 82' lang='grc' dir='ltr'>περὶ</span> <span class='ocrx_word' id='word_1_294' title='bbox 1770 3565 1846 3624; x_wconf 81' lang='grc' dir='ltr'>ὧν</span> <span class='ocrx_word' id='word_1_295' title='bbox 1874 3573 1902 3624; x_wconf 92' lang='lat'><strong>6</strong></span> 
     </span>
    </p>
   </div>
   <div class='ocr_carea' id='block_1_41' title="bbox 321 3663 1901 3739">
    <p class='ocr_par' dir='ltr' id='par_1_41' title="bbox 321 3663 1901 3739">
     <span class='ocr_line' id='line_1_41' title="bbox 321 3663 1901 3739; baseline -0.004 -17"><span class='ocrx_word' id='word_1_296' title='bbox 321 3671 499 3738; x_wconf 85' lang='grc' dir='ltr'>λόγος,</span> <span class='ocrx_word' id='word_1_297' title='bbox 529 3668 720 3739; x_wconf 78' lang='grc' dir='ltr'>ἐπειδὴ</span> <span class='ocrx_word' id='word_1_298' title='bbox 753 3671 862 3732; x_wconf 81' lang='grc' dir='ltr'><strong>πᾶς</strong></span> <span class='ocrx_word' id='word_1_299' title='bbox 896 3668 1054 3736; x_wconf 87' lang='grc' dir='ltr'>λόγος</span> <span class='ocrx_word' id='word_1_300' title='bbox 1085 3667 1176 3721; x_wconf 84' lang='grc' dir='ltr'>διὰ</span> <span class='ocrx_word' id='word_1_301' title='bbox 1213 3665 1466 3735; x_wconf 81' lang='grc' dir='ltr'>γλώσσης</span> <span class='ocrx_word' id='word_1_302' title='bbox 1510 3663 1798 3718; x_wconf 83' lang='grc' dir='ltr'>καλεῖσθαί</span> <span class='ocrx_word' id='word_1_303' title='bbox 1842 3680 1901 3716; x_wconf 92' lang='grc' dir='ltr'><strong>τε</strong></span> 
     </span>
    </p>
   </div>
   <div class='ocr_carea' id='block_1_42' title="bbox 324 3755 1902 3834">
    <p class='ocr_par' dir='ltr' id='par_1_42' title="bbox 324 3755 1902 3834">
     <span class='ocr_line' id='line_1_42' title="bbox 324 3755 1902 3834; baseline -0.006 -18"><span class='ocrx_word' id='word_1_304' title='bbox 324 3764 418 3816; x_wconf 72' lang='grc' dir='ltr'>καὶ</span> <span class='ocrx_word' id='word_1_305' title='bbox 462 3760 837 3834; x_wconf 81' lang='grc' dir='ltr'>προφέρεσθαι</span> <span class='ocrx_word' id='word_1_306' title='bbox 885 3761 980 3813; x_wconf 77' lang='grc' dir='ltr'>καὶ</span> <span class='ocrx_word' id='word_1_307' title='bbox 1030 3760 1098 3814; x_wconf 85' lang='grc' dir='ltr'><strong>δι’</strong></span> <span class='ocrx_word' id='word_1_308' title='bbox 1134 3759 1307 3830; x_wconf 87' lang='grc' dir='ltr'>ἀκοῆς</span> <span class='ocrx_word' id='word_1_309' title='bbox 1352 3757 1652 3810; x_wconf 87' lang='grc' dir='ltr'>ἀκούεσθαί</span> <span class='ocrx_word' id='word_1_310' title='bbox 1699 3773 1760 3809; x_wconf 90' lang='grc' dir='ltr'><strong>τε</strong></span> <span class='ocrx_word' id='word_1_311' title='bbox 1807 3755 1902 3808; x_wconf 74' lang='grc' dir='ltr'>καὶ</span> 
     </span>
    </p>
   </div>
   <div class='ocr_carea' id='block_1_43' title="bbox 329 3847 1904 3923">
    <p class='ocr_par' dir='ltr' id='par_1_43' title="bbox 329 3847 1904 3923">
     <span class='ocr_line' id='line_1_43' title="bbox 329 3847 1904 3923; baseline -0.004 -17"><span class='ocrx_word' id='word_1_312' title='bbox 329 3853 696 3923; x_wconf 86' lang='grc' dir='ltr'>μανθάνεσθαι</span> <span class='ocrx_word' id='word_1_313' title='bbox 741 3851 1012 3920; x_wconf 85' lang='grc' dir='ltr'>πέφυκεν.</span> <span class='ocrx_word' id='word_1_314' title='bbox 1045 3849 1110 3903; x_wconf 78' lang='lat' dir='ltr'><strong>Et</strong></span> <span class='ocrx_word' id='word_1_315' title='bbox 1149 3850 1205 3904; x_wconf 80' lang='grc' dir='ltr'>δὲ</span> <span class='ocrx_word' id='word_1_316' title='bbox 1238 3849 1334 3904; x_wconf 70' lang='grc' dir='ltr'>καὶ</span> <span class='ocrx_word' id='word_1_317' title='bbox 1368 3847 1488 3902; x_wconf 85' lang='grc' dir='ltr'>κατ’</span> <span class='ocrx_word' id='word_1_318' title='bbox 1519 3848 1688 3918; x_wconf 82' lang='grc' dir='ltr'>ἀλλην</span> <span class='ocrx_word' id='word_1_319' title='bbox 1722 3847 1904 3901; x_wconf 78' lang='grc' dir='ltr'>ἐπιδο-</span> 
     </span>
    </p>
   </div>
   <div class='ocr_carea' id='block_1_44' title="bbox 323 3940 1903 4016">
    <p class='ocr_par' dir='ltr' id='par_1_44' title="bbox 323 3940 1903 4016">
     <span class='ocr_line' id='line_1_44' title="bbox 323 3940 1903 4016; baseline -0.004 -17"><span class='ocrx_word' id='word_1_320' title='bbox 323 3945 420 4016; x_wconf 75' lang='grc' dir='ltr'>λὴν</span> <span class='ocrx_word' id='word_1_321' title='bbox 442 3943 761 4015; x_wconf 87' lang='grc' dir='ltr'>ἐκδέχεσθαι</span> <span class='ocrx_word' id='word_1_322' title='bbox 815 3943 1117 4015; x_wconf 82' lang='grc' dir='ltr'>θελήσομεν</span> <span class='ocrx_word' id='word_1_323' title='bbox 1151 3942 1213 3996; x_wconf 86' lang='lat'><strong>16</strong></span> <span class='ocrx_word' id='word_1_324' title='bbox 1251 3942 1567 4012; x_wconf 82' lang='grc' dir='ltr'>λεγόμενον,</span> <span class='ocrx_word' id='word_1_325' title='bbox 1599 3940 1903 4007; x_wconf 81' lang='grc' dir='ltr'><strong>Κνηθόμεο</strong></span> 
     </span>
    </p>
   </div>
   <div class='ocr_carea' id='block_1_45' title="bbox 322 4033 1906 4106">
    <p class='ocr_par' dir='ltr' id='par_1_45' title="bbox 322 4033 1906 4106">
     <span class='ocr_line' id='line_1_45' title="bbox 322 4033 1906 4106; baseline -0.004 -14"><span class='ocrx_word' id='word_1_326' title='bbox 322 4055 416 4092; x_wconf 71' lang='lat' dir='ltr'><strong>rat</strong></span> <span class='ocrx_word' id='word_1_327' title='bbox 447 4038 564 4106; x_wconf 78' lang='grc' dir='ltr'><strong>τὴν</strong></span> <span class='ocrx_word' id='word_1_328' title='bbox 595 4039 792 4106; x_wconf 80' lang='grc' dir='ltr'>ἀκοὴν</span> <span class='ocrx_word' id='word_1_329' title='bbox 835 4037 931 4091; x_wconf 77' lang='grc' dir='ltr'>καὶ</span> <span class='ocrx_word' id='word_1_330' title='bbox 978 4035 1094 4105; x_wconf 77' lang='grc' dir='ltr'><strong>τὴν</strong></span> <span class='ocrx_word' id='word_1_331' title='bbox 1122 4035 1433 4105; x_wconf 69' lang='grc' dir='ltr'>γλῶσσαν,</span> <span class='ocrx_word' id='word_1_332' title='bbox 1462 4033 1626 4103; x_wconf 80' lang='grc' dir='ltr'>τυχὸν</span> <span class='ocrx_word' id='word_1_333' title='bbox 1660 4033 1710 4086; x_wconf 88' lang='grc' dir='ltr'><strong>οί</strong></span> <span class='ocrx_word' id='word_1_334' title='bbox 1744 4033 1906 4102; x_wconf 88' lang='grc' dir='ltr'>μόνον</span> 
     </span>
    </p>
   </div>
   <div class='ocr_carea' id='block_1_46' title="bbox 325 4121 1905 4197">
    <p class='ocr_par' dir='ltr' id='par_1_46' title="bbox 325 4121 1905 4197">
     <span class='ocr_line' id='line_1_46' title="bbox 325 4121 1905 4197; baseline -0.003 -19"><span class='ocrx_word' id='word_1_335' title='bbox 325 4127 464 4197; x_wconf 81' lang='grc' dir='ltr'>πρὸς</span> <span class='ocrx_word' id='word_1_336' title='bbox 505 4127 672 4195; x_wconf 74' lang='grc' dir='ltr'>ψόγον</span> <span class='ocrx_word' id='word_1_337' title='bbox 709 4126 804 4180; x_wconf 74' lang='grc' dir='ltr'>καὶ</span> <span class='ocrx_word' id='word_1_338' title='bbox 845 4126 946 4194; x_wconf 89' lang='grc' dir='ltr'><strong>τῆς</strong></span> <span class='ocrx_word' id='word_1_339' title='bbox 982 4125 1103 4180; x_wconf 86' lang='grc' dir='ltr'>κατ’</span> <span class='ocrx_word' id='word_1_340' title='bbox 1139 4123 1318 4178; x_wconf 83' lang='grc' dir='ltr'>ἀλλων</span> <span class='ocrx_word' id='word_1_341' title='bbox 1366 4122 1622 4192; x_wconf 76' lang='grc' dir='ltr'>διαϐολῆς</span> <span class='ocrx_word' id='word_1_342' title='bbox 1663 4122 1696 4193; x_wconf 83' lang='grc' dir='ltr'>ἢ</span> <span class='ocrx_word' id='word_1_343' title='bbox 1743 4121 1905 4175; x_wconf 79' lang='grc' dir='ltr'>λοιδο-</span> 
     </span>
    </p>
   </div>
   <div class='ocr_carea' id='block_1_47' title="bbox 328 4215 1904 4288">
    <p class='ocr_par' dir='ltr' id='par_1_47' title="bbox 328 4215 1904 4288">
     <span class='ocr_line' id='line_1_47' title="bbox 328 4215 1904 4288; baseline -0.002 -18"><span class='ocrx_word' id='word_1_344' title='bbox 328 4220 453 4286; x_wconf 81' lang='grc' dir='ltr'>ρίας</span> <span class='ocrx_word' id='word_1_345' title='bbox 496 4217 722 4272; x_wconf 88' lang='grc' dir='ltr'>ἀκούειν</span> <span class='ocrx_word' id='word_1_346' title='bbox 754 4234 816 4270; x_wconf 86' lang='grc' dir='ltr'><strong>τε</strong></span> <span class='ocrx_word' id='word_1_347' title='bbox 858 4218 951 4270; x_wconf 71' lang='grc' dir='ltr'>καὶ</span> <span class='ocrx_word' id='word_1_348' title='bbox 985 4217 1168 4270; x_wconf 80' lang='grc' dir='ltr'>καλεῖν</span> <span class='ocrx_word' id='word_1_349' title='bbox 1216 4215 1680 4288; x_wconf 88' lang='grc' dir='ltr'>προθυμούμενοι,</span> <span class='ocrx_word' id='word_1_350' title='bbox 1716 4216 1810 4268; x_wconf 70' lang='grc' dir='ltr'>καὶ</span> <span class='ocrx_word' id='word_1_351' title='bbox 1844 4215 1904 4267; x_wconf 86' lang='lat'><strong>16</strong></span> 
     </span>
    </p>
   </div>
   <div class='ocr_carea' id='block_1_48' title="bbox 325 4306 1906 4381">
    <p class='ocr_par' dir='ltr' id='par_1_48' title="bbox 325 4306 1906 4381">
     <span class='ocr_line' id='line_1_48' title="bbox 325 4306 1906 4381; baseline -0.004 -15"><span class='ocrx_word' id='word_1_352' title='bbox 325 4311 470 4366; x_wconf 85' lang='grc' dir='ltr'><strong>κατά</strong></span> <span class='ocrx_word' id='word_1_353' title='bbox 505 4311 708 4374; x_wconf 83' lang='grc' dir='ltr'>παντὸς</span> <span class='ocrx_word' id='word_1_354' title='bbox 750 4309 978 4381; x_wconf 85' lang='grc' dir='ltr'>ἀμαθῶς</span> <span class='ocrx_word' id='word_1_355' title='bbox 1025 4308 1348 4380; x_wconf 73' lang='grc' dir='ltr'>ἐπαίρεσθαι</span> <span class='ocrx_word' id='word_1_356' title='bbox 1383 4307 1542 4376; x_wconf 87' lang='grc' dir='ltr'>λόγου</span> <span class='ocrx_word' id='word_1_357' title='bbox 1579 4324 1638 4360; x_wconf 87' lang='grc' dir='ltr'><strong>τε</strong></span> <span class='ocrx_word' id='word_1_358' title='bbox 1689 4306 1788 4360; x_wconf 71' lang='grc' dir='ltr'>καὶ</span> <span class='ocrx_word' id='word_1_359' title='bbox 1817 4309 1906 4360; x_wconf 85' lang='grc' dir='ltr'>ἀν-</span> 
     </span>
    </p>
   </div>
   <div class='ocr_carea' id='block_1_49' title="bbox 1857 3081 1968 3139">
    <p class='ocr_par' dir='ltr' id='par_1_49' title="bbox 1857 3081 1968 3139">
     <span class='ocr_line' id='line_1_49' title="bbox 1857 3081 1968 3139; baseline 0 0"><span class='ocrx_word' id='word_1_360' title='bbox 1857 3081 1968 3139; x_wconf 65' lang='grc' dir='ltr'>πο</span> 
     </span>
    </p>
   </div>
   <div class='ocr_carea' id='block_1_50' title="bbox 1993 471 3572 532">
    <p class='ocr_par' dir='ltr' id='par_1_50' title="bbox 1993 471 3572 532">
     <span class='ocr_line' id='line_1_50' title="bbox 1993 471 3572 532; baseline 0.004 -9"><span class='ocrx_word' id='word_1_361' title='bbox 1993 478 2194 524; x_wconf 89' lang='lat' dir='ltr'><strong>novata</strong></span> <span class='ocrx_word' id='word_1_362' title='bbox 2218 471 2371 525; x_wconf 81' lang='lat' dir='ltr'><strong>velut</strong></span> <span class='ocrx_word' id='word_1_363' title='bbox 2399 479 2591 526; x_wconf 91' lang='lat' dir='ltr'><strong>contra</strong></span> <span class='ocrx_word' id='word_1_364' title='bbox 2626 471 2873 528; x_wconf 90' lang='lat' dir='ltr'><strong>obsoleta</strong></span> <span class='ocrx_word' id='word_1_365' title='bbox 2906 485 2962 529; x_wconf 89' lang='lat' dir='ltr'><strong>et</strong></span> <span class='ocrx_word' id='word_1_366' title='bbox 2997 475 3124 531; x_wconf 89' lang='lat' dir='ltr'><strong>trita</strong></span> <span class='ocrx_word' id='word_1_367' title='bbox 3153 485 3209 531; x_wconf 89' lang='lat' dir='ltr'><strong>et</strong></span> <span class='ocrx_word' id='word_1_368' title='bbox 3233 477 3361 531; x_wconf 90' lang='lat' dir='ltr'><strong>vilia</strong></span> <span class='ocrx_word' id='word_1_369' title='bbox 3400 479 3572 532; x_wconf 87' lang='lat' dir='ltr'><strong>insur-</strong></span> 
     </span>
    </p>
   </div>
   <div class='ocr_carea' id='block_1_51' title="bbox 1993 563 3580 635">
    <p class='ocr_par' dir='ltr' id='par_1_51' title="bbox 1993 563 3580 635">
     <span class='ocr_line' id='line_1_51' title="bbox 1993 563 3580 635; baseline 0.005 -19"><span class='ocrx_word' id='word_1_370' title='bbox 1993 572 2142 632; x_wconf 83' lang='lat' dir='ltr'><strong>gant,</strong></span> <span class='ocrx_word' id='word_1_371' title='bbox 2172 563 2310 618; x_wconf 90' lang='lat' dir='ltr'><strong>adeo</strong></span> <span class='ocrx_word' id='word_1_372' title='bbox 2345 573 2404 618; x_wconf 95' lang='lat' dir='ltr'><strong>ut</strong></span> <span class='ocrx_word' id='word_1_373' title='bbox 2437 565 2768 629; x_wconf 82' lang='lat' dir='ltr'><strong>recentiora,</strong></span> <span class='ocrx_word' id='word_1_374' title='bbox 2796 567 2882 620; x_wconf 87' lang='lat' dir='ltr'><strong>vel</strong></span> <span class='ocrx_word' id='word_1_375' title='bbox 2915 567 2962 621; x_wconf 89' lang='lat' dir='ltr'><strong>si</strong></span> <span class='ocrx_word' id='word_1_376' title='bbox 2999 569 3284 624; x_wconf 88' lang='lat' dir='ltr'><strong>mendacia</strong></span> <span class='ocrx_word' id='word_1_377' title='bbox 3319 570 3449 635; x_wconf 89' lang='lat' dir='ltr'><strong>sint,</strong></span> <span class='ocrx_word' id='word_1_378' title='bbox 3481 586 3580 624; x_wconf 87' lang='lat' dir='ltr'><strong>ne-</strong></span> 
     </span>
    </p>
   </div>
   <div class='ocr_carea' id='block_1_52' title="bbox 1993 655 3576 724">
    <p class='ocr_par' dir='ltr' id='par_1_52' title="bbox 1993 655 3576 724">
     <span class='ocr_line' id='line_1_52' title="bbox 1993 655 3576 724; baseline 0.004 -17"><span class='ocrx_word' id='word_1_379' title='bbox 1993 669 2102 724; x_wconf 89' lang='lat' dir='ltr'><strong>que</strong></span> <span class='ocrx_word' id='word_1_380' title='bbox 2139 655 2250 709; x_wconf 92' lang='lat' dir='ltr'><strong>ulla</strong></span> <span class='ocrx_word' id='word_1_381' title='bbox 2287 655 2414 710; x_wconf 88' lang='lat' dir='ltr'><strong>inde</strong></span> <span class='ocrx_word' id='word_1_382' title='bbox 2450 657 2504 709; x_wconf 90' lang='lat' dir='ltr'><strong>in</strong></span> <span class='ocrx_word' id='word_1_383' title='bbox 2542 656 2781 710; x_wconf 87' lang='lat' dir='ltr'><strong>animam</strong></span> <span class='ocrx_word' id='word_1_384' title='bbox 2818 657 3029 713; x_wconf 92' lang='lat' dir='ltr'><strong>utilitas</strong></span> <span class='ocrx_word' id='word_1_385' title='bbox 3066 659 3359 722; x_wconf 90' lang='lat' dir='ltr'><strong>redundet,</strong></span> <span class='ocrx_word' id='word_1_386' title='bbox 3395 668 3576 713; x_wconf 89' lang='lat' dir='ltr'><strong>tamen</strong></span> 
     </span>
    </p>
   </div>
   <div class='ocr_carea' id='block_1_53' title="bbox 1992 746 3572 819">
    <p class='ocr_par' dir='ltr' id='par_1_53' title="bbox 1992 746 3572 819">
     <span class='ocr_line' id='line_1_53' title="bbox 1992 746 3572 819; baseline 0.003 -19"><span class='ocrx_word' id='word_1_387' title='bbox 1992 747 2250 806; x_wconf 74' lang='lat' dir='ltr'><strong>lubenter</strong></span> <span class='ocrx_word' id='word_1_388' title='bbox 2304 746 2592 816; x_wconf 84' lang='lat' dir='ltr'><strong>recipiant.</strong></span> <span class='ocrx_word' id='word_1_389' title='bbox 2647 747 2858 803; x_wconf 74' lang='lat' dir='ltr'><strong>Animae</strong></span> <span class='ocrx_word' id='word_1_390' title='bbox 2910 751 3214 819; x_wconf 70' lang='lat' dir='ltr'><strong>praesertim</strong></span> <span class='ocrx_word' id='word_1_391' title='bbox 3279 752 3572 806; x_wconf 89' lang='lat' dir='ltr'><strong>commodo</strong></span> 
     </span>
    </p>
   </div>
   <div class='ocr_carea' id='block_1_54' title="bbox 1993 838 3570 912">
    <p class='ocr_par' dir='ltr' id='par_1_54' title="bbox 1993 838 3570 912">
     <span class='ocr_line' id='line_1_54' title="bbox 1993 838 3570 912; baseline 0.002 -19"><span class='ocrx_word' id='word_1_392' title='bbox 1993 838 2176 893; x_wconf 91' lang='lat' dir='ltr'><strong>omnis</strong></span> <span class='ocrx_word' id='word_1_393' title='bbox 2221 840 2348 907; x_wconf 87' lang='lat' dir='ltr'><strong>pius</strong></span> <span class='ocrx_word' id='word_1_394' title='bbox 2394 847 2450 893; x_wconf 89' lang='lat' dir='ltr'><strong>et</strong></span> <span class='ocrx_word' id='word_1_395' title='bbox 2493 855 2678 894; x_wconf 86' lang='lat' dir='ltr'><strong>sermo</strong></span> <span class='ocrx_word' id='word_1_396' title='bbox 2723 849 2780 894; x_wconf 90' lang='lat' dir='ltr'><strong>et</strong></span> <span class='ocrx_word' id='word_1_397' title='bbox 2821 841 2977 895; x_wconf 90' lang='lat' dir='ltr'><strong>labor</strong></span> <span class='ocrx_word' id='word_1_398' title='bbox 3018 842 3274 897; x_wconf 88' lang='lat' dir='ltr'><strong>salutaris</strong></span> <span class='ocrx_word' id='word_1_399' title='bbox 3319 844 3570 912; x_wconf 68' lang='lat' dir='ltr'><strong>praedica-</strong></span> 
     </span>
    </p>
   </div>
   <div class='ocr_carea' id='block_1_55' title="bbox 1994 927 3578 998">
    <p class='ocr_par' dir='ltr' id='par_1_55' title="bbox 1994 927 3578 998">
     <span class='ocr_line' id='line_1_55' title="bbox 1994 927 3578 998; baseline 0.004 -20"><span class='ocrx_word' id='word_1_400' title='bbox 1994 933 2104 991; x_wconf 92' lang='lat' dir='ltr'><strong>tur,</strong></span> <span class='ocrx_word' id='word_1_401' title='bbox 2139 927 2529 992; x_wconf 86' lang='lat' dir='ltr'><strong>conscribitur,</strong></span> <span class='ocrx_word' id='word_1_402' title='bbox 2562 939 2884 994; x_wconf 87' lang='lat' dir='ltr'><strong>accuratur;</strong></span> <span class='ocrx_word' id='word_1_403' title='bbox 2925 946 3160 998; x_wconf 91' lang='lat' dir='ltr'><strong>quorum</strong></span> <span class='ocrx_word' id='word_1_404' title='bbox 3206 931 3344 986; x_wconf 84' lang='lat' dir='ltr'><strong>alter</strong></span> <span class='ocrx_word' id='word_1_405' title='bbox 3387 940 3578 986; x_wconf 89' lang='lat' dir='ltr'><strong>contra</strong></span> 
     </span>
    </p>
   </div>
   <div class='ocr_carea' id='block_1_56' title="bbox 1995 1015 3576 1088">
    <p class='ocr_par' dir='ltr' id='par_1_56' title="bbox 1995 1015 3576 1088">
     <span class='ocr_line' id='line_1_56' title="bbox 1995 1015 3576 1088; baseline 0.003 -19"><span class='ocrx_word' id='word_1_406' title='bbox 1995 1015 2397 1086; x_wconf 76' lang='lat' dir='ltr'><strong>ignorantiam,</strong></span> <span class='ocrx_word' id='word_1_407' title='bbox 2453 1016 2594 1070; x_wconf 85' lang='lat' dir='ltr'><strong>alter</strong></span> <span class='ocrx_word' id='word_1_408' title='bbox 2647 1026 2839 1072; x_wconf 89' lang='lat' dir='ltr'><strong>contra</strong></span> <span class='ocrx_word' id='word_1_409' title='bbox 2895 1019 3234 1088; x_wconf 88' lang='lat' dir='ltr'><strong>voluptatem</strong></span> <span class='ocrx_word' id='word_1_410' title='bbox 3299 1030 3576 1083; x_wconf 84' lang='lat' dir='ltr'><strong>armatur,</strong></span> 
     </span>
    </p>
   </div>
   <div class='ocr_carea' id='block_1_57' title="bbox 1995 1105 3581 1177">
    <p class='ocr_par' dir='ltr' id='par_1_57' title="bbox 1995 1105 3581 1177">
     <span class='ocr_line' id='line_1_57' title="bbox 1995 1105 3581 1177; baseline 0.002 -18"><span class='ocrx_word' id='word_1_411' title='bbox 1995 1106 2134 1160; x_wconf 84' lang='lat' dir='ltr'><strong>alter</strong></span> <span class='ocrx_word' id='word_1_412' title='bbox 2167 1113 2227 1160; x_wconf 93' lang='lat' dir='ltr'><strong>ut</strong></span> <span class='ocrx_word' id='word_1_413' title='bbox 2259 1105 2495 1160; x_wconf 78' lang='lat' dir='ltr'><strong>infirmis</strong></span> <span class='ocrx_word' id='word_1_414' title='bbox 2528 1117 2584 1160; x_wconf 89' lang='lat' dir='ltr'><strong>et</strong></span> <span class='ocrx_word' id='word_1_415' title='bbox 2617 1107 2827 1160; x_wconf 88' lang='lat' dir='ltr'><strong>mutilis</strong></span> <span class='ocrx_word' id='word_1_416' title='bbox 2862 1107 3058 1162; x_wconf 71' lang='lat' dir='ltr'><strong>anima:</strong></span> <span class='ocrx_word' id='word_1_417' title='bbox 3090 1110 3339 1177; x_wconf 91' lang='lat' dir='ltr'><strong>partibus</strong></span> <span class='ocrx_word' id='word_1_418' title='bbox 3379 1111 3581 1166; x_wconf 83' lang='lat' dir='ltr'><strong>excisis</strong></span> 
     </span>
    </p>
   </div>
   <div class='ocr_carea' id='block_1_58' title="bbox 1994 1197 3580 1270">
    <p class='ocr_par' dir='ltr' id='par_1_58' title="bbox 1994 1197 3580 1270">
     <span class='ocr_line' id='line_1_58' title="bbox 1994 1197 3580 1270; baseline 0.002 -18"><span class='ocrx_word' id='word_1_419' title='bbox 1994 1213 2092 1252; x_wconf 88' lang='lat' dir='ltr'><strong>eos</strong></span> <span class='ocrx_word' id='word_1_420' title='bbox 2123 1197 2220 1266; x_wconf 85' lang='lat' dir='ltr'><strong>qui</strong></span> <span class='ocrx_word' id='word_1_421' title='bbox 2255 1212 2356 1266; x_wconf 87' lang='lat' dir='ltr'><strong>per</strong></span> <span class='ocrx_word' id='word_1_422' title='bbox 2385 1197 2758 1267; x_wconf 79' lang='lat' dir='ltr'><strong>cognitionem</strong></span> <span class='ocrx_word' id='word_1_423' title='bbox 2788 1197 3079 1252; x_wconf 86' lang='lat' dir='ltr'><strong>veritatem</strong></span> <span class='ocrx_word' id='word_1_424' title='bbox 3112 1199 3320 1254; x_wconf 84' lang='lat' dir='ltr'><strong>habent</strong></span> <span class='ocrx_word' id='word_1_425' title='bbox 3346 1201 3580 1270; x_wconf 89' lang='lat' dir='ltr'><strong>ideoque</strong></span> 
     </span>
    </p>
   </div>
   <div class='ocr_carea' id='block_1_59' title="bbox 1997 1287 3581 1358">
    <p class='ocr_par' dir='ltr' id='par_1_59' title="bbox 1997 1287 3581 1358">
     <span class='ocr_line' id='line_1_59' title="bbox 1997 1287 3581 1358; baseline 0.001 -16"><span class='ocrx_word' id='word_1_426' title='bbox 1997 1289 2051 1342; x_wconf 91' lang='lat' dir='ltr'><strong>in</strong></span> <span class='ocrx_word' id='word_1_427' title='bbox 2085 1289 2394 1358; x_wconf 88' lang='lat' dir='ltr'><strong>disciplinis</strong></span> <span class='ocrx_word' id='word_1_428' title='bbox 2421 1289 2633 1342; x_wconf 82' lang='lat' dir='ltr'><strong>versari</strong></span> <span class='ocrx_word' id='word_1_429' title='bbox 2663 1287 2936 1358; x_wconf 80' lang='lat' dir='ltr'><strong>gaudent,</strong></span> <span class='ocrx_word' id='word_1_430' title='bbox 2964 1289 3076 1342; x_wconf 85' lang='lat' dir='ltr'><strong>Deo</strong></span> <span class='ocrx_word' id='word_1_431' title='bbox 3109 1289 3396 1354; x_wconf 88' lang='lat' dir='ltr'><strong>conciliet,</strong></span> <span class='ocrx_word' id='word_1_432' title='bbox 3429 1306 3581 1343; x_wconf 88' lang='lat' dir='ltr'><strong>men-</strong></span> 
     </span>
    </p>
   </div>
   <div class='ocr_carea' id='block_1_60' title="bbox 1998 1381 3644 1451">
    <p class='ocr_par' dir='ltr' id='par_1_60' title="bbox 1998 1381 3644 1451">
     <span class='ocr_line' id='line_1_60' title="bbox 1998 1381 3644 1451; baseline -0.002 -14"><span class='ocrx_word' id='word_1_433' title='bbox 1998 1391 2219 1451; x_wconf 85' lang='lat' dir='ltr'><strong>temque</strong></span> <span class='ocrx_word' id='word_1_434' title='bbox 2260 1396 2480 1434; x_wconf 85' lang='lat' dir='ltr'><strong>sursum</strong></span> <span class='ocrx_word' id='word_1_435' title='bbox 2521 1396 2688 1449; x_wconf 87' lang='lat' dir='ltr'><strong>supra</strong></span> <span class='ocrx_word' id='word_1_436' title='bbox 2728 1396 2792 1434; x_wconf 91' lang='lat' dir='ltr'><strong>ea</strong></span> <span class='ocrx_word' id='word_1_437' title='bbox 2833 1397 2953 1450; x_wconf 66' lang='lat' dir='ltr'><strong>qua:</strong></span> <span class='ocrx_word' id='word_1_438' title='bbox 2991 1381 3254 1435; x_wconf 87' lang='lat' dir='ltr'><strong>videntur</strong></span> <span class='ocrx_word' id='word_1_439' title='bbox 3293 1390 3349 1434; x_wconf 91' lang='lat' dir='ltr'><strong>et</strong></span> <span class='ocrx_word' id='word_1_440' title='bbox 3385 1383 3585 1437; x_wconf 88' lang='lat' dir='ltr'><strong>intelli-</strong></span> <span class='ocrx_word' id='word_1_441' title='bbox 3628 1399 3644 1417; x_wconf 74' lang='grc' dir='ltr'><strong>ο</strong></span> 
     </span>
    </p>
   </div>
   <div class='ocr_carea' id='block_1_61' title="bbox 1995 1471 3585 1545">
    <p class='ocr_par' dir='ltr' id='par_1_61' title="bbox 1995 1471 3585 1545">
     <span class='ocr_line' id='line_1_61' title="bbox 1995 1471 3585 1545; baseline 0 -19"><span class='ocrx_word' id='word_1_442' title='bbox 1995 1481 2201 1545; x_wconf 89' lang='lat' dir='ltr'><strong>guntur</strong></span> <span class='ocrx_word' id='word_1_443' title='bbox 2250 1472 2506 1526; x_wconf 89' lang='lat' dir='ltr'><strong>emissam</strong></span> <span class='ocrx_word' id='word_1_444' title='bbox 2563 1471 2833 1525; x_wconf 72' lang='lat' dir='ltr'><strong>ineffabili</strong></span> <span class='ocrx_word' id='word_1_445' title='bbox 2891 1471 3095 1526; x_wconf 62' lang='lat' dir='ltr'><strong>divina:</strong></span> <span class='ocrx_word' id='word_1_446' title='bbox 3153 1471 3585 1541; x_wconf 86' lang='lat' dir='ltr'><strong>pulchritudinis</strong></span> 
     </span>
    </p>
   </div>
   <div class='ocr_carea' id='block_1_62' title="bbox 1995 1562 3582 1632">
    <p class='ocr_par' dir='ltr' id='par_1_62' title="bbox 1995 1562 3582 1632">
     <span class='ocr_line' id='line_1_62' title="bbox 1995 1562 3582 1632; baseline -0.003 -13"><span class='ocrx_word' id='word_1_447' title='bbox 1995 1579 2182 1620; x_wconf 88' lang='lat' dir='ltr'><strong>amore</strong></span> <span class='ocrx_word' id='word_1_448' title='bbox 2211 1563 2543 1627; x_wconf 89' lang='lat' dir='ltr'><strong>demulceat,</strong></span> <span class='ocrx_word' id='word_1_449' title='bbox 2569 1572 2736 1631; x_wconf 90' lang='lat' dir='ltr'><strong>atque</strong></span> <span class='ocrx_word' id='word_1_450' title='bbox 2766 1562 2841 1616; x_wconf 86' lang='lat' dir='ltr'><strong>ita</strong></span> <span class='ocrx_word' id='word_1_451' title='bbox 2869 1562 3051 1632; x_wconf 78' lang='lat' dir='ltr'><strong>alligat</strong></span> <span class='ocrx_word' id='word_1_452' title='bbox 3079 1570 3140 1616; x_wconf 93' lang='lat' dir='ltr'><strong>ut</strong></span> <span class='ocrx_word' id='word_1_453' title='bbox 3172 1564 3327 1617; x_wconf 89' lang='lat' dir='ltr'><strong>nullo</strong></span> <span class='ocrx_word' id='word_1_454' title='bbox 3351 1578 3582 1632; x_wconf 89' lang='lat' dir='ltr'><strong>usquam</strong></span> 
     </span>
    </p>
   </div>
   <div class='ocr_carea' id='block_1_63' title="bbox 1995 1653 3580 1731">
    <p class='ocr_par' dir='ltr' id='par_1_63' title="bbox 1995 1653 3580 1731">
     <span class='ocr_line' id='line_1_63' title="bbox 1995 1653 3580 1731; baseline -0.002 -19"><span class='ocrx_word' id='word_1_455' title='bbox 1995 1655 2274 1712; x_wconf 88' lang='lat' dir='ltr'><strong>desiderio</strong></span> <span class='ocrx_word' id='word_1_456' title='bbox 2320 1653 2592 1731; x_wconf 85' lang='lat' dir='ltr'><strong>stimulari</strong></span> <span class='ocrx_word' id='word_1_457' title='bbox 2642 1653 2844 1723; x_wconf 88' lang='lat' dir='ltr'><strong>possit,</strong></span> <span class='ocrx_word' id='word_1_458' title='bbox 2878 1653 2994 1707; x_wconf 76' lang='lat' dir='ltr'><strong>sive</strong></span> <span class='ocrx_word' id='word_1_459' title='bbox 3041 1653 3226 1722; x_wconf 88' lang='lat' dir='ltr'><strong>potius</strong></span> <span class='ocrx_word' id='word_1_460' title='bbox 3270 1670 3430 1724; x_wconf 89' lang='lat' dir='ltr'><strong>posse</strong></span> <span class='ocrx_word' id='word_1_461' title='bbox 3472 1671 3580 1711; x_wconf 72' lang='lat' dir='ltr'><strong>non</strong></span> 
     </span>
    </p>
   </div>
   <div class='ocr_carea' id='block_1_64' title="bbox 1997 1746 3576 1816">
    <p class='ocr_par' dir='ltr' id='par_1_64' title="bbox 1997 1746 3576 1816">
     <span class='ocr_line' id='line_1_64' title="bbox 1997 1746 3576 1816; baseline -0.003 -11"><span class='ocrx_word' id='word_1_462' title='bbox 1997 1750 2270 1806; x_wconf 89' lang='lat' dir='ltr'><strong>sustineat</strong></span> <span class='ocrx_word' id='word_1_463' title='bbox 2304 1766 2316 1801; x_wconf 94' lang='lat'>:</span> <span class='ocrx_word' id='word_1_464' title='bbox 2353 1749 2492 1802; x_wconf 89' lang='lat' dir='ltr'><strong>alter</strong></span> <span class='ocrx_word' id='word_1_465' title='bbox 2523 1755 2584 1800; x_wconf 93' lang='lat' dir='ltr'><strong>ut</strong></span> <span class='ocrx_word' id='word_1_466' title='bbox 2615 1746 2913 1816; x_wconf 80' lang='lat' dir='ltr'><strong>voluptatis</strong></span> <span class='ocrx_word' id='word_1_467' title='bbox 2944 1746 3165 1801; x_wconf 89' lang='lat' dir='ltr'><strong>habitus</strong></span> <span class='ocrx_word' id='word_1_468' title='bbox 3196 1747 3380 1801; x_wconf 81' lang='lat' dir='ltr'><strong>clavos</strong></span> <span class='ocrx_word' id='word_1_469' title='bbox 3419 1762 3576 1800; x_wconf 77' lang='lat' dir='ltr'><strong>excu-</strong></span> 
     </span>
    </p>
   </div>
   <div class='ocr_carea' id='block_1_65' title="bbox 1999 1837 3581 1910">
    <p class='ocr_par' dir='ltr' id='par_1_65' title="bbox 1999 1837 3581 1910">
     <span class='ocr_line' id='line_1_65' title="bbox 1999 1837 3581 1910; baseline -0.003 -14"><span class='ocrx_word' id='word_1_470' title='bbox 1999 1842 2100 1896; x_wconf 91' lang='lat' dir='ltr'><strong>tiat</strong></span> <span class='ocrx_word' id='word_1_471' title='bbox 2121 1840 2325 1910; x_wconf 90' lang='lat' dir='ltr'><strong>quibus</strong></span> <span class='ocrx_word' id='word_1_472' title='bbox 2354 1839 2552 1893; x_wconf 79' lang='lat' dir='ltr'><strong>anima:</strong></span> <span class='ocrx_word' id='word_1_473' title='bbox 2578 1837 2724 1892; x_wconf 91' lang='lat' dir='ltr'><strong>circa</strong></span> <span class='ocrx_word' id='word_1_474' title='bbox 2749 1839 2922 1891; x_wconf 89' lang='lat' dir='ltr'><strong>Deum</strong></span> <span class='ocrx_word' id='word_1_475' title='bbox 2951 1837 3291 1892; x_wconf 88' lang='lat' dir='ltr'><strong>desiderium</strong></span> <span class='ocrx_word' id='word_1_476' title='bbox 3320 1846 3377 1892; x_wconf 90' lang='lat' dir='ltr'><strong>et</strong></span> <span class='ocrx_word' id='word_1_477' title='bbox 3404 1839 3581 1893; x_wconf 87' lang='lat' dir='ltr'><strong>inten-</strong></span> 
     </span>
    </p>
   </div>
   <div class='ocr_carea' id='block_1_66' title="bbox 1999 1928 3583 1988">
    <p class='ocr_par' dir='ltr' id='par_1_66' title="bbox 1999 1928 3583 1988">
     <span class='ocr_line' id='line_1_66' title="bbox 1999 1928 3583 1988; baseline -0.003 0"><span class='ocrx_word' id='word_1_478' title='bbox 1999 1935 2074 1988; x_wconf 93' lang='lat' dir='ltr'><strong>tio</strong></span> <span class='ocrx_word' id='word_1_479' title='bbox 2104 1933 2172 1988; x_wconf 91' lang='lat' dir='ltr'><strong>de</strong></span> <span class='ocrx_word' id='word_1_480' title='bbox 2204 1940 2390 1986; x_wconf 85' lang='lat' dir='ltr'><strong>vetere</strong></span> <span class='ocrx_word' id='word_1_481' title='bbox 2427 1929 2816 1984; x_wconf 80' lang='lat' dir='ltr'><strong>inobedientiae</strong></span> <span class='ocrx_word' id='word_1_482' title='bbox 2848 1928 3051 1983; x_wconf 90' lang='lat' dir='ltr'><strong>delicto</strong></span> <span class='ocrx_word' id='word_1_483' title='bbox 3093 1930 3160 1984; x_wconf 90' lang='lat' dir='ltr'><strong>ad</strong></span> <span class='ocrx_word' id='word_1_484' title='bbox 3201 1930 3490 1984; x_wconf 90' lang='lat' dir='ltr'><strong>materiam</strong></span> <span class='ocrx_word' id='word_1_485' title='bbox 3527 1939 3583 1984; x_wconf 88' lang='lat' dir='ltr'><strong>et</strong></span> 
     </span>
    </p>
   </div>
   <div class='ocr_carea' id='block_1_67' title="bbox 1995 2023 3584 2097">
    <p class='ocr_par' dir='ltr' id='par_1_67' title="bbox 1995 2023 3584 2097">
     <span class='ocr_line' id='line_1_67' title="bbox 1995 2023 3584 2097; baseline -0.002 -15"><span class='ocrx_word' id='word_1_486' title='bbox 1995 2043 2060 2082; x_wconf 89' lang='lat' dir='ltr'><strong>ea</strong></span> <span class='ocrx_word' id='word_1_487' title='bbox 2088 2041 2210 2097; x_wconf 68' lang='lat' dir='ltr'><strong>quae</strong></span> <span class='ocrx_word' id='word_1_488' title='bbox 2232 2023 2483 2080; x_wconf 89' lang='lat' dir='ltr'><strong>interitui</strong></span> <span class='ocrx_word' id='word_1_489' title='bbox 2509 2024 2793 2094; x_wconf 84' lang='lat' dir='ltr'><strong>subjacent</strong></span> <span class='ocrx_word' id='word_1_490' title='bbox 2817 2023 3091 2093; x_wconf 88' lang='lat' dir='ltr'><strong>applicata</strong></span> <span class='ocrx_word' id='word_1_491' title='bbox 3115 2033 3266 2088; x_wconf 91' lang='lat' dir='ltr'><strong>sunt,</strong></span> <span class='ocrx_word' id='word_1_492' title='bbox 3293 2031 3349 2078; x_wconf 90' lang='lat' dir='ltr'><strong>et</strong></span> <span class='ocrx_word' id='word_1_493' title='bbox 3375 2023 3584 2094; x_wconf 86' lang='lat' dir='ltr'><strong>impro-</strong></span> 
     </span>
    </p>
   </div>
   <div class='ocr_carea' id='block_1_68' title="bbox 1995 2112 3584 2177">
    <p class='ocr_par' dir='ltr' id='par_1_68' title="bbox 1995 2112 3584 2177">
     <span class='ocr_line' id='line_1_68' title="bbox 1995 2112 3584 2177; baseline 0.001 -9"><span class='ocrx_word' id='word_1_494' title='bbox 1995 2115 2166 2168; x_wconf 87' lang='lat' dir='ltr'><strong>bitate</strong></span> <span class='ocrx_word' id='word_1_495' title='bbox 2195 2113 2420 2167; x_wconf 85' lang='lat' dir='ltr'><strong>indutos</strong></span> <span class='ocrx_word' id='word_1_496' title='bbox 2449 2112 2668 2177; x_wconf 88' lang='lat' dir='ltr'><strong>liberet,</strong></span> <span class='ocrx_word' id='word_1_497' title='bbox 2689 2119 2745 2167; x_wconf 92' lang='lat' dir='ltr'><strong>et</strong></span> <span class='ocrx_word' id='word_1_498' title='bbox 2774 2112 3003 2167; x_wconf 85' lang='lat' dir='ltr'><strong>virtutis</strong></span> <span class='ocrx_word' id='word_1_499' title='bbox 3024 2128 3192 2167; x_wconf 87' lang='lat' dir='ltr'><strong>veros</strong></span> <span class='ocrx_word' id='word_1_500' title='bbox 3215 2113 3379 2169; x_wconf 84' lang='lat' dir='ltr'><strong>faciat</strong></span> <span class='ocrx_word' id='word_1_501' title='bbox 3403 2116 3584 2170; x_wconf 81' lang='lat' dir='ltr'><strong>culto—</strong></span> 
     </span>
    </p>
   </div>
   <div class='ocr_carea' id='block_1_69' title="bbox 1996 2204 3583 2278">
    <p class='ocr_par' dir='ltr' id='par_1_69' title="bbox 1996 2204 3583 2278">
     <span class='ocr_line' id='line_1_69' title="bbox 1996 2204 3583 2278; baseline 0 -18"><span class='ocrx_word' id='word_1_502' title='bbox 1996 2222 2116 2272; x_wconf 89' lang='lat' dir='ltr'><strong>res,</strong></span> <span class='ocrx_word' id='word_1_503' title='bbox 2148 2213 2205 2260; x_wconf 91' lang='lat' dir='ltr'><strong>et</strong></span> <span class='ocrx_word' id='word_1_504' title='bbox 2245 2204 2559 2258; x_wconf 90' lang='lat' dir='ltr'><strong>immobiles</strong></span> <span class='ocrx_word' id='word_1_505' title='bbox 2599 2219 2702 2258; x_wconf 90' lang='lat' dir='ltr'><strong>nos</strong></span> <span class='ocrx_word' id='word_1_506' title='bbox 2740 2213 2796 2259; x_wconf 91' lang='lat' dir='ltr'><strong>et</strong></span> <span class='ocrx_word' id='word_1_507' title='bbox 2840 2205 3200 2278; x_wconf 78' lang='lat' dir='ltr'><strong>ipconcussos</strong></span> <span class='ocrx_word' id='word_1_508' title='bbox 3237 2215 3383 2260; x_wconf 89' lang='lat' dir='ltr'><strong>stare</strong></span> <span class='ocrx_word' id='word_1_509' title='bbox 3421 2206 3583 2261; x_wconf 84' lang='lat' dir='ltr'><strong>faciat</strong></span> 
     </span>
    </p>
   </div>
   <div class='ocr_carea' id='block_1_70' title="bbox 1995 2296 3583 2369">
    <p class='ocr_par' dir='ltr' id='par_1_70' title="bbox 1995 2296 3583 2369">
     <span class='ocr_line' id='line_1_70' title="bbox 1995 2296 3583 2369; baseline 0 -16"><span class='ocrx_word' id='word_1_510' title='bbox 1995 2305 2189 2353; x_wconf 88' lang='lat' dir='ltr'><strong>contra</strong></span> <span class='ocrx_word' id='word_1_511' title='bbox 2233 2296 2417 2351; x_wconf 91' lang='lat' dir='ltr'><strong>omnia</strong></span> <span class='ocrx_word' id='word_1_512' title='bbox 2449 2312 2572 2366; x_wconf 64' lang='lat' dir='ltr'><strong>qua:</strong></span> <span class='ocrx_word' id='word_1_513' title='bbox 2601 2296 2799 2352; x_wconf 68' lang='lat' dir='ltr'><strong>anima:</strong></span> <span class='ocrx_word' id='word_1_514' title='bbox 2833 2313 2958 2352; x_wconf 92' lang='lat' dir='ltr'><strong>cum</strong></span> <span class='ocrx_word' id='word_1_515' title='bbox 2990 2297 3226 2353; x_wconf 90' lang='lat' dir='ltr'><strong>honesto</strong></span> <span class='ocrx_word' id='word_1_516' title='bbox 3258 2307 3314 2353; x_wconf 88' lang='lat' dir='ltr'><strong>et</strong></span> <span class='ocrx_word' id='word_1_517' title='bbox 3342 2299 3583 2369; x_wconf 87' lang='lat' dir='ltr'><strong>pulchro</strong></span> 
     </span>
    </p>
   </div>
   <div class='ocr_carea' id='block_1_71' title="bbox 1996 2387 3574 2460">
    <p class='ocr_par' dir='ltr' id='par_1_71' title="bbox 1996 2387 3574 2460">
     <span class='ocr_line' id='line_1_71' title="bbox 1996 2387 3574 2460; baseline 0.001 -16"><span class='ocrx_word' id='word_1_518' title='bbox 1996 2389 2423 2445; x_wconf 83' lang='lat' dir='ltr'><strong>familiaritatem</strong></span> <span class='ocrx_word' id='word_1_519' title='bbox 2471 2387 2769 2443; x_wconf 88' lang='lat' dir='ltr'><strong>ineundam</strong></span> <span class='ocrx_word' id='word_1_520' title='bbox 2815 2390 3114 2460; x_wconf 88' lang='lat' dir='ltr'><strong>prohibere</strong></span> <span class='ocrx_word' id='word_1_521' title='bbox 3153 2391 3470 2455; x_wconf 86' lang='lat' dir='ltr'><strong>videantur,</strong></span> <span class='ocrx_word' id='word_1_522' title='bbox 3506 2392 3574 2445; x_wconf 92' lang='lat' dir='ltr'><strong>ad</strong></span> 
     </span>
    </p>
   </div>
   <div class='ocr_carea' id='block_1_72' title="bbox 1995 2480 3584 2552">
    <p class='ocr_par' dir='ltr' id='par_1_72' title="bbox 1995 2480 3584 2552">
     <span class='ocr_line' id='line_1_72' title="bbox 1995 2480 3584 2552; baseline -0.001 -16"><span class='ocrx_word' id='word_1_523' title='bbox 1995 2481 2375 2536; x_wconf 91' lang='lat' dir='ltr'><strong>declinandam</strong></span> <span class='ocrx_word' id='word_1_524' title='bbox 2404 2480 2626 2550; x_wconf 84' lang='lat' dir='ltr'><strong>quidem</strong></span> <span class='ocrx_word' id='word_1_525' title='bbox 2654 2481 3017 2550; x_wconf 88' lang='lat' dir='ltr'><strong>voluptatem,</strong></span> <span class='ocrx_word' id='word_1_526' title='bbox 3047 2497 3170 2552; x_wconf 64' lang='lat' dir='ltr'><strong>qum</strong></span> <span class='ocrx_word' id='word_1_527' title='bbox 3199 2497 3300 2551; x_wconf 88' lang='lat' dir='ltr'><strong>per</strong></span> <span class='ocrx_word' id='word_1_528' title='bbox 3328 2481 3584 2536; x_wconf 88' lang='lat' dir='ltr'><strong>absurdi-</strong></span> 
     </span>
    </p>
   </div>
   <div class='ocr_carea' id='block_1_73' title="bbox 1988 2559 3586 2627">
    <p class='ocr_par' dir='ltr' id='par_1_73' title="bbox 1988 2559 3586 2627">
     <span class='ocr_line' id='line_1_73' title="bbox 1988 2559 3586 2627; baseline 0.001 -2"><span class='ocrx_word' id='word_1_529' title='bbox 1988 2559 2137 2626; x_wconf 14' lang='lat' dir='ltr'><strong>itates</strong></span> <span class='ocrx_word' id='word_1_530' title='bbox 2160 2579 2380 2625; x_wconf 89' lang='lat' dir='ltr'><strong>nostras</strong></span> <span class='ocrx_word' id='word_1_531' title='bbox 2405 2569 2790 2624; x_wconf 87' lang='lat' dir='ltr'><strong>fraudulenter</strong></span> <span class='ocrx_word' id='word_1_532' title='bbox 2813 2572 3030 2626; x_wconf 90' lang='lat' dir='ltr'><strong>consilii</strong></span> <span class='ocrx_word' id='word_1_533' title='bbox 3062 2572 3362 2626; x_wconf 85' lang='lat' dir='ltr'><strong>duritatem</strong></span> <span class='ocrx_word' id='word_1_534' title='bbox 3392 2573 3586 2627; x_wconf 89' lang='lat' dir='ltr'><strong>adula-</strong></span> 
     </span>
    </p>
   </div>
   <div class='ocr_carea' id='block_1_74' title="bbox 1997 2661 3585 2732">
    <p class='ocr_par' dir='ltr' id='par_1_74' title="bbox 1997 2661 3585 2732">
     <span class='ocr_line' id='line_1_74' title="bbox 1997 2661 3585 2732; baseline -0.001 -16"><span class='ocrx_word' id='word_1_535' title='bbox 1997 2669 2087 2716; x_wconf 91' lang='lat' dir='ltr'><strong>tur</strong></span> <span class='ocrx_word' id='word_1_536' title='bbox 2109 2670 2166 2716; x_wconf 89' lang='lat' dir='ltr'><strong>et</strong></span> <span class='ocrx_word' id='word_1_537' title='bbox 2195 2661 2392 2724; x_wconf 87' lang='lat' dir='ltr'><strong>mollit,</strong></span> <span class='ocrx_word' id='word_1_538' title='bbox 2415 2668 2472 2714; x_wconf 89' lang='lat' dir='ltr'><strong>et</strong></span> <span class='ocrx_word' id='word_1_539' title='bbox 2498 2661 2790 2729; x_wconf 85' lang='lat' dir='ltr'><strong>praesentia</strong></span> <span class='ocrx_word' id='word_1_540' title='bbox 2821 2661 3043 2726; x_wconf 90' lang='lat' dir='ltr'><strong>futuris,</strong></span> <span class='ocrx_word' id='word_1_541' title='bbox 3068 2677 3299 2732; x_wconf 63' lang='lat' dir='ltr'><strong>qumque</strong></span> <span class='ocrx_word' id='word_1_542' title='bbox 3325 2663 3585 2716; x_wconf 87' lang='lat' dir='ltr'><strong>videntur</strong></span> 
     </span>
    </p>
   </div>
   <div class='ocr_carea' id='block_1_75' title="bbox 1994 2751 3582 2823">
    <p class='ocr_par' dir='ltr' id='par_1_75' title="bbox 1994 2751 3582 2823">
     <span class='ocr_line' id='line_1_75' title="bbox 1994 2751 3582 2823; baseline -0.001 -14"><span class='ocrx_word' id='word_1_543' title='bbox 1994 2754 2079 2809; x_wconf 87' lang='lat' dir='ltr'><strong>eis</strong></span> <span class='ocrx_word' id='word_1_544' title='bbox 2106 2768 2236 2823; x_wconf 63' lang='lat' dir='ltr'><strong>qua:</strong></span> <span class='ocrx_word' id='word_1_545' title='bbox 2263 2751 2599 2822; x_wconf 83' lang='lat' dir='ltr'><strong>cogitatione</strong></span> <span class='ocrx_word' id='word_1_546' title='bbox 2633 2753 3022 2822; x_wconf 88' lang='lat' dir='ltr'><strong>percipiuntur</strong></span> <span class='ocrx_word' id='word_1_547' title='bbox 3056 2754 3318 2823; x_wconf 70' lang='lat' dir='ltr'><strong>pmferre</strong></span> <span class='ocrx_word' id='word_1_548' title='bbox 3351 2754 3582 2818; x_wconf 79' lang='lat' dir='ltr'><strong>suadet,</strong></span> 
     </span>
    </p>
   </div>
   <div class='ocr_carea' id='block_1_76' title="bbox 1996 2843 3590 2914">
    <p class='ocr_par' dir='ltr' id='par_1_76' title="bbox 1996 2843 3590 2914">
     <span class='ocr_line' id='line_1_76' title="bbox 1996 2843 3590 2914; baseline -0.001 -12"><span class='ocrx_word' id='word_1_549' title='bbox 1996 2847 2279 2902; x_wconf 88' lang='lat' dir='ltr'><strong>instruens</strong></span> <span class='ocrx_word' id='word_1_550' title='bbox 2312 2843 2674 2910; x_wconf 88' lang='lat' dir='ltr'><strong>continentia,</strong></span> <span class='ocrx_word' id='word_1_551' title='bbox 2709 2844 2777 2897; x_wconf 92' lang='lat' dir='ltr'><strong>ad</strong></span> <span class='ocrx_word' id='word_1_552' title='bbox 2821 2843 3212 2914; x_wconf 88' lang='lat' dir='ltr'><strong>deponendum</strong></span> <span class='ocrx_word' id='word_1_553' title='bbox 3251 2861 3384 2900; x_wconf 84' lang='lat' dir='ltr'><strong>vero</strong></span> <span class='ocrx_word' id='word_1_554' title='bbox 3426 2847 3590 2900; x_wconf 85' lang='lat' dir='ltr'><strong>timo-</strong></span> 
     </span>
    </p>
   </div>
   <div class='ocr_carea' id='block_1_77' title="bbox 1996 2936 3575 3009">
    <p class='ocr_par' dir='ltr' id='par_1_77' title="bbox 1996 2936 3575 3009">
     <span class='ocr_line' id='line_1_77' title="bbox 1996 2936 3575 3009; baseline -0.003 -13"><span class='ocrx_word' id='word_1_555' title='bbox 1996 2956 2114 2996; x_wconf 86' lang='lat' dir='ltr'><strong>rem</strong></span> <span class='ocrx_word' id='word_1_556' title='bbox 2145 2949 2310 3009; x_wconf 86' lang='lat' dir='ltr'><strong>atque</strong></span> <span class='ocrx_word' id='word_1_557' title='bbox 2339 2945 2570 3002; x_wconf 88' lang='lat' dir='ltr'><strong>metum,</strong></span> <span class='ocrx_word' id='word_1_558' title='bbox 2594 2936 2689 3006; x_wconf 90' lang='lat' dir='ltr'><strong>qui</strong></span> <span class='ocrx_word' id='word_1_559' title='bbox 2721 2936 2823 3007; x_wconf 90' lang='lat' dir='ltr'><strong>ipsi</strong></span> <span class='ocrx_word' id='word_1_560' title='bbox 2855 2937 3175 3006; x_wconf 88' lang='lat' dir='ltr'><strong>gravissima</strong></span> <span class='ocrx_word' id='word_1_561' title='bbox 3206 2953 3439 3006; x_wconf 62' lang='lat' dir='ltr'><strong>quaeque</strong></span> <span class='ocrx_word' id='word_1_562' title='bbox 3465 2954 3575 2992; x_wconf 85' lang='lat' dir='ltr'><strong>non</strong></span> 
     </span>
    </p>
   </div>
   <div class='ocr_carea' id='block_1_78' title="bbox 1998 3029 3585 3100">
    <p class='ocr_par' dir='ltr' id='par_1_78' title="bbox 1998 3029 3585 3100">
     <span class='ocr_line' id='line_1_78' title="bbox 1998 3029 3585 3100; baseline -0.003 -11"><span class='ocrx_word' id='word_1_563' title='bbox 1998 3035 2057 3089; x_wconf 89' lang='lat' dir='ltr'><strong>in</strong></span> <span class='ocrx_word' id='word_1_564' title='bbox 2100 3042 2292 3088; x_wconf 89' lang='lat' dir='ltr'><strong>nostra</strong></span> <span class='ocrx_word' id='word_1_565' title='bbox 2336 3047 2504 3086; x_wconf 91' lang='lat' dir='ltr'><strong>manu</strong></span> <span class='ocrx_word' id='word_1_566' title='bbox 2545 3031 2643 3086; x_wconf 89' lang='lat' dir='ltr'><strong>sed</strong></span> <span class='ocrx_word' id='word_1_567' title='bbox 2684 3029 2984 3085; x_wconf 89' lang='lat' dir='ltr'><strong>humanam</strong></span> <span class='ocrx_word' id='word_1_568' title='bbox 3029 3038 3359 3100; x_wconf 87' lang='lat' dir='ltr'><strong>potestatem</strong></span> <span class='ocrx_word' id='word_1_569' title='bbox 3407 3031 3585 3085; x_wconf 72' lang='lat' dir='ltr'><strong>videri</strong></span> 
     </span>
    </p>
   </div>
   <div class='ocr_carea' id='block_1_79' title="bbox 2001 3117 3586 3193">
    <p class='ocr_par' dir='ltr' id='par_1_79' title="bbox 2001 3117 3586 3193">
     <span class='ocr_line' id='line_1_79' title="bbox 2001 3117 3586 3193; baseline -0.005 -15"><span class='ocrx_word' id='word_1_570' title='bbox 2001 3137 2265 3193; x_wconf 85' lang='lat' dir='ltr'><strong>superare</strong></span> <span class='ocrx_word' id='word_1_571' title='bbox 2325 3117 2666 3189; x_wconf 89' lang='lat' dir='ltr'><strong>persuadent</strong></span> <span class='ocrx_word' id='word_1_572' title='bbox 2713 3118 3098 3188; x_wconf 87' lang='lat' dir='ltr'><strong>violenterque</strong></span> <span class='ocrx_word' id='word_1_573' title='bbox 3159 3135 3258 3188; x_wconf 89' lang='lat' dir='ltr'><strong>per</strong></span> <span class='ocrx_word' id='word_1_574' title='bbox 3309 3129 3586 3173; x_wconf 86' lang='lat' dir='ltr'><strong>terrorum</strong></span> 
     </span>
    </p>
   </div>
   <div class='ocr_carea' id='block_1_80' title="bbox 2001 3209 3588 3280">
    <p class='ocr_par' dir='ltr' id='par_1_80' title="bbox 2001 3209 3588 3280">
     <span class='ocr_line' id='line_1_80' title="bbox 2001 3209 3588 3280; baseline -0.004 -11"><span class='ocrx_word' id='word_1_575' title='bbox 2001 3213 2347 3269; x_wconf 86' lang='lat' dir='ltr'><strong>invasionem</strong></span> <span class='ocrx_word' id='word_1_576' title='bbox 2381 3210 2611 3266; x_wconf 78' lang='lat' dir='ltr'><strong>rationis</strong></span> <span class='ocrx_word' id='word_1_577' title='bbox 2640 3209 2968 3280; x_wconf 89' lang='lat' dir='ltr'><strong>consiliique</strong></span> <span class='ocrx_word' id='word_1_578' title='bbox 3003 3210 3359 3266; x_wconf 88' lang='lat' dir='ltr'><strong>sobrietatem</strong></span> <span class='ocrx_word' id='word_1_579' title='bbox 3397 3212 3588 3280; x_wconf 85' lang='lat' dir='ltr'><strong>oppri-</strong></span> 
     </span>
    </p>
   </div>
   <div class='ocr_carea' id='block_1_81' title="bbox 2001 3302 3589 3367">
    <p class='ocr_par' dir='ltr' id='par_1_81' title="bbox 2001 3302 3589 3367">
     <span class='ocr_line' id='line_1_81' title="bbox 2001 3302 3589 3367; baseline -0.003 -7"><span class='ocrx_word' id='word_1_580' title='bbox 2001 3321 2152 3360; x_wconf 89' lang='lat' dir='ltr'><strong>mere</strong></span> <span class='ocrx_word' id='word_1_581' title='bbox 2185 3314 2482 3367; x_wconf 90' lang='lat' dir='ltr'><strong>conantur,</strong></span> <span class='ocrx_word' id='word_1_582' title='bbox 2515 3303 2798 3358; x_wconf 90' lang='lat' dir='ltr'><strong>instruens</strong></span> <span class='ocrx_word' id='word_1_583' title='bbox 2833 3303 3144 3357; x_wconf 89' lang='lat' dir='ltr'><strong>constantia</strong></span> <span class='ocrx_word' id='word_1_584' title='bbox 3176 3311 3231 3356; x_wconf 90' lang='lat' dir='ltr'><strong>et</strong></span> <span class='ocrx_word' id='word_1_585' title='bbox 3263 3302 3589 3357; x_wconf 87' lang='lat' dir='ltr'><strong>fortitudine</strong></span> 
     </span>
    </p>
   </div>
   <div class='ocr_carea' id='block_1_82' title="bbox 2000 3376 3590 3463">
    <p class='ocr_par' dir='ltr' id='par_1_82' title="bbox 2000 3376 3590 3463">
     <span class='ocr_line' id='line_1_82' title="bbox 2000 3376 3590 3463; baseline -0.001 -13"><span class='ocrx_word' id='word_1_586' title='bbox 2000 3395 2129 3450; x_wconf 87' lang='lat' dir='ltr'><strong>inde</strong></span> <span class='ocrx_word' id='word_1_587' title='bbox 2160 3403 2562 3455; x_wconf 86' lang='lat' dir='ltr'><strong>consummata,</strong></span> <span class='ocrx_word' id='word_1_588' title='bbox 2589 3393 2780 3448; x_wconf 89' lang='lat' dir='ltr'><strong>habitu</strong></span> <span class='ocrx_word' id='word_1_589' title='bbox 2811 3394 2876 3448; x_wconf 89' lang='lat' dir='ltr'><strong>ad</strong></span> <span class='ocrx_word' id='word_1_590' title='bbox 2912 3376 3223 3463; x_wconf 22' lang='lat' dir='ltr'><strong>quamlibet.</strong></span> <span class='ocrx_word' id='word_1_591' title='bbox 3243 3410 3434 3448; x_wconf 93' lang='lat' dir='ltr'><strong>eorum</strong></span> <span class='ocrx_word' id='word_1_592' title='bbox 3467 3411 3590 3463; x_wconf 83' lang='lat' dir='ltr'><strong>qme</strong></span> 
     </span>
    </p>
   </div>
   <div class='ocr_carea' id='block_1_83' title="bbox 2001 3481 3590 3551">
    <p class='ocr_par' dir='ltr' id='par_1_83' title="bbox 2001 3481 3590 3551">
     <span class='ocr_line' id='line_1_83' title="bbox 2001 3481 3590 3551; baseline -0.001 -15"><span class='ocrx_word' id='word_1_593' title='bbox 2001 3483 2058 3537; x_wconf 90' lang='lat' dir='ltr'><strong>in</strong></span> <span class='ocrx_word' id='word_1_594' title='bbox 2088 3483 2250 3536; x_wconf 85' lang='lat' dir='ltr'><strong>nobis</strong></span> <span class='ocrx_word' id='word_1_595' title='bbox 2277 3491 2408 3536; x_wconf 91' lang='lat' dir='ltr'><strong>sunt</strong></span> <span class='ocrx_word' id='word_1_596' title='bbox 2436 3481 2795 3550; x_wconf 87' lang='lat' dir='ltr'><strong>voluptatem,</strong></span> <span class='ocrx_word' id='word_1_597' title='bbox 2823 3491 2879 3536; x_wconf 91' lang='lat' dir='ltr'><strong>et</strong></span> <span class='ocrx_word' id='word_1_598' title='bbox 2906 3482 3210 3550; x_wconf 88' lang='lat' dir='ltr'><strong>quemlibet</strong></span> <span class='ocrx_word' id='word_1_599' title='bbox 3239 3497 3432 3536; x_wconf 87' lang='lat' dir='ltr'><strong>eorum</strong></span> <span class='ocrx_word' id='word_1_600' title='bbox 3464 3499 3590 3551; x_wconf 73' lang='lat' dir='ltr'><strong>qua:</strong></span> 
     </span>
    </p>
   </div>
   <div class='ocr_carea' id='block_1_84' title="bbox 1999 3572 3592 3641">
    <p class='ocr_par' dir='ltr' id='par_1_84' title="bbox 1999 3572 3592 3641">
     <span class='ocr_line' id='line_1_84' title="bbox 1999 3572 3592 3641; baseline -0.003 -13"><span class='ocrx_word' id='word_1_601' title='bbox 1999 3584 2156 3628; x_wconf 81' lang='lat' dir='ltr'><strong>extra</strong></span> <span class='ocrx_word' id='word_1_602' title='bbox 2179 3589 2280 3628; x_wconf 88' lang='lat' dir='ltr'><strong>nos</strong></span> <span class='ocrx_word' id='word_1_603' title='bbox 2303 3583 2434 3628; x_wconf 91' lang='lat' dir='ltr'><strong>sunt</strong></span> <span class='ocrx_word' id='word_1_604' title='bbox 2452 3572 2701 3627; x_wconf 89' lang='lat' dir='ltr'><strong>dolorem</strong></span> <span class='ocrx_word' id='word_1_605' title='bbox 2728 3573 3105 3641; x_wconf 89' lang='lat' dir='ltr'><strong>imperterrito</strong></span> <span class='ocrx_word' id='word_1_606' title='bbox 3125 3582 3182 3626; x_wconf 91' lang='lat' dir='ltr'><strong>et</strong></span> <span class='ocrx_word' id='word_1_607' title='bbox 3201 3572 3424 3627; x_wconf 88' lang='lat' dir='ltr'><strong>invicto.</strong></span> <span class='ocrx_word' id='word_1_608' title='bbox 3453 3573 3592 3626; x_wconf 83' lang='lat' dir='ltr'><strong>Pru-</strong></span> 
     </span>
    </p>
   </div>
   <div class='ocr_carea' id='block_1_85' title="bbox 2004 3661 3592 3732">
    <p class='ocr_par' dir='ltr' id='par_1_85' title="bbox 2004 3661 3592 3732">
     <span class='ocr_line' id='line_1_85' title="bbox 2004 3661 3592 3732; baseline -0.001 -14"><span class='ocrx_word' id='word_1_609' title='bbox 2004 3666 2194 3718; x_wconf 79' lang='lat' dir='ltr'><strong>rientes</strong></span> <span class='ocrx_word' id='word_1_610' title='bbox 2230 3673 2407 3718; x_wconf 87' lang='lat' dir='ltr'><strong>autem</strong></span> <span class='ocrx_word' id='word_1_611' title='bbox 2444 3664 2630 3716; x_wconf 80' lang='lat' dir='ltr'><strong>auditu</strong></span> <span class='ocrx_word' id='word_1_612' title='bbox 2666 3672 2715 3714; x_wconf 79' lang='lat' dir='ltr'><strong>et</strong></span> <span class='ocrx_word' id='word_1_613' title='bbox 2748 3662 2933 3732; x_wconf 82' lang='lat' dir='ltr'><strong>lingua</strong></span> <span class='ocrx_word' id='word_1_614' title='bbox 2968 3661 3228 3732; x_wconf 82' lang='lat' dir='ltr'><strong>magister</strong></span> <span class='ocrx_word' id='word_1_615' title='bbox 3251 3664 3468 3716; x_wconf 81' lang='lat' dir='ltr'><strong>vocavit</strong></span> <span class='ocrx_word' id='word_1_616' title='bbox 3497 3681 3592 3717; x_wconf 83' lang='lat' dir='ltr'><strong>eos</strong></span> 
     </span>
    </p>
   </div>
   <div class='ocr_carea' id='block_1_86' title="bbox 2003 3753 3593 3826">
    <p class='ocr_par' dir='ltr' id='par_1_86' title="bbox 2003 3753 3593 3826">
     <span class='ocr_line' id='line_1_86' title="bbox 2003 3753 3593 3826; baseline -0.004 -15"><span class='ocrx_word' id='word_1_617' title='bbox 2003 3758 2071 3812; x_wconf 91' lang='lat' dir='ltr'><strong>ad</strong></span> <span class='ocrx_word' id='word_1_618' title='bbox 2101 3772 2244 3826; x_wconf 89' lang='lat' dir='ltr'><strong>quos</strong></span> <span class='ocrx_word' id='word_1_619' title='bbox 2281 3763 2492 3825; x_wconf 90' lang='lat' dir='ltr'><strong>spectat</strong></span> <span class='ocrx_word' id='word_1_620' title='bbox 2519 3769 2724 3819; x_wconf 89' lang='lat' dir='ltr'><strong>sermo,</strong></span> <span class='ocrx_word' id='word_1_621' title='bbox 2755 3753 3032 3824; x_wconf 89' lang='lat' dir='ltr'><strong>siquidem</strong></span> <span class='ocrx_word' id='word_1_622' title='bbox 3065 3755 3247 3808; x_wconf 87' lang='lat' dir='ltr'><strong>omnis</strong></span> <span class='ocrx_word' id='word_1_623' title='bbox 3275 3770 3458 3809; x_wconf 89' lang='lat' dir='ltr'><strong>sermo</strong></span> <span class='ocrx_word' id='word_1_624' title='bbox 3496 3772 3593 3823; x_wconf 82' lang='lat' dir='ltr'><strong>per</strong></span> 
     </span>
    </p>
   </div>
   <div class='ocr_carea' id='block_1_87' title="bbox 2004 3846 3592 3920">
    <p class='ocr_par' dir='ltr' id='par_1_87' title="bbox 2004 3846 3592 3920">
     <span class='ocr_line' id='line_1_87' title="bbox 2004 3846 3592 3920; baseline -0.004 -15"><span class='ocrx_word' id='word_1_625' title='bbox 2004 3850 2245 3920; x_wconf 80' lang='lat' dir='ltr'><strong>linguam</strong></span> <span class='ocrx_word' id='word_1_626' title='bbox 2277 3857 2332 3903; x_wconf 92' lang='lat' dir='ltr'><strong>et</strong></span> <span class='ocrx_word' id='word_1_627' title='bbox 2360 3849 2669 3918; x_wconf 90' lang='lat' dir='ltr'><strong>appellatur</strong></span> <span class='ocrx_word' id='word_1_628' title='bbox 2695 3855 2752 3902; x_wconf 90' lang='lat' dir='ltr'><strong>et</strong></span> <span class='ocrx_word' id='word_1_629' title='bbox 2779 3846 3080 3916; x_wconf 84' lang='lat' dir='ltr'><strong>profertur,</strong></span> <span class='ocrx_word' id='word_1_630' title='bbox 3110 3855 3274 3916; x_wconf 89' lang='lat' dir='ltr'><strong>atque</strong></span> <span class='ocrx_word' id='word_1_631' title='bbox 3305 3861 3404 3916; x_wconf 88' lang='lat' dir='ltr'><strong>per</strong></span> <span class='ocrx_word' id='word_1_632' title='bbox 3435 3847 3592 3901; x_wconf 88' lang='lat' dir='ltr'><strong>audi-</strong></span> 
     </span>
    </p>
   </div>
   <div class='ocr_carea' id='block_1_88' title="bbox 2006 3939 3589 3997">
    <p class='ocr_par' dir='ltr' id='par_1_88' title="bbox 2006 3939 3589 3997">
     <span class='ocr_line' id='line_1_88' title="bbox 2006 3939 3589 3997; baseline -0.001 -1"><span class='ocrx_word' id='word_1_633' title='bbox 2006 3951 2121 3997; x_wconf 91' lang='lat' dir='ltr'><strong>tum</strong></span> <span class='ocrx_word' id='word_1_634' title='bbox 2149 3941 2493 3996; x_wconf 90' lang='lat' dir='ltr'><strong>auscultatur</strong></span> <span class='ocrx_word' id='word_1_635' title='bbox 2517 3949 2575 3995; x_wconf 90' lang='lat' dir='ltr'><strong>et</strong></span> <span class='ocrx_word' id='word_1_636' title='bbox 2599 3939 2888 3995; x_wconf 90' lang='lat' dir='ltr'><strong>ediscitur.</strong></span> <span class='ocrx_word' id='word_1_637' title='bbox 2917 3939 3035 3994; x_wconf 85' lang='lat' dir='ltr'><strong>Jam</strong></span> <span class='ocrx_word' id='word_1_638' title='bbox 3071 3941 3119 3994; x_wconf 91' lang='lat' dir='ltr'><strong>si</strong></span> <span class='ocrx_word' id='word_1_639' title='bbox 3153 3940 3319 3994; x_wconf 89' lang='lat' dir='ltr'><strong>etiam</strong></span> <span class='ocrx_word' id='word_1_640' title='bbox 3358 3941 3424 3995; x_wconf 89' lang='lat' dir='ltr'><strong>ad</strong></span> <span class='ocrx_word' id='word_1_641' title='bbox 3456 3943 3589 3995; x_wconf 82' lang='lat' dir='ltr'><strong>alte-</strong></span> 
     </span>
    </p>
   </div>
   <div class='ocr_carea' id='block_1_89' title="bbox 2006 4032 3589 4104">
    <p class='ocr_par' dir='ltr' id='par_1_89' title="bbox 2006 4032 3589 4104">
     <span class='ocr_line' id='line_1_89' title="bbox 2006 4032 3589 4104; baseline -0.004 -14"><span class='ocrx_word' id='word_1_642' title='bbox 2006 4051 2130 4090; x_wconf 88' lang='lat' dir='ltr'><strong>rum</strong></span> <span class='ocrx_word' id='word_1_643' title='bbox 2175 4049 2396 4104; x_wconf 89' lang='lat' dir='ltr'><strong>quoque</strong></span> <span class='ocrx_word' id='word_1_644' title='bbox 2439 4034 2785 4103; x_wconf 87' lang='lat' dir='ltr'><strong>propositum</strong></span> <span class='ocrx_word' id='word_1_645' title='bbox 2827 4032 3086 4102; x_wconf 84' lang='lat' dir='ltr'><strong>excipere</strong></span> <span class='ocrx_word' id='word_1_646' title='bbox 3127 4033 3384 4088; x_wconf 83' lang='lat' dir='ltr'><strong>volumus</strong></span> <span class='ocrx_word' id='word_1_647' title='bbox 3435 4034 3589 4095; x_wconf 83' lang='lat' dir='ltr'><strong>illud,</strong></span> 
     </span>
    </p>
   </div>
   <div class='ocr_carea' id='block_1_90' title="bbox 2004 4126 3589 4197">
    <p class='ocr_par' dir='ltr' id='par_1_90' title="bbox 2004 4126 3589 4197">
     <span class='ocr_line' id='line_1_90' title="bbox 2004 4126 3589 4197; baseline -0.003 -14"><span class='ocrx_word' id='word_1_648' title='bbox 2004 4128 2314 4184; x_wconf 75' lang='lat' dir='ltr'><strong>Prurientes</strong></span> <span class='ocrx_word' id='word_1_649' title='bbox 2341 4127 2527 4181; x_wconf 81' lang='lat' dir='ltr'><strong>auditu</strong></span> <span class='ocrx_word' id='word_1_650' title='bbox 2553 4135 2600 4179; x_wconf 88' lang='lat' dir='ltr'><strong>et</strong></span> <span class='ocrx_word' id='word_1_651' title='bbox 2625 4126 2828 4197; x_wconf 81' lang='lat' dir='ltr'><strong>lingua,</strong></span> <span class='ocrx_word' id='word_1_652' title='bbox 2848 4126 3080 4181; x_wconf 86' lang='lat' dir='ltr'><strong>fortasse</strong></span> <span class='ocrx_word' id='word_1_653' title='bbox 3103 4135 3267 4180; x_wconf 89' lang='lat' dir='ltr'><strong>erunt</strong></span> <span class='ocrx_word' id='word_1_654' title='bbox 3288 4127 3382 4196; x_wconf 90' lang='lat' dir='ltr'><strong>qui</strong></span> <span class='ocrx_word' id='word_1_655' title='bbox 3414 4128 3589 4180; x_wconf 90' lang='lat' dir='ltr'><strong>solum</strong></span> 
     </span>
    </p>
   </div>
   <div class='ocr_carea' id='block_1_91' title="bbox 2006 4217 3591 4290">
    <p class='ocr_par' dir='ltr' id='par_1_91' title="bbox 2006 4217 3591 4290">
     <span class='ocr_line' id='line_1_91' title="bbox 2006 4217 3591 4290; baseline -0.005 -15"><span class='ocrx_word' id='word_1_656' title='bbox 2006 4221 2074 4275; x_wconf 91' lang='lat' dir='ltr'><strong>ad</strong></span> <span class='ocrx_word' id='word_1_657' title='bbox 2115 4217 2452 4290; x_wconf 83' lang='lat' dir='ltr'><strong>vituperium</strong></span> <span class='ocrx_word' id='word_1_658' title='bbox 2497 4217 2731 4271; x_wconf 88' lang='lat' dir='ltr'><strong>aliorum</strong></span> <span class='ocrx_word' id='word_1_659' title='bbox 2779 4224 2836 4270; x_wconf 90' lang='lat' dir='ltr'><strong>et</strong></span> <span class='ocrx_word' id='word_1_660' title='bbox 2877 4217 3339 4272; x_wconf 87' lang='lat' dir='ltr'><strong>obtrectationem</strong></span> <span class='ocrx_word' id='word_1_661' title='bbox 3383 4217 3591 4272; x_wconf 86' lang='lat' dir='ltr'><strong>calum-</strong></span> 
     </span>
    </p>
   </div>
   <div class='ocr_carea' id='block_1_92' title="bbox 2009 4308 3596 4380">
    <p class='ocr_par' dir='ltr' id='par_1_92' title="bbox 2009 4308 3596 4380">
     <span class='ocr_line' id='line_1_92' title="bbox 2009 4308 3596 4380; baseline -0.003 -15"><span class='ocrx_word' id='word_1_662' title='bbox 2009 4312 2272 4380; x_wconf 89' lang='lat' dir='ltr'><strong>niamque</strong></span> <span class='ocrx_word' id='word_1_663' title='bbox 2315 4309 2648 4364; x_wconf 90' lang='lat' dir='ltr'><strong>audiendam</strong></span> <span class='ocrx_word' id='word_1_664' title='bbox 2689 4317 2747 4362; x_wconf 90' lang='lat' dir='ltr'><strong>et</strong></span> <span class='ocrx_word' id='word_1_665' title='bbox 2784 4308 3174 4377; x_wconf 82' lang='lat' dir='ltr'><strong>proferendam</strong></span> <span class='ocrx_word' id='word_1_666' title='bbox 3215 4309 3504 4372; x_wconf 88' lang='lat' dir='ltr'><strong>inclinant,</strong></span> <span class='ocrx_word' id='word_1_667' title='bbox 3537 4316 3596 4362; x_wconf 89' lang='lat' dir='ltr'><strong>et</strong></span> 
     </span>
    </p>
   </div>
   <div class='ocr_carea' id='block_1_93' title="bbox 323 4395 1898 4482">
    <p class='ocr_par' dir='ltr' id='par_1_93' title="bbox 323 4395 1898 4475">
     <span class='ocr_line' id='line_1_93' title="bbox 323 4395 1898 4475; baseline -0.004 -21"><span class='ocrx_word' id='word_1_668' title='bbox 323 4400 449 4472; x_wconf 82' lang='grc' dir='ltr'>δρός</span> <span class='ocrx_word' id='word_1_669' title='bbox 482 4399 867 4475; x_wconf 79' lang='grc' dir='ltr'>σεμνολόγημα</span> <span class='ocrx_word' id='word_1_670' title='bbox 905 4397 1205 4468; x_wconf 83' lang='grc' dir='ltr'>κρίνοντες,</span> <span class='ocrx_word' id='word_1_671' title='bbox 1235 4397 1328 4450; x_wconf 69' lang='grc' dir='ltr'><strong>κα)⁸</strong></span> <span class='ocrx_word' id='word_1_672' title='bbox 1363 4396 1472 4466; x_wconf 83' lang='grc' dir='ltr'>πρὸ</span> <span class='ocrx_word' id='word_1_673' title='bbox 1504 4395 1597 4448; x_wconf 86' lang='grc' dir='ltr'><strong>τοῦ</strong></span> <span class='ocrx_word' id='word_1_674' title='bbox 1638 4412 1691 4447; x_wconf 89' lang='grc' dir='ltr'><strong>τι</strong></span> <span class='ocrx_word' id='word_1_675' title='bbox 1713 4399 1716 4402; x_wconf 80' lang='grc'><strong>’</strong></span> <span class='ocrx_word' id='word_1_676' title='bbox 1736 4395 1898 4463; x_wconf 89' lang='grc' dir='ltr'>φάναι</span> 
     </span>
    </p>
   </div>
   <div class='ocr_carea' id='block_1_94' title="bbox 2000 4395 3592 4482">
    <p class='ocr_par' dir='ltr' id='par_1_94' title="bbox 2009 4399 3592 4471">
     <span class='ocr_line' id='line_1_94' title="bbox 2009 4399 3592 4471; baseline -0.004 -13"><span class='ocrx_word' id='word_1_677' title='bbox 2009 4413 2204 4460; x_wconf 89' lang='lat' dir='ltr'><strong>contra</strong></span> <span class='ocrx_word' id='word_1_678' title='bbox 2237 4400 2489 4471; x_wconf 84' lang='lat' dir='ltr'><strong>quemvis</strong></span> <span class='ocrx_word' id='word_1_679' title='bbox 2523 4401 2638 4456; x_wconf 91' lang='lat' dir='ltr'><strong>sive</strong></span> <span class='ocrx_word' id='word_1_680' title='bbox 2673 4415 2988 4454; x_wconf 91' lang='lat' dir='ltr'><strong>sermonem</strong></span> <span class='ocrx_word' id='word_1_681' title='bbox 3023 4399 3138 4454; x_wconf 89' lang='lat' dir='ltr'><strong>sive</strong></span> <span class='ocrx_word' id='word_1_682' title='bbox 3168 4399 3450 4454; x_wconf 87' lang='lat' dir='ltr'><strong>hominem</strong></span> <span class='ocrx_word' id='word_1_683' title='bbox 3489 4401 3592 4454; x_wconf 92' lang='lat' dir='ltr'><strong>im-</strong></span> 
     </span>
    </p>
   </div>
   <div class='ocr_carea' id='block_1_95' title="bbox 325 4485 1901 4556">
    <p class='ocr_par' dir='ltr' id='par_1_95' title="bbox 325 4485 1901 4556">
     <span class='ocr_line' id='line_1_95' title="bbox 325 4485 1901 4556; baseline -0.005 -13"><span class='ocrx_word' id='word_1_684' title='bbox 325 4492 414 4544; x_wconf 84' lang='lat' dir='ltr'><em>16v</em></span> <span class='ocrx_word' id='word_1_685' title='bbox 451 4489 693 4543; x_wconf 82' lang='grc' dir='ltr'>ῦποπτον</span> <span class='ocrx_word' id='word_1_686' title='bbox 738 4490 921 4552; x_wconf 80' lang='grc' dir='ltr'>αὐτοῖς</span> <span class='ocrx_word' id='word_1_687' title='bbox 975 4488 1067 4541; x_wconf 71' lang='grc' dir='ltr'><strong>καὶ</strong></span> <span class='ocrx_word' id='word_1_688' title='bbox 1111 4485 1479 4556; x_wconf 86' lang='grc' dir='ltr'>φθονούμενον</span> <span class='ocrx_word' id='word_1_689' title='bbox 1533 4485 1901 4554; x_wconf 75' lang='grc' dir='ltr'>σφαδάζοντες</span> 
     </span>
    </p>
   </div>
   <div class='ocr_carea' id='block_1_96' title="bbox 324 4575 1904 4653">
    <p class='ocr_par' dir='ltr' id='par_1_96' title="bbox 324 4575 1904 4653">
     <span class='ocr_line' id='line_1_96' title="bbox 324 4575 1904 4653; baseline -0.003 -18"><span class='ocrx_word' id='word_1_690' title='bbox 324 4583 403 4653; x_wconf 82' lang='grc' dir='ltr'>τῷ</span> <span class='ocrx_word' id='word_1_691' title='bbox 431 4581 701 4652; x_wconf 88' lang='grc' dir='ltr'>πνεύματι</span> <span class='ocrx_word' id='word_1_692' title='bbox 734 4581 829 4633; x_wconf 57' lang='grc' dir='ltr'><strong>καὶ⁹</strong></span> <span class='ocrx_word' id='word_1_693' title='bbox 873 4575 985 4633; x_wconf 77' lang='grc' dir='ltr'>οἷον</span> <span class='ocrx_word' id='word_1_694' title='bbox 1022 4579 1120 4650; x_wconf 86' lang='grc' dir='ltr'>τὴν</span> <span class='ocrx_word' id='word_1_695' title='bbox 1153 4579 1332 4650; x_wconf 79' lang='grc' dir='ltr'>ψυχὴν</span> <span class='ocrx_word' id='word_1_696' title='bbox 1376 4577 1754 4650; x_wconf 77' lang='grc' dir='ltr'>προωθοῦντες</span> <span class='ocrx_word' id='word_1_697' title='bbox 1806 4579 1904 4632; x_wconf 73' lang='grc' dir='ltr'>καὶ</span> 
     </span>
    </p>
   </div>
   <div class='ocr_carea' id='block_1_97' title="bbox 327 4668 1904 4743">
    <p class='ocr_par' dir='ltr' id='par_1_97' title="bbox 327 4668 1904 4743">
     <span class='ocr_line' id='line_1_97' title="bbox 327 4668 1904 4743; baseline -0.003 -17"><span class='ocrx_word' id='word_1_698' title='bbox 327 4673 425 4743; x_wconf 83' lang='grc' dir='ltr'>τὴν</span> <span class='ocrx_word' id='word_1_699' title='bbox 462 4671 633 4743; x_wconf 80' lang='grc' dir='ltr'>ἀκοὴν</span> <span class='ocrx_word' id='word_1_700' title='bbox 689 4669 1070 4740; x_wconf 73' lang='grc' dir='ltr'>ἐτοιμάζοντες</span> <span class='ocrx_word' id='word_1_701' title='bbox 1101 4669 1196 4724; x_wconf 69' lang='grc' dir='ltr'>καὶ</span> <span class='ocrx_word' id='word_1_702' title='bbox 1220 4669 1318 4740; x_wconf 81' lang='grc' dir='ltr'>τὴν</span> <span class='ocrx_word' id='word_1_703' title='bbox 1357 4668 1611 4738; x_wconf 88' lang='grc' dir='ltr'>γλῶσσαν</span> <span class='ocrx_word' id='word_1_704' title='bbox 1634 4670 1770 4738; x_wconf 76' lang='grc' dir='ltr'>πρὸς</span> <span class='ocrx_word' id='word_1_705' title='bbox 1805 4669 1904 4740; x_wconf 82' lang='grc' dir='ltr'><strong>θή-</strong></span> 
     </span>
    </p>
   </div>
   <div class='ocr_carea' id='block_1_98' title="bbox 330 4758 1900 4831">
    <p class='ocr_par' dir='ltr' id='par_1_98' title="bbox 330 4758 1900 4831">
     <span class='ocr_line' id='line_1_98' title="bbox 330 4758 1900 4831; baseline -0.001 -17"><span class='ocrx_word' id='word_1_706' title='bbox 330 4780 426 4831; x_wconf 88' lang='grc' dir='ltr'><strong>ραν</strong></span> <span class='ocrx_word' id='word_1_707' title='bbox 461 4761 606 4826; x_wconf 83' lang='grc' dir='ltr'>τινὺς</span> <span class='ocrx_word' id='word_1_708' title='bbox 648 4760 918 4830; x_wconf 70' lang='grc' dir='ltr'>ωλλαὸῆς</span> <span class='ocrx_word' id='word_1_709' title='bbox 949 4759 983 4830; x_wconf 82' lang='grc' dir='ltr'>ἢ</span> <span class='ocrx_word' id='word_1_710' title='bbox 1031 4758 1248 4825; x_wconf 78' lang='grc' dir='ltr'>λέξεως,</span> <span class='ocrx_word' id='word_1_711' title='bbox 1285 4759 1384 4830; x_wconf 79' lang='grc' dir='ltr'>οὐχ</span> <span class='ocrx_word' id='word_1_712' title='bbox 1438 4759 1524 4812; x_wconf 79' lang='grc' dir='ltr'>ἵνα</span> <span class='ocrx_word' id='word_1_713' title='bbox 1563 4758 1900 4830; x_wconf 86' lang='grc' dir='ltr'>εύθυμῶσιν,</span> 
     </span>
    </p>
   </div>
   <div class='ocr_carea' id='block_1_99' title="bbox 328 4849 1906 4922">
    <p class='ocr_par' dir='ltr' id='par_1_99' title="bbox 328 4849 1906 4922">
     <span class='ocr_line' id='line_1_99' title="bbox 328 4849 1906 4922; baseline -0.003 -15"><span class='ocrx_word' id='word_1_714' title='bbox 328 4853 442 4908; x_wconf 83' lang='grc' dir='ltr'>ἀλλ’</span> <span class='ocrx_word' id='word_1_715' title='bbox 489 4854 575 4907; x_wconf 83' lang='grc' dir='ltr'>ἵνα</span> <span class='ocrx_word' id='word_1_716' title='bbox 611 4853 883 4908; x_wconf 84' lang='grc' dir='ltr'>κακὶσωσι</span> <span class='ocrx_word' id='word_1_717' title='bbox 930 4851 1024 4905; x_wconf 77' lang='grc' dir='ltr'>καὶ</span> <span class='ocrx_word' id='word_1_718' title='bbox 1071 4849 1205 4922; x_wconf 74' lang='grc' dir='ltr'>ὕλην</span> <span class='ocrx_word' id='word_1_719' title='bbox 1257 4850 1422 4921; x_wconf 77' lang='grc' dir='ltr'>ἔχωσι</span> <span class='ocrx_word' id='word_1_720' title='bbox 1454 4850 1556 4921; x_wconf 88' lang='grc' dir='ltr'><strong>τῆς</strong></span> <span class='ocrx_word' id='word_1_721' title='bbox 1589 4852 1711 4904; x_wconf 89' lang='grc' dir='ltr'>κατ’</span> <span class='ocrx_word' id='word_1_722' title='bbox 1741 4851 1906 4904; x_wconf 81' lang='grc' dir='ltr'>αὑτοῦ</span> 
     </span>
    </p>
   </div>
   <div class='ocr_carea' id='block_1_100' title="bbox 329 4942 1905 5016">
    <p class='ocr_par' dir='ltr' id='par_1_100' title="bbox 329 4942 1905 5016">
     <span class='ocr_line' id='line_1_100' title="bbox 329 4942 1905 5016; baseline -0.003 -15"><span class='ocrx_word' id='word_1_723' title='bbox 329 4945 732 5016; x_wconf 88' lang='grc' dir='ltr'>γλωσσαλγίας.</span> <span class='ocrx_word' id='word_1_724' title='bbox 764 4945 944 5013; x_wconf 84' lang='grc' dir='ltr'>Ὅπερ</span> <span class='ocrx_word' id='word_1_725' title='bbox 976 4942 1260 4996; x_wconf 88' lang='grc' dir='ltr'>ἐποιοῦντο</span> <span class='ocrx_word' id='word_1_726' title='bbox 1284 4942 1362 5012; x_wconf 83' lang='grc' dir='ltr'>τῷ</span> <span class='ocrx_word' id='word_1_727' title='bbox 1389 4944 1529 5014; x_wconf 77' lang='grc' dir='ltr'>ἁγίῳ</span> <span class='ocrx_word' id='word_1_728' title='bbox 1554 4943 1729 5014; x_wconf 85' lang='grc' dir='ltr'>τούτῳ</span> <span class='ocrx_word' id='word_1_729' title='bbox 1753 4943 1905 5012; x_wconf 75' lang='grc' dir='ltr'>ἀνδρὶ</span> 
     </span>
    </p>
   </div>
   <div class='ocr_carea' id='block_1_101' title="bbox 326 5033 1904 5106">
    <p class='ocr_par' dir='ltr' id='par_1_101' title="bbox 326 5033 1904 5106">
     <span class='ocr_line' id='line_1_101' title="bbox 326 5033 1904 5106; baseline -0.004 -15"><span class='ocrx_word' id='word_1_730' title='bbox 326 5041 376 5091; x_wconf 86' lang='grc' dir='ltr'>οἱ</span> <span class='ocrx_word' id='word_1_731' title='bbox 410 5039 530 5090; x_wconf 84' lang='grc' dir='ltr'>κατ’</span> <span class='ocrx_word' id='word_1_732' title='bbox 561 5037 738 5091; x_wconf 86' lang='grc' dir='ltr'>ἐκεῖνο</span> <span class='ocrx_word' id='word_1_733' title='bbox 789 5033 984 5106; x_wconf 86' lang='grc' dir='ltr'>καιροῦ</span> <span class='ocrx_word' id='word_1_734' title='bbox 1017 5034 1114 5104; x_wconf 87' lang='grc' dir='ltr'><strong>τῆς</strong></span> <span class='ocrx_word' id='word_1_735' title='bbox 1145 5033 1404 5102; x_wconf 84' lang='grc' dir='ltr'>ἀληθείας</span> <span class='ocrx_word' id='word_1_736' title='bbox 1450 5033 1654 5103; x_wconf 78' lang='grc' dir='ltr'>ἐχθροὶ,</span> <span class='ocrx_word' id='word_1_737' title='bbox 1686 5051 1904 5104; x_wconf 84' lang='grc' dir='ltr'>προπη-</span> 
     </span>
    </p>
   </div>
   <div class='ocr_carea' id='block_1_102' title="bbox 326 5125 1905 5198">
    <p class='ocr_par' dir='ltr' id='par_1_102' title="bbox 326 5125 1905 5198">
     <span class='ocr_line' id='line_1_102' title="bbox 326 5125 1905 5198; baseline -0.003 -16"><span class='ocrx_word' id='word_1_738' title='bbox 326 5127 546 5193; x_wconf 81' lang='grc' dir='ltr'>δῶντες,</span> <span class='ocrx_word' id='word_1_739' title='bbox 589 5128 685 5182; x_wconf 78' lang='grc' dir='ltr'>καὶ</span> <span class='ocrx_word' id='word_1_740' title='bbox 717 5125 1264 5198; x_wconf 80' lang='grc' dir='ltr'>προεξανιστάμενοι,</span> <span class='ocrx_word' id='word_1_741' title='bbox 1311 5127 1405 5179; x_wconf 71' lang='grc' dir='ltr'><strong>καὶ</strong></span> <span class='ocrx_word' id='word_1_742' title='bbox 1449 5127 1580 5196; x_wconf 70' lang='grc' dir='ltr'>πρὶν</span> <span class='ocrx_word' id='word_1_743' title='bbox 1623 5127 1905 5198; x_wconf 88' lang='grc' dir='ltr'>λεχθῆναι,</span> 
     </span>
    </p>
   </div>
   <div class='ocr_carea' id='block_1_103' title="bbox 331 5216 1904 5291">
    <p class='ocr_par' dir='ltr' id='par_1_103' title="bbox 331 5216 1904 5291">
     <span class='ocr_line' id='line_1_103' title="bbox 331 5216 1904 5291; baseline -0.001 -19"><span class='ocrx_word' id='word_1_744' title='bbox 331 5219 438 5272; x_wconf 87' lang='grc' dir='ltr'>τῶν</span> <span class='ocrx_word' id='word_1_745' title='bbox 473 5219 820 5291; x_wconf 89' lang='grc' dir='ltr'>λεγομένων·</span> <span class='ocrx_word' id='word_1_746' title='bbox 855 5217 1110 5286; x_wconf 87' lang='grc' dir='ltr'>καθάπερ</span> <span class='ocrx_word' id='word_1_747' title='bbox 1155 5216 1265 5268; x_wconf 82' lang='grc' dir='ltr'><strong>τῶν</strong></span> <span class='ocrx_word' id='word_1_748' title='bbox 1311 5216 1494 5270; x_wconf 82' lang='grc' dir='ltr'>ἵππων</span> <span class='ocrx_word' id='word_1_749' title='bbox 1517 5218 1644 5281; x_wconf 78' lang='grc' dir='ltr'>τοὺς</span> <span class='ocrx_word' id='word_1_750' title='bbox 1676 5218 1904 5288; x_wconf 86' lang='grc' dir='ltr'>πολεμι-</span> 
     </span>
    </p>
   </div>
   <div class='ocr_carea' id='block_1_104' title="bbox 332 5308 1908 5384">
    <p class='ocr_par' dir='ltr' id='par_1_104' title="bbox 332 5308 1908 5384">
     <span class='ocr_line' id='line_1_104' title="bbox 332 5308 1908 5384; baseline 0 -18"><span class='ocrx_word' id='word_1_751' title='bbox 332 5313 586 5384; x_wconf 67' lang='grc' dir='ltr'>στηρίθδς</span> <span class='ocrx_word' id='word_1_752' title='bbox 617 5330 678 5366; x_wconf 87' lang='grc' dir='ltr'><strong>τε</strong></span> <span class='ocrx_word' id='word_1_753' title='bbox 705 5313 798 5367; x_wconf 68' lang='grc' dir='ltr'>καὶ</span> <span class='ocrx_word' id='word_1_754' title='bbox 828 5308 1567 5382; x_wconf 71' lang='grc' dir='ltr'>(1821))ἀμιλλητηρίους.</span> <span class='ocrx_word' id='word_1_755' title='bbox 1601 5311 1651 5364; x_wconf 84' lang='grc' dir='ltr'>οἶ</span> <span class='ocrx_word' id='word_1_756' title='bbox 1679 5312 1772 5366; x_wconf 82' lang='grc' dir='ltr'>καὶ</span> <span class='ocrx_word' id='word_1_757' title='bbox 1804 5313 1908 5384; x_wconf 84' lang='grc' dir='ltr'>πρὸ</span> 
     </span>
    </p>
   </div>
   <div class='ocr_carea' id='block_1_105' title="bbox 329 5399 1906 5474">
    <p class='ocr_par' dir='ltr' id='par_1_105' title="bbox 329 5399 1906 5474">
     <span class='ocr_line' id='line_1_105' title="bbox 329 5399 1906 5474; baseline 0.003 -19"><span class='ocrx_word' id='word_1_758' title='bbox 329 5402 440 5456; x_wconf 83' lang='grc' dir='ltr'>τῶν</span> <span class='ocrx_word' id='word_1_759' title='bbox 487 5405 716 5474; x_wconf 87' lang='grc' dir='ltr'>ἀγώνων</span> <span class='ocrx_word' id='word_1_760' title='bbox 756 5406 853 5458; x_wconf 77' lang='grc' dir='ltr'>καὶ</span> <span class='ocrx_word' id='word_1_761' title='bbox 889 5405 986 5474; x_wconf 89' lang='grc' dir='ltr'><strong>τῆς</strong></span> <span class='ocrx_word' id='word_1_762' title='bbox 1032 5403 1333 5472; x_wconf 86' lang='grc' dir='ltr'>σάλπιγγος</span> <span class='ocrx_word' id='word_1_763' title='bbox 1369 5402 1630 5474; x_wconf 84' lang='grc' dir='ltr'>εύθυτενῆ</span> <span class='ocrx_word' id='word_1_764' title='bbox 1675 5404 1744 5457; x_wconf 88' lang='grc' dir='ltr'><strong>τά</strong></span> <span class='ocrx_word' id='word_1_765' title='bbox 1789 5399 1906 5459; x_wconf 82' lang='grc' dir='ltr'>ὦτα</span> 
     </span>
    </p>
   </div>
   <div class='ocr_carea' id='block_1_106' title="bbox 2006 4491 3590 4568">
    <p class='ocr_par' dir='ltr' id='par_1_106' title="bbox 2006 4491 3590 4568">
     <span class='ocr_line' id='line_1_106' title="bbox 2006 4491 3590 4568; baseline -0.004 -17"><span class='ocrx_word' id='word_1_766' title='bbox 2006 4496 2183 4568; x_wconf 89' lang='lat' dir='ltr'><strong>perite</strong></span> <span class='ocrx_word' id='word_1_767' title='bbox 2221 4503 2276 4548; x_wconf 90' lang='lat' dir='ltr'><strong>et</strong></span> <span class='ocrx_word' id='word_1_768' title='bbox 2309 4491 2515 4548; x_wconf 88' lang='lat' dir='ltr'><strong>rustice</strong></span> <span class='ocrx_word' id='word_1_769' title='bbox 2558 4492 2890 4548; x_wconf 89' lang='lat' dir='ltr'><strong>insolescere</strong></span> <span class='ocrx_word' id='word_1_770' title='bbox 2923 4500 3215 4547; x_wconf 84' lang='lat' dir='ltr'><strong>venustum</strong></span> <span class='ocrx_word' id='word_1_771' title='bbox 3255 4504 3312 4547; x_wconf 90' lang='lat' dir='ltr'><strong>et</strong></span> <span class='ocrx_word' id='word_1_772' title='bbox 3345 4491 3590 4561; x_wconf 89' lang='lat' dir='ltr'><strong>lepidum</strong></span> 
     </span>
    </p>
   </div>
   <div class='ocr_carea' id='block_1_107' title="bbox 2000 4581 3594 4658">
    <p class='ocr_par' dir='ltr' id='par_1_107' title="bbox 2000 4581 3594 4658">
     <span class='ocr_line' id='line_1_107' title="bbox 2000 4581 3594 4658; baseline -0.003 -18"><span class='ocrx_word' id='word_1_773' title='bbox 2000 4587 2273 4658; x_wconf 90' lang='lat' dir='ltr'><strong>judicant,</strong></span> <span class='ocrx_word' id='word_1_774' title='bbox 2307 4601 2370 4640; x_wconf 91' lang='lat' dir='ltr'><strong>ac</strong></span> <span class='ocrx_word' id='word_1_775' title='bbox 2407 4581 2820 4654; x_wconf 79' lang='lat' dir='ltr'><strong>priusquam&#39;is</strong></span> <span class='ocrx_word' id='word_1_776' title='bbox 2857 4584 2953 4653; x_wconf 89' lang='lat' dir='ltr'><strong>qui</strong></span> <span class='ocrx_word' id='word_1_777' title='bbox 2991 4583 3096 4638; x_wconf 92' lang='lat' dir='ltr'><strong>sibi</strong></span> <span class='ocrx_word' id='word_1_778' title='bbox 3134 4583 3271 4654; x_wconf 90' lang='lat' dir='ltr'><strong>ipsis</strong></span> <span class='ocrx_word' id='word_1_779' title='bbox 3304 4591 3594 4652; x_wconf 89' lang='lat' dir='ltr'><strong>suspectus</strong></span> 
     </span>
    </p>
   </div>
   <div class='ocr_carea' id='block_1_108' title="bbox 2005 4674 3596 4746">
    <p class='ocr_par' dir='ltr' id='par_1_108' title="bbox 2005 4674 3596 4746">
     <span class='ocr_line' id='line_1_108' title="bbox 2005 4674 3596 4746; baseline -0.006 -11"><span class='ocrx_word' id='word_1_780' title='bbox 2005 4689 2111 4745; x_wconf 89' lang='lat' dir='ltr'><strong>est,</strong></span> <span class='ocrx_word' id='word_1_781' title='bbox 2133 4679 2220 4734; x_wconf 86' lang='lat' dir='ltr'><strong>vel</strong></span> <span class='ocrx_word' id='word_1_782' title='bbox 2248 4679 2337 4733; x_wconf 89' lang='lat' dir='ltr'><strong>cui</strong></span> <span class='ocrx_word' id='word_1_783' title='bbox 2363 4677 2634 4741; x_wconf 89' lang='lat' dir='ltr'><strong>invident,</strong></span> <span class='ocrx_word' id='word_1_784' title='bbox 2659 4676 2864 4745; x_wconf 90' lang='lat' dir='ltr'><strong>aliquid</strong></span> <span class='ocrx_word' id='word_1_785' title='bbox 2893 4676 3063 4740; x_wconf 89' lang='lat' dir='ltr'><strong>dicat,</strong></span> <span class='ocrx_word' id='word_1_786' title='bbox 3087 4676 3286 4746; x_wconf 88' lang='lat' dir='ltr'><strong>spiritu</strong></span> <span class='ocrx_word' id='word_1_787' title='bbox 3313 4674 3596 4729; x_wconf 79' lang='lat' dir='ltr'><strong>exsultant</strong></span> 
     </span>
    </p>
   </div>
   <div class='ocr_carea' id='block_1_109' title="bbox 2005 4769 3592 4839">
    <p class='ocr_par' dir='ltr' id='par_1_109' title="bbox 2005 4769 3592 4839">
     <span class='ocr_line' id='line_1_109' title="bbox 2005 4769 3592 4839; baseline -0.007 -11"><span class='ocrx_word' id='word_1_788' title='bbox 2005 4784 2062 4828; x_wconf 90' lang='lat' dir='ltr'><strong>et</strong></span> <span class='ocrx_word' id='word_1_789' title='bbox 2085 4771 2255 4828; x_wconf 86' lang='lat' dir='ltr'><strong>veluti</strong></span> <span class='ocrx_word' id='word_1_790' title='bbox 2281 4771 2522 4824; x_wconf 88' lang='lat' dir='ltr'><strong>animam</strong></span> <span class='ocrx_word' id='word_1_791' title='bbox 2552 4769 2870 4839; x_wconf 89' lang='lat' dir='ltr'><strong>propellunt</strong></span> <span class='ocrx_word' id='word_1_792' title='bbox 2892 4769 3253 4838; x_wconf 89' lang='lat' dir='ltr'><strong>auditumque</strong></span> <span class='ocrx_word' id='word_1_793' title='bbox 3281 4773 3592 4836; x_wconf 69' lang='lat' dir='ltr'><strong>praeparant</strong></span> 
     </span>
    </p>
   </div>
   <div class='ocr_carea' id='block_1_110' title="bbox 2013 4859 3685 4933">
    <p class='ocr_par' dir='ltr' id='par_1_110' title="bbox 2013 4859 3685 4933">
     <span class='ocr_line' id='line_1_110' title="bbox 2013 4859 3685 4933; baseline -0.005 -15"><span class='ocrx_word' id='word_1_794' title='bbox 2013 4873 2071 4919; x_wconf 90' lang='lat' dir='ltr'><strong>et</strong></span> <span class='ocrx_word' id='word_1_795' title='bbox 2120 4865 2362 4933; x_wconf 89' lang='lat' dir='ltr'><strong>linguam</strong></span> <span class='ocrx_word' id='word_1_796' title='bbox 2413 4863 2482 4916; x_wconf 92' lang='lat' dir='ltr'><strong>ad</strong></span> <span class='ocrx_word' id='word_1_797' title='bbox 2529 4862 2790 4933; x_wconf 80' lang='lat' dir='ltr'><strong>syllabam</strong></span> <span class='ocrx_word' id='word_1_798' title='bbox 2837 4861 3078 4931; x_wconf 88' lang='lat' dir='ltr'><strong>aliquam</strong></span> <span class='ocrx_word' id='word_1_799' title='bbox 3123 4861 3208 4915; x_wconf 88' lang='lat' dir='ltr'><strong>vel</strong></span> <span class='ocrx_word' id='word_1_800' title='bbox 3260 4859 3595 4915; x_wconf 88' lang='lat' dir='ltr'><strong>locutionem</strong></span> <span class='ocrx_word' id='word_1_801' title='bbox 3680 4870 3685 4876; x_wconf 84' lang='lat'>&#39;</span> 
     </span>
    </p>
   </div>
   <div class='ocr_carea' id='block_1_111' title="bbox 2010 4948 3597 5023">
    <p class='ocr_par' dir='ltr' id='par_1_111' title="bbox 2010 4948 3597 5023">
     <span class='ocr_line' id='line_1_111' title="bbox 2010 4948 3597 5023; baseline -0.004 -16"><span class='ocrx_word' id='word_1_802' title='bbox 2010 4955 2342 5016; x_wconf 84' lang='lat' dir='ltr'><strong>venandam,</strong></span> <span class='ocrx_word' id='word_1_803' title='bbox 2374 4970 2484 5009; x_wconf 91' lang='lat' dir='ltr'><strong>non</strong></span> <span class='ocrx_word' id='word_1_804' title='bbox 2515 4969 2627 5023; x_wconf 89' lang='lat' dir='ltr'><strong>quo</strong></span> <span class='ocrx_word' id='word_1_805' title='bbox 2663 4953 2852 5008; x_wconf 62' lang='lat' dir='ltr'><strong>laetitia</strong></span> <span class='ocrx_word' id='word_1_806' title='bbox 2886 4963 2942 5008; x_wconf 92' lang='lat' dir='ltr'><strong>et</strong></span> <span class='ocrx_word' id='word_1_807' title='bbox 2971 4953 3248 5007; x_wconf 81' lang='lat' dir='ltr'><strong>hilaritate</strong></span> <span class='ocrx_word' id='word_1_808' title='bbox 3281 4950 3450 5006; x_wconf 90' lang='lat' dir='ltr'><strong>animi</strong></span> <span class='ocrx_word' id='word_1_809' title='bbox 3482 4948 3597 5002; x_wconf 78' lang='lat' dir='ltr'><strong>alii-</strong></span> 
     </span>
    </p>
   </div>
   <div class='ocr_carea' id='block_1_112' title="bbox 2017 5044 3597 5116">
    <p class='ocr_par' dir='ltr' id='par_1_112' title="bbox 2017 5044 3597 5116">
     <span class='ocr_line' id='line_1_112' title="bbox 2017 5044 3597 5116; baseline -0.005 -15"><span class='ocrx_word' id='word_1_810' title='bbox 2017 5047 2184 5109; x_wconf 88' lang='lat' dir='ltr'><strong>ciant,</strong></span> <span class='ocrx_word' id='word_1_811' title='bbox 2221 5045 2319 5099; x_wconf 89' lang='lat' dir='ltr'><strong>sed</strong></span> <span class='ocrx_word' id='word_1_812' title='bbox 2360 5053 2422 5098; x_wconf 92' lang='lat' dir='ltr'><strong>ut</strong></span> <span class='ocrx_word' id='word_1_813' title='bbox 2461 5044 2720 5116; x_wconf 87' lang='lat' dir='ltr'><strong>injuriam</strong></span> <span class='ocrx_word' id='word_1_814' title='bbox 2764 5044 3004 5100; x_wconf 89' lang='lat' dir='ltr'><strong>inferant</strong></span> <span class='ocrx_word' id='word_1_815' title='bbox 3041 5044 3439 5112; x_wconf 89' lang='lat' dir='ltr'><strong>materiamque</strong></span> <span class='ocrx_word' id='word_1_816' title='bbox 3483 5055 3597 5094; x_wconf 82' lang='lat' dir='ltr'><strong>sua:</strong></span> 
     </span>
    </p>
   </div>
   <div class='ocr_carea' id='block_1_113' title="bbox 2019 5131 3598 5204">
    <p class='ocr_par' dir='ltr' id='par_1_113' title="bbox 2019 5131 3598 5204">
     <span class='ocr_line' id='line_1_113' title="bbox 2019 5131 3598 5204; baseline -0.003 -16"><span class='ocrx_word' id='word_1_817' title='bbox 2019 5133 2336 5204; x_wconf 65' lang='lat' dir='ltr'><strong>petulantiae</strong></span> <span class='ocrx_word' id='word_1_818' title='bbox 2363 5133 2621 5188; x_wconf 89' lang='lat' dir='ltr'><strong>habeant.</strong></span> <span class='ocrx_word' id='word_1_819' title='bbox 2654 5134 2712 5189; x_wconf 86' lang='lat' dir='ltr'><strong>Id</strong></span> <span class='ocrx_word' id='word_1_820' title='bbox 2745 5133 2893 5203; x_wconf 90' lang='lat' dir='ltr'><strong>quod</strong></span> <span class='ocrx_word' id='word_1_821' title='bbox 2923 5134 3055 5188; x_wconf 90' lang='lat' dir='ltr'><strong>huic</strong></span> <span class='ocrx_word' id='word_1_822' title='bbox 3089 5142 3281 5189; x_wconf 92' lang='lat' dir='ltr'><strong>sancto</strong></span> <span class='ocrx_word' id='word_1_823' title='bbox 3305 5132 3428 5187; x_wconf 91' lang='lat' dir='ltr'><strong>viro</strong></span> <span class='ocrx_word' id='word_1_824' title='bbox 3453 5131 3598 5186; x_wconf 61' lang='lat' dir='ltr'><strong>accio</strong></span> 
     </span>
    </p>
   </div>
   <div class='ocr_carea' id='block_1_114' title="bbox 2016 5221 3594 5297">
    <p class='ocr_par' dir='ltr' id='par_1_114' title="bbox 2016 5221 3594 5297">
     <span class='ocr_line' id='line_1_114' title="bbox 2016 5221 3594 5297; baseline -0.004 -17"><span class='ocrx_word' id='word_1_825' title='bbox 2016 5227 2097 5281; x_wconf 88' lang='lat' dir='ltr'><strong>dit</strong></span> <span class='ocrx_word' id='word_1_826' title='bbox 2126 5228 2218 5282; x_wconf 92' lang='lat' dir='ltr'><strong>illo</strong></span> <span class='ocrx_word' id='word_1_827' title='bbox 2252 5235 2498 5297; x_wconf 89' lang='lat' dir='ltr'><strong>tempore</strong></span> <span class='ocrx_word' id='word_1_828' title='bbox 2529 5226 2598 5280; x_wconf 90' lang='lat' dir='ltr'><strong>ab</strong></span> <span class='ocrx_word' id='word_1_829' title='bbox 2628 5227 2878 5282; x_wconf 88' lang='lat' dir='ltr'><strong>veritatis</strong></span> <span class='ocrx_word' id='word_1_830' title='bbox 2909 5226 3172 5291; x_wconf 84' lang='lat' dir='ltr'><strong>inimicis,</strong></span> <span class='ocrx_word' id='word_1_831' title='bbox 3198 5223 3468 5296; x_wconf 85' lang='lat' dir='ltr'><strong>ejusmodi</strong></span> <span class='ocrx_word' id='word_1_832' title='bbox 3499 5221 3594 5290; x_wconf 89' lang='lat' dir='ltr'><strong>qui</strong></span> 
     </span>
    </p>
   </div>
   <div class='ocr_carea' id='block_1_115' title="bbox 2015 5314 3595 5388">
    <p class='ocr_par' dir='ltr' id='par_1_115' title="bbox 2015 5314 3595 5388">
     <span class='ocr_line' id='line_1_115' title="bbox 2015 5314 3595 5388; baseline -0.004 -16"><span class='ocrx_word' id='word_1_833' title='bbox 2015 5319 2329 5388; x_wconf 85' lang='lat' dir='ltr'><strong>prosiliunt,</strong></span> <span class='ocrx_word' id='word_1_834' title='bbox 2366 5326 2423 5373; x_wconf 90' lang='lat' dir='ltr'><strong>et</strong></span> <span class='ocrx_word' id='word_1_835' title='bbox 2463 5319 2550 5372; x_wconf 89' lang='lat' dir='ltr'><strong>vel</strong></span> <span class='ocrx_word' id='word_1_836' title='bbox 2596 5318 2917 5388; x_wconf 88' lang='lat' dir='ltr'><strong>priusquam</strong></span> <span class='ocrx_word' id='word_1_837' title='bbox 2963 5318 3108 5372; x_wconf 89' lang='lat' dir='ltr'><strong>dicta</strong></span> <span class='ocrx_word' id='word_1_838' title='bbox 3151 5319 3282 5380; x_wconf 89' lang='lat' dir='ltr'><strong>sint,</strong></span> <span class='ocrx_word' id='word_1_839' title='bbox 3317 5317 3369 5370; x_wconf 89' lang='lat' dir='ltr'><strong>in</strong></span> <span class='ocrx_word' id='word_1_840' title='bbox 3408 5314 3595 5369; x_wconf 87' lang='lat' dir='ltr'><strong>verbis</strong></span> 
     </span>
    </p>
   </div>
   <div class='ocr_carea' id='block_1_116' title="bbox 2012 5404 3588 5479">
    <p class='ocr_par' dir='ltr' id='par_1_116' title="bbox 2012 5404 3588 5479">
     <span class='ocr_line' id='line_1_116' title="bbox 2012 5404 3588 5479; baseline -0.004 -16"><span class='ocrx_word' id='word_1_841' title='bbox 2012 5424 2202 5463; x_wconf 87' lang='lat' dir='ltr'><strong>ansam</strong></span> <span class='ocrx_word' id='word_1_842' title='bbox 2231 5417 2288 5463; x_wconf 90' lang='lat' dir='ltr'><strong>et</strong></span> <span class='ocrx_word' id='word_1_843' title='bbox 2316 5407 2665 5464; x_wconf 87' lang='lat' dir='ltr'><strong>occasionem</strong></span> <span class='ocrx_word' id='word_1_844' title='bbox 2701 5425 2759 5464; x_wconf 87' lang='lat' dir='ltr'><strong>se</strong></span> <span class='ocrx_word' id='word_1_845' title='bbox 2799 5406 3061 5462; x_wconf 85' lang='lat' dir='ltr'><strong>incitandi</strong></span> <span class='ocrx_word' id='word_1_846' title='bbox 3098 5407 3343 5479; x_wconf 88' lang='lat' dir='ltr'><strong>arripere</strong></span> <span class='ocrx_word' id='word_1_847' title='bbox 3379 5404 3588 5467; x_wconf 84' lang='lat' dir='ltr'><strong>solent;</strong></span> 
     </span>
    </p>
   </div>
   <div class='ocr_carea' id='block_1_117' title="bbox 1599 5537 2272 5597">
    <p class='ocr_par' dir='ltr' id='par_1_117' title="bbox 1599 5537 2272 5597">
     <span class='ocr_line' id='line_1_117' title="bbox 1599 5537 2272 5597; baseline 0.007 -6"><span class='ocrx_word' id='word_1_848' title='bbox 1599 5537 1834 5593; x_wconf 63' lang='lat' dir='ltr'><strong>VARUE</strong></span> <span class='ocrx_word' id='word_1_849' title='bbox 1872 5541 2272 5597; x_wconf 75' lang='lat' dir='ltr'><strong>LECTIONES.</strong></span> 
     </span>
    </p>
   </div>
   <div class='ocr_carea' id='block_1_118' title="bbox 403 5650 1906 5723">
    <p class='ocr_par' dir='ltr' id='par_1_118' title="bbox 403 5650 1906 5723">
     <span class='ocr_line' id='line_1_118' title="bbox 403 5650 1906 5723; baseline 0.003 -21"><span class='ocrx_word' id='word_1_850' title='bbox 403 5651 449 5683; x_wconf 78' lang='grc' dir='ltr'>³ο</span> <span class='ocrx_word' id='word_1_851' title='bbox 487 5651 874 5723; x_wconf 82' lang='grc' dir='ltr'>ἐνισχημένους</span> <span class='ocrx_word' id='word_1_852' title='bbox 904 5651 1026 5707; x_wconf 88' lang='lat' dir='ltr'><strong>cod.</strong></span> <span class='ocrx_word' id='word_1_853' title='bbox 1058 5653 1194 5708; x_wconf 81' lang='lat' dir='ltr'><strong>Gud.</strong></span> <span class='ocrx_word' id='word_1_854' title='bbox 1277 5655 1316 5684; x_wconf 85' lang='grc'>²¹</span> <span class='ocrx_word' id='word_1_855' title='bbox 1354 5652 1437 5704; x_wconf 71' lang='grc' dir='ltr'><strong>διὰ</strong></span> <span class='ocrx_word' id='word_1_856' title='bbox 1474 5651 1580 5704; x_wconf 80' lang='grc' dir='ltr'>τῶν</span> <span class='ocrx_word' id='word_1_857' title='bbox 1615 5650 1734 5707; x_wconf 83' lang='lat' dir='ltr'><strong>cod.</strong></span> <span class='ocrx_word' id='word_1_858' title='bbox 1764 5651 1906 5708; x_wconf 84' lang='lat' dir='ltr'><strong>Gud.</strong></span> 
     </span>
    </p>
   </div>
   <div class='ocr_carea' id='block_1_119' title="bbox 1755 5811 1775 5844">
    <p class='ocr_par' dir='ltr' id='par_1_119' title="bbox 1755 5811 1775 5844">
     <span class='ocr_line' id='line_1_119' title="bbox 1755 5811 1775 5844; baseline 0 0"><span class='ocrx_word' id='word_1_859' title='bbox 1755 5811 1775 5844; x_wconf 77' lang='grc' dir='ltr'><em>Ι</em></span> 
     </span>
    </p>
   </div>
  </div>
