3984 6198
398 268 401 273 ’
470 289 600 356 1211
700 313 710 323 -

1641 288 1705 345 S.
1745 282 2033 344 MAXIMI
2066 281 2578 340 CONFESSORIS

3598 262 3746 327 1212

460 405 518 460 in
561 403 787 459 modum
831 415 1102 474 equorum
1147 399 1479 454 bellatorum
1527 397 1913 465 celetumque,
1950 392 2035 462 qui

2149 389 2388 453 ποιοῦσι,
2429 391 2523 443 καὶ
2566 390 2692 452 τοὺς
2736 386 2904 448 πόδας
2933 386 2997 454 τῇ
3032 385 3102 453 γῇ
3142 376 3618 452 προσαράςσουσι,
3647 379 3746 429 καὶ

458 499 546 554 vel
577 507 706 553 ante
736 504 1016 552 certamen
1041 500 1097 547 et
1120 492 1308 547 tubam
1339 506 1504 546 aures
1532 489 1786 561 arrigunt
1811 496 1867 542 et
1890 485 2046 556 pedi~

460 589 565 644 lius
594 598 796 644 terram
821 587 1040 658 pulsant
1062 595 1122 641 et
1145 584 1366 655 ungulis
1390 582 1628 646 fodiunt,
1648 589 1705 636 et
1727 580 1793 635 ad
1818 594 2043 634 cursum

458 692 523 739 se
554 678 789 732 incitant
821 685 880 731 et
912 675 1187 747 ﬂagellum
1227 674 1493 744 instigans
1529 673 1678 728 haud
1720 687 1846 728 raro
1886 682 2043 727 ante-

453 760 714 834 vertunt';
768 768 874 823 nisi
922 769 1068 837 quod
1116 768 1332 823 nullum
1378 782 1588 836 equos,
1631 765 1760 835 quia
1813 762 2044 819 rationis

459 868 589 915 sunt
614 868 891 929 expertes,
921 859 1262 930 vitupcrium
1294 858 1487 928 tangit,
1514 857 1558 912 si
1595 856 1838 927 legitima
1867 862 2046 909 certa-

462 950 674 1004 minum
718 958 965 1018 tempora
1003 965 1115 1003 non
1151 954 1473 1017 exspectant
1514 962 1635 1016 qua:
1669 945 1816 1001 tubae
1859 944 2042 999 sonitu

460 1048 518 1095 et
547 1039 746 1111 ﬂagelli
782 1041 894 1095 ictu
927 1039 1327 1111 signiﬁcantur,
1357 1039 1495 1094 tales
1525 1048 1719 1093 contra
1750 1037 1856 1091 viri
1890 1036 2043 1092 nullo

426 1112 734 1202 'vituperio
773 1140 1009 1201 possunt
1041 1131 1108 1185 ad
1144 1146 1298 1185 suam
1330 1129 1636 1199 nequitiam
1667 1128 2042 1184 aestimandam

456 1223 812 1276 commoveri.
841 1222 1132 1291 Negotium
1165 1223 1247 1277 eis
1281 1229 1339 1277 et
1370 1221 1614 1278 studium
1652 1230 1738 1275 est
1766 1219 2040 1275 mendacii

457 1313 745 1368 meditatio
793 1322 850 1367 et
898 1314 1154 1367 veritatis
1203 1313 1558 1382 expugnatio.
1606 1311 1786 1377 Quare
1840 1310 2041 1365 merito

454 1404 747 1473 ejusmodi,
776 1404 1072 1471 prurientes
1093 1403 1280 1457 αιιάίιιι
1304 1410 1351 1455 et
1368 1400 1582 1471 lingua,
1610 1400 1888 1464 dicantur,
1917 1413 2044 1469 pro-

455 1500 644 1560 pterea
677 1492 826 1562 quod
858 1500 919 1546 ut
946 1492 1152 1561 aliquis
1182 1506 1381 1546 succus
1395 1489 1789 1546 acerbissimos
1810 1498 1866 1544 et
1894 1505 2044 1544 cras-

455 1582 729 1647 sissimus,
756 1582 851 1652 qui
889 1583 945 1636 in
978 1582 1228 1652 corporis
1258 1581 1535 1652 profundo
1568 1580 1862 1644 delitescit,
1895 1581 2040 1636 haud

458 1689 581 1728 raro
615 1689 714 1743 per
737 1673 1080 1744 pruriginem
1114 1674 1369 1730 irritatus
1400 1676 1456 1729 in
1487 1683 1738 1744 apertum
1773 1685 2038 1743 provoca-

2152 484 2586 555 προσκνήθονται
2610 480 2814 549 ταύτην
2845 479 2964 541 ταῖς
2991 474 3205 537 ὁπλαῖς,
3242 473 3336 526 καὶ
3369 472 3506 542 πρὸς
3537 471 3744 541 δρόμον

2150 575 2378 638 ἑαυτοὺς
2430 573 2802 644 διεγείρουσι,
2856 569 2953 624 καὶ
3015 568 3117 637 τὴν
3171 564 3419 619 ὠθοῦσαν
3473 561 3742 624 πολλάκις

2150 667 2634 739 προλαμϐάνοντες
2679 663 2956 735 μάστιγαο
2989 659 3129 731 πλὴν
3168 659 3251 710 ὅτι
3280 655 3393 709 τῶν
3421 656 3610 708 ἵππων
3643 656 3744 706 οὐ·

2147 757 2259 820 δεὶς
2299 759 2531 809 ἅπτεται
2579 753 2747 823 ψόγος
2792 750 2896 804 ὑπὸ
2939 749 3039 819 τῆς
3088 744 3325 815 φυσικῆς
3366 740 3615 809 ἀλογίας,
3663 740 3744 809 μὴ

2147 849 2530 918 ἀναμενόντων
2582 847 2708 909 τοὺς
2754 839 3013 906 εὐθέτους
3054 839 3163 894 τῶν
3208 835 3436 906 ἀγώνων
3482 833 3738 904 καιροὺς,

2146 940 2241 1004 οὓς
2288 939 2641 1010 διασημαίνει
2676 938 2710 1008 ἦ
2751 953 2811 989 τε
2852 935 3007 1003 φωνὴ
3050 932 3151 1002 τῆς
3202 929 3507 996 σάλπιγγος
3556 926 3658 979 παλ⁵
3706 926 3742 993 ἡ

2145 1034 2246 1105 τῆς
2284 1033 2551 1104 μάστιγος
2577 1030 2786 1101 πληγὴ,
2811 1029 2926 1090 τοῖς
2959 1026 3014 1080 δὲ
3042 1023 3308 1085 τοιούτοις
3343 1019 3608 1092 ἀνδράσιν
3647 1019 3742 1073 οὐ·

2145 1125 2256 1188 δείς
2290 1126 2438 1178 ἐστιν
2476 1124 2505 1176 ὁ
2539 1122 2677 1195 πρὸς
2700 1119 2858 1185 ἀξίαν
2892 1117 2995 1187 τῆς
3043 1115 3222 1169 αὐτῶν
3260 1113 3462 1176 κακίας
3506 1113 3736 1182 ἐπινοη-

2148 1216 2305 1273 Θῆναι
2332 1216 2632 1287 δυνάμενος
2663 1213 2851 1284 ψόγος.
2887 1211 3091 1280 Ἔργον
3125 1206 3313 1278 ἔχουσι
3352 1204 3450 1258 καὶ⁵
3494 1203 3735 1257 σπούδα-

2147 1321 2261 1374 σμα
2298 1306 2399 1376 τὴν
2437 1305 2672 1375 μελέτην
2715 1301 2812 1358 τοῦ
2852 1299 3118 1369 ψεύδους,
3177 1295 3274 1350 καὶ
3319 1295 3421 1365 τὴν
3456 1292 3602 1346 κατά
3634 1293 3736 1361 τῆς

2146 1398 2407 1468 ἀληθείας
2443 1397 2721 1452 ἔνστασιν.
2765 1393 3005 1454 Εἰκότως
3034 1392 3084 1443 οί
3114 1388 3352 1443 τοιοῦτοι
3376 1387 3737 1462 κνηρόμενοι

2144 1484 2261 1553 τὴν
2314 1487 2512 1552 ἀκοὴν
2565 1485 2663 1539 καί
2710 1483 2825 1550 τὴν
2872 1480 3147 1551 γλῶτταν
3200 1478 3570 1547 λεγέσθωσαν,
3599 1476 3739 1530 διότι

2146 1577 2399 1649 καθάπερ
2445 1594 2528 1640 τις
2567 1576 2741 1647 χυμὸς
2777 1572 3113 1645 δριμύτατός
3156 1588 3220 1624 τε
3249 1572 3345 1625 καὶ
3391 1570 3736 1640 παχύτατος,

2143 1670 2221 1740 τῷ
2260 1669 2416 1741 βάθει
2443 1668 2539 1723 τοῦ
2567 1667 2820 1737 σώματος
2847 1662 3208 1734 ὲμφωλεύων,
3239 1661 3507 1724 πολλάκις
3529 1661 3622 1713 διὰ
3636 1660 3733 1713 τοῦ

453 1773 567 1829 tur,
595 1737 673 1819 ita
706 1737 871 1818 etiam
900 1737 1007 1819 bos
1036 1765 1310 1820 bonorum
1350 1737 1669 1820 sermonum
1711 1737 2035 1821 obtrectato-

2144 1737 2442 1833 κνήθεσθαι
2478 1761 2616 1833 πρὸς
2643 1760 2745 1831 τὴν
2768 1760 3092 1828 ἐπιφάνειαν
3116 1755 3502 1826 ἐρεθιζόμενος
3525 1753 3734 1806 ἐκδίδο-

454 1870 543 1910 res
570 1856 787 1910 occulta
812 1855 1062 1926 quadam
1088 1855 1336 1921 affectio,
1364 1864 1659 1925 postquam
1683 1869 1873 1911 ansam
1904 1856 2045 1909 arri»

454 1955 716 2017 poet-unt,
742 1947 812 2003 ad
847 1948 1045 2003 anima:
1074 1948 1474 2019 malignitatem
1510 1947 1565 2001 in
1601 1946 1883 2017 publicum
1913 1960 2043 2000 evo»

454 2038 713 2094 mendum
754 2039 1032 2108 praecipue
1074 2039 1273 2103 irritat,
1300 2054 1424 2108 qua:
1460 2037 1682 2093 aﬂ‘ectio
1719 2044 1877 2093 tanto
1914 2053 2043 2107 pro-

452 2132 680 2186 fundius
708 2131 864 2187 sedet
891 2141 1099 2202 quanto
1130 2146 1395 2201 processu
1427 2145 1530 2185 suo
1558 2130 1814 2185 videatur
1841 2129 2040 2186 debili-

433 2225 575 2279 tari.
602 2225 818 2279 Etenim
853 2241 961 2279 non
1001 2225 1219 2281 excedit
1246 2225 1315 2280 de
1349 2223 1628 2295 profundo
1659 2238 1760 2293 per
1788 2222 2034 2279 facinora

447 2316 597 2370 edita
645 2316 1030 2386 improborum
1078 2316 1368 2372 hominum
1416 2314 1672 2381 aﬂ‘ectio,
1719 2313 1817 2369 sed
1863 2313 2033 2368 etiam

447 2416 673 2463 externa
723 2409 910 2464 omnia
958 2410 1144 2465 furore
1189 2425 1291 2465 suo
1334 2407 1763 2479 depascitur,ct
1789 2421 1945 2463 suam
1976 2406 2033 2461 in

446 2501 630 2556 anima
657 2502 845 2558 sedem
870 2503 1297 2574 haudquaquam
1325 2500 1613 2571 relinquit.

2138 1872 2254 1918 ται,
2285 1855 2459 1917 οὕτως
2481 1854 2577 1907 καὶ
2605 1853 2733 1916 τοὺς
2764 1849 3114 1922 ὲπηρεαστάς
3141 1847 3251 1902 τῶν
3281 1846 3463 1910 καλῶς
3494 1845 3731 1915 λεγομέ-

2137 1965 2247 2001 νων
2298 1945 2539 2018 ὲρεθίζει
2585 1944 2922 2015 λαϐομένους
2966 1936 3223 2012 ἀφορμῆς
3279 1938 3517 2009 μάλιστα
3562 1938 3733 2009 δημοο

2140 2038 2344 2093 σιεύειν
2369 2039 2476 2105 τὴν
2506 2037 2648 2092 κατὰ
2689 2035 2869 2108 ψυχὴν
2919 2033 3264 2104 κακουργίαν
3290 2035 3323 2103 ἠ
3358 2031 3727 2102 κεκρυμμένη

2135 2129 2399 2196 διάθεσις,
2435 2131 2560 2201 ἥτις
2600 2127 2856 2183 τοσοῦτον
2898 2126 2963 2180 τὸ
3012 2125 3175 2196 βάθος
3207 2124 3469 2195 κατέχειν
3512 2123 3728 2191 πέφυκε

2144 2225 2368 2294 μᾶλλον,
2419 2225 2544 2278 ὅσον
2582 2220 2875 2277 κενοῦσθαι
2912 2223 2981 2291 τῇ
3020 2219 3235 2289 προόδῳ
3282 2217 3428 2271 κατὰ
3470 2219 3534 2270 τδ
3579 2215 3729 2279 είκδς

2139 2316 2342 2382 ἔδοξεν.
2377 2318 2453 2371 Οὐ
2501 2316 2610 2387 γάρ
2641 2315 2925 2380 ἐξίσταται
2952 2311 3049 2367 τοῦ
3090 2311 3293 2382 βάθους
3336 2308 3729 2381 προφερομένη

2137 2407 2229 2462 διά
2254 2408 2362 2462 τῶν
2385 2409 2563 2481 ἔργων
2592 2410 2628 2478 ἡ
2656 2406 2768 2461 τῶν
2801 2405 3093 2477 μοχθηρῶν
3119 2401 3426 2474 ἀνθρώπων
3455 2400 3726 2464 διάθεσις,

2140 2500 2275 2554 ἀλλὰ
2305 2501 2400 2555 καὶ
2442 2499 2515 2553 τὰ
2557 2499 2715 2564 ὲκτδς
2753 2498 2934 2553 πάντα
2969 2494 3216 2567 μανικῶς
3260 2494 3603 2563 ἐπινέμεται,
3630 2490 3729 2545 καὶ

2012 2583 2029 2591 ἡ
2140 2591 2402 2662 τῆςικατὰ
2424 2590 2604 2663 ψυχὴν
2634 2589 2889 2661 οὐδαμῶς
2918 2587 3198 2655 ἐξίσταται
3231 2584 3440 2656 χώρας.

445 2769 533 2824 Ex
561 2770 740 2826 eodem
769 2786 1038 2835 sermone,
1064 2772 1123 2824 in
1154 2770 1290 2825 illud
1326 2786 1345 2825 :
1387 2788 1406 2821 ι
1448 2768 1909 2835 Quemadmodum
1936 2771 2033 2841 ﬂos

516 2863 574 2916 in
605 2864 775 2918 hieme
808 2862 970 2933 plane
1003 2864 1420 2933 intempestivus,
1445 2869 1496 2915 et
1525 2859 1833 2915 mulieribus
1863 2860 2033 2919 virilis

516 2959 736 3007 ornatus
766 2951 852 3007 vel
878 2953 1006 3007 viris
1039 2950 1341 3017 muliebris,
1361 2958 1457 3006 aut
1492 2950 1705 3005 inarari
1733 2951 2034 3020 geometria

514 3043 768 3098 studium.
808 3061 828 3096 ι

518 3149 906 3206 Moderationis
929 3151 986 3206 in
1014 3152 1167 3206 omni
1193 3162 1447 3207 sermone
1478 3150 1740 3219 omnique
1772 3149 2027 3221 negotio,

447 3253 556 3308 qua
598 3239 1038 3311 uniuscujusque
1085 3249 1143 3296 et
1184 3241 1578 3296 universorum
1625 3239 1848 3295 decoris
1893 3239 2035 3294 ratio

449 3329 664 3399 integra
694 3346 759 3386 ac
784 3347 923 3402 pura
948 3333 1357 3398 manifestatur,
1389 3348 1489 3403 per
1517 3330 1873 3386 dissimilium
1899 3345 2036 3386 enu-

448 3422 811 3477 merationem
846 3425 1161 3495 exemplum
1193 3419 1512 3495 proponens
1543 3425 1664 3479 haec
1693 3423 1833 3478 dicit
1859 3425 2035 3495 magi-

447 3518 584 3575 ster,
608 3512 815 3581 quibus
856 3524 918 3568 ut
958 3514 1226 3569 moderati
1267 3528 1392 3569 esse
1429 3521 1487 3569 et
1519 3514 1668 3569 cauti
1700 3513 1877 3569 velint
1910 3530 2038 3583 pro-

447 3605 588 3660 tervi
622 3613 679 3660 et
711 3606 1060 3661 immoderati
1093 3607 1411 3677 nulliusque
1443 3607 1592 3661 modi
1620 3605 1801 3678 gnari,
1826 3606 2037 3660 nullius

444 3697 668 3766 quidem
703 3697 807 3764 rei,
836 3698 933 3753 sed
970 3699 1026 3753 in
1053 3699 1252 3769 primis
1278 3699 1599 3769 disputandi
1625 3700 1694 3755 de
1720 3700 1835 3755 Deo
1861 3700 2033 3767 modi,

443 3804 638 3843 verum
669 3791 934 3845 audacter
956 3801 1155 3847 etmcta
1179 3792 1553 3863 discrepantia
1576 3794 1723 3849 inter
1746 3810 1804 3851 se
1828 3803 2036 3853 temere

445 3882 871 3938 commiscentes
896 3892 1063 3954 atque
1091 3885 1498 3941 confundentes
1530 3887 1789 3942 instruat.
1816 3888 2032 3944 Etenim

445 3971 490 4027 si
528 3982 729 4042 praeter
764 3983 1020 4028 naturam
1063 3985 1149 4030 est
1191 3976 1615 4046 legitimumque
1654 3993 1841 4032 rerum
1880 3978 2033 4034 ordi-

445 4078 570 4117 nem
598 4064 701 4118 llos
732 4064 787 4117 in
815 4065 998 4120 hieme
1025 4076 1323 4135 spectatus,
1351 4082 1417 4122 ac
1448 4067 1778 4124 mulieribus
1804 4079 2035 4127 ornatus

442 4156 620 4211 virilis
650 4157 879 4212 indutus
901 4167 998 4213 aut
1020 4157 1157 4214 viris
1180 4160 1491 4225 muliebris,
1515 4168 1569 4216 et
1593 4163 1820 4218 mterori
1849 4173 2032 4234 aptam

443 4249 804 4317 geometriam
838 4249 1027 4306 dicere
1061 4250 1185 4323 (ille
1218 4253 1367 4307 enim
1401 4263 1621 4324 tempus
1653 4266 1820 4311 novat
1850 4270 2034 4312 suam-

445 4354 554 4408 que
602 4339 933 4409 positionem
983 4351 1041 4398 et
1087 4344 1342 4401 ordinem
1390 4346 1681 4413 destituit,
1712 4350 1856 4404 alter
1898 4364 2032 4406 vero

2155 2770 2251 2824 Ἐκ
2280 2769 2388 2823 τοῦ
2423 2768 2613 2823 αὐτοῦ
2640 2769 2859 2837 λόγου,⁸
2884 2767 2973 2832 είς
3002 2766 3094 2830 τὸ,
3131 2785 3150 2817 ι
3176 2766 3404 2832 Ὠσπερ
3444 2763 3628 2830 ἄνθος
3654 2764 3727 2818 ἐν

2211 2858 2455 2929 χειμῶνι
2480 2856 2794 2922 παντελῶς
2823 2854 3040 2923 ἄωρον,
3088 2853 3187 2906 καί
3226 2850 3465 2921 γυναιξί
3497 2851 3726 2919 κόσμος

2211 2949 2489 3016 ἀνδρεῖος
2512 2948 2553 3017 ἢ
2590 2946 2851 3017 ἀνδράσι
2879 2945 3239 3015 γυναικεῖος,
3266 2944 3303 3011 ἣ
3334 2941 3542 2997 πένθει
3582 2959 3723 3011 γεω-

2206 3043 2420 3114 μετρία
2442 3043 2540 3113 (9).
2573 3060 2592 3094 ι

2206 3156 2319 3228 Τὴν
2344 3157 2436 3209 ἐπὶ
2463 3154 2669 3218 παντὸς
2693 3153 2856 3222 λόγου
2885 3168 2947 3206 τε
2971 3151 3068 3207 καὶ
3090 3150 3417 3222 πράγματος
3446 3148 3723 3215 εὐταξίαν,

2134 3245 2258 3300 καθ’
2290 3244 2360 3317 ἣν
2389 3244 2491 3314 τῆς
2524 3244 2758 3297 ἑκάστου
2796 3242 2894 3299 καὶ
2945 3243 3173 3295 πάντων
3207 3239 3546 3309 εὐπρεπείας
3575 3241 3605 3292 ό
3632 3237 3726 3291 16-

2138 3354 2232 3405 γος
2282 3335 2679 3406 ἀναφαίνεσθαι
2728 3335 2979 3404 πέφυκεν
3030 3332 3235 3404 (183
3274 3334 3345 3400 α)
3387 3331 3726 3403 ἀκραιφνὴς,

2134 3430 2224 3484 διά
2273 3431 2372 3501 τῆς
2446 3427 2557 3482 τῶν
2615 3426 3076 3498 ἀπεμφαινόντων
3142 3422 3572 3495 ἀπαριθμήσεως
3610 3424 3729 3475 εισ-

2137 3521 2465 3593 ηγούμενος,
2495 3520 2673 3576 ταῦτά
2712 3536 2882 3590 φησιν
2906 3520 2936 3571 ό
2972 3516 3315 3582 διδάσκαλος,
3357 3517 3442 3569 ἵνα
3465 3516 3555 3570 διὰ
3593 3515 3727 3570 τοὺ-

2132 3633 2241 3670 των
2284 3616 2580 3678 εὐτάκτους
2622 3612 2766 3668 εἶναι
2799 3612 2895 3667 καὶ
2936 3610 3186 3673 εὐλαϐεῖς
3216 3609 3344 3672 τοὺς
3369 3608 3592 3679 θρασεῖς
3634 3611 3731 3662 καὶ

2135 3708 2413 3772 ἀτάκτους
2440 3708 2540 3761 καὶ
2573 3707 2849 3779 μηδεμίαν
2880 3704 3038 3770 τάξιν
3073 3703 3308 3767 εἰδότας,
3354 3702 3571 3763 οὐδενὸς
3601 3703 3725 3771 μὲν,

2140 3798 2375 3869 μάλιστα
2416 3798 2474 3851 δὲ
2520 3798 2623 3867 τῆς
2666 3797 2795 3867 περὶ
2837 3794 2973 3850 Θεοῦ
3007 3793 3323 3859 διαλέξεως.
3360 3792 3498 3845 ἀλλὰ
3536 3793 3722 3846 πάντα

2134 3889 2425 3961 τολμηρῶς
2467 3889 2722 3960 ἀλλήλοις
2767 3886 3078 3959 multum};
3109 3887 3183 3940 τὰ
3221 3884 3487 3939 διεστῶτα
3516 3883 3726 3955 φύρον-

2134 3982 2236 4047 τάς
2262 3999 2323 4036 τε
2360 3984 2458 4037 καὶ
2501 3981 2837 4053 συγχέοντας
2883 3979 3169 4045 διδάξειεν.
3210 3977 3276 4031 El
3319 3978 3430 4049 γάρ
3480 3976 3591 4031 τῶν
3623 3979 3727 4031 οὐκ

2134 4076 2371 4147 ἐχόντων
2394 4074 2559 4144 φύσιν
2585 4074 2727 4139 ἐστὶ,
2757 4073 2854 4127 καὶ
2881 4071 2972 4125 διά
2998 4071 3164 4125 τοῦτο
3203 4070 3328 4124 οὐδὲ
3349 4071 3528 4136 τάξιν,
3560 4072 3627 4125 τό
3659 4089 3723 4123 τε

2134 4166 2297 4230 ἄνθος
2356 4168 2415 4219 ὲν
2460 4162 2696 4236 χειμῶνι
2742 4163 3047 4237 ὁρώμενον,
3096 4163 3193 4216 καὶ
3237 4161 3460 4231 γυναιξὶ
3513 4162 3727 4231 κόσμος

2135 4258 2379 4330 ἀνδρεῖος
2427 4256 2882 4328 ἐπιϐεϐλημένος,
2934 4255 3030 4309 καὶ
3098 4254 3330 4325 ἀνδράσι
3388 4257 3726 4320 γυναικεῖος,

2134 4352 2229 4405 καὶ
2256 4351 2443 4404 πένθει
2484 4348 2843 4420 συνημμένην
2862 4346 3214 4417 γεωμετρίαν
3249 4346 3434 4413 λέγειν
3468 4347 3488 4416 (
3506 4346 3569 4399 τὸ
3623 4346 3727 4416 μὲν

445 4430 680 4491 invicem
714 4433 768 4488 in
793 4434 917 4489 viro
947 4444 1004 4490 et
1029 4437 1263 4492 muliere
1291 4453 1563 4509 apparens
1588 4448 1844 4495 naturam
1875 4441 2035 4496 adul-

2143 4444 2243 4515 γάρ
2282 4444 2601 4512 καινοτομεῖ
2642 4441 2734 4494 τὸν
2773 4441 2969 4512 χρόνον
2999 4441 3097 4493 καὶ
3129 4438 3234 4509 τῆς
3263 4438 3400 4501 ιδίας
3441 4434 3728 4503 ἐξίσταται

443 4531 584 4580 terat
603 4534 661 4583 et
681 4526 904 4581 modum
928 4543 996 4583 ex
1022 4536 1219 4584 natura
1246 4530 1334 4586 eis
1359 4533 1779 4587 convenientem
1805 4549 1871 4588 ac
1898 4548 2029 4604 pro-

435 4614 626 4697 prium
657 4618 821 4682 tollit,
847 4620 1012 4675 tertia
1042 4620 1173 4676 dum
1203 4638 1327 4693 quae
1357 4624 1695 4679 cocxsistere
1720 4633 2023 4696 nequeunt,

442 4707 738 4776 gaudium,
772 4709 1027 4780 inquam,
1057 4721 1116 4768 et
1153 4728 1481 4779 maerorem,
1515 4714 1569 4769 in
1616 4731 1787 4771 unum
1830 4732 2027 4788 cogere

445 4803 641 4860 tentat,
661 4797 915 4869 inquinat
936 4818 1000 4857 ea
1026 4818 1258 4872 prorsus
1280 4817 1341 4859 et
1358 4806 1623 4874 perimit),
1647 4822 1829 4863 nonne
1853 4809 2028 4864 multo

443 4889 630 4958 potius
664 4905 847 4946 sermo
873 4893 941 4948 de
974 4895 1088 4950 Deo
1122 4904 1331 4952 temere
1365 4906 1421 4952 et
1447 4912 1478 4952 a
1511 4899 1760 4967 quolibet
1787 4900 1943 4955 fusus
1972 4910 2031 4956 et

441 4993 556 5047 quo
585 4979 732 5036 haud
768 4982 930 5038 decet
966 4994 1216 5055 tempore
1253 4996 1312 5042 et
1343 4989 1467 5042 loco
1501 4988 1727 5060 insuper
1758 4992 2026 5061 prolatus,

384 5127 388 5130 ἠ
444 5069 696 5128 informis
718 5083 776 5129 et
799 5074 1200 5133 inconveniens
1226 5080 1355 5145 erit,
1377 5087 1434 5135 et
1456 5095 1805 5151 nequaquam
1829 5083 2029 5152 dignus

442 5160 538 5229 qui
579 5163 855 5229 audiatur,
888 5181 1014 5220 cum
1034 5208 1047 5230 ,
1078 5177 1140 5222 ut
1168 5183 1271 5238 ego
1299 5170 1509 5235 sentio,
1542 5178 1694 5225 tanto
1725 5171 1906 5241 potius
1934 5186 2033 5227 ne-

444 5269 599 5311 cesse
636 5259 711 5314 sit
742 5259 1003 5315 idoneum
1041 5260 1111 5316 de
1147 5260 1260 5315 Deo
1294 5261 1605 5316 disserendi
1641 5269 1859 5332 tempus
1893 5262 2032 5317 deli-

445 5359 577 5417 gant
607 5352 926 5419 prudentes,
951 5362 1160 5430 quanto
1193 5356 1248 5409 in
1282 5354 1450 5411 rebus
1479 5356 1640 5424 plane
1670 5355 2029 5427 discrepanti-

448 5439 551 5495 bus
591 5444 912 5514 nullumquc
953 5447 1347 5503 commercium
1388 5447 1534 5504 inter
1570 5463 1629 5503 se
1671 5448 2026 5513 habentibus,

447 5545 585 5598 quas
622 5538 1075 5591 conmicmoravit
1110 5538 1394 5610 magister,
1422 5539 1779 5611 geometriam
1818 5555 1847 5594 a
1892 5555 2029 5595 mm-

2132 4536 2358 4599 θέσεως.
2396 4535 2425 4587 ό
2455 4534 2512 4588 δὲ
2537 4533 2956 4605 παραχαράττει
2987 4529 3087 4602 τὴν
3127 4532 3291 4599 φύσιν
3335 4530 3585 4598 ἐναλλὰξ,
3630 4535 3726 4586 ἀνι

2132 4626 2219 4698 δρί
2264 4644 2327 4681 τε
2380 4627 2475 4680 καὶ
2525 4626 2749 4695 γυναικὶ
2796 4624 3239 4693 ἐπιφαινόμενος,
3274 4623 3371 4678 καὶ
3410 4623 3514 4696 τὴν
3534 4626 3725 4690 αὐτοῖς

2133 4717 2451 4789 προσοῦσαν
2490 4718 2555 4770 ὲκ
2587 4715 2805 4785 φύσεως
2834 4713 2991 4782 τάξιν
3019 4715 3319 4784 ἐξίστησιν,
3344 4715 3378 4784 η
3411 4714 3470 4768 δὲ
3509 4714 3579 4767 τὰ
3616 4732 3723 4785 μη-

2132 4807 2281 4862 δέπω
2305 4808 2675 4877 συνυπάρχειν
2695 4804 2944 4875 ἀλλήλοις
2973 4804 3272 4874 δυνάμενα,
3292 4804 3468 4874 χαράν
3488 4803 3548 4856 τέ
3576 4822 3726 4873 φημι

2133 4902 2227 4954 καὶ
2255 4899 2475 4963 πένθος,
2507 4901 2588 4962 εἰς
2614 4897 2672 4951 ἓν
2702 4898 2936 4966 ἀγαγεῖν
2973 4895 3273 4967 βιαζομένη
3303 4893 3467 4966 φύρει
3498 4895 3727 4957 πάντως

2132 4992 2230 5046 καὶ
2258 4990 2575 5063 ἀφανίζει),
2604 4991 2667 5045 οὐ
2699 4988 2883 5060 πολλῷ
2914 4988 3118 5059 μᾶλλον
3147 4990 3178 5041 ὁ
3200 4987 3332 5058 περὶ
3374 4986 3513 5041 Θεοῦ
3540 4986 3725 5055 λόγος,

2133 5083 2208 5147 ὡς
2235 5082 2393 5155 ἔτυχε
2421 5085 2518 5137 καὶ
2543 5082 2650 5135 ὐπὸ
2678 5081 2772 5135 τοῦ
2807 5081 3089 5151 τυχόντος,
3118 5080 3211 5132 καὶ
3237 5078 3405 5149 ἡνίκα
3431 5080 3527 5131 καὶ
3555 5074 3617 5131 οὗ
3647 5078 3728 5147 μὴ

2136 5175 2377 5247 καθῆκον
2416 5175 2497 5229 ἔτι
2530 5175 2966 5247 προφερόμενος,
3003 5172 3192 5241 ἀειδὴς
3229 5171 3387 5225 ἔσται
3420 5174 3518 5225 καὶ
3542 5173 3724 5238 ἀπρε-

2137 5267 2263 5339 πὴς,
2297 5268 2392 5321 καὶ
2423 5267 2533 5320 οὐδ’
2558 5266 2701 5330 ὅλως
2728 5265 3063 5338 ἀκουσθῆναι
3099 5264 3230 5338 περὶ
3267 5265 3405 5319 Θεοῦ
3434 5264 3605 5329 ἀξιος,
3635 5262 3725 5331 ἐφ’

2132 5354 2195 5414 οῦ
2229 5359 2430 5431 μᾶλλον
2463 5358 2721 5413 τοσοῦτον
2757 5359 2966 5413 τιθέναι
3012 5357 3127 5413 δεῖν
3168 5354 3335 5428 οἴμαι
3367 5357 3430 5409 τὸ
3460 5356 3727 5426 εὔκαιρον

2133 5449 2262 5510 τούς
2313 5446 2442 5501 νοῦν
2481 5447 2726 5519 ἔχοντας,
2759 5449 2884 5501 ὅσον
2930 5447 3152 5500 πάντων
3199 5445 3548 5515 ἀσυγκρίτως
3584 5460 3727 5516 προ-

2131 5541 2299 5613 ϐεϐλη
2311 5541 2505 5612 μένων,
2535 5540 2721 5595 πένθει
2744 5541 2802 5595 δὲ
2828 5538 3173 5610 γεωμετρίαν
3212 5537 3562 5609 ἀνάρμοστόν
3598 5552 3675 5604 φη
3696 5566 3728 5576 -

518 5693 593 5763 (9)
636 5693 782 5747 ldum
838 5695 957 5747 ibid.
1005 5714 1121 5767 mp.
1175 5699 1215 5764 ί,
1261 5716 1312 5768 p.
1360 5699 1472 5752 51:0.
1519 5711 1645 5753 tum.
1691 5698 1731 5760 Ι,
1763 5698 1898 5768 Opp.
1936 5699 2024 5752 ecl.
2071 5699 2274 5753 [lenm].
