3984 6198
347 208 488 276 1213

1587 224 2104 287 AMBIGUORUM
2142 229 2393 291 LIBER.

3468 240 3607 305 12M

343 347 427 385 σιν
457 333 486 384 ὁ
515 328 856 395 ὃιδλισκαΜς.
905 333 965 385 '0
1015 330 1070 384 δὲ
1118 331 1320 401 μᾶλλον
1367 335 1597 405 ἀπορεῖν
1646 336 1792 407 ὑμᾶς
1836 353 1926 389 πε-

2034 354 2156 395 rore
2196 341 2465 398 dissidere
2506 344 2604 399 ait.
2638 343 2738 400 llic
2778 356 2964 402 autem
3007 349 3179 419 magis
3218 349 3493 417 btesitare,
3526 356 3602 410 uti

342 421 599 492 ποίηκεν.
647 420 723 485 ὡς
772 417 944 494 οἶμαι,
996 422 1139 476 κατὰ
1181 421 1423 476 τοιούσδε
1470 425 1795 498 τρόπους,ἢ
1841 430 1925 481 ὅτι

341 530 466 585 περ.
492 514 545 566 οἱ
584 511 771 584 χώρας
817 515 965 577 τινὸς
993 512 1081 566 διὰ
1117 516 1515 585 στρατιωτικῆς
1548 519 1926 588 κρατήσαντες

339 607 525 680 χειρδς
566 608 884 681 γεωμετρίᾳ
929 608 1134 678 ταύτην
1186 610 1719 683 ηκαταδιαιροῦνται,
1762 615 1926 685 ηνίκα

345 702 624 773 βασιλείας
651 702 801 773 νόμῳ
834 704 1057 771 κρατεῖν
1097 703 1115 772 (
1144 702 1304 772 183
1336 702 1403 774 ὁ)
1444 692 1697 767 ἐθέλωσι,
1750 708 1925 776 χαρᾶς

343 798 400 851 δὲ
425 799 523 851 καὶ
551 797 743 867 χρῆμα
781 798 1058 867 μέγιστον,
1081 798 1278 869 χαρᾶς,
1310 800 1423 860 τοῖς
1460 800 1597 873 μόνα
1618 800 1691 853 τά
1719 800 1924 871 παρόν-

342 905 412 943 τα
446 886 872 958 μεταδιώκουσιν
912 888 1121 956 ἀγαθὰ,
1146 889 1238 942 καὶ
1264 889 1326 941 τὸ
1352 889 1578 961 νικητὰς
1607 891 1807 955 αὐτοὺς
1833 908 1927 958 γε·

342 980 555 1045 νέσθαι,
589 980 684 1039 καὶ
712 978 942 1033 πλοῦτον
974 979 1170 1051 ἀθρόον
1203 981 1532 1051 κτήσασθαι,
1569 976 1652 1046 οἷς
1692 983 1753 1037 τὺ
1784 984 1925 1036 οἱον-

341 1071 436 1125 οὖν
480 1071 677 1133 πένθος
724 1073 961 1124 συνεῖναι
1015 1073 1330 1142 ἀμήχανον⁹
1368 1073 1401 1143 ἦ
1434 1073 1616 1144 ἐπειδή
1668 1091 1832 1143 φασιν
1874 1075 1923 1127 οἱ

344 1163 472 1233 περὶ
506 1162 681 1216 ταῦτα
708 1163 876 1216 δεινοὶ
911 1163 1038 1222 τοὺς
1081 1164 1520 1231 άναγκαστικοὺς
1567 1165 1709 1229 ίδίως
1737 1165 1926 1220 συλλο-

341 1257 576 1327 γισμοὺς
611 1257 855 1327 ἁνῆφθαι
889 1260 956 1328 τῇ
998 1260 1336 1330 γεωμετρίᾳ,
1370 1260 1627 1331 φορτικός
1658 1278 1739 1324 τις
1780 1260 1925 1314 είκό-

341 1366 449 1413 τως
491 1348 813 1419 ὀφθήσεται,
872 1350 967 1403 καὶ
1004 1349 1065 1401 τὸ
1108 1349 1351 1421 καθῆκον
1392 1349 1468 1421 μὴ
1525 1350 1790 1421 συνορῶν,
1834 1352 1924 1405 τὸν

342 1440 642 1494 πενθοῦντα
680 1439 1132 1511 συλλογιζόμενος
1185 1444 1279 1496 καὶ
1336 1442 1547 1510 ἀλόγως
1589 1443 1754 1495 αὐτὸν
1799 1460 1926 1495 πεν-

343 1531 748 1597 θοῦνταδεῖξαι
805 1530 1177 1602 πειρώμενος·
1224 1533 1257 1602 ἢ
1306 1532 1469 1603 τυχὸν
1526 1533 1621 1586 καὶ
1649 1530 1798 1602 αὑτῷ
1844 1532 1923 1601 τῷ

342 1623 627 1677 πενθοῦντι
667 1622 799 1694 φαίη
843 1640 928 1685 τις
962 1612 1305 1695 ἀνάρμοστόν
1350 1621 1579 1678 εἶναιτὸ
1621 1623 1926 1692 συλλογίζε-

344 1715 485 1777 σθαι,
520 1714 880 1787 πιθανόιεητῖνΙ
890 1715 1061 1784 λόγων
1117 1717 1307 1769 ἑαυτὸν
1376 1715 1768 1786 μηχανώμενος
1802 1715 1920 1768 πεί-

343 1804 461 1859 θειν
486 1806 561 1870 ὡς
590 1807 651 1859 οὐ
685 1806 923 1860 πέπονθε
958 1807 1058 1876 τὴν
1089 1806 1237 1877 ἔργῳ
1266 1805 1360 1859 καὶ
1388 1808 1679 1879 πράγματι
1712 1804 1921 1874 συμϐᾶ-

345 1914 441 1953 σαν
471 1896 620 1968 αὐτῴ
651 1899 958 1971 συμφοράν,
998 1898 1031 1970 ἢ
1066 1898 1159 1951 καὶ
1190 1898 1340 1967 αὐτῷ
1365 1898 1443 1968 τῷ
1471 1898 1678 1958 πένθει,
1707 1898 1827 1967 ἦτοι
1855 1899 1919 1965 τῇ

341 1988 536 2043 τούτου
573 1988 755 2060 φύσει,
798 1989 1078 2052 παντελῶς
1129 1989 1392 2044 ἐναντίον.
1434 1987 1786 2058 Ἑκκρούεται
1813 1985 1921 2059 γὰρ

346 2080 538 2153 ὥσπερ
581 2081 642 2134 τὸ
699 2080 895 2144 πένθος
926 2082 955 2135 ὁ
994 2080 1209 2133 πενθῶν
1245 2079 1721 2150 συλλογιζόμενος,
1779 2077 1924 2131 οὕτω

341 2174 442 2228 καὶ¹
465 2174 526 2227 τὸ
553 2172 751 2236 πένθος
773 2172 866 2227 τοῦ
915 2169 1052 2227 εἶναι
1082 2173 1278 2237 πένθος
1312 2173 1592 2235 ἐκπίπτει,
1623 2171 1760 2242 πρὸς
1796 2170 1923 2223 συλ-

338 2263 600 2335 λογισμὸν
666 2264 1109 2335 μετατιθέμενος.
1155 2263 1471 2318 Ἀποΰαλὼν
1528 2263 1642 2334 γάρ
1687 2279 1773 2325 τις
1825 2262 1917 2314 τὸν

339 2355 420 2419 εἰς
452 2354 512 2408 ὃν
538 2352 641 2419 τὰς
673 2354 896 2415 ἐλπίδας
934 2350 1047 2425 εἶχε
1083 2354 1181 2426 τῆς
1219 2353 1496 2424 διαδοχῆς,
1536 2352 1775 2423 περιττὰ
1812 2352 1924 2406 λοι-

339 2446 441 2500 πὸν
474 2448 694 2517 ἡγεῖται
723 2448 792 2501 τὰ
821 2446 947 2518 τῇδε
983 2447 1185 2502 πάντα.
1228 2445 1341 2500 Καὶ
1375 2444 1520 2517 κατὰ
1560 2442 1749 2497 τοῦτον
1796 2444 1927 2508 ἴσως

340 2539 431 2593 τὸν
454 2537 657 2609 τρόπον
682 2539 782 2591 οὐκ
807 2537 909 2604 ἔξω
939 2538 1100 2606 λόγου
1131 2538 1265 2608 φαίη
1313 2555 1396 2599 τις
1428 2534 1566 2591 εἶναι
1600 2537 1670 2589 τὰ
1714 2536 1925 2609 θεωρη-

343 2631 526 2695 θέντα,
562 2632 725 2700 γνοὺς
760 2633 837 2702 μὴ
857 2631 1119 2686 δύνασθαι
1153 2631 1477 2702 συμϐαίνειν
1509 2630 1760 2701 ἀλληλοις
1786 2629 1929 2683 κατὰ

341 2722 404 2776 τὸ
416 2724 548 2778 αὐτὸ
565 2725 667 2796 τὴν
688 2725 863 2797 χαρὰν
876 2725 969 2780 καὶ
991 2725 1053 2779 τὸ
1074 2723 1288 2788 πένθος,
1306 2723 1404 2794 τῆς
1424 2722 1692 2795 ἐκατέρου
1718 2739 1931 2792 ποιητι-

342 2815 445 2885 κῆς
472 2816 651 2881 αἰτίας
678 2818 778 2870 οὐκ
797 2818 861 2871 ἐκ
893 2816 1000 2869 τῶν
1024 2816 1202 2870 αὐτῶν
1233 2814 1416 2888 ἀρχῶν
1432 2814 1664 2887 ἐχούσης
1688 2813 1930 2884 δηλονότι

341 2904 440 2969 τὰς
495 2907 768 2976 ἀφορμάς.
796 2905 905 2960 Καὶ
943 2905 1149 2960 τούτων
1183 2907 1393 2977 μάρτυς
1431 2904 1690 2975 ἐχέγγυος
1716 2905 1745 2956 ὁ
1779 2904 1931 2971 ἆγιος

2026 433 2266 499 videtur,
2299 451 2397 490 vos
2422 436 2553 491 fecit
2583 437 2733 492 hisce
2765 439 2942 494 modis
2974 458 2987 493 :
3022 442 3130 508 vel,
3155 442 3303 511 quod
3334 444 3429 513 qui
3460 445 3607 499 mili-

2028 526 2130 580 tari
2176 543 2341 582 manu
2389 531 2667 599 regionem
2714 532 2956 602 aliquam
3000 544 3441 604 occupaverunt,
3474 552 3604 607 geo-

2025 614 2236 669 metria:
2277 631 2379 684 ope
2422 617 2787 687 dispertiunt,
2827 636 2953 675 cum
2998 623 3150 692 regni
3193 624 3312 694 lege
3352 626 3602 681 obtinere

2024 702 2320 768 voluerint,
2352 706 2551 759 sunnni
2588 707 2772 777 gaudii
2802 725 2936 764 vero
2965 712 3244 779 negotium
3280 729 3422 776 esse,
3452 725 3601 770 certe

2025 793 2209 864 gaudii
2251 794 2332 849 eis
2372 797 2464 864 qui
2507 799 2622 852 sola
2666 802 2954 868 prmsentia
3001 813 3302 874 sequantur
3338 807 3510 871 bona,
3548 814 3603 860 et

2025 887 2338 962 superiores
2369 888 2507 955 fieri,
2533 898 2588 944 et
2617 890 2838 947 divitias
2868 894 3072 963 spissas
3100 911 3445 966 comparare,
3476 914 3601 953 cum
3673 946 3677 951 ,

2024 977 2227 1048 quibus
2253 980 2557 1034 commodis
2579 982 2976 1054 qualiscunque
3005 1002 3211 1042 mmror
3232 989 3461 1058 junctus
3481 1005 3602 1046 esse

2023 1087 2134 1127 non
2162 1075 2334 1141 possit
2359 1090 2374 1127 :
2398 1075 2507 1137 vel,
2531 1090 2654 1129 cum
2684 1076 2778 1144 qui
2809 1076 2864 1130 in
2890 1077 2992 1133 bac
3014 1095 3072 1133 re
3102 1080 3266 1149 periti
3292 1090 3421 1135 sunt
3441 1082 3604 1153 syllo-

2023 1163 2229 1234 gismos
2264 1165 2485 1234 proprie
2520 1166 2799 1221 coaetivos
2842 1169 3008 1223 tribui
3043 1173 3358 1239 geometriae
3394 1173 3599 1235 dicant,

2024 1255 2208 1311 fatuus
2232 1258 2426 1309 merito
2449 1257 2751 1323 videbitur,
2772 1267 2826 1312 et
2850 1259 2982 1330 quid
3011 1260 3203 1315 deceat
3226 1278 3417 1331 parum
3444 1265 3604 1318 intel-

2023 1350 2218 1422 ligens,
2237 1350 2329 1419 qui
2353 1349 2421 1403 ad
2448 1349 2624 1419 ipsum
2649 1360 2969 1405 maerentem
2995 1352 3269 1421 applicato
3290 1354 3602 1423 syllogismo

2024 1443 2207 1511 inepte
2245 1456 2371 1496 eum
2417 1456 2652 1496 maerere
2694 1443 2930 1511 probare
2973 1452 3204 1498 conatus
3243 1442 3408 1498 fuerit
3459 1462 3471 1497 :
3518 1444 3600 1497 vel

2024 1534 2254 1591 fortasse
2295 1533 2459 1589 etiam
2508 1533 2577 1585 ab
2629 1533 2747 1603 ipso
2792 1550 3060 1598 moerere,
3095 1535 3147 1589 id
3193 1546 3277 1591 est
3325 1553 3355 1590 a
3406 1544 3603 1591 natura

2024 1627 2173 1696 ejus,
2204 1626 2506 1679 abhorrere
2551 1625 2749 1692 aliquis
2792 1625 3025 1691 dixerit,
3057 1642 3162 1681 nec
3199 1628 3494 1681 convenire
3544 1636 3604 1680 ut

2023 1717 2115 1786 qui
2174 1724 2372 1770 maeret
2426 1715 2767 1784 syllogismos
2824 1717 3047 1787 colligat
3104 1732 3167 1771 ac
3226 1717 3604 1786 probabilibus

2024 1807 2331 1861 rationibus
2364 1808 2468 1861 sibi
2506 1807 2836 1877 persuadere
2867 1816 3042 1862 tentet
3068 1823 3256 1862 casum
3286 1808 3377 1878 qui
3413 1823 3601 1862 revera

2023 1898 2287 1954 acciderit
2313 1898 2419 1953 sibi
2450 1914 2561 1953 non
2590 1898 2876 1954 accidisse.
2901 1897 3190 1966 Quomodo
3219 1899 3368 1953 enim
3397 1914 3605 1954 maeror

2023 2007 2169 2047 exeo
2193 1991 2614 2062 expelliturqtti,
2638 1992 2766 2046 dum
2787 2000 3004 2054 niteret,
3033 1992 3393 2047 ratiocinatur
3419 2004 3474 2047 et
3498 1994 3604 2065 syl-

2023 2084 2271 2154 legismis
2300 2099 2521 2154 operam
2552 2084 2667 2148 dat,
2696 2084 2768 2137 ita
2803 2084 2968 2138 etiam
3007 2100 3211 2138 maeror
3249 2101 3453 2141 maeror
3484 2102 3603 2139 esse

2025 2176 2256 2239 desinit,
2285 2191 2409 2230 cum
2455 2175 2521 2229 ad
2567 2175 2940 2246 syllogismum
2977 2190 3035 2230 se
3078 2174 3354 2230 transfert.
3387 2175 3522 2230 Nam
3560 2177 3604 2229 si

2026 2267 2152 2338 quis
2180 2283 2307 2322 eum
2338 2266 2521 2321 amisit
2557 2266 2613 2320 in
2646 2282 2757 2336 quo
2789 2282 2942 2338 spem
2978 2265 3345 2321 successionis
3373 2265 3602 2320 colloca-

2026 2369 2210 2425 verat,
2252 2358 2528 2429 superﬂua
2572 2359 2676 2413 sibi
2721 2368 2777 2413 et
2812 2374 2950 2413 vana
2991 2359 3109 2414 haec
3157 2366 3375 2412 terrena
3422 2357 3603 2411 omnia

2028 2452 2275 2506 habebit.
2308 2452 2376 2506 Et
2415 2444 2535 2505 hoc
2560 2451 2793 2506 fortasse
2832 2450 2996 2505 modo
3041 2450 3190 2505 haud
3234 2450 3532 2504 abhorrere
3575 2467 3603 2501 ιι

2029 2544 2242 2598 ratione
2280 2544 2481 2613 aliquis
2516 2542 2717 2597 dixerit
2750 2559 2815 2597 ea
2851 2558 2972 2613 quae
3006 2541 3357 2611 contemplati
3393 2556 3603 2601 sumus,

2030 2637 2077 2691 si
2110 2634 2427 2690 meminerit
2451 2650 2563 2689 non
2590 2649 2751 2705 posse
2779 2650 2888 2688 una
2918 2634 3237 2705 contingere
3265 2632 3522 2703 gaudium
3552 2640 3605 2683 et

2031 2743 2357 2792 mmrorem,
2390 2742 2513 2781 cum
2561 2726 2850 2794 utriusque
2895 2722 3138 2779 efﬁciens
3176 2738 3339 2781 causa
3382 2738 3493 2776 non
3541 2737 3606 2775 ex

2032 2819 2238 2876 eisdem
2262 2810 2561 2889 principiis
2582 2818 2827 2888 profecta
2861 2816 2950 2872 sit.
2976 2813 3146 2886 Cujus
3182 2815 3262 2870 rei
3296 2829 3525 2885 sponsor
3551 2823 3604 2868 ιδ’

2042 2912 2199 2968 testis
2226 2910 2389 2966 nobis
2417 2918 2501 2966 est
2526 2915 2749 2964 sanctus
2775 2917 2831 2962 et
2857 2907 3042 2961 divina
3073 2906 3291 2976 sapiens
3318 2904 3610 2976 Dionysius

343 2997 440 3051 καὶ
468 2996 710 3068 θεάτρων
749 2998 1079 3061 Διονύσιοςὸ
1130 2997 1547 3069 Ἀρεοπαγίτης,
1612 2997 1810 3050 οὑτωσὶ
1850 2996 1926 3050 δι-

2035 3004 2387 3076 Areopagita,
2413 3003 2507 3073 qui
2533 3002 2601 3058 de
2631 3002 2879 3072 angelica
2908 3000 3281 3069 descriptione
3307 2999 3381 3053 ita
3406 2997 3611 3052 edisse-

344 3087 503 3153 εξιὼν
523 3082 766 3161 περὶτῆς
785 3090 1083 3162 άγγελικῆς
1105 3089 1520 3161 εἰκονογραφίας
1542 3106 1587 3141 ⁸(
1614 3089 1696 3142 Τά
1725 3088 1782 3142 δὲ
1801 3105 1938 3157 γεω-

351 3181 586 3254 μετρικά
636 3182 729 3235 καὶ
776 3182 1065 3237 τεκτονικά
1086 3174 1300 3254 σκεύη,
1330 3181 1392 3235 τὸ
1420 3180 1807 3252 θεμελιωτικὸν
1841 3193 1936 3248 καὶ

343 3273 681 3343 οἰκοδομικὸν
702 3273 796 3329 καὶ
817 3274 936 3328 τελε
945 3275 1182 3343 ιωτικὸν,
1200 3274 1294 3327 καὶ
1312 3273 1411 3325 ὅσα
1437 3272 1572 3325 ἄλλα
1599 3271 1699 3343 τῆς
1713 3272 1933 3339 ἀναγω-

344 3363 443 3435 γοῦ
476 3342 569 3422 καὶ
590 3342 1019 3438 ἐπιστρεπτικῗῖς
1071 3368 1188 3420 ἐστι
1230 3365 1339 3419 τῶν
1359 3342 1663 3435 δευτέρων
1684 3362 1845 3436 184
1866 3363 1929 3433 a)

351 3457 605 3534 προνοίας
631 3457 765 3529 (10).
789 3478 810 3512 ι
840 3457 1029 3513 Ταῦτα
1068 3457 1125 3510 δὲ
1158 3458 1338 3511 πάντα
1378 3457 1611 3528 φαιδρὰν
1662 3456 1932 3510 ἐνδείκνυ-

347 3566 436 3603 ται
470 3549 772 3620 διαγωγὴν,
815 3543 959 3623 ᾗτινι
991 3542 1211 3611 πάντως
1234 3547 1296 3602 τὸ
1322 3546 1519 3611 πένθος
1542 3548 1805 3612 ἐναντίον,
1834 3547 1929 3600 καὶ

345 3638 436 3692 διὰ
471 3638 631 3693 τοῦτο
669 3639 1035 3709 ἀνάρμοστον.
1068 3637 1130 3690 Εἰ
1164 3635 1222 3689 δὲ
1256 3636 1357 3690 καὶ
1382 3635 1559 3700 ἄλλως
1589 3635 1739 3689 ἔστιν
1768 3636 1929 3690 ἐκλα-

348 3729 462 3784 ϐεῖν
501 3730 592 3785 τὸν
643 3731 829 3796 τόπον,
880 3731 982 3784 οὐκ
1032 3730 1263 3801 ἄκαιρον
1307 3725 1455 3784 εἶναι
1476 3729 1705 3800 νομίζω,
1739 3728 1929 3794 καὶτὸ

346 3821 440 3875 τοῦ
476 3821 648 3893 Σιράχ
689 3820 865 3892 Ἰησοῦ
912 3819 1232 3892 προσθεῖναι
1262 3822 1380 3884 τοῖς
1408 3820 1738 3891 εἰρημένοις.
1772 3805 1927 3872 Ἔστι

345 3911 402 3965 δὲ
437 3911 596 3965 τοῦτο
615 3927 627 3942 ⁸
657 3913 938 3967 Μουσικὰ
969 3912 1039 3966 ἐν
1070 3911 1307 3976 πένθει,
1338 3910 1583 3980 ἄκαιρος
1624 3898 1923 3981 διήγησις.

357 4003 445 4068 Ὠς
476 3999 570 4057 οὖν
602 4004 701 4074 τῆς
748 4002 1016 4073 μουσικῆς
1064 4004 1244 4068 πάσας
1277 4002 1639 4075 περιεχούσης
1668 4004 1766 4067 τὰς
1795 4019 1925 4056 παι-

345 4093 579 4159 δεύσεις,
603 4090 677 4149 ὧν
704 4096 834 4165 μίαν
868 4097 1003 4163 φασὶ
1042 4096 1139 4168 τὴν
1172 4097 1519 4168 γεωμετρίαν
1552 4097 1601 4149 οἱ
1631 4095 1763 4166 περὶ
1787 4094 1921 4148 ταῦ-

347 4203 418 4240 τα
454 4185 552 4257 τὴν
586 4187 829 4257 σπουδὴν
850 4187 1167 4257 ἐσχηκότες,
1194 4189 1388 4242 τούτου
1413 4188 1595 4260 χάριν,
1634 4187 1710 4250 ὡς
1742 4182 1920 4257 οἶμαι,

350 4277 764 4350 συμφερόμενος
792 4277 868 4348 τῷ
896 4278 995 4348 τὴν
1019 4279 1430 4351 προρρηθεῖσαν
1456 4278 1737 4351 ὲὶιθεμένῳ
1761 4278 1923 4349 ῥῆσιν

348 4370 378 4422 ὁ
405 4368 726 4433 διδάσκαλος
772 4370 1115 4441 ἀνάρμοστον
1165 4372 1271 4442 ἔφη
1306 4371 1385 4443 τῷ
1427 4370 1614 4425 πένθει
1652 4370 1750 4440 τὴν
1786 4386 1927 4438 γεω-

350 4460 598 4532 μετρίαν.
651 4462 713 4514 El
766 4462 825 4516 δέ
867 4478 951 4525 τις
1014 4461 1187 4533 φαίη,
1232 4462 1297 4515 Τί
1336 4461 1537 4533 δήποτε
1584 4460 1684 4524 τὰς
1734 4460 1926 4522 λοιπὰς

348 4553 544 4624 παρεὶς
572 4553 884 4618 παιδεύσεις
913 4552 1118 4625 ταύτην
1167 4554 1335 4625 μόνην
1363 4554 1436 4618 ὡς
1484 4554 1823 4623 ἀνάρμοστον
1852 4551 1929 4621 τῷ

348 4645 534 4700 πένθει
570 4647 907 4719 παρείληφες
939 4646 1119 4718 φαμὲν
1142 4647 1225 4701 ὅτι
1258 4644 1461 4715 ταύτην
1491 4644 1762 4713 ὲσκόπησε
1800 4660 1932 4696 κατ·

352 4734 576 4807 άλληλον
611 4734 750 4792 εἶναι
788 4739 991 4802 πάσαις
1046 4741 1168 4801 ταῖς
1193 4736 1606 4809 προλεχθείσαις
1633 4734 1929 4796 ἐπιϐολαῖς.

355 4829 584 4883 Ἔπειτα
625 4829 683 4881 δὲ
735 4830 827 4883 καὶ
864 4828 956 4882 διὰ
996 4828 1199 4900 ταύτης
1232 4829 1331 4899 τῆς
1368 4830 1499 4899 μιᾶς
1541 4827 1635 4880 καὶ
1668 4827 1724 4879 αἱ
1752 4826 1934 4878 λοιπαὶ

274 4928 277 4931 ‘
355 4918 745 4990 συνεκδοχικῶς
793 4920 1353 4991 συμπαρελήφθησαν.
1397 4917 1582 4971 Ταῦτα
1640 4917 1759 4988 μὲν,
1807 4916 1929 4968 κατ’

354 5010 452 5081 ἐμὲ
481 5012 669 5082 φάναι,
708 5013 967 5084 λελέχθω.
1012 5014 1077 5087 Εἰ
1112 5012 1170 5066 δέ
1198 5029 1282 5076 τις
1312 5011 1371 5064 τὸ
1412 5014 1659 5083 κρεῖττον
1690 5008 1925 5080 ἐξεύροι,

355 5104 673 5173 ὁμολογήσω
718 5105 880 5176 χάριν
914 5104 1023 5158 τῶν
1057 5102 1413 5175 ἠγνοημένων
1456 5102 1589 5175 παρ’
1618 5100 1785 5156 αὐτοῦ
1829 5100 1928 5171 τὴν

356 5195 554 5264 γνῶσιν
588 5196 786 5251 λαϐὼν.

437 5472 463 5510 ιλ
502 5472 668 5527 Eccli.
700 5490 828 5538 χχιι,
860 5474 910 5529 6.

2037 3098 2111 3152 rit
2140 3112 2152 3148 :
2190 3115 2208 3147 ι
2239 3093 2583 3150 Geometrica
2610 3101 2792 3150 autem
2819 3099 2982 3162 atque
3006 3090 3220 3146 fabrilia
3247 3090 3609 3144 instrumenta

2035 3187 2302 3244 fundandi
2329 3195 2386 3243 et
2405 3184 2711 3242 azdilicandi
2739 3182 3170 3252 absolvendique
3196 3180 3531 3244 facultatem,
3555 3190 3612 3233 et

2034 3293 2379 3350 quaecunque
2428 3276 2534 3332 alia
2580 3274 2950 3330 subductricis
2997 3280 3054 3328 et
3099 3270 3437 3327 deductricis
3482 3279 3612 3324 sunt

2035 3372 2359 3427 inferiorum
2391 3367 2774 3441 providentiae.
2807 3386 2823 3418 ι
2865 3364 2996 3432 Qua:
3030 3364 3215 3419 omnia
3251 3363 3422 3419 hilare
3457 3378 3613 3415 mon-

2033 3473 2213 3522 strant
2250 3464 2586 3525 institutum,
2614 3460 2701 3514 cui
2740 3460 2899 3529 plane
2942 3458 3271 3511 adversatur
3308 3470 3533 3519 mmror,
3557 3463 3613 3507 et

2032 3556 2284 3612 dissidet.
2314 3553 2425 3609 Sed
2460 3552 2627 3607 etiam
2662 3550 2708 3604 si
2745 3550 2906 3604 aliter
2940 3548 3122 3601 locum
3155 3544 3403 3613 accipere
3433 3551 3609 3613 potes,

2031 3647 2176 3703 haud
2219 3656 2401 3701 tamen
2441 3643 2877 3711 inepportunum
2910 3652 3030 3692 esse
3064 3651 3187 3691 reor
3215 3636 3380 3690 etiam
3418 3632 3607 3688 Siraeli

2028 3740 2158 3797 Jesu
2204 3738 2286 3794 eis
2328 3752 2449 3807 qua:
2495 3731 2859 3788 disseruimus
2904 3744 3183 3800 apponere
3234 3727 3464 3781 dictum.
3514 3726 3612 3780 Est

2028 3814 2211 3885 autem
2270 3826 2376 3883 hoc
2432 3844 2447 3881 :
2506 3825 2708 3880 Musica
2764 3823 2820 3876 in
2882 3820 3024 3875 luctu
3078 3829 3154 3874 est
3214 3819 3610 3889 intempestivus

2026 3941 2199 3979 sermo
2218 3922 2267 3977 ἀ.
2296 3921 2434 3978 Cum
2474 3919 2638 3989 igitur
2675 3916 2885 3971 musica
2919 3929 3111 3969 omnes
3146 3911 3467 3982 disciplinas
3499 3912 3610 3966 eir-

2027 4015 2448 4084 cumpleclatur,
2479 4023 2711 4081 quarum
2755 4024 2921 4063 unam
2959 4022 3080 4062 esse
3121 3992 3478 4077 geometriam
3521 4002 3608 4057 di-

2026 4116 2163 4162 cunt
2192 4106 2287 4177 qui
2307 4106 2364 4159 in
2385 4102 2632 4159 iisrebus
2662 4100 2906 4155 studium
2925 4105 3255 4169 posuerunt,
3288 4103 3602 4167 propterea,

2027 4207 2089 4255 ut
2125 4209 2282 4272 puto,
2313 4197 2575 4268 magister
2609 4192 2939 4264 supradictae
2973 4191 3125 4247 vocis
3166 4189 3614 4260 interpretationi
3698 4190 3699 4195 “

2027 4291 2333 4347 assentiens
2371 4286 2729 4359 geometriam
2773 4300 2805 4338 a
2846 4298 3086 4338 maerore
3132 4281 3402 4337 dissidere
3450 4281 3612 4335 dixit.

2034 4380 2141 4437 Sed
2169 4380 2214 4436 si
2242 4379 2368 4450 quis
2399 4378 2544 4432 dicat
2577 4394 2590 4429 :
2623 4374 2765 4442 Quid
2803 4373 3024 4429 tandem
3060 4372 3274 4427 caeteris
3308 4369 3618 4441 disciplinis

2033 4471 2255 4529 omissis
2292 4471 2434 4525 hanc
2473 4469 2644 4524 solam
2685 4476 2943 4536 tanquam
2985 4464 3442 4535 incongruentem
3489 4479 3625 4517 cum

2036 4580 2273 4621 maerore
2322 4561 2660 4632 composuit,
2695 4558 3096 4630 respondemus
3136 4557 3280 4611 hanc
3321 4572 3448 4610 eum
3492 4563 3616 4625 apte

2039 4657 2243 4712 vidisse
2288 4670 2451 4726 posse
2485 4653 2640 4725 jungi
2681 4668 2806 4708 eum
2850 4667 3017 4721 supra
3062 4649 3377 4721 propositis.
3410 4648 3617 4703 Deinde

2039 4763 2170 4803 vero
2214 4747 2383 4801 etiam
2423 4746 2528 4800 hac
2571 4761 2678 4801 una
2722 4744 2948 4814 reliqum
2989 4758 3207 4813 quoque
3252 4741 3444 4797 eadem
3489 4746 3618 4795 sunt

2038 4840 2453 4910 comprehensae
2485 4847 2653 4908 atque
2686 4838 3012 4908 conjunctaz.
3039 4838 3216 4905 Atque
3250 4834 3365 4888 haec
3404 4848 3487 4887 me
3524 4849 3614 4885 ex-

2032 4932 2284 5003 posuisse
2319 4928 2803 4987 sul'liciat.,Verum
2839 4928 2886 4982 si
2922 4927 3047 4997 quis
3087 4925 3286 4981 melius
3320 4924 3616 4991 investiga-

2034 5022 2198 5087 verit,
2225 5021 2271 5074 si
2301 5036 2495 5075 eorum
2526 5034 2650 5089 qua:
2679 5017 2997 5089 ignorabam
3023 5017 3091 5073 ab
3116 5032 3182 5071 eo
3209 5012 3618 5085 interpretatio.

2034 5131 2160 5171 nem
2192 5128 2488 5183 accepero,
2512 5111 2718 5182 gratias
2740 5108 2978 5165 habebo.

440 5628 549 5696 UO)
589 5627 807 5698 lliunys.
844 5626 1103 5697 Areupag.
1142 5626 1215 5679 Dc
1252 5625 1440 5696 cwlrsli
1473 5627 1767 5680 Ilicrarcltia
1812 5644 1926 5697 cap.

2028 5627 2063 5692 ἰ,
2096 5644 2151 5697 p.
2180 5628 2296 5694 l5l,
2332 5636 2462 5682 tom.
2493 5627 2533 5690 1,
2568 5626 2703 5698 Opp.
2747 5627 2834 5682 ed.
2862 5628 3055 5682 \‘c-nct.
