3984 6198
425 260 561 329 1215

1476 311 1481 315 .
1566 265 1627 326 S.
1670 263 1957 325 ΜΑΧῘΜΙ
2000 262 2509 324 CONFESSORIS
2894 284 2927 307 θ

3542 255 3689 321 1216

423 369 678 443 Ejusdem
718 390 783 428 ea:
822 390 1014 444 magno
1046 371 1379 442 Tlteologico,
1405 373 1458 425 in
1504 371 1637 425 illud
1676 388 1693 425 :
1739 391 1757 422 ι
1803 370 2011 425 Etenim

2124 370 2233 425 Τοῦ
2265 368 2475 434 αὐτοῦ,
2513 369 2581 423 ἐκ
2616 367 2724 421 τοῦ
2764 367 3035 437 μεγάλου
3072 365 3444 443 θεολογνικοῦ.
3473 368 3562 431 εἷς
3596 368 3694 429 τὸ,

493 459 634 529 quod
678 460 817 516 Deus
858 463 954 524 sit,
990 478 1053 513 ac
1096 462 1337 531 princeps
1382 460 1624 530 qua'dam
1663 477 1858 524 causa,
1889 476 2007 530 qua:

495 566 579 603 res
625 567 804 605 omnes
850 552 1141 621 procrearit
1184 561 1344 621 atque
1387 559 1685 614 conservet,
1719 559 1831 604 tum
1869 551 2007 606 oculi

493 641 613 711 ipsi,
651 649 763 695 tum
802 640 886 696 lea:
925 642 1191 697 naturalis
1226 645 1432 709 docent,
1464 642 1564 704 illi,
1597 643 1722 696 dum
1757 643 1909 698 rebus
1950 645 2007 698 in

494 744 766 803 aspectant
776 733 1077 788 cadentibus
1097 736 1262 789 aciem
1277 734 1711 805 aﬂigum,easque
1733 745 1780 789 et
1794 736 2007 809 pulchre

492 825 632 892 ﬁxas
666 836 713 879 et
744 824 961 880 stabiles
992 841 1102 880 esse
1136 835 1185 879 et
1216 826 1481 897 progredi,
1508 836 1666 897 atque
1695 830 1929 889 immote,
1950 836 2013 882 ut

495 920 571 972 ita
598 918 793 982 dicam,
822 921 1016 974 moveri
1050 919 1290 989 volvique
1321 922 1661 991 perspiciunt,
1693 923 1803 977 hazc
1831 930 2010 978 autem

492 1011 620 1064 dum
651 1025 746 1080 per
771 1026 851 1063 res
882 1010 1048 1065 oculis
1077 1011 1340 1081 subjectus
1374 1028 1436 1065 ac
1466 1019 1606 1066 recto
1632 1015 1815 1067 ordine
1842 1014 2004 1069 collo-

494 1108 643 1154 catas
682 1109 954 1154 auctorem
990 1117 1178 1155 earum
1213 1110 1356 1155 certo
1395 1103 1604 1172 quidem
1642 1106 2009 1161 ratiocinando

494 1193 811 1259 assequitur.
844 1210 863 1243 ι
1124 1206 1129 1209 ·

496 1305 600 1372 Qui
655 1322 848 1362 eorum
907 1324 1031 1378 qua:
1075 1308 1333 1364 videntur
1378 1308 1843 1379 pulchritudinis,
1888 1328 2012 1383 qua:

429 1407 619 1452 ornata
654 1411 815 1465 sunt,
843 1409 900 1456 et
932 1412 1142 1457 natura:
1174 1402 1593 1472 amplitudinem
1628 1419 1755 1459 cum
1792 1407 2010 1462 ratione

431 1488 761 1543 sensualiter
801 1491 1137 1560 aggreditur,
1171 1492 1319 1546 haud
1361 1509 1482 1548 eam
1523 1509 1622 1564 per
1661 1511 1721 1550 se
1767 1483 2017 1552 creatam.

432 1578 648 1635 ellicere
670 1581 972 1650 quidquam
1028 1583 1295 1638 concedet
1337 1593 1392 1639 et
1432 1600 1462 1638 a
1508 1585 1875 1642 moderatrice
1924 1588 2011 1643 sui

435 1668 645 1723 ratione
678 1669 1029 1740 disjunctam,
1054 1687 1157 1727 nec
1192 1672 1362 1742 ipsam
1398 1673 1668 1729 rationem
1701 1675 2013 1731 intellectus

433 1758 786 1829 simplicitate
818 1763 1084 1831 liberam,
1115 1780 1223 1834 qua
1260 1766 1472 1820 ratione
1510 1774 1620 1820 tam
1658 1782 1855 1823 sensus
1891 1784 2014 1839 spe-

431 1847 543 1902 cies
577 1860 638 1916 et
673 1849 861 1907 formae
904 1868 1005 1922 per
1041 1854 1278 1909 mediam
1322 1864 1649 1924 potestatem
1689 1858 2015 1913 rationalem

430 1939 485 1992 in
518 1940 840 1997 omnifarias
875 1944 1119 2001 rationes
1152 1946 1486 2017 diriguntur,
1523 1963 1689 2017 quam
1729 1949 2015 2005 rationalis

425 2033 717 2100 potestatis
746 2034 1067 2091 diversitate
1098 2038 1340 2095 varietas
1370 2040 1791 2096 omnifariarum
1818 2057 2013 2098 eorum

426 2138 550 2191 qum
583 2135 713 2183 sunt
748 2128 1027 2184 rationum
1063 2130 1118 2184 in
1155 2130 1491 2187 uniformem
1523 2139 1581 2187 et
1613 2132 1923 2204 simplicem
1958 2144 2015 2190 et

429 2214 840 2273 indifferentem
888 2221 1328 2278 intellectionem
1375 2222 1615 2293 cogitur,
1650 2240 1760 2295 qua
1806 2225 2015 2280 indivi-

426 2302 567 2368 dua,
608 2315 667 2361 ut
711 2307 942 2385 dicitur,
979 2320 1035 2366 et
1073 2311 1402 2381 quantitatis
1440 2327 1639 2382 expers
1684 2322 1741 2368 et
1783 2314 2015 2385 simplex

427 2396 669 2466 cognitio
696 2384 933 2467 constat,
957 2402 1005 2456 is
1029 2419 1222 2458 revera
1244 2414 1514 2474 quantum
1542 2404 1597 2460 id
1624 2406 1835 2460 homini
1862 2384 2012 2471 licet,

426 2502 528 2556 per
558 2489 802 2546 visibilia
836 2508 1143 2565 eorumque
1175 2495 1430 2551 ordinem
1462 2496 1730 2552 factorem
1766 2496 2015 2567 ipsorum

426 2588 481 2633 et
508 2592 955 2640 conservatorem
984 2595 1043 2640 et
1067 2586 1376 2658 principem
1402 2590 1590 2644 animo
1616 2590 1721 2645 sibi
1753 2589 2017 2644 informa-

350 2743 359 2753 .
424 2672 531 2737 vit,
560 2684 724 2745 atque
755 2677 929 2731 Deum
960 2681 1204 2750 agnovit,
1236 2696 1347 2735 non
1381 2697 1492 2751 quo
1522 2682 1655 2753 quid
1687 2683 1930 2738 essentia
1959 2689 2016 2737 et

426 2767 738 2823 substantia
781 2769 895 2826 sint
933 2771 1083 2839 (nam
1123 2773 1230 2828 hoc
1268 2773 1388 2829 ﬁeri
1433 2790 1544 2829 non
1583 2776 1820 2844 potest),
1853 2783 1908 2830 at
1946 2776 2016 2831 de

426 2859 812 2929 singularitate
857 2863 1200 2919 exsistentia:
1244 2865 1366 2934 ejus
1411 2864 1625 2919 doctus.
1673 2864 1852 2935 Atque
1898 2866 2017 2922 hazc

425 2961 552 3020 post
577 2968 796 3009 omnem
829 2955 1104 3011 sensualis
1132 2957 1184 3011 in
1217 2959 1402 3028 specie
1433 2958 1725 3029 positionis
1751 2967 1807 3013 et
1831 2958 2017 3030 ﬁgura:

2186 479 2204 512 ι
2234 460 2345 514 Τοῦ
2384 459 2503 529 μὲν
2537 459 2649 528 γὰρ
2710 454 2863 512 εἶναι
2924 458 3072 513 Θεὸν
3131 459 3231 512 καὶ
3280 456 3401 511 τῶν
3449 456 3701 511 πάντων

2179 550 2501 618 ποιητικήν
2520 567 2583 603 τε
2620 550 2716 603 καὶ
2752 550 3121 619 συνεκτικὴν
3150 551 3369 613 αἰτίαν,
3406 550 3505 604 καὶ
3547 549 3701 619 ὄψις

2177 640 2549 707 διδάσκαλος
2594 640 2692 695 καὶ
2737 643 2770 695 ὁ
2808 641 3068 711 φυσικὸς
3103 642 3309 712 νόμος,
3343 642 3381 708 ἡ
3416 641 3537 711 μὲν
3570 642 3705 707 τοῖς

2181 732 2503 803 δρωμένοις
2531 732 3009 803 προσϐάλλουσα
3030 733 3127 787 καὶ
3156 736 3459 802 πεπηγόσι
3492 732 3702 798 καλῶς

2180 825 2278 879 καὶ
2326 825 2633 889 ὁδεύουσι,
2676 827 2775 881 καὶ
2824 826 3143 895 ἀκινήτως,
3177 828 3256 880 ἶν’
3290 827 3480 893 οὕτως
3518 826 3697 888 εἴπω,

2182 917 2563 989 κινουμένοις
2602 937 2666 974 τε
2696 919 3197 989 καὶ·φερομένοις,
3243 922 3277 973 ό
3325 919 3393 973 δὲ
3431 920 3535 974 διὰ
3579 918 3702 971 τῶν

2183 1011 2501 1080 ὁρωμένων
2549 1012 2646 1065 καὶ
2706 1012 3083 1081 τεταγμένων
3122 1012 3230 1067 τὸν
3255 1012 3530 1081 ἀρχηγὸν
3561 1015 3703 1065 τού-

2182 1119 2302 1157 των
2325 1101 2836 1173 συλλογιζόμενος
2857 1103 2991 1175 (Η).
3030 1122 3050 1155 ι

2194 1297 2252 1352 '0
2281 1296 2342 1352 τὸ
2375 1297 2602 1368 μέγεθος
2630 1297 2739 1354 τῶν
2768 1298 3063 1369 ὁρωμένων
3088 1299 3164 1363 ὡς
3195 1300 3306 1371 ἔχει
3334 1299 3571 1363 κάλλους
3602 1301 3699 1353 καὶ

2112 1388 2351 1457 φύσεως,
2406 1389 2505 1442 σὺν
2548 1390 2694 1461 λόγῳ
2732 1391 2875 1443 κατὰ
2902 1391 3002 1459 τὴν
3031 1391 3288 1461 αἴσθησιν
3314 1391 3583 1456 ἐπελθὼν,
3621 1392 3701 1462 μὴ

2114 1481 2416 1551 συγχωρῶν
2459 1482 2599 1551 αὑτῇ
2643 1480 2925 1545 παντελῶς
2965 1481 3086 1535 καθ’
3137 1483 3342 1551 ἑαυτὴν
3391 1482 3702 1551 γενομένην

2114 1574 2361 1643 ἐνεργεῖν
2392 1571 2488 1625 τοῦ
2522 1572 2869 1643 ἡνιοχοῦντος
2901 1572 3071 1644 αὐτὴν
3109 1572 3701 1644 λόγουκεχωρισμένην

2113 1666 2285 1731 οὐδὲν,
2300 1665 2487 1738 (ιεά,
2502 1667 2555 1730 b)
2576 1666 2712 1736 μηδὲ
2728 1667 2819 1719 τὸν
2835 1664 2993 1734 λόγον
3010 1666 3174 1719 αὐτὸν
3195 1665 3295 1736 τῆς
3306 1666 3398 1719 τοῦ
3415 1666 3507 1720 νοῦ
3527 1667 3698 1720 ἁπλό-

2112 1775 2275 1828 τητος
2306 1758 2527 1826 ἄφετον,
2564 1758 2687 1812 καθ’
2710 1758 2769 1812 ὃν
2794 1759 2897 1828 τῆς
2931 1760 3028 1829 μὲν
3055 1758 3362 1828 αἰσθήσεως
3387 1759 3459 1812 τά
3488 1777 3549 1812 τε
3580 1760 3700 1829 εἴδη

2115 1848 2212 1902 καὶ
2238 1849 2306 1903 τὰ
2341 1850 2597 1921 σχήματα
2637 1849 2726 1921 διὰ
2763 1850 2936 1920 μέσης
2972 1851 3072 1921 τῆς
3102 1851 3243 1904 κατὰ
3283 1850 3375 1903 τὸν
3406 1851 3568 1919 λόγον
3603 1852 3699 1903 δυο

2114 1942 2334 2012 νάμεως
2378 1943 2459 2004 εἰς
2496 1942 2690 2012 λόγους
2744 1943 3123 2008 παντοδαποὺς
3168 1943 3400 2012 ἄγεσθαι
3457 1943 3697 2012 πέφυκε.

2114 2032 2212 2103 τῆς
2264 2031 2320 2085 δὲ
2378 2032 2474 2085 τοῦ
2528 2032 2689 2103 λόγου
2729 2034 3014 2105 δυνάμεως
3053 2036 3086 2106 ή
3119 2036 3262 2089 κατὰ
3294 2034 3395 2105 τὴν
3427 2035 3702 2104 διαφοράν

2115 2122 2361 2177 ποικιλία
2411 2121 2520 2177 τῶν
2568 2125 2625 2177 ἑν
2662 2126 2776 2187 τοῖς
2826 2119 2945 2178 οὖσι
2993 2123 3354 2178 παντοδαπῶν
3401 2122 3583 2190 λόγων
3617 2127 3701 2181 εἰς

2116 2214 2322 2282 ένοειδῆ
2370 2215 2466 2267 καὶ
2498 2213 2679 2286 ἁπλῆν
2731 2205 2839 2269 και
2870 2215 3167 2286 ἀδιάφορον
3210 2214 3547 2283 συνάγεσθαι
3576 2215 3704 2282 νόη-

2117 2323 2223 2368 σιν,
2256 2305 2383 2359 καθ’
2412 2306 2480 2377 ἢν
2528 2307 2562 2376 ἡ
2617 2306 2832 2378 ἀμερὴς
2883 2305 3155 2377 λεγομένη
3214 2307 3309 2360 καὶ
3342 2306 3552 2369 ἄποσος
3604 2308 3701 2359 καὶ

2116 2397 2291 2452 ὲνιαία
2340 2396 2546 2467 γνῶσις
2572 2400 2950 2471 ’συνέστηκεν,
3007 2393 3163 2464 οὗτος
3214 2398 3433 2470 ἀληθῶς
3476 2401 3565 2454 διὰ
3589 2400 3702 2453 τῶν

2115 2492 2412 2563 ὁρωμένων
2441 2492 2536 2546 καὶ
2563 2491 2662 2562 τῆς
2715 2494 2774 2545 ὲν
2808 2492 2995 2557 αὐτοῖς
3050 2491 3310 2557 εὐταξίας
3340 2492 3435 2545 τὸν
3464 2490 3703 2562 ποιητὴν

2115 2582 2324 2637 τούτων
2360 2584 2457 2638 καὶ⁵
2485 2585 2715 2653 συνοχέα
2736 2584 3113 2655 καὶὰρχηγδν,
3152 2583 3228 2647 ὡς
3254 2583 3529 2654 ἀνθρώπῳ
3545 2583 3713 2636 δυναι

2113 2674 2228 2739 τὸν,
2257 2673 2663 2740 ἀνετυπώσατο,
2688 2674 2785 2730 καὶ
2808 2675 2948 2746 ἔγνω
2977 2676 3131 2741 Θεὸν,
3153 2677 3216 2729 οὑ
3239 2676 3384 2730 κατὰ
3405 2676 3466 2730 τὸ
3486 2675 3540 2729 τί
3553 2689 3702 2729 ’ποτε

2115 2767 2213 2840 τὴν
2243 2768 2430 2823 οὐσίαν
2461 2762 2601 2821 εἶναι
2625 2768 2721 2822 καὶ
2754 2768 2852 2840 τὴν
2890 2769 3194 2822 ὑπόστασιν
3214 2768 3393 2837 (τοῦτο
3422 2768 3533 2841 γὰρ
3557 2770 3700 2840 diti;-

2115 2874 2279 2931 χανον
2310 2862 2406 2914 καὶ
2455 2861 2918 2935 ἀνεπιχείρητον),
2955 2860 3093 2915 ἀλλά
3132 2861 3256 2915 κατ’
3286 2861 3422 2915 αὐτὸ
3446 2861 3508 2914 τὸ
3540 2862 3702 2930 μόνον

2117 2948 2256 3006 εἶναι
2317 2952 2528 3025 μαθών.
2590 2953 2701 3007 Καὶ
2773 2953 2947 3006 ταῦτα
2977 2953 3136 3032 ’μετὰ
3185 2955 3369 3007 πᾶσαν
3426 2955 3527 3024 τὴν
3578 2954 3703 3007 κατ’

426 3048 484 3094 et
512 3040 864 3100 iormationis
895 3055 952 3099 et
980 3044 1234 3116 imaginis
1268 3047 1582 3115 transitum,
1614 3055 1690 3112 et,
1718 3046 1878 3103 sicui
1906 3063 2011 3103 non

2124 3045 2371 3116 αἴσθησιν
2401 3048 2458 3100 ὲν
2485 3046 2725 3118 σχήματι
2757 3046 2957 3111 θέσεως
2987 3063 3045 3100 τε
3085 3047 3180 3100 καὶ
3245 3048 3468 3118 μορφῆς
3493 3047 3587 3099 καὶ
3614 3064 3709 3101 τυο

430 3131 635 3188 nimius
682 3149 806 3190 esse
849 3136 1116 3202 videbor,
1158 3148 1313 3193 extra
1359 3138 1533 3209 ipsam
1583 3155 1803 3210 quoque
1848 3140 2009 3210 plane

429 3236 616 3276 rerum
642 3239 765 3293 qua:
789 3235 919 3280 sunt
943 3227 1223 3282 rationum
1253 3227 1623 3284 diﬂ'erentiam
1652 3230 2007 3295 constitutus,

426 3323 484 3367 et
508 3316 664 3384 quasi
692 3319 1104 3373 conterminum
1135 3336 1257 3375 sese
1286 3321 1642 3391 interponens
1668 3321 1813 3377 inter
1836 3322 2010 3378 Deum

426 3413 483 3459 et
518 3405 902 3477 universorum
935 3427 1057 3481 qua:
1082 3421 1206 3482 post
1231 3413 1402 3468 Deum
1432 3422 1582 3481 sunt,
1605 3430 1843 3485 quorum
1873 3416 2013 3472 alter

427 3500 806 3567 supereminet
829 3510 886 3558 et
910 3503 1153 3559 intactus
1174 3514 1381 3561 aeterne
1407 3516 1609 3571 manet,
1633 3524 1814 3577 neque
1838 3509 2011 3564 ullum

424 3591 520 3660 qui
559 3608 618 3648 se
663 3604 993 3665 assequatur
1034 3606 1128 3652 aut
1165 3599 1401 3669 attingat
1440 3601 1782 3656 intellectum
1822 3602 2008 3669 habet,

425 3683 600 3738 altera
636 3685 827 3740 relicta
863 3697 995 3743 sunt
1025 3697 1081 3743 et
1116 3690 1371 3744 mentalis
1403 3678 1746 3761 cognitionis
1774 3708 2010 3762 exsupe-

428 3775 606 3830 rantia
639 3788 919 3847 superata,
951 3788 1009 3834 et
1041 3791 1225 3836 mente
1262 3781 1527 3836 inferiora
1557 3782 1695 3845 visa,
1722 3800 1844 3839 cum
1877 3786 2011 3855 quid

426 3868 685 3938 superius
718 3870 801 3925 eis
835 3871 907 3925 sit
940 3871 1174 3927 ﬁrmiter
1202 3882 1351 3927 esset
1382 3889 1447 3927 ac
1477 3890 1608 3929 vere
1644 3875 2007 3943 intellectum,

426 3958 543 4014 hazc
578 3960 714 4015 mihi
749 3963 1013 4033 magister
1045 3980 1147 4033 per
1178 3951 1356 4018 visum
1395 3973 1452 4018 et
1485 3967 1792 4021 naturalem
1832 3969 2010 4040 legem

425 4049 730 4103 secundum
764 4052 1035 4106 rationem
1071 4053 1347 4109 redditam
1380 4055 1714 4125 signiﬁcare,
1742 4073 1851 4112 non
1878 4075 2012 4115 vero

426 4148 488 4193 ut
522 4142 745 4210 quidam
780 4143 1271 4211 existimaverunt,
1308 4163 1406 4214 pro
1444 4163 1555 4202 uno
1588 4158 1645 4203 et
1675 4149 1869 4204 eodem
1908 4166 2010 4222 po-

425 4248 561 4287 nere
609 4234 790 4287 visum
848 4242 905 4289 et
954 4237 1130 4307 legem
1186 4240 1513 4294 naturalem.
1563 4240 1806 4311 Uterque
1859 4242 2010 4298 enim

426 4322 573 4377 circa
600 4324 792 4382 eadem
819 4327 928 4383 vim
956 4344 1110 4383 suam
1138 4346 1403 4386 exercens
1430 4333 1710 4400 quomodo
1738 4333 1807 4387 ab
1836 4334 2011 4389 altero

2110 3137 2339 3201 πώσεως
2352 3139 2446 3219 καὶ
2463 3138 2765 3209 φαντασίας
2780 3137 3053 3201 διάϐασιν,
3072 3139 3163 3192 καὶ
3187 3140 3237 3192 εἰ
3255 3140 3329 3209 μή
3350 3156 3430 3210 τῳ
3448 3138 3707 3209 περιττὸς

2108 3227 2248 3284 εἶναι
2276 3230 2440 3296 δοκῶ,
2478 3230 2573 3284 καὶ
2603 3231 2774 3301 αὐτῆς
2802 3229 2907 3297 ἔξω
2939 3230 3220 3294 παντελῶς
3248 3230 3355 3300 τῆς
3386 3233 3447 3285 ὲν
3472 3233 3585 3294 τοῖς
3607 3230 3706 3283 λό-

2110 3338 2231 3390 γοις
2259 3320 2368 3375 τῶν
2395 3320 2569 3375 ὅντων
2598 3321 2864 3392 διαφορᾶς
2894 3322 3218 3393 γενόμενος,
3269 3322 3367 3376 καὶ
3425 3316 3539 3376 οἷον
3567 3321 3708 3393 μεθ·

2111 3411 2262 3484 όριον
2312 3410 2507 3465 ἑαυτὸν
2534 3410 2833 3483 παρενθεὶς
2879 3410 3016 3464 Θεοῦ
3064 3428 3125 3465 τε
3184 3410 3280 3465 καλ⁹
3331 3411 3551 3466 πάντων
3593 3412 3708 3464 τῶν

2113 3503 2252 3574 μετὰ
2293 3503 2426 3557 Θεὸν
2448 3543 2464 3568 ,
2518 3504 2611 3556 τὸν
2648 3504 2746 3574 μὲν
2792 3502 2868 3567 ὡς
2898 3502 3265 3573 ὑπερέχοντος
3296 3503 3392 3557 καὶ
3417 3503 3706 3573 ἀψαύστου

2111 3595 2177 3649 δι’
2214 3594 2339 3649 ὅλου
2393 3594 2651 3666 μένοντος
2716 3596 2812 3649 καὶ
2858 3589 3133 3665 μηδεμίαν
3181 3594 3491 3664 φθάνουσαν
3537 3593 3709 3648 αὑτὸν

2113 3686 2326 3756 ἔχοντος
2354 3683 2561 3755 νόησιν,
2584 3683 2696 3738 τῶν
2714 3685 2774 3739 δὲ
2798 3684 3309 3755 καταλελειμμένων
3340 3685 3433 3737 καὶ
3452 3687 3521 3756 τῇ
3542 3700 3710 3755 περι-

2098 3777 2270 3849 ουσίᾳ
2298 3775 2401 3847 τῆς
2430 3776 2575 3831 κατὰ
2618 3774 2745 3829 νοῦν
2785 3775 3042 3844 γνώσεως
3063 3774 3431 3829 διαϐαθέντων
3474 3776 3571 3828 καὶ
3602 3793 3705 3830 κα-

2110 3867 2370 3938 τωτέρων
2393 3866 2605 3930 ἐννοίας
2639 3866 2919 3936 φανέντων
2953 3865 3033 3936 τῷ
3061 3865 3117 3918 τί
3138 3882 3267 3919 ποτε
3292 3860 3439 3919 εἶναι
3465 3864 3705 3935 βεϐαίως

2112 3957 2255 4030 ὑπὲρ
2290 3960 2431 4013 αὐτὰ
2482 3959 2579 4012 καὶ
2619 3957 2839 4029 ἀληθῶς
2877 3958 3166 4028 ἐννοῆσαι,
3219 3956 3397 4012 ταῦτά
3432 3975 3524 4028 μοι
3555 3958 3709 4013 δοκεῖ

2109 4050 2197 4105 διὰ
2225 4053 2324 4121 τῆς
2349 4049 2525 4119 ὅψεως
2556 4050 2651 4102 καὶ
2677 4047 2773 4101 τοῦ
2802 4047 3037 4118 φυσικοῦ
3064 4049 3232 4118 νόμου
3263 4047 3408 4101 κατὰ
3436 4048 3536 4119 τὴν
3565 4048 3706 4102 ἀπο·

2110 4142 2360 4196 δοθεῖσαν
2401 4139 2583 4194 αἰτίαν
2616 4140 2646 4192 ὁ
2672 4139 2995 4204 διδάσκαλος
3039 4139 3529 4211 παραινίττεσθαι,
3585 4127 3705 4193 ἀλλ’

2111 4233 2172 4287 οὐ
2196 4233 2394 4287 ταύτὸν
2417 4231 2684 4297 τίθεσθαι,
2711 4230 2896 4295 καθώς
2918 4249 3063 4295 τινες
3082 4231 3361 4303 ᾠήθησαν,
3379 4233 3478 4303 τὴν
3498 4234 3626 4301 ὄψιν
3644 4251 3701 4285 τε

2112 4326 2209 4380 καὶ
2260 4326 2352 4379 τὸν
2398 4324 2626 4393 φυσικὸν
2674 4324 2861 4394 νόμον.
2896 4322 3099 4393 Ἀμφω
3133 4323 3243 4393 γὰρ
3292 4324 3423 4393 περὶ
3460 4323 3527 4376 τὰ
3556 4324 3704 4375 αὐτὶ

427 4410 650 4483 dillerat
687 4414 984 4485 cogitando
1024 4425 1205 4487 potest
1244 4396 1488 4490 percipi,
1523 4436 1649 4474 cum
1689 4421 1830 4475 alter
1865 4421 2006 4477 irra-

2124 4417 2211 4487 τὴν
2241 4402 2527 4486 ἐνέργειαν
2557 4414 2749 4486 ἔχοντα
2795 4414 2894 4485 τὴν
2925 4415 3019 4467 ἀπ’
3044 4413 3291 4484 ἀλλήλων
3317 4413 3544 4467 δύναται
3579 4396 3700 4467 κατ’

428 4505 711 4562 tionaliter
764 4509 1072 4565 visibilium
1128 4520 1278 4566 tactu
1332 4514 1509 4567 solum
1562 4513 1719 4568 nisus
1774 4513 2012 4570 ulterius

306 4661 325 4673 ο
428 4596 687 4665 progredi
719 4613 827 4652 non
860 4600 1064 4668 possit,
1096 4601 1268 4656 altera
1300 4611 1357 4656 et
1385 4602 1600 4657 ratione
1632 4602 1780 4658 socia
1815 4604 2012 4674 adjun-

427 4693 516 4739 cta
552 4686 620 4740 de
656 4687 740 4743 eis
772 4688 1070 4761 diligenter
1095 4691 1332 4761 inquirit
1364 4701 1421 4747 et
1448 4703 1633 4748 mente
1667 4694 1810 4750 bene
1845 4706 2010 4766 atque

428 4775 736 4844 prudenter
777 4780 1148 4844 transcendit,
1184 4797 1296 4851 quo
1337 4783 1572 4839 maxime
1613 4785 2011 4857 cogitationem

426 4875 485 4921 et
512 4866 673 4923 tidem
705 4869 773 4924 de
806 4870 900 4925 Dei
930 4871 1251 4927 exsistentia
1282 4874 1554 4929 naturalis
1584 4890 1684 4945 per
1716 4876 1892 4931 visum
1925 4878 2010 4933 lex

429 4957 752 5015 insinuavit.
780 4960 971 5017 Visum
1002 4962 1174 5034 igitur
1203 4964 1505 5035 appellavit
1536 4980 1760 5021 sensum
1798 4967 2014 5038 simpli-

427 5050 591 5118 citer,
616 5068 725 5108 non
754 5053 943 5125 aliquo
968 5055 1157 5121 modo,
1184 5057 1471 5113 sensibilia
1497 5068 1776 5129 petentem
1806 5060 2011 5131 (neque

425 5146 576 5200 enim
628 5162 825 5203 sensus
874 5148 1156 5219 peculiare
1196 5159 1283 5207 est
1325 5150 1654 5221 simpliciter
1692 5151 1901 5221 aliquid
1942 5166 2008 5207 ex

423 5239 613 5310 aliquo
662 5241 813 5297 aliud
860 5242 1188 5315 colligere),
1225 5253 1283 5300 et
1326 5242 1503 5316 legem
1549 5244 1856 5299 naturalem
1900 5245 2009 5298 vim

426 5333 737 5387 naturalem
779 5349 903 5403 qua:
940 5334 1396 5391 intellectualiter
1431 5351 1496 5391 ac
1533 5335 1877 5391 rationaliter
1911 5351 2013 5404 per

426 5435 651 5474 sensum
694 5422 809 5486 flat,
842 5424 1148 5479 secundum
1190 5441 1355 5495 quam
1394 5441 1425 5481 a
1468 5427 1659 5496 peiore
1695 5426 1755 5479 ﬁt
1799 5425 2012 5481 idonea:

423 5514 960 5585 explorationisope
992 5515 1058 5570 ad
1095 5516 1294 5571 melius
1327 5532 1611 5572 ascensus.
1647 5515 2011 5570 lmmobiliter

2116 4509 2356 4562 ἐπίνοιαν
2382 4506 2637 4578 δέχεσθαι
2663 4507 2939 4577 διάκρισιν
2959 4549 2975 4571 ,
3031 4505 3113 4576 τῷ
3141 4506 3243 4576 τὴν
3273 4506 3372 4577 μὲν
3408 4504 3609 4578 (185
3650 4509 3704 4575 α)

2116 4601 2326 4669 ἀλόγως
2372 4602 2441 4671 τῇ
2489 4598 2834 4671 προσψαύσει
2885 4598 2994 4651 τῶν
3040 4586 3279 4670 ὁρατῶν
3303 4597 3467 4668 μόνον
3508 4600 3704 4669 στηρί-

2117 4692 2307 4756 ζεσθαι
2342 4690 2656 4762 περαιτέρω
2683 4690 2887 4760 βαίνειν
2918 4689 3023 4744 οὐκ
3051 4689 3305 4761 ἔχουσαν,
3337 4690 3428 4743 τὸν
3454 4690 3511 4743 δὲ
3539 4689 3621 4760 τῷ
3644 4708 3705 4743 τε

2117 4783 2453 4854 συνημμένῳ
2479 4782 2624 4854 λόγῳ
2673 4782 2847 4836 ταῦτα
2874 4780 3357 4852 πολυπραγμονεῖν
3400 4783 3495 4835 καὶ¹
3521 4781 3601 4851 τῷ
3626 4783 3704 4851 νῷ

2112 4871 2292 4933 καλῶς
2319 4888 2380 4923 τε
2408 4870 2503 4923 καὶ
2525 4870 2704 4937 σοφῶς
2734 4870 3102 4941 ὑπερϐαίνειν,
3132 4870 3299 4923 καθ’ὂ
3330 4870 3566 4939 μάλιστα
3600 4872 3702 4940 τὴν

2114 4963 2244 5028 περὶ
2276 4960 2370 5014 τοῦ
2399 4956 2540 5014 εἶναι
2569 4960 2702 5013 Θεὸν
2749 4960 2959 5015 ἔννοιάν
2987 4978 3047 5013 τε
3077 4960 3172 5014 καὶ
3200 4960 3386 5013 πίστιν
3415 4962 3445 5013 ό
3470 4960 3700 5029 φυσικὸς

2114 5054 2202 5106 διὰ
2248 5055 2345 5122 τῆς
2394 5052 2570 5121 ὅψεως
2614 5052 2904 5123 εἰσαγήοχε
2946 5052 3130 5123 νόμος.
3160 5050 3323 5120 Ὀψιν
3347 5046 3442 5105 οὖν
3471 5050 3703 5105 ἐκάλεσε

2115 5145 2215 5217 τὴν
2244 5144 2467 5213 ἁπλῶς,
2524 5143 2640 5198 ἀλλ’
2659 5144 2722 5196 οὑ
2751 5144 2852 5215 τὴν
2881 5142 2998 5206 πῶς
3016 5183 3031 5208 ,
3081 5143 3219 5214 πρὸς
3245 5144 3314 5197 τὰ
3339 5142 3575 5212 αἰσθητὰ
3604 5146 3703 5211 τῆς

2117 5240 2427 5311 αἰσθήσεως
2478 5236 2788 5310 προσϐολὴν
2847 5238 2949 5308 (οὑ
2998 5235 3108 5306 γὰρ
3154 5234 3467 5306 αἰσθήσεως
3513 5234 3702 5295 ἁπλῶς

2116 5330 2179 5384 τὸ
2235 5329 2300 5383 ἐκ
2349 5345 2496 5392 τινος
2549 5327 2737 5399 ἕτερόν
2787 5344 2841 5382 τι
2892 5325 3309 5395 συλλογίζεσθαι
3359 5324 3703 5393 καθέστηκεν

2119 5420 2332 5488 ἴδιον),
2397 5420 2563 5491 νόμον
2611 5419 2670 5473 δὲ
2724 5419 2956 5489 φυσικὸν
3002 5418 3101 5489 τὴν
3139 5416 3229 5472 διὰ
3264 5418 3364 5488 τῆς
3389 5414 3703 5486 αἰσθήσεως

2118 5512 2413 5585 γινομένην
2442 5510 2586 5567 κατὰ
2623 5510 2750 5567 νοῦν
2796 5511 2893 5566 καὶ
2920 5509 3078 5579 λόγον
3115 5508 3350 5580 φυσικὴν
3378 5508 3700 5576 ἐνέργειαν,

494 5691 610 5764 (Η)
645 5691 807 5763 Grt‘g.
840 5693 967 5747 Nat.
998 5692 1088 5748 0r.
1118 5696 1269 5749 (ltrol.
1308 5696 1368 5759 [1,
1396 5713 1513 5765 cap.
1544 5696 1597 5760 6,
1628 5712 1679 5765 p.
1714 5693 1833 5756 499,
1863 5702 1993 5747 tom.

2124 5690 2243 5762 )pp.
2280 5690 2411 5745 edit.
2450 5688 2650 5745 Bened.
