3984 6198
312 271 446 339 1217

1552 266 1734 327 AM’BI
1742 267 1842 329 GU
1851 268 1951 329 ῡΒ
1963 276 2003 331 U
2016 275 2070 329 Μ
2111 273 2364 333 LIBER.

3450 281 3587 348 l218

308 387 429 441 καθ’
455 388 522 456 ἣν
555 386 587 455 ἡ
619 383 754 454 πρὸς
781 383 844 437 τὸ
871 384 1120 455 κρεῖττον
1152 381 1268 452 μετ’
1290 378 1567 452 ἐμμελοῦς
1598 380 1879 446 ἐξετάσεωι

2002 397 2136 437 vero
2182 382 2395 439 moveri
2444 382 2689 454 ferrique
2737 399 2803 440 ea
2852 401 2974 456 qua:
3015 386 3278 445 videntur
3323 394 3587 464 magister

307 482 432 536 καθ’
455 482 573 536 ὁδὸν
602 481 711 534 ἀπὸ
737 481 844 535 τῶν
871 480 1109 552 ἡττόνων
1136 477 1402 539 άνάόασις
1425 475 1659 545 γίνεται.
1685 477 1900 547 Ἀκινή-

305 591 414 636 τως
462 573 519 627 δὲ
577 571 845 626 κινεῖσθαί
887 587 945 624 τε
997 570 1094 625 καὶ
1137 568 1401 640 φέρεσθαι
1433 568 1503 621 τὰ
1535 567 1789 640 ὁρώμενα
1818 569 1897 621 εἷς

311 682 471 735 ρηται
502 664 578 735 τῷ
606 663 913 733 διδασκάλῳ
942 661 1019 731 τῷ
1048 662 1146 732 μὲν
1171 661 1315 732 λόγῳ
1340 700 1355 723 ,
1401 655 1447 728 ᾧ
1476 659 1669 729 γέγονε
1698 657 1896 723 ταῦτα,

308 760 451 812 κατά
490 775 548 810 τε
595 757 758 826 φύσιν
806 757 900 809 καὶ
934 755 1168 826 δύναμιν
1202 755 1297 808 καὶ
1322 754 1629 826 ἐνέργειαν,
1661 752 1813 819 τάξιν
1836 768 1897 805 τε

306 852 397 903 καὶ
428 850 690 920 διαμονὴν
720 848 1116 918 ἀμεταστάτως
1146 847 1313 918 ἔχειν,
1348 849 1443 901 καὶ
1475 845 1551 918 μὴ
1577 843 1897 913 ἐξίστασθαι

304 944 428 997 καθ’
471 945 649 997 ὁτιοῦν
694 943 796 1012 τῆς
830 946 1069 1014 φυσικῆς
1102 942 1365 1013 ἰδιότητος
1406 943 1502 996 καὶ
1535 940 1897 1013 μεταϐάλλειν

302 1035 382 1095 είς
412 1033 541 1087 ἄλλο
575 1033 671 1087 καὶ⁵
700 1032 967 1104 φύρεσθαι
991 1072 1037 1111 ,_
1061 1030 1333 1086 κινεῖσθαι
1356 1030 1414 1085 δὲ
1444 1030 1606 1086 πάλιν
1645 1030 1723 1101 τῷ
1753 1030 1896 1085 κατὰ

303 1125 435 1195 ῥοὴν
490 1126 586 1178 καὶ
631 1124 912 1196 ἀπορῤοὴν
963 1124 1130 1195 λόγῳ,
1192 1121 1419 1194 αὐξήσει
1452 1140 1512 1175 τε
1562 1124 1629 1193 τῇ
1675 1122 1806 1194 περὶ
1833 1122 1896 1175 τὸ

302 1218 469 1269 ποσὸν
517 1218 614 1269 καὶ
648 1215 877 1287 μειώσει
919 1217 1015 1269 καὶ
1043 1219 1111 1288 τῇ
1157 1216 1288 1286 περὶ
1313 1214 1375 1268 τὸ
1405 1214 1559 1267 ποιὸν
1585 1213 1891 1278 ἀλλοιώσει,

301 1306 395 1360 καὶ
443 1306 650 1378 κυρίως
696 1309 907 1371 εἰπεῖν,
963 1309 1029 1377 τῇ
1074 1305 1134 1372 ἐξ
1163 1306 1411 1378 ἀλλήλων
1444 1306 1689 1377 διαδοχῇ,
1726 1306 1893 1374 ὑπεξ-

302 1401 615 1471 ισταμένων
645 1401 734 1455 ἀεὶ
762 1403 876 1465 τοῖς
905 1401 1290 1471 ἐπιγνομένοις
1319 1400 1427 1456 τῶν
1457 1400 1891 1473 προειληφότων.

302 1493 413 1547 Καὶ
442 1492 630 1556 άπλῶς
662 1494 747 1547 ἵνα
778 1492 1017 1546 συνελὼν
1047 1493 1209 1560 είπω,
1246 1493 1424 1548 πάντα
1446 1494 1513 1548 τά
1539 1493 1670 1548 ὄντα
1690 1492 1815 1547 καθ’
1832 1493 1893 1547 δν

304 1587 405 1655 μὲν
440 1586 758 1658 ὑπέστησάν
786 1603 844 1639 τε
878 1587 974 1640 καὶ
1005 1587 1113 1639 εἰσι
1140 1586 1329 1654 λόγον,
1388 1587 1631 1658 στάσιμά
1658 1603 1719 1640 τε
1751 1603 1893 1640 παν-

297 1676 470 1740 τελῶς
500 1679 607 1730 είσι
657 1679 751 1731 καὶ
776 1677 1009 1749 ἀκίνητα
1036 1719 1052 1743 ,
1108 1677 1186 1749 τῷ
1209 1678 1268 1732 δὲ
1297 1677 1406 1733 τῶν
1433 1680 1563 1750 περὶ
1586 1679 1726 1733 αὐτά
1753 1678 1893 1732 θεω-

303 1767 581 1838 ρουμένων
609 1769 781 1839 λόγῳ,
816 1769 939 1823 καθ’
966 1769 1025 1823 ὃν
1055 1770 1088 1840 ἡ
1117 1767 1213 1822 τοῦ
1245 1769 1447 1833 παντὸς
1473 1769 1669 1824 τούτου
1702 1769 1892 1840 σαφῶς

295 1860 582 1929 οἰκονομία
612 1860 910 1931 συνέστηκέ
939 1877 998 1913 τε
1034 1863 1126 1914 καὶ
1155 1860 1485 1930 διεξάγεται,
1518 1861 1696 1916 πάντα
1724 1864 1893 1915 κινεῖ-

297 1967 391 2003 ται
430 1951 673 2020 δηλονότι
727 1953 817 2005 καὶ
857 1953 1100 2005 άστατεῖ.
1150 1954 1226 2006 Οὐ
1251 1953 1447 2007 ταύτὸν
1470 1952 1527 2006 δέ
1556 1969 1722 2023 φασιν
1747 1947 1889 2007 εἶναι

300 2045 367 2114 τῇ
394 2045 537 2114 φορᾷ
567 2044 666 2113 τὴν
694 2045 927 2114 κίνησιν.
988 2046 1032 2098 Τ
1035 2044 1102 2117 ὴν
1150 2046 1249 2116 μὲν
1278 2048 1389 2117 γὰρ
1438 2047 1653 2118 κίνησιν
1686 2047 1889 2117 μᾶλλον

300 2130 439 2187 εἷναί
472 2134 655 2205 (185
678 2135 729 2205 ὑ)
758 2153 887 2203 φασι
913 2135 1022 2189 τῶν
1047 2136 1154 2189 ὐπὸ
1173 2136 1389 2206 γένεσιν
1418 2136 1512 2190 καὶ
1549 2136 1776 2207 φθοράν,
1811 2137 1888 2201 ὠς

298 2228 703 2298 ἐπιδεχομένων
748 2231 862 2291 τοῖς
896 2226 1025 2301 περὶ
1055 2230 1195 2283 αὐτὰ
1225 2230 1624 2301 Θεωρουμένοις
1655 2231 1717 2284 τὸ
1748 2232 1885 2301 μᾶλ-

298 2318 390 2373 λον
419 2318 518 2371 καῖ
543 2320 604 2372 τὸ
629 2314 795 2391 ἦττον
825 2319 949 2388 (κᾶν
979 2321 1071 2373 ἐπὶ
1104 2321 1319 2374 πάντων
1347 2320 1486 2391 ὁμοῦ
1511 2321 1620 2374 τῶν
1642 2320 1886 2390 γενητῶν

298 2410 507 2480 κυρίως
533 2409 794 2477 λέγεσθαι
821 2410 1090 2483 δυνατὸν),
1121 2413 1222 2482 τὴν
1242 2412 1298 2465 δὲ
1324 2412 1498 2483 φοράν
1518 2413 1617 2482 τῆς
1635 2412 1776 2467 κατὰ
1794 2411 1886 2465 xti-

298 2501 426 2555 κλον
477 2502 808 2573 κινουμένης
854 2502 1046 2566 οὐσίας
1088 2503 1183 2557 καὶ
1216 2503 1516 2573 άκαμάτως
1542 2503 1642 2572 τὴν
1671 2503 1882 2574 περιδί-

298 2608 477 2662 νησιν.
536 2594 653 2648 Οὐκ
698 2591 819 2649 οἶδα
867 2595 1099 2666 πότερον
1146 2593 1480 2666 Θαρρήσαντι
1522 2595 1653 2667 περὶ
1686 2595 1747 2648 τό
1772 2596 1883 2649 πᾶν

300 2684 547 2753 φυσικῶς
597 2686 931 2760 ἐνεργούσης
975 2686 1155 2756 λέγειν
1187 2687 1338 2740 ἐστιν
1374 2686 1616 2755 ἀσφαλὲς
1671 2686 1698 2756 η
1729 2687 1883 2760 ἐνερ-

298 2777 602 2848 γουμένης,
648 2779 788 2851 πλὴν
816 2779 899 2833 ὃτι
930 2778 1138 2850 κυρίως
1166 2780 1340 2833 εἰπεῖν
1369 2781 1514 2833 ἐστιν
1548 2776 1878 2849 ἐνεργουμέ-

298 2885 394 2939 νης
440 2869 502 2923 τὸ
550 2871 833 2944 φέρεσθαι.
901 2873 1069 2927 Οὐδὲν
1108 2874 1217 2944 γάρ
1257 2873 1367 2927 τῶν
1394 2872 1565 2926 ὅντων
1598 2870 1879 2935 παντελῶς

296 2964 444 3015 ἐστιν
465 2963 881 3035 αὐτενέργητον,
911 2966 994 3020 ὅτι
1020 2966 1159 3037 μηδὲ
1177 2966 1439 3032 ἀναίτιον,
1468 2964 1529 3018 τὸ
1547 2963 1603 3017 δὲ
1628 2964 1703 3035 μὴ
1726 2964 1879 3017 άναίο

292 3071 408 3108 τιον
428 3098 443 3121 ,
496 3059 723 3111 κινεῖται
753 3059 971 3123 πάντως
999 3058 1068 3113 δι’
1087 3058 1268 3114 αἰτίαν
1285 3100 1302 3127 ,
1354 3057 1750 3130 ἐνεργούμενον
1778 3057 1875 3127 δη-
1902 3077 1946 3136 ε

293 3142 472 3198 λονότι
517 3146 578 3199 τὸ
610 3147 877 3202 κινεῖσθαι
908 3148 1156 3218 φυσικῶς
1184 3149 1290 3203 ὐπὸ
1319 3148 1419 3220 τῆς
1450 3148 1629 3211 αἰτίας
1647 3186 1663 3211 9
1714 3146 1784 3199 δι’
1807 3145 1874 3216 ἢν

292 3235 391 3291 καὶ
439 3238 576 3309 πρὸς
618 3239 686 3312 ῆν
740 3242 980 3294 ποιεῖται
1023 3242 1123 3313 τὴν
1165 3241 1399 3314 κίνησιν.
1447 3240 1729 3303 Ἀναιτίως
1765 3239 1875 3310 γάρ

291 3327 545 3401 οὐδαμῶς
592 3335 821 3385 κινεῖται
876 3332 999 3386 καθ’
1038 3333 1342 3405 οἱονδήτινα
1389 3333 1593 3401 τρόπον
1637 3332 1745 3386 τῶν
1788 3348 1875 3385 κι-

291 3423 570 3493 νουμένων
607 3423 783 3478 οὐδέν.
838 3424 1006 3496 Ἀρχὴ
1037 3425 1093 3478 δέ
1129 3425 1311 3498 πάσης
1336 3427 1608 3497 κινήσεως
1638 3425 1875 3495 φυσικῆς

293 3515 440 3568 ἐστιν
492 3518 525 3587 ἡ
564 3516 674 3569 τῶν
703 3517 1038 3588 κινουμένων
1070 3518 1306 3586 γένεσις,
1361 3517 1506 3587 ἀρχὴ
1536 3517 1593 3570 δὲ
1638 3517 1739 3586 τῆς
1766 3516 1876 3569 τῶν

291 3609 627 3681 κινουμένων
648 3611 916 3679 γενέσεως
936 3610 964 3661 ὁ
987 3609 1140 3675 Θεὸς,
1163 3610 1239 3674 ὡς
1260 3610 1661 3682 γενεσιουργός.
1687 3609 1798 3679 Τῆς
1817 3609 1875 3663 δέ

288 3699 399 3754 τῶν
427 3702 813 3772 γεγενημένων
858 3702 1095 3774 φυσικῆς
1126 3701 1394 3770 γενέσεως
1435 3701 1590 3765 τέλος
1621 3704 1655 3772 ῆ
1684 3701 1875 3765 στάσις

290 3794 463 3855 ἐστὶν,
494 3795 561 3865 ἢν
587 3797 734 3848 ποιεῖ
760 3794 980 3858 πάντως
1012 3795 1151 3866 μετά
1175 3795 1275 3865 τὴν
1296 3793 1546 3848 διάϐασιν
1570 3794 1681 3849 τῶν
1706 3811 1875 3849 πεπε-

291 3884 583 3955 ρασμένων
617 3888 650 3956 ἡ
683 3887 931 3958 ἀπειρία,
968 3889 1025 3939 ἐν
1117 3886 1207 3940 διὰ
1233 3887 1295 3940 τὸ
1327 3886 1402 3958 μὴ
1433 3882 1573 3939 εἶναι
1598 3886 1873 3957 διάστημα

291 3975 442 4029 πᾶσα
489 3978 726 4030 ποιεῖται
766 3976 981 4046 κίνησις
1024 3977 1134 4031 τῶν
1176 3977 1424 4045 φυσικῶν
1439 3980 1484 4010 υ
1516 3978 1870 4048 κινουμένων,

286 4068 387 4121 οὐκ
417 4068 617 4139 ἔχουσα
645 4068 832 4122 λοιπὸν
865 4070 988 4123 ὃποι
1018 4086 1076 4123 τε
1122 4070 1220 4123 καὶ
1250 4069 1368 4134 πῶς
1412 4070 1507 4123 καὶ
1536 4070 1672 4141 πρὸς
1696 4070 1750 4122 τί
1785 4087 1873 4124 κι-

287 4158 545 4229 νηθῆναι,
593 4160 667 4224 ὡς
694 4161 788 4215 τὸν
815 4162 1068 4233 ὁρίζοντα
1100 4163 1195 4215 καὶ
1220 4162 1390 4233 αὐτὴν
1418 4160 1518 4233 τὴν
1549 4162 1732 4233 πάσης
1762 4163 1874 4233 όρι-

287 4248 482 4320 στικὴν
547 4251 814 4320 κινήσεως
866 4250 1125 4321 ἀπειρίαν
1178 4250 1311 4306 Θεὸν
1367 4251 1521 4315 τέλος
1576 4252 1653 4315 ὠς
1701 4253 1872 4306 αῐτιον

285 4340 508 4412 ἔχουσα.
563 4342 753 4412 Πάσης
794 4339 889 4396 οὖν
935 4343 1208 4410 γενέσεώς
1235 4360 1296 4396 τε
1340 4345 1435 4398 καὶ
1463 4344 1732 4415 κινήσεως
1764 4343 1873 4397 τῶν

2000 474 2135 530 dicit
2165 490 2231 531 ea
2259 491 2367 546 qua
2395 475 2538 532 facta
2567 485 2698 532 sunt
2728 477 2966 545 ratione,
2992 483 3294 538 secundum
3332 476 3587 545 naturam

1998 576 2055 621 et
2078 576 2408 636 potestatem
2438 576 2495 625 et
2521 570 2820 634 actionem,
2845 572 3096 628 ordinem
3132 583 3299 646 atque
3329 593 3589 648 perseve-

1998 660 2256 725 rantiam,
2293 660 2657 717 immutabilia
2698 678 2843 728 esse,
2881 671 2939 718 et
2982 680 3095 720 non
3144 667 3260 721 ullo
3307 670 3473 739 nyido
3517 671 3586 728 de

1998 751 2238 805 naturali
2280 753 2621 822 proprietate
2662 754 2864 810 cedere
2903 758 3221 827 mutarique
3258 758 3313 812 in
3348 761 3582 818 alterum

1996 848 2055 895 et
2078 843 2451 909 commisceri,
2476 860 2542 899 ac
2572 847 2785 900 moveri
2819 863 3013 904 rursus
3042 848 3221 906 ﬂuxus
3250 860 3307 906 et
3334 853 3587 911 dcﬁuxus

1998 934 2237 1001 ratione,
2264 934 2609 990 incremento
2639 945 2697 992 et
2726 937 3105 1007 decremento,
3133 958 3244 1012 quo
3281 936 3582 1013 quantitas,

1997 1035 2053 1082 et
2092 1027 2512 1094 immutatione,
2541 1043 2649 1098 qua
2684 1029 2922 1098 qualitas
2963 1032 3223 1098 afficitur,
3256 1043 3312 1089 et
3354 1045 3416 1091 ut
3451 1054 3583 1107 pro-

1996 1118 2116 1188 prie
2140 1117 2319 1174 dicam
2338 1159 2353 1182 ,
2383 1119 2614 1175 alterius
2642 1135 2711 1173 ex
2743 1120 2921 1174 altero
2949 1124 3301 1180 successione
3331 1143 3395 1181 ac
3419 1129 3585 1183 vicis-

1996 1211 2273 1277 situdine,
2313 1213 2444 1267 dum
2488 1212 2786 1283 anticipata
2830 1228 3052 1284 semper
3094 1216 3301 1274 cedunt
3336 1220 3419 1275 eis
3461 1238 3584 1291 quae

1996 1305 2433 1376 subsequuntur.
2462 1306 2640 1376 Atque
2675 1314 2737 1360 ut
2762 1306 2954 1376 paucis
2985 1307 3291 1373 absolvam,
3323 1312 3583 1370 universa

1995 1414 2119 1469 qua:
2158 1384 2310 1463 sunt,
2337 1399 2644 1453 secundum
2683 1400 2953 1454 rationem
2996 1415 3104 1469 qua
3147 1401 3483 1457 exstiterunt
3517 1420 3582 1460 ac

1996 1496 2155 1553 sunt,
2191 1488 2347 1543 ﬁrma
2393 1489 2623 1561 omnino
2667 1499 2798 1543 sunt
2836 1498 2892 1544 et
2931 1490 3188 1556 immota,
3222 1495 3317 1547 sed
3365 1495 3580 1551 ratione

1995 1595 2187 1636 eorum
2214 1597 2336 1651 quae
2362 1582 2510 1637 circa
2542 1581 2657 1650 ipsa
2685 1582 3145 1651 contemplamur,
3172 1600 3279 1653 qua
3308 1588 3579 1643 universi.

1998 1674 2127 1729 tatis
2160 1674 2325 1746 hujus
2355 1673 2646 1728 manifesto
2679 1682 2900 1729 constat
2925 1677 3233 1731 oeconomia
3262 1687 3317 1733 et
3339 1679 3579 1736 absolvi-

1997 1773 2107 1830 tur,
2131 1764 2409 1831 universa,
2433 1774 2495 1820 ut
2518 1771 2766 1835 apparet,
2790 1775 3073 1821 motantur
3093 1776 3150 1821 et
3174 1768 3576 1839 inquietantur.

1991 1856 2107 1912 Nec
2141 1864 2321 1913 tamen
2358 1857 2625 1927 impetum
2661 1866 2719 1912 et
2750 1859 3051 1913 motionem
3084 1859 3227 1915 idem
3265 1843 3599 1933 signiﬁcare.

1992 1956 2264 2005 statuunt.
2296 1949 2594 2004 Motionem
2634 1949 2784 2004 enim
2828 1951 3001 2020 magis
3039 1951 3293 2007 tribuunt
3330 1956 3417 2010 eis
3453 1972 3578 2026 qua:

1989 2042 2336 2112 generationi
2371 2031 2660 2113 subjacent
2691 2052 2748 2098 et
2782 2044 3053 2108 interitui,
3087 2053 3145 2100 ut
3175 2061 3299 2115 qua:
3335 2047 3417 2103 eis
3452 2064 3576 2119 quae

1989 2136 2135 2191 circa
2164 2136 2281 2206 ipsa
2307 2136 2676 2191 observantur
2699 2134 2937 2208 augendi
2964 2137 3361 2210 minuendique
3391 2143 3577 2198 notiu-

1986 2237 2114 2277 nem
2149 2223 2450 2280 admittunt
2483 2224 2732 2296 (etiamsi
2766 2225 2834 2280 de
2867 2227 3084 2283 cunctis
3118 2230 3321 2286 creatis
3352 2233 3575 2302 pmprie

1986 2308 2101 2370 dici
2152 2315 2206 2370 id
2264 2318 2515 2387 potest),
2563 2318 2827 2388 impetum
2881 2334 3013 2374 vero
3066 2321 3393 2396 substantiae
3449 2341 3573 2382 esse

1985 2405 2181 2461 volunt
2206 2405 2417 2461 circulo
2447 2422 2567 2463 sese
2599 2416 2656 2462 et
2688 2407 2962 2463 indefesse
2996 2412 3397 2467 eommoventis
3428 2422 3575 2469 rota-

1985 2497 2218 2553 tionem.
2244 2498 2445 2555 Nescio
2487 2508 2672 2555 utrum
2712 2500 2782 2556 de
2823 2501 3086 2557 universo
3121 2502 3312 2559 dicere
3346 2507 3570 2562 conanti

1984 2588 2317 2644 naturaliter
2355 2592 2575 2661 operari
2622 2591 2675 2646 id
2726 2600 2906 2646 tutum
2946 2591 3037 2657 sit,
3072 2610 3143 2648 an
3186 2595 3428 2663 incitari,
3462 2599 3569 2654 nisi

1981 2680 2130 2750 quod
2177 2681 2299 2752 ejus
2346 2682 2441 2752 qui
2495 2683 2759 2739 incitatur
2804 2684 3083 2754 peculiare
3136 2685 3433 2743 dicendum
3483 2701 3571 2747 est

1980 2770 2136 2827 ferri.
2172 2772 2333 2828 Nulla
2373 2774 2524 2828 enim
2568 2790 2684 2839 res,
2718 2791 3066 2846 quascunque
3111 2778 3414 2845 exsistunt,
3450 2782 3569 2852 ipsa

1979 2879 2081 2933 per
2126 2879 2185 2920 se
2234 2875 2500 2935 operatur
2540 2867 2800 2933 omnino,
2832 2868 2964 2938 quia
3015 2884 3121 2925 nec
3166 2886 3333 2926 causa
3381 2883 3564 2941 caret;

1981 2955 2130 3024 quod
2156 2971 2291 3012 vero
2322 2973 2489 3013 causa
2519 2972 2631 3012 non
2663 2967 2835 3024 caret,
2866 2959 2920 3013 id
2954 2960 3182 3017 omnino
3212 2978 3313 3032 per
3344 2980 3564 3020 causam

1980 3056 2260 3113 movetur,
2289 3049 2436 3105 unde
2470 3062 2701 3121 apparet
2730 3050 2878 3122 quod
2912 3066 3080 3107 causa
3112 3052 3377 3111 incitatur
3406 3055 3474 3111 ad
3506 3072 3566 3113 se

1979 3140 2438 3195 commovendum
2472 3142 2799 3198 naturaliter
2832 3142 2900 3198 ad
2935 3158 3099 3213 quam
3133 3153 3192 3198 et
3222 3162 3333 3216 quo
3367 3148 3568 3204 motio-

1977 3244 2103 3285 nem
2128 3231 2334 3303 dirigit.
2362 3234 2492 3290 Sine
2524 3250 2690 3290 causa
2720 3235 2870 3290 enim
2900 3251 3092 3291 eorum
3118 3253 3240 3307 qua:
3269 3250 3561 3296 moventur

1975 3321 2116 3377 nihil
2139 3338 2370 3394 usquam
2389 3326 2500 3380 ullo
2519 3325 2683 3382 modo
2698 3336 2971 3383 movetur.
2990 3328 3213 3386 Initium
3235 3348 3369 3389 vero
3382 3335 3564 3390 omnis

1975 3417 2247 3473 naturalis
2281 3419 2549 3475 motionis
2583 3428 2668 3475 est
2696 3436 2887 3475 eorum
2919 3438 3043 3492 quae
3072 3437 3371 3481 moventur
3399 3444 3567 3499 gene-

1976 3505 2142 3571 ratio,
2174 3509 2335 3579 cujus
2364 3525 2557 3565 rursus
2595 3510 2772 3580 ipsius
2807 3512 3028 3569 initium
3063 3515 3211 3571 Deus
3242 3526 3347 3584 est,
3379 3528 3442 3573 ut
3472 3537 3568 3592 ge-

1975 3597 2283 3653 nerationis
2316 3608 2531 3655 auctor.
2560 3601 2766 3656 Eorum
2799 3618 2922 3674 quae
2953 3604 3095 3660 facta
3130 3614 3261 3661 sunt
3292 3611 3566 3668 naturalis

1975 3689 2355 3760 generationis
2389 3689 2515 3746 ﬁnis
2545 3701 2629 3746 est
2656 3701 2855 3759 status,
2884 3710 3052 3764 quem
3087 3695 3248 3767 plane
3279 3708 3403 3769 post
3433 3716 3566 3758 con-

1975 3792 2382 3837 summatorum
2417 3790 2827 3855 transgressum
2863 3784 3105 3843 inﬁnitas
3136 3787 3330 3853 eﬁicit,
3364 3791 3420 3847 in
3454 3810 3564 3865 qua

1973 3882 2202 3945 pmpter
2222 3874 2556 3931 exsistentim
2579 3876 2942 3933 cessationem
2964 3880 3145 3935 omnis
3167 3881 3340 3937 motio
3363 3899 3558 3943 eorum
3599 3921 3606 3928 ι

1973 3969 2315 4025 naturalium
2361 3987 2485 4041 quae
2528 3980 2821 4028 moventur
2860 3973 3216 4030 intervallum
3256 3975 3417 4043 facit,
3450 3997 3562 4038 non

1974 4061 2251 4132 reliquum
2282 4062 2493 4119 habens
2518 4079 2630 4135 quo
2659 4073 2756 4120 aut
2778 4066 3057 4135 quomodo
3090 4074 3147 4122 et
3177 4068 3244 4123 ad
3276 4070 3408 4139 quid
3445 4088 3566 4127 mo-

1974 4162 2202 4218 veatur,
2234 4169 2359 4209 cum
2391 4154 2596 4219 Deum,
2631 4154 2728 4225 qui
2758 4156 2848 4211 vel
2878 4157 3053 4227 ipsam
3086 4159 3270 4215 omnis
3300 4161 3562 4220 motionis
3629 4163 3634 4168 ’

1977 4246 2409 4300 teminatricem
2446 4245 2774 4301 inﬁnitatem
2806 4247 3021 4314 deﬁnit,
3053 4249 3217 4306 ﬁnem
3248 4263 3310 4308 ut
3338 4270 3562 4311 causam

1975 4338 2194 4394 habeat.
2223 4338 2411 4409 Itaque
2457 4340 2637 4395 omnis
2672 4341 3048 4410 generationis
3087 4353 3145 4399 et
3176 4347 3441 4405 motionis
3475 4365 3563 4406 re-

282 4432 454 4486 ὄντων
478 4474 495 4503 ,
551 4432 695 4505 ἀρχὴ
739 4436 835 4487 καὶ
865 4433 1016 4498 τέλος
1047 4436 1196 4488 ἐστιν
1225 4437 1253 4489 ό
1276 4434 1409 4499 Θεὸς
1429 4476 1445 4501 ,
1502 4436 1580 4499 ὡς
1614 4433 1674 4500 ἐξ
1702 4434 1869 4490 αὐτοῦ

1982 4447 2102 4486 rum
2132 4431 2517 4488 exsistentium
2551 4433 2769 4488 initium
2793 4443 2852 4489 et
2872 4433 3000 4490 ﬁnis
3029 4435 3176 4492 Deus
3205 4447 3312 4504 est,
3337 4454 3462 4494 cum
3493 4457 3563 4497 ex

282 4525 668 4597 γεγενημένων
698 4526 795 4580 καὶ⁸
820 4525 889 4580 δι’
910 4525 1079 4580 αὐτοῦ
1103 4526 1464 4597 κινουμένων,
1490 4527 1585 4581 καὶ
1607 4527 1688 4591 εἰς
1710 4527 1872 4581 αὐτὸν

280 4617 382 4689 τὴν
414 4619 605 4673 στάσιν
636 4618 1035 4689 ποιησομένων.
1074 4618 1264 4688 Πάσης
1292 4618 1351 4671 δὲ
1382 4618 1619 4689 φυσικῆς
1647 4619 1757 4672 τῶν
1783 4618 1872 4673 δν-

251 4728 390 4765 -των
420 4713 686 4783 κινήσεως
709 4713 1114 4782 προεπινοεῖται
1138 4712 1173 4782 ἡ
1196 4713 1434 4780 γένεσις,
1458 4710 1639 4781 πάσης
1659 4711 1715 4764 δέ
1740 4712 1869 4766 στά-

283 4820 423 4867 σεως
452 4807 856 4875 προεπινοετται
888 4802 1076 4875 (186
1096 4803 1149 4870 α)
1183 4801 1324 4856 κατὰ
1372 4801 1537 4873 φύσιν
1566 4804 1599 4875 ἡ
1627 4803 1864 4876 κίνησις.

283 4896 345 4950 El
370 4894 464 4949 οὖν
491 4896 760 4966 κινήσεως
786 4897 1193 4966 προεπινοεῖται
1219 4893 1359 4947 κατὰ
1382 4894 1543 4962 φύσιν
1565 4896 1599 4967 ὴ
1621 4894 1857 4964 γένεσις,

278 4989 544 5059 κινήσεως
587 4988 645 5042 δέ
704 4972 1102 5058 μετεπινοέτται
1159 4986 1303 5041 κατὰ
1354 4987 1519 5057 φύσιν
1568 4990 1602 5059 ἡ
1645 4989 1857 5054 στάσις,

274 5082 490 5149 γένεσις
536 5080 781 5151 δηλονότι
839 5083 933 5134 καὶ
982 5081 1173 5143 στάσις
1220 5076 1360 5134 εἶναι
1408 5080 1519 5134 τῶν
1556 5081 1673 5151 ἅμα
1716 5080 1861 5135 κατὰ

274 5173 372 5247 τὴν
415 5172 652 5245 ὓπαρξιν
691 5174 976 5245 ἀμήχανον
1000 5213 1014 5237 ,
1072 5171 1319 5243 ἀλλήλων
1380 5172 1551 5236 αὐτὰς
1611 5172 1861 5240 φυσικῶς

272 5265 619 5338 διείργουσαν
646 5268 694 5299 ’⁸
714 5265 933 5337 ἔχουσαι
977 5263 1120 5319 κατὰ
1158 5264 1222 5318 τὸ
1270 5263 1434 5333 μέσον
1471 5262 1571 5335 τὴν
1612 5264 1854 5336 κίνησιν.

1971 4536 2038 4575 eo
2081 4532 2355 4592 generata:
2394 4525 2506 4578 sint
2541 4533 2598 4579 et
2643 4532 2951 4591 motentur,
2986 4534 3190 4581 statum
3231 4543 3455 4599 quoque
3503 4530 3561 4587 in

1969 4627 2097 4667 eum
2130 4614 2376 4669 facturae.
2410 4615 2574 4671 Omni
2604 4632 2739 4671 vero
2772 4618 3012 4673 naturali
3046 4634 3235 4675 rerum
3266 4636 3391 4691 quae
3426 4631 3560 4677 sunt

1969 4708 2213 4763 motione
2245 4709 2399 4778 prior
2430 4708 2758 4781 intelligitur
2785 4710 3089 4781 generatio,
3114 4712 3378 4783 omnique
3406 4722 3558 4770 statu
3611 4708 3619 4765 ἓ

1967 4801 2122 4870 prior
2151 4802 2459 4857 secundum
2490 4811 2746 4857 naturam
2780 4804 3108 4877 intelligitur
3134 4804 3327 4883 motio.
3352 4806 3471 4862 Jam
3508 4808 3554 4864 si

1968 4894 2268 4949 motionem
2305 4894 2611 4951 secundum
2651 4903 2905 4952 naturam
2943 4897 3209 4969 anticipat
3244 4899 3553 4968 generatio,
3616 4888 3623 4910 ¹

1967 4987 2267 5042 motionem
2291 5002 2425 5042 vero
2454 4987 2759 5043 secundum
2783 4998 3036 5044 naturam
3063 4990 3425 5060 subsequitur
3445 5000 3560 5048 sta-

1969 5088 2087 5140 tus.
2119 5088 2349 5151 apparet
2379 5081 2796 5151 generationem
2831 5091 2890 5137 et
2924 5090 3129 5138 statum
3166 5083 3332 5139 simul
3372 5085 3557 5141 subsi-

1967 5181 2114 5228 stere
2165 5188 2276 5228 non
2328 5187 2522 5242 posse,
2558 5172 2689 5227 dum
2739 5173 3008 5239 mediam,
3047 5190 3170 5245 qua:
3208 5174 3436 5230 alteram
3482 5176 3553 5232 ab

1965 5250 2136 5321 altera
2170 5265 2498 5321 naturaliter
2529 5264 2773 5328 dirimat,
2802 5263 3044 5319 habeant
3077 5263 3401 5320 motionem.
3431 5266 3551 5322 Non

274 5356 349 5411 Οὐ
377 5358 487 5431 γὰρ
519 5357 723 5430 φυσικὴ
755 5356 1006 5428 ἐνέργεια
1038 5357 1138 5427 τῆς
1165 5356 1434 5425 γενέσεως
1462 5356 1574 5410 τῶν
1598 5358 1855 5427 κινουμέ-

1982 5358 2107 5412 :nim
2147 5357 2418 5413 naturalis
2454 5357 2602 5412 actio
2640 5355 3015 5428 generationis
3058 5365 3334 5413 motorum
3375 5368 3552 5415 status

273 5466 381 5503 νων
408 5451 440 5521 ἠ
465 5449 654 5513 στάσις
681 5451 850 5515 ἐστὶν,
883 5447 1022 5502 ἀλλὰ
1046 5448 1199 5513 τέλος
1225 5447 1329 5516 τῆς
1351 5449 1471 5501 κατ’
1494 5448 1671 5517 αὐτὴν
1698 5449 1857 5503 δυνάο

281 5558 421 5613 μεως
444 5543 477 5615 ἢ
502 5543 803 5614 ἐνεργείας,
831 5542 863 5612 ἢ
889 5544 1039 5608 ὅπως
1066 5542 1129 5598 ἄν
1155 5559 1239 5606 τις
1264 5540 1443 5596 ἐθέλοι
1469 5540 1628 5596 τοῦτο
1651 5541 1853 5611 λέγειν.

1959 5458 2064 5514 est,
2086 5448 2183 5504 sed
2218 5449 2343 5505 ﬁnis
2377 5449 2665 5535 potestatis
2695 5449 2778 5504 vel
2815 5448 3051 5504 actionis
3081 5449 3149 5505 ad
3186 5458 3390 5505 statum
3426 5466 3552 5521 per-

1962 5541 2219 5605 tinentis,
2250 5541 2334 5597 vc!
2371 5556 2596 5612 quoquo
2632 5539 2685 5595 id
2719 5540 2925 5613 aliquis
2958 5540 3124 5597 modo
3156 5540 3344 5598 dicere
3375 5544 3543 5605 volet.

1584 5660 1818 5717 VARIE
1867 5660 2277 5718 LEC‘I‘IONES.

344 5755 389 5787 "
414 5751 666 5808 Fortasse
700 5753 963 5817 φυσικῶς.
1044 5754 1087 5786 ⁸³
1116 5751 1431 5819 διέργουσαν
1456 5753 1578 5808 cod.
1607 5752 1748 5808 Gud.
