3984 6198
472 310 606 375 12ξῦ

1628 309 1688 367 S.
1732 304 1919 365 ΜΑΧΙ
1932 301 2019 362 Ml
2059 301 2569 367 CONFESSORIS

3599 313 3736 377 1559.0

468 429 582 483 Sub
613 430 828 483 actione
862 428 1007 483 enim
1039 442 1159 497 quae
1187 426 1332 480 facta
1365 430 1491 478 sunt
1516 422 1655 476 facta
1690 428 1840 483 sunt,
1866 417 2027 473 omnis

2159 416 2277 472 Ἐπ’
2297 421 2551 491 ἐνεργείᾳ
2570 419 2680 491 γάρ
2708 421 2774 474 τὰ
2799 421 3068 492 γενόμενα
3094 423 3306 493 γέγονε,
3333 425 3483 478 πᾶσα
3505 424 3563 479 δὲ
3585 426 3740 497 ἐνέρ·

465 533 598 573 vero
620 517 765 572 actio
787 516 854 571 ad
879 516 1041 570 finem
1067 516 1303 586 aliquem
1324 514 1588 585 pertinet,
1610 528 1679 567 ne
1705 511 1809 565 fine
1833 520 2037 565 careat.

463 611 842 679 Quodcunque
870 609 1021 664 enim
1057 609 1389 663 naturalium
1424 609 1701 663 actionum
1732 606 1893 660 tinem
1930 618 2041 658 non

464 702 650 764 habet,
672 701 726 754 Η
756 717 857 756 nec
884 699 1191 770 perfectum
1223 696 1328 763 est,
1351 700 1477 756 finis
1498 709 1682 755 autem
1706 696 2038 752 naturalium

364 824 383 835 ι
462 783 740 847 actionum
775 808 966 847 eorum
1001 809 1122 863 qua:
1153 793 1293 848 facta
1328 802 1456 848 sunt
1486 792 1555 847 ad
1588 806 1811 847 causam
1845 789 2043 843 motio-

461 885 551 941 nis
583 896 666 939 est
697 894 891 941 status.
924 886 1420 953 Quemadmodum,
1448 894 1510 940 ut
1541 900 1609 939 ex
1640 899 1751 938 uno
1782 897 2042 952 quaecun-

460 993 569 1047 que
601 986 730 1032 sunt
762 978 1009 1032 omnium
1048 978 1312 1032 motionis
1347 977 1571 1031 modum
1610 975 2037 1046 perspiciamus,

461 1068 664 1134 anima,
694 1085 819 1124 cum
854 1069 1246 1124 intellectualis
1276 1078 1333 1124 et
1360 1068 1646 1124 rationalis
1672 1066 1912 1122 essentia
1942 1065 2036 1130 sit,

459 1171 518 1216 et
551 1165 756 1232 cogitat
794 1170 849 1216 et
888 1162 1281 1227 ratiocinator,
1321 1161 1582 1217 facultate
1619 1170 1783 1215 utens
1821 1167 2036 1221 mente,

458 1254 723 1315 motione,
750 1252 1103 1323 cogitatione,
1126 1254 1342 1307 actione
1368 1252 1607 1322 denique
1640 1250 1898 1321 cogitato.
1922 1248 2040 1304 Hoc

458 1344 608 1398 enim
642 1345 933 1414 cogitantis
964 1351 1022 1399 et
1046 1346 1167 1415 ejus
1198 1344 1344 1415 quod
1380 1344 1653 1415 cogitatur
1683 1340 2039 1414 cogitationis

460 1435 584 1490 ﬂuis
626 1446 730 1502 est,
763 1446 825 1491 ut
862 1436 1006 1507 quod
1052 1437 1461 1492 extremitatum
1502 1444 1752 1491 mutuam
1796 1435 1942 1490 inter
1976 1449 2037 1490 se

458 1530 783 1584 relationem
847 1529 1272 1585 circumscribit.
1323 1528 1577 1599 Cogitare
1640 1528 1790 1583 enim
1853 1527 2036 1581 anima

457 1618 671 1673 desinit‘
705 1619 838 1673 illud
894 1619 1191 1690 cogitatum
1239 1629 1529 1690 postquam
1576 1620 1855 1690 cogitavit.
1899 1619 2034 1674 Nam

457 1712 757 1781 cogitatum
807 1713 1029 1782 proprie
1084 1713 1284 1779 semel,
1328 1729 1508 1784 neque
1557 1715 1792 1779 iterum,
1837 1714 2035 1769 animat

2146 529 2272 581 γεια
2317 514 2453 584 πρός
2486 531 2537 566 τι
2571 513 2723 576 τέλος
2752 514 2903 566 ἐστὶν
2929 553 2941 575 .
3003 515 3090 568 ἵνα
3135 516 3211 586 μὴ
3242 517 3460 587 ἀτελής.
3523 518 3598 571 Τὸ
3628 519 3736 588 γὰρ

2144 605 2296 668 τέλος
2351 606 2424 676 μὴ
2466 605 2589 675 ἔχον
2634 605 2746 659 τῶν
2789 608 2930 660 κατὰ
2960 605 3123 681 φύσιν
3155 608 3450 678 ἐνεργειῶν
3497 609 3622 662 οὐδὲ
3651 612 3738 663 τέ-

2143 696 2288 750 λειόν
2312 697 2449 761 ἐστι,
2478 697 2633 762 τέλος
2660 698 2717 751 δὲ
2745 697 2855 751 τῶν
2886 699 3027 752 κατὰ
3056 698 3217 767 φύσιν
3243 701 3559 772 ἐνεργειῶν,
3582 705 3615 772 ἡ
3638 702 3738 771 τῆς

2145 789 2283 860 πρὸς
2324 790 2386 842 τὸ
2427 791 2604 843 αἴτιον
2653 789 2764 843 τῶν
2799 791 3185 861 γεγενημένων
3218 795 3490 863 κινήσεως
3522 795 3734 857 στάσις.

2144 876 2271 934 Οἶον
2303 882 2389 935 ἵνα
2419 882 2479 946 ἐξ
2504 883 2620 945 ἐνὸς
2651 882 2743 936 τὸν
2771 884 2865 936 ἐπὶ
2891 884 3111 937 πάντων
3138 883 3246 937 τῶν
3271 883 3439 937 ὄντων
3464 890 3736 957 κατανοή-

2146 988 2328 1042 σωμεν
2356 973 2456 1044 τῆς
2484 974 2757 1044 κινήσεως
2782 975 3006 1045 τρόπον,
3035 977 3068 1046 ἡ
3098 974 3266 1046 ψυχὴ,
3299 976 3458 1029 οὐσία
3489 980 3657 1046 νοερά
3676 994 3735 1030 τε

2144 1066 2239 1120 καὶ
2267 1064 2460 1137 λογικὴ
2491 1066 2850 1137 ὑπάρχουσα,
2901 1066 2997 1121 καὶ
3038 1069 3151 1121 νοεῖ
3180 1069 3274 1121 καὶ
3295 1068 3600 1137 λογίζεται,
3640 1072 3732 1124 δύ-

2143 1173 2310 1227 ναμιν
2341 1157 2540 1227 ἔχουσα
2567 1158 2659 1212 τὸν
2688 1157 2835 1225 νοῦν,
2872 1159 3092 1229 κίνησιν
3120 1160 3178 1214 δὲ
3206 1160 3305 1230 τὴν
3333 1163 3545 1233 νόησιν.
3579 1164 3734 1234 ἐνέρο

2142 1264 2298 1316 γειαν
2338 1249 2396 1302 δὲ
2447 1249 2509 1303 τὸ
2554 1251 2754 1323 νόημα.
2816 1252 2997 1323 Πέρας
3042 1254 3151 1324 γάρ
3199 1252 3359 1307 τοῦτο
3405 1255 3598 1323 τῆς.τε
3639 1257 3732 1309 τοῦ

2144 1339 2394 1406 νοοῦντος
2426 1343 2521 1396 καὶ
2546 1342 2641 1396 τοῦ
2668 1346 2964 1418 νοουμένου
2998 1344 3240 1416 νοήσεῶς
3265 1348 3434 1411 ἐστιν,
3467 1348 3546 1411 ὡς
3576 1366 3732 1418 περι-

2141 1433 2420 1503 οριστικὸν
2452 1437 2552 1506 τῆς
2586 1435 2723 1505 πρὸς
2751 1435 2957 1505 ἄλληλα
2985 1436 3096 1490 τῶν
3122 1437 3308 1508 ἄκρων
3335 1438 3585 1508 ὑπάρχον
3614 1440 3733 1508 σχέ-

2144 1538 2303 1586 σεως.
2360 1524 2580 1578 Νοοῦσα
2609 1526 2719 1597 γὰρ
2751 1527 2784 1597 ἡ
2816 1527 2963 1598 ψυχὴ
2996 1527 3213 1581 ἵσταται
3256 1527 3352 1582 τοῦ
3380 1533 3522 1582 νοεῖν
3552 1532 3733 1583 ἐκεῖνο

2140 1615 2202 1668 τὸ
2247 1616 2438 1687 νοηθὲν
2493 1618 2632 1687 μετὰ
2676 1619 2774 1690 τὴν
2810 1619 2977 1674 αὐτοῦ
3020 1620 3225 1692 νόησιν.
3286 1622 3361 1675 Τὸ
3393 1623 3504 1693 γὰρ
3537 1622 3730 1691 νοηθὲν

2141 1708 2353 1779 κυρίως
2385 1708 2532 1775 ἅπαξ
2553 1752 2567 1775 ,
2626 1712 2728 1766 οὐκ
2756 1712 2837 1765 ἔτι
2884 1712 2986 1784 τὴν
3020 1712 3156 1785 πρὸς
3182 1714 3245 1767 τὸ
3271 1714 3532 1785 νοηθῆναι
3566 1716 3728 1768 milia

454 1776 770 1855 facultatem
802 1776 1085 1870 provocat,
1114 1812 1171 1857 et
1202 1776 1302 1873 per
1329 1776 1572 1872 singulas
1602 1776 1853 1875 quasque
1885 1807 2027 1876 cogi-

2138 1776 2453 1856 ὲκκαλεῖται
2486 1805 2586 1874 τῆς
2613 1803 2793 1875 ψυχῆς
2818 1776 3077 1875 δύναμιν,
3110 1776 3204 1861 καὶ
3238 1776 3615 1861 καθξέκαστον
3644 1808 3730 1861 νόο

453 1892 690 1947 taliones
723 1893 803 1947 sic
837 1903 1041 1949 statum
1077 1894 1225 1965 capit
1255 1896 1651 1966 qualiscunque
1685 1896 2035 1967 cogitationis

454 1982 510 2037 in
565 1984 860 2054 cogitando
910 2001 979 2040 eo
1030 1986 1180 2055 quod
1239 1987 1534 2057 cogitatur.
1579 1986 1812 2054 Quando
1865 1989 2035 2060 igitur

453 2077 636 2130 omnia
669 2077 905 2147 cogitata
940 2079 1186 2133 omnium
1221 2095 1343 2149 quae
1376 2080 1606 2151 cogitari
1640 2091 1872 2151 possunt
1903 2096 2031 2136 sen-

453 2165 697 2220 sibilium
749 2175 806 2220 et
853 2168 1237 2239 cogitabilium
1289 2171 1623 2241 cogitatione
1677 2172 2030 2238 transiverit,

451 2255 667 2311 desinet
715 2257 931 2324 anima,
984 2259 1063 2313 uti
1114 2260 1182 2315 ab
1230 2262 1490 2317 omnibus
1533 2278 1656 2333 quae
1697 2265 2029 2335 cogitantur,

451 2347 526 2401 ita
575 2348 741 2401 etiam
791 2365 820 2401 a
874 2360 986 2405 tota
1041 2353 1375 2422 cogitatione
1426 2365 1594 2424 atque
1645 2355 1910 2410 relatione
1962 2355 2030 2410 ad

449 2440 635 2494 omnia
683 2447 791 2495 tam
839 2442 1068 2498 relativa
1116 2460 1281 2514 quam
1325 2447 1673 2517 cogitabilia,
1714 2463 1819 2504 nec
1862 2449 2032 2505 habet

450 2531 725 2601 reliquum
770 2536 997 2589 omnino
1037 2537 1171 2606 quid
1212 2538 1447 2609 cogitet,
1477 2548 1602 2609 post
1640 2541 2030 2611 cogitationem

446 2635 639 2683 eorum
669 2640 791 2694 quze
818 2628 1145 2684 naturaliter
1172 2630 1403 2701 cogitari
1436 2640 1687 2702 possunt,
1715 2642 1841 2703 post
1865 2650 2029 2705 quam

447 2728 613 2783 supra
656 2726 897 2772 mentem
942 2727 1000 2774 et
1039 2720 1310 2777 rationem
1359 2732 1417 2779 et
1453 2725 1823 2796 cognitionem
1864 2727 2030 2782 modo

446 2819 551 2860 nec
599 2806 935 2878 intelligibili
976 2825 1081 2865 nec
1116 2814 1466 2883 perceptihili
1510 2831 1615 2871 nec
1651 2817 1861 2872 eﬂ'abili
1902 2833 2028 2873 cum

446 2895 562 2951 Deo
608 2899 864 2965 unietur,
910 2916 1023 2955 non
1079 2905 1328 2974 cogitans
1376 2906 1635 2972 omnino,
1686 2908 1797 2963 imo
1848 2924 2027 2979 neque

447 2990 808 3046 considerans
832 2992 1006 3048 Deum
1038 3002 1133 3048 aut
1154 2997 1459 3053 aestimans.
1484 2998 1636 3053 Nihil
1662 2999 1809 3054 enim
1847 3008 2027 3056 exstat

444 3096 638 3137 eorum
663 3099 785 3152 quae
812 3085 1147 3154 cogitantur,
1166 3103 1277 3157 quo
1288 3103 1405 3157 χροι-
1433 3090 1755 3145 relationem
1779 3091 2019 3162 aliquam

445 3175 627 3228 anima
682 3176 1073 3245 cogitationem
1109 3193 1262 3231 suam
1288 3179 1528 3251 dirigere
1552 3184 1750 3251 possit,
1790 3182 1887 3237 sed
1926 3198 2026 3253 per

444 3263 752 3332 simplicem
790 3265 1017 3336 (quippe
1049 3266 1242 3321 habitu
1286 3283 1352 3323 ac
1401 3270 1667 3327 relatione
1714 3272 2023 3344 vacantem)

445 3355 779 3421 unitionem,
807 3371 931 3426 quae
978 3357 1212 3428 cogitari
1240 3374 1351 3413 non
1383 3361 1559 3430 capit,
1576 3370 1635 3417 et
1684 3362 2023 3419 ineﬂ'abilem

443 3445 739 3514 quamdam
784 3454 854 3501 et-
892 3447 1039 3502 haud
1093 3450 1472 3522 vestigabilem
1519 3453 1810 3519 rationem,
1858 3471 2024 3525 quam

442 3540 595 3594 solus
622 3540 778 3595 novit
804 3542 948 3597 Deus
976 3542 1072 3612 qui
1125 3544 1552 3601 inenarrabilem
1611 3548 1755 3604 hanc
1791 3550 2022 3620 gratiam

441 3633 622 3703 dignis
673 3634 925 3705 largitur,
953 3643 1010 3690 et
1066 3636 1162 3706 qui
1215 3652 1335 3691 eam
1387 3638 1686 3709 aliquando
1736 3642 2017 3712 accepturi

442 3733 591 3787 sunt,
639 3726 861 3795 quando
913 3728 1275 3784 conversione
1332 3738 1389 3784 et
1447 3731 1832 3788 immutatione
1870 3736 2021 3790 omni
2052 3758 2075 3769 ι

440 3818 627 3873 omnia
666 3819 957 3887 vacabunt,
993 3831 1286 3891 postquam
1346 3837 1536 3879 rerum
1587 3841 1709 3896 quae
1750 3827 2023 3883 exsistunt

443 3912 705 3983 quaelibet
734 3914 883 3969 circa
912 3914 1215 3985 quidquam
1247 3916 1419 3971 motio
1450 3933 1678 3987 prorsus
1722 3921 2021 3976 terminum

443 4007 719 4061 invenerit
784 4006 1113 4063 infinitatem
1167 4009 1342 4064 Deum
1394 4010 1772 4077 comitantem,
1822 4013 1879 4067 in
1911 4029 2020 4083 qua

441 4112 787 4168 qumcunque
816 4105 1097 4152 motantur
1121 4106 1325 4154 statum
1343 4110 1591 4156 sumunt.
1611 4102 1741 4158 lure
1769 4103 2017 4173 quidem,

442 4190 709 4253 arbitror,
746 4190 1125 4260 gravissimam
1149 4202 1395 4249 meretur
1413 4194 1901 4264 reprehensionem
1922 4195 2018 4265 qui

441 4282 933 4352 praeexsistentiam
956 4285 1263 4340 animarum
1288 4287 1500 4350 statuit,
1534 4287 1793 4357 gentilem
1824 4287 1880 4341 in
1903 4303 2021 4345 mo-

442 4374 572 4429 dum
598 4375 964 4431 commiscens
991 4393 1114 4447 quae
1139 4394 1171 4433 a
1212 4379 1599 4435 commistione
1628 4381 1935 4435 abhorrent
1961 4387 2020 4434 et

2136 1912 2255 1967 ημα
2297 1895 2442 1950 οὕτω
2473 1899 2663 1950 στάσιν
2692 1897 2911 1967 δέχεται
2944 1899 3044 1969 τῆς
3073 1904 3238 1964 ποιᾶς
3269 1901 3362 1953 ἐπὶ
3390 1900 3471 1969 τῷ
3494 1905 3727 1971 νοήματι

2136 1986 2236 2041 τοῦ
2286 1987 2571 2057 νοηθέντος
2618 1988 2879 2059 νοήσεως.
2916 1988 3112 2043 Ἦνίκα
3145 1986 3241 2043 οὗν
3289 1989 3471 2043 πάντα
3500 1991 3572 2044 τὰ
3599 1992 3725 2061 νοή-

2138 2096 2287 2150 ματα
2340 2079 2448 2131 τῶν
2490 2080 2798 2150 νοουμένων
2838 2080 3059 2133 πάντων
3097 2078 3374 2149 αἰσθητῶν
3401 2098 3462 2134 τε
3514 2083 3607 2134 καὶ
3637 2099 3725 2134 νο-

2132 2171 2281 2239 ητῶν
2312 2168 2458 2223 κατὰ
2482 2168 2581 2240 τὴν
2608 2170 2797 2241 νόησιν·
2822 2171 3088 2244 παρέλθῃ.
3114 2171 3369 2236 παύεται,
3396 2171 3590 2242 ῶσπερ
3614 2175 3723 2226 τῶν

2133 2261 2442 2331 νοουμένων
2473 2263 2731 2316 ἁπάντων
2753 2302 2769 2327 ,
2808 2262 2953 2316 οὓτω
2985 2263 3080 2317 καὶ
3109 2263 3209 2334 τῆς
3239 2264 3368 2335 ὅλης
3394 2265 3639 2336 νοήσεὼς
3666 2282 3723 2318 τε

2131 2352 2228 2405 καὶ
2283 2352 2522 2421 σχέσεως
2593 2352 2733 2422 πρὸς
2785 2353 2854 2406 τὰ
2912 2353 3080 2422 σχετὰ
3130 2354 3311 2407 πάντα
3370 2357 3464 2407 καὶ
3516 2356 3719 2424 νοητὰ,

2132 2442 2230 2497 οὐκ
2261 2443 2460 2515 ἔχουσα
2492 2445 2682 2497 λοιπὸν
2705 2444 2759 2497 τί
2783 2444 2977 2514 νοῆσαι
3010 2443 3072 2497 τὸ
3103 2445 3399 2515 παράπαν,
3453 2447 3592 2517 μετὰ
3625 2448 3720 2519 τὴν

2129 2538 2237 2589 τῶν
2287 2537 2548 2613 νοηθῆναι
2593 2536 2841 2608 φυσικῶς
2883 2537 3201 2608 δυναμένων
3232 2541 3452 2611 νόησιν,
3511 2541 3632 2610 μεθ’
3656 2544 3720 2612 ἣν

2131 2628 2272 2699 ὑπὲρ
2310 2628 2435 2683 νοῦν
2486 2630 2580 2684 καὶ
2629 2629 2788 2698 λόγον
2836 2631 2933 2683 καὶ
2975 2630 3180 2698 γνῶσιν
3209 2633 3489 2701 ἀνοήτως,
3533 2633 3720 2701 ἀγνῴο

2131 2736 2272 2782 στως
2302 2736 2360 2773 τε
2393 2720 2487 2774 καὶ
2520 2721 2709 2793 (186
2729 2720 2782 2792 ὁ)
2826 2723 3123 2793 ἀφράστως
3158 2723 3300 2777 κατὰ
3341 2724 3520 2795 ἁπλῆν
3551 2743 3721 2799 προσο

2129 2811 2294 2883 ϐολήν
2325 2812 2657 2885 ἐνωθήσεται
2698 2815 2777 2885 τῷ
2806 2814 2927 2884 Θεῷ
2951 2854 2967 2879 ,
3027 2815 3089 2868 οὐ
3117 2815 3318 2868 νοοῦσα
3345 2820 3716 2882 παντάπασιν,

2127 2902 2251 2956 οὔτε
2287 2902 2393 2974 μὴν
2438 2904 2532 2957 τὸν
2573 2905 2707 2958 Θεὸν
2749 2905 3095 2976 λογιζομένη.
3133 2907 3208 2959 Οὐ
3240 2908 3351 2976 γάρ
3384 2908 3499 2962 ἐστί
3526 2926 3576 2962 τι
3607 2911 3717 2963 τῶν

2126 2996 2438 3066 νοουμένων
2455 3038 2471 3062 ,
2525 2997 2614 3050 ἵνα
2642 2999 2785 3052 κατά
2812 3015 2938 3052 τινα
2968 2998 3155 3069 σχέσιν
3190 3001 3223 3069 ἡ
3246 2999 3395 3071 ψυχὴ
3423 3000 3523 3073 τὴν
3549 3002 3718 3057 αὐτοῦ

2127 3087 2355 3159 δύνηται
2372 3089 2557 3153 νόησιν
2576 3089 2744 3161 ἔχειν,
2769 3089 2910 3143 ἀλλὰ
2931 3090 3075 3145 κατὰ
3101 3090 3201 3161 τὴν
3233 3091 3430 3162 ἁπλῆν,
3447 3093 3523 3157 ὡς
3550 3092 3721 3163 ἄσχε-

2133 3198 2254 3245 τον,
2301 3182 2394 3236 καὶ
2424 3183 2567 3253 ὑπὲρ
2596 3184 2783 3255 νόησιν
2812 3182 3008 3236 ἕνωσιν
3032 3222 3048 3246 ,
3097 3183 3191 3236 καί
3242 3199 3365 3236 τινα
3408 3183 3565 3252 λόγον
3621 3187 3722 3257 ἄῤ-

2134 3274 2299 3345 ρητόν
2340 3291 2402 3329 τε
2456 3276 2551 3329 καὶ
2594 3276 3001 3347 ἀνερμήνευτον
3026 3314 3043 3339 ,
3101 3274 3160 3328 δν
3201 3275 3365 3348 μόνος
3391 3271 3532 3329 οἶδεν
3561 3279 3593 3330 ὁ
3621 3277 3722 3348 τὴν

2132 3363 2340 3433 ἄφατον
2380 3364 2587 3437 ταύτην
2626 3367 2788 3437 χάριν
2833 3368 2950 3428 τοῖς
2981 3364 3153 3430 ἀξίοις
3190 3364 3532 3437 δωρούμενος
3559 3366 3720 3432 Θεὸς.⁵

2131 3457 2227 3512 καὶ
2273 3458 2323 3511 οἱ
2375 3457 2579 3528 ταύτην
2612 3456 2840 3528 ὕστερον
2871 3456 3162 3510 πείσεσθαι
3193 3456 3483 3526 μέλλοντες
3504 3499 3519 3519 ,
3551 3459 3727 3528 ἡνίκα

2132 3547 2312 3603 πάντα
2351 3549 2561 3619 τροπῆς
2592 3547 2856 3617 ἐλεύθερα
2908 3548 3005 3601 καὶ
3047 3546 3387 3610 ἀλλοιώσεως
3419 3547 3575 3600 ἔσται
3609 3549 3725 3601 πά-

2133 3656 2233 3711 σης
2257 3681 2272 3703 ,
2327 3640 2427 3711 τῆς
2477 3639 2598 3693 καθ’
2621 3640 2801 3694 ὁτιοῦν
2855 3640 2983 3709 περί
3018 3657 3070 3692 τι
3115 3640 3384 3709 κινήσεως
3413 3638 3521 3691 τῶν
3545 3638 3723 3692 ὄντων

2132 3732 2413 3796 παντελῶς
2451 3734 2625 3803 πέρας
2657 3731 2931 3802 λαϐούσης
2976 3731 3075 3801 τὴν
3108 3731 3236 3800 περὶ
3263 3730 3398 3784 Θεὸν
3428 3732 3719 3802 ἀπειρίαν,

2130 3829 2188 3880 ὲν
2283 3824 2352 3880 τά
2382 3825 2676 3896 κινούμενα
2708 3825 2884 3878 πάντα
2913 3824 3129 3894 δέχεται
3159 3823 3372 3878 στάσιν.
3413 3824 3550 3895 Περὶ
3581 3824 3722 3878 Θεὸν

2129 3918 2277 3989 γὰρ,
2346 3917 2543 3971 ἀλλὀὐ
2590 3915 2766 3979 Θεὸς,
2827 3917 2860 3986 ή
2908 3914 3159 3985 ἀπειρία,
3204 3915 3356 3977 ὅστις
3385 3914 3482 3968 καὶ
3507 3916 3721 3983 ταύτης
3768 3969 3783 3981 ,

2130 4007 2480 4078 ἀσυγκρίτως
2513 4006 2855 4076 ὑπέρκειται.
2907 4006 3146 4068 Δικαίως
3173 4005 3325 4073 γοῦν,
3355 4003 3532 4078 οἶμαι,
3568 4009 3720 4078 μέμ-

2128 4099 2274 4165 ψεως
2318 4097 2467 4164 ἄξιος
2519 4096 2779 4167 πλείστης
2815 4097 2844 4149 ὁ
2882 4096 2980 4167 τὴν
3011 4096 3356 4168 προϋπαρξιν
3385 4098 3494 4151 τῶν
3519 4099 3717 4170 ψυχῶν

2129 4187 2476 4259 δογματίζων
2523 4188 2680 4249 ἐστὶ,
2742 4187 2837 4240 καὶ
2886 4188 2984 4257 τὴν
3030 4188 3289 4257 ἀκίνητον
3320 4188 3557 4242 καθόλου
3603 4192 3719 4244 τῶν

2131 4282 2363 4350 λογικῶν
2398 4280 2561 4335 ὲνάδα
2592 4279 2865 4342 θεσπίζων
2886 4319 2900 4340 ,
2950 4282 3139 4350 φύρων
3175 4280 3502 4351 Ἑλληνικῶς
3531 4283 3604 4336 τὰ
3637 4285 3721 4356 μὴ

2130 4375 2411 4445 φυρόμενα
2438 4414 2453 4438 ,
2516 4372 2611 4425 καὶ
2643 4371 2818 4437 λέγων
2852 4372 2970 4441 ἅμα
3004 4372 3147 4424 κατὰ
3176 4372 3275 4441 τὴν
3303 4372 3411 4425 ῦπσ
3425 4372 3540 4441 ρξιν
3571 4370 3720 4428 εἶναι

440 4466 746 4522 secundum
773 4467 1138 4523 substantiam
1195 4479 1613 4541 contemporare
1643 4475 1769 4527 cum
1792 4487 2018 4543 genera-

2132 4468 2192 4536 τῇ
2225 4463 2437 4533 γενέσει
2465 4461 2575 4514 τῶν
2600 4460 2834 4529 λογικῶν
2861 4460 2962 4530 τὴν
2992 4461 3202 4515 στάσιν.
3234 4462 3309 4514 Οὐ
3334 4462 3444 4533 γὰρ
3475 4464 3719 4533 συμϐαί..

442 4558 591 4613 tione
622 4558 972 4613 rationalium
1012 4568 1213 4627 statum
1242 4577 1514 4618 asserens.
1538 4563 1727 4633 Neque
1754 4564 1903 4618 enim
1930 4579 2023 4634 ge-

439 4652 781 4707 nerationem
801 4664 928 4708 ante
957 4660 1182 4718 statum,
1213 4670 1337 4724 quae
1369 4655 1668 4711 immobilis
1697 4663 1895 4710 natura
1925 4657 2018 4721 sit,

438 4750 535 4795 aut
586 4749 791 4797 statum
846 4752 973 4813 post
1028 4744 1368 4798 immobilem
1433 4745 1870 4816 generationem,
1925 4754 2020 4800 aut

439 4833 681 4903 denique
710 4850 817 4889 una
841 4850 964 4889 cum
1000 4836 1357 4906 generatione
1389 4845 1591 4891 statum
1646 4838 1891 4907 cogitare
1930 4853 2018 4892 ra-

434 4926 611 4981 tionis
639 4926 862 4981 veritati
894 4928 1178 4997 competit.
1225 4927 1347 4982 Non
1375 4929 1524 4982 enim
1566 4927 1796 4984 facultas
1847 4944 2018 5001 gene-

441 5018 673 5073 rationis
725 5028 811 5073 est
847 5026 1043 5083 status,
1089 5018 1227 5073 adeo
1270 5029 1331 5073 ut
1360 5035 1487 5075 cum
1522 5020 1878 5091 generatione
1919 5036 2016 5076 eo-

441 5124 563 5164 rum
594 5125 717 5180 qua:
757 5109 897 5165 facta
926 5120 1058 5165 sunt
1087 5127 1194 5165 una
1228 5112 1527 5181 cogitetur,
1553 5110 1649 5167 sed
1688 5112 2016 5169 facultativw

439 5217 780 5273 corumquze
815 5203 956 5259 facta
1002 5211 1131 5258 sunt
1161 5206 1540 5275 generationis
1593 5204 1832 5261 actionis
1891 5206 2016 5261 finis

439 5301 657 5358 exstat;
698 5309 763 5348 ac
793 5295 1142 5364 simpliciter,
1172 5305 1234 5350 ut
1282 5296 1475 5365 paucis
1503 5296 1806 5360 absolvam,
1847 5298 1893 5353 si
1922 5313 2020 5353 co—

441 5402 562 5439 rum
584 5394 669 5441 cst
690 5394 868 5441 status
895 5404 1017 5456 quae
1046 5388 1114 5442 ad
1145 5388 1279 5458 quid
1308 5397 1458 5451 sunt,
1512 5404 1622 5442 non
1672 5389 1739 5444 ad
1781 5405 2017 5460 genera—

441 5477 670 5544 tionem,
703 5477 799 5532 sed
834 5478 903 5531 ad
961 5479 1259 5533 motionem
1318 5493 1441 5534 esse
1475 5478 1701 5540 dicitur,
1730 5480 1798 5534 ad
1854 5496 2017 5550 quam

441 5571 611 5624 etiam
675 5569 1048 5626 differentiam
1092 5571 1258 5641 capit,
1299 5571 1429 5625 dum
1488 5571 1557 5626 ad
1603 5576 2017 5642 generationem

443 5661 667 5730 quidem
714 5662 941 5716 minime
999 5662 1258 5726 refertur,
1291 5663 1358 5717 ad
1399 5679 1565 5732 quam
1601 5663 1829 5720 differre
1868 5665 2016 5719 haud

445 5755 609 5823 capit.
644 5755 830 5808 Donec
860 5754 1026 5824 igitur
1050 5763 1252 5809 statum
1303 5755 1489 5821 audio,
1529 5756 1704 5811 solum
1748 5759 2015 5813 cessatio-

2124 4576 2206 4613 νει
2239 4558 2316 4622 τῷ
2349 4555 2539 4628 ἀληθεῖ
2567 4555 2712 4625 λόγῳ
2756 4553 2854 4623 τὴν
2884 4553 3101 4621 γένεσιν
3131 4555 3579 4625 προεπινοεῶθαι
3615 4558 3719 4625 τῆς

2124 4652 2409 4714 στάσεως,
2467 4647 2725 4716 ἀκίνητον
2772 4645 2935 4715 φύσει
2988 4645 3109 4698 κατ’
3140 4646 3304 4699 αὐτὸν
3330 4646 3718 4718 ὑπάρχουσαν,

2122 4740 2246 4795 οὔτε
2283 4736 2726 4809 μετεπινοείσθαι
2760 4736 2949 4789 στάσιν
2976 4736 3239 4805 ἀκινήτου
3269 4738 3557 4804 γενέσεως,
3585 4736 3719 4790 οὔτε

2126 4834 2232 4905 μὴν
2259 4828 2690 4885 συνεπινοεῖσθαι
2716 4830 2781 4898 τῇ
2804 4827 3017 4895 γενέσει
3037 4827 3137 4899 τὴν
3161 4827 3375 4881 στάσιν.
3400 4828 3475 4881 Οὐ
3494 4828 3606 4898 γάρ
3620 4829 3719 4881 δύο

2122 4940 2286 4992 ναμις
2321 4922 2418 4991 τῆς
2448 4918 2719 4987 γενέσεως
2755 4920 2788 4988 ὴ
2827 4916 3020 4981 στάσις
3049 4917 3233 4981 ἐστὶν,
3283 4917 3373 4971 ἵνα
3420 4935 3718 4973 συνεπινο-

2120 5018 2227 5088 ηθῇ
2259 5018 2324 5085 τῇ
2352 5013 2564 5083 γενέσει
2594 5011 2704 5066 τῶν
2729 5011 3139 5081 γεγενημένων,
3171 5010 3307 5064 ἀλλὰ
3454 5013 3600 5066 κατὰ
3617 5012 3721 5066 δύ-

2121 5126 2285 5178 ναμιν
2337 5104 2621 5175 ἐνεργείας
2681 5103 2780 5172 τῆς
2836 5105 2947 5154 τῶν
3002 5100 3391 5172 γεγενημένων
3437 5106 3722 5172 γενέσεως

2121 5201 2274 5264 τέλος
2305 5199 2543 5269 ὑπάρχει
2569 5237 2584 5258 ,
2644 5197 2741 5250 καὶ
2771 5193 2979 5259 ἁπλῶς,
3019 5194 3106 5248 ἵνα
3137 5194 3372 5248 συνελὼν
3404 5196 3567 5259 εἴπω,
3601 5196 3721 5250 τῶν

2125 5296 2259 5364 πρός
2289 5310 2341 5345 τι
2369 5291 2505 5345 οὖσα
2536 5291 2570 5360 ἡ
2604 5290 2812 5353 στάσις,
2848 5288 2909 5341 οὐ
2946 5287 3082 5357 πρὸς
3109 5287 3325 5356 γένεσιν
3344 5327 3360 5353 ,
3405 5287 3546 5341 ἀλλὰ
3574 5290 3722 5358 πρὶς

2122 5388 2337 5456 κίνησιν
2370 5382 2591 5451 λέγεται
2617 5421 2631 5445 ,
2691 5380 2825 5451 πρὸς
2855 5380 2920 5451 ἣν
2966 5380 3062 5432 καὶ
3091 5380 3498 5453 ἀντιδιαστολὴν
3527 5382 3723 5436 ἐπιδὲ-

2121 5494 2276 5549 χεται
2301 5516 2316 5540 ,
2351 5472 2606 5543 οὐδαμῶς
2636 5472 2733 5543 τὴν
2761 5471 2898 5540 πρὸς
2931 5469 3145 5536 γένεσιν
3172 5471 3455 5541 ἀναφορὰν
3482 5470 3721 5540 ἔχουσα.

2123 5573 2261 5642 προς
2311 5571 2376 5640 ἣν
2424 5566 2711 5635 διαστολὴν
2759 5565 2860 5617 οὐκ
2910 5563 3238 5632 ἐπιδέχεται.
3279 5564 3425 5627 Ἕως
3455 5564 3589 5618 δ’ἇν
3616 5561 3724 5619 οὖν

2123 5666 2310 5719 στάσιν
2360 5661 2565 5718 ἀκούω.
2853 5658 2909 5726 a)
2964 5656 3177 5710 παῦλαν
3226 5655 3388 5725 μόνον
3447 5656 3722 5726 μανθάνω

2123 5759 2407 5828 κινήσεως.
2447 5753 2507 5804 ΕΞ
2536 5752 2589 5805 δὲ
2620 5751 2728 5803 τῶν
2757 5750 2870 5823 ἃμα
2901 5749 3043 5804 κατὰ
3070 5749 3171 5819 τὴν
3201 5747 3432 5819 ὓπαρξιν
3458 5749 3562 5802 οὐκ
3588 5749 3724 5803 ἐστι
