  <div class='ocr_page' id='page_1' title='image "/cluster/home/n/w/nwhite01/storage/ocr_20150623/91/hvd.32044052742962/614.png"; bbox 0 0 3984 6198; ppageno 0'>
   <div class='ocr_carea' id='block_1_1' title="bbox 237 256 361 321">
    <p class='ocr_par' dir='ltr' id='par_1_1' title="bbox 237 256 361 321">
     <span class='ocr_line' id='line_1_1' title="bbox 237 256 361 321; baseline 0 -1"><span class='ocrx_word' id='word_1_1' title='bbox 237 256 361 321; x_wconf 60' lang='lat'>23°21</span> 
     </span>
    </p>
   </div>
   <div class='ocr_carea' id='block_1_2' title="bbox 1475 240 2379 324">
    <p class='ocr_par' dir='ltr' id='par_1_2' title="bbox 1475 240 2379 324">
     <span class='ocr_line' id='line_1_2' title="bbox 1475 240 2379 324; baseline -0.004 -20"><span class='ocrx_word' id='word_1_2' title='bbox 1475 241 1993 305; x_wconf 82' lang='lat' dir='ltr'><strong>AMBIGUORUM</strong></span> <span class='ocrx_word' id='word_1_3' title='bbox 2032 240 2281 302; x_wconf 70' lang='lat' dir='ltr'><strong>uena.</strong></span> <span class='ocrx_word' id='word_1_4' title='bbox 2344 291 2379 324; x_wconf 52' lang='grc' dir='ltr'>,ι</span> 
     </span>
    </p>
   </div>
   <div class='ocr_carea' id='block_1_3' title="bbox 3355 243 3492 306">
    <p class='ocr_par' dir='ltr' id='par_1_3' title="bbox 3355 243 3492 306">
     <span class='ocr_line' id='line_1_3' title="bbox 3355 243 3492 306; baseline 0.015 -2"><span class='ocrx_word' id='word_1_5' title='bbox 3355 243 3492 306; x_wconf 64' lang='grc' dir='ltr'><strong>Ῑῖῗζὲ</strong></span> 
     </span>
    </p>
   </div>
   <div class='ocr_carea' id='block_1_4' title="bbox 228 346 1821 445">
    <p class='ocr_par' dir='ltr' id='par_1_4' title="bbox 228 352 1810 445">
     <span class='ocr_line' id='line_1_4' title="bbox 228 352 1810 445; baseline -0.02 -18"><span class='ocrx_word' id='word_1_6' title='bbox 228 375 439 445; x_wconf 74' lang='grc' dir='ltr'>γένεσις</span> <span class='ocrx_word' id='word_1_7' title='bbox 490 366 581 419; x_wconf 70' lang='grc' dir='ltr'><strong>καὶ</strong></span> <span class='ocrx_word' id='word_1_8' title='bbox 632 363 844 424; x_wconf 76' lang='grc' dir='ltr'>στάσις,</span> <span class='ocrx_word' id='word_1_9' title='bbox 893 359 1000 431; x_wconf 73' lang='grc' dir='ltr'>ἄρα</span> <span class='ocrx_word' id='word_1_10' title='bbox 1033 354 1462 428; x_wconf 74' lang='grc' dir='ltr'>παραχαράττει,</span> <span class='ocrx_word' id='word_1_11' title='bbox 1497 353 1682 433; x_wconf 61' lang='grc' dir='ltr'>σαφῶς</span> <span class='ocrx_word' id='word_1_12' title='bbox 1717 352 1810 406; x_wconf 68' lang='grc' dir='ltr'><strong>τὸν</strong></span> 
     </span>
    </p>
   </div>
   <div class='ocr_carea' id='block_1_5' title="bbox 1930 346 3495 445">
    <p class='ocr_par' dir='ltr' id='par_1_5' title="bbox 1930 346 3495 419">
     <span class='ocr_line' id='line_1_5' title="bbox 1930 346 3495 419; baseline 0.002 -13"><span class='ocrx_word' id='word_1_13' title='bbox 1930 368 2038 407; x_wconf 72' lang='lat' dir='ltr'><strong>rem</strong></span> <span class='ocrx_word' id='word_1_14' title='bbox 2068 350 2328 407; x_wconf 77' lang='lat' dir='ltr'><strong>motionis</strong></span> <span class='ocrx_word' id='word_1_15' title='bbox 2359 349 2625 419; x_wconf 75' lang='lat' dir='ltr'><strong>intelligo.</strong></span> <span class='ocrx_word' id='word_1_16' title='bbox 2647 346 2705 402; x_wconf 89' lang='lat' dir='ltr'><strong>Si</strong></span> <span class='ocrx_word' id='word_1_17' title='bbox 2729 361 2860 402; x_wconf 85' lang='lat' dir='ltr'><strong>vero</strong></span> <span class='ocrx_word' id='word_1_18' title='bbox 2893 349 3197 413; x_wconf 74' lang='lat' dir='ltr'><strong>secundum</strong></span> <span class='ocrx_word' id='word_1_19' title='bbox 3223 352 3495 409; x_wconf 81' lang='lat' dir='ltr'><strong>exsisten-</strong></span> 
     </span>
    </p>
   </div>
   <div class='ocr_carea' id='block_1_6' title="bbox 230 445 1808 534">
    <p class='ocr_par' dir='ltr' id='par_1_6' title="bbox 230 445 1808 534">
     <span class='ocr_line' id='line_1_6' title="bbox 230 445 1808 534; baseline -0.008 -24"><span class='ocrx_word' id='word_1_20' title='bbox 230 466 327 534; x_wconf 78' lang='grc' dir='ltr'><strong>τῆς</strong></span> <span class='ocrx_word' id='word_1_21' title='bbox 357 458 616 532; x_wconf 69' lang='grc' dir='ltr'>ἀληθείας</span> <span class='ocrx_word' id='word_1_22' title='bbox 646 456 804 524; x_wconf 75' lang='grc' dir='ltr'>λόγον</span> <span class='ocrx_word' id='word_1_23' title='bbox 837 453 864 504; x_wconf 76' lang='grc' dir='ltr'>ὁ</span> <span class='ocrx_word' id='word_1_24' title='bbox 892 451 1051 505; x_wconf 71' lang='grc' dir='ltr'>τοῦτο</span> <span class='ocrx_word' id='word_1_25' title='bbox 1081 448 1356 511; x_wconf 76' lang='grc' dir='ltr'><strong>θεσπίζων</strong></span> <span class='ocrx_word' id='word_1_26' title='bbox 1376 487 1389 510; x_wconf 96' lang='grc'><strong>,</strong></span> <span class='ocrx_word' id='word_1_27' title='bbox 1436 447 1532 499; x_wconf 72' lang='grc' dir='ltr'>καὶ</span> <span class='ocrx_word' id='word_1_28' title='bbox 1559 446 1660 515; x_wconf 80' lang='grc' dir='ltr'><strong>τὴν</strong></span> <span class='ocrx_word' id='word_1_29' title='bbox 1684 445 1808 499; x_wconf 80' lang='grc' dir='ltr'><strong>ἀκί-</strong></span> 
     </span>
    </p>
   </div>
   <div class='ocr_carea' id='block_1_7' title="bbox 233 536 1810 628">
    <p class='ocr_par' dir='ltr' id='par_1_7' title="bbox 233 536 1810 628">
     <span class='ocr_line' id='line_1_7' title="bbox 233 536 1810 628; baseline -0.013 -19"><span class='ocrx_word' id='word_1_30' title='bbox 233 572 390 628; x_wconf 87' lang='grc' dir='ltr'>νητον</span> <span class='ocrx_word' id='word_1_31' title='bbox 448 552 563 622; x_wconf 72' lang='grc' dir='ltr'>ἅμα</span> <span class='ocrx_word' id='word_1_32' title='bbox 610 551 674 620; x_wconf 78' lang='grc' dir='ltr'>τῇ</span> <span class='ocrx_word' id='word_1_33' title='bbox 724 549 938 616; x_wconf 78' lang='grc' dir='ltr'>γενέσει</span> <span class='ocrx_word' id='word_1_34' title='bbox 988 540 1449 613; x_wconf 59' lang='grc' dir='ltr'>πφῦπάρχουσαν</span> <span class='ocrx_word' id='word_1_35' title='bbox 1492 538 1654 591; x_wconf 77' lang='grc' dir='ltr'>ὲνάδα</span> <span class='ocrx_word' id='word_1_36' title='bbox 1700 536 1810 589; x_wconf 86' lang='grc' dir='ltr'><strong>τῶν</strong></span> 
     </span>
    </p>
   </div>
   <div class='ocr_carea' id='block_1_8' title="bbox 232 629 1810 717">
    <p class='ocr_par' dir='ltr' id='par_1_8' title="bbox 232 629 1810 717">
     <span class='ocr_line' id='line_1_8' title="bbox 232 629 1810 717; baseline -0.013 -15"><span class='ocrx_word' id='word_1_37' title='bbox 232 646 469 717; x_wconf 79' lang='grc' dir='ltr'>λογικῶν</span> <span class='ocrx_word' id='word_1_38' title='bbox 497 639 861 713; x_wconf 65' lang='grc' dir='ltr'>ὼγματέζων.</span> <span class='ocrx_word' id='word_1_39' title='bbox 921 635 982 689; x_wconf 86' lang='grc' dir='ltr'>Εἰ</span> <span class='ocrx_word' id='word_1_40' title='bbox 1008 635 1065 687; x_wconf 83' lang='grc' dir='ltr'>δέ</span> <span class='ocrx_word' id='word_1_41' title='bbox 1096 650 1179 696; x_wconf 85' lang='grc' dir='ltr'><strong>τις</strong></span> <span class='ocrx_word' id='word_1_42' title='bbox 1208 633 1386 717; x_wconf 73' lang='grc' dir='ltr'>λέγει,</span> <span class='ocrx_word' id='word_1_43' title='bbox 1424 631 1533 684; x_wconf 74' lang='grc' dir='ltr'>Καὶ</span> <span class='ocrx_word' id='word_1_44' title='bbox 1566 630 1684 693; x_wconf 85' lang='grc' dir='ltr'><strong>πῶς</strong></span> <span class='ocrx_word' id='word_1_45' title='bbox 1718 629 1810 682; x_wconf 72' lang='grc' dir='ltr'><strong>ἐπὶ</strong></span> 
     </span>
    </p>
   </div>
   <div class='ocr_carea' id='block_1_9' title="bbox 232 720 1813 804">
    <p class='ocr_par' dir='ltr' id='par_1_9' title="bbox 232 720 1813 804">
     <span class='ocr_line' id='line_1_9' title="bbox 232 720 1813 804; baseline -0.015 -11"><span class='ocrx_word' id='word_1_46' title='bbox 232 739 369 793; x_wconf 67' lang='grc' dir='ltr'>(ν)εοῦ</span> <span class='ocrx_word' id='word_1_47' title='bbox 418 737 636 804; x_wconf 81' lang='grc' dir='ltr'>λέγεται</span> <span class='ocrx_word' id='word_1_48' title='bbox 682 730 901 791; x_wconf 76' lang='grc' dir='ltr'>στάσις,</span> <span class='ocrx_word' id='word_1_49' title='bbox 961 728 1037 797; x_wconf 84' lang='grc' dir='ltr'><strong>μὴ</strong></span> <span class='ocrx_word' id='word_1_50' title='bbox 1077 725 1276 795; x_wconf 65' lang='grc' dir='ltr'>ἔχουσα</span> <span class='ocrx_word' id='word_1_51' title='bbox 1308 720 1813 793; x_wconf 78' lang='grc' dir='ltr'>προεπινοουμένην</span> 
     </span>
    </p>
   </div>
   <div class='ocr_carea' id='block_1_10' title="bbox 236 811 1813 902">
    <p class='ocr_par' dir='ltr' id='par_1_10' title="bbox 236 811 1813 902">
     <span class='ocr_line' id='line_1_10' title="bbox 236 811 1813 902; baseline -0.015 -16"><span class='ocrx_word' id='word_1_52' title='bbox 236 833 484 902; x_wconf 76' lang='grc' dir='ltr'>κίνησιν;</span> <span class='ocrx_word' id='word_1_53' title='bbox 545 825 688 897; x_wconf 75' lang='grc' dir='ltr'>φημὶ</span> <span class='ocrx_word' id='word_1_54' title='bbox 719 821 934 891; x_wconf 77' lang='grc' dir='ltr'>πρῶτον</span> <span class='ocrx_word' id='word_1_55' title='bbox 968 820 1087 889; x_wconf 68' lang='grc' dir='ltr'>μὲν,</span> <span class='ocrx_word' id='word_1_56' title='bbox 1122 816 1201 870; x_wconf 74' lang='grc' dir='ltr'><strong>Οὐ</strong></span> <span class='ocrx_word' id='word_1_57' title='bbox 1226 814 1422 869; x_wconf 70' lang='grc' dir='ltr'>ταύτὸν</span> <span class='ocrx_word' id='word_1_58' title='bbox 1449 812 1691 881; x_wconf 78' lang='grc' dir='ltr'><strong>Κτίστης</strong></span> <span class='ocrx_word' id='word_1_59' title='bbox 1718 811 1813 864; x_wconf 82' lang='grc' dir='ltr'>καὶ</span> 
     </span>
    </p>
   </div>
   <div class='ocr_carea' id='block_1_11' title="bbox 233 902 1813 984">
    <p class='ocr_par' dir='ltr' id='par_1_11' title="bbox 233 902 1813 984">
     <span class='ocr_line' id='line_1_11' title="bbox 233 902 1813 984; baseline -0.013 -9"><span class='ocrx_word' id='word_1_60' title='bbox 233 938 433 984; x_wconf 83' lang='grc' dir='ltr'>κτισις,</span> <span class='ocrx_word' id='word_1_61' title='bbox 468 917 533 970; x_wconf 73' lang='grc' dir='ltr'><strong>ἵν’</strong></span> <span class='ocrx_word' id='word_1_62' title='bbox 552 918 689 984; x_wconf 82' lang='grc' dir='ltr'>ὅπερ</span> <span class='ocrx_word' id='word_1_63' title='bbox 718 913 799 965; x_wconf 73' lang='grc' dir='ltr'><strong>ἑνὶ</strong></span> <span class='ocrx_word' id='word_1_64' title='bbox 830 909 1057 963; x_wconf 73' lang='grc' dir='ltr'>δυνατὸν</span> <span class='ocrx_word' id='word_1_65' title='bbox 1084 908 1391 977; x_wconf 69' lang='grc' dir='ltr'>προσεῖναι,</span> <span class='ocrx_word' id='word_1_66' title='bbox 1425 902 1545 958; x_wconf 82' lang='grc' dir='ltr'>κατ’</span> <span class='ocrx_word' id='word_1_67' title='bbox 1564 903 1813 971; x_wconf 84' lang='grc' dir='ltr'>ἀνάγκην</span> 
     </span>
    </p>
   </div>
   <div class='ocr_carea' id='block_1_12' title="bbox 232 993 1815 1082">
    <p class='ocr_par' dir='ltr' id='par_1_12' title="bbox 232 993 1815 1082">
     <span class='ocr_line' id='line_1_12' title="bbox 232 993 1815 1082; baseline -0.013 -17"><span class='ocrx_word' id='word_1_68' title='bbox 232 1012 312 1082; x_wconf 75' lang='grc' dir='ltr'>τῷ</span> <span class='ocrx_word' id='word_1_69' title='bbox 355 1010 532 1080; x_wconf 74' lang='grc' dir='ltr'>ἑτέρῳ</span> <span class='ocrx_word' id='word_1_70' title='bbox 576 1004 839 1065; x_wconf 78' lang='grc' dir='ltr'><strong>ὡσαύτως</strong></span> <span class='ocrx_word' id='word_1_71' title='bbox 886 998 1325 1070; x_wconf 78' lang='grc' dir='ltr'>ἐπιθεωρηθῆναι</span> <span class='ocrx_word' id='word_1_72' title='bbox 1373 996 1634 1065; x_wconf 77' lang='grc' dir='ltr'>δύνηται,</span> <span class='ocrx_word' id='word_1_73' title='bbox 1691 993 1815 1046; x_wconf 73' lang='grc' dir='ltr'>ἐπεὶ</span> 
     </span>
    </p>
   </div>
   <div class='ocr_carea' id='block_1_13' title="bbox 231 1085 1814 1171">
    <p class='ocr_par' dir='ltr' id='par_1_13' title="bbox 231 1085 1814 1171">
     <span class='ocr_line' id='line_1_13' title="bbox 231 1085 1814 1171; baseline -0.012 -14"><span class='ocrx_word' id='word_1_74' title='bbox 231 1105 443 1171; x_wconf 79' lang='grc' dir='ltr'>οὖτωγε</span> <span class='ocrx_word' id='word_1_75' title='bbox 496 1097 750 1168; x_wconf 78' lang='grc' dir='ltr'><strong>οὐδαμῶς</strong></span> <span class='ocrx_word' id='word_1_76' title='bbox 800 1095 862 1147; x_wconf 84' lang='grc' dir='ltr'>τδ</span> <span class='ocrx_word' id='word_1_77' title='bbox 913 1094 1057 1146; x_wconf 83' lang='grc' dir='ltr'>κατὰ</span> <span class='ocrx_word' id='word_1_78' title='bbox 1103 1091 1266 1161; x_wconf 81' lang='grc' dir='ltr'>φύσιν</span> <span class='ocrx_word' id='word_1_79' title='bbox 1308 1089 1565 1159; x_wconf 80' lang='grc' dir='ltr'>διάφορον</span> <span class='ocrx_word' id='word_1_80' title='bbox 1608 1085 1814 1140; x_wconf 75' lang='grc' dir='ltr'>τούτοιν</span> 
     </span>
    </p>
   </div>
   <div class='ocr_carea' id='block_1_14' title="bbox 235 1175 1813 1262">
    <p class='ocr_par' dir='ltr' id='par_1_14' title="bbox 235 1175 1813 1262">
     <span class='ocr_line' id='line_1_14' title="bbox 235 1175 1813 1262; baseline -0.012 -12"><span class='ocrx_word' id='word_1_81' title='bbox 235 1198 386 1250; x_wconf 74' lang='grc' dir='ltr'>ἔσται</span> <span class='ocrx_word' id='word_1_82' title='bbox 414 1190 722 1262; x_wconf 86' lang='grc' dir='ltr'>καταφανές</span> <span class='ocrx_word' id='word_1_83' title='bbox 742 1212 753 1218; x_wconf 91' lang='grc'><strong><em>-</em></strong></span> <span class='ocrx_word' id='word_1_84' title='bbox 792 1187 982 1241; x_wconf 75' lang='grc' dir='ltr'>ἔπειτα</span> <span class='ocrx_word' id='word_1_85' title='bbox 1010 1183 1217 1255; x_wconf 78' lang='grc' dir='ltr'>κυρίως</span> <span class='ocrx_word' id='word_1_86' title='bbox 1243 1183 1438 1241; x_wconf 74' lang='grc' dir='ltr'>εἰπεῖν,</span> <span class='ocrx_word' id='word_1_87' title='bbox 1470 1180 1498 1231; x_wconf 84' lang='grc' dir='ltr'>ὀ</span> <span class='ocrx_word' id='word_1_88' title='bbox 1523 1177 1657 1241; x_wconf 75' lang='grc' dir='ltr'>Θεὸς</span> <span class='ocrx_word' id='word_1_89' title='bbox 1690 1175 1813 1231; x_wconf 73' lang='grc' dir='ltr'>οὔτε</span> 
     </span>
    </p>
   </div>
   <div class='ocr_carea' id='block_1_15' title="bbox 232 1264 1815 1343">
    <p class='ocr_par' dir='ltr' id='par_1_15' title="bbox 232 1264 1815 1343">
     <span class='ocr_line' id='line_1_15' title="bbox 232 1264 1815 1343; baseline -0.012 -5"><span class='ocrx_word' id='word_1_90' title='bbox 232 1288 466 1338; x_wconf 84' lang='grc' dir='ltr'>κινεῖται</span> <span class='ocrx_word' id='word_1_91' title='bbox 495 1278 774 1341; x_wconf 78' lang='grc' dir='ltr'>παντελῶς</span> <span class='ocrx_word' id='word_1_92' title='bbox 806 1276 930 1330; x_wconf 71' lang='grc' dir='ltr'>οὕτε</span> <span class='ocrx_word' id='word_1_93' title='bbox 963 1277 1180 1328; x_wconf 78' lang='grc' dir='ltr'>ἵσταται</span> <span class='ocrx_word' id='word_1_94' title='bbox 1206 1271 1383 1343; x_wconf 79' lang='grc' dir='ltr'>(τοῦτο</span> <span class='ocrx_word' id='word_1_95' title='bbox 1406 1269 1517 1340; x_wconf 78' lang='grc' dir='ltr'><strong>γὰρ</strong></span> <span class='ocrx_word' id='word_1_96' title='bbox 1543 1269 1654 1321; x_wconf 81' lang='grc' dir='ltr'>τῶν</span> <span class='ocrx_word' id='word_1_97' title='bbox 1672 1264 1815 1320; x_wconf 77' lang='grc' dir='ltr'>κατὰ</span> 
     </span>
    </p>
   </div>
   <div class='ocr_carea' id='block_1_16' title="bbox 234 1357 1815 1447">
    <p class='ocr_par' dir='ltr' id='par_1_16' title="bbox 234 1357 1815 1447">
     <span class='ocr_line' id='line_1_16' title="bbox 234 1357 1815 1447; baseline -0.013 -16"><span class='ocrx_word' id='word_1_98' title='bbox 234 1381 399 1447; x_wconf 76' lang='grc' dir='ltr'>φύσιν</span> <span class='ocrx_word' id='word_1_99' title='bbox 448 1370 884 1443; x_wconf 72' lang='grc' dir='ltr'><strong>πεπερασμένων</strong></span> <span class='ocrx_word' id='word_1_100' title='bbox 941 1368 1035 1420; x_wconf 77' lang='grc' dir='ltr'><strong>καὶ</strong></span> <span class='ocrx_word' id='word_1_101' title='bbox 1080 1365 1255 1435; x_wconf 79' lang='grc' dir='ltr'>ἀρχὴν</span> <span class='ocrx_word' id='word_1_102' title='bbox 1287 1362 1381 1415; x_wconf 80' lang='grc' dir='ltr'><strong>τοῦ</strong></span> <span class='ocrx_word' id='word_1_103' title='bbox 1415 1357 1554 1415; x_wconf 78' lang='grc' dir='ltr'>εἶναι</span> <span class='ocrx_word' id='word_1_104' title='bbox 1584 1362 1815 1430; x_wconf 79' lang='grc' dir='ltr'>ἐχόντων</span> 
     </span>
    </p>
   </div>
   <div class='ocr_carea' id='block_1_17' title="bbox 234 1450 1818 1534">
    <p class='ocr_par' dir='ltr' id='par_1_17' title="bbox 234 1450 1818 1534">
     <span class='ocr_line' id='line_1_17' title="bbox 234 1450 1818 1534; baseline -0.013 -12"><span class='ocrx_word' id='word_1_105' title='bbox 234 1470 384 1522; x_wconf 71' lang='grc' dir='ltr'>ἐστὶν</span> <span class='ocrx_word' id='word_1_106' title='bbox 413 1466 589 1534; x_wconf 80' lang='grc' dir='ltr'>ἴδιον),</span> <span class='ocrx_word' id='word_1_107' title='bbox 622 1462 745 1516; x_wconf 75' lang='grc' dir='ltr'>οὕτε</span> <span class='ocrx_word' id='word_1_108' title='bbox 781 1462 886 1531; x_wconf 80' lang='grc' dir='ltr'>μήν</span> <span class='ocrx_word' id='word_1_109' title='bbox 916 1476 970 1510; x_wconf 90' lang='grc' dir='ltr'><strong>τι</strong></span> <span class='ocrx_word' id='word_1_110' title='bbox 999 1459 1143 1509; x_wconf 84' lang='grc' dir='ltr'>ποιεῖ</span> <span class='ocrx_word' id='word_1_111' title='bbox 1173 1454 1544 1515; x_wconf 85' lang='grc' dir='ltr'>παντάπασιν,</span> <span class='ocrx_word' id='word_1_112' title='bbox 1571 1450 1693 1504; x_wconf 77' lang='grc' dir='ltr'>οὕτε</span> <span class='ocrx_word' id='word_1_113' title='bbox 1715 1451 1818 1503; x_wconf 81' lang='grc' dir='ltr'>πά-</span> 
     </span>
    </p>
   </div>
   <div class='ocr_carea' id='block_1_18' title="bbox 238 1538 1816 1630">
    <p class='ocr_par' dir='ltr' id='par_1_18' title="bbox 238 1538 1816 1630">
     <span class='ocr_line' id='line_1_18' title="bbox 238 1538 1816 1630; baseline -0.015 -14"><span class='ocrx_word' id='word_1_114' title='bbox 238 1580 358 1630; x_wconf 81' lang='grc' dir='ltr'>σχει</span> <span class='ocrx_word' id='word_1_115' title='bbox 402 1559 510 1611; x_wconf 84' lang='grc' dir='ltr'><strong>τῶν</strong></span> <span class='ocrx_word' id='word_1_116' title='bbox 545 1560 644 1611; x_wconf 84' lang='grc' dir='ltr'><strong>ὅσα</strong></span> <span class='ocrx_word' id='word_1_117' title='bbox 675 1556 761 1607; x_wconf 77' lang='grc' dir='ltr'><strong>ἐπ’</strong></span> <span class='ocrx_word' id='word_1_118' title='bbox 784 1550 951 1605; x_wconf 77' lang='grc' dir='ltr'>αὐτοῦ</span> <span class='ocrx_word' id='word_1_119' title='bbox 981 1550 1049 1602; x_wconf 80' lang='grc' dir='ltr'><strong>δι’</strong></span> <span class='ocrx_word' id='word_1_120' title='bbox 1069 1538 1219 1618; x_wconf 69' lang='grc' dir='ltr'>ἡμᾶς</span> <span class='ocrx_word' id='word_1_121' title='bbox 1256 1546 1349 1600; x_wconf 73' lang='grc' dir='ltr'>καὶ</span> <span class='ocrx_word' id='word_1_122' title='bbox 1371 1547 1572 1598; x_wconf 75' lang='grc' dir='ltr'><strong>νοεῖται</strong></span> <span class='ocrx_word' id='word_1_123' title='bbox 1604 1543 1698 1598; x_wconf 76' lang='grc' dir='ltr'><strong>καὶ</strong></span> <span class='ocrx_word' id='word_1_124' title='bbox 1725 1540 1816 1594; x_wconf 82' lang='grc' dir='ltr'>λέ-</span> 
     </span>
    </p>
   </div>
   <div class='ocr_carea' id='block_1_19' title="bbox 233 1631 1816 1721">
    <p class='ocr_par' dir='ltr' id='par_1_19' title="bbox 233 1631 1816 1721">
     <span class='ocr_line' id='line_1_19' title="bbox 233 1631 1816 1721; baseline -0.014 -16"><span class='ocrx_word' id='word_1_125' title='bbox 233 1668 416 1721; x_wconf 83' lang='grc' dir='ltr'>γεται,</span> <span class='ocrx_word' id='word_1_126' title='bbox 445 1647 534 1702; x_wconf 81' lang='grc' dir='ltr'><strong>διὰ</strong></span> <span class='ocrx_word' id='word_1_127' title='bbox 554 1647 616 1699; x_wconf 78' lang='grc' dir='ltr'>τὸ</span> <span class='ocrx_word' id='word_1_128' title='bbox 642 1643 783 1698; x_wconf 84' lang='grc' dir='ltr'>κατά</span> <span class='ocrx_word' id='word_1_129' title='bbox 805 1641 967 1710; x_wconf 78' lang='grc' dir='ltr'>φύσιν</span> <span class='ocrx_word' id='word_1_130' title='bbox 991 1639 1131 1707; x_wconf 76' lang='grc' dir='ltr'>ὑπὲρ</span> <span class='ocrx_word' id='word_1_131' title='bbox 1158 1639 1338 1692; x_wconf 84' lang='grc' dir='ltr'>πᾶσαν</span> <span class='ocrx_word' id='word_1_132' title='bbox 1357 1631 1498 1689; x_wconf 75' lang='grc' dir='ltr'>εἶναι</span> <span class='ocrx_word' id='word_1_133' title='bbox 1526 1633 1739 1703; x_wconf 80' lang='grc' dir='ltr'>κίνησεν</span> <span class='ocrx_word' id='word_1_134' title='bbox 1756 1649 1816 1684; x_wconf 88' lang='grc' dir='ltr'><strong>τε</strong></span> 
     </span>
    </p>
   </div>
   <div class='ocr_carea' id='block_1_20' title="bbox 1914 442 3496 515">
    <p class='ocr_par' dir='ltr' id='par_1_20' title="bbox 1914 442 3496 515">
     <span class='ocr_line' id='line_1_20' title="bbox 1914 442 3496 515; baseline -0.008 -15"><span class='ocrx_word' id='word_1_135' title='bbox 1914 446 2046 501; x_wconf 88' lang='lat' dir='ltr'><strong>tiam</strong></span> <span class='ocrx_word' id='word_1_136' title='bbox 2076 442 2364 515; x_wconf 76' lang='lat' dir='ltr'><strong>generatio</strong></span> <span class='ocrx_word' id='word_1_137' title='bbox 2397 450 2454 496; x_wconf 83' lang='lat' dir='ltr'><strong>et</strong></span> <span class='ocrx_word' id='word_1_138' title='bbox 2488 448 2665 496; x_wconf 89' lang='lat' dir='ltr'><strong>status</strong></span> <span class='ocrx_word' id='word_1_139' title='bbox 2711 454 2826 493; x_wconf 90' lang='lat' dir='ltr'><strong>non</strong></span> <span class='ocrx_word' id='word_1_140' title='bbox 2875 446 3324 512; x_wconf 85' lang='lat' dir='ltr'><strong>contemporant,</strong></span> <span class='ocrx_word' id='word_1_141' title='bbox 3380 461 3496 501; x_wconf 87' lang='lat' dir='ltr'><strong>ma-</strong></span> 
     </span>
    </p>
   </div>
   <div class='ocr_carea' id='block_1_21' title="bbox 1911 531 3498 605">
    <p class='ocr_par' dir='ltr' id='par_1_21' title="bbox 1911 531 3498 605">
     <span class='ocr_line' id='line_1_21' title="bbox 1911 531 3498 605; baseline 0.001 -13"><span class='ocrx_word' id='word_1_142' title='bbox 1911 538 2113 593; x_wconf 81' lang='lat' dir='ltr'><strong>nifesto</strong></span> <span class='ocrx_word' id='word_1_143' title='bbox 2153 535 2408 591; x_wconf 87' lang='lat' dir='ltr'><strong>veritatis</strong></span> <span class='ocrx_word' id='word_1_144' title='bbox 2466 534 2739 589; x_wconf 88' lang='lat' dir='ltr'><strong>rationem</strong></span> <span class='ocrx_word' id='word_1_145' title='bbox 2799 531 3079 587; x_wconf 73' lang='lat' dir='ltr'><strong>adulterat</strong></span> <span class='ocrx_word' id='word_1_146' title='bbox 3137 534 3188 589; x_wconf 88' lang='lat' dir='ltr'><strong>is</strong></span> <span class='ocrx_word' id='word_1_147' title='bbox 3238 537 3335 605; x_wconf 88' lang='lat' dir='ltr'><strong>qui</strong></span> <span class='ocrx_word' id='word_1_148' title='bbox 3387 537 3498 594; x_wconf 83' lang='lat' dir='ltr'><strong>hoe</strong></span> 
     </span>
    </p>
   </div>
   <div class='ocr_carea' id='block_1_22' title="bbox 1913 624 3499 697">
    <p class='ocr_par' dir='ltr' id='par_1_22' title="bbox 1913 624 3499 697">
     <span class='ocr_line' id='line_1_22' title="bbox 1913 624 3499 697; baseline 0.001 -15"><span class='ocrx_word' id='word_1_149' title='bbox 1913 626 2175 697; x_wconf 64' lang='lat' dir='ltr'><strong>praedicat</strong></span> <span class='ocrx_word' id='word_1_150' title='bbox 2241 634 2408 694; x_wconf 86' lang='lat' dir='ltr'><strong>atque</strong></span> <span class='ocrx_word' id='word_1_151' title='bbox 2462 625 2737 679; x_wconf 85' lang='lat' dir='ltr'><strong>unitatem</strong></span> <span class='ocrx_word' id='word_1_152' title='bbox 2792 624 3137 679; x_wconf 85' lang='lat' dir='ltr'><strong>immobilem</strong></span> <span class='ocrx_word' id='word_1_153' title='bbox 3200 642 3310 682; x_wconf 85' lang='lat' dir='ltr'><strong>una</strong></span> <span class='ocrx_word' id='word_1_154' title='bbox 3370 643 3499 683; x_wconf 83' lang='lat' dir='ltr'><strong>cum</strong></span> 
     </span>
    </p>
   </div>
   <div class='ocr_carea' id='block_1_23' title="bbox 1913 716 3504 787">
    <p class='ocr_par' dir='ltr' id='par_1_23' title="bbox 1913 716 3504 787">
     <span class='ocr_line' id='line_1_23' title="bbox 1913 716 3504 787; baseline 0.003 -16"><span class='ocrx_word' id='word_1_155' title='bbox 1913 717 2270 787; x_wconf 70' lang='lat' dir='ltr'><strong>generatione</strong></span> <span class='ocrx_word' id='word_1_156' title='bbox 2308 723 2436 771; x_wconf 85' lang='lat' dir='ltr'><strong>ante</strong></span> <span class='ocrx_word' id='word_1_157' title='bbox 2458 716 2749 771; x_wconf 75' lang='lat' dir='ltr'><strong>rationalia</strong></span> <span class='ocrx_word' id='word_1_158' title='bbox 2780 718 3164 787; x_wconf 56' lang='lat' dir='ltr'><strong>praeexsistere</strong></span> <span class='ocrx_word' id='word_1_159' title='bbox 3193 719 3404 773; x_wconf 83' lang='lat' dir='ltr'><strong>statuit.</strong></span> <span class='ocrx_word' id='word_1_160' title='bbox 3432 722 3504 775; x_wconf 81' lang='grc' dir='ltr'>Αι</span> 
     </span>
    </p>
   </div>
   <div class='ocr_carea' id='block_1_24' title="bbox 1913 807 3497 878">
    <p class='ocr_par' dir='ltr' id='par_1_24' title="bbox 1913 807 3497 878">
     <span class='ocr_line' id='line_1_24' title="bbox 1913 807 3497 878; baseline 0.001 -14"><span class='ocrx_word' id='word_1_161' title='bbox 1913 809 1959 864; x_wconf 81' lang='lat' dir='ltr'><strong>si</strong></span> <span class='ocrx_word' id='word_1_162' title='bbox 2010 808 2132 878; x_wconf 84' lang='lat' dir='ltr'><strong>quis</strong></span> <span class='ocrx_word' id='word_1_163' title='bbox 2172 807 2360 862; x_wconf 85' lang='lat' dir='ltr'><strong>dicat:</strong></span> <span class='ocrx_word' id='word_1_164' title='bbox 2389 808 2458 862; x_wconf 87' lang='lat' dir='ltr'><strong>Et</strong></span> <span class='ocrx_word' id='word_1_165' title='bbox 2494 809 2776 877; x_wconf 87' lang='lat' dir='ltr'><strong>quomodo</strong></span> <span class='ocrx_word' id='word_1_166' title='bbox 2807 809 2920 864; x_wconf 92' lang='lat' dir='ltr'><strong>Deo</strong></span> <span class='ocrx_word' id='word_1_167' title='bbox 2941 810 3268 865; x_wconf 87' lang='lat' dir='ltr'><strong>attribuitur</strong></span> <span class='ocrx_word' id='word_1_168' title='bbox 3297 820 3497 876; x_wconf 89' lang='lat' dir='ltr'><strong>status,</strong></span> 
     </span>
    </p>
   </div>
   <div class='ocr_carea' id='block_1_25' title="bbox 1914 898 3503 972">
    <p class='ocr_par' dir='ltr' id='par_1_25' title="bbox 1914 898 3503 972">
     <span class='ocr_line' id='line_1_25' title="bbox 1914 898 3503 972; baseline 0.001 -17"><span class='ocrx_word' id='word_1_169' title='bbox 1914 915 2040 955; x_wconf 89' lang='lat' dir='ltr'><strong>cum</strong></span> <span class='ocrx_word' id='word_1_170' title='bbox 2067 898 2369 954; x_wconf 87' lang='lat' dir='ltr'><strong>motionem</strong></span> <span class='ocrx_word' id='word_1_171' title='bbox 2395 906 2521 953; x_wconf 87' lang='lat' dir='ltr'><strong>ante</strong></span> <span class='ocrx_word' id='word_1_172' title='bbox 2551 915 2610 954; x_wconf 89' lang='lat' dir='ltr'><strong>se</strong></span> <span class='ocrx_word' id='word_1_173' title='bbox 2637 900 2817 969; x_wconf 88' lang='lat' dir='ltr'><strong>ipsum</strong></span> <span class='ocrx_word' id='word_1_174' title='bbox 2838 902 3067 972; x_wconf 85' lang='lat' dir='ltr'><strong>cogitari</strong></span> <span class='ocrx_word' id='word_1_175' title='bbox 3096 917 3209 956; x_wconf 92' lang='lat' dir='ltr'><strong>non</strong></span> <span class='ocrx_word' id='word_1_176' title='bbox 3232 902 3503 958; x_wconf 85' lang='lat' dir='ltr'><strong>admittit?</strong></span> 
     </span>
    </p>
   </div>
   <div class='ocr_carea' id='block_1_26' title="bbox 1915 990 3501 1061">
    <p class='ocr_par' dir='ltr' id='par_1_26' title="bbox 1915 990 3501 1061">
     <span class='ocr_line' id='line_1_26' title="bbox 1915 990 3501 1061; baseline 0.001 -14"><span class='ocrx_word' id='word_1_177' title='bbox 1915 992 2159 1047; x_wconf 89' lang='lat' dir='ltr'><strong>Primum</strong></span> <span class='ocrx_word' id='word_1_178' title='bbox 2186 990 2808 1061; x_wconf 88' lang='lat' dir='ltr'><strong>quidem-respondeo:</strong></span> <span class='ocrx_word' id='word_1_179' title='bbox 2861 993 2979 1048; x_wconf 84' lang='lat' dir='ltr'><strong>Non</strong></span> <span class='ocrx_word' id='word_1_180' title='bbox 3032 993 3179 1049; x_wconf 90' lang='lat' dir='ltr'><strong>idem</strong></span> <span class='ocrx_word' id='word_1_181' title='bbox 3233 996 3501 1050; x_wconf 85' lang='lat' dir='ltr'><strong>Conditor</strong></span> 
     </span>
    </p>
   </div>
   <div class='ocr_carea' id='block_1_27' title="bbox 1915 1082 3502 1156">
    <p class='ocr_par' dir='ltr' id='par_1_27' title="bbox 1915 1082 3502 1156">
     <span class='ocr_line' id='line_1_27' title="bbox 1915 1082 3502 1156; baseline 0.003 -17"><span class='ocrx_word' id='word_1_182' title='bbox 1915 1093 2000 1139; x_wconf 88' lang='lat' dir='ltr'><strong>est</strong></span> <span class='ocrx_word' id='word_1_183' title='bbox 2019 1092 2185 1154; x_wconf 89' lang='lat' dir='ltr'><strong>atque</strong></span> <span class='ocrx_word' id='word_1_184' title='bbox 2207 1082 2477 1148; x_wconf 90' lang='lat' dir='ltr'><strong>conditio,</strong></span> <span class='ocrx_word' id='word_1_185' title='bbox 2497 1091 2560 1137; x_wconf 94' lang='lat' dir='ltr'><strong>ut</strong></span> <span class='ocrx_word' id='word_1_186' title='bbox 2600 1084 2751 1153; x_wconf 91' lang='lat' dir='ltr'><strong>quod</strong></span> <span class='ocrx_word' id='word_1_187' title='bbox 2809 1085 2904 1138; x_wconf 90' lang='lat' dir='ltr'><strong>uni</strong></span> <span class='ocrx_word' id='word_1_188' title='bbox 2947 1086 3128 1141; x_wconf 89' lang='lat' dir='ltr'><strong>inesse</strong></span> <span class='ocrx_word' id='word_1_189' title='bbox 3168 1095 3371 1156; x_wconf 88' lang='lat' dir='ltr'><strong>potest,</strong></span> <span class='ocrx_word' id='word_1_190' title='bbox 3403 1103 3502 1143; x_wconf 86' lang='lat' dir='ltr'><strong>ne-</strong></span> 
     </span>
    </p>
   </div>
   <div class='ocr_carea' id='block_1_28' title="bbox 1915 1177 3498 1249">
    <p class='ocr_par' dir='ltr' id='par_1_28' title="bbox 1915 1177 3498 1249">
     <span class='ocr_line' id='line_1_28' title="bbox 1915 1177 3498 1249; baseline -0.001 -16"><span class='ocrx_word' id='word_1_191' title='bbox 1915 1177 2154 1233; x_wconf 87' lang='lat' dir='ltr'><strong>cessario</strong></span> <span class='ocrx_word' id='word_1_192' title='bbox 2210 1178 2379 1233; x_wconf 89' lang='lat' dir='ltr'><strong>etiam</strong></span> <span class='ocrx_word' id='word_1_193' title='bbox 2432 1177 2493 1231; x_wconf 91' lang='lat' dir='ltr'><strong>in</strong></span> <span class='ocrx_word' id='word_1_194' title='bbox 2544 1177 2722 1232; x_wconf 89' lang='lat' dir='ltr'><strong>altero</strong></span> <span class='ocrx_word' id='word_1_195' title='bbox 2793 1182 2903 1231; x_wconf 86' lang='lat' dir='ltr'><strong>una</strong></span> <span class='ocrx_word' id='word_1_196' title='bbox 2955 1178 3238 1232; x_wconf 87' lang='lat' dir='ltr'><strong>observari</strong></span> <span class='ocrx_word' id='word_1_197' title='bbox 3289 1188 3498 1249; x_wconf 87' lang='lat' dir='ltr'><strong>queat,</strong></span> 
     </span>
    </p>
   </div>
   <div class='ocr_carea' id='block_1_29' title="bbox 1916 1268 3502 1339">
    <p class='ocr_par' dir='ltr' id='par_1_29' title="bbox 1916 1268 3502 1339">
     <span class='ocr_line' id='line_1_29' title="bbox 1916 1268 3502 1339; baseline 0.003 -16"><span class='ocrx_word' id='word_1_198' title='bbox 1916 1269 2139 1339; x_wconf 89' lang='lat' dir='ltr'><strong>quando</strong></span> <span class='ocrx_word' id='word_1_199' title='bbox 2186 1268 2265 1323; x_wconf 85' lang='lat' dir='ltr'><strong>ita</strong></span> <span class='ocrx_word' id='word_1_200' title='bbox 2323 1269 2553 1339; x_wconf 89' lang='lat' dir='ltr'><strong>quidem</strong></span> <span class='ocrx_word' id='word_1_201' title='bbox 2607 1270 2881 1325; x_wconf 85' lang='lat' dir='ltr'><strong>naturalis</strong></span> <span class='ocrx_word' id='word_1_202' title='bbox 2929 1270 3130 1325; x_wconf 89' lang='lat' dir='ltr'><strong>horum</strong></span> <span class='ocrx_word' id='word_1_203' title='bbox 3186 1270 3502 1327; x_wconf 77' lang='lat' dir='ltr'><strong>diﬂ‘erentia</strong></span> 
     </span>
    </p>
   </div>
   <div class='ocr_carea' id='block_1_30' title="bbox 1915 1361 3503 1434">
    <p class='ocr_par' dir='ltr' id='par_1_30' title="bbox 1915 1361 3503 1434">
     <span class='ocr_line' id='line_1_30' title="bbox 1915 1361 3503 1434; baseline 0.002 -18"><span class='ocrx_word' id='word_1_204' title='bbox 1915 1361 2240 1417; x_wconf 90' lang='lat' dir='ltr'><strong>nullomodo</strong></span> <span class='ocrx_word' id='word_1_205' title='bbox 2293 1361 2588 1417; x_wconf 80' lang='lat' dir='ltr'><strong>manifesta</strong></span> <span class='ocrx_word' id='word_1_206' title='bbox 2647 1363 2809 1416; x_wconf 88' lang='lat' dir='ltr'><strong>erit:</strong></span> <span class='ocrx_word' id='word_1_207' title='bbox 2867 1362 3095 1427; x_wconf 89' lang='lat' dir='ltr'><strong>deinde,</strong></span> <span class='ocrx_word' id='word_1_208' title='bbox 3159 1371 3221 1419; x_wconf 88' lang='lat' dir='ltr'><strong>ut</strong></span> <span class='ocrx_word' id='word_1_209' title='bbox 3279 1364 3503 1434; x_wconf 81' lang='lat' dir='ltr'><strong>praprie</strong></span> 
     </span>
    </p>
   </div>
   <div class='ocr_carea' id='block_1_31' title="bbox 1917 1455 3506 1526">
    <p class='ocr_par' dir='ltr' id='par_1_31' title="bbox 1917 1455 3506 1526">
     <span class='ocr_line' id='line_1_31' title="bbox 1917 1455 3506 1526; baseline 0.001 -17"><span class='ocrx_word' id='word_1_210' title='bbox 1917 1455 2119 1519; x_wconf 88' lang='lat' dir='ltr'><strong>dicam,</strong></span> <span class='ocrx_word' id='word_1_211' title='bbox 2170 1455 2318 1509; x_wconf 89' lang='lat' dir='ltr'><strong>Deus</strong></span> <span class='ocrx_word' id='word_1_212' title='bbox 2359 1470 2540 1524; x_wconf 89' lang='lat' dir='ltr'><strong>neque</strong></span> <span class='ocrx_word' id='word_1_213' title='bbox 2580 1463 2835 1509; x_wconf 85' lang='lat' dir='ltr'><strong>movetur</strong></span> <span class='ocrx_word' id='word_1_214' title='bbox 2890 1455 3117 1509; x_wconf 89' lang='lat' dir='ltr'><strong>omnino</strong></span> <span class='ocrx_word' id='word_1_215' title='bbox 3162 1471 3343 1526; x_wconf 92' lang='lat' dir='ltr'><strong>neque</strong></span> <span class='ocrx_word' id='word_1_216' title='bbox 3398 1467 3506 1512; x_wconf 84' lang='lat' dir='ltr'><strong>stat</strong></span> 
     </span>
    </p>
   </div>
   <div class='ocr_carea' id='block_1_32' title="bbox 1921 1547 3504 1619">
    <p class='ocr_par' dir='ltr' id='par_1_32' title="bbox 1921 1547 3504 1619">
     <span class='ocr_line' id='line_1_32' title="bbox 1921 1547 3504 1619; baseline 0.002 -18"><span class='ocrx_word' id='word_1_217' title='bbox 1921 1547 2051 1619; x_wconf 88' lang='lat' dir='ltr'><strong>(hoc</strong></span> <span class='ocrx_word' id='word_1_218' title='bbox 2088 1547 2239 1601; x_wconf 86' lang='lat' dir='ltr'><strong>enim</strong></span> <span class='ocrx_word' id='word_1_219' title='bbox 2293 1562 2486 1602; x_wconf 92' lang='lat' dir='ltr'><strong>eorum</strong></span> <span class='ocrx_word' id='word_1_220' title='bbox 2536 1556 2622 1602; x_wconf 91' lang='lat' dir='ltr'><strong>est</strong></span> <span class='ocrx_word' id='word_1_221' title='bbox 2669 1547 2952 1617; x_wconf 87' lang='lat' dir='ltr'><strong>peculiare</strong></span> <span class='ocrx_word' id='word_1_222' title='bbox 2995 1564 3119 1617; x_wconf 65' lang='lat' dir='ltr'><strong>quae</strong></span> <span class='ocrx_word' id='word_1_223' title='bbox 3172 1550 3504 1604; x_wconf 82' lang='lat' dir='ltr'><strong>naturaliter</strong></span> 
     </span>
    </p>
   </div>
   <div class='ocr_carea' id='block_1_33' title="bbox 1920 1639 3500 1713">
    <p class='ocr_par' dir='ltr' id='par_1_33' title="bbox 1920 1639 3500 1713">
     <span class='ocr_line' id='line_1_33' title="bbox 1920 1639 3500 1713; baseline 0.001 -20"><span class='ocrx_word' id='word_1_224' title='bbox 1920 1639 2214 1695; x_wconf 90' lang='lat' dir='ltr'><strong>terminata</strong></span> <span class='ocrx_word' id='word_1_225' title='bbox 2243 1649 2558 1710; x_wconf 87' lang='lat' dir='ltr'><strong>suntatque</strong></span> <span class='ocrx_word' id='word_1_226' title='bbox 2607 1640 2829 1694; x_wconf 90' lang='lat' dir='ltr'><strong>initium</strong></span> <span class='ocrx_word' id='word_1_227' title='bbox 2870 1640 3211 1695; x_wconf 67' lang='lat' dir='ltr'><strong>exsistentim</strong></span> <span class='ocrx_word' id='word_1_228' title='bbox 3250 1641 3500 1713; x_wconf 88' lang='lat' dir='ltr'><strong>habent),</strong></span> 
     </span>
    </p>
   </div>
   <div class='ocr_carea' id='block_1_34' title="bbox 234 1722 1821 1805">
    <p class='ocr_par' dir='ltr' id='par_1_34' title="bbox 234 1722 1819 1805">
     <span class='ocr_line' id='line_1_34' title="bbox 234 1722 1819 1805; baseline -0.013 -11"><span class='ocrx_word' id='word_1_229' title='bbox 234 1742 334 1794; x_wconf 71' lang='grc' dir='ltr'><strong>καὶ</strong></span> <span class='ocrx_word' id='word_1_230' title='bbox 356 1740 570 1799; x_wconf 90' lang='grc' dir='ltr'>στάσιν,</span> <span class='ocrx_word' id='word_1_231' title='bbox 593 1736 690 1788; x_wconf 72' lang='grc' dir='ltr'>καὶ</span> <span class='ocrx_word' id='word_1_232' title='bbox 714 1733 903 1805; x_wconf 69' lang='grc' dir='ltr'>μηδενὶ</span> <span class='ocrx_word' id='word_1_233' title='bbox 924 1731 1069 1800; x_wconf 85' lang='grc' dir='ltr'>λόγῳ</span> <span class='ocrx_word' id='word_1_234' title='bbox 1087 1731 1199 1791; x_wconf 84' lang='grc' dir='ltr'>τοῖς</span> <span class='ocrx_word' id='word_1_235' title='bbox 1221 1728 1343 1780; x_wconf 84' lang='grc' dir='ltr'>καθ’</span> <span class='ocrx_word' id='word_1_236' title='bbox 1359 1727 1504 1797; x_wconf 80' lang='grc' dir='ltr'><strong>ἡμᾶς</strong></span> <span class='ocrx_word' id='word_1_237' title='bbox 1518 1726 1565 1757; x_wconf 71' lang='grc'><strong>’⁸</strong></span> <span class='ocrx_word' id='word_1_238' title='bbox 1582 1722 1819 1777; x_wconf 73' lang='grc' dir='ltr'>ὑποϐάλ-</span> 
     </span>
    </p>
   </div>
   <div class='ocr_carea' id='block_1_35' title="bbox 1930 1722 3503 1805">
    <p class='ocr_par' dir='ltr' id='par_1_35' title="bbox 1930 1730 3503 1802">
     <span class='ocr_line' id='line_1_35' title="bbox 1930 1730 3503 1802; baseline 0.003 -19"><span class='ocrx_word' id='word_1_239' title='bbox 1930 1744 2100 1800; x_wconf 82' lang='lat' dir='ltr'><strong>neque</strong></span> <span class='ocrx_word' id='word_1_240' title='bbox 2139 1730 2440 1800; x_wconf 83' lang='lat' dir='ltr'><strong>quidquam</strong></span> <span class='ocrx_word' id='word_1_241' title='bbox 2470 1731 2697 1785; x_wconf 89' lang='lat' dir='ltr'><strong>omnino</strong></span> <span class='ocrx_word' id='word_1_242' title='bbox 2723 1730 2856 1785; x_wconf 81' lang='lat' dir='ltr'><strong>facit</strong></span> <span class='ocrx_word' id='word_1_243' title='bbox 2880 1740 2975 1786; x_wconf 92' lang='lat' dir='ltr'><strong>aut</strong></span> <span class='ocrx_word' id='word_1_244' title='bbox 2999 1732 3212 1800; x_wconf 87' lang='lat' dir='ltr'><strong>patitur</strong></span> <span class='ocrx_word' id='word_1_245' title='bbox 3238 1747 3503 1802; x_wconf 65' lang='lat' dir='ltr'><strong>quazcun-</strong></span> 
     </span>
    </p>
   </div>
   <div class='ocr_carea' id='block_1_36' title="bbox 235 1811 1814 1897">
    <p class='ocr_par' dir='ltr' id='par_1_36' title="bbox 235 1811 1814 1897">
     <span class='ocr_line' id='line_1_36' title="bbox 235 1811 1814 1897; baseline -0.012 -14"><span class='ocrx_word' id='word_1_246' title='bbox 235 1830 426 1883; x_wconf 85' lang='grc' dir='ltr'>λεσθαι</span> <span class='ocrx_word' id='word_1_247' title='bbox 456 1828 698 1897; x_wconf 70' lang='grc' dir='ltr'>τρόποις.</span> <span class='ocrx_word' id='word_1_248' title='bbox 736 1822 920 1875; x_wconf 82' lang='grc' dir='ltr'>Ταῦτα</span> <span class='ocrx_word' id='word_1_249' title='bbox 955 1817 1376 1889; x_wconf 79' lang='grc' dir='ltr'>παρεκϐατικῶς</span> <span class='ocrx_word' id='word_1_250' title='bbox 1412 1813 1653 1885; x_wconf 81' lang='grc' dir='ltr'>εἰρήσθω</span> <span class='ocrx_word' id='word_1_251' title='bbox 1686 1811 1814 1883; x_wconf 78' lang='grc' dir='ltr'>περὶ</span> 
     </span>
    </p>
   </div>
   <div class='ocr_carea' id='block_1_37' title="bbox 234 1903 1814 1989">
    <p class='ocr_par' dir='ltr' id='par_1_37' title="bbox 234 1903 1814 1989">
     <span class='ocr_line' id='line_1_37' title="bbox 234 1903 1814 1989; baseline -0.011 -16"><span class='ocrx_word' id='word_1_252' title='bbox 234 1920 334 1973; x_wconf 78' lang='grc' dir='ltr'>τοῦ</span> <span class='ocrx_word' id='word_1_253' title='bbox 393 1918 560 1989; x_wconf 78' lang='grc' dir='ltr'>μηδὲν</span> <span class='ocrx_word' id='word_1_254' title='bbox 608 1916 802 1987; x_wconf 80' lang='grc' dir='ltr'>χρῆναι</span> <span class='ocrx_word' id='word_1_255' title='bbox 846 1912 1026 1980; x_wconf 83' lang='grc' dir='ltr'>λέγειν</span> <span class='ocrx_word' id='word_1_256' title='bbox 1086 1911 1195 1964; x_wconf 83' lang='grc' dir='ltr'>τῶν</span> <span class='ocrx_word' id='word_1_257' title='bbox 1242 1908 1411 1961; x_wconf 76' lang='grc' dir='ltr'>ὄντων</span> <span class='ocrx_word' id='word_1_258' title='bbox 1464 1904 1606 1959; x_wconf 83' lang='grc' dir='ltr'>κατὰ</span> <span class='ocrx_word' id='word_1_259' title='bbox 1652 1903 1814 1972; x_wconf 82' lang='grc' dir='ltr'>φύσιν</span> 
     </span>
    </p>
   </div>
   <div class='ocr_carea' id='block_1_38' title="bbox 238 1994 1816 2080">
    <p class='ocr_par' dir='ltr' id='par_1_38' title="bbox 238 1994 1816 2080">
     <span class='ocr_line' id='line_1_38' title="bbox 238 1994 1816 2080; baseline -0.013 -12"><span class='ocrx_word' id='word_1_260' title='bbox 238 2009 659 2080; x_wconf 72' lang='grc' dir='ltr'>ἀπολελυμένως</span> <span class='ocrx_word' id='word_1_261' title='bbox 710 2008 993 2076; x_wconf 73' lang='grc' dir='ltr'>ἐνεργεῖν,</span> <span class='ocrx_word' id='word_1_262' title='bbox 1054 2003 1141 2056; x_wconf 82' lang='grc' dir='ltr'>ἵνα</span> <span class='ocrx_word' id='word_1_263' title='bbox 1199 2002 1275 2072; x_wconf 79' lang='grc' dir='ltr'><strong>μὴ</strong></span> <span class='ocrx_word' id='word_1_264' title='bbox 1325 1999 1564 2053; x_wconf 69' lang='grc' dir='ltr'>ἀναίτιόν</span> <span class='ocrx_word' id='word_1_265' title='bbox 1606 2015 1660 2050; x_wconf 83' lang='grc' dir='ltr'><strong>τι</strong></span> <span class='ocrx_word' id='word_1_266' title='bbox 1706 1994 1816 2048; x_wconf 81' lang='grc' dir='ltr'><strong>τῶν</strong></span> 
     </span>
    </p>
   </div>
   <div class='ocr_carea' id='block_1_39' title="bbox 241 2088 1814 2175">
    <p class='ocr_par' dir='ltr' id='par_1_39' title="bbox 241 2088 1814 2175">
     <span class='ocr_line' id='line_1_39' title="bbox 241 2088 1814 2175; baseline -0.011 -17"><span class='ocrx_word' id='word_1_267' title='bbox 241 2104 386 2175; x_wconf 81' lang='grc' dir='ltr'>μετὰ</span> <span class='ocrx_word' id='word_1_268' title='bbox 412 2101 543 2156; x_wconf 77' lang='grc' dir='ltr'>Θεὸν</span> <span class='ocrx_word' id='word_1_269' title='bbox 571 2099 829 2169; x_wconf 79' lang='grc' dir='ltr'><strong>ἀφρόνως</strong></span> <span class='ocrx_word' id='word_1_270' title='bbox 852 2096 1195 2165; x_wconf 74' lang='grc' dir='ltr'>εἰσάγωμεν,</span> <span class='ocrx_word' id='word_1_271' title='bbox 1253 2090 1596 2163; x_wconf 77' lang='grc' dir='ltr'>ἐνεργεῖσθαι</span> <span class='ocrx_word' id='word_1_272' title='bbox 1624 2088 1681 2144; x_wconf 79' lang='grc' dir='ltr'><strong>δὲ</strong></span> <span class='ocrx_word' id='word_1_273' title='bbox 1711 2106 1814 2157; x_wconf 81' lang='grc' dir='ltr'><strong>φυ-</strong></span> 
     </span>
    </p>
   </div>
   <div class='ocr_carea' id='block_1_40' title="bbox 242 2180 1817 2261">
    <p class='ocr_par' dir='ltr' id='par_1_40' title="bbox 242 2180 1817 2261">
     <span class='ocr_line' id='line_1_40' title="bbox 242 2180 1817 2261; baseline -0.01 -12"><span class='ocrx_word' id='word_1_274' title='bbox 242 2195 411 2259; x_wconf 79' lang='grc' dir='ltr'>σικῶς</span> <span class='ocrx_word' id='word_1_275' title='bbox 444 2192 505 2246; x_wconf 84' lang='grc' dir='ltr'><strong>τὸ</strong></span> <span class='ocrx_word' id='word_1_276' title='bbox 531 2190 778 2261; x_wconf 74' lang='grc' dir='ltr'>ἐνεργεῖν</span> <span class='ocrx_word' id='word_1_277' title='bbox 811 2187 959 2243; x_wconf 77' lang='grc' dir='ltr'>τοῦθ’</span> <span class='ocrx_word' id='word_1_278' title='bbox 980 2189 1119 2256; x_wconf 84' lang='grc' dir='ltr'>ὅπερ</span> <span class='ocrx_word' id='word_1_279' title='bbox 1148 2183 1542 2255; x_wconf 81' lang='grc' dir='ltr'>ὲνεργούμενον</span> <span class='ocrx_word' id='word_1_280' title='bbox 1572 2180 1817 2251; x_wconf 76' lang='grc' dir='ltr'>πέφυκεν</span> 
     </span>
    </p>
   </div>
   <div class='ocr_carea' id='block_1_41' title="bbox 237 2286 506 2355">
    <p class='ocr_par' dir='ltr' id='par_1_41' title="bbox 237 2286 506 2355">
     <span class='ocr_line' id='line_1_41' title="bbox 237 2286 506 2355; baseline -0.011 -15"><span class='ocrx_word' id='word_1_281' title='bbox 237 2286 506 2355; x_wconf 78' lang='grc' dir='ltr'>ἐνεργεῖν.</span> 
     </span>
    </p>
   </div>
   <div class='ocr_carea' id='block_1_42' title="bbox 253 2648 1817 2723">
    <p class='ocr_par' dir='ltr' id='par_1_42' title="bbox 253 2648 1817 2723">
     <span class='ocr_line' id='line_1_42' title="bbox 253 2648 1817 2723; baseline -0.005 -13"><span class='ocrx_word' id='word_1_282' title='bbox 253 2655 361 2711; x_wconf 86' lang='grc' dir='ltr'><em>Τοῦ</em></span> <span class='ocrx_word' id='word_1_283' title='bbox 402 2653 588 2709; x_wconf 81' lang='grc' dir='ltr'>αὐτοῦ</span> <span class='ocrx_word' id='word_1_284' title='bbox 615 2655 802 2723; x_wconf 72' lang='grc' dir='ltr'>λόγου</span> <span class='ocrx_word' id='word_1_285' title='bbox 848 2655 937 2719; x_wconf 83' lang='grc' dir='ltr'>εις</span> <span class='ocrx_word' id='word_1_286' title='bbox 968 2651 1070 2713; x_wconf 87' lang='grc' dir='ltr'>τὸ,</span> <span class='ocrx_word' id='word_1_287' title='bbox 1121 2670 1139 2701; x_wconf 77' lang='grc' dir='ltr'><strong>ι</strong></span> <span class='ocrx_word' id='word_1_288' title='bbox 1165 2650 1327 2705; x_wconf 73' lang='grc' dir='ltr'><strong>Ἀλλ’</strong></span> <span class='ocrx_word' id='word_1_289' title='bbox 1384 2650 1435 2702; x_wconf 80' lang='grc' dir='ltr'><strong>ει</strong></span> <span class='ocrx_word' id='word_1_290' title='bbox 1481 2648 1817 2718; x_wconf 77' lang='grc' dir='ltr'>ἀσώματον,</span> 
     </span>
    </p>
   </div>
   <div class='ocr_carea' id='block_1_43' title="bbox 316 2740 1822 2813">
    <p class='ocr_par' dir='ltr' id='par_1_43' title="bbox 316 2740 1822 2813">
     <span class='ocr_line' id='line_1_43' title="bbox 316 2740 1822 2813; baseline -0.006 -14"><span class='ocrx_word' id='word_1_291' title='bbox 316 2747 477 2800; x_wconf 80' lang='grc' dir='ltr'><strong>οὔπω</strong></span> <span class='ocrx_word' id='word_1_292' title='bbox 527 2744 645 2813; x_wconf 81' lang='grc' dir='ltr'><strong>μὲν</strong></span> <span class='ocrx_word' id='word_1_293' title='bbox 709 2742 852 2797; x_wconf 77' lang='grc' dir='ltr'><strong>οὐδὲ</strong></span> <span class='ocrx_word' id='word_1_294' title='bbox 914 2741 1093 2797; x_wconf 84' lang='grc' dir='ltr'>τοῦτο</span> <span class='ocrx_word' id='word_1_295' title='bbox 1165 2740 1275 2809; x_wconf 77' lang='grc' dir='ltr'>τῆς</span> <span class='ocrx_word' id='word_1_296' title='bbox 1339 2741 1560 2805; x_wconf 79' lang='grc' dir='ltr'><strong>οὐσίας</strong></span> <span class='ocrx_word' id='word_1_297' title='bbox 1637 2754 1822 2809; x_wconf 81' lang='grc' dir='ltr'>παρα-</span> 
     </span>
    </p>
   </div>
   <div class='ocr_carea' id='block_1_44' title="bbox 311 2829 1817 2901">
    <p class='ocr_par' dir='ltr' id='par_1_44' title="bbox 311 2829 1817 2901">
     <span class='ocr_line' id='line_1_44' title="bbox 311 2829 1817 2901; baseline -0.004 -10"><span class='ocrx_word' id='word_1_298' title='bbox 311 2836 634 2901; x_wconf 76' lang='grc' dir='ltr'>στατικὸν,</span> <span class='ocrx_word' id='word_1_299' title='bbox 686 2835 889 2901; x_wconf 77' lang='grc' dir='ltr'>ὣσπερ</span> <span class='ocrx_word' id='word_1_300' title='bbox 947 2832 1090 2887; x_wconf 82' lang='grc' dir='ltr'><strong>οὐδὲ</strong></span> <span class='ocrx_word' id='word_1_301' title='bbox 1153 2832 1217 2885; x_wconf 81' lang='grc' dir='ltr'>τὸ</span> <span class='ocrx_word' id='word_1_302' title='bbox 1285 2829 1651 2899; x_wconf 75' lang='grc' dir='ltr'><strong>ἀγέννητον,</strong></span> <span class='ocrx_word' id='word_1_303' title='bbox 1721 2830 1817 2885; x_wconf 81' lang='grc' dir='ltr'>καὶ</span> 
     </span>
    </p>
   </div>
   <div class='ocr_carea' id='block_1_45' title="bbox 314 2920 1820 2996">
    <p class='ocr_par' dir='ltr' id='par_1_45' title="bbox 314 2920 1820 2996">
     <span class='ocr_line' id='line_1_45' title="bbox 314 2920 1820 2996; baseline -0.006 -13"><span class='ocrx_word' id='word_1_304' title='bbox 314 2931 379 2982; x_wconf 82' lang='grc' dir='ltr'>τὸ</span> <span class='ocrx_word' id='word_1_305' title='bbox 406 2928 697 2996; x_wconf 79' lang='grc' dir='ltr'><strong>ἄναρχον,</strong></span> <span class='ocrx_word' id='word_1_306' title='bbox 744 2925 843 2979; x_wconf 74' lang='grc' dir='ltr'>καὶ</span> <span class='ocrx_word' id='word_1_307' title='bbox 882 2924 949 2978; x_wconf 81' lang='grc' dir='ltr'>τὸ</span> <span class='ocrx_word' id='word_1_308' title='bbox 985 2923 1412 2984; x_wconf 72' lang='grc' dir='ltr'>ἀναλλοίωτον,</span> <span class='ocrx_word' id='word_1_309' title='bbox 1449 2922 1548 2975; x_wconf 79' lang='grc' dir='ltr'>καὶ</span> <span class='ocrx_word' id='word_1_310' title='bbox 1598 2920 1820 2991; x_wconf 57' lang='lat'><strong>($56009-</strong></span> 
     </span>
    </p>
   </div>
   <div class='ocr_carea' id='block_1_46' title="bbox 317 3009 1819 3084">
    <p class='ocr_par' dir='ltr' id='par_1_46' title="bbox 317 3009 1819 3084">
     <span class='ocr_line' id='line_1_46' title="bbox 317 3009 1819 3084; baseline -0.004 -13"><span class='ocrx_word' id='word_1_311' title='bbox 317 3036 442 3083; x_wconf 80' lang='grc' dir='ltr'>τον,</span> <span class='ocrx_word' id='word_1_312' title='bbox 496 3017 594 3071; x_wconf 77' lang='grc' dir='ltr'>καὶ</span> <span class='ocrx_word' id='word_1_313' title='bbox 641 3016 759 3070; x_wconf 82' lang='grc' dir='ltr'>ὅσα</span> <span class='ocrx_word' id='word_1_314' title='bbox 814 3014 949 3084; x_wconf 71' lang='grc' dir='ltr'>περὶ</span> <span class='ocrx_word' id='word_1_315' title='bbox 1003 3013 1151 3069; x_wconf 82' lang='grc' dir='ltr'><em>Θεοῦ</em></span> <span class='ocrx_word' id='word_1_316' title='bbox 1196 3013 1234 3083; x_wconf 76' lang='grc' dir='ltr'><em>ἢ</em></span> <span class='ocrx_word' id='word_1_317' title='bbox 1282 3012 1419 3082; x_wconf 78' lang='grc' dir='ltr'>περὶ</span> <span class='ocrx_word' id='word_1_318' title='bbox 1462 3011 1610 3066; x_wconf 82' lang='grc' dir='ltr'>Θεὸν</span> <span class='ocrx_word' id='word_1_319' title='bbox 1665 3009 1819 3066; x_wconf 80' lang='grc' dir='ltr'>εἶναι</span> 
     </span>
    </p>
   </div>
   <div class='ocr_carea' id='block_1_47' title="bbox 313 3110 628 3179">
    <p class='ocr_par' dir='ltr' id='par_1_47' title="bbox 313 3110 628 3179">
     <span class='ocr_line' id='line_1_47' title="bbox 313 3110 628 3179; baseline -0.016 -14"><span class='ocrx_word' id='word_1_320' title='bbox 313 3110 571 3179; x_wconf 66' lang='grc' dir='ltr'>λέγεται.</span> <span class='ocrx_word' id='word_1_321' title='bbox 609 3126 628 3160; x_wconf 73' lang='grc' dir='ltr'><strong>ι</strong></span> 
     </span>
    </p>
   </div>
   <div class='ocr_carea' id='block_1_48' title="bbox 316 3212 1825 3293">
    <p class='ocr_par' dir='ltr' id='par_1_48' title="bbox 316 3212 1825 3293">
     <span class='ocr_line' id='line_1_48' title="bbox 316 3212 1825 3293; baseline -0.006 -17"><span class='ocrx_word' id='word_1_322' title='bbox 316 3222 462 3293; x_wconf 82' lang='grc' dir='ltr'>Πρὸς</span> <span class='ocrx_word' id='word_1_323' title='bbox 502 3221 631 3281; x_wconf 80' lang='grc' dir='ltr'>τοὺς</span> <span class='ocrx_word' id='word_1_324' title='bbox 670 3217 927 3289; x_wconf 83' lang='grc' dir='ltr'>ἀνόμοιον</span> <span class='ocrx_word' id='word_1_325' title='bbox 958 3216 1194 3287; x_wconf 83' lang='grc' dir='ltr'>μάλιστα</span> <span class='ocrx_word' id='word_1_326' title='bbox 1235 3213 1314 3285; x_wconf 77' lang='grc' dir='ltr'><strong>τῷ</strong></span> <span class='ocrx_word' id='word_1_327' title='bbox 1346 3213 1520 3283; x_wconf 76' lang='grc' dir='ltr'>Πατρὶ</span> <span class='ocrx_word' id='word_1_328' title='bbox 1559 3212 1649 3267; x_wconf 59' lang='grc' dir='ltr'>τὸν</span> <span class='ocrx_word' id='word_1_329' title='bbox 1695 3215 1825 3267; x_wconf 82' lang='grc' dir='ltr'>Υἱὸν</span> 
     </span>
    </p>
   </div>
   <div class='ocr_carea' id='block_1_49' title="bbox 248 3305 1826 3385">
    <p class='ocr_par' dir='ltr' id='par_1_49' title="bbox 248 3305 1826 3385">
     <span class='ocr_line' id='line_1_49' title="bbox 248 3305 1826 3385; baseline -0.005 -17"><span class='ocrx_word' id='word_1_330' title='bbox 248 3315 575 3385; x_wconf 78' lang='grc' dir='ltr'><strong>κακούργως</strong></span> <span class='ocrx_word' id='word_1_331' title='bbox 596 3312 935 3378; x_wconf 76' lang='grc' dir='ltr'>εἰσάγοντας,</span> <span class='ocrx_word' id='word_1_332' title='bbox 963 3308 1051 3364; x_wconf 84' lang='grc' dir='ltr'><strong>διὰ</strong></span> <span class='ocrx_word' id='word_1_333' title='bbox 1080 3309 1172 3363; x_wconf 80' lang='grc' dir='ltr'>τοῦ</span> <span class='ocrx_word' id='word_1_334' title='bbox 1202 3307 1442 3376; x_wconf 79' lang='grc' dir='ltr'>νομιζειν</span> <span class='ocrx_word' id='word_1_335' title='bbox 1465 3305 1826 3361; x_wconf 81' lang='grc' dir='ltr'>οὐσίαν-εἷναι</span> 
     </span>
    </p>
   </div>
   <div class='ocr_carea' id='block_1_50' title="bbox 247 3397 1825 3478">
    <p class='ocr_par' dir='ltr' id='par_1_50' title="bbox 247 3397 1825 3478">
     <span class='ocr_line' id='line_1_50' title="bbox 247 3397 1825 3478; baseline -0.004 -19"><span class='ocrx_word' id='word_1_336' title='bbox 247 3406 343 3459; x_wconf 78' lang='grc' dir='ltr'>τοῦ</span> <span class='ocrx_word' id='word_1_337' title='bbox 397 3404 606 3478; x_wconf 74' lang='grc' dir='ltr'>[ἰατρὸς</span> <span class='ocrx_word' id='word_1_338' title='bbox 660 3403 722 3457; x_wconf 86' lang='grc' dir='ltr'>τὸ</span> <span class='ocrx_word' id='word_1_339' title='bbox 772 3404 1084 3473; x_wconf 80' lang='grc' dir='ltr'>ἀγέννητον,</span> <span class='ocrx_word' id='word_1_340' title='bbox 1141 3401 1216 3463; x_wconf 86' lang='grc' dir='ltr'>ὼς</span> <span class='ocrx_word' id='word_1_341' title='bbox 1274 3397 1426 3471; x_wconf 80' lang='grc' dir='ltr'>οἶμαι</span> <span class='ocrx_word' id='word_1_342' title='bbox 1447 3441 1461 3464; x_wconf 93' lang='grc'><strong>,</strong></span> <span class='ocrx_word' id='word_1_343' title='bbox 1523 3400 1615 3454; x_wconf 81' lang='grc' dir='ltr'><strong>τὸν</strong></span> <span class='ocrx_word' id='word_1_344' title='bbox 1669 3399 1825 3468; x_wconf 84' lang='grc' dir='ltr'>λόγον</span> 
     </span>
    </p>
   </div>
   <div class='ocr_carea' id='block_1_51' title="bbox 252 3492 1826 3571">
    <p class='ocr_par' dir='ltr' id='par_1_51' title="bbox 252 3492 1826 3571">
     <span class='ocr_line' id='line_1_51' title="bbox 252 3492 1826 3571; baseline -0.006 -18"><span class='ocrx_word' id='word_1_345' title='bbox 252 3502 603 3571; x_wconf 70' lang='grc' dir='ltr'>ποιούμενος,</span> <span class='ocrx_word' id='word_1_346' title='bbox 651 3496 746 3552; x_wconf 70' lang='grc' dir='ltr'><strong>καὶ</strong></span> <span class='ocrx_word' id='word_1_347' title='bbox 796 3497 860 3551; x_wconf 75' lang='grc' dir='ltr'>ὲκ</span> <span class='ocrx_word' id='word_1_348' title='bbox 911 3494 1021 3549; x_wconf 79' lang='grc' dir='ltr'>τῶν</span> <span class='ocrx_word' id='word_1_349' title='bbox 1069 3493 1268 3565; x_wconf 73' lang='grc' dir='ltr'>ὁμοίων</span> <span class='ocrx_word' id='word_1_350' title='bbox 1327 3492 1389 3548; x_wconf 76' lang='grc' dir='ltr'>τὸ</span> <span class='ocrx_word' id='word_1_351' title='bbox 1453 3493 1572 3546; x_wconf 85' lang='grc' dir='ltr'>δέον</span> <span class='ocrx_word' id='word_1_352' title='bbox 1626 3492 1826 3555; x_wconf 83' lang='grc' dir='ltr'>αὐτοὺς</span> 
     </span>
    </p>
   </div>
   <div class='ocr_carea' id='block_1_52' title="bbox 258 3585 1824 3662">
    <p class='ocr_par' dir='ltr' id='par_1_52' title="bbox 258 3585 1824 3662">
     <span class='ocr_line' id='line_1_52' title="bbox 258 3585 1824 3662; baseline -0.004 -14"><span class='ocrx_word' id='word_1_353' title='bbox 258 3595 547 3662; x_wconf 76' lang='grc' dir='ltr'>ὶπιγνῶναι</span> <span class='ocrx_word' id='word_1_354' title='bbox 583 3591 867 3654; x_wconf 85' lang='grc' dir='ltr'>διδάσκων,</span> <span class='ocrx_word' id='word_1_355' title='bbox 905 3588 1081 3643; x_wconf 81' lang='grc' dir='ltr'>ταῦτά</span> <span class='ocrx_word' id='word_1_356' title='bbox 1118 3603 1282 3659; x_wconf 87' lang='grc' dir='ltr'>φησιν</span> <span class='ocrx_word' id='word_1_357' title='bbox 1309 3590 1337 3640; x_wconf 82' lang='grc' dir='ltr'><strong>ὁ</strong></span> <span class='ocrx_word' id='word_1_358' title='bbox 1381 3586 1719 3650; x_wconf 82' lang='grc' dir='ltr'>διδάσκαλος,</span> <span class='ocrx_word' id='word_1_359' title='bbox 1760 3585 1824 3641; x_wconf 78' lang='grc' dir='ltr'><strong>ἵν’</strong></span> 
     </span>
    </p>
   </div>
   <div class='ocr_carea' id='block_1_53' title="bbox 255 3677 1825 3755">
    <p class='ocr_par' dir='ltr' id='par_1_53' title="bbox 255 3677 1825 3755">
     <span class='ocr_line' id='line_1_53' title="bbox 255 3677 1825 3755; baseline -0.006 -16"><span class='ocrx_word' id='word_1_360' title='bbox 255 3686 359 3739; x_wconf 76' lang='grc' dir='ltr'><strong>ὑπὸ</strong></span> <span class='ocrx_word' id='word_1_361' title='bbox 387 3686 484 3755; x_wconf 79' lang='grc' dir='ltr'><strong>τῆς</strong></span> <span class='ocrx_word' id='word_1_362' title='bbox 509 3683 767 3755; x_wconf 56' lang='grc' dir='ltr'>ἀληθείας</span> <span class='ocrx_word' id='word_1_363' title='bbox 789 3680 927 3753; x_wconf 77' lang='grc' dir='ltr'>πρὸς</span> <span class='ocrx_word' id='word_1_364' title='bbox 950 3681 1049 3746; x_wconf 83' lang='grc' dir='ltr'>τὴν</span> <span class='ocrx_word' id='word_1_365' title='bbox 1075 3677 1356 3732; x_wconf 76' lang='grc' dir='ltr'>εὐσέϐειαν</span> <span class='ocrx_word' id='word_1_366' title='bbox 1384 3677 1825 3746; x_wconf 81' lang='grc' dir='ltr'>συνελαυνόμενοι</span> 
     </span>
    </p>
   </div>
   <div class='ocr_carea' id='block_1_54' title="bbox 255 3768 1824 3845">
    <p class='ocr_par' dir='ltr' id='par_1_54' title="bbox 255 3768 1824 3845">
     <span class='ocr_line' id='line_1_54' title="bbox 255 3768 1824 3845; baseline -0.006 -14"><span class='ocrx_word' id='word_1_367' title='bbox 255 3777 520 3840; x_wconf 71' lang='grc' dir='ltr'>εὐπειθῶς</span> <span class='ocrx_word' id='word_1_368' title='bbox 568 3777 666 3829; x_wconf 77' lang='grc' dir='ltr'><strong>σὺν</strong></span> <span class='ocrx_word' id='word_1_369' title='bbox 702 3777 843 3845; x_wconf 80' lang='grc' dir='ltr'>ἡμῖν</span> <span class='ocrx_word' id='word_1_370' title='bbox 870 3774 933 3827; x_wconf 86' lang='grc' dir='ltr'>τδ</span> <span class='ocrx_word' id='word_1_371' title='bbox 982 3774 1057 3844; x_wconf 72' lang='grc' dir='ltr'><strong>μὴ</strong></span> <span class='ocrx_word' id='word_1_372' title='bbox 1106 3772 1251 3841; x_wconf 77' lang='grc' dir='ltr'>ἔχειν</span> <span class='ocrx_word' id='word_1_373' title='bbox 1288 3771 1502 3838; x_wconf 89' lang='grc' dir='ltr'>γένεσιν</span> <span class='ocrx_word' id='word_1_374' title='bbox 1550 3769 1736 3840; x_wconf 74' lang='lat'><strong>(187</strong></span> <span class='ocrx_word' id='word_1_375' title='bbox 1771 3768 1824 3839; x_wconf 73' lang='grc' dir='ltr'><strong>ὁ)</strong></span> 
     </span>
    </p>
   </div>
   <div class='ocr_carea' id='block_1_55' title="bbox 255 3862 1823 3938">
    <p class='ocr_par' dir='ltr' id='par_1_55' title="bbox 255 3862 1823 3938">
     <span class='ocr_line' id='line_1_55' title="bbox 255 3862 1823 3938; baseline -0.004 -17"><span class='ocrx_word' id='word_1_376' title='bbox 255 3870 348 3921; x_wconf 75' lang='grc' dir='ltr'>τὸν</span> <span class='ocrx_word' id='word_1_377' title='bbox 367 3868 582 3938; x_wconf 84' lang='grc' dir='ltr'>Πατέρα</span> <span class='ocrx_word' id='word_1_378' title='bbox 606 3868 767 3937; x_wconf 82' lang='grc' dir='ltr'>μόνον</span> <span class='ocrx_word' id='word_1_379' title='bbox 792 3863 1072 3936; x_wconf 78' lang='grc' dir='ltr'>δηλοῦντὸ</span> <span class='ocrx_word' id='word_1_380' title='bbox 1097 3864 1396 3933; x_wconf 82' lang='grc' dir='ltr'>ἀγέννητον</span> <span class='ocrx_word' id='word_1_381' title='bbox 1423 3862 1823 3933; x_wconf 79' lang='grc' dir='ltr'>ὁμολογήσωσι,</span> 
     </span>
    </p>
   </div>
   <div class='ocr_carea' id='block_1_56' title="bbox 256 3948 1827 4027">
    <p class='ocr_par' dir='ltr' id='par_1_56' title="bbox 256 3948 1827 4027">
     <span class='ocr_line' id='line_1_56' title="bbox 256 3948 1827 4027; baseline -0.004 -14"><span class='ocrx_word' id='word_1_382' title='bbox 256 3948 557 4015; x_wconf 69' lang='grc' dir='ltr'>συνειδότες</span> <span class='ocrx_word' id='word_1_383' title='bbox 580 3958 656 4021; x_wconf 84' lang='grc' dir='ltr'>ὡς</span> <span class='ocrx_word' id='word_1_384' title='bbox 697 3957 857 4027; x_wconf 70' lang='grc' dir='ltr'>εἴπερ</span> <span class='ocrx_word' id='word_1_385' title='bbox 884 3956 1075 4010; x_wconf 79' lang='grc' dir='ltr'>οὐσίαν</span> <span class='ocrx_word' id='word_1_386' title='bbox 1104 3954 1238 4008; x_wconf 81' lang='grc' dir='ltr'>Θεοῦ</span> <span class='ocrx_word' id='word_1_387' title='bbox 1264 3955 1326 4006; x_wconf 86' lang='grc' dir='ltr'>τὸ</span> <span class='ocrx_word' id='word_1_388' title='bbox 1349 3954 1645 4023; x_wconf 81' lang='grc' dir='ltr'>ἀγέννητον</span> <span class='ocrx_word' id='word_1_389' title='bbox 1685 3950 1827 4007; x_wconf 81' lang='grc' dir='ltr'>εἶναι</span> 
     </span>
    </p>
   </div>
   <div class='ocr_carea' id='block_1_57' title="bbox 256 4044 1828 4119">
    <p class='ocr_par' dir='ltr' id='par_1_57' title="bbox 256 4044 1828 4119">
     <span class='ocr_line' id='line_1_57' title="bbox 256 4044 1828 4119; baseline -0.004 -14"><span class='ocrx_word' id='word_1_390' title='bbox 256 4050 474 4113; x_wconf 81' lang='grc' dir='ltr'>πάντως</span> <span class='ocrx_word' id='word_1_391' title='bbox 519 4050 816 4119; x_wconf 84' lang='grc' dir='ltr'>βιάσαιντο,</span> <span class='ocrx_word' id='word_1_392' title='bbox 861 4048 1048 4100; x_wconf 83' lang='grc' dir='ltr'>οὐσίαν</span> <span class='ocrx_word' id='word_1_393' title='bbox 1081 4044 1217 4098; x_wconf 83' lang='grc' dir='ltr'>Θεοῦ</span> <span class='ocrx_word' id='word_1_394' title='bbox 1246 4045 1336 4098; x_wconf 78' lang='grc' dir='ltr'>καὶ</span> <span class='ocrx_word' id='word_1_395' title='bbox 1367 4045 1428 4099; x_wconf 74' lang='grc' dir='ltr'>τὸ</span> <span class='ocrx_word' id='word_1_396' title='bbox 1452 4045 1741 4114; x_wconf 81' lang='grc' dir='ltr'>ἀσώματον</span> <span class='ocrx_word' id='word_1_397' title='bbox 1769 4045 1828 4110; x_wconf 72' lang='grc' dir='ltr'>ἐξ</span> 
     </span>
    </p>
   </div>
   <div class='ocr_carea' id='block_1_58' title="bbox 252 4135 1829 4211">
    <p class='ocr_par' dir='ltr' id='par_1_58' title="bbox 252 4135 1829 4211">
     <span class='ocr_line' id='line_1_58' title="bbox 252 4135 1829 4211; baseline -0.006 -14"><span class='ocrx_word' id='word_1_398' title='bbox 252 4143 527 4211; x_wconf 80' lang='grc' dir='ltr'>ἀκάγκης,</span> <span class='ocrx_word' id='word_1_399' title='bbox 568 4139 745 4194; x_wconf 75' lang='grc' dir='ltr'>καὶτὸ</span> <span class='ocrx_word' id='word_1_400' title='bbox 788 4141 1042 4208; x_wconf 76' lang='grc' dir='ltr'>ἄναρχον,</span> <span class='ocrx_word' id='word_1_401' title='bbox 1077 4137 1173 4190; x_wconf 69' lang='grc' dir='ltr'>καὶ</span> <span class='ocrx_word' id='word_1_402' title='bbox 1215 4138 1277 4189; x_wconf 76' lang='grc' dir='ltr'><strong>το</strong></span> <span class='ocrx_word' id='word_1_403' title='bbox 1314 4135 1601 4200; x_wconf 83' lang='grc' dir='ltr'>ἀθάνατον,</span> <span class='ocrx_word' id='word_1_404' title='bbox 1642 4136 1736 4189; x_wconf 76' lang='grc' dir='ltr'><strong>καὶ</strong></span> <span class='ocrx_word' id='word_1_405' title='bbox 1767 4136 1829 4189; x_wconf 83' lang='grc' dir='ltr'>τὸ</span> 
     </span>
    </p>
   </div>
   <div class='ocr_carea' id='block_1_59' title="bbox 256 4228 1829 4300">
    <p class='ocr_par' dir='ltr' id='par_1_59' title="bbox 256 4228 1829 4300">
     <span class='ocr_line' id='line_1_59' title="bbox 256 4228 1829 4300; baseline -0.004 -13"><span class='ocrx_word' id='word_1_406' title='bbox 256 4232 630 4296; x_wconf 76' lang='grc' dir='ltr'>ἀναλλοίωτον,</span> <span class='ocrx_word' id='word_1_407' title='bbox 688 4232 782 4284; x_wconf 74' lang='grc' dir='ltr'>καὶ</span> <span class='ocrx_word' id='word_1_408' title='bbox 830 4231 891 4282; x_wconf 77' lang='grc' dir='ltr'><strong>τὸ</strong></span> <span class='ocrx_word' id='word_1_409' title='bbox 939 4229 1246 4299; x_wconf 80' lang='grc' dir='ltr'>ἄφθαρτον,</span> <span class='ocrx_word' id='word_1_410' title='bbox 1296 4228 1392 4282; x_wconf 73' lang='grc' dir='ltr'><strong>καὶ</strong></span> <span class='ocrx_word' id='word_1_411' title='bbox 1449 4229 1551 4282; x_wconf 84' lang='grc' dir='ltr'>ὅσα</span> <span class='ocrx_word' id='word_1_412' title='bbox 1593 4228 1681 4282; x_wconf 81' lang='grc' dir='ltr'><strong>διὰ</strong></span> <span class='ocrx_word' id='word_1_413' title='bbox 1729 4229 1829 4300; x_wconf 85' lang='grc' dir='ltr'>τῆς</span> 
     </span>
    </p>
   </div>
   <div class='ocr_carea' id='block_1_60' title="bbox 256 4322 1828 4397">
    <p class='ocr_par' dir='ltr' id='par_1_60' title="bbox 256 4322 1828 4397">
     <span class='ocr_line' id='line_1_60' title="bbox 256 4322 1828 4397; baseline -0.002 -18"><span class='ocrx_word' id='word_1_414' title='bbox 256 4325 588 4397; x_wconf 67' lang='grc' dir='ltr'>περητικῆς</span> <span class='ocrx_word' id='word_1_415' title='bbox 633 4325 964 4394; x_wconf 79' lang='grc' dir='ltr'>ἀναιρέσεως</span> <span class='ocrx_word' id='word_1_416' title='bbox 1007 4323 1095 4376; x_wconf 86' lang='grc' dir='ltr'>διά</span> <span class='ocrx_word' id='word_1_417' title='bbox 1146 4322 1246 4394; x_wconf 79' lang='grc' dir='ltr'><strong>τὴν</strong></span> <span class='ocrx_word' id='word_1_418' title='bbox 1280 4322 1559 4393; x_wconf 81' lang='grc' dir='ltr'>ὑπεροχὴν</span> <span class='ocrx_word' id='word_1_419' title='bbox 1602 4324 1631 4376; x_wconf 80' lang='grc' dir='ltr'><strong>ὁ</strong></span> <span class='ocrx_word' id='word_1_420' title='bbox 1696 4322 1828 4386; x_wconf 85' lang='grc' dir='ltr'>Θεὸς</span> 
     </span>
    </p>
   </div>
   <div class='ocr_carea' id='block_1_61' title="bbox 1919 1825 3506 1897">
    <p class='ocr_par' dir='ltr' id='par_1_61' title="bbox 1919 1825 3506 1897">
     <span class='ocr_line' id='line_1_61' title="bbox 1919 1825 3506 1897; baseline 0.001 -17"><span class='ocrx_word' id='word_1_421' title='bbox 1919 1841 2028 1895; x_wconf 90' lang='lat' dir='ltr'><strong>que</strong></span> <span class='ocrx_word' id='word_1_422' title='bbox 2052 1841 2151 1896; x_wconf 91' lang='lat' dir='ltr'><strong>per</strong></span> <span class='ocrx_word' id='word_1_423' title='bbox 2170 1842 2274 1880; x_wconf 92' lang='lat' dir='ltr'><strong>nos</strong></span> <span class='ocrx_word' id='word_1_424' title='bbox 2297 1827 2610 1897; x_wconf 81' lang='lat' dir='ltr'><strong>cogitantur</strong></span> <span class='ocrx_word' id='word_1_425' title='bbox 2638 1826 2705 1880; x_wconf 91' lang='lat' dir='ltr'><strong>de</strong></span> <span class='ocrx_word' id='word_1_426' title='bbox 2721 1842 2789 1881; x_wconf 92' lang='lat' dir='ltr'><strong>eo</strong></span> <span class='ocrx_word' id='word_1_427' title='bbox 2823 1833 2879 1880; x_wconf 91' lang='lat' dir='ltr'><strong>et</strong></span> <span class='ocrx_word' id='word_1_428' title='bbox 2900 1825 3182 1892; x_wconf 89' lang='lat' dir='ltr'><strong>dicuntur,</strong></span> <span class='ocrx_word' id='word_1_429' title='bbox 3211 1835 3506 1896; x_wconf 88' lang='lat' dir='ltr'><strong>propterea</strong></span> 
     </span>
    </p>
   </div>
   <div class='ocr_carea' id='block_1_62' title="bbox 1924 1919 3506 1989">
    <p class='ocr_par' dir='ltr' id='par_1_62' title="bbox 1924 1919 3506 1989">
     <span class='ocr_line' id='line_1_62' title="bbox 1924 1919 3506 1989; baseline 0.001 -16"><span class='ocrx_word' id='word_1_430' title='bbox 1924 1919 2074 1989; x_wconf 91' lang='lat' dir='ltr'><strong>quod</strong></span> <span class='ocrx_word' id='word_1_431' title='bbox 2116 1919 2445 1974; x_wconf 89' lang='lat' dir='ltr'><strong>naturaliter</strong></span> <span class='ocrx_word' id='word_1_432' title='bbox 2508 1934 2727 1974; x_wconf 88' lang='lat' dir='ltr'><strong>omnem</strong></span> <span class='ocrx_word' id='word_1_433' title='bbox 2762 1927 2820 1974; x_wconf 89' lang='lat' dir='ltr'><strong>et</strong></span> <span class='ocrx_word' id='word_1_434' title='bbox 2862 1920 3163 1974; x_wconf 89' lang='lat' dir='ltr'><strong>motionem</strong></span> <span class='ocrx_word' id='word_1_435' title='bbox 3211 1927 3267 1974; x_wconf 86' lang='lat' dir='ltr'><strong>et</strong></span> <span class='ocrx_word' id='word_1_436' title='bbox 3301 1927 3506 1975; x_wconf 90' lang='lat' dir='ltr'><strong>statum</strong></span> 
     </span>
    </p>
   </div>
   <div class='ocr_carea' id='block_1_63' title="bbox 1921 2011 3506 2082">
    <p class='ocr_par' dir='ltr' id='par_1_63' title="bbox 1921 2011 3506 2082">
     <span class='ocr_line' id='line_1_63' title="bbox 1921 2011 3506 2082; baseline -0.001 -15"><span class='ocrx_word' id='word_1_437' title='bbox 1921 2020 2171 2082; x_wconf 88' lang='lat' dir='ltr'><strong>superat,</strong></span> <span class='ocrx_word' id='word_1_438' title='bbox 2200 2027 2382 2081; x_wconf 89' lang='lat' dir='ltr'><strong>neque</strong></span> <span class='ocrx_word' id='word_1_439' title='bbox 2407 2011 2517 2065; x_wconf 91' lang='lat' dir='ltr'><strong>ulla</strong></span> <span class='ocrx_word' id='word_1_440' title='bbox 2569 2012 2787 2065; x_wconf 88' lang='lat' dir='ltr'><strong>ratione</strong></span> <span class='ocrx_word' id='word_1_441' title='bbox 2818 2020 3024 2066; x_wconf 58' lang='lat' dir='ltr'><strong>nostrae</strong></span> <span class='ocrx_word' id='word_1_442' title='bbox 3069 2019 3281 2067; x_wconf 65' lang='lat' dir='ltr'><strong>naturae</strong></span> <span class='ocrx_word' id='word_1_443' title='bbox 3325 2011 3506 2066; x_wconf 88' lang='lat' dir='ltr'><strong>modis</strong></span> 
     </span>
    </p>
   </div>
   <div class='ocr_carea' id='block_1_64' title="bbox 1923 2102 3505 2174">
    <p class='ocr_par' dir='ltr' id='par_1_64' title="bbox 1923 2102 3505 2174">
     <span class='ocr_line' id='line_1_64' title="bbox 1923 2102 3505 2174; baseline 0.002 -19"><span class='ocrx_word' id='word_1_444' title='bbox 1923 2103 2191 2173; x_wconf 70' lang='lat' dir='ltr'><strong>subiacet.</strong></span> <span class='ocrx_word' id='word_1_445' title='bbox 2227 2103 2353 2158; x_wconf 67' lang='lat' dir='ltr'><strong>Haec</strong></span> <span class='ocrx_word' id='word_1_446' title='bbox 2392 2119 2491 2174; x_wconf 89' lang='lat' dir='ltr'><strong>per</strong></span> <span class='ocrx_word' id='word_1_447' title='bbox 2522 2102 2925 2173; x_wconf 78' lang='lat' dir='ltr'><strong>digressionem</strong></span> <span class='ocrx_word' id='word_1_448' title='bbox 2975 2103 3122 2158; x_wconf 88' lang='lat' dir='ltr'><strong>dicta</strong></span> <span class='ocrx_word' id='word_1_449' title='bbox 3171 2103 3284 2159; x_wconf 91' lang='lat' dir='ltr'><strong>sint</strong></span> <span class='ocrx_word' id='word_1_450' title='bbox 3329 2103 3398 2158; x_wconf 91' lang='lat' dir='ltr'><strong>de</strong></span> <span class='ocrx_word' id='word_1_451' title='bbox 3437 2120 3505 2159; x_wconf 87' lang='lat' dir='ltr'><strong>eo</strong></span> 
     </span>
    </p>
   </div>
   <div class='ocr_carea' id='block_1_65' title="bbox 1919 2194 3504 2265">
    <p class='ocr_par' dir='ltr' id='par_1_65' title="bbox 1919 2194 3504 2265">
     <span class='ocr_line' id='line_1_65' title="bbox 1919 2194 3504 2265; baseline 0.003 -18"><span class='ocrx_word' id='word_1_452' title='bbox 1919 2194 2067 2263; x_wconf 89' lang='lat' dir='ltr'><strong>quod</strong></span> <span class='ocrx_word' id='word_1_453' title='bbox 2091 2194 2227 2249; x_wconf 91' lang='lat' dir='ltr'><strong>nihil</strong></span> <span class='ocrx_word' id='word_1_454' title='bbox 2258 2195 2311 2248; x_wconf 92' lang='lat' dir='ltr'><strong>in</strong></span> <span class='ocrx_word' id='word_1_455' title='bbox 2337 2195 2504 2249; x_wconf 83' lang='lat' dir='ltr'><strong>rebus</strong></span> <span class='ocrx_word' id='word_1_456' title='bbox 2530 2195 2857 2249; x_wconf 87' lang='lat' dir='ltr'><strong>naturaliter</strong></span> <span class='ocrx_word' id='word_1_457' title='bbox 2909 2194 3163 2249; x_wconf 89' lang='lat' dir='ltr'><strong>absolute</strong></span> <span class='ocrx_word' id='word_1_458' title='bbox 3195 2211 3356 2265; x_wconf 83' lang='lat' dir='ltr'><strong>agere</strong></span> <span class='ocrx_word' id='word_1_459' title='bbox 3405 2196 3504 2251; x_wconf 87' lang='lat' dir='ltr'><strong>de-</strong></span> 
     </span>
    </p>
   </div>
   <div class='ocr_carea' id='block_1_66' title="bbox 1920 2285 3507 2355">
    <p class='ocr_par' dir='ltr' id='par_1_66' title="bbox 1920 2285 3507 2355">
     <span class='ocr_line' id='line_1_66' title="bbox 1920 2285 3507 2355; baseline -0.001 -14"><span class='ocrx_word' id='word_1_460' title='bbox 1920 2285 2154 2341; x_wconf 87' lang='lat' dir='ltr'><strong>beamus</strong></span> <span class='ocrx_word' id='word_1_461' title='bbox 2179 2286 2387 2352; x_wconf 88' lang='lat' dir='ltr'><strong>dicere,</strong></span> <span class='ocrx_word' id='word_1_462' title='bbox 2435 2301 2506 2340; x_wconf 86' lang='lat' dir='ltr'><strong>ne</strong></span> <span class='ocrx_word' id='word_1_463' title='bbox 2536 2285 2670 2355; x_wconf 90' lang='lat' dir='ltr'><strong>quid</strong></span> <span class='ocrx_word' id='word_1_464' title='bbox 2702 2300 2867 2339; x_wconf 89' lang='lat' dir='ltr'><strong>causa</strong></span> <span class='ocrx_word' id='word_1_465' title='bbox 2913 2299 3118 2339; x_wconf 89' lang='lat' dir='ltr'><strong>vacans</strong></span> <span class='ocrx_word' id='word_1_466' title='bbox 3151 2296 3345 2340; x_wconf 84' lang='lat' dir='ltr'><strong>eorum</strong></span> <span class='ocrx_word' id='word_1_467' title='bbox 3382 2300 3507 2355; x_wconf 72' lang='lat' dir='ltr'><strong>qua:</strong></span> 
     </span>
    </p>
   </div>
   <div class='ocr_carea' id='block_1_67' title="bbox 1921 2370 3508 2446">
    <p class='ocr_par' dir='ltr' id='par_1_67' title="bbox 1921 2370 3508 2446">
     <span class='ocr_line' id='line_1_67' title="bbox 1921 2370 3508 2446; baseline 0 -17"><span class='ocrx_word' id='word_1_468' title='bbox 1921 2383 2047 2445; x_wconf 86' lang='lat' dir='ltr'><strong>post</strong></span> <span class='ocrx_word' id='word_1_469' title='bbox 2077 2376 2248 2431; x_wconf 90' lang='lat' dir='ltr'><strong>Deum</strong></span> <span class='ocrx_word' id='word_1_470' title='bbox 2283 2384 2415 2431; x_wconf 87' lang='lat' dir='ltr'><strong>sunt</strong></span> <span class='ocrx_word' id='word_1_471' title='bbox 2468 2376 2655 2446; x_wconf 89' lang='lat' dir='ltr'><strong>inepte</strong></span> <span class='ocrx_word' id='word_1_472' title='bbox 2689 2370 3038 2440; x_wconf 79' lang='lat' dir='ltr'><strong>inducamus,</strong></span> <span class='ocrx_word' id='word_1_473' title='bbox 3072 2374 3170 2431; x_wconf 89' lang='lat' dir='ltr'><strong>sed</strong></span> <span class='ocrx_word' id='word_1_474' title='bbox 3225 2376 3309 2446; x_wconf 90' lang='lat' dir='ltr'><strong>agi</strong></span> <span class='ocrx_word' id='word_1_475' title='bbox 3345 2383 3508 2431; x_wconf 85' lang='lat' dir='ltr'><strong>natu-</strong></span> 
     </span>
    </p>
   </div>
   <div class='ocr_carea' id='block_1_68' title="bbox 1923 2467 3327 2540">
    <p class='ocr_par' dir='ltr' id='par_1_68' title="bbox 1923 2467 3327 2540">
     <span class='ocr_line' id='line_1_68' title="bbox 1923 2467 3327 2540; baseline -0.002 -16"><span class='ocrx_word' id='word_1_476' title='bbox 1923 2468 2114 2524; x_wconf 77' lang='lat' dir='ltr'><strong>raliter</strong></span> <span class='ocrx_word' id='word_1_477' title='bbox 2131 2484 2253 2525; x_wconf 82' lang='lat' dir='ltr'><strong>esse</strong></span> <span class='ocrx_word' id='word_1_478' title='bbox 2280 2483 2443 2540; x_wconf 86' lang='lat' dir='ltr'><strong>agere</strong></span> <span class='ocrx_word' id='word_1_479' title='bbox 2481 2468 2536 2523; x_wconf 95' lang='lat' dir='ltr'><strong>id</strong></span> <span class='ocrx_word' id='word_1_480' title='bbox 2556 2467 2705 2538; x_wconf 88' lang='lat' dir='ltr'><strong>quod</strong></span> <span class='ocrx_word' id='word_1_481' title='bbox 2734 2474 2920 2521; x_wconf 88' lang='lat' dir='ltr'><strong>actum</strong></span> <span class='ocrx_word' id='word_1_482' title='bbox 2950 2480 3111 2537; x_wconf 79' lang='lat' dir='ltr'><strong>agere</strong></span> <span class='ocrx_word' id='word_1_483' title='bbox 3126 2467 3327 2522; x_wconf 84' lang='lat' dir='ltr'><strong>valeat.</strong></span> 
     </span>
    </p>
   </div>
   <div class='ocr_carea' id='block_1_69' title="bbox 1926 2647 3509 2719">
    <p class='ocr_par' dir='ltr' id='par_1_69' title="bbox 1926 2647 3509 2719">
     <span class='ocr_line' id='line_1_69' title="bbox 1926 2647 3509 2719; baseline -0.001 -16"><span class='ocrx_word' id='word_1_484' title='bbox 1926 2649 2182 2719; x_wconf 79' lang='lat' dir='ltr'><strong>Ejusdem</strong></span> <span class='ocrx_word' id='word_1_485' title='bbox 2199 2651 2456 2705; x_wconf 74' lang='lat' dir='ltr'><strong>sermonis</strong></span> <span class='ocrx_word' id='word_1_486' title='bbox 2479 2650 2530 2703; x_wconf 80' lang='lat' dir='ltr'><strong>in</strong></span> <span class='ocrx_word' id='word_1_487' title='bbox 2555 2648 2690 2703; x_wconf 80' lang='lat' dir='ltr'><strong>illud</strong></span> <span class='ocrx_word' id='word_1_488' title='bbox 2708 2665 2756 2703; x_wconf 69' lang='grc' dir='ltr'><strong>ει</strong></span> <span class='ocrx_word' id='word_1_489' title='bbox 2777 2647 2882 2704; x_wconf 84' lang='lat' dir='ltr'><strong>Sed</strong></span> <span class='ocrx_word' id='word_1_490' title='bbox 2900 2649 2947 2703; x_wconf 76' lang='lat' dir='ltr'><strong>si</strong></span> <span class='ocrx_word' id='word_1_491' title='bbox 2969 2649 3359 2719; x_wconf 81' lang='lat' dir='ltr'><strong>incorporeum,</strong></span> <span class='ocrx_word' id='word_1_492' title='bbox 3375 2664 3509 2702; x_wconf 86' lang='lat' dir='ltr'><strong>non-</strong></span> 
     </span>
    </p>
   </div>
   <div class='ocr_carea' id='block_1_70' title="bbox 1998 2736 3509 2810">
    <p class='ocr_par' dir='ltr' id='par_1_70' title="bbox 1998 2736 3509 2810">
     <span class='ocr_line' id='line_1_70' title="bbox 1998 2736 3509 2810; baseline 0.001 -17"><span class='ocrx_word' id='word_1_493' title='bbox 1998 2739 2127 2793; x_wconf 80' lang='lat' dir='ltr'><strong>dum</strong></span> <span class='ocrx_word' id='word_1_494' title='bbox 2152 2749 2329 2793; x_wconf 74' lang='lat' dir='ltr'><strong>tamen</strong></span> <span class='ocrx_word' id='word_1_495' title='bbox 2356 2742 2455 2793; x_wconf 85' lang='lat' dir='ltr'><strong>hoc</strong></span> <span class='ocrx_word' id='word_1_496' title='bbox 2478 2740 2717 2793; x_wconf 60' lang='lat' dir='ltr'><strong>essentia?</strong></span> <span class='ocrx_word' id='word_1_497' title='bbox 2763 2736 3154 2808; x_wconf 77' lang='lat' dir='ltr'><strong>patrocinatur,</strong></span> <span class='ocrx_word' id='word_1_498' title='bbox 3205 2754 3309 2791; x_wconf 84' lang='lat' dir='ltr'><strong>non</strong></span> <span class='ocrx_word' id='word_1_499' title='bbox 3337 2740 3509 2810; x_wconf 72' lang='lat' dir='ltr'><strong>magis</strong></span> 
     </span>
    </p>
   </div>
   <div class='ocr_carea' id='block_1_71' title="bbox 1997 2830 3507 2902">
    <p class='ocr_par' dir='ltr' id='par_1_71' title="bbox 1997 2830 3507 2902">
     <span class='ocr_line' id='line_1_71' title="bbox 1997 2830 3507 2902; baseline 0.001 -17"><span class='ocrx_word' id='word_1_500' title='bbox 1997 2848 2161 2902; x_wconf 80' lang='lat' dir='ltr'><strong>quam</strong></span> <span class='ocrx_word' id='word_1_501' title='bbox 2186 2830 2325 2901; x_wconf 81' lang='lat' dir='ltr'><strong>quod</strong></span> <span class='ocrx_word' id='word_1_502' title='bbox 2350 2832 2667 2900; x_wconf 80' lang='lat' dir='ltr'><strong>ingenitum,</strong></span> <span class='ocrx_word' id='word_1_503' title='bbox 2710 2838 2762 2883; x_wconf 82' lang='lat' dir='ltr'><strong>et</strong></span> <span class='ocrx_word' id='word_1_504' title='bbox 2798 2831 2916 2884; x_wconf 79' lang='lat' dir='ltr'><strong>sine</strong></span> <span class='ocrx_word' id='word_1_505' title='bbox 2949 2831 3123 2897; x_wconf 80' lang='lat' dir='ltr'><strong>initio,</strong></span> <span class='ocrx_word' id='word_1_506' title='bbox 3153 2837 3205 2882; x_wconf 71' lang='lat' dir='ltr'><strong>et</strong></span> <span class='ocrx_word' id='word_1_507' title='bbox 3248 2832 3507 2886; x_wconf 78' lang='lat' dir='ltr'><strong>immuta-</strong></span> 
     </span>
    </p>
   </div>
   <div class='ocr_carea' id='block_1_72' title="bbox 1997 2923 3505 2994">
    <p class='ocr_par' dir='ltr' id='par_1_72' title="bbox 1997 2923 3505 2994">
     <span class='ocr_line' id='line_1_72' title="bbox 1997 2923 3505 2994; baseline 0.002 -16"><span class='ocrx_word' id='word_1_508' title='bbox 1997 2923 2120 2987; x_wconf 75' lang='lat' dir='ltr'><strong>bile,</strong></span> <span class='ocrx_word' id='word_1_509' title='bbox 2148 2931 2199 2976; x_wconf 85' lang='lat' dir='ltr'><strong>et</strong></span> <span class='ocrx_word' id='word_1_510' title='bbox 2216 2925 2331 2978; x_wconf 77' lang='lat' dir='ltr'><strong>sine</strong></span> <span class='ocrx_word' id='word_1_511' title='bbox 2376 2925 2618 2987; x_wconf 77' lang='lat' dir='ltr'><strong>interitu,</strong></span> <span class='ocrx_word' id='word_1_512' title='bbox 2661 2932 2712 2976; x_wconf 80' lang='lat' dir='ltr'><strong>et</strong></span> <span class='ocrx_word' id='word_1_513' title='bbox 2748 2937 3075 2994; x_wconf 66' lang='lat' dir='ltr'><strong>quacunque</strong></span> <span class='ocrx_word' id='word_1_514' title='bbox 3135 2923 3198 2976; x_wconf 81' lang='lat' dir='ltr'><strong>de</strong></span> <span class='ocrx_word' id='word_1_515' title='bbox 3253 2923 3365 2978; x_wconf 85' lang='lat' dir='ltr'><strong>Deo</strong></span> <span class='ocrx_word' id='word_1_516' title='bbox 3411 2934 3505 2980; x_wconf 71' lang='lat' dir='ltr'><strong>aut</strong></span> 
     </span>
    </p>
   </div>
   <div class='ocr_carea' id='block_1_73' title="bbox 1995 3017 2793 3072">
    <p class='ocr_par' dir='ltr' id='par_1_73' title="bbox 1995 3017 2793 3072">
     <span class='ocr_line' id='line_1_73' title="bbox 1995 3017 2793 3072; baseline -0.003 0"><span class='ocrx_word' id='word_1_517' title='bbox 1995 3019 2136 3072; x_wconf 83' lang='lat' dir='ltr'><strong>circa</strong></span> <span class='ocrx_word' id='word_1_518' title='bbox 2154 3017 2326 3072; x_wconf 82' lang='lat' dir='ltr'><strong>Deum</strong></span> <span class='ocrx_word' id='word_1_519' title='bbox 2345 3033 2456 3072; x_wconf 78' lang='lat' dir='ltr'><strong>esse</strong></span> <span class='ocrx_word' id='word_1_520' title='bbox 2482 3019 2752 3072; x_wconf 81' lang='lat' dir='ltr'><strong>dicuntur.</strong></span> <span class='ocrx_word' id='word_1_521' title='bbox 2776 3037 2793 3069; x_wconf 74' lang='grc' dir='ltr'><strong>ι</strong></span> 
     </span>
    </p>
   </div>
   <div class='ocr_carea' id='block_1_74' title="bbox 1998 3238 3506 3310">
    <p class='ocr_par' dir='ltr' id='par_1_74' title="bbox 1998 3238 3506 3310">
     <span class='ocr_line' id='line_1_74' title="bbox 1998 3238 3506 3310; baseline 0.007 -17"><span class='ocrx_word' id='word_1_522' title='bbox 1998 3238 2080 3293; x_wconf 85' lang='lat' dir='ltr'><strong>Ad</strong></span> <span class='ocrx_word' id='word_1_523' title='bbox 2120 3254 2217 3294; x_wconf 91' lang='lat' dir='ltr'><strong>eos</strong></span> <span class='ocrx_word' id='word_1_524' title='bbox 2268 3240 2324 3294; x_wconf 92' lang='lat' dir='ltr'><strong>in</strong></span> <span class='ocrx_word' id='word_1_525' title='bbox 2355 3239 2554 3310; x_wconf 87' lang='lat' dir='ltr'><strong>primis</strong></span> <span class='ocrx_word' id='word_1_526' title='bbox 2598 3240 2695 3310; x_wconf 87' lang='lat' dir='ltr'><strong>qui</strong></span> <span class='ocrx_word' id='word_1_527' title='bbox 2727 3241 2929 3296; x_wconf 87' lang='lat' dir='ltr'><strong>Filium</strong></span> <span class='ocrx_word' id='word_1_528' title='bbox 2981 3243 3129 3298; x_wconf 90' lang='lat' dir='ltr'><strong>Patri</strong></span> <span class='ocrx_word' id='word_1_529' title='bbox 3179 3244 3506 3303; x_wconf 90' lang='lat' dir='ltr'><strong>dissimilem</strong></span> 
     </span>
    </p>
   </div>
   <div class='ocr_carea' id='block_1_75' title="bbox 1925 3331 3508 3403">
    <p class='ocr_par' dir='ltr' id='par_1_75' title="bbox 1925 3331 3508 3403">
     <span class='ocr_line' id='line_1_75' title="bbox 1925 3331 3508 3403; baseline 0.008 -18"><span class='ocrx_word' id='word_1_530' title='bbox 1925 3331 2135 3386; x_wconf 81' lang='lat' dir='ltr'><strong>nefarie</strong></span> <span class='ocrx_word' id='word_1_531' title='bbox 2163 3332 2547 3396; x_wconf 89' lang='lat' dir='ltr'><strong>introducunt,</strong></span> <span class='ocrx_word' id='word_1_532' title='bbox 2600 3349 2668 3388; x_wconf 88' lang='lat' dir='ltr'><strong>eo</strong></span> <span class='ocrx_word' id='word_1_533' title='bbox 2705 3334 2878 3403; x_wconf 90' lang='lat' dir='ltr'><strong>quod,</strong></span> <span class='ocrx_word' id='word_1_534' title='bbox 2909 3345 2971 3390; x_wconf 92' lang='lat' dir='ltr'><strong>ut</strong></span> <span class='ocrx_word' id='word_1_535' title='bbox 3020 3338 3284 3403; x_wconf 87' lang='lat' dir='ltr'><strong>arbitror,</strong></span> <span class='ocrx_word' id='word_1_536' title='bbox 3327 3340 3508 3398; x_wconf 85' lang='lat' dir='ltr'><strong>Patris</strong></span> 
     </span>
    </p>
   </div>
   <div class='ocr_carea' id='block_1_76' title="bbox 1924 3423 3507 3498">
    <p class='ocr_par' dir='ltr' id='par_1_76' title="bbox 1924 3423 3507 3498">
     <span class='ocr_line' id='line_1_76' title="bbox 1924 3423 3507 3498; baseline 0.004 -20"><span class='ocrx_word' id='word_1_537' title='bbox 1924 3423 2217 3478; x_wconf 81' lang='lat' dir='ltr'><strong>essentiam</strong></span> <span class='ocrx_word' id='word_1_538' title='bbox 2248 3424 2302 3476; x_wconf 93' lang='lat' dir='ltr'><strong>in</strong></span> <span class='ocrx_word' id='word_1_539' title='bbox 2334 3438 2401 3477; x_wconf 89' lang='lat' dir='ltr'><strong>eo</strong></span> <span class='ocrx_word' id='word_1_540' title='bbox 2431 3424 2706 3478; x_wconf 90' lang='lat' dir='ltr'><strong>collocant</strong></span> <span class='ocrx_word' id='word_1_541' title='bbox 2761 3427 2910 3495; x_wconf 88' lang='lat' dir='ltr'><strong>quod</strong></span> <span class='ocrx_word' id='word_1_542' title='bbox 2940 3427 3221 3498; x_wconf 84' lang='lat' dir='ltr'><strong>ingenitus</strong></span> <span class='ocrx_word' id='word_1_543' title='bbox 3270 3430 3361 3494; x_wconf 90' lang='lat' dir='ltr'><strong>sit,</strong></span> <span class='ocrx_word' id='word_1_544' title='bbox 3384 3447 3507 3487; x_wconf 88' lang='lat' dir='ltr'><strong>ser-</strong></span> 
     </span>
    </p>
   </div>
   <div class='ocr_carea' id='block_1_77' title="bbox 1926 3514 3506 3590">
    <p class='ocr_par' dir='ltr' id='par_1_77' title="bbox 1926 3514 3506 3590">
     <span class='ocr_line' id='line_1_77' title="bbox 1926 3514 3506 3590; baseline 0.007 -23"><span class='ocrx_word' id='word_1_545' title='bbox 1926 3529 2145 3568; x_wconf 88' lang='lat' dir='ltr'><strong>monem</strong></span> <span class='ocrx_word' id='word_1_546' title='bbox 2182 3514 2449 3584; x_wconf 82' lang='lat' dir='ltr'><strong>dirigens,</strong></span> <span class='ocrx_word' id='word_1_547' title='bbox 2498 3522 2554 3568; x_wconf 90' lang='lat' dir='ltr'><strong>et</strong></span> <span class='ocrx_word' id='word_1_548' title='bbox 2602 3531 2670 3569; x_wconf 81' lang='lat' dir='ltr'><strong>ex</strong></span> <span class='ocrx_word' id='word_1_549' title='bbox 2698 3515 2976 3571; x_wconf 89' lang='lat' dir='ltr'><strong>similibus</strong></span> <span class='ocrx_word' id='word_1_550' title='bbox 3023 3517 3157 3586; x_wconf 87' lang='lat' dir='ltr'><strong>quid</strong></span> <span class='ocrx_word' id='word_1_551' title='bbox 3205 3535 3506 3590; x_wconf 82' lang='lat' dir='ltr'><strong>agnoscere</strong></span> 
     </span>
    </p>
   </div>
   <div class='ocr_carea' id='block_1_78' title="bbox 1927 3605 3506 3678">
    <p class='ocr_par' dir='ltr' id='par_1_78' title="bbox 1927 3605 3506 3678">
     <span class='ocr_line' id='line_1_78' title="bbox 1927 3605 3506 3678; baseline 0.006 -17"><span class='ocrx_word' id='word_1_552' title='bbox 1927 3606 2168 3661; x_wconf 83' lang='lat' dir='ltr'><strong>debeant</strong></span> <span class='ocrx_word' id='word_1_553' title='bbox 2190 3605 2493 3670; x_wconf 81' lang='lat' dir='ltr'><strong>instruens,</strong></span> <span class='ocrx_word' id='word_1_554' title='bbox 2521 3606 2637 3659; x_wconf 74' lang='lat' dir='ltr'><strong>lnec</strong></span> <span class='ocrx_word' id='word_1_555' title='bbox 2685 3606 2822 3661; x_wconf 82' lang='lat' dir='ltr'><strong>dicit</strong></span> <span class='ocrx_word' id='word_1_556' title='bbox 2853 3608 3136 3678; x_wconf 86' lang='lat' dir='ltr'><strong>magister,</strong></span> <span class='ocrx_word' id='word_1_557' title='bbox 3181 3620 3244 3666; x_wconf 87' lang='lat' dir='ltr'><strong>ut</strong></span> <span class='ocrx_word' id='word_1_558' title='bbox 3271 3613 3506 3671; x_wconf 80' lang='lat' dir='ltr'><strong>veritate</strong></span> 
     </span>
    </p>
   </div>
   <div class='ocr_carea' id='block_1_79' title="bbox 1927 3696 3505 3775">
    <p class='ocr_par' dir='ltr' id='par_1_79' title="bbox 1927 3696 3505 3775">
     <span class='ocr_line' id='line_1_79' title="bbox 1927 3696 3505 3775; baseline 0.006 -25"><span class='ocrx_word' id='word_1_559' title='bbox 1927 3697 1993 3750; x_wconf 89' lang='lat' dir='ltr'><strong>ad</strong></span> <span class='ocrx_word' id='word_1_560' title='bbox 2024 3698 2285 3767; x_wconf 87' lang='lat' dir='ltr'><strong>pietatem</strong></span> <span class='ocrx_word' id='word_1_561' title='bbox 2339 3696 2517 3751; x_wconf 82' lang='lat' dir='ltr'><strong>coacti</strong></span> <span class='ocrx_word' id='word_1_562' title='bbox 2580 3696 2818 3752; x_wconf 88' lang='lat' dir='ltr'><strong>libenter</strong></span> <span class='ocrx_word' id='word_1_563' title='bbox 2875 3713 2998 3753; x_wconf 83' lang='lat' dir='ltr'><strong>cum</strong></span> <span class='ocrx_word' id='word_1_564' title='bbox 3055 3699 3220 3756; x_wconf 88' lang='lat' dir='ltr'><strong>nobis</strong></span> <span class='ocrx_word' id='word_1_565' title='bbox 3259 3717 3327 3758; x_wconf 90' lang='lat' dir='ltr'><strong>eo</strong></span> <span class='ocrx_word' id='word_1_566' title='bbox 3355 3703 3505 3775; x_wconf 89' lang='lat' dir='ltr'><strong>quod</strong></span> 
     </span>
    </p>
   </div>
   <div class='ocr_carea' id='block_1_80' title="bbox 1928 3787 3509 3866">
    <p class='ocr_par' dir='ltr' id='par_1_80' title="bbox 1928 3787 3509 3866">
     <span class='ocr_line' id='line_1_80' title="bbox 1928 3787 3509 3866; baseline 0.005 -21"><span class='ocrx_word' id='word_1_567' title='bbox 1928 3791 2091 3845; x_wconf 89' lang='lat' dir='ltr'><strong>Pater</strong></span> <span class='ocrx_word' id='word_1_568' title='bbox 2117 3787 2471 3859; x_wconf 85' lang='lat' dir='ltr'><strong>generatione</strong></span> <span class='ocrx_word' id='word_1_569' title='bbox 2491 3796 2645 3842; x_wconf 88' lang='lat' dir='ltr'><strong>caret</strong></span> <span class='ocrx_word' id='word_1_570' title='bbox 2703 3789 2840 3843; x_wconf 84' lang='lat' dir='ltr'><strong>nihil</strong></span> <span class='ocrx_word' id='word_1_571' title='bbox 2872 3790 2978 3845; x_wconf 89' lang='lat' dir='ltr'><strong>nisi</strong></span> <span class='ocrx_word' id='word_1_572' title='bbox 3023 3793 3171 3862; x_wconf 87' lang='lat' dir='ltr'><strong>quod</strong></span> <span class='ocrx_word' id='word_1_573' title='bbox 3225 3793 3509 3866; x_wconf 85' lang='lat' dir='ltr'><strong>ingenitus</strong></span> 
     </span>
    </p>
   </div>
   <div class='ocr_carea' id='block_1_81' title="bbox 1929 3876 3509 3950">
    <p class='ocr_par' dir='ltr' id='par_1_81' title="bbox 1929 3876 3509 3950">
     <span class='ocr_line' id='line_1_81' title="bbox 1929 3876 3509 3950; baseline 0.003 -16"><span class='ocrx_word' id='word_1_574' title='bbox 1929 3881 2001 3934; x_wconf 90' lang='lat' dir='ltr'><strong>sit</strong></span> <span class='ocrx_word' id='word_1_575' title='bbox 2020 3878 2241 3948; x_wconf 82' lang='lat' dir='ltr'><strong>probari</strong></span> <span class='ocrx_word' id='word_1_576' title='bbox 2284 3876 2611 3942; x_wconf 85' lang='lat' dir='ltr'><strong>concedant,</strong></span> <span class='ocrx_word' id='word_1_577' title='bbox 2639 3893 2913 3933; x_wconf 90' lang='lat' dir='ltr'><strong>memores</strong></span> <span class='ocrx_word' id='word_1_578' title='bbox 2940 3879 3111 3950; x_wconf 89' lang='lat' dir='ltr'><strong>quod,</strong></span> <span class='ocrx_word' id='word_1_579' title='bbox 3139 3880 3182 3935; x_wconf 91' lang='lat' dir='ltr'><strong>si</strong></span> <span class='ocrx_word' id='word_1_580' title='bbox 3211 3883 3509 3938; x_wconf 88' lang='lat' dir='ltr'><strong>essentiam</strong></span> 
     </span>
    </p>
   </div>
   <div class='ocr_carea' id='block_1_82' title="bbox 1927 3967 3506 4045">
    <p class='ocr_par' dir='ltr' id='par_1_82' title="bbox 1927 3967 3506 4045">
     <span class='ocr_line' id='line_1_82' title="bbox 1927 3967 3506 4045; baseline 0.005 -22"><span class='ocrx_word' id='word_1_581' title='bbox 1927 3968 2028 4024; x_wconf 91' lang='lat' dir='ltr'><strong>Dei</strong></span> <span class='ocrx_word' id='word_1_582' title='bbox 2075 3969 2234 4038; x_wconf 90' lang='lat' dir='ltr'><strong>plane</strong></span> <span class='ocrx_word' id='word_1_583' title='bbox 2285 3967 2391 4022; x_wconf 91' lang='lat' dir='ltr'><strong>hoc</strong></span> <span class='ocrx_word' id='word_1_584' title='bbox 2434 3982 2555 4023; x_wconf 89' lang='lat' dir='ltr'><strong>esse</strong></span> <span class='ocrx_word' id='word_1_585' title='bbox 2577 3969 2985 4025; x_wconf 86' lang='lat' dir='ltr'><strong>contenderent</strong></span> <span class='ocrx_word' id='word_1_586' title='bbox 3031 3973 3181 4043; x_wconf 90' lang='lat' dir='ltr'><strong>quod</strong></span> <span class='ocrx_word' id='word_1_587' title='bbox 3221 3973 3506 4045; x_wconf 87' lang='lat' dir='ltr'><strong>ingenitus</strong></span> 
     </span>
    </p>
   </div>
   <div class='ocr_carea' id='block_1_83' title="bbox 1929 4057 3507 4136">
    <p class='ocr_par' dir='ltr' id='par_1_83' title="bbox 1929 4057 3507 4136">
     <span class='ocr_line' id='line_1_83' title="bbox 1929 4057 3507 4136; baseline 0.005 -21"><span class='ocrx_word' id='word_1_588' title='bbox 1929 4068 2033 4123; x_wconf 89' lang='lat' dir='ltr'><strong>est,</strong></span> <span class='ocrx_word' id='word_1_589' title='bbox 2077 4060 2244 4115; x_wconf 84' lang='lat' dir='ltr'><strong>etiam</strong></span> <span class='ocrx_word' id='word_1_590' title='bbox 2300 4060 2807 4130; x_wconf 85' lang='lat' dir='ltr'><strong>incorporalitatem</strong></span> <span class='ocrx_word' id='word_1_591' title='bbox 2872 4063 3030 4133; x_wconf 83' lang='lat' dir='ltr'><strong>ejus,</strong></span> <span class='ocrx_word' id='word_1_592' title='bbox 3091 4057 3343 4136; x_wconf 79' lang='lat' dir='ltr'><strong>et&#39;quod</strong></span> <span class='ocrx_word' id='word_1_593' title='bbox 3386 4069 3507 4124; x_wconf 91' lang='lat' dir='ltr'><strong>sine</strong></span> 
     </span>
    </p>
   </div>
   <div class='ocr_carea' id='block_1_84' title="bbox 1930 4152 3508 4222">
    <p class='ocr_par' dir='ltr' id='par_1_84' title="bbox 1930 4152 3508 4222">
     <span class='ocr_line' id='line_1_84' title="bbox 1930 4152 3508 4222; baseline 0.007 -18"><span class='ocrx_word' id='word_1_594' title='bbox 1930 4152 2110 4218; x_wconf 87' lang='lat' dir='ltr'><strong>initio,</strong></span> <span class='ocrx_word' id='word_1_595' title='bbox 2136 4161 2193 4207; x_wconf 89' lang='lat' dir='ltr'><strong>et</strong></span> <span class='ocrx_word' id='word_1_596' title='bbox 2216 4153 2548 4207; x_wconf 88' lang='lat' dir='ltr'><strong>immortalis</strong></span> <span class='ocrx_word' id='word_1_597' title='bbox 2571 4162 2675 4220; x_wconf 91' lang='lat' dir='ltr'><strong>est,</strong></span> <span class='ocrx_word' id='word_1_598' title='bbox 2703 4163 2759 4207; x_wconf 90' lang='lat' dir='ltr'><strong>et</strong></span> <span class='ocrx_word' id='word_1_599' title='bbox 2785 4156 3168 4222; x_wconf 88' lang='lat' dir='ltr'><strong>immutabilis,</strong></span> <span class='ocrx_word' id='word_1_600' title='bbox 3201 4167 3258 4213; x_wconf 92' lang='lat' dir='ltr'><strong>et</strong></span> <span class='ocrx_word' id='word_1_601' title='bbox 3276 4159 3508 4216; x_wconf 89' lang='lat' dir='ltr'><strong>interitu</strong></span> 
     </span>
    </p>
   </div>
   <div class='ocr_carea' id='block_1_85' title="bbox 1929 4244 3513 4322">
    <p class='ocr_par' dir='ltr' id='par_1_85' title="bbox 1929 4244 3513 4322">
     <span class='ocr_line' id='line_1_85' title="bbox 1929 4244 3513 4322; baseline 0.005 -24"><span class='ocrx_word' id='word_1_602' title='bbox 1929 4250 2099 4306; x_wconf 88' lang='lat' dir='ltr'><strong>caret,</strong></span> <span class='ocrx_word' id='word_1_603' title='bbox 2152 4251 2209 4297; x_wconf 89' lang='lat' dir='ltr'><strong>et</strong></span> <span class='ocrx_word' id='word_1_604' title='bbox 2264 4258 2608 4312; x_wconf 59' lang='lat' dir='ltr'><strong>quaecunque</strong></span> <span class='ocrx_word' id='word_1_605' title='bbox 2662 4244 2931 4313; x_wconf 89' lang='lat' dir='ltr'><strong>privative</strong></span> <span class='ocrx_word' id='word_1_606' title='bbox 3005 4256 3232 4317; x_wconf 86' lang='lat' dir='ltr'><strong>propter</strong></span> <span class='ocrx_word' id='word_1_607' title='bbox 3277 4265 3513 4322; x_wconf 84' lang='lat' dir='ltr'><strong>exsupe-</strong></span> 
     </span>
    </p>
   </div>
   <div class='ocr_carea' id='block_1_86' title="bbox 1933 4336 3513 4407">
    <p class='ocr_par' dir='ltr' id='par_1_86' title="bbox 1933 4336 3513 4407">
     <span class='ocr_line' id='line_1_86' title="bbox 1933 4336 3513 4407; baseline 0.007 -18"><span class='ocrx_word' id='word_1_608' title='bbox 1933 4337 2173 4390; x_wconf 88' lang='lat' dir='ltr'><strong>rantiam</strong></span> <span class='ocrx_word' id='word_1_609' title='bbox 2204 4336 2351 4389; x_wconf 89' lang='lat' dir='ltr'><strong>Deus</strong></span> <span class='ocrx_word' id='word_1_610' title='bbox 2379 4351 2504 4390; x_wconf 87' lang='lat' dir='ltr'><strong>esse</strong></span> <span class='ocrx_word' id='word_1_611' title='bbox 2541 4336 2750 4390; x_wconf 79' lang='lat' dir='ltr'><strong>dicitur</strong></span> <span class='ocrx_word' id='word_1_612' title='bbox 2781 4336 2954 4407; x_wconf 79' lang='lat' dir='ltr'><strong>(certe</strong></span> <span class='ocrx_word' id='word_1_613' title='bbox 2991 4338 3035 4392; x_wconf 93' lang='lat' dir='ltr'><strong>si</strong></span> <span class='ocrx_word' id='word_1_614' title='bbox 3062 4338 3168 4393; x_wconf 91' lang='lat' dir='ltr'><strong>sibi</strong></span> <span class='ocrx_word' id='word_1_615' title='bbox 3194 4351 3513 4400; x_wconf 85' lang='lat' dir='ltr'><strong>constantes</strong></span> 
     </span>
    </p>
   </div>
   <div class='ocr_carea' id='block_1_87' title="bbox 255 4412 1821 4503">
    <p class='ocr_par' dir='ltr' id='par_1_87' title="bbox 255 4412 1821 4483">
     <span class='ocr_line' id='line_1_87' title="bbox 255 4412 1821 4483; baseline -0.001 -15"><span class='ocrx_word' id='word_1_616' title='bbox 255 4413 394 4468; x_wconf 82' lang='grc' dir='ltr'>εἶναι</span> <span class='ocrx_word' id='word_1_617' title='bbox 447 4414 682 4483; x_wconf 79' lang='grc' dir='ltr'>λέγεται,</span> <span class='ocrx_word' id='word_1_618' title='bbox 731 4412 909 4480; x_wconf 84' lang='grc' dir='ltr'>λέγειν</span> <span class='ocrx_word' id='word_1_619' title='bbox 954 4412 1197 4477; x_wconf 75' lang='grc' dir='ltr'>εἰκότως,</span> <span class='ocrx_word' id='word_1_620' title='bbox 1248 4413 1457 4475; x_wconf 76' lang='grc' dir='ltr'>ἑαυτοῖς</span> <span class='ocrx_word' id='word_1_621' title='bbox 1507 4412 1638 4480; x_wconf 78' lang='grc' dir='ltr'>γοῦν</span> <span class='ocrx_word' id='word_1_622' title='bbox 1686 4429 1821 4466; x_wconf 85' lang='grc' dir='ltr'>στοι-</span> 
     </span>
    </p>
   </div>
   <div class='ocr_carea' id='block_1_88' title="bbox 1930 4412 3511 4503">
    <p class='ocr_par' dir='ltr' id='par_1_88' title="bbox 1936 4425 3511 4503">
     <span class='ocr_line' id='line_1_88' title="bbox 1936 4425 3511 4503; baseline 0.004 -22"><span class='ocrx_word' id='word_1_623' title='bbox 1936 4426 2369 4495; x_wconf 89' lang='lat' dir='ltr'><strong>esscvoluerint)</strong></span> <span class='ocrx_word' id='word_1_624' title='bbox 2421 4425 2738 4481; x_wconf 87' lang='lat' dir='ltr'><strong>necessario</strong></span> <span class='ocrx_word' id='word_1_625' title='bbox 2797 4427 2988 4497; x_wconf 88' lang='lat' dir='ltr'><strong>utique</strong></span> <span class='ocrx_word' id='word_1_626' title='bbox 3015 4436 3261 4484; x_wconf 87' lang='lat' dir='ltr'><strong>statuere</strong></span> <span class='ocrx_word' id='word_1_627' title='bbox 3306 4446 3511 4503; x_wconf 86' lang='lat' dir='ltr'><strong>cogen-</strong></span> 
     </span>
    </p>
   </div>
   <div class='ocr_carea' id='block_1_89' title="bbox 254 4504 1826 4578">
    <p class='ocr_par' dir='ltr' id='par_1_89' title="bbox 254 4504 1826 4578">
     <span class='ocr_line' id='line_1_89' title="bbox 254 4504 1826 4578; baseline -0.002 -18"><span class='ocrx_word' id='word_1_628' title='bbox 254 4508 496 4578; x_wconf 75' lang='grc' dir='ltr'>χοῦντες,</span> <span class='ocrx_word' id='word_1_629' title='bbox 539 4505 1012 4576; x_wconf 81' lang='grc' dir='ltr'>ὲκδιασθήσονται,</span> <span class='ocrx_word' id='word_1_630' title='bbox 1059 4505 1155 4558; x_wconf 75' lang='grc' dir='ltr'><strong>καὶ</strong></span> <span class='ocrx_word' id='word_1_631' title='bbox 1204 4504 1345 4559; x_wconf 75' lang='grc' dir='ltr'>οὕτω</span> <span class='ocrx_word' id='word_1_632' title='bbox 1394 4504 1595 4568; x_wconf 86' lang='grc' dir='ltr'>πολλὰς</span> <span class='ocrx_word' id='word_1_633' title='bbox 1638 4505 1826 4569; x_wconf 80' lang='grc' dir='ltr'>οὐσίας</span> 
     </span>
    </p>
   </div>
   <div class='ocr_carea' id='block_1_90' title="bbox 252 4596 1831 4669">
    <p class='ocr_par' dir='ltr' id='par_1_90' title="bbox 252 4596 1831 4669">
     <span class='ocr_line' id='line_1_90' title="bbox 252 4596 1831 4669; baseline 0 -20"><span class='ocrx_word' id='word_1_634' title='bbox 252 4597 411 4663; x_wconf 65' lang='grc' dir='ltr'>θεοῦ,</span> <span class='ocrx_word' id='word_1_635' title='bbox 428 4601 541 4651; x_wconf 63' lang='grc' dir='ltr'><strong>⁴καὶ</strong></span> <span class='ocrx_word' id='word_1_636' title='bbox 566 4598 628 4651; x_wconf 73' lang='grc' dir='ltr'>οὔ</span> <span class='ocrx_word' id='word_1_637' title='bbox 649 4598 796 4669; x_wconf 79' lang='grc' dir='ltr'>μίαν,</span> <span class='ocrx_word' id='word_1_638' title='bbox 830 4596 1031 4667; x_wconf 83' lang='grc' dir='ltr'>μᾶλλον</span> <span class='ocrx_word' id='word_1_639' title='bbox 1056 4596 1134 4660; x_wconf 84' lang='grc' dir='ltr'><strong>δὲ,</strong></span> <span class='ocrx_word' id='word_1_640' title='bbox 1168 4596 1499 4667; x_wconf 84' lang='grc' dir='ltr'>κυριώτερον</span> <span class='ocrx_word' id='word_1_641' title='bbox 1537 4598 1711 4650; x_wconf 70' lang='grc' dir='ltr'>εἰπεῖν</span> <span class='ocrx_word' id='word_1_642' title='bbox 1739 4597 1831 4649; x_wconf 81' lang='grc' dir='ltr'><strong>καὶ</strong></span> 
     </span>
    </p>
   </div>
   <div class='ocr_carea' id='block_1_91' title="bbox 254 4686 1833 4759">
    <p class='ocr_par' dir='ltr' id='par_1_91' title="bbox 254 4686 1833 4759">
     <span class='ocr_line' id='line_1_91' title="bbox 254 4686 1833 4759; baseline 0 -19"><span class='ocrx_word' id='word_1_643' title='bbox 254 4689 634 4759; x_wconf 72' lang='grc' dir='ltr'>ἀληθέστερον,</span> <span class='ocrx_word' id='word_1_644' title='bbox 676 4688 965 4742; x_wconf 72' lang='grc' dir='ltr'>πολυθεῖαν</span> <span class='ocrx_word' id='word_1_645' title='bbox 999 4687 1317 4758; x_wconf 80' lang='grc' dir='ltr'>Ἑλληνικὴν</span> <span class='ocrx_word' id='word_1_646' title='bbox 1355 4686 1635 4751; x_wconf 84' lang='grc' dir='ltr'>νοσοῦντες</span> <span class='ocrx_word' id='word_1_647' title='bbox 1679 4689 1833 4755; x_wconf 64' lang='grc' dir='ltr'>ὲλεγῇ</span> 
     </span>
    </p>
   </div>
   <div class='ocr_carea' id='block_1_92' title="bbox 253 4779 1831 4855">
    <p class='ocr_par' dir='ltr' id='par_1_92' title="bbox 253 4779 1831 4855">
     <span class='ocr_line' id='line_1_92' title="bbox 253 4779 1831 4855; baseline -0.001 -20"><span class='ocrx_word' id='word_1_648' title='bbox 253 4784 567 4855; x_wconf 79' lang='grc' dir='ltr'>χθήσονται,</span> <span class='ocrx_word' id='word_1_649' title='bbox 601 4784 740 4853; x_wconf 76' lang='grc' dir='ltr'>επερ</span> <span class='ocrx_word' id='word_1_650' title='bbox 788 4783 863 4844; x_wconf 80' lang='grc' dir='ltr'>ὼς</span> <span class='ocrx_word' id='word_1_651' title='bbox 893 4779 1087 4844; x_wconf 73' lang='grc' dir='ltr'>ἀσεϐὲς</span> <span class='ocrx_word' id='word_1_652' title='bbox 1126 4782 1300 4835; x_wconf 73' lang='grc' dir='ltr'>εἰπεῖν</span> <span class='ocrx_word' id='word_1_653' title='bbox 1329 4781 1706 4852; x_wconf 85' lang='grc' dir='ltr'>αἰσχυνόμενοι</span> <span class='ocrx_word' id='word_1_654' title='bbox 1732 4782 1831 4853; x_wconf 85' lang='grc' dir='ltr'><strong>τῆς</strong></span> 
     </span>
    </p>
   </div>
   <div class='ocr_carea' id='block_1_93' title="bbox 253 4873 1832 4943">
    <p class='ocr_par' dir='ltr' id='par_1_93' title="bbox 253 4873 1832 4943">
     <span class='ocr_line' id='line_1_93' title="bbox 253 4873 1832 4943; baseline 0 -16"><span class='ocrx_word' id='word_1_655' title='bbox 253 4877 512 4938; x_wconf 79' lang='grc' dir='ltr'>ἀπονοίας</span> <span class='ocrx_word' id='word_1_656' title='bbox 551 4876 767 4937; x_wconf 85' lang='grc' dir='ltr'>πάντως</span> <span class='ocrx_word' id='word_1_657' title='bbox 812 4874 1100 4941; x_wconf 78' lang='grc' dir='ltr'>ἀφέξονται</span> <span class='ocrx_word' id='word_1_658' title='bbox 1136 4874 1229 4927; x_wconf 75' lang='grc' dir='ltr'><strong>καὶ</strong></span> <span class='ocrx_word' id='word_1_659' title='bbox 1260 4873 1338 4943; x_wconf 74' lang='grc' dir='ltr'><strong>μὴ</strong></span> <span class='ocrx_word' id='word_1_660' title='bbox 1390 4873 1722 4943; x_wconf 81' lang='grc' dir='ltr'>βουλόμενοι.</span> <span class='ocrx_word' id='word_1_661' title='bbox 1751 4874 1832 4927; x_wconf 84' lang='grc' dir='ltr'>Τά</span> 
     </span>
    </p>
   </div>
   <div class='ocr_carea' id='block_1_94' title="bbox 242 4964 1832 5037">
    <p class='ocr_par' dir='ltr' id='par_1_94' title="bbox 242 4964 1832 5037">
     <span class='ocr_line' id='line_1_94' title="bbox 242 4964 1832 5037; baseline 0.015 -41"><span class='ocrx_word' id='word_1_662' title='bbox 242 4968 367 5036; x_wconf 60' lang='grc' dir='ltr'>,γὰρ</span> <span class='ocrx_word' id='word_1_663' title='bbox 409 4966 705 5036; x_wconf 72' lang='grc' dir='ltr'>στερητικὰ</span> <span class='ocrx_word' id='word_1_664' title='bbox 747 4966 780 5037; x_wconf 80' lang='grc' dir='ltr'>ἢ</span> <span class='ocrx_word' id='word_1_665' title='bbox 833 4965 1152 5037; x_wconf 84' lang='grc' dir='ltr'>ὰναιρετικὰ</span> <span class='ocrx_word' id='word_1_666' title='bbox 1200 4964 1326 5035; x_wconf 85' lang='grc' dir='ltr'>περι</span> <span class='ocrx_word' id='word_1_667' title='bbox 1373 4981 1424 5017; x_wconf 88' lang='grc' dir='ltr'><strong>τι</strong></span> <span class='ocrx_word' id='word_1_668' title='bbox 1480 4965 1832 5036; x_wconf 82' lang='grc' dir='ltr'>θεωρούμενα</span> 
     </span>
    </p>
   </div>
   <div class='ocr_carea' id='block_1_95' title="bbox 252 5056 1829 5128">
    <p class='ocr_par' dir='ltr' id='par_1_95' title="bbox 252 5056 1829 5128">
     <span class='ocr_line' id='line_1_95' title="bbox 252 5056 1829 5128; baseline 0.001 -19"><span class='ocrx_word' id='word_1_669' title='bbox 252 5059 506 5110; x_wconf 75' lang='grc' dir='ltr'>οὐκ-αὑτὸ</span> <span class='ocrx_word' id='word_1_670' title='bbox 530 5062 704 5111; x_wconf 78' lang='grc' dir='ltr'>ἐκεῖνο</span> <span class='ocrx_word' id='word_1_671' title='bbox 735 5058 991 5127; x_wconf 82' lang='grc' dir='ltr'>τυγχάνει</span> <span class='ocrx_word' id='word_1_672' title='bbox 1028 5057 1156 5110; x_wconf 80' lang='grc' dir='ltr'>ὄντα</span> <span class='ocrx_word' id='word_1_673' title='bbox 1178 5058 1237 5109; x_wconf 67' lang='lat' dir='ltr'><strong>rb</strong></span> <span class='ocrx_word' id='word_1_674' title='bbox 1265 5056 1394 5126; x_wconf 78' lang='grc' dir='ltr'>περὶ</span> <span class='ocrx_word' id='word_1_675' title='bbox 1418 5058 1447 5109; x_wconf 81' lang='grc' dir='ltr'><strong>ὃ</strong></span> <span class='ocrx_word' id='word_1_676' title='bbox 1473 5056 1829 5128; x_wconf 80' lang='grc' dir='ltr'>θεωροῦνται,</span> 
     </span>
    </p>
   </div>
   <div class='ocr_carea' id='block_1_96' title="bbox 253 5147 1827 5219">
    <p class='ocr_par' dir='ltr' id='par_1_96' title="bbox 253 5147 1827 5219">
     <span class='ocr_line' id='line_1_96' title="bbox 253 5147 1827 5219; baseline 0.001 -17"><span class='ocrx_word' id='word_1_677' title='bbox 253 5150 377 5202; x_wconf 76' lang='grc' dir='ltr'>ἐπεὶ</span> <span class='ocrx_word' id='word_1_678' title='bbox 409 5152 627 5213; x_wconf 79' lang='grc' dir='ltr'>πάντως</span> <span class='ocrx_word' id='word_1_679' title='bbox 670 5154 883 5201; x_wconf 73' lang='grc' dir='ltr'>ὲσονται</span> <span class='ocrx_word' id='word_1_680' title='bbox 920 5147 1029 5201; x_wconf 85' lang='grc' dir='ltr'><strong>τῶν</strong></span> <span class='ocrx_word' id='word_1_681' title='bbox 1060 5148 1433 5219; x_wconf 79' lang='grc' dir='ltr'>σημαινόντων</span> <span class='ocrx_word' id='word_1_682' title='bbox 1470 5150 1530 5201; x_wconf 81' lang='grc' dir='ltr'>τὸ</span> <span class='ocrx_word' id='word_1_683' title='bbox 1570 5150 1624 5201; x_wconf 81' lang='grc' dir='ltr'>τί</span> <span class='ocrx_word' id='word_1_684' title='bbox 1659 5152 1827 5213; x_wconf 77' lang='grc' dir='ltr'>ἐστιν,</span> 
     </span>
    </p>
   </div>
   <div class='ocr_carea' id='block_1_97' title="bbox 251 5239 1831 5306">
    <p class='ocr_par' dir='ltr' id='par_1_97' title="bbox 251 5239 1831 5306">
     <span class='ocr_line' id='line_1_97' title="bbox 251 5239 1831 5306; baseline 0.002 -14"><span class='ocrx_word' id='word_1_685' title='bbox 251 5241 329 5300; x_wconf 75' lang='grc' dir='ltr'>ὡς</span> <span class='ocrx_word' id='word_1_686' title='bbox 359 5243 534 5293; x_wconf 77' lang='grc' dir='ltr'>ἐκεῖνο</span> <span class='ocrx_word' id='word_1_687' title='bbox 579 5240 712 5294; x_wconf 69' lang='grc' dir='ltr'>αὐτὸ</span> <span class='ocrx_word' id='word_1_688' title='bbox 758 5240 906 5306; x_wconf 75' lang='grc' dir='ltr'>ὄντα,</span> <span class='ocrx_word' id='word_1_689' title='bbox 952 5240 1066 5292; x_wconf 85' lang='grc' dir='ltr'>ἀλλ’</span> <span class='ocrx_word' id='word_1_690' title='bbox 1107 5240 1167 5292; x_wconf 82' lang='grc' dir='ltr'>οὐ</span> <span class='ocrx_word' id='word_1_691' title='bbox 1206 5239 1266 5293; x_wconf 77' lang='grc' dir='ltr'><strong>τὸ</strong></span> <span class='ocrx_word' id='word_1_692' title='bbox 1291 5239 1345 5292; x_wconf 84' lang='grc' dir='ltr'><strong>τί</strong></span> <span class='ocrx_word' id='word_1_693' title='bbox 1387 5240 1486 5293; x_wconf 83' lang='grc' dir='ltr'><strong>οὐκ</strong></span> <span class='ocrx_word' id='word_1_694' title='bbox 1522 5241 1671 5294; x_wconf 78' lang='grc' dir='ltr'>ἔστιν</span> <span class='ocrx_word' id='word_1_695' title='bbox 1696 5242 1831 5295; x_wconf 83' lang='grc' dir='ltr'>αὐτὸ</span> 
     </span>
    </p>
   </div>
   <div class='ocr_carea' id='block_1_98' title="bbox 252 5327 1827 5398">
    <p class='ocr_par' dir='ltr' id='par_1_98' title="bbox 252 5327 1827 5398">
     <span class='ocr_line' id='line_1_98' title="bbox 252 5327 1827 5398; baseline 0.004 -19"><span class='ocrx_word' id='word_1_696' title='bbox 252 5328 426 5379; x_wconf 77' lang='grc' dir='ltr'>έκεῖνο</span> <span class='ocrx_word' id='word_1_697' title='bbox 471 5328 830 5398; x_wconf 74' lang='grc' dir='ltr'>σημαίνονταο</span> <span class='ocrx_word' id='word_1_698' title='bbox 900 5330 947 5380; x_wconf 84' lang='grc' dir='ltr'>εὶ</span> <span class='ocrx_word' id='word_1_699' title='bbox 986 5328 1040 5381; x_wconf 77' lang='grc' dir='ltr'><strong>δὲ</strong></span> <span class='ocrx_word' id='word_1_700' title='bbox 1079 5327 1258 5391; x_wconf 78' lang='grc' dir='ltr'>τοῦτο,</span> <span class='ocrx_word' id='word_1_701' title='bbox 1307 5329 1433 5396; x_wconf 82' lang='grc' dir='ltr'>ὅρος</span> <span class='ocrx_word' id='word_1_702' title='bbox 1479 5330 1687 5385; x_wconf 78' lang='grc' dir='ltr'>ἐκείνου</span> <span class='ocrx_word' id='word_1_703' title='bbox 1733 5332 1827 5386; x_wconf 81' lang='grc' dir='ltr'>τοῦ</span> 
     </span>
    </p>
   </div>
   <div class='ocr_carea' id='block_1_99' title="bbox 1934 4518 3513 4588">
    <p class='ocr_par' dir='ltr' id='par_1_99' title="bbox 1934 4518 3513 4588">
     <span class='ocr_line' id='line_1_99' title="bbox 1934 4518 3513 4588; baseline 0.004 -17"><span class='ocrx_word' id='word_1_704' title='bbox 1934 4525 2047 4581; x_wconf 92' lang='lat' dir='ltr'><strong>tur,</strong></span> <span class='ocrx_word' id='word_1_705' title='bbox 2107 4518 2356 4587; x_wconf 88' lang='lat' dir='ltr'><strong>adeoque</strong></span> <span class='ocrx_word' id='word_1_706' title='bbox 2384 4532 2498 4571; x_wconf 90' lang='lat' dir='ltr'><strong>non</strong></span> <span class='ocrx_word' id='word_1_707' title='bbox 2533 4534 2699 4573; x_wconf 91' lang='lat' dir='ltr'><strong>unam</strong></span> <span class='ocrx_word' id='word_1_708' title='bbox 2732 4527 2998 4588; x_wconf 80' lang='lat' dir='ltr'><strong>statuere,</strong></span> <span class='ocrx_word' id='word_1_709' title='bbox 3033 4519 3130 4575; x_wconf 90' lang='lat' dir='ltr'><strong>sed</strong></span> <span class='ocrx_word' id='word_1_710' title='bbox 3184 4523 3387 4578; x_wconf 89' lang='lat' dir='ltr'><strong>multas</strong></span> <span class='ocrx_word' id='word_1_711' title='bbox 3413 4524 3513 4580; x_wconf 90' lang='lat' dir='ltr'><strong>Dei</strong></span> 
     </span>
    </p>
   </div>
   <div class='ocr_carea' id='block_1_100' title="bbox 1933 4605 3507 4689">
    <p class='ocr_par' dir='ltr' id='par_1_100' title="bbox 1933 4605 3507 4689">
     <span class='ocr_line' id='line_1_100' title="bbox 1933 4605 3507 4689; baseline 0.006 -26"><span class='ocrx_word' id='word_1_712' title='bbox 1933 4608 2226 4673; x_wconf 82' lang='lat' dir='ltr'><strong>esscntias,</strong></span> <span class='ocrx_word' id='word_1_713' title='bbox 2255 4605 2386 4673; x_wconf 88' lang='lat' dir='ltr'><strong>imo,</strong></span> <span class='ocrx_word' id='word_1_714' title='bbox 2446 4617 2506 4662; x_wconf 92' lang='lat' dir='ltr'><strong>ut</strong></span> <span class='ocrx_word' id='word_1_715' title='bbox 2527 4609 2704 4680; x_wconf 88' lang='lat' dir='ltr'><strong>magis</strong></span> <span class='ocrx_word' id='word_1_716' title='bbox 2726 4610 2951 4680; x_wconf 89' lang='lat' dir='ltr'><strong>proprie</strong></span> <span class='ocrx_word' id='word_1_717' title='bbox 2983 4625 3048 4665; x_wconf 88' lang='lat' dir='ltr'><strong>ac</strong></span> <span class='ocrx_word' id='word_1_718' title='bbox 3095 4612 3280 4689; x_wconf 78' lang='lat' dir='ltr'><strong>verius</strong></span> <span class='ocrx_word' id='word_1_719' title='bbox 3304 4614 3507 4683; x_wconf 90' lang='lat' dir='ltr'><strong>dicam,</strong></span> 
     </span>
    </p>
   </div>
   <div class='ocr_carea' id='block_1_101' title="bbox 1933 4698 3511 4776">
    <p class='ocr_par' dir='ltr' id='par_1_101' title="bbox 1933 4698 3511 4776">
     <span class='ocr_line' id='line_1_101' title="bbox 1933 4698 3511 4776; baseline 0.008 -24"><span class='ocrx_word' id='word_1_720' title='bbox 1933 4698 2082 4768; x_wconf 91' lang='lat' dir='ltr'><strong>quod</strong></span> <span class='ocrx_word' id='word_1_721' title='bbox 2135 4699 2358 4776; x_wconf 80' lang='lat' dir='ltr'><strong>gentilis</strong></span> <span class='ocrx_word' id='word_1_722' title='bbox 2384 4701 2680 4756; x_wconf 85' lang='lat' dir='ltr'><strong>multorum</strong></span> <span class='ocrx_word' id='word_1_723' title='bbox 2729 4702 2961 4757; x_wconf 89' lang='lat' dir='ltr'><strong>deorum</strong></span> <span class='ocrx_word' id='word_1_724' title='bbox 2994 4704 3277 4775; x_wconf 86' lang='lat' dir='ltr'><strong>religionis</strong></span> <span class='ocrx_word' id='word_1_725' title='bbox 3314 4710 3511 4765; x_wconf 88' lang='lat' dir='ltr'><strong>morbo</strong></span> 
     </span>
    </p>
   </div>
   <div class='ocr_carea' id='block_1_102' title="bbox 1933 4788 3514 4870">
    <p class='ocr_par' dir='ltr' id='par_1_102' title="bbox 1933 4788 3514 4870">
     <span class='ocr_line' id='line_1_102' title="bbox 1933 4788 3514 4870; baseline 0.009 -28"><span class='ocrx_word' id='word_1_726' title='bbox 1933 4788 2189 4844; x_wconf 87' lang='lat' dir='ltr'><strong>laborent</strong></span> <span class='ocrx_word' id='word_1_727' title='bbox 2216 4791 2298 4845; x_wconf 90' lang='lat' dir='ltr'><strong>sic</strong></span> <span class='ocrx_word' id='word_1_728' title='bbox 2326 4792 2722 4861; x_wconf 81' lang='lat' dir='ltr'><strong>traducentur;</strong></span> <span class='ocrx_word' id='word_1_729' title='bbox 2753 4794 2926 4863; x_wconf 90' lang='lat' dir='ltr'><strong>quod,</strong></span> <span class='ocrx_word' id='word_1_730' title='bbox 2965 4804 3027 4850; x_wconf 91' lang='lat' dir='ltr'><strong>ut</strong></span> <span class='ocrx_word' id='word_1_731' title='bbox 3084 4797 3339 4870; x_wconf 85' lang='lat' dir='ltr'><strong>impium,</strong></span> <span class='ocrx_word' id='word_1_732' title='bbox 3373 4817 3514 4856; x_wconf 91' lang='lat' dir='ltr'><strong>con-</strong></span> 
     </span>
    </p>
   </div>
   <div class='ocr_carea' id='block_1_103' title="bbox 1938 4878 3512 4958">
    <p class='ocr_par' dir='ltr' id='par_1_103' title="bbox 1938 4878 3512 4958">
     <span class='ocr_line' id='line_1_103' title="bbox 1938 4878 3512 4958; baseline 0.01 -25"><span class='ocrx_word' id='word_1_733' title='bbox 1938 4878 2080 4934; x_wconf 83' lang='lat' dir='ltr'><strong>ﬁteri</strong></span> <span class='ocrx_word' id='word_1_734' title='bbox 2112 4881 2156 4934; x_wconf 87' lang='lat' dir='ltr'><strong>si</strong></span> <span class='ocrx_word' id='word_1_735' title='bbox 2200 4892 2550 4948; x_wconf 81' lang='lat' dir='ltr'><strong>reverentur,</strong></span> <span class='ocrx_word' id='word_1_736' title='bbox 2600 4887 2841 4939; x_wconf 90' lang='lat' dir='ltr'><strong>amentia</strong></span> <span class='ocrx_word' id='word_1_737' title='bbox 2886 4901 2984 4942; x_wconf 87' lang='lat' dir='ltr'><strong>sua</strong></span> <span class='ocrx_word' id='word_1_738' title='bbox 3028 4888 3190 4958; x_wconf 89' lang='lat' dir='ltr'><strong>plane</strong></span> <span class='ocrx_word' id='word_1_739' title='bbox 3215 4890 3304 4944; x_wconf 90' lang='lat' dir='ltr'><strong>vel</strong></span> <span class='ocrx_word' id='word_1_740' title='bbox 3349 4892 3512 4949; x_wconf 80' lang='lat' dir='ltr'><strong>inviti</strong></span> 
     </span>
    </p>
   </div>
   <div class='ocr_carea' id='block_1_104' title="bbox 1935 4972 3512 5050">
    <p class='ocr_par' dir='ltr' id='par_1_104' title="bbox 1935 4972 3512 5050">
     <span class='ocr_line' id='line_1_104' title="bbox 1935 4972 3512 5050; baseline 0.008 -23"><span class='ocrx_word' id='word_1_741' title='bbox 1935 4972 2229 5028; x_wconf 88' lang='lat' dir='ltr'><strong>decedent.</strong></span> <span class='ocrx_word' id='word_1_742' title='bbox 2256 4974 2539 5044; x_wconf 34' lang='lat' dir='ltr'><strong>’Privativa</strong></span> <span class='ocrx_word' id='word_1_743' title='bbox 2571 4977 2718 5030; x_wconf 88' lang='lat' dir='ltr'><strong>enim</strong></span> <span class='ocrx_word' id='word_1_744' title='bbox 2765 4978 2881 5032; x_wconf 89' lang='lat' dir='ltr'><strong>sive</strong></span> <span class='ocrx_word' id='word_1_745' title='bbox 2923 4978 3179 5048; x_wconf 84' lang='lat' dir='ltr'><strong>negativa</strong></span> <span class='ocrx_word' id='word_1_746' title='bbox 3208 4996 3331 5050; x_wconf 63' lang='lat' dir='ltr'><strong>qua:</strong></span> <span class='ocrx_word' id='word_1_747' title='bbox 3360 4984 3512 5040; x_wconf 90' lang='lat' dir='ltr'><strong>circa</strong></span> 
     </span>
    </p>
   </div>
   <div class='ocr_carea' id='block_1_105' title="bbox 1934 5058 3511 5140">
    <p class='ocr_par' dir='ltr' id='par_1_105' title="bbox 1934 5058 3511 5140">
     <span class='ocr_line' id='line_1_105' title="bbox 1934 5058 3511 5140; baseline 0.009 -23"><span class='ocrx_word' id='word_1_748' title='bbox 1934 5079 2052 5118; x_wconf 88' lang='lat' dir='ltr'><strong>rem</strong></span> <span class='ocrx_word' id='word_1_749' title='bbox 2105 5058 2345 5135; x_wconf 79' lang='lat' dir='ltr'><strong>aliquam</strong></span> <span class='ocrx_word' id='word_1_750' title='bbox 2381 5067 2752 5123; x_wconf 81' lang='lat' dir='ltr'><strong>observantur</strong></span> <span class='ocrx_word' id='word_1_751' title='bbox 2794 5070 2942 5124; x_wconf 88' lang='lat' dir='ltr'><strong>haud</strong></span> <span class='ocrx_word' id='word_1_752' title='bbox 2974 5070 3158 5140; x_wconf 87' lang='lat' dir='ltr'><strong>ipsum</strong></span> <span class='ocrx_word' id='word_1_753' title='bbox 3209 5073 3349 5130; x_wconf 88' lang='lat' dir='ltr'><strong>illud</strong></span> <span class='ocrx_word' id='word_1_754' title='bbox 3379 5086 3511 5131; x_wconf 87' lang='lat' dir='ltr'><strong>sunt</strong></span> 
     </span>
    </p>
   </div>
   <div class='ocr_carea' id='block_1_106' title="bbox 1934 5156 3511 5232">
    <p class='ocr_par' dir='ltr' id='par_1_106' title="bbox 1934 5156 3511 5232">
     <span class='ocr_line' id='line_1_106' title="bbox 1934 5156 3511 5232; baseline 0.009 -22"><span class='ocrx_word' id='word_1_755' title='bbox 1934 5156 2080 5212; x_wconf 91' lang='lat' dir='ltr'><strong>circa</strong></span> <span class='ocrx_word' id='word_1_756' title='bbox 2107 5158 2253 5227; x_wconf 88' lang='lat' dir='ltr'><strong>quod</strong></span> <span class='ocrx_word' id='word_1_757' title='bbox 2288 5160 2682 5226; x_wconf 86' lang='lat' dir='ltr'><strong>observantur,</strong></span> <span class='ocrx_word' id='word_1_758' title='bbox 2738 5163 2866 5232; x_wconf 86' lang='lat' dir='ltr'><strong>quia</strong></span> <span class='ocrx_word' id='word_1_759' title='bbox 2897 5163 3125 5231; x_wconf 88' lang='lat' dir='ltr'><strong>quidem</strong></span> <span class='ocrx_word' id='word_1_760' title='bbox 3156 5168 3383 5223; x_wconf 90' lang='lat' dir='ltr'><strong>omnino</strong></span> <span class='ocrx_word' id='word_1_761' title='bbox 3428 5170 3511 5224; x_wconf 90' lang='lat' dir='ltr'><strong>sic</strong></span> 
     </span>
    </p>
   </div>
   <div class='ocr_carea' id='block_1_107' title="bbox 1933 5255 3511 5331">
    <p class='ocr_par' dir='ltr' id='par_1_107' title="bbox 1933 5255 3511 5331">
     <span class='ocr_line' id='line_1_107' title="bbox 1933 5255 3511 5331; baseline 0.009 -28"><span class='ocrx_word' id='word_1_762' title='bbox 1933 5264 2132 5304; x_wconf 87' lang='lat' dir='ltr'><strong>eorum</strong></span> <span class='ocrx_word' id='word_1_763' title='bbox 2174 5262 2359 5305; x_wconf 84' lang='lat' dir='ltr'><strong>essent</strong></span> <span class='ocrx_word' id='word_1_764' title='bbox 2390 5269 2511 5322; x_wconf 66' lang='lat' dir='ltr'><strong>qua:</strong></span> <span class='ocrx_word' id='word_1_765' title='bbox 2554 5255 2685 5323; x_wconf 87' lang='lat' dir='ltr'><strong>quid</strong></span> <span class='ocrx_word' id='word_1_766' title='bbox 2742 5255 2815 5310; x_wconf 89' lang='lat' dir='ltr'><strong>sit</strong></span> <span class='ocrx_word' id='word_1_767' title='bbox 2870 5255 3156 5321; x_wconf 88' lang='lat' dir='ltr'><strong>denotant,</strong></span> <span class='ocrx_word' id='word_1_768' title='bbox 3211 5266 3272 5312; x_wconf 90' lang='lat' dir='ltr'><strong>ut</strong></span> <span class='ocrx_word' id='word_1_769' title='bbox 3330 5261 3511 5331; x_wconf 89' lang='lat' dir='ltr'><strong>ipsum</strong></span> 
     </span>
    </p>
   </div>
   <div class='ocr_carea' id='block_1_108' title="bbox 1933 5342 3507 5428">
    <p class='ocr_par' dir='ltr' id='par_1_108' title="bbox 1933 5342 3507 5428">
     <span class='ocr_line' id='line_1_108' title="bbox 1933 5342 3507 5428; baseline 0.01 -33"><span class='ocrx_word' id='word_1_770' title='bbox 1933 5342 2070 5396; x_wconf 88' lang='lat' dir='ltr'><strong>illud</strong></span> <span class='ocrx_word' id='word_1_771' title='bbox 2112 5344 2456 5409; x_wconf 81' lang='lat' dir='ltr'><strong>cxsistcnlia,</strong></span> <span class='ocrx_word' id='word_1_772' title='bbox 2489 5347 2583 5401; x_wconf 88' lang='lat' dir='ltr'><strong>sed</strong></span> <span class='ocrx_word' id='word_1_773' title='bbox 2616 5362 2726 5401; x_wconf 87' lang='lat' dir='ltr'><strong>non</strong></span> <span class='ocrx_word' id='word_1_774' title='bbox 2755 5347 2887 5417; x_wconf 84' lang='lat' dir='ltr'><strong>quid</strong></span> <span class='ocrx_word' id='word_1_775' title='bbox 2919 5365 3031 5404; x_wconf 85' lang='lat' dir='ltr'><strong>non</strong></span> <span class='ocrx_word' id='word_1_776' title='bbox 3055 5349 3130 5405; x_wconf 90' lang='lat' dir='ltr'><strong>sit</strong></span> <span class='ocrx_word' id='word_1_777' title='bbox 3162 5350 3296 5408; x_wconf 88' lang='lat' dir='ltr'><strong>illud</strong></span> <span class='ocrx_word' id='word_1_778' title='bbox 3327 5352 3507 5428; x_wconf 85' lang='lat' dir='ltr'><strong>ipsum</strong></span> 
     </span>
    </p>
   </div>
   <div class='ocr_carea' id='block_1_109' title="bbox 1557 5467 2222 5531">
    <p class='ocr_par' dir='ltr' id='par_1_109' title="bbox 1557 5467 2222 5531">
     <span class='ocr_line' id='line_1_109' title="bbox 1557 5467 2222 5531; baseline 0.012 -8"><span class='ocrx_word' id='word_1_779' title='bbox 1557 5467 1789 5524; x_wconf 71' lang='lat' dir='ltr'><strong>VARUE</strong></span> <span class='ocrx_word' id='word_1_780' title='bbox 1828 5468 2222 5531; x_wconf 80' lang='lat' dir='ltr'><strong>LECTIONES.</strong></span> 
     </span>
    </p>
   </div>
   <div class='ocr_carea' id='block_1_110' title="bbox 322 5530 859 5601">
    <p class='ocr_par' dir='ltr' id='par_1_110' title="bbox 322 5530 859 5601">
     <span class='ocr_line' id='line_1_110' title="bbox 322 5530 859 5601; baseline 0.011 -20"><span class='ocrx_word' id='word_1_781' title='bbox 322 5530 368 5559; x_wconf 72' lang='lat'>&quot;</span> <span class='ocrx_word' id='word_1_782' title='bbox 395 5531 537 5601; x_wconf 77' lang='grc' dir='ltr'>ὑμᾶς</span> <span class='ocrx_word' id='word_1_783' title='bbox 566 5532 690 5586; x_wconf 87' lang='lat' dir='ltr'><strong>cod.</strong></span> <span class='ocrx_word' id='word_1_784' title='bbox 717 5532 859 5587; x_wconf 86' lang='lat' dir='ltr'><strong>Gud.</strong></span> 
     </span>
    </p>
   </div>
   <div class='ocr_carea' id='block_1_111' title="bbox 326 5644 1984 5722">
    <p class='ocr_par' dir='ltr' id='par_1_111' title="bbox 326 5644 1984 5722">
     <span class='ocr_line' id='line_1_111' title="bbox 326 5644 1984 5722; baseline 0.01 -27"><span class='ocrx_word' id='word_1_785' title='bbox 326 5646 399 5711; x_wconf 46' lang='grc' dir='ltr'><strong>λυ)</strong></span> <span class='ocrx_word' id='word_1_786' title='bbox 434 5644 581 5697; x_wconf 76' lang='lat' dir='ltr'><strong>Idem</strong></span> <span class='ocrx_word' id='word_1_787' title='bbox 610 5648 732 5701; x_wconf 70' lang='lat' dir='ltr'><strong>ibid.</strong></span> <span class='ocrx_word' id='word_1_788' title='bbox 764 5663 882 5716; x_wconf 67' lang='lat' dir='ltr'><strong>Cap.</strong></span> <span class='ocrx_word' id='word_1_789' title='bbox 912 5649 965 5707; x_wconf 78' lang='lat'><strong>9,</strong></span> <span class='ocrx_word' id='word_1_790' title='bbox 1002 5665 1053 5718; x_wconf 75' lang='grc' dir='ltr'><strong>ιι.</strong></span> <span class='ocrx_word' id='word_1_791' title='bbox 1091 5650 1212 5713; x_wconf 65' lang='lat' dir='ltr'><strong>SOI,</strong></span> <span class='ocrx_word' id='word_1_792' title='bbox 1251 5658 1381 5705; x_wconf 74' lang='lat' dir='ltr'><strong>tum.</strong></span> <span class='ocrx_word' id='word_1_793' title='bbox 1415 5652 1456 5715; x_wconf 87' lang='lat' dir='ltr'><strong>l,</strong></span> <span class='ocrx_word' id='word_1_794' title='bbox 1487 5650 1624 5722; x_wconf 83' lang='lat' dir='ltr'><strong>Opp.</strong></span> <span class='ocrx_word' id='word_1_795' title='bbox 1653 5654 1739 5706; x_wconf 82' lang='lat' dir='ltr'><strong>ed.</strong></span> <span class='ocrx_word' id='word_1_796' title='bbox 1779 5654 1984 5711; x_wconf 82' lang='lat' dir='ltr'><strong>Bened.</strong></span> 
     </span>
    </p>
   </div>
  </div>
