3984 6198
470 235 610 301 129.3

1598 292 1631 321 ⁴
1647 234 1709 292 8.
1750 230 2040 292 ΜΑΧΙΜΙ
2073 226 2587 290 CONFESSORIS

3589 219 3734 285 1224

464 343 819 409 denotantia;
849 340 997 412 quod
1040 340 1086 395 si
1110 354 1304 395 verum
1336 347 1509 405 esset,
1540 338 1668 395 ﬁnis
1706 339 1861 403 illius
1889 340 2040 396 circa
2068 387 2075 399 .

2189 336 2272 407 api.
2319 335 2348 388 ὃ
2413 335 2664 403 λέγονται
2729 328 2874 387 εἶναι
2943 332 3118 387 ταῦτα
3176 330 3547 416 δειχθήσεται,
3600 334 3739 406 ὅπερ

465 437 615 509 quod
650 436 920 491 dicuntur
938 448 1062 488 esse
1095 433 1213 488 haec
1239 428 1783 499 demonstrarentur,
1820 431 1878 487 id
1894 433 2045 502 quod

468 533 718 600 ineptum
747 537 832 582 est
862 534 918 581 et
948 525 1066 580 ﬁeri
1091 526 1306 596 nequit.
1332 525 1454 580 Non
1504 525 1653 580 enim
1708 541 1776 580 ex
1812 524 1883 580 iis
1924 540 2049 594 quae

468 640 583 679 non
609 629 740 676 sunt
772 634 962 674 rerum
990 618 1131 673 ﬁnes
1164 617 1527 687 colliguntur,
1571 615 1669 671 sed
1696 631 1765 670 ex
1808 615 1876 669 iis
1925 629 2050 684 quae

467 722 619 779 sunt,
665 727 789 782 qua:
820 711 1083 780 exiguum
1133 724 1326 764 rerum
1368 707 1694 777 expendunt
1728 714 1898 775 atque
1944 720 2050 759 am-

466 806 715 877 pliﬁcant
741 802 1033 867 ambitum,
1087 801 1182 872 qui
1230 806 1445 856 nomen
1484 815 1679 854 carum
1732 806 1839 853 est.
1901 797 2053 853 Nihil

468 900 663 968 itaque
696 896 926 951 omnino
944 911 1012 949 ex
1042 894 1267 969 iisquae
1293 893 1362 947 de
1390 893 1507 947 Deo
1529 901 1627 946 aut
1672 892 1821 946 circa
1877 890 2053 944 Deum
2098 888 2101 891 ’

469 1006 590 1045 esse
612 989 895 1051 dicuntur,
923 987 1017 1041 Dei
1066 986 1310 1041 essentia
1370 1000 1615 1054 unquam
1673 997 1796 1038 esse
1847 989 2050 1052 potest,

470 1083 598 1153 quia
622 1098 725 1137 nec
750 1080 1105 1151 positionem,
1126 1093 1249 1147 qua:
1272 1077 1387 1132 sola
1418 1086 1475 1131 et
1497 1076 1599 1131 soli
1627 1076 1741 1131 Deo
1766 1073 2052 1144 competit,

471 1182 528 1227 ct
564 1172 834 1227 relatione
892 1179 1071 1235 vacat,
1103 1186 1210 1225 nec
1258 1169 1435 1237 ipsum
1477 1169 1612 1222 illud
1629 1167 1780 1238 quod
1824 1167 1878 1221 vi
1906 1167 2055 1220 circa

472 1263 681 1334 aliquid
711 1264 890 1317 activa
916 1277 1145 1332 prorsus
1198 1270 1443 1317 solutum
1485 1270 1571 1315 est
1621 1259 1930 1315 secundum
1961 1272 2055 1313 cs-

473 1354 707 1407 sentiam
745 1368 812 1407 ac
841 1353 1214 1408 substantiam
1244 1352 1492 1407 indicare
1528 1360 1734 1423 potest.

478 1529 561 1584 Ex
590 1530 771 1584 eodem
786 1530 1033 1585 sermone
1064 1533 1121 1585 in
1151 1530 1291 1587 illud
1316 1549 1334 1587 :
1375 1554 1391 1584 ι
1419 1533 1879 1599 Quemadmodum
1912 1534 2056 1589 enim

547 1639 650 1675 non
680 1623 867 1692 stt/ﬁcit
889 1639 1080 1693 corpus
1115 1624 1329 1691 dicere,
1359 1635 1451 1680 aut
1480 1635 1794 1697 generatum
1826 1641 1936 1679 esse
1988 1624 2059 1679 ad
2092 1648 2133 1700 Β

553 1716 1038 1770 demonstrandum
1054 1719 1693 1789 atque,manifestandum
1706 1721 1801 1773 hoc
1818 1717 1901 1772 uel
1922 1717 2064 1771 illud

549 1805 690 1856 circa
724 1803 865 1871 quod
903 1806 1013 1857 lucc
1038 1815 1343 1871 versentur,
1379 1808 1472 1861 sed
1504 1806 1644 1861 illud
1689 1824 1897 1879 quoque
1922 1807 2063 1879 quod

550 1891 629 1943 his
652 1891 949 1961 subjectum
975 1904 1051 1947 est
1085 1894 1259 1949 dicere
1283 1905 1510 1966 oportet,
1540 1899 1585 1951 si
1608 1900 1734 1968 {quis
1772 1899 1997 1969 perfecte
2014 1907 2064 1952 et

554 1978 711 2050 plene
730 1982 859 2050 quid
925 1984 1210 2052 cogitemus
1258 1995 1563 2040 monstrare
1616 1986 1886 2053 voluerit;
1936 2003 2065 2042 nam

554 2070 635 2123 vel
655 2072 810 2125 homo
863 2072 947 2126 vel
1004 2074 1093 2128 bos
1121 2075 1205 2129 uel
1236 2092 1403 2147 equus
1460 2080 1558 2131 hoc
1605 2094 1918 2147 corporeum
1955 2095 2066 2134 esse

555 2172 723 2233 potest
745 2172 794 2217 et
817 2165 1060 2220 interimi
1082 2168 1384 2223 obnoxium.
1404 2189 1422 2222 ι

556 2276 694 2331 Cum
740 2285 970 2333 sanctus
990 2279 1285 2335 haereticos
1307 2280 1527 2338 videret
1549 2283 1606 2338 id
1636 2300 1810 2339 unum
1826 2294 2063 2353 certare,

400 2434 409 2443 _
490 2377 552 2421 ut
576 2371 1111 2438 supercssentialem
1140 2382 1394 2429 naturam
1418 2384 1669 2431 amentes
1696 2392 1887 2433 secum
1934 2380 2071 2450 ipsis

490 2459 865 2527 destruerent,
904 2462 1339 2535 artiﬁciosisque
1380 2467 1695 2524 rationibus
1738 2479 2071 2540 potestatem

492 2551 929 2622 insuperabilem
953 2556 1220 2627 omnique
1242 2558 1557 2615 conditioni
1579 2577 1649 2617 ex
1693 2563 1815 2633 pari
1863 2564 2072 2635 imper-

492 2646 813 2715 ceptibilem
844 2662 959 2703 suae
981 2650 1321 2720 cognitionis
1344 2655 1844 2724 comprehensione
1874 2672 2073 2728 capere

493 2735 717 2800 conari,
732 2751 832 2806 per
860 2744 1040 2791 totum
1076 2754 1394 2796 sermonem
1425 2744 1699 2812 privative
1733 2755 1791 2801 et
1818 2748 2075 2818 negative

494 2825 563 2881 de
584 2827 700 2881 Deo
734 2827 927 2884 dicere
952 2829 1166 2896 maluit,
1216 2832 1356 2886 nulli
1394 2835 1624 2889 omnino
1670 2837 1936 2907 positioni
1980 2846 2077 2893 aut

494 2917 843 2975 aﬁirmationi
922 2921 1192 2989 indulsit,
1247 2940 1317 2979 ne
1387 2920 1652 2997 tanquam
1718 2929 2074 2999 impudentes

496 3024 661 3065 canes
697 3009 843 3065 hanc
864 3011 1150 3067 mordicus
1174 3023 1470 3084 captarent
1512 3026 1571 3072 et
1615 3020 1904 3075 venenatis
1933 3020 2074 3076 den-

498 3103 647 3157 tibus
666 3103 723 3157 in
744 3104 1001 3161 veritatis
1032 3120 1351 3161 sermonem
1403 3107 1617 3165 furiose
1667 3110 1948 3167 irruerent
1985 3128 2077 3169 oc-

496 3195 777 3249 casionem
798 3196 1181 3266 pretendendi
1212 3206 1497 3270 utcunque
1521 3210 1577 3255 et
1604 3201 1832 3257 fallendi
1855 3212 1912 3257 et
1943 3220 2075 3275 pro-

496 3286 604 3355 prii
643 3286 812 3341 studii
845 3287 1147 3344 artiﬁcium
1174 3292 1507 3347 conﬁciendi
1541 3294 1983 3368 qualemcunque
2006 3296 2077 3359 de

499 3376 612 3430 Deo
636 3376 743 3431 sibi
762 3392 1082 3435 concessam
1112 3382 1388 3436 sermonis
1416 3384 1750 3453 positionem
1784 3386 2074 3443 facientes.

499 3466 678 3533 Quare
695 3484 877 3538 neque
897 3484 1122 3542 corpus,
1144 3488 1327 3543 neque
1345 3473 1707 3531 immateriale
1728 3492 1952 3549 corpus,
1974 3496 2075 3535 ne-

501 3574 607 3629 que
634 3560 984 3632 incorporale
1013 3564 1264 3630 omnino,
1289 3582 1474 3636 neque
1501 3567 1559 3622 in
1585 3569 1868 3637 universo,
1896 3587 2079 3641 neque

501 3651 557 3706 in
576 3653 685 3707 ulla
709 3653 957 3709 universi
982 3664 1162 3726 parte,
1183 3672 1366 3728 neque
1391 3675 1557 3730 supra
1580 3661 1924 3728 universum,
1947 3673 2083 3721 etut

501 3744 828 3811 simpliciter
847 3744 1050 3813 dicam,
1072 3748 1212 3803 nihil
1252 3750 1481 3805 omnino
1509 3760 1565 3807 et
1590 3753 1647 3807 in
1686 3754 1863 3809 nihilo
1887 3770 2082 3811 eorum

502 3855 624 3907 quae
657 3838 1033 3910 qualicunque
1059 3840 1246 3907 modo,
1281 3850 1343 3896 ut
1373 3859 1570 3898 verum
1591 3852 1697 3911 est,
1715 3846 1976 3915 videntur
1996 3844 2083 3904 vel

418 3998 419 4005 γ
503 3931 1055 4002 comprehenduntur
1090 3933 1175 3987 vel
1226 3933 1494 3989 dicuntur
1517 3937 1603 3991 vel
1646 3938 1962 4009 cogitantur
1993 3941 2083 3997 vel

506 4024 658 4079 nosci
687 4030 970 4092 utcunque
992 4035 1247 4093 possunt,
1271 4026 1446 4081 Deum
1473 4042 1596 4083 esse
1624 4028 1810 4094 docet,
1840 4030 1909 4087 de
1931 4033 2084 4088 omni

508 4132 601 4171 cos
621 4115 904 4185 Opinione,
918 4113 1017 4169 Dei
1039 4117 1278 4171 essentia
1296 4117 1430 4187 quid
1446 4119 1518 4174 sit
1539 4121 1936 4191 comprehendi
1956 4138 2085 4194 pos-

506 4225 587 4275 se,
614 4207 969 4278 propulsans.
1011 4208 1222 4265 Deinde
1251 4209 1550 4267 instantius
1585 4228 1682 4269 eos
1709 4214 1779 4269 ad
1817 4215 2082 4285 pietatem

511 4301 800 4372 instigans,
827 4309 882 4356 et
903 4315 971 4356 ex
1002 4300 1331 4358 inferiorum
1356 4311 1414 4360 et
1442 4303 1879 4375 incomparabile
1906 4323 2085 4377 quan—

509 4403 625 4447 tum
659 4409 690 4447 a
715 4392 829 4448 Deo
852 4392 1180 4449 distantium
1204 4394 1636 4467 investigatione
1684 4398 1995 4454 universale
2016 4399 2085 4454 de

509 4487 623 4541 Deo
645 4485 948 4540 temerarie
971 4500 1158 4556 neque
1202 4487 1471 4558 cogitare,
1495 4488 1703 4544 nedum
1744 4490 1966 4546 edicere
1988 4492 2087 4546 ulli

511 4580 592 4634 l'as
612 4594 736 4634 esse
759 4592 968 4633 conans
998 4579 1362 4648 persuadere,
1393 4581 1511 4635 haec
1539 4580 1696 4636 dicit.
1734 4583 1804 4637 Et
1833 4582 2088 4653 profecto

510 4673 577 4728 ad
636 4670 972 4728 stabilienda
1013 4686 1236 4742 quoque
1281 4687 1345 4727 ea
1403 4689 1529 4742 qua:
1584 4682 1782 4729 contra
1830 4691 1929 4731 eos
1972 4676 2087 4747 jam

512 4765 783 4838 privative
812 4772 870 4819 et
901 4763 1156 4835 negative
1184 4763 1588 4835 disputaverat,
1614 4774 1676 4820 ut
1697 4765 1826 4822 inde
1846 4782 2092 4823 commo-

514 4855 908 4927 nefacti,quod
933 4856 1102 4911 etiam
1134 4855 1462 4912 ultimorum
1509 4858 1568 4913 in
1599 4858 1803 4915 creatis
1828 4867 2089 4914 accurata

512 4945 940 5016 comprehensio
990 4944 1286 5002 rationalis
1335 4948 1682 5023 nostra-vis
1763 4948 2090 5007 facultatem

514 5046 763 5109 superet,
789 5039 964 5094 multo
989 5039 1217 5112 majoris
1243 5040 1577 5096 temeritatis
1618 5049 1677 5097 et
1710 5042 1956 5098 audacia:
1989 5043 2093 5097 im-

515 5142 704 5206 petum
721 5146 984 5188 coercere
1010 5122 1258 5203 possent,
1276 5142 1570 5204 postquam
1590 5133 1646 5187 in
1665 5135 1856 5204 parvis
1876 5142 2092 5189 natura:

515 5226 898 5282 inﬁrmitatem
923 5233 1172 5281 nossent.
1214 5226 1436 5281 Etenim
1474 5226 1521 5280 si
1576 5225 1644 5281 de
1672 5226 1845 5295 ﬁgura
1906 5225 2092 5295 aliqua

517 5318 856 5390 inquirimus
909 5318 1052 5389 ﬁnge
1087 5318 1335 5384 homine,
1382 5317 1470 5373 vel
1509 5332 1679 5388 equo,
1707 5317 1793 5371 vel
1829 5317 1992 5383 bove,
2025 5316 2092 5371 ad

517 5412 682 5483 plene
726 5409 1315 5481 comprehendendum
1359 5408 1592 5482 ﬁguram
1623 5424 1828 5480 corpus
1887 5408 2094 5464 dixisse

518 5504 667 5561 haud
693 5503 917 5570 snlﬁcit,
959 5505 1044 5559 vel
1068 5503 1385 5576 generabile
1414 5502 1583 5559 modo
1625 5513 1723 5559 aut
1782 5500 2086 5567 interibilc,

2151 428 2351 481 ἄτοπον
2397 423 2493 476 καὶ
2534 423 2815 478 ἀδύνατον.
2860 423 2936 476 Οὐ
2984 422 3094 494 γὰρ
3125 422 3193 476 ὲκ
3238 414 3348 475 τῶν
3382 414 3458 475 ὧν
3486 423 3590 476 οὐκ
3626 422 3742 477 ἔστι

2150 519 2259 571 τῶν
2294 516 2638 588 πραγμάτων
2675 517 2725 571 οί
2761 516 2878 588 ὅροι
2917 516 3261 584 συνάγονται,
3308 514 3426 568 ἀλλ’
3466 516 3532 568 ὲκ
3576 516 3684 569 τῶν
3704 515 3742 571 θ.

2153 609 2324 671 ἔστιν,
2385 605 2727 674 ὲξαπλοῦντα
2767 605 2871 675 τὴν
2926 603 3190 674 σύντομον
3232 604 3341 658 τῶν
3399 610 3745 675 πραγμάτων

2153 699 2468 771 περίληψιν,
2521 699 2644 768 ἥτις
2692 697 2961 768 ὀνομασία
3016 694 3223 749 τούτων
3263 693 3525 766 ὑπάρχει.
3576 696 3745 751 Οὐδὲν

2153 791 2248 850 οὖν
2300 797 2362 848 τὸ
2414 793 2635 848 σύνολον
2678 792 2789 846 τῶν
2830 790 2962 862 περὶ
2991 790 3131 844 Θεοῦ
3182 790 3215 861 ἢ
3264 790 3393 864 περὶ
3418 790 3553 845 Θεδν
3602 788 3745 844 εἶναι

2152 886 2463 957 λεγομένων
2511 884 2667 937 οὐσία
2695 878 2843 936 εἶναι
2894 881 3031 936 Θεοῦ
3086 880 3306 935 πώποτε
3358 879 3608 943 δύναται,
3665 882 3745 934 ὅτι

2159 978 2292 1049 μηδὲ
2347 977 2531 1040 θέσιν,
2589 975 2761 1047 μόνην
2822 975 2917 1028 καὶ
2976 974 3123 1045 μόνῳ
3161 972 3282 1045 Θεῷ
3350 971 3744 1045 ἁρμόζουσαν,

2155 1073 2406 1143 ἄσχετον,
2460 1071 2555 1124 καὶ
2609 1070 2714 1139 τῆς
2761 1070 2889 1140 περί
2939 1086 2994 1123 τι
3048 1068 3398 1124 παντάπασιν
3460 1066 3745 1137 ἐνεργείας

2155 1164 2354 1230 ἄφετον
2403 1162 2538 1218 αὐτὸ
2566 1162 2743 1216 ἐκεῖνο
2788 1164 2931 1215 κατὰ
2967 1162 3027 1214 τὸ
3068 1161 3119 1213 τί
3144 1178 3277 1214 ποτε
3319 1155 3459 1214 εἶναι
3505 1154 3747 1230 ἐμφῆναι

2153 1254 2397 1310 δύναται.

2176 1531 2271 1583 Ἐκ
2296 1528 2403 1583 τοῦ
2446 1526 2636 1581 αὐτοῦ
2666 1527 2878 1595 λόγου,
2910 1528 2999 1593 είς
3021 1524 3109 1591 τὸ,
3147 1545 3167 1577 ι
3189 1525 3283 1592 Ὠς
3308 1524 3419 1596 γὰρ
3446 1527 3561 1581 οὐκ
3583 1524 3760 1597 ἀρκεῖ

2234 1623 2301 1676 τὸ
2356 1619 2529 1689 σῶμα
2572 1619 2784 1686 εἰπεῖν,
2830 1620 2869 1688 ἦ
2905 1619 2972 1675 τὸ
3014 1618 3436 1690 γεγεννῆσθαι,
3485 1620 3644 1689 πρὸς
3687 1621 3751 1675 τὸ

2234 1711 2496 1781 καὶπερὶ
2543 1709 2575 1763 ὃ
2619 1710 2806 1764 ταῦτα
2852 1709 3248 1779 παραστῆσαι
3291 1727 3354 1765 τε
3405 1697 3523 1765 καῖ’
3559 1706 3753 1779 δηλῶ-

2234 1821 2341 1857 σαι
2364 1844 2378 1866 ,
2435 1803 2597 1857 ἀλλὰ
2650 1801 2747 1855 δεῖ
2790 1802 2889 1856 καί
2938 1802 3003 1855 τὸ
3054 1803 3454 1872 ὑποκείμενον
3518 1804 3755 1871 τούτοις

2236 1896 2450 1958 εἰπεῖν,
2496 1899 2548 1950 εὶ
2590 1895 2807 1965 μέλλοι
2848 1896 3090 1960 τελείως
3129 1896 3230 1949 καί
3257 1894 3661 1965 ἀποχρώντως
3691 1896 3753 1950 τὸ

2237 1989 2570 2057 νοούμενον
2621 1985 3125 2055 παραστήσασθαι
3148 2001 3161 2014 ·
3221 1985 3260 2054 ἡ
3302 1989 3412 2055 γὰρ
3441 1986 3754 2055 ἅνθρωπος

2242 2080 2281 2149 ἢ
2302 2079 2463 2145 ,βοῦς
2493 2080 2550 2148 ἢ
2572 2079 2758 2145 ἵππος
2783 2076 2961 2131 τοῦτο
2990 2077 3057 2131 τὸ
3097 2078 3170 2132 ἐν
3191 2077 3420 2148 σώματι
3461 2078 3565 2132 καί
3590 2080 3754 2147 5:081-

2232 2171 2513 2241 ρόμενον.
2558 2188 2577 2221 ι

2254 2284 2589 2355 Ἐπειδήπερ
2637 2281 2785 2354 ἑώρα
2843 2284 2969 2347 τοὺς
3002 2266 3335 2355 αἱρετικοὺς
3386 2285 3416 2336 ὁ
3460 2282 3623 2351 άγιος
3660 2282 3759 2336 ἕνα

2176 2379 2336 2450 μόνον
2391 2378 2614 2448 ἔχοντας
2672 2377 2862 2448 (188
2907 2379 2962 2447 a)
3012 2377 3234 2445 ἀγῶνα,
3285 2378 3384 2447 τὴν
3429 2376 3759 2448 ὑπερούσιον

2173 2471 2388 2533 ἑαυτοῖς
2415 2467 2663 2539 ἀνοήτως
2705 2467 3173 2535 συγκαταὸάλλειν
3215 2467 3402 2536 φύσιν,
3455 2467 3549 2520 καὶ
3579 2485 3762 2538 τεχνιο

2174 2566 2299 2628 καῖς
2334 2546 2578 2633 μεθύδοις
2626 2561 2920 2633 περιλήψει
2958 2560 3059 2630 τῆς
3088 2560 3229 2614 ,κατ’
3265 2561 3466 2624 αὐτοὺς
3501 2560 3764 2629 γνώσεως

2175 2657 2399 2725 κρατεῖν
2449 2653 2883 2726 ἐπιχειροῦντας,
2936 2654 3013 2716 ὡς
3058 2653 3249 2726 ῷοντο,
3302 2654 3404 2723 τὴν
3447 2654 3764 2725 άκράτητον

2174 2749 2425 2819 δύναμιν,
2454 2748 2553 2801 καὶ
2583 2746 2732 2818 πάσῃ
2775 2749 2845 2818 τῇ
2884 2746 3060 2799 κτίσει
3091 2747 3237 2801 κατὰ
3280 2746 3341 2800 τὸ
3375 2745 3495 2801 ῐσον
3540 2746 3765 2818 άχώρη·

2176 2856 2289 2906 τον,
2334 2840 2401 2893 δι’
2443 2840 2566 2893 ὅλου
2610 2837 2707 2892 τοῦ
2740 2838 2900 2907 λόγου
2939 2837 3040 2902 τὰς
3096 2840 3384 2911 στερήσεις
3430 2856 3492 2893 τε
3528 2841 3631 2893 καὶ
3664 2840 3766 2903 τὰς

2179 2933 2483 3001 ἀποφάσεις
2512 2932 2888 3003 προύτίμησεν
2938 2932 3033 2985 ἐπὶ
3078 2932 3214 2985 Θεοῦ
3246 2932 3447 3001 λέγειν,
3492 2932 3770 3003 μηδεμιᾶς

2182 3021 2462 3084 παντελῶς
2511 3021 2885 3091 ἀνασχόμενος
2934 3020 3139 3083 θέσεως
3177 3021 3210 3091 ἢ
3258 3023 3648 3090 καταφάσεως,
3678 3022 3770 3076 ἵνα

2186 3113 2261 3184 μὴ
2308 3113 2514 3182 ταύτης
2563 3112 2853 3182 λαθόμενοι
2905 3112 2982 3175 ὡς
3033 3113 3269 3176 ἀναιδεῖς
3326 3114 3489 3177 κύνες
3524 3113 3774 3183 δήγματι

2181 3203 2308 3266 τοὺς
2360 3202 2601 3265 ἱοὸὁλους
2643 3202 2861 3266 ὀδόντας
2919 3202 3169 3272 μανικῶς
3204 3202 3283 3272 τῷ
3321 3201 3467 3272 λόγῳ
3502 3202 3609 3272 τῆς
3638 3203 3778 3273 άλη-

2185 3296 2335 3359 θείας
2366 3294 2729 3365 ἐμϐάλλωσιν,
2753 3296 3010 3367 ἀφορμὴν
3053 3295 3148 3349 τοῦ
3186 3296 3435 3350 ὁπωσοῦν
3463 3297 3782 3366 προτείνειν

2186 3387 2281 3439 καὶ¹
2345 3385 2858 3457 παραλογίζεσθαι,
2916 3388 3013 3441 καὶ
3065 3386 3128 3440 τὸ
3189 3389 3390 3442 οἰκεῖον
3452 3389 3535 3451 είς
3597 3390 3783 3460 πέρας

2185 3479 2415 3546 ἀγαγεῖν
2452 3477 2750 3549 δυνηθῆναι
2782 3477 3128 3549 σπούδασμα,
3171 3478 3271 3550 τὴν
3301 3479 3598 3533 ὁποιανοῦν
3644 3483 3786 3550 περὶ

2187 3567 2321 3621 Θεοῦ
2362 3568 2609 3633 δοθεῖσαν
2651 3568 2840 3631 αὐτοῖς
2884 3568 2980 3621 τοῦ
3024 3567 3184 3636 λόγου
3231 3568 3383 3623 θέσιν
3430 3569 3780 3639 ποιούμενοι.

2188 3662 2286 3714 Διὰ
2310 3659 2469 3714 τοῦτο
2494 3659 2620 3713 οὔτε
2666 3660 2850 3732 σῶμα,
2895 3660 3020 3714 οὗτε
3055 3661 3218 3716 ἄῦλον
3258 3661 3438 3732 σῶμα,
3467 3661 3601 3715 οὔτε
3634 3663 3784 3716 ἀσώ-

2193 3769 2362 3823 ματον
2388 3752 2690 3816 παντελῶς,
2736 3752 2860 3806 οὔτε
2904 3754 2963 3806 ὲν
3001 3751 3082 3823 τῷ
3107 3754 3294 3817 παντὶ,
3311 3751 3436 3806 οὔτε
3463 3753 3522 3805 ἐν
3550 3770 3665 3806 τινι
3687 3753 3782 3806 τοῦ

2190 3843 2414 3907 παντὸς,
2447 3841 2572 3896 οὔτε
2599 3844 2740 3915 ὑπὲρ
2768 3843 2829 3896 τὸ
2880 3845 3010 3909 πᾶν,
3034 3845 3132 3898 καὶ
3157 3843 3346 3908 ἁπλῶς
3374 3847 3578 3908 εἰπεῖν,
3628 3846 3786 3899 οὐδὲν

2189 3938 2252 3991 τὸ
2287 3936 2550 4007 παράπαν
2589 3936 2683 3990 καὶ
2716 3937 2774 3991 ὲν
2817 3936 2994 3991 οὐδενὶ
3031 3935 3154 3991 καθ’
3197 3937 3515 4008 οἱονδήποτε
3549 3940 3784 4007 τρόπον.

2191 4026 2269 4089 ὡς
2324 4026 2471 4079 ἔστιν
2504 4023 2724 4094 ἀληθὲς,
2766 4024 2874 4079 τῶν
2916 4026 3213 4096 ὁρωμένων
3257 4025 3290 4097 ἢ
3345 4027 3786 4098 χωρουμένωνῆ

2191 4116 2501 4188 λεγομένων
2551 4116 2586 4187 ἢ
2638 4116 2944 4187 νοουμένων
2990 4117 3024 4188 ἢ
3070 4117 3381 4189 γνωσθῆναι
3425 4117 3555 4172 καθ’
3602 4119 3790 4172 ὁτιοῦν

2191 4209 2529 4283 δυναμένων,
2606 4205 2748 4263 εἶναι
2812 4210 2906 4264 τὸν
2955 4211 3088 4265 Θεὸν
3145 4211 3535 4278 ἀποφαίνεται,
3599 4214 3792 4282 πάσης

2193 4304 2392 4367 αὐτοὺς
2418 4304 2516 4373 τῆς
2543 4302 2671 4372 περὶ
2695 4301 2829 4354 Θεοῦ
2870 4292 3283 4372 καταληπτικῆς
3298 4303 3440 4356 κατὰ
3468 4304 3534 4357 τὸ
3565 4290 3621 4358 τί
3653 4321 3793 4358 ποτε

2194 4392 2335 4449 εῖναι
2393 4392 2493 4464 τὴν
2555 4390 2741 4445 οὐσίαν
2804 4389 3015 4454 ἑννοίας
3074 4391 3491 4463 άπορῤαπίζων.
3548 4393 3793 4446 Ἔπειτα

2194 4482 2719 4554 δυσωπητικὼτερον
2773 4482 2972 4545 αὐτοὺς
3025 4482 3237 4550 ἐνάγων
3290 4482 3429 4554 πρὸς
3469 4483 3790 4550 εὐσὲὗειαν,

2197 4579 2291 4634 καὶ
2318 4580 2381 4630 ὲκ
2403 4577 2502 4645 τῆς
2543 4576 2673 4645 περὶ
2697 4575 2766 4628 τὰ
2799 4574 3030 4645 δεύτερα
3056 4575 3153 4629 καὶ
3185 4576 3401 4647 μακρὰν
3426 4576 3797 4648 ἀσυγκρετως

2196 4672 2304 4726 ἀπὸ
2351 4670 2486 4724 Θεοῦ
2534 4669 2761 4741 ἐρεύνης
2805 4670 2869 4721 τὸ
2905 4668 3139 4722 καθόλου
3169 4671 3299 4740 περὶ
3324 4668 3461 4723 Θεοῦ
3488 4670 3798 4741 τολμηρῶς

2202 4764 2335 4835 μηδὲ
2390 4765 2613 4826 ἐννοεῖν,
2674 4763 2870 4832 μήτιγε
2928 4760 3131 4829 λέγειν,
3190 4756 3332 4814 εἶναί
3389 4777 3496 4814 τινι
3563 4761 3800 4832 θεμιτὸν

2196 4856 2366 4920 δεῖξαι
2424 4854 2766 4925 βουλόμενος,
2817 4852 2991 4907 ταῦτά
3038 4869 3194 4924 φησι.
3235 4852 3346 4906 Καὶ
3387 4852 3496 4925 μὴν
3527 4854 3629 4909 καὶ
3658 4855 3803 4925 πρὸς

2202 4948 2461 5002 σύστασιν
2506 4947 2614 5000 τῶν
2661 4947 2762 5016 ήδη
2810 4945 2949 5016 πρὸς
2993 4943 3380 5010 αὑτοὺς-κατά
3412 4945 3692 5016 πέρησίν
3745 4962 3804 4998 τε

2200 5040 2294 5093 καὶ
2314 5038 2602 5115 άπόφασιν
2653 5035 2995 5108 εἰρημένων,
3042 5035 3184 5091 ῶστε
3228 5037 3430 5100 αὐτοὺς
3474 5037 3807 5101 συνειδότας

2199 5129 2470 5190 ἐντεῦθεν,
2501 5129 2578 5192 ὡς
2620 5128 2715 5183 καὶ
2744 5131 2778 5199 ἡ
2808 5128 2919 5181 τῶν
2963 5130 3207 5198 ἐσχάτων
3235 5130 3295 5181 ὲν
3323 5132 3437 5191 τοῖς
3479 5129 3806 5200 ποιήμασιν

2200 5223 2433 5295 ἀκριϐὴς
2454 5222 2759 5294 κατάληψις
2787 5221 2889 5292 τῆς
2913 5221 3038 5277 καθ’
3083 5223 3231 5293 ἡμᾶς
3251 5222 3476 5291 λογικῆς
3504 5225 3808 5291 ἐνεργείας

2204 5316 2395 5388 (188
2450 5317 2499 5385 b)
2542 5313 2863 5387 ὑπερϐαίνει
2911 5313 3011 5384 τὴν
3069 5314 3336 5383 δύναμιν,
3384 5314 3485 5383 τῆς
3534 5315 3686 5384 περὶ
3739 5314 3811 5366 τὰ

2204 5407 2384 5478 πολλῷ
2428 5404 2602 5477 μείζω
2632 5407 2971 5478 θρασύτητος
3015 5405 3117 5478 τὴν
3158 5406 3442 5474 ἀλόγιστον
3488 5403 3815 5477 δυνηθῆναι

2203 5500 2376 5572 φορὰν
2407 5501 2674 5572 ἐπισχεῖν,
2719 5500 2779 5556 ἐν
2826 5501 2938 5564 τοῖς
2982 5500 3197 5571 μικροῖς
3246 5498 3306 5553 τὸ
3334 5498 3555 5562 ἀσθενὲς
3584 5499 3813 5567 μαθόν-

591 5661 667 5731 (θ)
701 5660 848 5716 ldcm
882 5660 1009 5714 ibid.
1042 5675 1159 5729 cap.
1185 5660 1239 5725 9,
1269 5676 1322 5730 p.
1351 5661 1474 5723 509.,
1515 5668 1645 5713 tom.
1679 5658 1722 5713 1.
1753 5657 1891 5728 Opp.
1939 5656 2028 5710 ed.
2058 5654 2261 5710 Bcned.
