3984 6198
329 299 439 364 ἓῖὗ

1534 288 2051 354 ΛΜΒΙΟΙΙΟΒΗΪιῙ
2097 292 2343 351 LIBER.

3410 283 3544 351 12:26

292 429 392 475 τας
417 412 517 482 τῆς
562 409 801 479 φύσεως.
838 408 899 460 Ei
928 407 1039 478 γὰρ
1068 404 1410 471 ἐξετάζουσιν
1447 405 1579 473 ήμῖν
1609 403 1868 472 στοιχεῖόν

1974 402 2253 456 hominem
2284 400 2368 454 vel
2400 399 2593 452 bovem
2618 397 2700 450 vel
2721 412 2947 466 equum,
2988 395 3082 450 sed
3124 395 3270 465 quod
3300 395 3387 450 bis
3415 398 3545 450 sub-

291 522 368 567 τι,
402 505 534 574 φέρε
580 504 755 555 εἰπεῖν
799 501 832 570 ἢ
883 499 1169 571 ἄνθρωπον
1211 497 1245 566 ἢ
1291 497 1456 549 ἵππον
1500 494 1534 565 ἢ
1584 493 1731 565 βοῦν,
1772 495 1871 548 οὑκ

293 598 456 667 ἀρκεῖ
505 593 641 665 πρὸς
683 592 895 646 τελείαν
932 589 1238 660 κατάληψιν
1284 588 1346 641 rb
1390 586 1549 653 σῶμα
1591 585 1769 653 λέγειν
1812 585 1873 638 rb

294 687 582 756 στοιχεῖον,
621 683 655 755 ἢ
688 683 944 753 γεννητὸν
995 682 1155 751 μόνον
1193 680 1226 751 ἢ
1268 676 1509 748 φθαρτὸν
1529 676 1621 729 τὸν
1661 676 1871 748 ἄνθρω-

295 794 395 833 πον
420 779 453 848 ἢ
490 778 581 830 τὸν
631 775 757 845 βοῦν
788 775 822 845 ἢ
853 773 963 827 τὸν
995 774 1185 838 ἵππον,
1215 772 1355 826 ἀλλὰ
1386 773 1470 826 δεῖ
1521 770 1872 843 παραστῆσαι

294 870 390 923 καὶ
442 869 505 921 rb
552 866 762 929 τούτοις
827 865 1219 939 ῦποκεῑμενον,
1274 866 1411 937 ὅπερ
1472 867 1726 934 γεννᾶται
1783 863 1874 916 καὶ

293 958 576 1028 φθείρεται
622 958 719 1009 καὶ
762 954 1085 1009 πεποῐωται.
1153 953 1324 1024 Σῶμα
1372 954 1429 1007 δὲ
1473 955 1507 1024 ἢ
1546 954 1798 1022 γέννησις
1837 950 1872 1020 ἢ

293 1048 491 1117 φθορὰ,
544 1044 797 1115 οὐδαμῶς
836 1044 1107 1116 ὑπάρχον,
1166 1043 1474 1098 ἐπεὶοέσται
1523 1044 1665 1097 κατά
1717 1040 1875 1095 τοῦτο

290 1139 539 1206 ἀνάγκης
556 1130 875 1200 ἀκολουθία,
894 1134 1018 1188 εἴτι
1041 1135 1225 1204 σῶμα,
1258 1136 1355 1188 καὶ
1399 1137 1663 1205 στοιχεῖον
1711 1129 1870 1214 εἶναι,

293 1232 387 1285 καὶ
412 1231 467 1282 εἵ
487 1247 555 1282 τιν
579 1228 839 1298 γεννητὸν
876 1227 910 1298 ἡ
948 1227 1215 1297 φθαρτὸν,
1250 1226 1284 1297 ἢ
1327 1220 1614 1298 ἅνθρωπος
1672 1223 1871 1294 εἶναιῆ

296 1322 424 1393 βοῦς
455 1322 489 1392 ἢ
517 1306 702 1384 ἵππος.
737 1322 814 1375 οὐ
848 1320 958 1391 γάρ
987 1317 1042 1374 εἷ
1069 1336 1121 1372 τι
1147 1319 1327 1390 σῶμα,
1354 1318 1570 1381 πάντως
1597 1317 1657 1382 ἐξ
1703 1317 1874 1383 ἀνάγ-

295 1430 397 1484 κης
424 1412 813 1483 καῖ’στοιχεῖον
842 1412 876 1482 ἢ
898 1411 1184 1482 ἄνθρωπος
1215 1411 1249 1482 ἢ
1299 1409 1427 1481 βοῦς
1450 1410 1485 1481 ἦ
1517 1410 1703 1470 ἵππος.
1739 1408 1806 1461 El
1820 1424 1875 1461 τι

202 1579 207 1583 θ
297 1508 398 1578 μὲν
434 1506 544 1577 γὰρ
574 1507 859 1576 στοιχεῖον,
905 1505 1123 1567 πάντως
1176 1501 1238 1568 ἐξ
1265 1503 1513 1572 ἀνάγκης
1547 1501 1643 1555 καὶ
1693 1500 1871 1569 σῶμα,

293 1600 394 1653 οὐκ
419 1598 474 1652 εἵ
491 1615 546 1651 τι
572 1599 630 1651 δὲ
653 1598 835 1668 σῶμα,
860 1598 1077 1660 πάντως
1103 1594 1164 1660 ἐξ
1183 1597 1431 1664 ἀνάγκης
1456 1594 1553 1649 ml.
1592 1594 1871 1662 στοιχεῖον.

294 1689 432 1744 Ούτε
470 1689 525 1742 εἵ
554 1706 609 1742 τι
667 1688 827 1759 σῶμα
872 1688 904 1759 ἢ
954 1686 1213 1757 γεννητὸν
1257 1686 1291 1756 ἢ
1330 1685 1600 1756 φθαρτὸν,
1657 1683 1875 1745 πάντως

1968 495 2180 564 jectum
2209 494 2301 557 sit,
2351 490 2406 545 id
2438 501 2525 544 est
2567 488 2715 558 quod
2746 496 3046 559 generetur
3083 500 3136 541 et
3198 488 3460 553 intereat,
3490 497 3544 544 et

1973 583 2243 652 qualitate
2274 582 2535 637 aﬂ‘ectum
2564 580 2637 635 sit
2665 587 3068 649 repraesentare
3116 588 3352 648 oportet.
3408 581 3547 634 Cor-

1964 690 2080 745 pus
2100 689 2236 729 vero
2256 674 2688 744 haudquaquam
2721 671 3009 743 generatio
3062 678 3168 737 est,
3219 680 3316 725 aut
3376 672 3546 726 inter-

1974 768 2117 832 itus;
2142 767 2418 836 siquidem
2450 766 2578 821 inde
2606 766 2925 820 necessario
2949 773 3309 834 sequeretur,
3338 765 3385 818 si
3415 764 3548 834 quid

1964 874 2178 929 corpus
2197 859 2292 923 sit,
2321 858 2616 929 ettiguram
2639 873 2781 922 esse,
2813 865 2891 922 et,
2914 858 2957 912 si
2977 857 3111 928 quid
3137 857 3455 927 generabile
3477 858 3551 911 sit

1974 952 2059 1006 vel
2105 950 2407 1011 interibile.
2462 959 2520 1005 et
2555 932 3024 1016 hominem'essc,
3070 950 3158 1004 vel
3208 949 3405 1006 bovem
3461 950 3546 1004 vel

1972 1055 2197 1110 equum.
2216 1038 2410 1110 Neque
2431 1040 2604 1105 enim,
2632 1038 2679 1093 si
2698 1039 2827 1107 quid
2848 1054 3051 1108 corpus
3066 1048 3173 1102 est,
3200 1042 3427 1096 omnino
3445 1058 3547 1096 ue-
3620 1040 3624 1045 ’

1973 1131 2270 1189 cessarium
2328 1143 2391 1188 ut
2408 1132 2581 1204 ﬁgura
2602 1132 2676 1186 sit
2694 1132 2778 1186 vel
2799 1132 2963 1186 homo
2994 1134 3082 1188 vel
3106 1134 3210 1189 bos
3228 1135 3315 1189 vel
3348 1151 3545 1205 equus.

1973 1225 2111 1280 Nam
2131 1225 2177 1280 si
2205 1224 2338 1295 quid
2364 1224 2563 1296 ﬁgura,
2597 1223 2914 1279 necessario
2942 1239 3173 1292 prorsus
3220 1227 3386 1281 etiam
3423 1242 3549 1281 cor-

1973 1334 2080 1389 pus
2102 1326 2208 1382 est,
2226 1330 2507 1373 non'vero
2538 1317 2584 1372 si
2616 1316 2753 1387 quid
2778 1331 3004 1386 corpus,
3031 1318 3351 1372 necessario
3380 1316 3545 1374 etiam

1975 1407 2170 1478 ﬁgura.
2210 1406 2399 1476 Neque
2424 1406 2469 1460 si
2507 1404 2643 1475 quid
2665 1420 2890 1475 corpus,
2939 1404 3025 1459 vel
3078 1405 3424 1475 generabile,
3453 1408 3543 1462 vel

1976 1496 2280 1560 interibile,
2341 1493 2661 1549 necessario
2701 1507 2932 1562 prorsus
2982 1493 3149 1548 etiam
3210 1494 3378 1550 homo
3429 1504 3547 1559 est,

1974 1586 2196 1658 quando
2227 1587 2302 1641 ita
2333 1586 2560 1656 quidem
2592 1585 2758 1640 etiam
2793 1586 2961 1639 homo
3018 1584 3246 1639 omnino
3296 1600 3553 1643 necessa-

1976 1679 2064 1735 rio
2126 1685 2277 1733 esset
2329 1677 2704 1747 quodcunque
2762 1676 2985 1744 corpus,
3030 1673 3117 1728 vel
3175 1674 3549 1745 quodcunque

301 1780 363 1845 ἐξ
422 1780 670 1849 ἀνάγκης
722 1746 818 1832 καὶ
860 1746 1174 1849 σάνθρωπος
1198 1815 1214 1842 ,
1279 1746 1410 1830 ἐπεὶ
1458 1746 1606 1829 οὕτω
1651 1790 1715 1843 γε
1783 1774 1868 1828 καὶ

1977 1771 2298 1844 generabile
2327 1746 2413 1826 εει
2439 1771 2526 1825 vel
2562 1770 2864 1825 interibile.
2907 1768 3043 1823 Nam
3096 1768 3141 1823 si
3175 1769 3309 1838 quid
3359 1770 3546 1835 homo,

297 1870 586 1941 ἄνθρωπος
643 1868 797 1925 ἔσται
857 1868 1075 1933 πάντως
1131 1868 1193 1935 ἑξ
1249 1869 1501 1939 ἀνάγκης·
1548 1869 1658 1922 πᾶν
1716 1866 1770 1919 et
1819 1882 1875 1919 τι

298 1962 481 2033 σῶμα,
542 1960 635 2015 καὶ
665 1962 771 2014 πᾶν
801 1960 853 2013 εἵ
890 1977 943 2012 τι
984 1957 1324 2030 γεννώμενόν
1374 1960 1522 2013 ἐστιν
1569 1957 1603 2029 ἢ
1658 1956 1876 2027 φθειρό-

308 2068 491 2124 μενον.
554 2052 622 2105 Ei
671 2068 723 2104 τι
789 2051 888 2119 μὲν
958 2051 1077 2121 γὰρ’
1126 2050 1451 2122 ἄνθρωπος,
1518 2050 1741 2112 πάντως
1812 2046 1873 2114 ἐξ

300 2142 549 2213 ἀνάγκης
590 2142 684 2196 καὶ
722 2141 884 2213 σῶμα
924 2145 1019 2197 καὶ
1059 2142 1402 2212 γεννώμενον
1435 2141 1528 2195 καὶ
1582 2138 1874 2211 φθειρόμε-

309 2251 424 2297 νον,
454 2233 555 2286 ούκ
583 2233 635 2285 εἵ
655 2249 709 2285 τι
737 2231 795 2284 δὲ
827 2231 988 2301 σῶμα
1019 2217 1331 2301 ἢγεννητὸν
1363 2230 1397 2300 ἢ
1436 2228 1697 2300 φθαρτὸν,
1741 2226 1873 2280 πάν-

295 2339 405 2387 τως
433 2322 492 2389 ἐξ
519 2322 764 2392 ἀνάγκης
825 2320 920 2374 κα)⁸
974 2318 1285 2390 ἄνθρωπος.
1337 2317 1476 2372 Οῦτε
1525 2318 1636 2389 γὰρ
1674 2316 1871 2370 ’ἐπεται

295 2414 535 2476 πάντως,
588 2414 712 2468 ἐπεὶ
759 2412 909 2465 ἔσται
959 2414 989 2464 ὁ
1024 2412 1334 2481 ἄνθρωπος,
1385 2410 1445 2474 ὲξ
1492 2409 1738 2478 ἀνάγκης
1775 2405 1871 2459 καὶ

297 2510 561 2577 στοιχεῖον
607 2506 700 2559 καὶ
752 2502 879 2574 βοῦς
919 2504 1015 2557 καὶ
1053 2502 1238 2565 ἵππος,
1294 2502 1389 2554 καὶ
1414 2502 1526 2555 πᾶν
1570 2499 1704 2553 εἴτι
1742 2497 1871 2551 ἄλλο

298 2598 609 2665 ινσώματον
639 2598 733 2649 καὶ
757 2594 1097 2666 γεννώμενον
1125 2595 1220 2648 καὶ
1254 2592 1634 2663 φθειρόμενον.
1669 2591 1741 2644 Οὐ
1759 2591 1869 2660 γὰρ

300 2688 688 2759 κατηγορεῖταῖ
744 2703 872 2739 ποτε
906 2686 972 2740 τά
1031 2686 1235 2756 μερικέι
1272 2685 1415 2738 κατὰ
1464 2683 1572 2737 τῶν
1612 2683 1866 2745 καθόλου,

298 2776 421 2830 οὔτε
447 2779 512 2829 τά
545 2776 658 2846 εἴδη
694 2775 805 2828 τῶν
846 2775 1041 2841 γενῶν,
1090 2773 1216 2826 οὔτε
1247 2773 1357 2827 τῶν
1400 2771 1764 2843 περιεχόντων
1800 2769 1869 2825 τὰ

302 2868 690 2939 περιεχόμενα,
753 2866 849 2920 καὶ
895 2865 982 2919 διὰ
1033 2864 1190 2919 τοῦτο
1238 2864 1359 2917 οὐδὲ
1410 2862 1755 2930 ἀντιστρέφει
1798 2862 1869 2916 τὰ

296 2957 525 3014 καθόλου
554 2961 663 3023 τοῖς
692 2959 785 3012 ἐπὶ
814 2958 1035 3029 μέρους,
1067 2956 1188 3011 οὐδὲ
1234 2956 1299 3010 τὰ
1329 2955 1461 3027 γένη
1498 2957 1612 3019 τοῖς
1647 2954 1865 3022 εῐδεσιν,

1976 1863 2295 1919 necessario
2321 1877 2551 1933 prorsus
2572 1862 2742 1916 etiam
2777 1874 2999 1928 corpus,
3035 1868 3092 1914 et
3115 1860 3429 1933 generabile
3452 1900 3466 1924 ,
3491 1870 3547 1915 et

1976 1954 2282 2019 interibile,
2307 1968 2421 2007 non
2445 1968 2578 2007 vero
2605 1953 2651 2007 si
2675 1950 2809 2021 quid
2836 1965 3059 2020 corpus,
3089 1950 3176 2005 vel
3210 1951 3546 2021 generabile,

1973 2046 2062 2101 vel
2120 2044 2426 2109 interibile,
2490 2044 2809 2098 necessario
2865 2057 3097 2111 prorsus
3145 2042 3315 2096 etiam
3359 2043 3527 2097 homo

1974 2139 2167 2208 Neque
2213 2137 2361 2192 enim
2402 2137 2630 2192 omnino
2680 2135 2905 2205 quando
2973 2134 3138 2188 homo
3182 2142 3292 2199 est,
3355 2149 3551 2189 neces-

1973 2230 2123 2287 sario
2143 2230 2398 2299 sequitur
2431 2236 2495 2282 ut
2526 2236 2583 2283 et
2609 2228 2778 2300 ﬁgura
2811 2235 2868 2283 ct
2903 2228 3004 2282 bos
3036 2214 3312 2297 et’equus
3358 2227 3449 2290 sit,
3493 2236 3550 2282 et

1972 2323 2021 2379 si
2044 2323 2194 2393 quod
2216 2322 2366 2377 aliud
2396 2337 2728 2392 corporeum
2752 2328 3144 2392 etgeneratum
3165 2328 3223 2374 et
3253 2319 3545 2374 interiens.

1970 2415 2265 2485 Nunquam
2291 2416 2437 2468 enim
2459 2413 2819 2484 particularia
2857 2412 3229 2482 prmdicantur
3290 2410 3357 2465 de
3419 2411 3546 2465 uni-

1978 2505 2308 2571 versalibus,
2343 2521 2529 2576 neque
2568 2506 2782 2575 species
2802 2504 2869 2559 de
2889 2504 3208 2575 generibus,
3268 2518 3450 2573 neque
3477 2503 3546 2559 de

1981 2592 2398 2649 continentibus
2438 2600 2717 2651 contenta,
2779 2591 3016 2661 ideoque
3068 2605 3250 2660 neque
3297 2590 3545 2661 recipro-

1973 2695 2173 2741 cantur
2197 2685 2343 2740 inter
2372 2699 2433 2742 se
2455 2683 2789 2740 universalia
2848 2693 2904 2739 et
2954 2682 3332 2754 particularia,
3363 2700 3545 2754 neque

1973 2793 2177 2848 genera
2202 2775 2509 2847 etspecies,
2573 2791 2756 2845 neque
2802 2777 3117 2830 communia
3179 2784 3237 2829 ct
3296 2776 3543 2845 peculia-

1982 2866 2087 2932 ria,
2117 2880 2299 2936 neque
2316 2865 2566 2935 denique
2597 2854 2943 2920 centineutia
3002 2874 3058 2919 et
3122 2872 3404 2921 contenta.
3450 2865 3542 2920 Sic

1969 2958 2143 3030 igitur
2169 2956 2479 3015 secundum
2498 2956 2648 3013 hanc
2672 2957 3101 3028 explicationem
3132 2967 3190 3013 et
3233 2958 3302 3012 de
3326 2958 3466 3013 bove
3486 2968 3545 3013 ct

297 3049 417 3102 οὐδὲ
442 3049 510 3102 τὰ
541 3050 697 3102 κοινά
729 3051 840 3112 τοῖς
898 3047 1206 3111 ἵδιάξουσιν,
1242 3046 1362 3100 οὐδὲ
1394 3046 1583 3116 (189
1609 3064 1641 3099 a
1661 3046 1702 3116 ),
1740 3061 1861 3099 συν-

1971 3049 2040 3104 de
2066 3064 2213 3119 equo
2232 3057 2290 3104 et
2337 3047 2407 3103 de
2450 3048 2705 3118 quolibet
2758 3049 2868 3103 alio
2926 3048 3302 3103 statuendum.
3353 3049 3544 3118 Itaque

299 3140 487 3193 ελόντα
539 3142 729 3209 φάναι,
774 3141 885 3202 τοῖς
941 3138 1348 3209 περιεχομένοις
1398 3138 1466 3191 τά
1514 3136 1863 3208 περιέχοντα.

299 3229 485 3293 Οῦτως
512 3227 604 3284 οὖν
635 3230 774 3283 κατὰ
802 3229 893 3282 τὸν
917 3228 1249 3282 ἀποδοθέντα
1299 3227 1458 3294 λόγον
1495 3227 1590 3280 καὶ
1624 3228 1718 3280 ἐπὶ
1745 3227 1867 3296 βοὸς

298 3322 394 3374 καὶ
427 3322 596 3375 ἵππου
632 3322 721 3373 καὶ
746 3320 945 3383 παντὸς
974 3319 1068 3373 τοῦ
1097 3320 1143 3352 ’⁸
1172 3318 1349 3373 ὁτιοῦν
1386 3318 1575 3386 ἑτέρου
1604 3318 1862 3385 ληπτέον.

296 3414 361 3468 Ei
388 3414 564 3467 τοίνυν
589 3415 688 3466 οὐκ
719 3415 879 3483 ἀρκεῖ
919 3412 1054 3482 πρὸς
1105 3411 1313 3464 τελείαν
1344 3412 1545 3478 γνῶσιν
1588 3409 1696 3463 τῶν
1728 3426 1868 3478 πρα-

295 3507 522 3576 γμάτων
582 3505 640 3557 τὸ
700 3505 900 3574 πλῆθος
944 3504 1054 3565 τῶν
1103 3504 1229 3573 περὶ
1271 3503 1410 3567 αύτά
1475 3502 1867 3572 θεωρουμένων

299 3600 494 3662 εἰπεῖν,
547 3597 691 3666 λέγω
746 3596 811 3666 δὴ
866 3595 927 3648 τὸ
989 3594 1149 3662 σῶμα
1192 3595 1285 3646 καὶ
1327 3593 1387 3646 rb
1426 3590 1716 3659 γεννᾶσθαι
1772 3590 1869 3644 καὶ

299 3688 642 3759 φθείρεσθαι,
689 3686 785 3740 καὶ
839 3686 941 3738 ὅσα
988 3682 1212 3737 τοιαῦτα
1259 3683 1391 3753 περὶ
1427 3683 1485 3734 τὸ
1510 3681 1867 3751 ὑποκείμενόν

297 3784 465 3846 ἐστιν,
500 3780 635 3834 ἀλλά
672 3781 754 3834 δεῖ
783 3779 1002 3841 πάντως
1028 3779 1124 3831 καὶ
1154 3775 1216 3829 rb
1249 3774 1609 3844 ὑποκείμενον
1633 3773 1865 3836 τούτοις,

297 3870 546 3940 θεμελίου
567 3872 769 3941 τρόπον
800 3869 884 3938 ἐφ’
919 3862 964 3936 ᾧ
986 3867 1160 3921 ταῦτα
1198 3866 1419 3936 βέϐηκε,
1458 3866 1511 3918 τι
1534 3866 1681 3919 ἐστιν
1702 3865 1873 3919 ὲνδεί⁴

299 3958 512 4023 ξασθαι,
545 3960 593 4012 εἱ
628 3959 916 4028 μέλλοιμεν
953 3957 1175 4019 τελείως
1216 3958 1313 4009 καὶ
1354 3954 1777 4025 ἀπαραλειπτως
1808 3954 1868 4009 rb

296 4050 585 4119 νοούμενον
653 4046 1006 4118 παριστάναι.
1068 4048 1137 4099 Ἦ
1186 4047 1296 4115 γὰρ
1347 4046 1629 4118 ἄνθρωπον
1674 4048 1869 4120 ἔχομεν

297 4142 471 4193 εἰπεῖν
517 4140 550 4209 ἢ
588 4138 714 4209 βοῦν
765 4139 799 4210 ἢ
839 4140 1024 4204 ἵππον,
1055 4136 1229 4194 ταῦτα
1357 4139 1427 4192 τά
1467 4141 1544 4211 μὴ
1580 4140 1708 4195 ὅντα
1739 4143 1868 4196 αὐτὸ

296 4230 457 4283 τοῦτο
483 4229 666 4299 σῶμα,
690 4230 807 4286 ἀλλ’
830 4231 1142 4301 ἑνσώματα,
1174 4230 1271 4284 καὶ
1296 4229 1371 4301 μὴ
1400 4231 1529 4285 θντα
1557 4232 1690 4285 αὐτὸ
1711 4233 1868 4288 τοῦτο

305 4322 586 4392 γεννήσεις
613 4324 705 4374 καὶ
747 4320 978 4391 φθορὰς,
1008 4321 1144 4374 ἀλλά
1173 4320 1488 4391 γεννώμενα
1526 4322 1619 4375 καὶ
1648 4322 1868 4396 φθειρό-

300 4429 458 4483 μενα,
495 4413 570 4475 ὼς
602 4408 738 4465 εἶναι
767 4412 962 4475 ταῦτα,
989 4411 1151 4481 σῶμά
1171 4427 1313 4481 φημι
1346 4413 1449 4485 καὶ
1495 4413 1748 4486 γέννησιν
1773 4421 1868 4473 καὶ

1970 3157 2083 3196 non
2109 3140 2313 3199 sumcit
2331 3140 2402 3195 ad
2438 3141 2658 3211 plenam
2714 3156 2902 3195 rerum
2941 3140 3310 3211 cognitionem
3347 3156 3544 3197 eorum

1971 3249 2094 3303 quae
2123 3235 2272 3288 circa
2303 3249 2400 3289 eas
2433 3242 2755 3303 spectantur
2803 3232 2961 3302 plura
3010 3247 3365 3297 enumerare,
3418 3248 3540 3288 cor-

1967 3340 2091 3395 pus,
2130 3326 2377 3395 iuquam,
2433 3333 2490 3379 et
2522 3324 2671 3393 quod
2719 3332 3015 3394 generetur
3076 3333 3130 3378 et
3186 3324 3442 3390 intereat,
3488 3331 3545 3379 et

1974 3431 2323 3485 quaecunque
2354 3415 2409 3470 id
2437 3428 2612 3485 genus
2666 3415 2976 3485 subjectum
3035 3413 3392 3479 comitantur,
3445 3414 3543 3470 sed

1970 3505 2120 3573 quod
2150 3506 2239 3559 his
2261 3505 2572 3575 subjectum
2603 3514 2707 3568 est,
2741 3514 2803 3558 ut
2860 3505 3282 3559 fundamentum
3332 3505 3389 3558 in
3434 3520 3543 3574 quo

1972 3595 2064 3650 illa
2092 3602 2260 3658 stant,
2289 3595 2523 3648 omnino
2552 3596 2720 3649 etiam
2740 3596 2874 3664 quid
2907 3595 2981 3650 sit
3019 3595 3545 3665 demonstrariopus

1970 3694 2076 3751 est,
2102 3686 2149 3740 si
2172 3684 2421 3755 perfecte
2445 3694 2502 3740 et
2543 3686 2707 3756 plene
2743 3685 2877 3755 quid
2915 3687 3191 3755 cogitetur
3240 3700 3544 3755 repraesen-

1968 3788 2089 3833 tare
2116 3775 2481 3831 voluerimus.
2511 3776 2621 3831 Aut
2640 3776 2789 3830 enim
2834 3776 3119 3831 hominem
3154 3775 3426 3831 habemus
3453 3776 3543 3831 di-

1970 3875 2100 3924 cere
2134 3876 2232 3923 aut
2252 3869 2449 3923 bovem
2479 3872 2575 3922 aut
2596 3881 2803 3937 equum
2839 3867 2955 3922 base
2967 3867 3079 3937 jam
3107 3882 3231 3936 quae
3264 3882 3376 3921 non
3412 3875 3545 3923 sunt

1969 3962 2152 4032 ipsum
2173 3961 2279 4016 hoc
2307 3975 2528 4029 corpus,
2559 3959 2658 4014 sed
2685 3959 3015 4030 corporalia,
3045 3966 3101 4015 et
3130 3974 3252 4029 qua:
3281 3974 3392 4015 non
3414 3968 3546 4015 sunt

1970 4053 2077 4108 hoc
2098 4052 2283 4123 ipsum
2311 4050 2699 4122 generationes
2717 4059 2773 4106 ct
2794 4050 3183 4115 interitus,scd
3214 4059 3472 4122 generata
3487 4060 3546 4106 et

1970 4144 2335 4208 intereuntia,
2367 4143 2506 4198 adeo
2535 4151 2597 4197 ut
2632 4143 2767 4207 haec,
2797 4157 3025 4213 corpus,
3061 4143 3312 4212 inquam,
3345 4150 3402 4198 et
3453 4161 3545 4215 ge-

1964 4236 2185 4290 neratio
2202 4244 2260 4288 et
2296 4236 2576 4297 interitus,
2598 4234 2888 4289 manifesto
2905 4235 3164 4289 animalia
3186 4235 3547 4301 comitentur,

1972 4328 2068 4384 sed
2094 4343 2205 4382 non
2258 4326 2517 4380 animalia
2568 4327 2685 4395 ipsa
2723 4325 2995 4381 exsistant
3035 4326 3177 4392 haec,
3212 4343 3433 4400 corpus,
3461 4328 3545 4382 iu-

1982 4433 2166 4490 quam,
2202 4417 2562 4488 etgeneratio
2595 4426 2651 4471 et
2686 4417 2966 4473 interitus.

298 4501 531 4573 φθορὰν,
563 4499 764 4571 δηλαδὴ
797 4501 924 4570 περὶ
960 4499 1028 4552 τὰ
1065 4498 1198 4564 ζῶα,
1265 4500 1383 4553 ἀλλ’
1444 4502 1504 4554 οῦ
1538 4503 1606 4556 τά
1630 4503 1744 4569 ζῶα
1774 4507 1947 4562 ταῦτα
1980 4508 2264 4576 ὑπάρχειν,
2299 4507 2458 4575 σῶμα
2489 4505 2630 4574 λέγω
2659 4508 2753 4559 καὶ
2782 4508 3036 4579 γέννησιν
3066 4510 3159 4562 καὶ
3182 4509 3408 4582 φθοράν.
3502 4558 3519 4567 -

369 4595 431 4646 Ei
488 4592 667 4646 τοίνυν
701 4592 853 4645 οὐδὲν
886 4592 947 4645 rb
979 4592 1200 4645 σύνολον
1230 4594 1338 4645 τῶν
1369 4589 1537 4648 ὄντων
1581 4596 1697 4650 ἐστὶ
1743 4599 1865 4651 κατ’

2043 4598 2232 4668 Itaque
2268 4598 2313 4651 si
2343 4596 2479 4651 nihil
2501 4597 2570 4653 de
2594 4599 2759 4654 rebus
2781 4601 3008 4655 omnino
3028 4601 3334 4656 secundum
3369 4602 3542 4672 ipsam

293 4682 430 4736 αὐτὸ
456 4682 518 4734 rb
537 4678 678 4736 εἶναι
705 4683 841 4753 ὅπερ
870 4683 986 4735 ἐστὶ
1013 4684 1106 4736 καὶ
1133 4683 1349 4752 λέγεται
1375 4686 1435 4738 rb
1459 4686 1730 4759 ἄθροισμα
1757 4690 1865 4744 τῶν

293 4777 427 4842 ἡμῖν
459 4775 587 4845 περί
640 4774 771 4828 αὐτὸ
809 4775 1114 4843 νοουμένων
1152 4792 1214 4828 τε
1243 4777 1337 4829 καὶ
1377 4777 1702 4849 λεγομένων,
1749 4781 1864 4835 ἀλλ’

292 4863 481 4935 ἕτερόν
503 4881 558 4917 τι
607 4865 762 4936 παρὰ
802 4861 996 4930 ταῦτα,
1041 4866 1105 4918 rb
1128 4869 1255 4939 περί
1278 4867 1307 4921 ὃ
1341 4868 1512 4921 ταῦτά
1550 4872 1687 4933 ἐστι,
1742 4889 1865 4925 συν-

292 4955 512 5008 εκτικὸν
537 4956 637 5025 μὲν
661 4955 890 5021 τούτων,
916 4958 1051 5011 αὐτὸ
1074 4958 1130 5011 δὲ
1158 4958 1365 5023 τούτοις
1389 4960 1640 5031 οὐδαμῶς
1655 4963 1867 5035 συνεχό-

293 5058 453 5111 μενον
497 5043 657 5114 (οῦδὲ
712 5044 818 5115 γάρ
848 5045 996 5098 ἐστιν
1023 5048 1087 5099 ὲκ
1140 5047 1433 5118 τούτων,ἢ
1474 5046 1668 5115 ταῦτα,
1713 5051 1747 5122 ἦ
1803 5069 1855 5106 τι

288 5134 518 5199 τούτων,
552 5137 585 5206 ἦ
612 5136 675 5190 ἐκ
700 5152 889 5201 τινων,
920 5139 1121 5210 ήτινος
1149 5139 1350 5204 αὐτῶν,
1385 5140 1418 5210 ἢ
1458 5141 1525 5194 ὲν
1570 5142 1796 5207 τούτοις,
1823 5145 1858 5215 η

288 5240 452 5292 τισιν,
490 5228 524 5299 ἦ
553 5244 661 5281 τινι
689 5228 916 5295 τούτων,
945 5229 1006 5282 rb
1031 5231 1159 5300 περὶ
1209 5230 1240 5283 ὃ
1283 5230 1456 5285 ταῦτα
1500 5233 1592 5286 καὶ
1620 5233 1732 5288 ἐστι
1763 5236 1860 5290 καὶ

289 5313 568 5386 λέγεται),
627 5317 926 5373 παυσάσθω
981 5323 1133 5373 πᾶσα
1180 5319 1327 5392 ψυχὴ
1369 5324 1531 5375 παντὶ
1572 5323 1717 5395 λόγῳ
1752 5324 1859 5379 τῶν

290 5410 417 5477 περὶ
447 5409 582 5463 Θεοῦ
606 5410 853 5481 θρασέως
884 5413 1156 5484 ἐπιπηδῷ)
1188 5413 1467 5484 εἰθισμένη
1490 5413 1582 5467 τοῦ
1607 5414 1859 5486 διακενῆς

285 5497 528 5563 ἀσεσεῖν,
582 5503 675 5555 καὶ
731 5503 791 5555 ἐν
838 5506 950 5566 τοῖς
995 5508 1209 5577 μικροῖς
1259 5504 1505 5577 μαθοῦσα
1528 5503 1629 5575 τὴν
1651 5506 1865 5563 οἰκείαν,

1970 4688 2445 4755 exsistentiam,id
2469 4697 2554 4743 cst
2585 4689 2733 4758 quod
2765 4704 2958 4744 eorum
2980 4707 3101 4761 qua:
3126 4707 3158 4747 a
3184 4691 3349 4747 nobis
3375 4691 3445 4748 de
3475 4708 3544 4748 eo

1972 4780 2289 4850 cogitantur
2351 4788 2407 4834 et
2429 4779 2691 4834 dicamur
2718 4782 3077 4852 congregatio
3114 4789 3173 4838 et
3214 4791 3301 4861 est
3321 4792 3378 4839 et
3403 4782 3543 4837 dici-

1973 4881 2084 4938 tur,
2115 4872 2213 4927 sed
2242 4872 2394 4926 aliud
2429 4871 2561 4941 quid
2589 4872 2662 4927 ab
2704 4873 2794 4928 his
2834 4874 3142 4940 diversum,
3194 4875 3251 4931 id
3280 4876 3543 4933 videlicet
3646 4915 3656 4929 .

1967 4962 2117 5032 quod
2147 4963 2239 5017 illa
2267 4962 2573 5017 comitantu
2587 4978 2731 5027 r,_ea
2778 4980 3115 5022 conservans
3144 4982 3209 5022 ac
3250 4969 3543 5026 continens

1970 5055 2214 5122 quidem,
2244 5054 2422 5123 ipsum
2448 5068 2583 5108 vero
2611 5055 2699 5109 his
2719 5071 3067 5126 nequaquam
3090 5066 3417 5115 contentum
3445 5072 3549 5116 aur

1969 5152 2360 5201 conservatum
2394 5145 2471 5216 (id
2511 5148 2661 5201 enim
2695 5146 2841 5203 circa
2872 5148 3022 5217 quod
3074 5149 3191 5205 haec
3219 5158 3276 5205 et
3326 5160 3458 5207 sunt
3484 5160 3537 5206 et

1970 5238 2235 5293 dicuntur
2263 5253 2372 5293 non
2397 5248 2482 5294 est
2515 5255 2582 5295 ex
2608 5240 2717 5303 his,
2749 5257 2928 5310 neque
2950 5241 3089 5308 haec,
3114 5257 3296 5313 neque
3330 5244 3541 5317 aliquid

1973 5329 2198 5394 horum,
2222 5345 2402 5399 neque
2436 5348 2501 5386 ex
2534 5332 2833 5401 aliquibus,
2857 5348 3036 5402 neque
3056 5334 3290 5406 alicujus
3323 5351 3536 5396 eorum.

1970 5434 2151 5492 neque
2183 5421 2383 5482 iu‘his.
2416 5431 2509 5476 aut
2537 5424 2834 5493 aliquibus,
2887 5432 2982 5478 aut
3047 5426 3233 5496 aliquo
3291 5428 3535 5492 horumr,

1961 5508 2181 5566 desinat
2202 5526 2341 5566 vane
2370 5523 2425 5567 et
2458 5512 2625 5583 impie
2659 5529 2818 5585 agerc
2852 5517 3032 5572 omnis
3080 5517 3261 5575 anima
3303 5521 3535 5575 cuilibet

1546 5624 1779 5680 VARIIE
1838 5625 2237 5685 LECTIONES.

355 5683 398 5713 ’⁵
428 5686 677 5746 Fortasse
706 5710 819 5746 τον.

612 5785 859 5845 Parnm.
916 5785 970 5843 (ἱ
984 5802 1044 5844 n.
1075 5786 1222 5846 XCI.

3146 5801 3228 5860 39
