3984 6198
449 249 602 312 ⁴ῙΞΞἹ

1637 248 1698 306 S.
1740 245 1927 304 MAXl
1939 244 2026 303 Ml
2068 243 2204 303 CON
2217 244 2576 304 FESSORIS

3578 249 3698 317 19.28

463 359 560 414 Dei
593 374 779 414 rerum
825 358 1023 413 rationi
1072 359 1339 413 insultare
1371 357 1687 428 petulanter
1734 357 1919 422 solita,
1973 371 2038 410 ac

2150 355 2448 421 Ξισθένειαν,
2476 356 2570 409 καὶ
2602 357 2727 426 σιγῇ
2763 354 3007 409 σεεέσθω
3055 354 3216 426 μόνον
3242 357 3342 429 τὴν
3370 359 3608 430 άρῤητόν
3641 381 3698 417 τε

465 451 551 504 vel
575 453 630 503 in
671 451 856 520 parvis
885 451 1163 519 propriam
1198 449 1605 503 animadvertat
1628 449 2034 510 inﬁrmitatem,

467 553 528 612 et,
550 545 715 598 tacite
749 553 1068 598 revereatur
1095 543 1433 609 inetl‘abilem
1474 546 1652 600 solum
1688 545 1950 613 omnique
1980 552 2038 598 et

469 635 804 705 cogitatione
827 643 882 688 et
905 635 1220 704 cognitione
1253 635 1595 705 superiorem
1622 635 1822 690 divinae
1849 650 2040 689 essen-

470 728 558 779 tia:
597 726 908 780 veritatem.
946 726 1058 780 Nec
1108 725 1226 796 ipsa
1285 725 1460 790 enim,
1523 735 1583 780 ut
1637 735 1799 782 antea
1847 725 2037 780 docuit

463 827 726 882 sanctus,
777 837 794 869 ι
818 817 1090 872 Accurata
1111 820 1195 873 vel
1216 820 1507 888 paululum
1545 819 1880 874 conditionis
1916 835 2040 888 per-

468 909 653 978 ceptio
682 927 699 958 ›
740 908 1045 963 secundum
1077 924 1264 962 veram
1299 909 1571 964 rationem
1615 925 1646 963 a
1690 920 1876 965 nostra
1941 924 2038 964 co-

467 1001 717 1072 gnitione
745 1000 1260 1069 comprehenditur,
1319 1009 1378 1054 ut
1419 1015 1520 1071 ego
1568 1015 1790 1069 quoque
1842 999 2039 1070 paulu-

449 1093 579 1146 lum
619 1106 875 1146 sermone
925 1091 1272 1155 immorarer,
1313 1099 1478 1161 atque
1509 1107 1783 1157 summam
1825 1100 1883 1144 et
1928 1104 2040 1144 non

466 1185 849 1254 vestigabilem
869 1185 1207 1253 «sapientiam
1229 1183 1532 1239 admirarer
1549 1224 1562 1239 .
1582 1183 1717 1250 Quis
1744 1183 1891 1238 enim
1936 1183 2040 1237 ho-

469 1276 680 1330 minum
708 1275 1064 1345 quantumvis
1085 1276 1437 1330 eruditorum
1476 1276 1843 1330 rationalibus
1865 1275 2041 1329 fretus

468 1367 858 1423 instrumentis
885 1376 946 1421 et
971 1367 1319 1422 documentis
1343 1382 1464 1436 qua:
1491 1381 1599 1420 non
1629 1376 1757 1421 sunt
1803 1365 2043 1420 conﬁsus

467 1476 660 1516 eorum
717 1475 840 1528 quae
895 1467 1026 1513 sunt
1080 1460 1421 1529 majestatem
1482 1459 1699 1513 ratione
1750 1472 2042 1528 aggressus

449 1562 823 1618 cognoscere,
846 1563 1110 1603 enarrare
1131 1556 1297 1618 atque
1346 1550 1582 1618 probare
1616 1550 1862 1619 poterit?
1885 1550 2043 1616 Qua:-

471 1657 596 1694 nam
617 1648 747 1694 sunt
761 1639 829 1693 de
851 1639 1172 1694 exsisteutia
1191 1641 1392 1709 cuique
1410 1656 1600 1695 eorum
1625 1657 1747 1710 qua:
1769 1641 2042 1696 exsistunt

467 1727 538 1780 ab
572 1727 733 1780 initio
757 1727 980 1781 insertae
1015 1728 1260 1783 rationes
1288 1739 1454 1799 atque
1480 1709 1794 1799 implicatae,
1845 1746 2042 1784 secun-
2075 1709 2115 1764 Β

468 1817 600 1872 dum
633 1833 770 1887 quas
810 1819 1244 1889 unumquodque
1276 1829 1333 1875 et
1367 1830 1537 1877 estet
1566 1831 1820 1876 naturam
1854 1822 2037 1887 habet,

469 1919 526 1964 et
553 1910 788 1964 formam
811 1917 868 1964 et
891 1911 1138 1979 speciem
1168 1920 1393 1966 nactum
1451 1920 1556 1977 est,
1586 1922 1644 1968 et
1675 1915 2040 1982 compositum

455 2009 576 2066 est,
611 2009 667 2055 et
702 2001 941 2065 valet,.et
970 2001 1102 2071 agit,
1137 2011 1193 2055 et
1219 2002 1452 2071 patitur,
1506 2019 1575 2058 ne
1615 2019 2041 2059 commemorem

477 2090 804 2161 quantitatis
842 2099 902 2145 et
946 2092 1232 2160 qualitatis
1279 2104 1336 2147 et
1394 2094 1703 2150 all‘ectionis
1737 2105 1793 2150 et
1829 2096 1934 2150 loci
1986 2105 2044 2151 et

471 2181 740 2251 temporis
769 2189 825 2236 et
852 2181 1146 2250 positionis
1177 2191 1233 2236 et
1277 2183 1541 2239 motionis
1570 2193 1627 2238 et
1657 2184 1883 2239 habitus
1934 2184 2043 2239 dif-

470 2272 767 2328 ferentiam
793 2287 858 2326 ac
888 2273 1303 2342 proprietatem,
1335 2274 1403 2328 ad
1445 2290 1567 2344 qua:
1593 2284 1651 2330 et
1679 2286 1865 2332 nostra
1895 2276 2044 2332 laute

469 2373 636 2434 atque
661 2363 950 2433 magniﬁce
975 2364 1262 2419 rationalis
1292 2365 1525 2421 facultas
1553 2383 1620 2421 ex
1654 2367 1775 2436 pari
1808 2381 2043 2422 numero

471 2455 805 2510 ditl‘unditur
833 2456 889 2510 in
953 2464 1215 2524 mentem,
1246 2466 1303 2512 et
1332 2457 1746 2528 cogitationem,
1775 2467 1832 2514 et
1855 2485 1858 2488 ~
1884 2459 2046 2513 intel-

474 2545 704 2609 lectum,
764 2556 820 2600 et
849 2547 1204 2612 sententiam,
1244 2557 1300 2602 et
1349 2549 1776 2618 reputationem,
1815 2557 1872 2605 et
1925 2566 2044 2604 ser-

471 2654 691 2694 monem
723 2637 780 2692 in
816 2645 1000 2693 mente
1041 2649 1393 2710 conceptum,
1444 2640 1608 2710 inque
1669 2643 1942 2711 prolatum
1989 2649 2044 2696 et

473 2735 764 2784 sonantem
791 2744 1124 2795 sermonem,
1160 2731 1265 2785 hoc
1289 2739 1374 2787 est
1402 2747 1594 2788 vocem
1638 2740 1693 2786 et
1725 2733 2040 2798 clamorem,

473 2827 530 2872 et
562 2833 752 2874 rursus
784 2819 1146 2889 recolligitur,
1189 2829 1250 2874 ut
1280 2821 1335 2874 in
1366 2832 1575 2890 quanto
1604 2829 1662 2877 et
1696 2824 1846 2892 quali
1875 2832 1929 2877 et
1960 2839 2045 2878 re-

474 2909 664 2979 liquis,
707 2909 1173 2980 quemadmodum
1206 2911 1610 2977 recensuimus,
1644 2912 1807 2983 hujus
1835 2914 2043 2984 absque

473 3017 538 3058 ea
569 3017 732 3071 quam
764 3001 1019 3056 doctrina
1048 3011 1104 3057 et
1133 3018 1222 3057 ars
1242 3004 1398 3058 novit
1443 3003 1606 3075 hujus
1645 3003 1959 3059 ditl‘erentia
1989 3013 2045 3059 et

474 3092 850 3164 prOprietate?
870 3092 1003 3158 Quis
1017 3101 1101 3149 est
1131 3094 1226 3163 qui
1251 3095 1397 3150 norit
1417 3110 1611 3150 eorum
1630 3110 1750 3164 qua:
1775 3096 2048 3150 exsistunt

478 3184 724 3238 rationes
757 3191 818 3237 ut
865 3184 1035 3238 etiam
1069 3186 1363 3250 exsistunt,
1416 3185 1881 3255 quemadmodum
1911 3187 2045 3252 dixi,

475 3281 532 3327 et
561 3273 866 3336 distant,et
900 3274 1240 3330 immobilem
1272 3276 1342 3331 de
1374 3284 1573 3331 natura
1603 3286 1809 3331 statum
1841 3279 2050 3333 habent

477 3373 536 3420 et
571 3365 873 3420 motionem
905 3366 1142 3422 invicem
1166 3383 1287 3422 sese
1328 3385 1440 3423 non
1486 3370 1795 3434 turbantes,
1830 3371 1960 3426 dum
1993 3373 2049 3426 in

480 3460 722 3514 motione
740 3469 964 3525 statum,
994 3471 1050 3516 et
1074 3463 1129 3516 in
1159 3471 1328 3526 statu,
1361 3463 1508 3532 quod
1545 3465 1780 3519 maxime
1807 3465 2046 3529 mireris,

479 3553 783 3608 motionem
813 3553 1052 3608 habent?
1079 3555 1356 3624 quodnam
1377 3557 1783 3611 contrariorum
1828 3557 1972 3612 inter
1992 3572 2050 3612 se

481 3647 539 3701 in
569 3645 734 3700 unius
765 3646 958 3700 mundi
1003 3648 1454 3702 constitutionem
1511 3649 1584 3703 sit
1642 3649 1944 3714 vinculum,
1996 3657 2052 3703 et

479 3737 720 3794 ordinati
759 3746 816 3793 et
873 3738 1145 3794 inconfusi
1206 3747 1390 3794 motus
1441 3747 1498 3796 et
1555 3739 2052 3796 administrationis

481 3829 724 3884 modus?
749 3829 844 3899 qui
877 3845 1094 3883 rursum
1119 3830 1175 3883 in
1215 3829 1544 3898 corporibus
1595 3830 1803 3885 nostris
1831 3839 2051 3885 contra-

480 3921 693 3977 riorum
719 3921 1026 3978 secundum
1058 3922 1474 3991 permistionem
1505 3923 1831 3990 compositio
1887 3923 1960 3977 sit
1988 3937 2053 3977 ac

480 4027 678 4076 nexus,
709 4029 820 4082 quo
849 4027 974 4081 qua:
1018 4013 1348 4066 naturaliter
1403 4011 1612 4066 distant
1671 4012 1726 4066 in
1784 4012 2053 4070 familiare

481 4103 908 4160 contubernium
933 4113 1226 4173 coguntur,
1261 4103 1468 4172 quique
1522 4103 1815 4160 medietate
1867 4113 2054 4160 extre-

479 4195 735 4248 mitatum
759 4192 1144 4249 austeritatem
1171 4194 1404 4264 mitigat,
1439 4209 1644 4264 perque
1672 4243 1674 4246 .
1705 4211 1763 4249 se
1814 4195 2052 4250 invicem

479 4297 666 4338 meare
696 4282 816 4338 sine
847 4297 988 4336 noxa
1018 4282 1262 4344 instruit,
1312 4291 1368 4338 et
1420 4283 1564 4338 hanc
1617 4283 2052 4353 compositorum

2139 450 2234 501 καὶ
2262 447 2404 516 ὑπὲρ
2431 448 2617 517 νόησιν
2667 449 2762 501 καὶ
2804 448 2983 518 πάσης
3025 450 3285 503 ἐπέκεινα
3328 452 3584 519 γνώσεως
3616 456 3702 523 τῆς

2140 538 2291 601 θείας
2317 538 2504 601 οὐσίας
2544 535 2875 608 δντὲότητατι
2924 539 3059 592 Οὐδὲ
3101 539 3244 612 αὐτὴ
3293 540 3403 611 γὰρ
3449 544 3591 596 κατὰ
3622 561 3704 613 μι-

2142 630 2297 700 κρὸν,
2330 629 2404 693 ὡς
2443 628 2734 701 προλαϐὼν
2759 628 2998 692 ἐδίδαξεν
3021 631 3048 681 ὁ
3078 630 3253 698 ἆγιος,
3299 632 3330 700 ἡ
3357 631 3457 700 τῆς
3488 634 3710 696 κτίσεως

2139 721 2376 793 ἀκριϐὴς
2399 722 2730 793 κατανόησις
2752 722 2828 792 (ί)
2864 741 2882 774 ι
2920 723 3064 777 κατὰ
3091 724 3182 776 τὸν
3213 725 3390 794 άληθῆ
3429 725 3585 793 λόγον
3615 729 3710 779 ὑπὸ

2139 816 2239 885 τῆς
2269 815 2426 885 ἡμῶν
2468 815 2786 885 περιέχεται
2818 813 3095 882 γνώσεως,
3123 815 3209 868 ἵνα
3240 816 3435 887 κάγὼ(
3463 819 3628 888 189
3656 820 3703 879 ὁ)

2145 906 2340 978 μικρόν
2392 924 2443 959 τι
2480 905 2886 976 προσδιατριψω
2925 904 3006 975 τῷ
3054 905 3218 976 λόγῳ,
3273 907 3370 958 καὶ
3420 910 3523 976 τῆς
3580 908 3710 976 ὑπὲρ

2141 1000 2321 1054 πάντα
2356 998 2551 1066 σοφίας
2584 998 2854 1066 θαυμάσω
2884 998 2946 1051 τὸ
2992 998 3420 1068 ἀνεξιχνίαστον.
3464 1000 3564 1062 Τίς
3613 1001 3714 1066 γὰρ

2141 1092 2251 1145 τῶν
2283 1091 2426 1159 ἄγαν
2449 1090 2629 1159 σοφῶν
2658 1093 2776 1152 ταῖς
2808 1090 3057 1157 ὶογικαίς
3081 1090 3354 1159 πιστεύων
3386 1091 3599 1158 ἐφόδοις
3628 1090 3716 1142 καὶ

2141 1184 2262 1243 ταῖς
2291 1179 2610 1243 οὐκόὐσαις
2645 1179 2864 1251 θαρρῶν
2910 1181 3221 1248 ἀποδείξεσι
3266 1183 3407 1251 μετὰ
3435 1181 3596 1247 λόγου
3625 1183 3717 1251 τὴν

2143 1273 2251 1325 τῶν
2281 1272 2452 1326 ὄντων
2483 1270 2730 1327 ἐπελθὼν
2762 1272 3159 1343 μεγαλειότητα
3176 1273 3470 1343 δυνήσεται
3495 1272 3716 1340 γνῶναι,

2142 1365 2316 1417 εἰπεῖν
2364 1380 2427 1417 τε
2467 1365 2562 1418 καὶ
2601 1365 3000 1435 παραστῆσαις
3056 1365 3214 1428 Τίνες
3261 1365 3312 1416 οί
3358 1366 3580 1436 ἑκάστῳ
3617 1364 3717 1419 τῶν

2143 1454 2315 1509 ὄντων
2349 1458 2415 1527 τῇ
2449 1455 2683 1527 ὑπάρξει
2719 1455 2954 1528 πρώτως
2995 1455 3505 1524 ἐγκαταϐληθέντες
3553 1457 3717 1524 λόγοι,

2144 1548 2268 1602 καθ’
2297 1546 2392 1611 οὓς
2421 1549 2518 1602 καὶ
2543 1548 2660 1601 ἐστι
2690 1548 2784 1601 καὶ
2833 1549 3046 1616 πέφυκε
3095 1547 3207 1601 τῶν
3249 1549 3418 1602 όντων
3466 1548 3716 1608 ἕκαστον,

2145 1641 2239 1695 καὶ
2264 1641 2688 1710 είδοπεποίηται,
2726 1641 2822 1694 καὶ
2859 1641 3280 1712 ἐσχημάτισται,
3324 1642 3419 1695 καὶ
3452 1641 3720 1695 συντέθει-

2144 1751 2253 1797 ται,
2296 1734 2392 1787 καὶ
2431 1734 2681 1796 δύναται,
2717 1733 2811 1788 καὶ
2860 1735 3095 1802 ἐνεργεῖ,
3131 1733 3228 1786 καὶ
3252 1733 3473 1803 πάσχει,
3511 1734 3599 1786 ἵνα
3653 1734 3722 1802 μή

2145 1825 2288 1892 λέγω
2318 1825 2418 1894 τὴν
2448 1827 2506 1878 ἐν
2536 1824 2615 1895 τῷ
2649 1823 2803 1894 ποσῷ
2828 1841 2886 1877 τε
2916 1825 3007 1878 καὶ
3047 1823 3124 1894 τῷ
3175 1824 3336 1894 ποιῷ,
3361 1825 3456 1878 καὶ
3490 1827 3558 1894 τῇ
3601 1827 3722 1893 σχέ-

2149 1933 2251 1981 σει,
2284 1916 2380 1970 καὶ
2423 1915 2502 1986 τῷ
2548 1915 2721 1987 τόπῳ,
2752 1915 2848 1969 καὶ
2876 1915 2955 1985 τῷ
2983 1915 3182 1986 χρόνῳ,
3225 1916 3325 1970 καὶ
3349 1919 3416 1986 τῇ
3451 1916 3624 1981 θέσει,
3660 1920 3722 1986 τῇ

2147 2024 2206 2060 τε
2236 2009 2447 2076 κινήσει
2473 2009 2567 2060 καὶ
2595 2007 2726 2074 ἕξει,
2770 2008 3036 2079 διαφοράν
3061 2009 3157 2061 καὶ
3215 2008 3479 2078 ἰδιότητα,
3527 2012 3661 2078 πρὸς
3691 2009 3727 2063 ἃ

2149 2100 2242 2153 καὶ
2265 2102 2299 2169 ἡ
2339 2099 2461 2153 καθ’
2508 2102 2654 2168 ἡμᾶς
2701 2099 3064 2170 μεγαλοφυῶς
3119 2100 3313 2169 λογικὴ
3368 2101 3614 2170 πέφυκεν
3651 2103 3727 2155 ίσ-

2153 2191 2405 2261 αρίθμως
2439 2191 2806 2245 πλατύνεσθαι
2838 2191 3070 2262 δύναμις
3114 2194 3193 2254 είς
3239 2191 3382 2256 νοῦν,
3401 2193 3494 2245 καί¹
3522 2193 3725 2262 νόησιν,

2150 2285 2246 2337 καὶ
2296 2282 2524 2348 ἔννοιαν,
2581 2283 2676 2336 καὶ
2724 2281 2984 2348 διάνοιαν,
3044 2283 3141 2336 καὶ
3183 2282 3453 2346 σύννοιαν,
3501 2283 3599 2337 καὶ
3640 2286 3730 2337 τὸν

2150 2374 2457 2428 ἐνδιάθετον
2499 2374 2679 2442 λόγον,
2734 2375 2825 2428 τόν
2877 2391 2938 2428 τε
2986 2375 3128 2429 κατὰ
3183 2375 3465 2446 προφορὰν
3500 2376 3596 2430 καὶ
3639 2377 3731 2430 τὸν

2149 2467 2450 2536 γεγωνότα,
2477 2467 2727 2520 τουτέστι
2758 2466 2942 2537 φωνὴν
2982 2467 3077 2520 καὶ
3121 2467 3390 2538 κραυγὴν,
3431 2467 3525 2520 καὶ
3570 2464 3732 2530 αὖθις

2153 2556 2504 2624 συνάγεσθαι,
2554 2557 2724 2626 χωρὶς
2751 2557 2850 2626 τῆς
2883 2557 3004 2610 κατ’
3032 2557 3349 2626 ἐπιστήμην
3380 2556 3476 2610 καὶ
3507 2557 3730 2627 τέχνην,

2151 2646 2344 2715 ὥσπερ
2373 2646 2431 2698 ἐν
2460 2644 2610 2715 ποσῷ
2644 2661 2701 2697 τε
2726 2644 2987 2714 καὶποιῷ
3015 2644 3109 2698 καὶ
3137 2647 3251 2708 τοῖς
3287 2645 3519 2709 λοιποῖς,
3543 2644 3732 2708 καθὼς

2150 2733 2549 2807 ἀπηρίθμηται,
2580 2735 2772 2788 τούτου
2802 2734 3066 2806 διαφορᾶς
3095 2751 3153 2787 τε
3177 2733 3272 2788 καὶ⁵
3302 2734 3592 2805 ίδιότητος;
3633 2735 3732 2795 Τίς

2150 2829 2178 2880 ό
2204 2826 2490 2894 γινώσκων
2510 2825 2638 2889 τοὺς
2669 2825 2861 2894 λόγους
2885 2825 2995 2880 τῶν
3023 2826 3194 2880 ὄντων
3225 2826 3409 2891 καθὼς
3437 2827 3534 2881 καὶ
3562 2827 3725 2891 εἰσιν,

2150 2920 2226 2984 ὡς
2263 2915 2438 2984 εἷπον,
2471 2920 2566 2973 καὶ
2595 2919 2936 2991 διαφέρουσι,
2988 2920 3084 2972 καὶ
3132 2921 3325 2973 στάσιν
3356 2920 3576 2990 ἔχουσιν
3607 2918 3730 2971 ἀκε-

2153 3025 2312 3078 νητον
2361 3009 2461 3080 τὴν
2517 3009 2659 3062 κατὰ
2709 3010 2873 3079 φύσιν
2909 3011 3002 3061 καὶ
3042 3009 3181 3080 πρὸς
3223 3009 3430 3080 ἄλληλα
3460 3009 3729 3080 μηδαμῶς

2152 3099 2595 3171 μεταπίπτουσαν
2633 3100 2867 3170 κίνησιν,
2925 3102 2986 3154 ἐν
3023 3102 3089 3170 τῇ
3131 3101 3345 3172 κινήσει
3374 3099 3470 3170 τήν
3507 3102 3726 3164 στάσιν,

2149 3193 2242 3246 καὶ
2284 3194 2341 3246 ὲν
2394 3194 2460 3262 τῇ
2517 3191 2702 3245 στάσει
2753 3191 2816 3244 τὸ
2869 3189 3305 3261 παραδοξότατον
3358 3190 3454 3262 τὴν
3514 3191 3732 3260 κίνησιν

2149 3279 2371 3350 ἐχοντα;
2427 3281 2511 3343 τίς
2569 3279 2707 3350 πρός
2759 3277 2966 3350 ἄλληλα
3017 3279 3128 3332 τῶν
3175 3280 3433 3332 ἐναντίων
3479 3282 3560 3342 εἰς
3611 3279 3736 3342 ἐνὸς

2150 3372 2356 3442 κόσμου
2392 3373 2655 3426 σύστασιν
2697 3373 2726 3424 ὁ
2756 3371 2978 3442 δεσμὸς,
3012 3373 3107 3426 καὶ
3130 3373 3228 3442 τῆς
3254 3373 3521 3426 εὐτάκτου
3547 3389 3608 3425 τε
3634 3373 3738 3425 καὶ

2150 3463 2392 3534 ἅφύρτου
2421 3463 2692 3534 κινήσεώς
2724 3481 2784 3517 τε
2811 3463 2907 3516 καὶ
2939 3463 3258 3534 διοικήσεως
3306 3463 3335 3515 ό
3364 3463 3592 3532 τρόποςς
3646 3461 3740 3526 τίς

2150 3555 2312 3609 πάλιν
2335 3555 2443 3607 τῶν
2472 3554 2594 3608 καθ’
2624 3556 2770 3626 ήμᾶς
2803 3556 3074 3625 σωμάτων
3097 3557 3130 3625 ή
3160 3555 3270 3609 τῶν
3294 3553 3554 3607 ἐναντίων
3587 3554 3743 3606 κατὰ

2151 3649 2250 3720 τὴν
2289 3650 2487 3720 κρᾶσιν
2519 3647 2608 3702 διὰ
2642 3648 2946 3712 συνθέσεως
2978 3648 3286 3720 συμπλοκὴ,
3340 3649 3410 3703 τὰ
3461 3647 3743 3702 διεστῶτα

2152 3739 2293 3792 κατὰ
2334 3737 2432 3810 τὴν
2483 3738 2646 3807 φύσιν
2695 3739 2776 3800 εἰς
2830 3737 3052 3809 φιλικὴν
3115 3740 3398 3793 συνοικίαν
3456 3740 3741 3806 ἐνάγουσα

2153 3825 2342 3901 (190
2374 3829 2441 3899 a)
2473 3830 2566 3882 καὶ
2595 3831 2660 3900 τῇ
2700 3829 2956 3899 μεσότητι
2981 3831 3042 3882 τὸ
3069 3831 3126 3882 ἐν
3164 3834 3278 3894 τοῖς
3303 3830 3500 3903 ἄκροις
3525 3833 3746 3901 αὐστη-

2157 3923 2247 3992 ρὸν
2273 3921 2690 3985 τιθασσεύουσα,
2731 3920 2828 3974 καὶ
2864 3923 3065 3990 χωρεῖν
3115 3921 3184 3974 δι’
3214 3923 3460 3992 ἀλλήλων
3486 3924 3740 3994 άλυμάν-

2154 4029 2262 4076 τως
2314 4011 2816 4082 παρασκευάζουσα
2872 4012 2966 4066 καὶ
3016 4012 3222 4084 ταύτην
3272 4015 3574 4085 ποιουμένη
3625 4016 3746 4067 τῶν

2156 4103 2426 4156 συνθέτων
2471 4105 2820 4174 συντήρησιν,
2873 4105 2976 4172 τὴν
3025 4104 3134 4156 τῶν
3197 4106 3382 4174 ἄκρων
3431 4105 3578 4158 κατὰ
3636 4107 3751 4177 τὴν

2157 4193 2355 4263 κρᾶσιν
2389 4194 2469 4255 είς
2522 4191 2730 4264 ἄλληλα
2784 4192 3179 4265 περιχῶρησιν,
3221 4194 3316 4247 καὶ
3347 4194 3462 4256 πῶς
3500 4194 3752 4248 ἕκαστον

2155 4284 2360 4338 τούτων
2391 4283 2530 4350 ἐστὶ,
2554 4286 2650 4338 καὶ
2680 4284 2732 4338 τί
2761 4285 2900 4348 ἐστι,
2941 4286 3038 4338 καὶ
3090 4283 3194 4338 πού
3225 4284 3390 4354 φέρον
3419 4285 3452 4354 ἢ
3492 4286 3752 4355 φερόμε-

481 4373 841 4430 stabilitatem
915 4374 1174 4440 instituit,
1251 4376 1659 4430 extremitatum
1746 4377 2048 4432 secundum

2156 4391 2244 4428 νον
2271 4374 2364 4428 καὶ
2406 4375 2498 4427 ἐπὶ
2553 4375 2658 4428 τίνι
2711 4375 3002 4445 γεγένηται
3046 4374 3078 4446 ἢ
3118 4375 3278 4444 φέρει
3320 4374 3352 4444 ἢ
3397 4375 3644 4444 φέρεται,
3677 4376 3751 4427 οὐ

480 4465 792 4522 mistionem
821 4466 876 4520 in
895 4481 954 4522 se
987 4465 1222 4521 invicem
1244 4467 1684 4538 congressionem
1697 4483 1762 4522 ac
1796 4467 2054 4535 reditum,

479 4567 538 4614 et
566 4558 846 4628 quomodo
878 4558 1079 4612 horum
1109 4558 1544 4628 unumquodque
1583 4559 1674 4622 sit,
1707 4566 1762 4613 et
1791 4559 1926 4628 quid
1959 4560 2053 4624 sit,

479 4655 538 4701 et
567 4662 678 4717 quo
705 4647 888 4702 ferens
919 4656 1016 4701 aut
1045 4647 1215 4700 latum
1247 4655 1304 4702 et
1348 4647 1415 4702 ad
1454 4647 1586 4717 quid
1623 4648 1927 4716 perveniat,
1968 4651 2056 4704 vel

487 4738 631 4793 ferat
663 4739 748 4792 vel
777 4737 1008 4802 feratur,
1041 4754 1152 4792 non
1183 4739 1446 4804 solum,ut
1472 4739 1682 4794 dictum
1713 4748 1816 4804 est,
1852 4741 2056 4810 quibus

481 4830 810 4900 aprincipio
868 4830 984 4885 haec
1025 4831 1300 4885 exsistunt
1351 4831 1684 4896 rationibus,
1750 4834 1845 4888 sed
1890 4835 2055 4889 etiam

479 4921 685 4991 quibus
713 4920 779 4975 ad
813 4936 870 4975 se
909 4922 1025 4990 ipsa
1083 4929 1140 4976 et
1174 4921 1405 4977 invicem
1469 4921 1702 4978 infinitis
1753 4932 1810 4978 et
1852 4926 2056 4995 cogita-

482 5016 633 5069 tione
664 5023 720 5068 et
746 5014 966 5068 actione
996 5022 1052 5067 et
1079 5013 1400 5069 dividantur
1435 5022 1493 5070 et
1526 5017 1792 5070 uniantur
1841 5016 2056 5072 modis?

479 5115 647 5174 atque
721 5120 912 5160 rursus
985 5120 1237 5174 quanam
1307 5107 1648 5177 singulorum
1701 5123 2055 5178 quorumque

479 5195 755 5258 essentiae,
786 5204 1018 5258 natura},
1047 5196 1275 5265 speciei,
1327 5196 1535 5262 formae,
1604 5197 2049 5268 compositionis,

482 5286 785 5348 facultatis.
822 5287 1077 5353 actionis,
1136 5288 1427 5357 passionis,
1463 5289 1532 5344 sit
1576 5289 1752 5344 ratio?
1803 5304 2056 5359 quaenam

482 5379 610 5433 dein
667 5395 858 5434 rursus
921 5381 1229 5450 generalis,
1285 5397 1395 5452 qua
1449 5382 1896 5437 extremitatibus
1957 5397 2058 5454 pro

485 5471 824 5541 singulorum
878 5471 983 5527 line
1032 5487 1131 5541 per
1185 5473 1538 5530 medietatem
1599 5483 1827 5530 mutuus
1887 5488 2061 5529 nexus

564 5654 636 5723 tl)
670 5652 815 5708 Idem
851 5653 973 5706 ibid.
1007 5667 1124 5722 cap.
1153 5652 1203 5707 5.

2160 4467 2338 4535 μόνον,
2399 4464 2475 4528 ὡς
2519 4465 2754 4536 εῐρηται,
2812 4458 2895 4525 οἷς
2949 4463 3382 4534 προηγουμένως
3427 4463 3753 4534 ὑπάρχουσι

2157 4556 2330 4610 ταῦτα
2358 4555 2557 4625 λόγοις,
2591 4554 2728 4608 ἀλλὰ
2757 4554 2854 4608 καὶ
2881 4549 2962 4617 οἷς
2997 4554 3132 4624 πρὸς
3176 4552 3347 4606 ἑαυτά
3372 4567 3432 4603 τε
3472 4552 3568 4604 κιιύ⁵
3598 4552 3757 4622 πρὸς

2159 4649 2363 4717 ἄλληλα
2399 4647 2613 4718 μυρίοις
2630 4646 2751 4700 καν
2773 4647 3019 4700 ἐπίνοιάν
3057 4662 3116 4698 τε
3155 4645 3252 4699 καὶ
3283 4644 3569 4714 ἐνέργειαν
3595 4643 3756 4694 διαι-

2163 4738 2386 4810 ροῦνταί
2423 4755 2480 4791 τε
2525 4739 2620 4791 καὶ
2665 4737 2909 4791 ἐνοῦνται
2949 4737 3213 4807 τρόποις;
3271 4737 3366 4790 καί
3412 4733 3567 4797 αὖθις
3603 4736 3692 4797 τίς
3723 4737 3758 4787 ό

2157 4830 2314 4898 λόγος
2349 4830 2448 4898 τῆς
2479 4827 2574 4882 τοῦ
2618 4829 2741 4882 καθ’
2763 4828 2994 4880 ἕκαστον
3023 4827 3233 4891 οὐσίας,
3263 4827 3503 4896 φύσεως,
3538 4825 3756 4887 εἴδους,

2160 4923 2460 4992 σχήματος,
2494 4919 2818 4983 συνθέσεως,
2840 4919 3146 4986 δυνάμεως,
3169 4919 3475 4988 ἐνεργείας,
3495 4916 3715 4979 πάθους
3735 4933 3755 4982 ;

2153 5013 2239 5075 τίς
2272 5013 2326 5068 δὲ
2356 5013 2521 5067 πάλιν
2561 5014 2590 5065 δ
2615 5010 2847 5064 καθόλου
2877 5013 2990 5074 τοῖς
3012 5011 3205 5082 ἄκροις
3241 5010 3386 5064 κατὰ
3417 5008 3480 5062 τὸ
3502 5008 3759 5062 ἑκάστου

2157 5103 2328 5174 πέρας
2357 5102 2448 5157 διὰ
2484 5100 2579 5156 τοῦ
2637 5103 2803 5172 μέσου
2846 5103 2947 5172 τὴν
2993 5101 3132 5172 πρὸς
3184 5100 3394 5171 ἄλληλα
3440 5099 3761 5168 συνάφειαν

2155 5195 2395 5265 ἐνεργῶν
2427 5194 2608 5263 λόγος,
2637 5195 2725 5248 ἶνα
2749 5194 2838 5248 τόν
2865 5211 2924 5247 τε
2955 5193 3078 5247 νοῦν
3105 5193 3199 5247 καὶ
3231 5193 3291 5246 τὸ
3332 5191 3624 5262 νοούμενον
3651 5189 3764 5242 διὰ

2162 5287 2262 5356 τῆς
2308 5287 2477 5358 μέσης
2517 5288 2773 5358 νοήσεως,
2828 5287 3070 5356 σχέσεως
3108 5285 3278 5356 οὔσης
3326 5283 3594 5351 ένωτικῆς
3630 5282 3765 5334 τῶν

2165 5379 2511 5450 διῃρημένων
2544 5380 2674 5450 περὶ
2705 5378 2766 5431 τὸ
2798 5379 2858 5444 ἐξ
2894 5380 3097 5448 ἀμφοῖν
3125 5379 3326 5449 νόημα.
3361 5375 3606 5444 συναφθῇ
3645 5374 3768 5427 καὶ

2166 5470 2478 5540 περιληφθῇ
2511 5470 2762 5540 ἀλλήλοις
2790 5469 3044 5540 ἑκάτερα,
3073 5472 3166 5523 και)⁵
3202 5469 3368 5540 μηδὲν
3391 5468 3452 5521 τὸ
3479 5471 3768 5536 παράπαν
