3984 6198
267 268 407 334 1229

1476 284 1493 303 ο
1509 262 1614 325 ΑΜ
1624 262 2029 325 ΒΙῦΙΙΟῙῖΙΞΞιΙ
2068 260 2320 324 LIBER.

3380 262 3514 328 1230

262 390 408 446 xm
436 385 595 441 τοῦτο
626 383 815 455 δειχθῇ
844 380 948 437 τῶν
982 380 1121 450 μετὰ
1142 379 1274 433 Θεὸν
1294 381 1831 451 περιγραφῆςεύπάρ.

1948 379 2204 447 edicitur,
2243 380 2383 434 ratio
2432 379 2523 445 sit,
2557 388 2617 435 ut
2650 380 2798 450 quod
2827 383 3030 452 cogitat
3065 391 3120 448 et
3174 385 3320 455 quod
3366 386 3517 454 cogi-

262 499 359 554 χον
377 478 665 548 ἐλεύθερον
690 491 705 543 ;
733 474 929 544 ὥσπερ
951 472 1046 526 καὶ
1074 472 1142 525 τὰ
1161 470 1396 541 αίσθητά
1439 471 1615 525 πάντα
1649 474 1744 525 καὶ
1775 471 1843 525 τὰ

269 570 661 641 αἰσθανόμενα,
743 566 912 637 ἤγουν
946 562 1285 633 καίσθητικά.
1359 562 1449 615 διὰ
1502 562 1602 632 τῆς
1670 562 1845 633 μέσης

262 663 589 733 αἰσθήσεως,
618 658 860 728 σχέσεως
888 654 1057 724 οὔσης
1109 654 1297 722 κοινῆς
1336 653 1444 706 τῶν
1495 652 1845 726 διῃρημένων

259 754 468 823 ἄκρων,
524 749 633 802 τῶν
683 748 783 817 μὲν
836 745 911 810 ὡς
947 744 1015 797 δι’
1072 744 1242 813 αὐτῆς
1288 742 1845 813 ἀντιλαμϐανομένων

146 888 165 899 ,
258 846 370 900 τῶν
394 841 692 911 αἰσθητῶν,
722 839 830 891 τῶν
870 836 927 888 δὲ
967 835 1034 888 δι’
1066 834 1239 904 αὐτῆς
1271 834 1703 897 ὑποπιπτόντωνζ
1728 836 1842 895 τοῖς

257 935 695 1005 αἰσθανομένοις,
730 931 861 1000 περὶ
891 928 951 982 τὸ
983 928 1362 999 αἰσθητήριον,
1413 927 1472 979 ὲν
1504 920 1547 992 ᾧ
1577 925 1636 978 τὸ
1670 925 1842 994 πέρας

256 1031 358 1099 τῆς
406 1028 639 1081 ἑκάστου
693 1022 838 1076 κατὰ
881 1020 978 1091 τὴν
1028 1020 1215 1088 σχέσιν
1254 1017 1538 1088 δυνάμεως
1596 1018 1842 1087 ὑπάρχον

256 1120 588 1187 καθέστηκε,
628 1116 724 1168 καὶ
765 1114 894 1184 περὶ
945 1109 1259 1181 δ’ἀλλήληις
1297 1110 1366 1164 τὰ
1417 1109 1564 1180 ἄκρα
1606 1108 1695 1163 διὰ
1741 1105 1842 1178 τῆς

257 1208 433 1278 μέσης
461 1206 700 1276 σχέσεως
733 1201 989 1257 ὲνοῡσθαι
1017 1200 1251 1268 πέφυκε.

1948 481 2096 525 tatur
2154 487 2254 541 per
2284 470 2521 526 mediam
2574 469 2985 542 cogitationem,
3028 490 3151 545 qua:
3191 474 3516 530 distantium

1944 561 2095 614 circa
2141 560 2462 630 cOgitatum,
2521 560 2810 615 amborum
2862 565 3112 632 prolem,
3172 563 3383 619 unitiva
3433 574 3520 620 est

1948 650 2189 715 atfectio,
2225 659 2288 705 ut
2324 658 2555 721 utraque
2588 652 2821 708 invicem
2858 656 3165 725 junguntur
3192 662 3248 709 et
3272 671 3522 726 compre-

1946 741 2280 806 hendantur,
2340 757 2480 797 neve
2534 743 2835 813 quidquam
2877 746 3104 800 omnino
3152 761 3345 801 eorum
3401 765 3522 818 qua:

1949 840 2079 903 post
2103 832 2277 886 Deum
2308 831 2423 886 sint
2453 833 2971 904 circumscriptione
3010 851 3214 891 vacans
3267 838 3519 892 ostendao

1952 922 2081 977 tur?
2114 916 2589 987 Quemadmodum
2635 925 2919 980 sensibilia
2974 942 3192 997 quoque
3244 929 3429 984 omnia
3466 939 3522 983 ct

1948 1028 2071 1084 qua:
2108 1013 2378 1093 sentiunt,
2432 1014 2547 1069 sive
2601 1028 2767 1069 sensu
2813 1016 3065 1085 praedita,
3127 1034 3228 1088 per
3278 1020 3519 1075 medium
3575 1002 3590 1025 κ

1949 1106 2194 1169 sensum,
2227 1119 2353 1174 qua:
2384 1103 2714 1160 distantium
2769 1109 3184 1163 extremitatum
3209 1112 3523 1166 communis

1949 1197 2170 1252 atl‘ectio
2189 1205 2296 1261 est,
2327 1197 2517 1253 alteris
2547 1213 2649 1267 per
2672 1213 2796 1251 eam
2848 1200 3133 1255 sensibilia
3175 1204 3526 1274 percipienti-

258 1297 388 1362 bus,
425 1295 621 1350 alteris
682 1309 784 1364 per
845 1306 968 1346 eam
1034 1291 1105 1345 iis
1142 1306 1265 1360 qua).
1322 1291 1572 1345 sentiunt
1647 1287 2087 1354 succidentibus,
2129 1288 2279 1343 circa
2326 1287 2600 1343 sentiendi
2650 1289 3105 1355 instrumentum,
3171 1293 3264 1346 ubi
3325 1293 3524 1364 singuli

255 1392 525 1462 cujusque
554 1386 862 1444 secundum
917 1384 1268 1440 aﬁ‘ectionem
1308 1385 1587 1441 facultatis
1641 1382 1913 1439 terminus
1972 1383 2274 1437 collocatus
2336 1388 2444 1446 est,
2485 1389 2542 1435 et
2602 1381 2749 1435 circa
2800 1382 2948 1451 quod
2994 1399 3092 1452 per
3135 1384 3373 1439 mediam
3440 1385 3523 1439 af.

254 1482 550 1539 rectionem
578 1481 694 1535 sive
737 1477 1064 1533 relationem
1108 1476 1379 1532 uniuntur
1412 1476 1816 1532 extremitates.
1860 1472 2087 1538 Horum,
2119 1474 2207 1528 vel
2240 1472 2410 1527 unius
2463 1472 2763 1528 alteriusve
2820 1473 3021 1528 horum
3087 1477 3331 1531 rationes
3397 1492 3524 1531 cum

257 1550 592 1642 investigare
644 1580 938 1634 conamur,
973 1565 1238 1623 imbecilli
1290 1569 1454 1639 plane
1507 1577 1566 1623 et
1612 1567 1750 1621 muti
1785 1567 1840 1620 in
1879 1564 2244 1635 explicatione
2305 1565 2711 1629 hasitabimus,
2747 1578 2851 1620 nec
2908 1574 3108 1635 prmter
3136 1565 3379 1620 divinam
3422 1582 3525 1637 ρο⁴

256 1672 514 1720 testatem
562 1680 675 1735 quo
729 1672 974 1721 mentem
1019 1656 1279 1719 accurate
1312 1660 1607 1732 inligamus
1656 1659 2016 1715 habebimus.

328 1757 571 1822 Τούτων,
625 1758 660 1828 ἦ
688 1774 836 1821 τινος
872 1755 1092 1810 Δτούτων
1131 1756 1376 1827 ’ἐρευνᾷν
1426 1753 1831 1824 ἐπιχειροῦντες

2016 1752 2198 1821 Atque
2257 1750 2383 1815 hoc,
2431 1757 2494 1806 ut
2547 1750 2809 1816 arbitror,
2857 1749 2993 1804 illud
3045 1760 3130 1804 est
3178 1751 3328 1820 quod
3383 1751 3525 1807 dixit

254 1851 384 1914 τοὺς
420 1848 639 1918 λόγους,
667 1849 848 1903 ἂτονοι
887 1845 1166 1910 παντελῶς
1196 1846 1288 1899 καὶ
1319 1845 1526 1915 ἄφωνοι
1562 1845 1690 1916 περὶ
1742 1842 1833 1896 τὸν

256 1940 418 2009 λόγον
445 1939 700 2010 μένομεν,
736 1940 836 1992 οὐκ
856 1939 1074 2009 ἔχοντες
1106 1930 1151 2005 ᾧ
1180 1953 1286 1990 τινι
1319 1937 1413 1989 τὸν
1435 1934 1563 1989 νοῦν
1590 1934 1836 2005 ἀκριϐῶς

261 2029 448 2100 (190
487 2030 538 2098 ὁ)
570 2028 963 2100 ὲπεριισόμεθα
990 2067 1005 2091 ,
1039 2027 1179 2097 πλὴν
1204 2023 1304 2098 τῆς
1346 2025 1498 2089 θείας
1530 2024 1833 2095 δυνάμεως.

261 2122 374 2176 Καὶ
401 2120 573 2174 τοῦτό*
600 2122 718 2174 ἐστι
771 2119 838 2174 τὸ
882 2118 1193 2191 είρημένον,
1234 2106 1312 2182 ὡς
1341 2113 1519 2189 οἶμαι,
1573 2116 1651 2188 τῷ
1673 2115 1833 2186 ἁγίῳ,

257 2225 326 2277 γυ
335 2207 591 2278 μνάζοντι
606 2205 696 2260 τδν
713 2206 977 2279 ἡμέτερον
1002 2206 1128 2261 νοῦν
1152 2206 1286 2278 πρὸς
1302 2204 1652 2270 etiameva
1680 2204 1838 2258 Κατά

261 2300 459 2371 μικρὸν
487 2298 643 2369 γοῦν,
673 2300 795 2353 οὐδὲ
833 2301 868 2371 ἡ
900 2300 1000 2370 τῆς
1035 2299 1269 2363 κτίσεως
1303 2298 1540 2370 ἀκριϐὴς
1566 2298 1837 2367 κατανόη-

259 2406 365 2451 σις.
407 2407 427 2441 ι
469 2389 647 2459 (1)’Τδ
678 2389 758 2453 δὲ,
805 2406 825 2441 ι
877 2389 1037 2443 Ἀλλά
1070 2389 1207 2443 πολὺ
1244 2389 1348 2460 πρὸ
1392 2387 1598 2442 τούτων
1631 2389 1666 2459 ἡ
1697 2386 1839 2457 ὑπὲρ

257 2480 431 2534 ταῦτα
461 2481 559 2535 καὶ
591 2480 652 2545 ἑξ
684 2478 751 2553 ἧς
776 2479 949 2535 ταῦτα
989 2479 1174 2550 φύσις,
1205 2479 1447 2560 ἄληπτός
1472 2495 1532 2533 τε
1573 2481 1668 2534 καὶ
1701 2480 1839 2540 ἀπε-

1940 1852 2191 1908 sanctus,
2242 1849 2488 1896 mentem
2544 1850 2792 1910 nostram
2838 1841 2908 1895 ad
2935 1841 3198 1911 pietatem
3230 1856 3519 1907 exercens,

1948 1934 2109 1990 (Nec
2152 1934 2317 2004 plena
2360 1942 2417 1988 et
2450 1939 2710 1987 accurata
2740 1933 2828 1988 vel
2871 1933 3157 2002 paululum
3186 1933 3525 1990 conditionis

1938 2026 2245 2098 perceptio.
2288 2045 2306 2078 ι
2370 2024 2529 2092 Quod
2577 2040 2713 2080 vero
2756 2025 2826 2080 ad
2870 2026 3005 2081 illud
3040 2026 3238 2081 attinet
3275 2044 3288 2081 :
3338 2046 3356 2079 ι
3416 2028 3523 2083 Sed

1939 2119 2115 2172 multo
2147 2116 2322 2188 magis
2342 2120 2563 2170 ’natura
2604 2117 2697 2171 illa
2736 2117 2824 2172 his
2868 2116 3180 2179 sublimior,
3218 2126 3275 2173 et
3308 2133 3376 2173 ex
3416 2134 3526 2189 qua

1918 2210 2057 2265 hazc
2096 2209 2369 2280 originem
2409 2217 2699 2265 traxerunt
2748 2202 3205 2279 impcrceptibilis
3244 2218 3408 2281 atque
3441 2213 3525 2265 in-

1939 2297 2490 2369 comprehensibilis,
2538 2317 2555 2349 »
2601 2297 2762 2362 illud,
2817 2318 2834 2348 ι
2868 2298 3325 2368 impcrceptibilis
3352 2311 3408 2355 et
3438 2302 3523 2355 in-

1939 2389 2477 2460 comprehensibilis,
2507 2409 2524 2441 i
2564 2389 2621 2444 iu
2645 2405 2936 2445 commune
2982 2399 3068 2444 est
3095 2391 3162 2446 de
3205 2390 3525 2446 conditione

1940 2490 1999 2537 et
2042 2490 2241 2536 natura
2275 2481 2363 2538 his
2393 2480 2744 2546 sublimiore,
2769 2489 2826 2535 et
2851 2496 2917 2536 ex
2957 2497 3064 2551 qua
3108 2481 3225 2538 haec
3252 2482 3522 2555 originem

265 2572 542 2642 ρίληπτος,
580 2591 599 2625 ι
641 2573 783 2627 κατὰ
817 2572 999 2625 κοινοῦ
1028 2571 1213 2624 θετέον
1238 2571 1337 2641 τῆς
1358 2570 1587 2635 κτίσεως
1614 2571 1709 2625 καὶ
1737 2571 1831 2640 τῆς

1944 2580 2253 2636 traxerunt,
2280 2564 2365 2627 est
2385 2571 2632 2637 condita,
2660 2571 3012 2627 sumendum.
3048 2572 3187 2629 lllud
3218 2590 3351 2630 vero
3374 2576 3522 2646 quod

261 2663 402 2734 ὑπὲρ
424 2663 598 2717 ταῦτα
649 2665 744 2717 καὶ⁵
777 2662 868 2732 ἀφ’
896 2658 1121 2735 ’ἧστινος
1149 2662 1326 2716 ταῦτα
1351 2702 1368 2727 ,
1394 2661 1595 2733 δηλαδὴ
1626 2661 1696 2715 τὰ
1724 2661 1831 2714 κτί-

1941 2659 2115 2725 addit,
2156 2659 2181 2712 ι’
2206 2661 2326 2715 Non
2381 2660 2530 2731 quod
2581 2668 2686 2727 est,
2710 2660 2810 2716 sed
2848 2677 2988 2730 qum,
3027 2681 3044 2713 ›
3078 2670 3169 2718 est
3201 2663 3523 2734 anticipatio

262 2771 461 2825 σματα,
491 2755 704 2825 φύσεως
733 2738 792 2809 το
817 2773 835 2807 ι
871 2754 1149 2826 ’Λληςιτός
1176 2771 1235 2808 τε
1258 2755 1347 2809 καὶ
1381 2752 1774 2824 ἀπερίληπτος.
1812 2770 1831 2805 ι

1938 2752 2322 2823 subjectiunis.
2381 2750 2459 2808 Ne
2515 2751 2665 2807 enim
2700 2752 2945 2807 oﬁ‘endat
2985 2752 3053 2807 ad
3083 2769 3246 2824 quem
3281 2756 3402 2825 ejus
3440 2767 3525 2811 est

260 2848 334 2901 Τὸ
363 2848 440 2911 δὲ,
474 2865 493 2900 ι
540 2849 653 2918 οὐχ
679 2849 761 2902 ὅτι
791 2848 958 2913 ἔστιν,
987 2847 1101 2902 ἀλλ’
1116 2848 1239 2919 ἥτις
1269 2868 1289 2900 ι
1327 2849 1476 2900 ἐστὶν
1499 2887 1513 2911 ,
1543 2844 1831 2918 ἐπενεχθὲν

1943 2854 2148 2904 sermo,
2174 2840 2408 2897 dicens:
2442 2842 2633 2912 Itaque
2676 2843 2721 2897 si
2762 2841 3199 2912 impereeptibile
3244 2854 3331 2901 est
3374 2850 3523 2917 quod

258 2939 673 3009 προκατάληψις
734 2941 885 2992 ὲστιν
936 2937 1375 3009 ἀνθυποφορᾶς.-
1410 2936 1531 2990 Ἵνα
1596 2934 1708 3006 γὰρ
1762 2936 1831 3008 μὴ

1940 2928 2175 2985 colimus
2208 2944 2273 2985 ac
2308 2945 2660 2996 veneramur,
2707 2944 2841 2985 vana
2878 2930 3047 3000 igitur
3077 2926 3522 2991 Christianorum

258 3029 586 3101 καταδράμῃ
612 3026 778 3088 αὐτοῦ
807 3028 943 3099 πρὸς
976 3027 1035 3081 ὃν
1067 3027 1096 3078 ὁ
1125 3025 1306 3096 λόγος,
1340 3027 1587 3095 φάσκων,
1621 3024 1831 3081 Οὐκοῦν

1940 3021 2285 3090 ριτεὰἰοειὶο,
2313 3037 2454 3077 vana
2487 3021 2657 3079 etiam
2686 3022 2823 3077 ﬁdes
2851 3038 2917 3078 ac
2938 3019 3209 3094 uusqua‘m
3254 3027 3518 3094 stabilita,

258 3120 310 3172 εί
329 3119 570 3190 ἄληπτον
605 3119 780 3187 πάντη
810 3119 872 3172 τὸ
899 3117 1064 3181 σέϐας
1087 3121 1120 3186 ἡ
1129 3118 1265 3187 μῶν,
1298 3118 1456 3171 κενὸν
1484 3117 1594 3189 ἄρα
1616 3117 1679 3171 τὸ
1702 3119 1746 3170 Χ
1756 3136 1831 3189 ρι-

1941 3113 2059 3168 haec
2104 3114 2319 3184 profert
2362 3125 2426 3171 ut
2462 3123 2759 3186 praevertat
2795 3116 3224 3175 obtrectatorem
3252 3121 3368 3176 sive
3402 3137 3521 3179 ser-

260 3211 493 3265 στιανῶν
520 3210 800 3281 κήρυγμα,
828 3200 959 3280 κεῦὴ
984 3209 1043 3262 δὲ
1078 3210 1176 3263 καὶ¹
1212 3211 1247 3280 ἡ
1282 3209 1485 3275 πίστις,
1516 3208 1640 3262 κατ’
1682 3209 1835 3263 οὐδε·

258 3302 348 3365 νὸς
398 3299 785 3372 στηριζομένη,
832 3296 1009 3363 ταῦτά
1084 3315 1220 3368 φησι
1285 3297 1691 3369 προλαμϐάνων
1748 3298 1838 3351 τὸν

259 3393 606 3465 ὶπηρεαστὴν
637 3392 793 3460 λόγον
829 3391 863 3462 ἢ
895 3390 1207 3461 ἄνθρωπον.
1249 3390 1364 3444 Οὐκ
1409 3389 1515 3460 ἔφη
1594 3390 1837 3460 ἄληπτον

258 3483 396 3539 εἶναι
445 3484 652 3555 ταύτην
692 3484 793 3556 τὴν
819 3482 1006 3553 φύσιν,
1030 3466 1176 3552 Ἣπερὶ
1216 3478 1286 3555 ἦς
1343 3483 1373 3534 ὁ
1413 3480 1593 3549 λόγος,
1643 3482 1835 3552 ὅτιπερ

261 3575 520 3645 ὑπάρχει,
550 3573 687 3628 ἀλλὰ
744 3572 797 3624 τί
847 3572 1109 3642 ὑπάρχει,
1166 3572 1262 3624 καὶ⁵
1309 3568 1652 3639 προσεπάγει
1702 3570 1838 3640 πρὸς

259 3665 357 3735 τὴν
386 3665 478 3718 τοῦ
502 3664 662 3733 λόγου
715 3662 1010 3734 βεϐαίωσιν
1054 3659 1137 3725 τὸ,
1177 3678 1195 3711 ι
1244 3659 1387 3712 Πολὺ
1432 3656 1540 3728 γὰρ
1590 3656 1836 3727 διαφέρει

258 3754 351 3808 τοῦ
369 3750 576 3808 εἷναίτι
597 3751 891 3806 πεπεῖσθαι
918 3750 981 3803 τὸ
1006 3749 1058 3803 τί
1080 3749 1213 3802 ποτέ
1234 3750 1352 3801 ἐστι
1374 3747 1535 3800 τοῦτο
1558 3746 1777 3809 εἰδέναι,
1811 3765 1829 3797 ι

256 3845 525 3912 τουτέστι,
547 3838 719 3915 πολλὴ
751 3843 1045 3915 πρόσεστιν
1073 3842 1108 3910 ἡ
1128 3838 1366 3909 διαφορά
1395 3838 1491 3891 τοῦ
1541 3837 1835 3892 πεπεῖσθαι

255 3938 383 4009 περί
432 3953 580 4001 τινος
626 3938 822 4008 ὅτιπερ
873 3934 1110 4005 ὑπάρχει
1162 3932 1305 4004 πρὸς
1353 3930 1418 3984 τὸ
1458 3930 1683 3984 -είδέναι
1733 3929 1833 4001 τὴν

254 4029 457 4101 ἀκριϐῆ
478 4029 578 4098 τῆς
596 4027 783 4092 οὐσίας
809 4026 1004 4091 τούτου
1034 4023 1359 4096 κατάληψιν.
1386 4021 1479 4094 Μὴ
1504 4021 1619 4085 οὖν,
1643 4023 1829 4093 φησιν,

254 4120 613 4191 εὐγνωμόνως
638 4118 796 4190 ἡμῶν
819 4118 1085 4181 είπόντων
1108 4117 1353 4188 ἄληπτον
1378 4111 1521 4169 εἶναι
1552 4114 1650 4187 τὴν
1682 4114 1832 4169 θείαν

252 4211 465 4275 οὐσίαν,
516 4208 843 4280 κακούργως
893 4208 984 4262 τὸν
1017 4207 1175 4277 λόγον
1211 4206 1606 4279 μεταϐιϐἀσῃς,
1656 4207 1732 4269 είς
1769 4206 1831 4260 τὸ

252 4300 412 4372 δῆθεν
441 4299 684 4369 εἰσάγειν
711 4300 864 4369 ἡμᾶς
887 4298 1133 4370 ἄληπτον
1170 4298 1365 4369 αὐτὴν,
1413 4298 1494 4361 εις
1534 4296 1705 4368 αὐτὴν
1732 4295 1830 4367 τὴν

253 4392 511 4466 ὓπαρξιν,
545 4393 655 4446 κάκ
680 4391 875 4444 τούτου
930 4387 1165 4462 συνάξῃς
1221 4388 1410 4443 ἀθεταν
1444 4390 1591 4461 ἡμᾶς
1648 4389 1827 4458 πάντη

1946 3219 2164 3260 monem
2200 3206 2317 3261 sive
2358 3205 2663 3262 hominem.
2698 3207 2818 3262 Non
2856 3211 3049 3265 statuit
3081 3213 3521 3284 impereeptibile

1944 3310 2066 3351 esse
2098 3295 2246 3366 quod
2277 3296 2350 3351 sit
2384 3297 2499 3352 base
2528 3298 2597 3353 de
2639 3304 2754 3369 ‘qua
2790 3296 2975 3357 sermo
3004 3311 3224 3369 natura,
3253 3307 3348 3361 sed
3385 3307 3519 3380 quid

1945 3386 2037 3451 sit,
2078 3395 2136 3441 et
2180 3387 2249 3441 ad
2279 3387 2668 3445 stabiliendum
2689 3404 2845 3445 suam
2877 3395 3212 3450 sententiam
3251 3398 3405 3454 addit
3435 3399 3523 3454 in—

1943 3491 2111 3546 super
2143 3495 2156 3531 :
2209 3497 2228 3528 ι
2254 3478 2483 3533 Multum
2522 3481 2672 3536 enim
2716 3481 2915 3538 diﬂ'ert“
2945 3499 3270 3554 persuasum
3315 3490 3519 3549 habere

1908 3566 2090 3635 ~quod
2122 3568 2331 3637 aliquid
2352 3579 2437 3623 est
2465 3578 2523 3624 et
2550 3586 2715 3626 nosse
2737 3573 3001 3642 quidnam
3037 3577 3141 3632 hoc
3172 3579 3263 3644 sit,
3286 3599 3304 3631 ι
3344 3581 3400 3636 id
3434 3594 3518 3639 est

1944 3659 2180 3713 multum
2229 3660 2418 3714 diﬁ‘ert
2468 3661 2537 3717 de
2571 3678 2630 3717 re
2670 3664 2855 3734 aliqua
2887 3666 3033 3735 quod
3068 3669 3140 3724 sit
3196 3687 3518 3741 persuasum

1928 3749 2171 3805 habere
2199 3762 2257 3805 et
2289 3760 2497 3806 certam
2525 3761 2583 3808 et
2628 3765 2946 3811 accuratam
2985 3761 3238 3816 cssentiae
3270 3764 3390 3834 ejus
3416 3782 3518 3821 no-

1944 3843 2153 3906 tionem
2206 3851 2414 3899 tenere.
2469 3845 2593 3901 Noli
2648 3847 2840 3917 igitur,
2885 3850 3086 3920 inquit,
3123 3868 3248 3909 cum
3294 3873 3397 3912 nos
3450 3875 3519 3915 ex

1941 3934 2086 3989 bona
2115 3934 2225 3991 ﬁde
2267 3935 2477 4006 percipi
2508 3937 2766 3994 'divinam
2811 3944 3107 3999 essentiam
3150 3961 3310 4016 posse
3346 3965 3519 4022 nege-

1942 4040 2085 4089 mus,
2108 4042 2421 4083 sermonem
2451 4030 2687 4101 maligne
2716 4032 2774 4086 in
2803 4033 2976 4103 ipsam
3006 4036 3368 4095 substantiam
3401 4052 3516 4097 tor-

1940 4132 2133 4187 quere,
2157 4127 2420 4190 tanquam
2439 4137 2561 4177 eam
2584 4120 2842 4185 videlicet
2868 4126 3362 4200 impereeptibilem
3396 4149 3518 4191 esse

1940 4218 2268 4278 statuamus,
2318 4229 2428 4269 neu
2483 4214 2610 4270 inde
2655 4231 2758 4272 nos
2806 4219 2980 4276 Deum
3022 4224 3333 4293 negandum
3379 4244 3518 4299 prm-

1939 4301 2124 4358 dicare
2178 4305 2501 4361 concludas.
2561 4306 2631 4362 Et
2680 4310 2848 4378 paulo
2890 4320 3015 4381 post
3056 4315 3321 4387 subiicit:
3369 4320 3514 4387 Quid

1937 4394 2086 4448 enim
2127 4386 2248 4450 esse
2296 4412 2491 4453 censes
2535 4398 2735 4465 Deum,
2787 4402 2835 4457 si
2879 4403 3103 4473 quidem
3152 4386 3557 4470 rationalibus-

252 4485 598 4556 πρεσϐεύειν.
629 4484 740 4538 Καὶ
767 4481 907 4553 μετά
946 4483 1069 4535 τινά
1096 4497 1287 4553 φησιν,
1316 4480 1381 4534 Τί
1408 4480 1516 4551 γὰρ
1565 4479 1824 4552 ύπολήψῃ

1938 4486 2094 4557 plane
2132 4487 2524 4546 instrumentis
2567 4491 2733 4549 ﬁdem
2761 4494 2993 4553 habebis
3028 4499 3157 4569 (hoc
3199 4510 3285 4556 est
3318 4505 3364 4558 si
3398 4519 3516 4561 ser-

249 4579 309 4631 τὸ
364 4577 542 4641 Θεῖον,
600 4576 760 4646 εἴπερ
809 4574 947 4637 ὅλως
1014 4575 1165 4637 ταῖς·
1201 4573 1451 4642 λογικαϊς
1515 4570 1827 4634 πιστεύσεις

248 4669 459 4737 ἐφόδοις
510 4666 833 4736 (τουτέστιν,
873 4667 924 4720 εί
967 4664 1072 4718 οἴει
1136 4664 1214 4736 τῷ
1275 4665 1421 4735 λόγῳ
1458 4664 1824 4741 ⁴περιτρέχων

247 4760 615 4813 ὲναποκλείειν
647 4757 847 4827 γνώσει
884 4758 991 4812 τινί
1030 4756 1291 4810 δύνασθαι
1328 4756 1388 4809 τὸ
1437 4755 1820 4826 ζητούμενον);

253 4870 274 4905 ι
310 4852 544 4922 Πότερον
570 4849 733 4921 σῶμα
762 4848 945 4921 (191
970 4848 1023 4920 ο)
1075 4846 1400 4919 (τουτέστιν,
1429 4843 1580 4919 *Δρα
1602 4846 1821 4918 adma);

246 4944 357 5010 Καὶ
388 4943 507 5007 πῶς
540 4942 601 4996 τὸ
656 4942 886 5013 ἄπειρον
929 4942 1023 4994 καὶ
1075 4941 1333 5012 ἀόριστον
1367 4939 1465 4993 καὶ
1511 4938 1823 5008 ἀσχημάτι-

243 5053 368 5090 στυν
400 5036 495 5089 καὶ
525 5035 731 5104 ἀναφὲς
765 5034 861 5087 καὶ
881 5032 1152 5103 άόρατον;
1192 5050 1211 5083 ι
1249 5031 1338 5097 ἴνα
1377 5030 1819 5101 σαφηνιζόμενον

241 5128 429 5200 νοηθῇ,
479 5127 651 5190 οὕτως
693 5126 805 5180 τῶν
852 5123 1051 5179 κοινῶν
1085 5122 1310 5177 ἐννοιῶν
1372 5121 1818 5194 κεκρατηκυιῶν,

241 5220 465 5291 ἄπειρον
489 5215 629 5273 εἶναι
657 5217 719 5271 τὸ
755 5218 933 5279 Θεῐον,
980 5216 1121 5285 ὅπερ
1158 5214 1278 5267 ἐστὶ
1309 5213 1481 5283 πέρας
1521 5214 1607 5284 ⁴μὴ
1647 5212 1813 5283 ἔχειν.

240 5313 409 5367 Τοῦτο
436 5313 545 5382 γάρ
570 5310 664 5366 τοῦ
694 5309 922 5381 τέτρασι
945 5306 1335 5378 διειλημμένου
1386 5304 1624 5376 πέρασιν
1657 5307 1810 5370 ίδιον,

237 5407 449 5477 κέντρῳ
482 5405 577 5458 καὶ
611 5406 868 5474 γραμμῇ,
905 5399 1198 5470 ἐπιφανείᾳ
1245 5399 1339 5451 καὶ
1371 5397 1595 5469 στερεῷ,
1634 5416 1805 5470 προσ⁶

305 5562 382 5632 (1)
413 5561 562 5616 idem
592 5561 716 5616 ibid.
749 5575 871 5629 cap.
900 5558 953 5632 ᾗ,
985 5573 1040 5627 p.

1935 4590 2098 4631 mone
2124 4577 2567 4636 circumveniens
2592 4582 2740 4652 quod
2765 4588 3036 4655 qumritur
3060 4603 3222 4660 posse
3246 4592 3301 4646 in
3325 4594 3511 4666 aliqua

1931 4669 2266 4739 cognitione,
2300 4671 2509 4728 includi
2543 4676 2764 4747 putas)?
2826 4697 2844 4729 ι
2870 4677 3162 4750 Corpusne
3206 4684 3337 4750 (hoc
3399 4696 3506 4753 est,

1928 4758 2073 4813 Num
2104 4763 2329 4835 corpus)
2354 4765 2376 4817 ?
2407 4765 2476 4820 Et
2504 4781 2743 4835 quonam
2777 4786 2909 4842 ergo
2934 4766 3100 4829 modo
3125 4777 3220 4846 qui
3256 4777 3508 4836 inﬁnitus

1927 4859 1985 4905 et
2022 4851 2414 4910 interminatus
2463 4865 2520 4911 et
2561 4858 2911 4932 inﬁg'uratus,
2969 4866 3065 4935 qui
3107 4866 3348 4941 denique
3400 4889 3507 4929 nec

1928 4943 2079 5014 tangi
2120 4960 2225 5000 nec
2255 4948 2431 5004 oculis
2482 4953 2636 5007 cerni
2671 4956 2898 5024 potest?
2929 4977 2947 5009 ι
2988 4968 3049 5015 ut
3079 4960 3184 5016 hoc
3213 4964 3377 5019 modo
3408 4966 3505 5022 de-

1927 5044 2294 5092 monstratum
2356 5040 2728 5114 intelligatur,
2782 5048 2933 5117 quod
2990 5064 3315 5109 communes
3365 5057 3502 5112 adeo

1926 5127 2187 5184 notiones
2220 5129 2503 5198 evincunt,
2531 5134 2807 5192 inﬁnitum
2840 5153 2964 5194 esse
3003 5141 3199 5208 Deum,
3237 5146 3382 5215 quod
3418 5157 3504 5203 est

1926 5220 2228 5276 terminum
2261 5237 2371 5278 non
2394 5223 2619 5281 habere.
2656 5225 2771 5282 Hoc
2792 5229 2940 5283 enim
2974 5232 3251 5300 peculiare
3278 5243 3369 5289 est
3381 5238 3503 5307 ejus

1923 5310 2071 5380 quod
2106 5320 2345 5381 quatuor
2387 5313 2709 5371 distinctum
2738 5328 2825 5373 est
2860 5320 3134 5384 terminis,
3186 5332 3392 5393 puncto
3444 5336 3502 5382 et
3596 5324 3601 5329 ’

1923 5403 2090 5469 linea,
2125 5405 2418 5475 superﬁcie
2442 5418 2498 5463 et
2523 5408 2720 5475 solido,
2758 5421 3025 5481 praeterea
3057 5419 3239 5475 tribus
3273 5433 3499 5490 quoque

306 5624 378 5702 (1}
411 5633 560 5688 Idem
590 5631 714 5684 ibid.
748 5624 867 5697 cap.
900 5628 952 5690 7,
986 5624 1048 5697 'p.
1095 5627 1217 5691 500,
1256 5625 1344 5680 ed.
1377 5624 1578 5680 Bencd.
1611 5624 1749 5696 Opp.
1784 5636 1914 5681 tom.
1947 5628 1987 5682 ι.
