3938 6192
445 235 477 299 ‘.
503 254 652 320 .1231
1693 257 1749 314 s
1793 258 2081 318 MAXIMI
2120 259 2629 320 CONEESSORIS

521 366 831 435 distantiis,
887 365 1231 438 longitudine
1280 372 1337 420 ct
1376 364 1669 420 latitudine
1702 374 1758 419 et
1788 364 2076 420 altitudine

2138 373 2178 424 Δ
2210 367 2292 420 ἑτι
2325 367 2381 420 δὲ
2426 369 2519 421 καὶ
2556 367 2891 437 διαστήμασι
2935 367 3103 440 τρισὶ,
3135 370 3294 439 μήκει
3321 370 3410 423 καὶ
3448 371 3604 428 πλάτει
3622 384 3688 433 καὶ

522 476 646 531 quae
683 460 816 530 ipsae
843 454 1043 513 iterum
1077 473 1173 513 sex
1209 458 1463 513 terminis
1496 458 1914 523 discernuntur,
1959 473 2071 527 quo

2208 458 2386 528 βάθει,
2421 460 2518 512 καὶ
2548 459 2731 522 αὐτοῖς
2754 458 2817 523 ἓξ
2839 459 3241 530 διειλημμένοις
3270 461 3499 530 πέρασιν,
3516 464 3687 521 ἑκάστου

522 564 648 603 rum
696 546 1077 616 unusquisque
1130 546 1394 602 videlicet
1447 546 1667 601 duobus
1710 546 1995 611 deﬁnitur,
2042 562 2075 600 u

2217 551 2463 620 δηλονότι
2508 550 2629 605 δυσὶ
2664 553 3168 622 περιγραφομένου,
3203 547 3311 605 οἷον
3358 554 3415 604 τὸ
3442 556 3527 623 μὲν
3566 559 3688 628 μῆχος

523 634 813 706 longitudo
860 636 1152 706 superiore
1186 645 1243 690 et
1272 636 1534 693 inferiore
1554 678 1569 703 ,
1601 637 1838 692 latitudo
1872 637 2078 693 dexter:

2204 643 2285 713 τῷ
2317 644 2429 699 ἄνω
2459 659 2517 696 τε
2577 644 2672 698 καὶ
2709 642 2788 713 τῷ
2821 644 2995 710 κάτω,
3047 644 3111 697 τὸ
3151 644 3208 697 δὲ
3249 644 3437 708 πλάτος
3483 646 3549 715 τῷ
3578 648 3689 717 δεξιῴ

521 737 580 783 et
625 728 786 792 laevo,
844 727 1080 783 altitudo
1125 729 1397 784 anteriori
1438 730 1675 785 termino
1704 738 1761 785 et
1783 729 2076 800 posteriori

2207 733 2300 788 καὶ
2325 732 2405 803 τῷ
2430 732 2728 805 ἀριστερῷ,
2758 733 2820 787 τὸ
2841 733 2898 787 δὲ
2919 732 3084 803 βάθος
3119 732 3196 803 τῷ
3223 734 3422 803 ὲμπρδς
3448 735 3610 805 πέρατι
3627 741 3690 789 καὶ

519 821 702 891 Atque
735 821 958 888 iterum,
989 837 1116 877 eum
1154 822 1361 877 eaedem
1392 837 1716 878 communes
1739 822 1995 877 notiones
2017 822 2073 876 in

2209 827 2287 898 τῷ
2324 827 2519 881 ὀπίσω.
2564 827 2675 880 Καὶ
2733 826 2916 891 πάλιν,
2968 825 3078 879 τῶν
3107 824 3283 878 αὐτῶν
3320 825 3495 878 κοινῶν
3538 827 3690 879 ἐννοιῶν

523 913 817 970 deﬁnitum
851 915 1026 969 Deum
1057 931 1180 970 esse
1213 916 1522 982 insinuent,
1552 917 1658 971 hoc
1674 924 1762 971 est
1780 927 2078 985 non-caper

2216 921 2471 988 ἀόριστον
2521 919 2612 973 τὸν
2645 918 2776 972 Θεὸν
2822 916 3180 986 εἰσαγουσῶν,
3203 917 3443 975 ,τουτέστι
3478 917 3541 987 μὴ
3566 918 3691 970 ἐπιδε-

506 1006 743 1078 ,ριειιαω
780 1022 847 1062 ex
884 1007 1219 1077 quibusnam
1260 1015 1479 1063 constet
1521 1008 1834 1079 subjectum
1865 1008 2061 1078 explica

2206 1014 2436 1082 χόμενον
2473 1009 2879 1075 διεξοδεύουσαν
2934 991 3236 1073 ἀνάπτυξιν
3266 1048 3281 1072 ,
3330 1010 3390 1065 ἐκ
3430 1008 3569 1060 τίνων
3614 1025 3693 1060 m-

525 1099 754 1164 tionem,
788 1114 891 1153 nec
915 1099 1089 1169 magis
1119 1099 1412 1155 admittere
1438 1100 1493 1154 in
1517 1101 1640 1157 loco
1664 1100 2080 1157 collocationem

2212 1106 2411 1175 έστηκε
2442 1103 2503 1159 τὸ
2534 1104 2918 1173 ὑποκείμενον,
2943 1104 3078 1172 μήτε
3100 1101 3208 1172 μὴν
3234 1102 3408 1169 sipaij
3432 1101 3559 1170 τόπῳ
3572 1100 3687 1161 θέσιν,

522 1197 619 1242 aut
652 1188 790 1241 intra
833 1197 1053 1256 tempus
1084 1188 1305 1242 initium
1338 1189 1423 1243 vel
1457 1192 1647 1254 linem,
1682 1190 1911 1259 insuper
1940 1190 2077 1244 etiam

2212 1198 2246 1268 ἦ
2276 1199 2375 1268 τὴν
2396 1198 2454 1250 ὲν
2481 1197 2662 1269 χρόνῳ
2692 1196 2869 1267 ἀρχὴν
2913 1194 2947 1265 ἢ
2980 1194 3155 1258 τέλος,
3215 1192 3430 1263 προσέτι
3470 1192 3549 1245 καὶ
3574 1193 3691 1261 ἀσχη-

526 1280 908 1350 inliguratum,
936 1289 998 1334 ut
1032 1280 1127 1349 qui
1171 1296 1283 1335 non
1323 1281 1587 1352 globosus
1610 1290 1694 1336 est
1719 1290 1815 1336 aut
1837 1281 2081 1352 quadran

2216 1287 2501 1359 μάτιστον,
2529 1281 2642 1339 οἷον
2670 1285 2756 1339 ὅτι
2800 1285 2862 1336 οὐ
2905 1282 3248 1353 σφαιροειδὲς
3296 1282 3330 1352 ἢ
3376 1281 3691 1351 τετράγωνονῇ

524 1370 687 1440 gulus
723 1379 818 1426 aut
861 1379 1083 1428 erectus
1115 1380 1211 1427 aut
1242 1372 1503 1427 deorsum
1531 1388 1786 1445 vergens,
1820 1374 1956 1444 quin
1983 1389 2079 1430 eun

2214 1377 2398 1448 ὄρθιον
2432 1377 2465 1447 ἢ
2496 1375 2958 1439 κάτω·νενευκὺς,
3008 1375 3100 1448 ναὶ
3134 1374 3243 1443 μὴν
3280 1371 3372 1425 καὶ
3414 1371 3589 1439 ἀναφὲς
3634 1374 3694 1422 καὶ

524 1461 692 1516 etiam
731 1469 937 1517 tactum
986 1473 1044 1519 et
1092 1465 1273 1519 visum
1334 1463 1549 1535 fugere,
1596 1481 1723 1520 cum
1758 1465 1947 1519 sensui
2000 1480 2079 1519 no

2216 1446 2468 1541 ἀόρατον,
2521 1469 2597 1532 ὡς
2644 1469 2897 1538 αἰσθήσει
2954 1446 3390 1537 μὴίὺποπίπτον
3442 1464 3602 1535 (ταῦτα
3623 1462 3693 1532 γὰρ

522 1552 807 1623 subjaceat
858 1553 998 1625 (haec
1032 1554 1183 1608 enim
1219 1570 1515 1625 corporum
1552 1567 1682 1612 sunt
1708 1556 1986 1629 prepria),
2018 1557 2077 1613 ah

2219 1556 2490 1625 σωμάτων
2522 1554 2677 1627 ἴδια),
2723 1555 3044 1627 παράλογον
3090 1556 3156 1607 ὲκ
3203 1554 3313 1606 τῶν
3355 1551 3699 1629 ἀνασκευασθέν-

526 1643 757 1698 surdum
788 1652 872 1699 est
903 1660 971 1699 ex
1007 1646 1091 1701 eis
1131 1662 1255 1716 qua:
1292 1648 1601 1702 evertimus
1628 1647 1878 1702 divinum
1913 1665 2081 1720 corpu

2218 1665 2326 1702 των
2364 1647 2723 1719 ὑπειληφέναι
2759 1626 2822 1719 το
2850 1647 2997 1701 θεῖον
3029 1643 3173 1702 εἶναι
3202 1648 3360 1717 σῶμα
3394 1648 3480 1699 καὶ
3508 1626 3698 1712 evan},

524 1749 670 1800 esse,
722 1743 890 1804 atque
926 1734 982 1788 in
1035 1742 1117 1791 tot
1168 1751 1398 1791 necesse
1437 1736 1647 1792 habere
1684 1737 1859 1792 dividi
1885 1737 1941 1792 in
1982 1754 2079 1808 quc

2148 1733 2190 1788 Β
2220 1741 2377 1813 ἔχειν¹
2397 1742 2479 1805 εὶς
2503 1741 2743 1813 τοσαῦτα
2772 1740 3092 1812 μερίζεσθαι
3111 1743 3193 1804 εἰς
3223 1742 3322 1794 ὅσα
3342 1739 3491 1792 πάλιν
3516 1738 3577 1801 ὡς
3599 1738 3703 1806 stirps

526 1841 788 1891 rursum,
839 1834 901 1879 ut
941 1841 1166 1896 corpus,
1208 1826 1586 1891 contrahatur,
1628 1828 1935 1898 collegisse.
1968 1828 2081 1883 Indi

2224 1812 2541 1901 συνάγεται.
2590 1812 2822 1903 ’Δμερὲς
2848 1831 2958 1903 γάρ
2995 1832 3171 1902 πάντη
3201 1832 3265 1884 τὸ
3321 1831 3468 1884 Θείόν
3500 1831 3632 1892 ἐστιν,
3652 1830 3703 1880 ὅτι

525 1915 731 1971 viduus
776 1916 925 1972 enim
959 1916 1121 1986 plane
1156 1925 1242 1971 est
1276 1916 1442 1981 Deus,
1478 1917 1608 1987 quia
1650 1918 1900 1988 etplane
1945 1933 2080 1989 quar

2223 1927 2320 1980 καὶ
2347 1923 2633 1988 παντελῶς
2661 1926 2892 1988 ἄποσον,
2925 1922 3129 1977 ἄποσον
3155 1922 3216 1976 δὲ
3246 1920 3528 1983 παντελῶς,
3556 1920 3620 1972 ὅτι
3645 1920 3705 1969 ita".

512 2010 702 2064 .titatis
732 2024 966 2079 expers;
1003 2010 1334 2080 quantitatis
1354 2018 1538 2066 autem
1562 2012 1727 2081 plane
1750 2027 1967 2081 expers,
1991 2029 2064 2082 qu

2223 2016 2509 2081 παντελῶς
2539 2017 2750 2082 ἄποιον,
2768 2018 2961 2071 ἄποιον
2987 2015 3045 2069 δὲ
3074 2012 3377 2076 παντελῶς,
3395 2012 3470 2064 ὃτι
3489 2009 3569 2063 καὶ
3589 2007 3706 2073 πάντη

527 2109 584 2155 et
616 2100 905 2170 qualitatis
946 2101 1109 2172 plane
1145 2117 1380 2171 expers;
1415 2102 1699 2171 qualitatis
1726 2112 1909 2158 autem
1958 2104 2082 2174 plan

2223 2102 2451 2175 ἁπλοῦν,
2482 2108 2689 2163 ἁπλοῦν
2717 2108 2775 2162 δὲ
2796 2110 2995 2179 πάντη,
3020 2109 3103 2161 ὅτι
3132 2106 3232 2161 καὶ
3247 2105 3546 2159 ἀδιάστατον
3572 2101 3707 2165 πάντη.

535 2208 754 2264 expers,
796 2193 928 2263 quia
974 2203 1032 2249 et
1074 2194 1304 2247 omnino
1357 2193 1629 2262 simplex;
1677 2196 1912 2264 simplex
1935 2204 2090 2251 auten

2221 2204 2550 2258 ἀδιάστατον
2572 2203 2631 2257 δὲ
2663 2203 2844 2271 πάντη
2892 2203 2975 2256 ὅτι
3005 2202 3094 2254 καὶ
3135 2200 3319 2269 πάντη
3362 2199 3584 2264 ἄπειρον,
3610 2193 3711 2245 ἄπει-

530 2287 710 2362 plane,
751 2285 902 2356 quod
932 2285 1162 2340 omnino
1204 2301 1319 2340 non
1349 2285 1556 2353 distat;
1586 2287 1759 2345 distat
1787 2298 1973 2343 autem
2001 2303 2085 2343 om

2226 2310 2320 2366 ρον
2348 2294 2406 2348 δὲ
2441 2295 2642 2366 πάντη,
2672 2295 2755 2349 ὅτι
2785 2294 2881 2349 καὶ
2925 2293 3101 2362 πάντη
3130 2291 3392 2362 ἀκίνητον
3441 2286 3514 2356 (οὐ
3547 2282 3711 2337 κινεῖται

516 2383 663 2437 nino
697 2380 846 2452 quod
898 2396 1131 2451 prorsus
1173 2379 1426 2435 inﬁnitus
1469 2388 1592 2439 est;
1636 2381 1887 2439 inﬁnitus
1936 2390 2071 2438 aute

2224 2386 2335 2458 γὰρ
2364 2387 2539 2458 πάντη
2570 2386 2789 2440 πώποτε
2819 2387 2881 2440 τδ
2912 2385 2988 2457 μὴ
3016 2386 3140 2456 ἕχον
3178 2383 3288 2437 ποῦ
3312 2378 3610 2451 κινηθῆναι),
3639 2373 3716 2427 ἀκί-

528 2484 613 2530 est
638 2490 897 2545 prorsus,
920 2474 1071 2545 quod
1102 2482 1158 2528 et
1186 2486 1416 2544 prorsus
1438 2473 1738 2529 immobilis
1756 2473 2083 2544 (nequaquar

2226 2497 2290 2547 νη
2300 2495 2391 2532 τον
2411 2479 2469 2532 δὲ
2493 2480 2693 2549 πάντη,
2718 2480 2801 2532 ὃτι
2829 2479 2924 2531 καὶ
2941 2476 3227 2537 παντελῶς
3278 2471 3447 2543 (191
3476 2471 3522 2539 ὁ)
3551 2468 3717 2535 ἄναρχοι

522 2569 678 2624 enim
738 2576 996 2624 movetur
1050 2567 1199 2639 quod
1242 2582 1357 2625 non
1408 2567 1575 2623 habet
1624 2567 1721 2622 ubi
1771 2567 2077 2639 moveatur)

2229 2570 2310 2639 (οὐ
2343 2570 2453 2641 γὰρ
2479 2568 2594 2640 ἔχει
2624 2587 2676 2623 τι
2724 2569 2832 2638 πρὸ
2860 2566 3028 2622 αὑτοῦ
3061 2566 3158 2620 καὶ
3200 2565 3407 2635 μεῖξον,
3448 2558 3555 2614 οὕτε
3587 2573 3631 2608 τι
3656 2554 3719 2605 σὺν

531 2663 834 2718 immobilis
866 2670 1052 2717 autem
1083 2661 1269 2731 plane,
1317 2659 1466 2730 quod
1502 2667 1559 2715 et
1587 2659 1752 2715 initio
1782 2660 2011 2714 omnino
2039 2674 2086 2715 c:

2204 2663 2379 2733 ἀὐτῷ
2404 2664 2500 2715 καὶ
2533 2662 2672 2726 ἴσον,
2697 2660 2823 2714 οὔτε
2864 2678 2917 2714 τι
2950 2662 3068 2730 μετ’
3094 2657 3252 2723 αὐτὸ,
3296 2655 3389 2710 καὶ
3425 2644 3715 2721 παραμετρεῖ-

532 2765 615 2810 rct
660 2754 821 2825 (nihil
864 2754 1014 2808 enim
1040 2761 1168 2807 ante
1202 2768 1261 2808 se
1283 2751 1449 2807 habet
1475 2767 1573 2807 seu
1601 2753 1801 2823 majus,
1831 2753 1969 2808 nihil
2000 2769 2087 2809 cur

2232 2754 2357 2809 σθαι
2387 2754 2480 2807 καὶ
2511 2756 2710 2824 χωρεῖν
2736 2752 2869 2806 αὐτὸ
2888 2750 3233 2821 δυνάμενον),
3261 2749 3488 2817 ἄναρχον
3507 2742 3555 2796 δὲ
3582 2739 3722 2825 πάντη,

532 2861 590 2903 se
626 2824 746 2916 ipso
792 2860 892 2900 seu
922 2844 1158 2913 aequale,
1197 2843 1338 2898 nihil
1369 2852 1495 2913 post
1533 2857 1613 2909 se,
1645 2845 1862 2913 quodve
1888 2846 2087 2900 confer]

2230 2849 2314 2902 ὅτι
2343 2847 2439 2901 καὶ
2456 2847 2755 2915 ἀγέννητον
2770 2846 2970 2914 πάντη,
2989 2842 3289 2911 ἀγέννητον
3298 2839 3367 2897 δὲ
3389 2830 3567 2903 πάντη,
3588 2824 3724 2884 ὄτικαὶ

533 2945 630 2992 aut
684 2952 881 3007 capere
935 2936 1116 3006 ipsum
1164 2935 1401 3006 possit);
1460 2937 1624 2992 initio
1666 2945 1852 2993 autem
1898 2939 2088 2993 omnin

2233 2937 2512 3000 παντελῶς
2548 2936 2607 2994 ἓν
2638 2936 2732 2989 καὶ
2768 2932 3096 3005 μονώτατον,
3135 2933 3194 2987 ἓν
3230 2932 3288 2985 δὲ
3311 2932 3480 2999 πάντη
3507 2925 3587 2980 καὶ
3607 2918 3727 2991 μονώ-

534 3039 708 3095 carct,
740 3028 891 3099 quod
919 3036 977 3083 et
1009 3028 1291 3099 ingenitus
1322 3037 1407 3083 est
1436 3028 1620 3098 plane,
1643 3028 1923 3099 ingenitus
1945 3039 2089 3085 auter

2173 3076 2199 3094 η
2232 3044 2416 3093 τατον,
2448 3028 2527 3080 ὅτι
2553 3027 2648 3080 καὶ
2675 3025 2958 3089 παντελῶς
2980 3026 3232 3095 ἄσχετον,
3261 3024 3358 3076 καὶ
3381 3020 3466 3073 διὰ
3489 3015 3621 3069 τοῦτο
3638 3026 3728 3063 παν-

2173 3109 2200 3131 u
2285 3121 2296 3131 .
2518 3120 2539 3131 ..
2562 3121 2573 3131 .
2600 3123 2613 3131 .
2704 3119 2718 3131 .
2977 3119 2989 3131 ι
3039 3118 3061 3131 ι.
3440 3112 3455 3131 \
3501 3110 3647 3131 AL..-
3664 3101 3728 3131 .3-

533 3122 720 3195 plane,
754 3120 905 3191 quod
938 3130 995 3176 et
1027 3121 1256 3177 omnino
1283 3136 1430 3176 unus
1456 3128 1514 3176 et
1546 3120 1731 3186 solus;
1762 3135 1905 3175 unus
1945 3128 2088 3175 auter

2175 3110 2200 3131 ’⁴
2235 3121 2475 3174 τάπασιν
2510 3119 2751 3191 ᾶρρητόν
2794 3135 2854 3172 τε
2905 3119 3001 3172 καὶ
3031 3118 3334 3185 ἄγνωστον,
3371 3112 3464 3182 καὶ
3499 3110 3647 3176 πάσης
3664 3110 3730 3169 τῆς

537 3194 762 3269 Omnino
793 3221 850 3268 et
897 3215 1072 3281 solus,
1109 3213 1258 3284 quod
1308 3224 1365 3268 et
1395 3213 1623 3268 omnino
1659 3220 1810 3267 caret
1841 3212 2092 3268 affection

2238 3211 2348 3281 τῶν
2397 3213 2483 3266 ἐπ’
2518 3212 2650 3267 αὐτὸ
2691 3211 2876 3274 καλῶς
2905 3227 2963 3264 τε
2989 3210 3086 3263 καὶ
3108 3206 3431 3279 θεοπρεπῶς
3475 3194 3731 3266 κινουμένων

530 3315 595 3363 et
640 3306 930 3371 relatione,
983 3313 1041 3360 et
1090 3298 1169 3359 'ob
1207 3303 1315 3360 hoc
1366 3303 1590 3374 penitus
1628 3300 1928 3358 ineﬂabilis
1953 3310 2010 3357 et
2051 3302 2085 3356 ir

2239 3305 2498 3375 γνώσεως
2540 3305 2714 3375 πέρας
2741 3303 3075 3376 μονώτατον,
3116 3301 3215 3355 καὶ
3273 3294 3572 3371 μονωτάτην
3597 3284 3739 3357 γνῶσιν

536 3399 818 3470 cognitus,
868 3396 1161 3466 omnisque
1194 3410 1388 3451 eorum
1423 3394 1527 3464 qui
1553 3393 1728 3463 probe
1772 3401 1829 3447 et
1859 3393 1974 3448 Deo
2001 3408 2091 3448 cor

1677 3408 1728 3448 ιο
1772 3401 1829 3447 et
1859 3393 1974 3448 Deo
2001 3408 2134 3449 cono
2241 3397 2366 3467 ἔχον
2409 3396 2584 3467 ἀληθῆ
2627 3396 2691 3450 τὸ
2734 3397 2808 3467 μὴ
2845 3392 3232 3465 γινώσκεσθαι.

540 3490 829 3547 venienter
879 3487 950 3545 ad
1011 3502 1140 3543 eum
1187 3493 1590 3556 promoventur
1634 3483 1967 3555 cognitionis
2008 3483 2135 3540 ﬁnis
2173 3487 2396 3555 unicus,
2431 3496 2488 3544 ct
2513 3488 2733 3543 unicam
2800 3485 3175 3557 cognitionem
3209 3495 3402 3537 veram
3447 3474 3633 3531 habens
3656 3476 3739 3521 eam

533 3582 692 3654 .quod
738 3596 851 3638 non
899 3580 1075 3651 possit
1097 3579 1376 3651 cognosci.

2156 3700 2227 3713 ﬂ

536 3768 630 3822 Ex
667 3766 848 3820 eodem
898 3780 1139 3819 sermone
1166 3765 1226 3818 in
1255 3762 1395 3817 illud
1425 3779 1442 3817 :
1473 3781 1492 3813 ι
1512 3762 1654 3816 Nam
1690 3764 1738 3817 si
1772 3763 1829 3818 id
1867 3763 2006 3835 quod
2035 3779 2091 3818 ιιι

2254 3764 2357 3817 Ἐκ
2378 3758 2488 3815 τοῦ
2511 3756 2702 3813 αὐτοῦ
2735 3756 2943 3824 λόγου,
2965 3757 3053 3819 εις
3085 3751 3177 3815 τὸ,
3213 3770 3234 3803 ‹
3272 3751 3345 3804 El
3378 3747 3486 3818 γὰρ
3522 3743 3582 3797 τὸ
3607 3738 3674 3835 μὴ

618 3869 695 3914 est
743 3874 1006 3928 nusquam
1032 3865 1129 3924 est,
1167 3873 1233 3911 ne
1259 3864 1338 3910 est
1375 3856 1587 3926 quidem
1622 3823 1893 3925 [bi-tusses
1919 3853 2073 3921 Quod
2093 3856 2140 3909 si

2308 3849 2602 3921 οὐδαμοῦ,
2640 3848 2707 3902 τὸ
2748 3823 3041 3916 μήδαμοῦ
3085 3842 3282 3911 τυχὸν
3331 3838 3474 3895 οὐδὲ
3506 3835 3589 3928 δη,
3617 3833 3662 3928 τι

620 3952 814 4006 alicubi
857 3924 973 4004 esse
1018 3950 1239 4030 dixeris,
1275 3924 1462 4017 procul
1497 3924 1676 4013 dubio,
1713 3948 2139 4018 quandoquidem

2305 3947 2441 3999 ἐστι
2464 3950 2635 4005 “.που,
2694 3937 2954 4003 πάντως,
3018 3935 3269 4003 ἐπείπερ
3310 3933 3501 3994 ἐστιν,
3545 3926 3579 3993 ἣ
3606 3924 3663 3976 ἐν
3694 3933 3741 3978 τερ

614 4053 718 4109 est,
757 4042 841 4099 vel
871 4044 930 4097 in
958 4025 1199 4097 universo
1248 4050 1344 4107 est,
1381 4040 1463 4095 uel
1493 4057 1659 4110 supra
1686 4042 2009 4095 universum.
2040 4060 2060 4092 ι

1590 4057 1659 4095 ινα
1686 4042 2009 4095 universum.
2040 4060 2060 4092 ι
2307 4034 2509 4101 παντὶ,
2544 4035 2584 4103 ἢ
2606 4031 2764 4100 ὑπὲρ
2789 4031 2858 4084 τὸ
2885 4028 3009 4084 πᾶν
3045 4025 3145 4098 (5).

617 4156 739 4224 Qua
775 4155 844 4210 de
882 4169 1073 4219 causa,
1116 4152 1354 4209 audiens
1396 4153 1637 4209 fortasse
1662 4151 1902 4221 inquiet,
1938 4151 2132 4206 inver-

2312 4150 2393 4204 Δι’
2426 4148 2495 4220 ἢν
2531 4145 2736 4211 αἰτίαν,
2769 4142 2902 4205 ἴσως
2929 4143 2958 4194 ὁ
2988 4137 3203 4193 ἀκούων
3236 4139 3377 4208 ἐρεῖ,
3400 4135 3507 4205 Τὴν
3537 4132 3746 4224 ἀντι-ϐψς

533 4210 766 4305 sionem
817 4210 1114 4317 ancipitem
1155 4245 1420 4317 magister
1468 4241 1678 4315 posuit,
1730 4210 1921 4296 addito
1973 4261 1990 4293 ι
2023 4242 2088 4296 [‘01

2243 4243 2350 4314 φὴν
2401 4210 2704 4311 ἀμφίϐολον
2763 4232 2792 4284 6
2841 4229 3160 4292 διδάσκαλος
3215 4227 3393 4289 ἔθετο,
3451 4217 3678 4317 προσθεις
3711 4210 3747 4314 si

552 4351 699 4397 tasse
724 4358 743 4392 ι
768 4310 1077 4395 adverbio?
1094 4354 1222 4394 cum
1249 4310 1319 4392 de
1345 4310 1713 4391 rationalibus
1736 4334 2105 4405 suppositioni

2249 4310 2267 4387 ᾇ
2304 4310 2469 4405 τυχὸν
2508 4349 2527 4383 ι
2579 4326 2891 4399 ὲπῑρῤημα,
2934 4323 3069 4376 πᾶσι
3121 4318 3286 4390 δήλου
3324 4318 3498 4379 δντος,
3537 4310 3749 4405 uera-ﬂ;

546 4434 660 4489 bus
682 4448 846 4490 nemo
861 4450 973 4489 non
999 4432 1221 4487 dubitet
1243 4430 1378 4501 quin
1399 4430 1523 4501 jure
1546 4428 1776 4483 omnino
1799 4427 2101 4483 concedatu

2241 4394 2466 4496 λογωιάς
2491 4394 2806 4484 ὑποθέσεις,
2832 4415 2950 4479 τοῦ,
2995 4414 3056 4468 τὸ
3097 4408 3355 4483 μηδαμοῦ
3389 4409 3449 4462 ὃν
3496 4402 3617 4501 μηδὲ
3640 4394 3751 4501 sirm:

554 4485 973 4581 {aﬂuent—es};
1008 4485 1186 4593 quod
1218 4485 1493 4591 nusquam
1546 4518 1638 4576 sit.
1684 4518 1787 4574 Cui
1833 4534 1935 4589 pro
1982 4518 2109 4573 exili

2198 4525 2216 4576 )
2244 4485 2472 4581 δυὶαιωξ
2504 4512 2853 4568 παντάπασιν
2880 4505 3285 4592 δμολογείσθαι.
3326 4501 3485 4601 ,Προς
3513 4498 3568 4598 δν
3597 4485 3753 4601 uari?

553 4627 758 4673 nostra:
774 4591 1156 4687 intelligentia:
1173 4612 1478 4684 indigentia
1494 4610 1975 4682 respondebimus,
1994 4625 2108 4680 quo

2242 4607 2346 4677 τῆς
2387 4604 2612 4676 πτωχῆς
2663 4599 2821 4672 ἡμῶν
2870 4591 3111 4659 διανοίας
3166 4592 3382 4655 ὲπιδεὲς
3434 4591 3665 4687 ἐροῦμεν,
3704 4591 3753 4679 03'-

556 4708 815 4763 Eunomii
846 4679 1077 4779 ejusque
1106 4679 1530 4775 discipulorum,
1578 4679 1676 4774 qui
1716 4703 1892 4757 Deum
1938 4679 2111 4773 utips

2246 4698 2513 4770 Εὐνόμιον
2552 4696 2645 4748 καὶ
2671 4694 2797 4756 τοὺς
2824 4692 2961 4762 ἀμφ’
2986 4688 3168 4752 αὐτὸν,
3200 4686 3466 4754 λέγοντας
3503 4679 3679 4733 ειδέναι

556 4813 616 4852 se
649 4798 833 4867 ipsum
867 4761 1032 4851 nosse
1064 4795 1361 4865 jactarent,
1413 4790 1686 4846 insaniam
1727 4788 1989 4844 coercere
2022 4799 2111 4843 stu

2245 4761 2491 4853 Gahv‘tb;
2522 4788 2685 4851 αὐτὸς
2709 4761 2925 4850 ἑαυτὸν,
2978 4782 3079 4853 τῆς
3108 4778 3314 4849 πολλῆς
3344 4775 3582 4870 ἐπισχεῖν
3622 4761 3758 4870 μανία,

558 4865 697 4947 dens
728 4897 957 4960 propter
983 4887 1120 4941 tales
1146 4898 1433 4940 sermones
1461 4882 1516 4936 in
1538 4882 1801 4952 placitum
1837 4879 2113 4934 absurdun

2248 4882 2573 4955 βουλόμενος
2643 4880 2724 4942 εἰς
2787 4877 2991 4932 ἄτοπον
3038 4873 3199 4938 δόξαν
3249 4871 3343 4924 διά
3409 4867 3518 4921 τῶν
3565 4865 3762 4960 tonsure"

562 4946 794 5052 redegit.
827 4946 937 5034 λιιι
976 4977 1148 5043 enim,
1202 4991 1329 5031 cum
1383 4976 1556 5030 Deum
1600 4983 1860 5044 tanquam
1907 4971 2024 5041 ipse
2083 4984 2117 5024 σε

2247 4946 2507 5043 ἀπήγαγε
2537 4967 2736 5036 λόγων.
2788 4966 2860 5019 Ἦ
2887 4964 2998 5036 γὰρ
3045 4963 3304 5032 λέγοντας
3348 4957 3544 5012 εἰδέναι
3570 4951 3651 5052 τὸν
3674 4946 3762 4997 Θεὸν

561 5042 746 5146 ipsum
792 5086 957 5127 nosse
995 5042 1193 5125 dicunt
1228 5066 1606 5124 necessarium
1631 5042 1794 5135 plane
1824 5062 2051 5137 habent,
2080 5078 2114 5116 u

2248 5063 2323 5127 ῶς
2353 5042 2531 5124 αὐτὸς
2558 5060 2774 5123 ἑαυτὸν,
2804 5058 2902 5111 καὶ
2941 5057 3002 5111 τὸ
3034 5055 3137 5109 ποῦ
3168 5054 3273 5125 χρὴ
3305 5052 3401 5105 τὸν
3426 5042 3765 5146 γινωσκόμενον

562 5140 730 5221 etiam
770 5161 867 5220 ubi
900 5162 973 5217 sit
1030 5175 1197 5230 quem
1246 5158 1437 5213 norint
1482 5155 1587 5226 ipsi
1615 5154 1897 5226 adjiciunt,
1935 5154 1991 5208 in
2022 5153 2117 5225 pler

2250 5154 2391 5210 εἶναι
2443 5153 2819 5225 προσεπάγειν
2871 5148 3073 5212 αὐτοὺς
3128 5147 3351 5208 πάντως
3406 5140 3630 5238 ἀνάγκη,

566 5271 695 5312 nam
720 5253 931 5325 cogniti
962 5217 1540 5321 comprehensionem,
1566 5255 1625 5301 et
1661 5246 1736 5300 ita
1754 5245 1894 5300 nihil
1918 5244 2121 5299 omnim

2246 5246 2467 5301 τελείαν
2492 5217 2600 5298 ’τοῦ
2629 5217 3037 5313 γινωσκομένου
3052 5240 3100 5272 ⁸⁸
3144 5234 3475 5305 κατάληψιν,
3533 5229 3621 5327 ,ἰαὶ

566 5351 637 5410 ab
668 5313 1054 5407 (assistentium
1089 5344 1203 5400 ullo
1240 5341 1544 5397 secundum
1579 5340 1729 5410 ipsos
1762 5338 1910 5394 Deus
1938 5338 2121 5393 diﬁ‘ert

2252 5333 2470 5398 οὐδενὸς
2518 5333 2629 5386 τῶν
2684 5332 2855 5385 ιντων
2878 5330 2940 5385 τδ
2974 5329 3237 5401 παράπαν
3269 5324 3419 5380 οὕτω
3443 5338 3507 5392 γε
3550 5313 3765 5383 διενήνοχε

1876 5470 2112 5526 VARUE
2152 5466 2559 5526 LECTIONES.

660 5579 709 5612 ³⁸
736 5576 940 5633 Eadem
983 5589 1180 5630 manus
1209 5572 1265 5629 in
1294 5568 1418 5626 cod.
1450 5566 1593 5622 Gud.
1635 5581 1806 5637 marg.
1826 5564 1996 5621 rubro
2022 5562 2317 5634 adscripsit
2348 5560 2772 5635 σημαινομένου.

642 5695 896 5768 (3)1dem
926 5694 1051 5750 ibid.
1083 5707 1203 5763 cap.
1239 5690 1326 5757 io,
1361 5704 1415 5759 p.
1448 5685 1569 5742 502.
1602 5683 1741 5756 Opp.
1772 5684 1905 5740 edit.
1938 5682 2141 5740 Bened.
2175 5693 2308 5738 tom.
2340 5681 2385 5737 Ι.
