3984 6198
307 302 442 371 1233

1534 304 2049 367 AMBIGUORUM
2090 306 2338 365 LIBER.
2416 275 2424 293 ’”

3422 288 3557 357 ῙΞέιῖί

303 422 423 475 κατ’
453 421 649 483 αὐτοὺς
669 419 697 471 ὁ
720 419 873 481 Θεὸς,
907 417 1055 487 τόπῳ
1085 416 1353 479 salu-51b;
1375 420 1871 491 περιγραφόμενος,

1983 420 2096 486 ipse
2117 417 2239 472 loco
2265 412 2743 480 circumscriptus,
2769 425 2878 479 quo
2901 410 3041 463 nihil
3063 407 3364 461 absurdius
3380 406 3553 457 foret:

302 501 365 565 ὦ
389 510 442 563 τί
465 507 664 578 γένοιτ’
696 507 762 561 ἂν
792 506 1135 577 ἀτοπώτερον
1161 524 1174 569 ;
1210 506 1242 576 ἢ
1276 507 1350 577 μὴ
1375 507 1635 574 λέγοντας
1679 508 1801 573 ποῦ,
1835 509 1867 578 ἢ

308 599 444 671 μηδὲ
478 596 621 653 εἶναι
650 599 715 651 τὸ
749 596 969 650 σύνολον
1001 597 1203 664 λέγειν,
1259 598 1399 651 κατὰ
1438 597 1538 668 τὴν
1582 598 1747 652 αὐτοῦ
1774 597 1871 651 τοῦ

303 692 459 760 λόγου
495 690 770 751 ὑπόθεσιν,
803 682 863 743 οὗ
884 687 939 741 τί
971 687 1186 756 γένοιτ’
1225 688 1291 740 ἂν
1334 688 1676 758 ἀθε’ώτερον;
1730 691 1873 757 (πῶς

302 782 410 854 γὰρ
442 784 536 836 καὶ
564 781 745 851 (192
775 780 829 849 a)
865 779 920 833 τί
963 780 1029 833 ἂν
1061 780 1147 849 εἴη
1189 780 1248 834 τὸ
1280 780 1354 851 μὴ
1396 782 1612 843 πάντως
1671 797 1769 834 που
1814 784 1875 834 τὸ

304 868 443 925 εἶναι
478 858 713 941 ἔχονῂῆ
749 871 967 933 πάντως
1018 866 1160 922 εἶναι
1207 869 1266 935 ἐξ
1309 871 1555 941 ἀνάγκης
1599 872 1795 934 αὐτοὺς
1840 873 1874 942 η

303 963 599 1017 ἀκολουθία
642 961 736 1015 τοῦ
768 960 929 1029 λόγου
964 961 1146 1030 λέγειν
1194 962 1440 1033 βιάζεται
1481 956 1573 1017 καὶ
1616 964 1871 1034 μηδαμοῦ

303 1049 465 1118 εἶναι,
496 1053 590 1105 καὶ
639 1051 731 1105 διὰ
773 1051 933 1105 τοῦτο
987 1052 1129 1106 εἶναι
1193 1054 1291 1123 μὲν
1359 1055 1454 1107 καὶ
1492 1038 1759 1126 ὑπάρχειν
1817 1056 1877 1108 τὸ

302 1147 479 1209 θεῖον,
513 1145 564 1197 τί
591 1145 648 1198 δὲ
683 1138 824 1198 εἶναι
876 1146 969 1198 καὶ
1001 1145 1268 1215 ὑπάρχειν
1301 1146 1376 1217 μὴ
1409 1147 1626 1201 εἰδέναι.
1679 1149 1741 1200 Ei
1767 1149 1876 1215 γὰρ

304 1233 363 1284 τί
389 1232 492 1284 ποῦ
517 1233 576 1285 τὸ
605 1233 757 1291 Θεῖον
785 1228 928 1288 εἶναι
957 1236 1078 1288 κατ’
1123 1236 1321 1300 αὐτοὺς
1349 1237 1647 1305 ἄγνωστον,
1696 1238 1875 1307 πολλῷ

307 1321 507 1391 μᾶλλον
535 1323 666 1375 αὐτὸ
687 1323 748 1376 τὸ
780 1323 954 1389 Θεϊον,
983 1325 1012 1378 ὅ
1046 1324 1097 1377 τί
1129 1341 1262 1378 ποτε
1294 1327 1414 1380 κατ’
1463 1326 1650 1379 ούσίαν
1704 1327 1873 1390 ἐστὶν,

307 1412 718 1484 άγνωστότερον
741 1411 914 1467 ἔσται.
962 1413 1054 1466 Διὸ
1087 1413 1223 1484 μηδὲ
1268 1431 1370 1468 που
1418 1410 1556 1468 εἶναι
1585 1415 1645 1467 τὸ
1682 1416 1757 1485 μὴ
1790 1432 1878 1482 γι-

306 1503 652 1572 νωσκόμενον
703 1503 1063 1566 εύσεὸοὗντας
1128 1504 1327 1568 αὐτοὺς
1381 1504 1594 1575 ἀνάγκη
1658 1505 1877 1567 πάντως

305 1594 611 1665 ὁμολογεῖν.
638 1594 738 1647 Διά
767 1587 992 1665 ταύτην,
1033 1594 1109 1658 ὡς
1161 1591 1337 1666 οἶμαι,
1377 1596 1476 1667 τὴν
1531 1596 1711 1649 αἰτίαν
1740 1613 1878 1665 συμο

308 1686 741 1757 περιφερόμενος
784 1686 892 1756 μὲν
925 1688 1038 1750 τοῖς
1102 1687 1230 1758 περὶ
1277 1686 1553 1758 Εὐνόμιον
1590 1684 1874 1757 ἀμφέὸαλε

1968 513 2093 568 aut,
2141 505 2187 558 si
2243 514 2370 557 eum
2428 514 2698 570 nusquam
2731 500 2817 551 vel
2864 513 3094 566 prorsus
3137 511 3245 548 non
3286 495 3555 547 exsistere

1977 602 2254 656 statuunt,
2295 592 2600 647 secundum
2632 590 2806 659 ipsius
2840 586 3554 655 ratiunissuppositionem;

1978 685 2109 753 quid
2149 685 2292 738 foret
2315 683 2487 753 magis
2515 681 2746 751 impium
2766 680 2791 732 ?
2823 677 3124 749 (quomodo
3149 676 3297 730 enim
3336 690 3558 744 compa»

1980 785 2156 829 ratum
2197 782 2252 829 et
2282 774 2413 843 quid
2449 784 2597 828 esset
2631 772 2779 842 quod
2813 771 3040 825 omnino
3069 766 3270 822 alicubi
3301 782 3422 820 esse
3447 780 3557 819 non

1981 864 2266 933 haberet?)
2309 870 2404 915 aut
2436 862 2599 931 plane
2629 860 2941 925 necessario
2992 873 3113 913 esse
3147 872 3274 912 cum
3327 853 3561 908 rationis

1977 953 2374 1024 consequentia
2425 942 2672 1006 statuere
2701 950 2824 1003 illos
2845 951 3009 1020 cogit,
3032 960 3085 1003 et
3111 963 3381 1018 nusquam
3406 962 3549 1007 esse.

1977 1060 2184 1117 perque
2224 1040 2330 1098 hoc
2382 1058 2504 1097 esse
2540 1041 2764 1113 quidem
2804 1049 2862 1094 et
2901 1040 3166 1094 exsistere
3194 1039 3389 1102 Deum,
3421 1036 3554 1108 quid

1977 1145 2162 1190 autem
2206 1135 2279 1189 sit
2322 1143 2378 1188 et
2410 1133 2638 1188 exsistat
2669 1147 2728 1186 se
2759 1146 2869 1185 non
2900 1146 3084 1185 nosse.
3127 1130 3183 1183 Si
3234 1129 3380 1184 enim
3422 1128 3553 1183 ubi-

1976 1243 2107 1281 nam
2144 1228 2218 1281 sil.
2242 1227 2386 1281 Deus
2414 1224 2653 1295 ignorari
2680 1231 2949 1285 statuunt,
2977 1223 3149 1274 multo
3171 1222 3343 1291 magis
3373 1221 3552 1290 ipsum

1977 1320 2193 1374 Numen
2223 1318 2479 1373 divinum
2506 1317 2773 1386 quidnam
2805 1314 3108 1369 secundum
3136 1313 3431 1366 essentiam
3461 1311 3552 1374 sit;

1978 1412 2342 1483 ignorabitur.
2377 1410 2558 1477 Quare
2586 1411 2629 1464 si
2671 1409 2928 1479 religiose
2951 1416 3006 1462 et
3042 1407 3131 1476 pie
3152 1421 3310 1476 agere
3342 1406 3559 1468 volunt:

1977 1503 2123 1573 quod
2180 1503 2467 1573 ignoratur
2502 1515 2606 1554 nec
2647 1515 2877 1569 usquam
2902 1513 3023 1552 esse
3057 1497 3285 1551 omnino
3321 1511 3556 1550 consen-

1977 1594 2082 1649 tire
2114 1593 2417 1648 debebunt.
2456 1592 2534 1647 Dc
2586 1591 2713 1656 hac,
2773 1598 2835 1644 ut
2877 1588 3137 1649 arbitror,
3173 1602 3337 1642 causa
3367 1588 3557 1641 Euno-

1980 1684 2183 1739 mianis
2224 1682 2566 1753 morigerans
2595 1681 2909 1736 inversione
2940 1695 3037 1734 eos
3064 1678 3245 1732 induit
3273 1677 3556 1747 magister;

306 1777 405 1848 τὴν
432 1778 794 1849 ἀντιστροφὴν
823 1778 1201 1843 ὁδιδάςκαλος
1222 1818 1240 1846 ,
1271 1779 1331 1833 τὸ
1383 1797 1403 1831 ι
1440 1780 1603 1850 τυχὸν
1640 1798 1658 1831 ι
1710 1781 1871 1852 ὲπίῤ-

1983 1775 2240 1831 adverbio
2291 1794 2309 1825 ι
2337 1774 2570 1828 fortasse
2600 1793 2616 1823 ι
2664 1772 2863 1842 posito,
2900 1770 3172 1839 nobisque
3205 1768 3560 1823 consideran-

312 1871 462 1939 ρημα
491 1868 740 1938 θέμενος,
784 1870 877 1923 καὶ
919 1872 1050 1940 ἡμῖν
1080 1870 1531 1941 ίκαταλιμπάνων
1571 1874 1712 1925 νοεῖν
1761 1872 1875 1926 ὃτι-

312 1976 421 2030 περ
454 1960 516 2012 οὐ
552 1960 771 2023 πάντως
821 1960 881 2014 τὸ
942 1961 1192 2031 μηδαμοῦ
1244 1960 1305 2014 τὸ
1346 1963 1568 2034 μηδαμῆ
1612 1962 1877 2033 μηδαμῶς

310 2047 371 2104 δν
391 2051 619 2118 εἰσάγει.
651 2049 784 2103 Θεὸν
804 2051 914 2121 γὰρ
943 2053 1101 2121 ἡμεῖς
1141 2048 1282 2105 εἷναί
1315 2069 1517 2124 φαμεν,
1549 2056 1643 2107 καὶ
1701 2053 1877 2124 μηδα-

317 2137 418 2199 μοῦ
449 2139 758 2208 τυγχάνειν,
793 2138 871 2210 τῷ
899 2139 974 2211 μὴ
1000 2141 1075 2204 ὡς
1126 2141 1184 2194 ἐν
1211 2142 1362 2211 τύπῳ
1407 2141 1680 2205 οὐσιωδῶς
1735 2140 1879 2195 κατὰ

311 2230 412 2296 τὴν
444 2228 684 2300 ὕπαρξιν
714 2230 1169 2300 περιγράφεσθαι,
1213 2232 1309 2285 καὶ
1346 2230 1571 2295 πάντως
1596 2227 1756 2295 εἶναι,
1801 2230 1878 2300 τῷ

315 2321 391 2390 μὴ
416 2320 623 2374 δεῖσθαι
653 2314 931 2385 παντελῶς
961 2321 1055 2376 τοῦ
1081 2322 1286 2386 παντὸς
1312 2323 1424 2377 τῶν
1450 2323 1622 2377 ὄντων
1652 2324 1788 2396 πρὸς
1822 2323 1880 2376 τὸ

311 2410 471 2478 εἶναι,
498 2407 574 2466 ὧν
596 2415 767 2485 χωρὶς
795 2414 890 2467 καὶ
920 2410 989 2485 ἦν
1010 2414 1107 2467 καὶ
1143 2414 1276 2479 ἐστι,
1316 2415 1409 2468 καὶ⁵
1454 2416 1540 2469 hei.
1598 2411 1737 2468 εἶναι
1786 2416 1878 2468 δυο

308 2509 563 2577 νήσεται,
598 2506 794 2575 μᾶλλον
821 2506 876 2559 δὲ
911 2506 1066 2560 ἐστιν
1108 2508 1213 2562 ἀεί.
1255 2509 1328 2562 Οὐ
1358 2507 1467 2580 γὰρ
1496 2508 1645 2561 θέσιν
1677 2508 1789 2576 ἔχει
1810 2508 1880 2562 τά

311 2596 439 2648 ὅντα
466 2597 495 2648 ὁ
535 2598 628 2649 καῖ⁵
657 2596 788 2667 πρὶν
806 2593 946 2650 εἶναι
974 2596 1042 2649 τὰ
1063 2596 1193 2651 ὄντα
1219 2598 1503 2670 ὑπάρχων.
1528 2600 1592 2652 Εἰ
1620 2598 1729 2667 γὰρ
1748 2600 1878 2669 παρ’

314 2689 443 2756 ἡμῖν
463 2688 562 2741 οὐκ
591 2689 649 2740 ἐν
676 2690 789 2750 τοῖς
818 2691 1093 2761 τεχνητοῖ;
1119 2690 1337 2752 πάντως
1363 2690 1424 2743 τὸ
1443 2686 1582 2744 εἶναι
1612 2691 1754 2744 κατά
1780 2688 1881 2760 τὴν

313 2776 541 2846 ὓπαρξιν
556 2777 932 2841 ύνποστατικῶς
951 2778 1160 2849 ἔχουσιν
1173 2782 1222 2833 oi
1248 2783 1483 2850 τεχνῖται
1509 2799 1575 2833 πε
1585 2797 1881 2851 ριγεγραμ-

314 2870 474 2940 μένον
504 2871 565 2925 τὸ
599 2871 950 2942 φθειρόμενον
980 2874 1138 2927 τοῦτο
1173 2877 1431 2946 πρᾶγμα,
1460 2876 1557 2928 καὶ
1586 2875 1881 2947 ἀληθέστεδ

313 2978 403 3030 ρον
437 2963 640 3032 κυρίως
670 2965 844 3017 εἰπεῖν
879 2965 1146 3035 μηδέποτε
1167 2966 1248 3032 ὃν,
1280 2968 1332 3020 τί
1365 2966 1432 3020 ἄν
1452 2982 1535 3030 τις
1576 2967 1708 3037 φαίη
1753 2968 1880 3037 περὶ

306 3056 408 3122 τῆς
455 3055 697 3125 ἀρρήτου
757 3056 850 3109 καὶ
894 3058 1174 3125 ἀγνώστου
1244 3060 1340 3112 καὶ
1388 3059 1672 3130 άχωρήτου
1713 3059 1877 3111 πᾶσιν

306 3145 510 3213 ὁμοίως
543 3148 636 3198 καὶ
668 3146 754 3199 ἀεὶ
774 3147 1038 3222 ὡσαύτως
1059 3150 1289 3221 ἐχούσης
1313 3150 1598 3212 δυνάμεως
1618 3169 1642 3216 ς

316 3328 414 3381 Ἕκ
442 3326 548 3382 τοῦ
568 3330 755 3385 αὑτοῦ
774 3332 981 3401 λόγου,
1010 3336 1096 3400 εις
1116 3335 1201 3400 τὸ,
1235 3355 1253 3387 ι
1281 3332 1419 3397 Είτέ
1460 3340 1763 3407 φαντασία
1784 3356 1875 3404 τις

372 3420 454 3493 ἥν
475 3424 746 3492 ἡμερινῂ
777 3425 899 3479 εἶτε
914 3426 1134 3492 νυκτὸς
1154 3428 1429 3499 ἀψευδὴς
1443 3430 1602 3499 ὄψις,
1626 3432 1747 3486 εἴτε
1767 3431 1877 3485 τοῦ

376 3516 732 3585 ἡγεμονικοῦ
767 3519 1052 3584 τύπωσις,
1094 3522 1534 3591 συγγινομένου
1577 3523 1700 3589 τοῖς
1733 3522 1875 3592 μέλ-

377 3609 600 3660 λουσιν
628 3608 709 3673 ὡς
736 3609 1039 3677 παροῦσιν
1054 3609 1153 3679 (4).
1184 3630 1203 3663 ι

379 3699 598 3770 Ἀκρως
644 3699 947 3770 καθαρθεὶς
994 3700 1105 3755 τῶν
1155 3699 1236 3765 οἷς
1279 3701 1608 3772 μολύνεσθαι
1660 3701 1871 3771 πέφυκε

306 3789 413 3843 τῶν
442 3788 744 3861 ἀνθρώπων
768 3793 802 3862 η
843 3792 1004 3861 φύσις
1026 3796 1054 3846 ὁ
1078 3794 1348 3864 μακάριος
1389 3790 1543 3859 οὗτος
1574 3796 1763 3867 Πατὴρ
1785 3796 1875 3851 διὰ

307 3879 405 3948 τῆς
438 3883 752 3951 πρακτικῆς
789 3883 1125 3953 φιλοσοφίας,
1159 3886 1340 3956 (192
1397 3887 1448 3956 b)
1481 3889 1574 3940 καὶ
1620 3888 1710 3940 τὸν
1749 3889 1873 3941 νοῦν

306 3970 374 4022 δι’
398 3970 521 4024 ὅλου
551 3972 811 4037 ποιωθεὶς
834 3973 910 4044 τῷ
944 3975 1084 4046 ἁγίῳ
1118 3976 1396 4046 Πνεύματι
1425 3981 1547 4041 ταῖς
1580 3979 1873 4043 ,ἐπιϐολαῖς

306 4060 416 4113 τῶν
444 4062 603 4116 θείων
645 4063 1040 4135 θεωρημάτων,
1068 4067 1155 4120 διὰ
1190 4071 1289 4138 τῆς
1331 4069 1567 4139 ἀληθοῦς
1610 4071 1750 4123 κατά
1775 4072 1874 4141 τὴν

308 4151 506 4219 γνῶσιν
534 4155 940 4222 μυσταγωγίας,
967 4151 1054 4209 οἷα
1074 4156 1139 4227 δὴ
1169 4158 1235 4211 τὰ
1261 4159 1351 4212 ῖσα
1376 4162 1488 4223 τοῖς
1522 4161 1702 4229 ἁγίοις
1742 4179 1875 4231 προ-

307 4244 506 4310 φήταις
538 4244 746 4310 παθὼν,
778 4246 848 4300 τὰ
878 4246 991 4318 είδη
1018 4250 1119 4319 τῆς
1161 4253 1503 4322 προφητείας
1555 4254 1613 4306 ὲν
1665 4254 1873 4316 τούτοις

307 4335 435 4404 ἡμῖν
468 4336 872 4407 ἀπηρίθμησεν.
921 4335 1016 4403 Οἷς
1061 4341 1220 4411 εἴπερ
1271 4343 1332 4396 τὸ
1364 4344 1478 4397 δεῖν
1498 4345 1636 4408 ὅλως
1669 4345 1875 4421 τολμᾷν

306 4425 444 4480 οὕτω
478 4429 856 4497 μεγαλοφυῶς.
882 4449 942 4485 τε
986 4433 1080 4486 καὶ
1121 4433 1487 4499 ὲνθεαστικῶς
1536 4430 1870 4508 είρημένοις,

307 4518 400 4571 καὶ
436 4519 655 4573 πάντων
684 4519 792 4576 τῶν
826 4523 898 4592 μὴ
921 4524 1180 4578 τοιούτων
1208 4521 1319 4590 οἷος
1356 4529 1520 4592 αὐτὸς
1547 4526 1616 4600 ἦν
1645 4532 1673 4582 ὁ
1723 4531 1873 4584 διδά-

1978 1869 2109 1923 dum
2160 1868 2410 1938 reliquit,
2446 1866 2592 1937 quod
2634 1879 2980 1935 nequaquam
3013 1864 3066 1918 id
3100 1863 3252 1933 quod
3289 1878 3557 1932 nusquam

1977 1960 2205 2015 exsistat
2249 1959 2474 2014 Omnino
2512 1958 2779 2013 exsistere
2813 1957 3015 2027 neget?
3062 1956 3232 2009 Deum
3272 1955 3418 2008 enim
3455 1969 3558 2007 nos

1978 2068 2098 2107 esse
2145 2052 2402 2116 dicitnus,
2461 2060 2517 2105 et
2568 2066 2839 2120 nusquam
2870 2065 3013 2111 esse,
3060 2049 3187 2117 quia
3233 2063 3364 2111 non,
3398 2045 3554 2116 quasi

1981 2143 2212 2207 inloco,
2256 2130 2626 2197 essentialiter
2674 2138 2980 2193 secundum
3033 2137 3402 2191 substantiam
3452 2135 3561 2188 cir‘

1979 2233 2391 2297 cumscrihitur,
2441 2240 2498 2287 et
2543 2245 2665 2287 esse
2709 2231 2955 2294 omnino,
2998 2228 3125 2299 quia
3172 2236 3287 2282 tota
3338 2225 3561 2280 univera-

1980 2330 2141 2384 sitate
2191 2344 2381 2383 eorum
2415 2343 2537 2398 qua:
2576 2335 2706 2381 sunt
2738 2325 2899 2395 plane
2949 2339 3058 2378 non
3108 2331 3235 2394 eget
3279 2320 3346 2375 ad
3400 2336 3557 2375 suam

1981 2408 2383 2487 cxsisfentiam,
2416 2421 2536 2476 sine
2561 2419 2765 2489 quibus
2790 2425 2845 2472 et
2869 2424 3011 2481 erat,
3033 2423 3214 2477 etest,
3256 2424 3313 2468 et
3340 2422 3561 2481 semper

1982 2531 2104 2570 esse
2149 2515 2375 2584 poterit,
2437 2513 2522 2567 vel
2570 2511 2755 2581 potius
2800 2523 3020 2578 semper
3063 2514 3167 2561 est.
3209 2505 3366 2560 Haud
3410 2504 3558 2559 enim

1982 2623 2080 2676 pro
2121 2606 2395 2676 positione
2435 2604 2613 2659 utitur
2639 2602 2720 2657 eis
2754 2617 2876 2672 quae
2899 2607 3035 2655 sunt
3060 2600 3153 2670 qui
3185 2598 3268 2653 vel
3301 2606 3427 2651 ante
3455 2595 3560 2650 fuit

1982 2716 2142 2768 quam
2180 2699 2296 2767 ipsa
2330 2713 2450 2767 quae
2490 2704 2638 2750 sunt.
2673 2695 2807 2749 Nam
2840 2695 2883 2748 si
2916 2708 3086 2763 penes
3108 2707 3209 2745 nos
3239 2692 3294 2744 in
3326 2687 3443 2742 suis
3471 2703 3561 2741 ar—

1983 2787 2166 2841 tiiiciis
2222 2785 2642 2841 substantialem
2690 2785 3064 2839 exsistentiam
3106 2781 3348 2835 artiﬁces
3398 2780 3560 2849 plane

1982 2892 2091 2931 non
2116 2878 2319 2930 habent
2343 2874 2834 2945 circumscriptam,
2863 2891 2980 2929 rem
3004 2874 3349 2928 interituram
3375 2873 3555 2935 istam,

1982 2976 2036 3021 et
2068 2968 2401 3037 qmeverius
2421 2982 2700 3037 nunquam
2722 2981 2843 3020 esse
2858 2965 3156 3026 diceretur,
3174 2964 3329 3033 quid,
3352 2977 3556 3032 quaeso,

1983 3062 2050 3115 de
2072 3061 2338 3115 ineffabili
2374 3069 2427 3114 et
2462 3061 2738 3131 incognita
2765 3070 2831 3113 et.
2846 3059 3105 3113 omnibus
3131 3057 3335 3129 pariter
3361 3057 3561 3127 impers
3586 3095 3595 3099 -

1905 3147 1946 3203 C
1981 3153 2223 3223 ceptibili
2264 3170 2327 3206 ac
2362 3168 2580 3221 semper
2617 3152 2807 3206 eadem
2843 3158 3113 3220 potestate
3154 3148 3395 3203 dixeris?

1984 3338 2062 3394 Ex
2100 3339 2277 3393 eodem
2320 3354 2582 3403 sermone,
2618 3341 2671 3392 in
2699 3338 2834 3392 illud
2860 3356 2878 3392 :
2918 3358 2935 3388 ι
2976 3337 3093 3392 Sive
3118 3338 3369 3392 diurnum
3393 3337 3561 3408 quod-

2049 3431 2173 3483 dam
2199 3439 2319 3483 erat
2333 3438 2620 3499 spectrum.
2645 3433 2751 3484 sive
2773 3432 2987 3483 minime
3017 3429 3189 3500 fallax
3220 3432 3382 3483 noctis
3408 3431 3557 3495 visio,

2044 3521 2151 3573 sive
2193 3522 2389 3590 previa
2420 3521 2663 3591 quwdam
2696 3523 2881 3574 mentis
2911 3522 3205 3590 impressio,
3233 3521 3413 3592 futura
3440 3529 3562 3574 tan-

2044 3629 2201 3683 quam
2247 3614 2529 3687 prmsentia
2561 3612 2828 3666 exhibens.
2858 3631 2876 3663 ι
3178 3682 3183 3687 ἡ

2045 3702 2248 3757 Beatus
2297 3686 2388 3756 hic
2433 3704 2594 3757 Pater
2647 3703 2716 3756 iis
2767 3703 2968 3772 quibus
3017 3702 3306 3756 hominum
3360 3710 3559 3757 natura

1975 3805 2378 3864 conspurcatur
2427 3810 2527 3866 per
2578 3795 2835 3860 activam,
2883 3812 3004 3866 qua:
3044 3795 3269 3861 dicitur,
3312 3797 3559 3866 philoso-

1976 3886 2163 3958 phiam
2211 3888 2437 3958 penitus
2474 3899 2761 3963 purgatus,
2807 3905 2871 3944 ac
2904 3898 3086 3944 mente
3137 3904 3167 3943 a
3212 3898 3403 3943 sancto
3434 3884 3558 3960 Spi-Z

1976 3983 2085 4036 ritu
2113 3981 2428 4038 divinarum
2461 3984 2989 4054 contemplationum
3021 3984 3318 4053 propositis
3344 3999 3412 4038 ex
3443 3993 3556 4038 toto

1975 4080 2337 4142 praeparatus,
2389 4089 2486 4143 per
2536 4089 2725 4127 veram
2784 4072 3116 4143 cognitionis
3165 4072 3554 4136 initiationem,

1976 4162 2180 4229 quippe
2224 4160 2416 4214 eadem
2458 4168 2624 4230 atque
2656 4162 2829 4215 sancti
2868 4162 3154 4232 prophetae
3184 4178 3397 4232 passus,
3432 4176 3559 4232 pro.

1976 4250 2177 4318 phetia:
2216 4249 2443 4322 species.
2479 4249 2535 4303 in
2559 4249 2647 4303 his
2679 4249 2841 4303 nobis
2873 4250 3239 4304 enumeravit.
3286 4250 3416 4317 Quae
3448 4259 3555 4304 tam

1977 4340 2266 4409 magnifice
2333 4347 2498 4410 atque
2539 4339 2725 4395 divine
2776 4341 3155 4410 pronuntiata,
3207 4349 3264 4396 et
3310 4342 3556 4396 omnium

1976 4436 2067 4505 qui
2108 4451 2215 4489 non
2270 4435 2407 4491 tales
2446 4435 2627 4504 qualis
2660 4435 2776 4505 ipse
2811 4436 3073 4507 magister
3102 4436 3206 4491 fuit
3238 4436 3554 4490 facultatem

1976 4527 2317 4596 superantia,
2363 4526 2644 4597 suscipere
2687 4527 3098 4598 interpretanda
3128 4527 3330 4582 audere
3360 4528 3565 4581 saltem

308 4608 503 4673 σκαλος
535 4609 633 4681 τὴν
659 4611 886 4682 δύναμιν
915 4614 1356 4685 ὑπερϐαίνουσιν,
1400 4619 1714 4673 ἐπιϐάλλειν
1757 4622 1868 4675 0M-

1983 4633 2078 4673 nos
2120 4619 2326 4674 debere
2359 4628 2651 4689 postquam
2674 4620 2810 4675 utile
2844 4621 3029 4674 visum
3064 4628 3168 4679 est.
3209 4619 3555 4689 conjectura-

311 4701 451 4768 μεθα
476 4704 764 4773 χρήσιμον,
791 4708 1182 4776 στοχαστικῶς,
1218 4709 1337 4762 ἀλλ’
1356 4711 1457 4765 οὐκ
1485 4712 1873 4782 άποφαντικῶς

307 4789 462 4844 τοῦτο
489 4792 756 4863 ποιητέον.
801 4789 970 4864 Οἶμαι
1014 4799 1195 4852 τοίνυν
1254 4801 1629 4872 στοχαστικῶς
1690 4804 1874 4857 εἰπεῖν

309 4884 448 4938 κατά
465 4885 565 4956 τὴν
587 4887 724 4957 ἐμὴν
748 4888 1134 4957 ἀμϐλυωπίαν,
1159 4912 1178 4943 ι
1208 4895 1505 4960 φαντασίαν
1552 4897 1820 4967 ἡμερινὴν
1851 4916 1868 4947 ι

308 4975 468 5029 αὐτὸν
507 4979 786 5049 είρηκέναι
827 4981 923 5050 τὴν
952 4981 1058 5036 τῶν
1088 4984 1436 5054 άπροσὼπως
1464 4989 1577 5050 τοῖς
1598 4988 1771 5056 ἁγίοις
1799 4989 1874 5052 ὡς

306 5064 376 5119 δι’
402 5067 708 5139 αίσθήσεως
731 5071 1079 5148 ἀκουομένων
1115 5077 1505 5145 πνευματικῶς
1541 5079 1637 5132 καὶ
1685 5096 1874 5147 φαινορ

307 5154 481 5227 μένων
511 5159 684 5228 λόγων
718 5164 813 5216 καὶ
836 5165 1177 5235 πραγμάτων
1207 5166 1332 5235 ὄψιν
1365 5185 1423 5221 τε
1465 5169 1561 5222 καὶ
1590 5171 1872 5241 ὲνήχησιν.

304 5247 382 5298 Οὐ
419 5248 527 5321 γὰρ
552 5249 616 5322 δὴ
648 5251 829 5320 λέγειν
872 5252 1031 5325 θέμις
1083 5256 1175 5309 ἐπὶ
1221 5256 1330 5309 τῶν
1362 5257 1523 5311 θείων
1568 5258 1629 5311 τὸ
1660 5260 1873 5331 θαυμα-

308 5336 430 5392 στὸν
447 5340 491 5373 ³⁷
526 5340 743 5405 πάντως
778 5343 891 5396 δεῖν
938 5349 1191 5416 παρεῖναι
1238 5347 1374 5417 πρὸς
1406 5347 1739 5402 διατύπωσιν
1772 5349 1873 5419 τῆς

1980 4711 2108 4766 liter
2133 4712 2260 4776 hoc,
2284 4727 2395 4767 non
2422 4713 2764 4767 enuntiative
2794 4713 2902 4768 erit
2936 4712 3269 4768 faciendum.
3300 4713 3558 4768 Arbitror

1983 4804 2171 4873 igitur,
2195 4813 2253 4859 ut
2289 4804 2421 4873 quid
2453 4805 2703 4874 suspicer
2734 4821 2834 4875 pro
2863 4805 3061 4863 hebete
3088 4821 3208 4860 meo
3236 4812 3292 4860 et
3316 4805 3555 4859 obtunso

1982 4895 2206 4966 ingenio
2240 4893 2474 4958 edicam,
2506 4913 2524 4945 ‹
2548 4894 2810 4949 diurnum
2843 4903 3121 4965 spectrum
3147 4916 3164 4945 ι
3196 4910 3321 4950 eum
3351 4895 3554 4950 dixisse

1983 4984 2254 5039 visionem
2284 4992 2339 5040 et
2363 4986 2607 5040 sonitum
2638 4986 2845 5041 sanctis
2873 4986 3008 5042 viris
3034 4994 3292 5057 tanquam
3313 5002 3412 5057 per
3430 5002 3555 5042 sen-

1982 5093 2105 5131 sum
2142 5077 2504 5147 spiritualiter
2536 5079 2787 5133 auditum
2819 5094 2884 5134 ac
2912 5079 3089 5134 visum
3120 5094 3305 5135 rerum
3339 5095 3405 5135 ac
3432 5095 3556 5135 ver,

1986 5168 2204 5222 horum.
2250 5170 2329 5223 De
2372 5168 2577 5225 divinis
2605 5169 2752 5224 enim
2793 5187 2904 5225 non
2939 5167 3022 5227 fas
3055 5180 3140 5227 est
3168 5181 3408 5229 statuere
3446 5175 3552 5229 mi-

1983 5261 2231 5314 raculum
2264 5274 2394 5316 vere
2431 5260 2622 5317 adesse
2658 5270 2915 5332 oportere
2944 5263 3013 5318 ad
3045 5265 3334 5336 imaginem
3365 5265 3554 5336 impri-

1982 5353 2259 5418 mendam,
2301 5352 2395 5408 sed
2437 5353 2578 5408 miro
2609 5354 2849 5423 quodam
2880 5363 2938 5410 et
2986 5356 3209 5413 insolito
3236 5357 3421 5420 modo,
3450 5372 3551 5413 nec

1594 5459 1825 5517 VARIE
1862 5461 2262 5521 LECTIONES.

375 5542 736 5628 ﬁﬁecentiolr
768 5562 962 5628 manus
990 5549 1450 5628 νοοῖ-θαυμαστὸν
1482 5555 1866 5625 superscripsit
1895 5556 1947 5609 in
1978 5557 2119 5611 Gud.
2154 5557 2293 5614 libro
2325 5575 2480 5628 φαντ,
2511 5574 2621 5628 quo
2653 5560 2950 5628 φανταστὸν
2991 5562 3393 5621 emendandum
3427 5582 3551 5625 esse

307 5610 659 5683 signiﬁcaret.
690 5615 845 5682 Quod
879 5619 1050 5688 magis
1082 5610 1280 5688 placet.

379 5726 452 5799 (4)
484 5727 630 5784 idem
658 5731 780 5785 ibid.
806 5747 925 5803 cap.
961 5734 1044 5799 l9,
1079 5751 1132 5805 p.
1165 5736 1298 5801 510,
1334 5747 1461 5793 tom.
1497 5740 1537 5795 i.
1570 5738 1707 5811 Opp.
1741 5741 1874 5796 edit.
1909 5740 2114 5797 Bened.
