3938 6192
279 288 414 355 1237
1528 285 2047 347 AMBIGUORUM
2087 280 2339 344 L'IBER.
3404 274 3542 337 19.38

275 399 386 456 τῶν
411 396 699 469 ὀνομάτων
731 394 874 449 κατᾶ
917 394 1205 467 περίληψιν
1231 395 1297 449 τά
1333 396 1432 465 μὲν
1473 396 1664 458 οὐσίας
1686 391 1849 456 εἶναι,

1985 394 2376 455 'ocabulorum,
2408 390 2454 446 si
2487 388 2973 458 comprehendere
3016 386 3294 450 volumus,
3333 398 3544 456 partem

274 495 346 548 τά
374 492 434 545 δὲ
458 490 720 561 σχέσεως,
756 490 825 543 τά
867 489 924 541 δὲ
953 489 1175 560 χάριτος
1210 488 1243 558 ἢ
1280 487 1577 552 ἀπωλείας.
1612 484 1738 543 Οἷον
1775 488 1860 541 οὑ-

1985 485 2282 543 ,uhstantia:
2308 497 2454 545 esse,
2495 489 2708 553 partem
2743 478 3077 540 affectionis,
3107 487 3325 546 partem
3344 479 3544 548 grati-.e

279 584 403 648 σίας
438 584 559 654 μὲν,
601 583 678 645 ὡς
709 582 837 635 ὅταν
880 581 1114 649 λέγωσιν
1157 598 1177 632 ι
1212 580 1520 650 ἄνθρωπος’
1557 598 1576 630 ι
1620 579 1858 649 σχέσεως

1985 584 2057 631 tut
2091 574 2381 646 perniciei.
2424 571 2596 638 Quale
2637 579 2743 636 est,
2802 570 3129 625 substantiae
3180 571 3434 640 quidem,
3486 582 3547 627 ut

276 676 354 739 δὲ,
386 674 463 738 ὡς
487 676 617 728 ὅταν
661 673 893 741 λέγωσιν
928 690 947 724 ι
983 670 1210 741 ἀγαθὸς,
1234 688 1255 723 ι
1274 670 1334 739 ἢ(
1362 671 1550 739 ἀγιος,
1585 670 1674 740 ιῆι
1696 670 1859 738 σοφὸς

1985 681 2087 719 :um
2140 665 2336 720 dicunt
2385 682 2404 715 ι
2438 664 2634 729 homo;
2671 682 2688 713 ι
2741 660 3061 717 affectionis
3094 676 3250 728 vero,
3302 671 3365 717 ut
3416 679 3543 720 cum

278 765 587 836 ἄνθρωπος,
616 782 636 816 ι
667 763 700 835 ἢ
734 763 794 816 τὸ
822 762 1063 817 ἐναντίον
1098 782 1116 814 ι
1151 762 1385 833 πονηρὸς
1421 760 1731 833 ἄνθρωπος,
1761 779 1779 813 ι
1826 761 1860 831 ἢ

1985 757 2157 812 licunt
2218 775 2238 806 ι
2268 757 2470 822 bonus,
2512 776 2534 807 ι
2593 755 2679 810 vel
2729 775 2747 806 ι
2780 764 3028 818 sanctus,
3059 774 3078 808 ι
3133 756 3219 810 vel
3269 776 3287 807 ι
3324 757 3548 827 sapiens

285 877 305 911 ι
351 858 565 928 ἄφρων,
597 855 678 926 »ἢ
717 874 736 907 ι
768 854 1080 926 ἀκάθαρτος
1143 875 1161 907 ι
1197 854 1279 927 (τὸ
1320 853 1431 926 γὰρ
1470 854 1608 926 πρός
1645 854 1699 907 τί
1745 871 1861 917 πως

1985 865 2150 914 nomo,
2185 868 2204 900 ι
2245 858 2343 904 aut
2386 849 2728 904 contrarium
2759 850 2893 904 huic
2937 867 2957 900 ι
2985 850 3163 905 malus
3200 849 3389 915 homo,
3423 870 3440 903 ι
3464 853 3550 907 vel

279 949 428 1022 ἔχειν
455 949 565 1003 τῶν
593 948 657 1003 ἐκ
683 947 981 1020 διαμέτρου
1024 951 1138 1013 τοῖς
1167 950 1433 1013 ἐναντίοις
1458 948 1861 1021 διειλημμένων

1985 962 1989 993 l
2020 941 2309 1012 insipiens,
2340 959 2359 991 ι
2400 940 2485 995 vel
2515 940 2807 1010 «impurus
2828 958 2845 991 ι
2885 940 2975 1012 (ad
3016 940 3421 1011 aliquid‘enim
3459 944 3548 998 ali-

280 1041 512 1097 Ξκαστον
546 1041 580 1111 ἠ
609 1042 790 1111 σχέσις
824 1042 1147 1113 παριστῶσα
1179 1042 1403 1107 δικαίως
1426 1042 1484 1109 ἐξ
1512 1037 1599 1097 ὧν
1628 1041 1741 1113 ἔχει
1764 1043 1864 1112 τὴν

1985 1032 2241 1106 μιοιηοόο
2288 1048 2346 1088 se
2377 1032 2582 1087 habere
2620 1047 2813 1087 eorum
2854 1047 2977 1102 quae
3005 1034 3298 1088 contrariis
3332 1035 3582 1091 ’direete-

281 1132 679 1203 προαιρετικὴν
703 1131 819 1197 ἕξιν
851 1132 1159 1187 ἐνδιάθετον
1191 1133 1612 1206 προσαγορεύει)
1636 1135 1865 1207 χάριτος

1985 1126 2173 1181 listant
2219 1122 2653 1194 unumquodque
2680 1121 2922 1178 .aﬂ‘eetio
2968 1123 3087 1179 sive
3120 1124 3317 1180 relatio
3349 1141 3555 1196 reprae-

280 1223 358 1287 δὲ,
387 1224 519 1277 ὅταν
557 1224 690 1290 Θεὸς
720 1226 749 1278 ὁ
792 1224 1080 1296 ἄνθρωπος
1106 1229 1219 1289 τοῖς
1245 1226 1424 1294 λόγοις
1449 1226 1864 1299 ὁνομάζηται,.ὀ

1985 1225 2192 1271 ientans
2239 1217 2366 1287 jure
2402 1230 2471 1270 ex
2499 1214 2706 1300 quibus
2746 1214 3056 1269 voluntatis
3084 1215 3334 1272 habitum
3390 1208 3559 1273 h‘abet

281 1315 371 1370 διά
409 1316 630 1370 πάντων
654 1316 892 1387 ὑπήκοος
912 1316 1034 1387 Θεῷ
1062 1318 1352 1387 γενόμενος
1388 1315 1696 1389 ἄνθρωπος,
1722 1317 1866 1371 κατά

1991 1316 2120 1363 ntus
2143 1315 2473 1378 conceptum
2502 1305 2785 1377 appellat),
2817 1307 3007 1378 gratiae
3052 1322 3205 1373 vero,
3238 1323 3363 1363 cum
3392 1309 3560 1363 homo

283 1409 378 1471 τὸ,Δ
392 1407 543 1478 Ἐγὼ
560 1404 721 1475 εἶπα,
743 1409 880 1464 Θεοί
898 1409 1060 1476 ἐστε,
1083 1407 1208 1462 οὔτε
1229 1409 1376 1465 κατά
1389 1409 1551 1479 φύσιν
1573 1409 1700 1464 οὔτε
1720 1411 1865 1465 κατά

1985 1402 2115 1456 Deus
2151 1401 2209 1455 in
2240 1400 2596 1455 sermonibus
2637 1400 2971 1470 appellatur,
3029 1400 3196 1455 homo
3238 1416 3338 1471 per
3374 1401 3583 1456 omnia

287 1502 474 1573 σχέσιν
501 1502 640 1574 ἔχων
680 1494 745 1557 τὸ
794 1498 934 1557 εἶναι
963 1503 996 1574 ἢ
1033 1502 1319 1558 καλεῖσθαι
1355 1503 1510 1571 Θεὸς,
1555 1504 1694 1560 ἀλλὰ
1721 1505 1863 1560 κατά

1985 1494 2083 1548 )eo
2116 1492 2382 1548 ohediens
2411 1491 2611 1557 factus,
2660 1492 2969 1548 secundum
3011 1492 3148 1547 illud
3183 1511 3195 1547 :
3252 1492 3365 1565 Ego
3413 1494 3561 1548 dixi:

286 1592 440 1647 θέσιν
497 1595 607 1648 καὶ
632 1594 793 1665 χάριν
823 1594 1117 1665 γενόμενός
1148 1611 1211 1648 τε
1242 1595 1339 1649 καὶ
1365 1596 1793 1667 ὀνομαζόμενος
1831 1599 1864 1668 ἡ

1985 1585 2059 1640 Dii
2098 1587 2221 1641 estis
2257 1588 2304 1650 ε,
2333 1600 2437 1641 nec
2496 1595 2697 1641 natura
2741 1583 3181 1641 nec’aﬂ'ectione
3226 1581 3399 1641 Deum
3438 1601 3563 1642 esse

287 1685 397 1758 γὰρ
435 1685 597 1757 χάρις
632 1686 733 1756 τῆς
777 1686 982 1751 θέσεως
1028 1686 1261 1757 ἄσχετός
1311 1690 1430 1742 ἐστι
1490 1688 1863 1753 παντάπασιν,

1985 1688 2071 1732 aut
2093 1677 2357 1748 appellari
2381 1676 2615 1743 habens,
2649 1676 2749 1734 sed
2772 1678 3054 1748 positione
3090 1685 3147 1733 et
3180 1677 3358 1749 gratia
3385 1676 3564 1733 factus

288 1741 389 1830 οὑκ⁹
412 1741 618 1847 ε’χοὺσα
645 1741 746 1849 την
768 1741 1260 1852 οἱανοῦνιδεκτικὴν
1293 1770 1497 1851 ἐξαυτῆς
1531 1783 1589 1834 ἐν
1616 1783 1683 1852 τῇ
1711 1768 1872 1851 φύσει

1985 1780 2030 1826 et
2062 1770 2403 1840 appellatus;
2429 1769 2722 1841 positionis
2738 1771 2888 1826 enim
2912 1772 3086 1842 gratia
3112 1741 3409 1826 affectione
3442 1785 3562 1825 om-

289 1867 545 1939 δύναμιν,
589 1870 715 1923 ἐπεὶ
751 1870 852 1924 οὑκ
885 1869 966 1924 ἔτι
1007 1871 1166 1942 χάρις
1193 1871 1366 1936 ἐστὶν,
1419 1872 1556 1926 ἀλλά
1590 1873 1692 1941 τῆς
1731 1874 1873 1927 κατά

1985 1863 2106 1917 nino
2139 1871 2314 1927 caret,
2364 1877 2471 1918 nec
2492 1862 2664 1917 habet
2692 1865 3141 1934 qualemcunque
3175 1864 3261 1919 sui
3299 1866 3567 1933 capacem

291 1956 395 2028 τὴν
425 1957 913 2030 φυσικὴν-δύναμιν
938 1959 1221 2031 ἐνεργείας
1247 1960 1574 2031 φανέρωσις.
1599 1962 1709 2015 Καὶ
1729 1961 1873 2020 οὑτω

1985 1956 2031 2009 in
2058 1965 2254 2010 natura
2280 1962 2628 2025 potestatem,
2667 1961 2936 2012 cum‘non
2964 1954 3205 2027 amplius
3248 1956 3426 2028 gratia
3462 1956 3560 2020 sit,

292 2064 358 2116 γε
385 2048 549 2103 πάλιν
574 2049 675 2102 οὑκ
706 2048 860 2103 ἔσται
891 2049 1193 2123 παράδοξον
1227 2051 1288 2105 τὸ
1311 2051 1620 2122 γινόμενον,
1657 2054 1706 2107 εί
1731 2055 1874 2108 κατά

1985 2047 2069 2103 sed
2100 2048 2323 2102 virtutis
2354 2049 2594 2103 naturali
2625 2048 2888 2105 facultate
2921 2049 3138 2120 agentis
3176 2058 3235 2105 et
3272 2048 3585 2104 efﬁcientis.

291 2138 549 2211 δεκτικὴν
590 2140 807 2210 φύσεως
831 2142 1066 2214 δύναμιν
1105 2146 1139 2212 ἠ
1171 2143 1366 2209 θέωσις
1393 2141 1483 2216 ἦν.
1513 2145 1736 2211 Φύσεως
1766 2150 1876 2219 γὰρ

1985 2137 2370 2199 manifestatio.
2403 2138 2585 2210 Atque
2613 2140 2697 2195 sic
2727 2155 2952 2196 rursum
2983 2139 3136 2211 quod
3173 2140 3235 2195 ﬁt
3265 2139 3415 2196 haud
3451 2140 3562 2194 Ini-

292 2230 361 2284 ἂν
395 2230 624 2295 εἰκότως
648 2231 831 2303 ἔργον,
848 2233 962 2286 ἀλλ’
985 2233 1047 2287 οὑ
1070 2232 1207 2289 Θεοῦ
1221 2233 1395 2307 δῶρον
1415 2238 1450 2307 ή
1475 2236 1673 2303 θέωσις
1699 2238 1872 2306 ἐσται,

294 2322 390 2376 καὶ
420 2322 715 2393 δυνήσεται
745 2324 844 2380 καὶ
878 2323 1065 2398 (194
1107 2326 1163 2397 α)
1213 2324 1376 2396 φύσει
1414 2327 1549 2394 Θεὸς
1585 2330 1878 2396 ὁτοιοῠτος

293 2410 560 2471 εἶναικαὶ
595 2417 806 2489 κυρίως
850 2418 1383 2491 προσαγορεύεσθαι.
1425 2421 1591 2476 Οὑδέν
1614 2422 1735 2494 γάρ
1749 2423 1878 2477 ἄλλο

297 2504 637 2579 καθέστηκεν
669 2508 703 2579 ὴ
729 2509 871 2563 κατά
905 2507 1071 2576 φύσιν
1111 2508 1221 2564 τῶν
1247 2509 1418 2566 ὄντων
1441 2512 1674 2567 ἑκάστου
1715 2513 1870 2567 δύναο

301 2615 389 2668 μις
421 2599 455 2669 ἢ
484 2598 703 2669 φύσεως
745 2600 885 2671 πρὸς
918 2601 1200 2673 ἐνέργειαν
1246 2602 1606 2674 ἀπαράϐατος
1641 2601 1875 2675 κίνησις.

298 2691 422 2755 Πῶς
447 2692 505 2747 δὲ
543 2692 637 2746 καὶ
668 2693 945 2764 ἐξίστησιν
979 2693 1177 2748 ἐαυτοῦ
1207 2695 1299 2749 τὸν
1334 2694 1627 2766 θεούμενον
1670 2697 1704 2767 ἡ
1742 2695 1877 2750 θέω-

300 2799 404 2846 σις,
451 2784 501 2836 εί
542 2785 654 2848 τοῖς
695 2784 844 2855 ὅροις
881 2785 982 2855 τῆς
1028 2785 1247 2853 φύσεως
1289 2785 1430 2859 αὑτὴ
1480 2787 1876 2858 περιείληπτο,

299 2874 532 2930 συνιδεῖν
560 2876 663 2929 οὑκ
707 2875 836 2947 ἔχω.
874 2876 1161 2942 -Ὤσαύτως
1186 2878 1244 2932 δὲ
1273 2879 1369 2933 καὶ
1399 2881 1463 2933 ἐκ
1501 2880 1596 2934 τοῦ
1630 2880 1878 2934 ἐναντίου

296 2965 574 3021 ἀπώλειαν
620 2967 725 3021 καὶ
779 2967 945 3040 ᾅδην,
1000 2970 1098 3025 καὶ
1145 2971 1297 3035 υίοὺς
1340 2970 1642 3040 ἀπωλείας,
1677 2972 1773 3026 καὶ
1810 2971 1879 3027 τά

1976 2243 2103 2285 rum
2138 2233 2266 2296 erit,
2299 2230 2346 2285 si
2377 2246 2476 2301 per
2509 2245 2769 2302 capacem
2811 2241 3024 2291 natura:
3071 2230 3391 2286 facultatem
3439 2228 3581 2285 dcit

1978 2319 2167 2376 ﬁeatio
2195 2322 2361 2377 foret.
2407 2322 2632 2378 Naturae
2676 2322 2827 2378 enim
2878 2323 3249 2394 probabiliter
3299 2340 3462 2394 opus,
3507 2321 3565 2378 at

1978 2429 2090 2468 non
2121 2402 2220 2469 Dei
2246 2414 2455 2471 donum
2481 2415 2767 2471 deificatio
2796 2424 2968 2482 esset,
2994 2427 3052 2473 et
3094 2417 3222 2473 talis
3252 2417 3421 2473 etiam
3467 2433 3566 2473 na-

1980 2514 2104 2562 tura
2135 2509 2283 2564 Deus
2309 2508 2430 2565 fi'eri
2456 2510 2840 2583 appellarique
2890 2511 3116 2583 proprie
3163 2519 3372 2582 posset.
3413 2508 3564 2567 Nihil

1979 2602 2132 2657 enim
2175 2602 2326 2658 aliud
2346 2613 2441 2667 est
2479 2604 2755 2661 naturalis
2786 2620 2973 2661 rerum
3003 2622 3127 2676 qua:
3156 2606 3435 2662 exsistunt
3470 2621 3568 2661 cu-

1975 2688 2174 2764 juSque
2201 2693 2434 2750 facultas
2457 2710 2623 2765 quam
2655 2704 2871 2750 natura:
2896 2694 2965 2749 ad
2993 2694 3267 2767 agendum
3294 2702 3584 2764 perpetua»

1979 2786 2170 2840 motio.
2203 2785 2493 2852 Quomodo
2517 2796 2704 2842 autem
2732 2785 3015 2842 deiﬁcatio
3045 2802 3172 2841 eum
3213 2786 3307 2856 qui
3333 2785 3564 2840 deiﬁca-

1980 2883 2074 2930 tur
2101 2893 2133 2931 a
2162 2891 2222 2931 se
2266 2876 2387 2948 ipso
2420 2876 2650 2943 alienet,
2703 2878 2749 2932 si
2810 2892 2878 2932 ea
2917 2885 3133 2932 natura:
3180 2876 3386 2932 finibus
3413 2890 3568 2932 com-

1981 2964 2259 3036 prehensa
2287 2974 2432 3032 erat,
2471 2967 2578 3022 hoc
2617 2966 2936 3038 intelligere
2972 2981 3080 3023 non
3116 2982 3365 3037 possum.
3392 2965 3588 3038 [Eque-

296 3054 523 3109 τοιαῦτα
550 3057 1023 3129 προσαγορεύουσι
1068 3060 1198 3125 τοὺς
1225 3061 1288 3115 τὸ
1317 3062 1393 3133 μὴ
1423 3061 1485 3117 ὃν
1526 3064 1668 3145 κατά
1700 3063 1880 3118 διάθε-

1985 3065 2118 3111 Vero
2141 3057 2309 3111 etiam
2340 3072 2410 3112 ex
2447 3056 2728 3112 contrario
2751 3057 3056 3137 perniciem
3087 3065 3143 3113 et
3178 3057 3481 3124 infernum,
3513 3067 3587 3114 et~

301 3164 387 3201 σιν
427 3149 642 3213 ἑαυτοῖς
671 3151 1106 3222 ὑποστήσαντας,
1132 3153 1227 3207 καὶ
1256 3156 1373 3218 τοῖς
1396 3154 1621 3225 τρόποις
1640 3144 1806 3227 αὑτῷ
1837 3159 1883 3191 ⁸⁸

297 3238 390 3292 διὰ
429 3239 649 3295 πάντων
675 3242 1012 3313 γενομένους
1056 3249 1455 3317 παρεμφερεῖς.
1502 3243 1673 3317 Οἶμαι
1702 3248 1885 3305 τοίνυν

296 3331 390 3384 τὸν
427 3331 585 3399 ἀγιον
619 3332 810 3387 τοῦτον
842 3337 938 3389 καὶ
977 3335 1154 3407 μέγαν
1191 3337 1515 3393 διδάσκαλον
1538 3342 1631 3394 ἐπὶ
1657 3341 1783 3394 νοῦν
1815 3343 1886 3398 τὰ

297 3425 675 3513 προειρημένα
711 3425 946 3482 λαϐόντα
971 3427 1072 3498 τὴν
1115 3429 1176 3482 ἐν
1223 3431 1437 3494 τούτοις
1487 3432 1747 3504 ἁρπαγὴν
1788 3433 1884 3489 τοῦ

303 3514 461 3582 ἁγίου
504 3516 829 3570 Ἂποστόλου
874 3517 1268 3584 διασκευάσαι,
1325 3523 1624 3592 προσφυῶς
1667 3524 1885 3597 ἑκάστῳ

300 3607 399 3675 τὴν
424 3606 773 3677 ἁρμόζουσαν
801 3608 987 3681 φωνὴν
1009 3611 1410 3682 ἀπονείμαντα.
1448 3615 1542 3667 Διὸ
1568 3631 1589 3665 ι
1616 3616 1875 3687 πρόοδον»

304 3699 403 3769 μὲν
441 3701 605 3754 αὑτὸν
635 3693 851 3755 ὑπονοῶ
884 3703 1066 3772 λέγειν
1090 3704 1190 3775 τὴν
1226 3704 1332 3770 ἔξω
1362 3706 1465 3776 τῆς
1488 3709 1725 3777 φυσικῆς
1744 3710 1881 3765 ἀνά-

300 3806 442 3860 γκης
482 3791 576 3845 τὸν
603 3792 759 3862 ἅγιον
799 3793 1122 3848 Ἀπόστολον
1153 3798 1587 3871 καταστήσασαν
1618 3798 1717 3870 τῆς
1755 3800 1886 3872 ἀρε-

299 3882 402 3951 τῆς
433 3883 579 3938 κατὰ
608 3884 708 3957 τὴν
736 3886 848 3952 ἕξιν
870 3884 1161 3953 ἀπάθειαν,
1185 3888 1309 3942 καθ’
1331 3889 1398 3961 ἣν
1420 3889 1682 3961 οὐδεμίαν
1711 3891 1885 3946 είλετο

301 3975 441 4047 πρὸς
483 3976 584 4048 τὴν
628 3977 792 4047 φύσιν
838 3977 983 4049 ἔχειν
1023 3981 1401 4053 προαιρέσεως
1429 3981 1635 4052 σχέσιν,
1667 3983 1744 4048 ὡς
1788 3985 1885 4039 καὶ

302 4067 476 4137 αὑτῆς
503 4068 603 4138 τῆς
625 4069 745 4122 κατ’
769 4069 1024 4140 αἴσθησιν
1063 4073 1302 4142 φυσικῆς
1335 4073 1620 4142 ἐνεργείας
1653 4074 1760 4141 ἔξω
1791 4093 1885 4145 γε·

302 4159 548 4225 νόμενον,
604 4161 805 4230 μᾶλλον
841 4163 899 4216 δὲ
932 4163 1040 4216 -καὶ
1081 4164 1286 4234 ταύτην
1328 4165 1467 4235 πρὸς
1500 4171 1882 4241 πνευματικὴν

301 4250 419 4315 ἕξιν
475 4252 869 4323 μεταϐαλόντα’
908 4272 926 4305 ι
965 4255 1231 4310 ἀνάϐασιν
1270 4275 1290 4309 ν
1319 4257 1377 4312 δὲ
1425 4265 1527 4330 τὴν
1553 4276 1613 4312 τε
1658 4260 1767 4315 τῶν
1799 4263 1885 4317 ai-

304 4342 520 4413 σθητῶν
550 4344 768 4397 πάντων
807 4346 1113 4418 ἀπόλειψιν,
1148 4349 1250 4403 οὐκ
1292 4349 1383 4403 ἔτι
1433 4352 1802 4422 ἐνεργούντων
1848 4355 1883 4426 ἢ

212 4484 219 4490 ι
302 4434 718 4504 ἐνεργουμένων
770 4436 902 4506 παρ’
946 4437 1097 4508 αὑτῷ
1140 4440 1282 4501 κατά
1328 4439 1427 4511 τὴν
1463 4441 1757 4511 αἴσθησιν,
1920 4425 1960 4478 ί)

301 4525 403 4594 τῆς
445 4525 575 4596 περὶ
620 4527 758 4580 αὑτά
798 4528 939 4581 κατὰ
971 4528 1135 4599 φύσιν
1178 4532 1236 4583 ἐν
1266 4531 1541 4599 πνεύματι
1573 4537 1885 4606 γνωστικῆς

303 4618 541 4688 Θεωρίας
576 4619 912 4691 ὑπέρϐασιν·
939 4639 958 4670 α
998 4621 1266 4692 ἀνάληψις
1298 4641 1314 4673 ι
1350 4624 1529 4696 δὲτὴν
1559 4627 1616 4677 ἐν
1641 4626 1720 4696 τῷ
1760 4626 1881 4698 Θεῷ

303 4709 604 4781 γενομένην
627 4711 777 4781 αὑτῷ
814 4713 952 4782 μετά
994 4713 1165 4767 ταῦτα
1219 4716 1390 4785 μονήν
1418 4732 1478 4769 τε
1522 4716 1620 4770 καὶ
1649 4718 1882 4790 ἵδρυσιν,

303 4801 370 4871 ἢν
400 4802 727 4873 προσφόρως
759 4822 777 4854 ι
813 4803 1084 4875 ἀνάληψιν
1118 4824 1135 4858 ι
1173 4806 1204 4858 ὁ
1234 4807 1559 4873 διδάσκαλος
1602 4803 1773 4874 εἶπεν,
1808 4810 1885 4874 ὡς

304 4893 544 4947 παθόντα
581 4894 780 4964 μᾶλλον
804 4896 837 4966 ἢ
863 4897 1138 4968 δράσαντα
1165 4898 1256 4951 τὸν
1283 4899 1610 4953 Ἀπόστολον
1633 4901 1732 4972 τὴν
1754 4901 1885 4955 ἀνά-

304 4982 466 5052 ληψιν
500 4986 932 5056 ἐνδεικνύμενος.
985 4989 1051 5041 Ἥ
1088 4988 1358 5060 ἀνάληψις
1392 4989 1502 5062 γὰρ
1545 4990 1716 5055 πάθος
1770 4993 1888 5046 ἐστὶ¹

304 5076 398 5129 τοῦ
433 5076 991 5150 ἀναλαμϐανομένου,
1038 5081 1227 5154 (195
1275 5082 1326 5153 ὁ)
1387 5084 1643 5155 ἐνέργεια
1690 5085 1748 5138 δέ
1789 5085 1885 5140 τοῦ

304 5169 800 5240 ἀναλαμϐάνοντος.
861 5168 963 5227 Ὧν
1020 5174 1313 5246 τοιγαροῦν
1349 5166 1617 5245 ’φυσικῶν
1681 5195 1741 5231 τε
1793 5183 1889 5233 καὶ

305 5263 574 5332 σχετικῶν
606 5265 887 5336 ὀνομάτων
932 5267 1146 5339 ὑπῆρχε
1202 5270 1406 5341 Κύριος
1445 5271 1473 5322 ὁ
1533 5270 1885 5337 ’Ἀπόστολος,

306 5357 448 5410 κατά
470 5375 530 5411 τε
561 5360 727 5427 φύσιν
756 5362 848 5415 καὶ
882 5362 1067 5433 σχέσιν
1098 5363 1343 5435 ὑπερέϐη
1374 5363 1474 5435 τὴν
1507 5363 1721 5435 κλῆσιν,
1743 5365 1886 5436 ὑπὲρ

314 5451 469 5520 ρύσιν
491 5455 583 5506 καὶ
609 5453 809 5524 ἀρετὴν
840 5456 934 5508 καὶ
964 5455 1166 5524 γνῶσιν
1194 5458 1545 5530 ἀνθρωπίνην
1570 5459 1885 5531 γενόμενος.

377 5603 402 5643 κ
433 5595 589 5650 .loan.
619 5611 670 5656 χ,
704 5596 792 5650 δι.

377 5735 422 5768 ⁸⁸
452 5735 584 5788 αὑτὸ
617 5734 740 5789 cod.
775 5734 915 5789 Gud.

1983 3146 2255 3217 perniciei
2290 3146 2456 3213 filios,
2518 3156 2577 3203 et
2600 3134 2801 3204 similia
2837 3148 3121 3219 appellant
3162 3163 3260 3204 eos
3287 3147 3382 3219 qui
3420 3147 3569 3220 quod

1985 3255 2097 3295 non
2126 3247 2212 3295 est
2238 3239 2547 3296 secundum
2595 3239 2951 3296 aﬂ‘ectionem
2983 3240 3089 3295 sibi
3144 3249 3567 3312 repraesentant,

1985 3332 2351 3404 moribusque
2381 3334 2433 3389 ei
2470 3349 2571 3404 per
2596 3334 2780 3389 omnia
2802 3334 2945 3390 facti
2980 3342 3112 3389 sunt
3143 3350 3429 3405 suppares.
3466 3332 3571 3389 Ar-

1984 3424 2166 3479 bitror
2200 3425 2368 3497 igitur
2401 3425 2553 3481 hunc
2579 3435 2834 3483 sanctum
2862 3436 2918 3482 et
2956 3442 3215 3497 magnum
3242 3425 3571 3497 magistrum

1986 3533 2111 3573 eum
2161 3518 2215 3572 in
2238 3533 2304 3572 ea
2359 3532 2497 3587 quae
2538 3533 2708 3589 supra
2756 3518 2869 3573 dixi
2935 3518 3182 3572 animum
3244 3517 3575 3574 intendisset

1986 3615 2477 3664 commemoratum
2511 3608 2628 3663 illic
2651 3609 2827 3664 sancti
2858 3609 3107 3680 Apostoli
3136 3617 3357 3680 raptum
3407 3620 3571 3665 exer-

1984 3714 2167 3765 nasse,
2199 3707 2325 3768 apte
2358 3713 2515 3753 suam
2551 3698 2755 3771 cuique
2796 3715 2987 3756 vocem
3042 3710 3098 3757 et
3143 3710 3566 3757 consentaneam

1987 3793 2396 3850 dlstrihuendo.
2450 3794 2632 3861 Quare
2689 3813 2709 3846 ι
2772 3797 3221 3867 progressionem
3267 3816 3286 3849 ι
3349 3797 3593 3868 quidem-

1985 3898 2114 3939 eum
2147 3883 2333 3939 dieere
2366 3885 2620 3955 suspicor
2676 3884 2905 3940 virtutis
2959 3884 3267 3959 secundum
3318 3886 3572 3943 habitum

1986 3976 2488 4049 impassibilitatem
2553 3994 2676 4051 quae
2729 3966 2983 4037 sanetum
3034 3980 3361 4051 Apostolum
3418 3990 3593 4037 extra.

1985 4072 2291 4127 naturalem
2352 4072 2743 4143 necessitatem
2795 4062 3151 4139 constituat,
3201 4089 3310 4145 qua
3363 4075 3571 4130 nullam

1986 4166 2289 4221 voluntatis
2340 4166 2408 4221 ad
2440 4175 2697 4221 naturam
2734 4166 3059 4223 relationem
3112 4167 3319 4223 habere
3371 4161 3572 4232 voluit,

1987 4273 2111 4313 cum
2137 4270 2295 4316 extra
2321 4258 2496 4328 ipsam
2527 4273 2751 4328 quoque
2777 4258 3084 4313 naturalem
3118 4258 3424 4314 secundum
3445 4275 3585 4314 seu--

1989 4367 2109 4407 sum
2148 4352 2424 4406 actionem
2470 4351 2808 4406 constitutus
2839 4359 3015 4415 esset,
3064 4351 3177 4405 imo
3211 4353 3397 4423 potius
3432 4352 3577 4407 hanc

1990 4458 2211 4514 quoque
2238 4442 2293 4496 in
2329 4442 2672 4513 spiritualem
2696 4442 2945 4497 habitum
2974 4444 3339 4498 convertisset
3375 4461 3388 4497 :
3427 4463 3445 4496 ‹
3486 4459 3577 4499 as-

1992 4535 2309 4590 censionem
2350 4554 2370 4586 ι
2412 4525 2548 4589 vero
2577 4535 2824 4591 omnium
2863 4533 3211 4590 sensibilium
3257 4533 3579 4590 derelictio-

1992 4642 2140 4692 nem,
2164 4641 2287 4697 que
2312 4623 2421 4682 non
2456 4627 2694 4697 amplius
2725 4636 3080 4698 agerent'aut
3103 4637 3398 4698 agerentur
3429 4625 3483 4680 in
3513 4641 3580 4681 eo

1992 4718 2297 4773 secundum
2327 4733 2573 4782 sensum,
2610 4727 2667 4774 et
2700 4719 2974 4773 naturalis
3006 4718 3062 4773 in
3091 4718 3293 4790 spiritu
3334 4718 3479 4773 circa
3514 4733 3579 4773 ea

1993 4812 2255 4881 gnostiwe
2293 4810 2778 4881 contemplationis
2817 4811 3313 4883 transgressionem
3358 4827 3370 4862 :
3428 4828 3446 4860 ‹
3488 4825 3578 4864 as-

1991 4902 2362 4971 sumptionem
2397 4922 2413 4954 ι
2443 4917 2576 4957 vero
2608 4903 2661 4956 in
2692 4902 2805 4957 Deo
2828 4914 2953 4973 quae
2982 4903 3212 4973 posthac
3241 4900 3398 4957 fleret
3421 4917 3578 4956 man-

1990 4992 2202 5046 sionem
2239 5000 2297 5046 et
2344 4990 2800 5059 aediﬁcationem,
2843 5008 3008 5064 quam
3061 4992 3326 5064 magister
3375 4993 3579 5048 idoneo

1986 5100 2118 5139 sane
2153 5084 2424 5140 vocabulo
2460 5103 2478 5137 ι
2511 5085 2950 5155 assumptionem
2989 5103 3007 5136 ι
3038 5085 3279 5149 vocavit,
3313 5100 3424 5155 quo
3455 5100 3581 5155 pas-

1987 5193 2109 5232 sum
2164 5177 2338 5248 magis
2360 5192 2484 5232 esse
2511 5192 2675 5248 quam
2722 5177 2899 5248 egisse
2944 5177 3379 5247 assumptionem
3429 5177 3580 5250 Apo»

1987 5271 2191 5327 stolum
2227 5271 2582 5342 signiﬁcaret.
2606 5270 2922 5342 Assumptio
2955 5271 3103 5326 enim
3132 5272 3318 5342 passio
3340 5282 3426 5328 est
3455 5273 3578 5342 ejus

1989 5364 2084 5434 qui
2136 5363 2480 5427 assumitur,
2541 5361 2686 5417 actio
2741 5372 2926 5417 autem
2980 5363 3101 5434 ejus
3168 5362 3262 5433 qui
3318 5362 3574 5418 assumit.

1989 5456 2234 5523 Quorum
2262 5455 2431 5527 igitur
2457 5454 2789 5511 naturalium
2818 5463 2873 5510 et
2901 5454 3254 5509 relativorum
3289 5455 3578 5510 nominum

1576 5664 1810 5721 VAltl/E
1851 5662 2255 5723 LECTIONES.
