3938 6192
410 308 540 372 1239

1574 309 1635 369 S.
1676 308 1961 367 ΜᾹΧΙΜῘ
2000 304 2507 366 CONFESSORIS

3529 289 3665 351 1240

405 421 666 474 dominus
722 428 841 473 erat
888 418 1217 487 Apostolus,
1264 418 1571 472 secundum
1624 428 1875 470 naturam
1924 423 1980 467 et

2103 412 2158 468 Ε
2187 415 2244 467 δὲ
2273 418 2470 485 μᾶλλον
2490 415 2733 483 ἀπείρως
2760 411 2950 465 ἀπέδει
2979 409 3439 477 θείουνόνιῦματος,
3464 403 3665 456 τούτου

405 509 752 563 affectionem
809 517 1182 577 transgressus
1234 518 1321 561 est
1370 506 1815 577 appellationem,
1856 519 1981 558 cum

406 608 660 654 naturain
688 606 743 653 et
770 598 1028 652 virtutem
1075 607 1131 651 et
1161 598 1533 667 cegnitionem
1563 597 1859 650 humanam
1893 609 1987 648 su-

406 698 670 761 perasset.
704 688 824 755 Quo
853 697 1037 744 autem
1071 691 1243 760 magis
1271 688 1495 744 carebat
1539 687 1753 741 inﬁnite
1792 685 1983 740 divino

402 783 651 847 nomine,
681 781 846 852 hujus
864 797 962 850 per
976 782 1206 851 gratiam
1232 780 1581 851 participavit
1615 778 1981 841 vocationem,

401 888 529 927 cum
588 871 736 926 Deus
786 884 897 940 pra:
948 870 1098 924 omni
1148 878 1390 931 caetero,
1441 867 1589 937 quod
1644 864 1980 927 adhaerebat,

402 962 626 1017 nomine
656 972 713 1015 et
746 958 981 1013 naturali
1020 967 1076 1012 et
1109 957 1340 1012 relativo
1376 956 1555 1010 [actus
1590 963 1738 1010 esset
1773 968 1987 1007 assum-

402 1054 593 1122 pticne
621 1060 676 1104 et
704 1059 1023 1104 vocaretur.
1054 1050 1163 1102 Aut
1193 1047 1359 1102 etiam
1390 1062 1586 1102 rursus
1620 1047 1694 1101 ita
1736 1062 1749 1096 :
1789 1064 1807 1095 ι
1847 1045 1985 1099 Pro-

403 1145 611 1215 gressio
645 1164 662 1194 ι
695 1142 921 1213 quidem
947 1151 1033 1195 est
1055 1142 1217 1210 plena
1251 1139 1559 1194 secundum
1582 1138 1845 1192 virtutem
1882 1152 1986 1190 na-

408 1248 543 1292 tura:
573 1235 939 1296 renuntiatio,
991 1252 1009 1282 ι
1045 1233 1296 1287 ascensio
1341 1250 1360 1284 ι
1414 1246 1547 1285 vero
1580 1238 1664 1285 est
1696 1243 1885 1284 eorum
1932 1227 1988 1280 in

406 1330 610 1400 quibus
664 1338 865 1381 natura
911 1332 995 1378 est
1048 1323 1451 1393 transgressio,
1506 1321 1687 1375 locum
1739 1320 1985 1388 inquam.

407 1430 464 1474 et
499 1429 736 1487 tempus,
770 1416 826 1469 in
860 1414 1065 1484 quibus
1112 1428 1298 1467 rerum
1340 1427 1463 1481 quae
1503 1420 1632 1465 sunt
1677 1408 1990 1463 substantia

406 1518 660 1575 constat;
701 1528 718 1560 ι
751 1505 1056 1576 assumptio
1094 1524 1113 1556 ι
1156 1519 1289 1559 vero
1332 1501 1401 1558 ad
1447 1516 1575 1556 eum
1620 1511 1725 1564 est,
1760 1516 1828 1554 ex
1878 1514 1990 1569 quo

407 1612 603 1657 cuneta
630 1610 686 1657 et
713 1617 812 1671 per
843 1614 1009 1670 quem
1042 1605 1098 1653 et
1127 1598 1183 1651 in
1207 1610 1394 1666 quem,
1427 1604 1684 1664 tanquam
1719 1592 1788 1646 ad
1821 1592 1991 1645 linem

408 1710 592 1749 rerum
627 1694 875 1748 omnium
926 1706 1025 1761 per
1064 1689 1296 1760 gratiam
1354 1686 1657 1742 restitutio.
1707 1684 1775 1738 Et
1826 1682 1993 1736 aliter

407 1788 586 1843 dicam
622 1803 634 1838 :
670 1804 688 1837 ι
715 1783 1041 1854 Progressio
1075 1801 1093 1833 ι
1128 1796 1228 1850 per
1255 1779 1577 1850 practicam,
1611 1791 1735 1846 quae
1764 1774 1989 1837 dicitur,

406 1875 813 1948 philosophiam
865 1882 953 1929 est
1002 1873 1057 1926 in
1101 1872 1367 1927 virtutem
1412 1866 1678 1923 deductio
1711 1906 1726 1931 ,
1787 1872 1848 1919 ut
1886 1879 1993 1933 qua

408 1968 671 2037 magister
700 1965 1001 2034 Apostolus
1045 1971 1334 2033 promovet
1377 1960 1721 2030 discipulos;
1763 1974 1889 2013 nam
1936 1957 1993 2011 in

408 2060 668 2113 omnibus
711 2056 968 2127 magister
1000 2054 1329 2110 antecedere
1383 2053 1551 2109 debet
1587 2051 1880 2120 discipulis
1923 2048 1992 2109 ad

408 2151 618 2221 agenda
650 2166 710 2203 ea
743 2164 866 2219 quas
904 2148 1103 2202 decent
1140 2165 1152 2200 :
1200 2167 1218 2199 ι
1278 2146 1532 2202 ascensio
1573 2165 1590 2196 ι
1634 2160 1766 2199 vero
1805 2144 1990 2213 perita

410 2243 684 2299 rationum
714 2242 880 2296 rebus
911 2239 1344 2294 inhabitantium
1378 2254 1478 2308 per
1500 2237 1811 2293 naturalem
1853 2250 1991 2291 con-

411 2335 824 2406 templationem
858 2331 1282 2401 comprehensio
1320 2348 1333 2383 :
1382 2348 1400 2380 ‹
1439 2328 1746 2398 assumptio
1776 2347 1797 2379 ι
1830 2326 1991 2382 deni-

410 2443 517 2498 que
549 2426 639 2497 pia
690 2440 836 2480 verae
885 2433 939 2480 et
1001 2423 1321 2492 theologicae
1377 2420 1667 2490 sapientiae
1723 2418 1989 2481 initiatio,

409 2536 532 2592 qure
561 2519 743 2589 qualis
767 2518 839 2573 sit
871 2516 1041 2571 verbo
1072 2514 1306 2586 exprimi
1336 2530 1453 2568 non
1484 2519 1685 2583 potest.
1739 2509 1992 2566 Tertium

410 2623 594 2667 autem
625 2610 825 2665 cmlum
862 2606 1119 2676 suspicor
1142 2621 1265 2661 esse
1296 2603 1434 2659 ﬁnes
1479 2600 1996 2670 circumscriptivos

410 2699 669 2769 practice:
700 2696 1071 2768 philosophiae
1115 2702 1172 2748 et
1212 2693 1484 2748 naturalis
1517 2689 1996 2760 contemplationis

413 2808 477 2847 ac
503 2790 830 2860 theologica:
872 2786 1206 2842 initiationis
1244 2799 1492 2841 summas
1535 2784 1782 2838 rationes
1815 2824 1829 2845 ,
1879 2782 1996 2837 sive

412 2886 608 2941 harum
640 2882 924 2945 terminos,
955 2876 1395 2949 quandoquidem
1414 2876 1609 2930 modus
1626 2875 1826 2943 aliquis
1843 2889 1998 2928 com-

414 2970 821 3043 prehendendae
850 2978 906 3023 et
939 2967 1161 3023 virtutis
1194 2975 1252 3021 et
1287 2976 1501 3019 naturae
1525 2974 1579 3019 ct
1609 2980 1730 3033 quae
1761 2964 1816 3017 in
1843 2972 1965 3018 utra
1984 2992 1997 3004 -

2100 1751 2111 1759 ς

2029 1751 2069 1808 Β
2099 1800 2111 1811 .

2088 510 2228 561 κατά
2257 510 2414 578 χάριν
2452 508 2678 577 μετέσχε
2709 505 2808 573 τῆς
2838 502 3106 572 κλήσεως,
3136 502 3268 563 θεὸς
3307 490 3428 553 ἀντῖ
3461 501 3669 560 παντὸς

2087 601 2247 654 ἄλλου
2282 600 2576 667 προσόντος
2603 596 2867 666 ὀνόματος
2895 592 3128 663 φυσικοῦ
3163 610 3223 645 τε
3267 593 3361 644 καὶ
3409 586 3670 659 σχετικοῦ

2087 695 2152 762 τῇ
2187 690 2448 760 ἀναλήψει
2475 691 2570 742 καὶ
2594 688 2890 758 γενόμενος
2938 684 3034 738 καὶ
3077 683 3431 752 καλούμενος.
3470 681 3541 733 ‘ll
3571 678 3669 732 καὶ

2090 784 2249 838 πάλιν
2276 782 2419 836 οὕτω
2439 799 2454 813 ·
2476 801 2495 833 ι
2536 780 2767 850 Πρόοδος
2809 801 2823 828 ν
2869 779 2966 848 μέν
2998 779 3148 829 ἐστιν
3182 777 3215 844 ἡ
3250 772 3520 843 παντελὴς
3546 769 3670 823 κατ’

2089 877 2290 946 ἀρετὴν
2322 878 2421 944 τῆς
2453 874 2668 943 φύσεως
2696 873 2947 941 ἄρνησις,
2991 889 3010 920 ι
3050 868 3314 928 ἀνάϐασις
3353 858 3387 915 .‘
3408 865 3464 917 δὲ
3489 865 3523 932 ἡ
3557 862 3671 914 τῶν

2088 969 2146 1020 ἑν
2180 962 2260 1030 οἷς
2293 969 2440 1020 ἐστιν
2474 968 2507 1036 ἡ
2551 964 2713 1033 φύσις
2760 961 3085 1031 ὕπέρὸασις,
3113 959 3257 1026 λέγω
3290 958 3345 1010 δὲ
3379 956 3548 1009 τόπον
3576 954 3670 1006 καὶ

2090 1062 2301 1131 χρόνον.
2337 1061 2394 1112 ὲν
2422 1053 2503 1122 οἷς
2529 1060 2562 1128 ἡ
2592 1056 2701 1109 τῶν
2728 1056 2898 1108 όντων
2946 1053 3095 1104 ἐστὶν
3129 1052 3451 1111 ὑπόστασις,
3500 1044 3672 1131 (γάνά-

2090 1150 2251 1219 ὶηψις
2290 1171 2306 1200 ι
2341 1148 2452 1218 δὲὴ
2486 1146 2622 1217 πρὸς
2643 1146 2734 1198 τὸν
2769 1144 2829 1210 ἐξ
2853 1136 2915 1196 οὗ
2946 1141 3015 1193 τὰ
3046 1140 3229 1192 πάντα
3261 1138 3357 1190 καὶ
3385 1137 3452 1188 δι’
3483 1130 3547 1188 οὗ
3576 1133 3670 1185 καὶ

2091 1246 2168 1306 εἰς
2200 1242 2278 1307 ὃν,
2310 1242 2386 1305 ὼς
2420 1240 2557 1311 πρὸς
2590 1238 2764 1308 πέρας
2796 1235 2905 1288 τῶν
2934 1234 3073 1287 ὅλων
3107 1231 3248 1284 κατά
3269 1229 3431 1299 χάριν
3458 1228 3672 1279 ἀποκα-

2090 1336 2371 1396 τάστασις.
2402 1331 2513 1384 Καὶ
2552 1329 2728 1391 ἄλλως
2764 1327 2821 1380 δὲ
2867 1324 3057 1394 φάναι,
3094 1341 3113 1373 ι
3148 1319 3373 1391 πρόοδός
3409 1336 3427 1369 ι
3458 1318 3608 1368 ἔστιν
3636 1314 3670 1377 ἡ

2091 1426 2177 1480 διὰ
2216 1426 2316 1495 τῆς
2338 1421 2667 1494 πρακτικῆς
2707 1417 3024 1488 φιλοσοφίας
3073 1414 3149 1476 ὡς
3195 1409 3523 1466 διδασκάλου
3572 1404 3670 1459 τοῦ

2106 1520 2428 1574 ’Δποστόλου
2453 1517 2562 1571 τῶν
2593 1514 2758 1571 αὑτοῦ
2798 1512 3056 1584 μαθητῶν
3083 1511 3164 1577 είς
3193 1506 3393 1579 ἀρετὴν
3419 1499 3671 1573 προκαθ-

2095 1614 2316 1683 ἡγησις·
2350 1611 2431 1664 δεῖ
2488 1610 2598 1680 γάρ
2642 1611 2701 1662 ὲν
2734 1606 2898 1660 παντὶ
2931 1599 3377 1675 προπορεύεσθαι
3412 1596 3525 1649 τῶν
3564 1611 3674 1664 μια-

2097 1690 2274 1775 oms»
2304 1704 2396 1757 τὸν
2447 1701 2786 1763 διδάσκαλον,
2837 1698 2973 1768 πρὸς
3017 1695 3116 1766 τὴν
3159 1692 3270 1747 τῶν
3314 1688 3676 1758 καθηκόντων

2097 1798 2377 1868 ἐνέργειαν
2397 1811 2412 1825 ο
2452 1813 2471 1845 ι
2498 1792 2761 1854 ἀνάὁασις
2794 1809 2811 1842 ι
2850 1789 2909 1841 δὲ
2943 1791 2977 1857 ἡ
3007 1785 3097 1839 διὰ
3124 1785 3225 1853 τῆς
3267 1783 3508 1850 φυσικῆς
3536 1778 3677 1830 θεω-

2099 1890 2219 1961 ρίας
2264 1884 2665 1955 ὲπιστημονικὴ
2699 1882 2810 1935 τῶν
2848 1881 2904 1932 ὲν
2949 1880 3062 1939 τοῖς
3093 1874 3213 1929 οὖσι
3240 1873 3413 1939 λόγων
3444 1868 3679 1940 περίλη-

2092 1958 2206 2050 ιιιις,
2232 1999 2249 2031 ι
2285 1976 2555 2047 ἀνάληψις
2579 1994 2597 2026 ι
2635 1974 2693 2027 δὲ
2727 1975 2761 2042 ὴ
2784 1970 3013 2038 εὐσεϐὴς
3036 1967 3136 2033 τῆς
3165 1962 3399 2033 ἀληθοῦς
3422 1961 3519 2013 καὶ
3550 1958 3676 2011 θεο-

2093 2073 2318 2142 λογικῆς
2361 2069 2554 2137 σοφίας
2593 2067 2834 2138 ἀρῤητος
2869 2063 3087 2131 μ-ύησις.
3117 2057 3312 2128 Τρίτον
3357 2054 3412 2106 δὲ
3439 2050 3677 2123 οὐρανὸν

2094 2164 2238 2220 κατά
2270 2162 2580 2232 στοχασμὸν
2620 2157 2760 2211 εἶναι
2803 2154 3010 2225 νομίζω
3063 2153 3188 2212 τοὺς
3223 2146 3676 2218 περιγράῳοντας

2095 2259 2254 2327 ὄρους
2289 2256 2390 2323 τῆς
2418 2269 2478 2305 τε
2513 2250 2824 2322 πρακτικῆς
2862 2242 3181 2313 φιλοσοφίας
3227 2239 3321 2293 καὶ
3368 2237 3469 2303 τῆς
3510 2249 3678 2302 φυσι-

2095 2323 2199 2417 κῆς
2231 2344 2489 2416 θεωρίας,
2517 2343 2611 2395 καὶ
2639 2340 2739 2409 τῆς
2771 2334 3089 2403 θεολογικῆς
3126 2326 3513 2401 μυσταγωγίας
3546 2323 3679 2384 τοὺς

2094 2440 2465 2508 ὑψηλοτάτους
2483 2436 2697 2503 λόγους,
2731 2433 2851 2502 ἦτοι
2884 2432 2950 2483 τὶ
2980 2427 3187 2480 τούτων
3210 2424 3445 2493 πέρατα,
3474 2416 3675 2485 ἐπειδὴ

2101 2533 2297 2604 μέτρον
2325 2528 2440 2584 ὲστί
2476 2545 2529 2581 τι
2565 2524 2923 2593 καταλήψεως
2958 2518 3160 2590 ἀρετῆς
3190 2516 3285 2568 καὶ¹
3330 2512 3543 2581 φύσεως
3576 2507 3678 2560 καὶ

2095 2600 2299 2697 τῆςέππ
2329 2622 2529 2691 ἀμφοῖν
2555 2615 2856 2683 θεολογίας,
2879 2610 3157 2677 ἀναλόγως
3181 2605 3324 2659 κατά
3349 2603 3506 2670 φύσιν
3535 2600 3673 2652 ἑκά-

2099 2690 2209 2785 στῳ
2232 2690 2416 2783 (195
2454 2710 2508 2779 a)
2538 2707 2647 2761 τῶν
2685 2706 2855 2759 όντων
2883 2702 3036 2772 παρᾶ
3055 2697 3193 2752 Θεοῦ
3229 2690 3674 2785 προσηρμοσμέ-

2098 2779 2208 2866 νον,
2321 2779 2405 2863 οἷς
2430 2801 2578 2870 ὅροις
2598 2796 2695 2849 καὶ
2717 2796 2951 2865 πέρασιν
2978 2791 3006 2843 ὁ
3040 2787 3309 2860 μακάριος
3347 2779 3677 2870 ’.ἀπόστολος

2099 2896 2223 2956 τοὺς
2252 2892 2362 2946 τῶν
2395 2867 2703 2959 εἰρημένων
2734 2885 2873 2937 κατὰ
2910 2882 2974 2935 τὸ
3015 2876 3240 2948 ἐφικτὸν
3265 2870 3554 2944 παρελθὼν
3583 2867 3676 2920 λόο

2099 3000 2229 3051 γους
2257 2980 2500 3046 ἐγένετο.
2536 2978 2598 3029 Ei
2622 2977 2733 3043 γὰρ
2765 2970 3079 3043 περιγραφὴ
3103 2966 3211 3019 τῶν
3252 2964 3403 3024 ἐντὸς
3431 2959 3678 3027 διειλημ-

413 3078 521 3132 que
555 3063 660 3116 sita
682 3070 767 3115 est
798 3058 1087 3130 tlieologire
1108 3099 1123 3121 ,
1159 3056 1559 3113 convenienter
1597 3063 1653 3109 et
1691 3055 1996 3109 secundum

2108 3074 2282 3144 μένων
2306 3071 2447 3124 κατὰ
2474 3067 2636 3137 φύσιν
2667 3065 2813 3119 ἐστὶν
2848 3065 2877 3116 ό
2908 3058 3156 3132 οὐρανὸς,
3193 3056 3289 3109 καὶ
3308 3056 3431 3124 ὅρος
3457 3051 3679 3103 πάντων

415 3160 670 3207 naturam
713 3150 1012 3218 unicuique
1072 3162 1267 3202 eorum
1317 3162 1439 3216 qua:
1486 3156 1616 3202 sunt
1671 3162 1700 3200 a
1754 3147 1869 3201 Deo
1899 3147 1997 3200 ad-

416 3249 639 3311 aptatus
688 3248 797 3305 est,
847 3239 1052 3309 quibus
1102 3239 1158 3293 in
1200 3237 1451 3294 terminis
1485 3246 1541 3291 ct
1573 3237 1777 3291 ﬁnibus
1804 3239 2002 3293 beatus

416 3338 713 3407 Apostolus
749 3351 942 3399 eorum
973 3352 1095 3406 quae
1127 3334 1242 3390 dixi
1279 3333 1546 3396 rationes,
1590 3341 1861 3403 quantum
1890 3330 2000 3386 sibi

419 3429 613 3489 liceret
656 3427 958 3499 superavit.
990 3426 1128 3482 Nam
1181 3425 1227 3479 si
1265 3440 1459 3480 eorum
1507 3440 1629 3493 qua:
1670 3422 2003 3477 naturaliter

420 3519 569 3577 intus
591 3519 840 3574 continet
865 3517 1067 3573 caelum
1106 3516 1408 3586 descriptio
1446 3526 1552 3580 est,
1586 3531 1663 3569 -ac
1711 3514 1837 3568 linis
1870 3529 2004 3568 cun-

420 3620 633 3665 ctorum
660 3626 1002 3681 quaecunque
1025 3608 1214 3667 sensui
1241 3606 1479 3663 obnoxia
1515 3614 1665 3673 sunt,
1695 3604 2003 3661 secundum

422 3702 802 3763 sublimiorem
838 3701 1098 3757 nimirum
1124 3708 1180 3755 et
1200 3697 1486 3770 mysticam
1519 3699 1791 3751 rationem
1822 3694 2005 3749 omnis

420 3812 639 3869 quoque
692 3794 913 3851 virtutis
962 3795 1049 3850 vel
1092 3791 1428 3864 cognitionis
1466 3790 1713 3845 rationes
1760 3788 2003 3842 circum-

422 3891 691 3953 scribens,
722 3904 847 3959 quae
871 3902 1224 3957 summopere
1260 3883 1588 3948 reverenda,
1632 3880 1870 3936 cessatio
1897 3920 1912 3943 ,
1946 3887 2008 3933 ut

423 3982 547 4039 ﬁnis
569 3980 773 4035 eorum
810 3994 933 4048 quas
956 3978 1238 4039 videntur,
1270 3983 1326 4029 et
1356 3973 1630 4031 terminus
1656 3986 1852 4026 eorum
1884 3985 2006 4040 quae

422 4072 975 4135 circumscribuntur,
1018 4068 1252 4138 ﬁgurate
1292 4064 1492 4121 coelum
1535 4063 1862 4135 appellatur.
1898 4062 2008 4132 Aut

401 4173 618 4224 rursus
671 4185 688 4217 ι
728 4163 953 4219 tertium
987 4181 1003 4213 ι
1068 4160 1355 4230 Scriptura
1425 4177 1442 4208 ‹
1476 4158 1677 4213 caelum
1717 4177 1734 4208 ι
1776 4156 2007 4211 fortasse

424 4261 664 4331 appellat
693 4240 1015 4313 sanctorum
1048 4255 1368 4326 angelorum
1399 4252 1524 4317 tria,
1552 4267 1676 4320 quae
1706 4266 1871 4321 supra
1907 4265 2009 4304 nos

424 4351 618 4407 ordine
659 4364 879 4405 sursum
920 4347 1227 4404 ascendunt
1267 4354 1471 4407 castra,
1507 4342 1575 4398 ad
1615 4360 1737 4413 qua:
1774 4351 2006 4398 sanctus

2099 3166 2210 3219 τῶν
2246 3161 2352 3218 ὑπὸ
2390 3159 2665 3229 αἴσθησιν,
2705 3154 2954 3225 δηλονότι
3004 3149 3145 3204 κατά
3186 3147 3279 3199 τὸν
3316 3147 3416 3214 τῆς
3464 3145 3683 3206 ἀνα-τωο

2099 3259 2203 3328 γῆς
2232 3256 2389 3322 λόγον
2436 3252 2530 3305 καὶ
2556 3252 2706 3304 πᾶσα
2757 3245 3177 3318 περιγράφουσα
3216 3239 3343 3300 τοὺς
3373 3234 3514 3328 περί
3532 3247 3683 3328 tu»;

2102 3325 2303 3421 ἀρετῆς
2334 3348 2368 3418 ἢ
2395 3345 2648 3414 γνώσεως
2680 3341 2870 3409 λόγους
2901 3337 3077 3406 λῆξις,
3098 3334 3173 3396 ὼς
3200 3332 3326 3403 ὄρος
3352 3330 3462 3380 τῶν
3495 3325 3685 3394 ὁριζο-

2106 3418 2305 3509 μένων,
2337 3438 2434 3492 καὶ
2464 3435 2638 3505 πέρας
2667 3432 2776 3486 τῶν
2815 3425 3370 3499 περιγεγραμμένων,
3401 3418 3687 3509 τροπικῶς

2102 3529 2327 3601 οὐρανὸς
2354 3524 2784 3597 όνομάζεται.Ἢ
2798 3521 2958 3576 πάλιν
2979 3538 2998 3570 ‹
3023 3517 3204 3585 τρίτον
3234 3512 3462 3584 οὐρανὸν
3492 3530 3511 3560 ι
3542 3503 3693 3561 εἶναί

2104 3600 2269 3692 τυχόν
2296 3635 2462 3689 φησιν
2498 3620 2531 3687 ἡ
2566 3617 2756 3686 Γραφὴ
2789 3615 2888 3676 τὰς
2933 3610 3075 3680 ὑπὲρ
3110 3608 3259 3679 ἡμᾶς
3287 3605 3427 3675 πρὸς
3471 3603 3537 3655 τὸ
3571 3600 3692 3653 ἀνω

2106 3713 2229 3768 καθ’
2256 3713 2444 3783 εἱρμὸν
2472 3712 2622 3780 τρεῖς
2649 3709 2756 3761 τῶν
2786 3706 2959 3772 ἁγίων
2987 3701 3236 3771 ἀγγέλων
3267 3698 3472 3762 τάξεις,
3503 3694 3693 3761 ἇσπερ

2105 3805 2341 3874 ἔφθασεν
2392 3801 2521 3862 ἴσως
2550 3802 2578 3853 ὁ
2606 3799 2766 3866 ἅγιος
2803 3795 3034 3857 Παῦλος,
3077 3794 3199 3853 ταῖς
3229 3788 3340 3843 τῶν
3365 3788 3487 3842 κατ
3523 3786 3696 3837 αὐτὸν

2107 3897 2361 3967 γνώσεων
2388 3893 2699 3961 ἀποφάσεσι
2730 3890 2839 3942 τῶν
2874 3885 2995 3941 κατ’
3034 3882 3277 3942 ἐκείνους
3308 3878 3409 3940 τὰς
3430 3876 3699 3943 καταφά-

2110 4006 2223 4051 σεις
2264 3985 2590 4057 μυούμενος,
2620 3981 2715 4034 καὶ
2740 3982 2861 4040 ταῖς
2887 3974 3011 4031 καθ’
3035 3971 3310 4043 ὑπεροχὴν
3337 3969 3448 4022 τῶν
3466 3967 3701 4022 οἰκείων

2112 4056 2399 4147 στερήσεσι
2428 4073 2527 4135 τὰς
2561 4071 2784 4130 ἐκείνων
2815 4066 2956 4131 ἕξεις
2985 4061 3346 4134 μιμούμενος.
3378 4059 3541 4110 Πᾶσα
3582 4056 3702 4123 γὰρ

2110 4171 2271 4242 φύσις
2315 4168 2423 4222 τῶν
2469 4164 2703 4233 λογικῶν
2739 4161 2882 4215 κατά
2931 4155 3267 4229 τὴν,ὲαυτῆς
3292 4151 3449 4217 τάξιν
3482 4149 3581 4201 καὶ
3611 4149 3703 4201 δύο

2088 4270 2274 4332 ’ναμιν
2317 4258 2418 4328 τῆς
2452 4257 2593 4324 ὑπὲρ
2627 4253 2794 4321 αὐτὴν
2830 4250 3020 4312 οὐσίας
3059 4249 3154 4300 καὶ
3182 4244 3386 4309 τάξεως
3420 4243 3521 4305 τὰς
3552 4258 3705 4308 mo

2115 4346 2306 4414 στικάς
2332 4349 2473 4416 ἕξεις
2526 4364 2583 4399 τε
2619 4347 2712 4399 καὶ
2756 4344 2934 4404 θέσεις
2969 4339 3306 4407 καταφάσεις
3352 4331 3703 4404 στερητικὰ

424 4444 630 4501 Paulus
668 4443 906 4499 fortasse
935 4441 1258 4514 pertransiit
1284 4482 1298 4504 ,
1351 4439 1732 4510 cognitionum
1784 4449 1998 4489 suarum

2114 4447 2234 4507 ταῖς
2269 4441 2388 4496 κατ’
2422 4438 2593 4508 αὐτὴν
2624 4434 3010 4506 ἀφαιρετικαῖς
3038 4428 3347 4496 ἀποφάσεσι
3380 4422 3603 4495 μυεῖταί
3638 4439 3702 4473 τε

427 4537 815 4610 ncgationibus
863 4536 919 4589 in
962 4532 1185 4587 iilirum
1250 4530 1646 4585 aﬁirmationes
1707 4526 2003 4587 initiatus,

425 4639 483 4686 et
516 4626 809 4699 praecipuis
836 4624 1185 4696 propriorum
1226 4620 1635 4692 privationibus
1658 4617 1877 4671 illorum
1913 4616 2006 4668 ha-

429 4722 581 4775 bitus
632 4718 902 4773 imitatus.
964 4713 1154 4770 Omnis
1207 4715 1357 4771 enim
1408 4709 1766 4766 rationalium
1813 4716 2008 4763 natura

428 4811 734 4867 secundum
764 4809 1014 4865 ordinem
1055 4822 1215 4861 suum
1254 4815 1310 4859 et
1363 4803 1679 4861 facultatem
1729 4801 1785 4854 in
1846 4815 2012 4867 supe-

429 4901 593 4959 rioris
623 4901 741 4971 ipsa
792 4896 1047 4957 essentia:
1099 4904 1155 4951 et
1191 4894 1407 4949 ordinis
1462 4892 1742 4963 gnosticos
1786 4890 2011 4945 habitus

429 5003 486 5053 et
530 4994 836 5065 positiones
883 4998 939 5047 et
994 4988 1388 5045 allirmationes
1445 4989 1717 5059 privative
1756 4987 2013 5041 ablativis

430 5089 544 5148 suis
572 5085 961 5158 negationibus
1002 5082 1252 5138 initiatur
1283 5092 1449 5155 atque
1480 5098 1574 5136 cas
1602 5080 1870 5145 imitatur,
1902 5088 2013 5151 est-

430 5197 538 5252 que
572 5179 877 5235 seeundum
902 5176 1277 5246 cognitionem
1315 5175 1608 5230 aﬁirmatio
1653 5188 1846 5233 eorum
1892 5189 2013 5242 qua:

431 5272 781 5343 superjacent
804 5284 997 5324 eorum
1042 5283 1164 5337 qua:
1194 5266 1443 5337 subjecta
1481 5274 1611 5320 sunt
1640 5265 1897 5334 negatio,
1934 5273 2015 5317 at-

431 5379 539 5433 que
580 5378 774 5417 rursus
812 5376 1004 5415 earum
1047 5375 1171 5429 quae
1221 5358 1479 5430 subjecta:
1532 5367 1661 5411 sunt
1706 5356 2011 5411 secundum

433 5455 803 5526 Cognitionem
833 5454 1053 5524 negatio
1092 5467 1285 5506 carum
1325 5466 1447 5519 qua:
1479 5448 1896 5518 superemineat
1933 5457 2016 5501 est

434 5545 747 5612 afﬁrmatio,
798 5560 973 5614 usque
1025 5543 1093 5597 ad
1154 5551 1483 5597 cunctorum
1534 5540 1695 5594 unice
1745 5554 2014 5592 summam

435 5648 690 5697 naturam
731 5646 787 5691 et
835 5636 1087 5690 ordinem
1139 5634 1398 5705 negative
1449 5630 1833 5703 progrediens,
1878 5645 2017 5698 quos

2118 4533 2212 4587 καὶ
2239 4534 2507 4603 μιμεῖται,
2530 4529 2625 4582 καὶ
2645 4527 2791 4579 ἔστιν
2821 4527 2853 4593 ἠ
2886 4523 3026 4577 κατά
3044 4520 3142 4590 τὴν
3165 4517 3366 4587 γνῶσιν
3397 4514 3507 4567 τῶν
3534 4515 3706 4582 ὑπερ-

2117 4625 2384 4696 κειμένων
2420 4622 2726 4689 κατάφασις
2774 4617 2882 4670 τῶν
2912 4611 3365 4681 ὑποϐεϐληκότων
3393 4606 3701 4673 ἀπόφασις,

2118 4718 2214 4772 καὶ
2245 4715 2481 4787 ἔμπαλιν
2511 4713 2621 4766 τῶν
2654 4706 3102 4777 ὑποσεὸληκυιῶν
3124 4705 3157 4773 ή
3188 4698 3329 4755 κατά
3360 4698 3459 4770 τὴν
3490 4696 3704 4787 γνῶσιν

2118 4786 2389 4875 ἀπόφασις
2428 4805 2537 4857 τῶν
2575 4798 2957 4873 ὑπερεχουσῶν
2977 4796 3286 4863 κατάφασις
3309 4831 3325 4855 ,
3381 4789 3548 4860 μέχρι
3598 4786 3704 4855 τῆς

2123 4897 2309 4953 πασῶν
2342 4895 2465 4949 καθ’
2514 4892 2787 4962 ὑπεροχὴν
2820 4888 3104 4958 ἀνωτάτης
3132 4882 3347 4954 φύσεώς
3373 4897 3433 4932 τε
3471 4880 3568 4931 καὶ
3600 4877 3699 4931 τάο

2119 4991 2256 5069 ξεως
2298 4985 2655 5056 ἀποφατικῶς
2686 4981 3077 5054 προοδεύουσα,
3107 4978 3174 5048 ἢν
3213 4975 3348 5045 μετὰ
3388 4971 3569 5033 πάσας
3607 4968 3707 5021 τά-

2121 5061 2231 5145 ξεις
2258 5095 2317 5131 τε
2345 5079 2439 5133 καὶ
2467 5075 2724 5145 δυνάμεις
2749 5074 2785 5143 ἡ
2826 5071 3030 5140 ἄμεσος
3062 5067 3192 5137 περὶ
3220 5064 3353 5116 Θεὸν
3391 5060 3707 5128 διαδέχεται

2122 5170 2259 5224 κατὰ
2305 5169 2400 5239 τὴν
2449 5165 2649 5236 γνῶσιν
2707 5163 3002 5230 ἀπόφασις,
3037 5157 3128 5210 ὕπ’
3157 5154 3370 5216 οὐδενὸς
3418 5150 3709 5212 παντελῶς

2124 5257 2586 5328 καταφασκομένη
2641 5253 2747 5307 τῶν
2801 5252 3000 5315 ὄντων,
3049 5248 3123 5318 μὴ
3156 5245 3310 5306 ὄντος
3352 5242 3540 5297 λοιπὸν
3568 5241 3708 5310 ὅρου

2122 5353 2267 5415 τινος
2320 5352 2352 5421 ἢ
2402 5354 2638 5416 πέρατος
2675 5346 2767 5400 τοῦ
2815 5342 3019 5415 ταύτην
3070 5334 3569 5407 περιλαμϐάνοντος
3607 5332 3712 5400 τὴν

2125 5445 2396 5511 ἀπόφασιν
2415 5440 2600 5512 (195
2624 5440 2698 5503 ὁ).
2734 5438 2945 5505 Ὥσπερ
2970 5432 3077 5502 γὰρ
3102 5431 3213 5483 τῶν
3250 5424 3528 5495 αἰσθητῶν
3555 5425 3711 5477 atati

2126 5535 2286 5602 φύσιν
2316 5529 2595 5597 ἀπόφασίς
2651 5530 2760 5579 ἐστι
2801 5526 2868 5578 τὰ
2922 5521 3108 5592 νοητὰ,
3154 5519 3299 5572 οὕτω
3346 5515 3439 5567 καὶ
3476 5518 3537 5567 ὲν
3584 5516 3717 5575 ταῖς

2128 5620 2576 5695 συμπληρούσαις
2603 5619 2692 5671 τὸν
2730 5618 2842 5671 ἄνω
2878 5616 3083 5686 κόσμον
3118 5612 3328 5673 οὐσίαις
3368 5625 3429 5661 τε
3477 5607 3574 5659 καὶ
3611 5605 3716 5658 δυο

436 5739 561 5803 post
588 5744 781 5785 omnes
811 5728 1036 5783 ordines
1063 5736 1118 5781 et
1161 5732 1470 5798 potestates
1512 5723 1831 5779 immediata
1871 5721 1998 5776 circ:

2127 5718 2356 5788 νάμεσιν
2387 5712 2573 5767 αἰτῶν
2602 5708 2830 5781 πρώτων
2869 5708 3006 5761 κατὰ
3044 5705 3141 5777 τὴν
3177 5704 3303 5773 περὶ
3334 5699 3466 5755 Θεὸν
3502 5698 3719 5768 γνῶσιν
