3938 6192
241 246 370 313 ιειι
760 215 769 219 ’
1404 286 1407 289 ν
1508 251 2031 313 AMBIGUORUM
2070 253 2333 333 LIBER.
3361 253 3499 320 1242

239 357 507 430 »ξιτιιεροχαλ⁸
553 356 641 411 διὰ
681 355 780 428 τὴν
827 355 1020 425 ὕφεσιν
1070 356 1189 418 ταῖς
1245 355 1362 425 μετ’
1391 357 1562 422 αὐτὰς
1605 359 1791 428 ἀποφά

1942 361 2090 415 )eum
2121 359 2329 429 exeipit
2349 359 2655 414 secundum
2685 358 3061 428 cognitionem
3100 370 3344 431 negatio,
3372 380 3497 437 qua:

237 466 480 504 σκονται.
551 448 640 510 Ὠς
691 449 801 517 γὰρ
836 447 981 518 ἅπερ
1021 448 1182 517 ἡμεῖς
1214 449 1353 499 νοεῖν
1397 448 1458 499 οὐ
1511 448 1787 518 δυνάμεθα

1941 471 1945 503 ι
1978 450 2131 503 nullo
2167 449 2395 503 omnino
2423 464 2617 505 eorum
2645 466 2768 518 qua:
2798 460 2927 505 sunt
2965 449 3290 518 alIirrnatur,
3315 471 3496 525 neque

236 544 348 606 τοῖς
387 540 526 610 ὑπὲρ
561 540 709 610 ἡμᾶς
748 537 923 605 ἁγίοις
973 537 1226 606 ἀγγέλοις
1275 538 1383 591 εἰσὶ
1434 539 1637 608 νοητὰ,
1670 540 1791 592 οῦτιι

1943 543 2064 597 ιιιυε
2096 541 2164 596 de
2195 551 2396 596 cattero
2434 543 2660 596 omnino
2712 541 2838 596 finis
2882 550 3060 597 exalat
3098 554 3196 598 aut
3228 547 3498 603 terminus

236 634 332 686 καὶ
362 634 474 695 τοῖς
516 630 656 701 ὑπὲρ
683 632 827 701 ἡμᾶς
864 629 1040 695 ἁγίοις
1066 629 1320 697 ἀγγέλοις
1346 630 1414 684 τὰ
1440 631 1515 700 μὴ
1546 630 1791 700 νοούμεν;

1939 634 2015 701 [ui
2071 634 2215 687 hanc
2245 633 2597 702 negationem
2640 633 3098 702 comprehendat.
3124 634 3494 700 Quemadmo-

234 728 349 789 τοῖς
385 724 528 794 ὑπὲρ
566 722 765 784 αὐτοὺς
804 721 983 789 ἁγίοις
1034 715 1290 789 ἀγγέλοις
1340 722 1447 774 είσὶ
1486 721 1677 790 νοητὰ,
1715 739 1787 773 κα

1939 722 2045 776 lum
2075 722 2224 776 enim
2258 723 2616 777 sensibilium.
2640 724 2948 779 secundum
2984 735 3239 781 naturam
3274 731 3494 799 negatio

233 816 377 871 οὕτω
419 814 542 868 καθ’
574 812 702 883 ἑξῆς
750 812 867 865 ἀπὸν
888 812 1169 882 δυνάμεως
1199 813 1291 875 εἰς’
1325 810 1555 880 δύναμιν
1585 809 1784 863 ἀναθαί

1936 822 2042 868 ιιιιιι
2081 801 2475 884 intelligibilia,
2520 816 2592 870 ita
2632 815 2798 870 etiam
2841 816 2895 870 in
2930 818 3012 871 eis
3034 820 3127 887 qui
3148 821 3491 889 superiorem

232 929 341 964 νων
361 912 389 963 ό
418 908 574 976 λόγος
608 906 704 958 καὶ
733 904 1058 975 ὑψούμενος,
1088 905 1182 957 καὶ
1209 903 1391 966 πάσας
1420 902 1604 967 τάξεις
1630 918 1690 953 τε
1718 917 1787 953 κα

1940 906 2184 961 nundum
2207 907 2488 976 complent
2510 909 2768 963 essentiis
2787 924 2850 962 ac
2882 912 3253 977 potestatibus
3294 915 3495 981 prima-

224 988 490 1070 δυνάμεις
514 997 827 1061 διαϐαίνων,
865 997 946 1060 εἰς
981 996 1040 1048 τὸ
1078 995 1318 1071 appr,th
1346 1012 1403 1048 τε
1445 995 1541 1047 καὶ
1584 993 1779 1064 ἀνόητο

1940 998 2125 1053 iorum
2174 998 2482 1054 secundum
2514 998 2612 1053 Dei
2640 999 3015 1070 cognitionem
3049 1018 3171 1071 quae
3216 1005 3495 1057 excellunt

228 1093 388 1164 λήγει
419 1094 512 1145 καὶ
543 1089 823 1153 παντελῶς
868 1088 1168 1165 ἄγνωστον.
1225 1088 1289 1140 Ei
1328 1084 1507 1139 τοίνυν
1539 1084 1683 1139 κατά
1722 1086 1780 1138 τὸ

1936 1098 2142 1159 propter
2184 1090 2614 1145 submissionem
2668 1091 2752 1144 eis
2784 1107 2907 1160 quae
2949 1102 3074 1160 post
3118 1109 3176 1148 se
3210 1105 3341 1148 sunt
3395 1110 3491 1148 ne—

244 1183 643 1255 ’Λρεοπαγίτην
677 1178 956 1233 Διονύσιον
994 1181 1052 1232 αί
1085 1178 1185 1249 μὲν
1221 1176 1527 1246 ἀποφάσεις
1569 1176 1662 1228 ἐπὶ
1703 1175 1799 1228 τῶι

1934 1192 2130 1251 ςιιιιιιιτ.
2157 1182 2230 1238 Ut
2267 1183 2415 1236 enim
2433 1198 2556 1252 qua:
2573 1197 2676 1236 nos
2702 1182 3013 1253 intelligere
3038 1199 3148 1237 non
3173 1200 3489 1253 possumus,

230 1277 392 1332 θείων
420 1275 641 1344 ἀληθεῖς
680 1273 783 1345 (6),
813 1273 871 1325 αἱ
909 1271 966 1324 δὲ
999 1271 1340 1339 καταφάσεις
1370 1270 1706 1340 ἀνάρμοστοι
1744 1270 1785 1336 τῆ

1933 1272 2137 1337 ιιιιιοιὶε,
2169 1273 2389 1342 quinos
2424 1280 2711 1341 superant,
2752 1272 2965 1343 angelis
3015 1273 3297 1327 intellecta
3341 1283 3488 1335 sunt,

232 1371 560 1442 κρυφιότητι
620 1367 731 1421 τῶν
787 1366 1142 1437 ἀπορρήτων,
1181 1365 1406 1428 εἰκότως
1444 1364 1471 1416 ὁ
1523 1361 1787 1416 θεσπέσιοι

1936 1373 1987 1419 ta
2018 1380 2141 1434 quae
2165 1366 2375 1435 angelis
2400 1380 2503 1420 nos
2545 1365 2940 1434 superantibus
2967 1407 2981 1431 ,
3018 1381 3128 1419 non
3160 1375 3291 1420 sunt
3327 1364 3491 1418 intel-

243 1461 566 1524 ’Δπόστολος
596 1457 788 1512 πασῶν
824 1457 934 1511 τῶν
969 1456 1088 1511 κατ’
1112 1457 1273 1510 αὑτὸν
1303 1456 1559 1526 γνώσεων
1594 1456 1798 1526 ἀποφή-

1938 1464 2050 1511 ecta
2080 1456 2162 1511 eis
2202 1463 2333 1510 sunt
2388 1456 2599 1526 angelis
2634 1455 2843 1509 sanctis
2882 1456 3165 1509 intellecta
3216 1471 3338 1525 qua:
3392 1455 3493 1508 llOS

231 1570 331 1616 σας
368 1552 467 1623 τὴν
497 1552 706 1619 νόησιν,
754 1551 850 1603 καὶ
882 1550 1067 1619 πάσης
1097 1549 1354 1620 ὑπεράνω
1380 1549 1675 1620 γενόμενος
1700 1547 1786 1601 τῶε

1939 1558 2192 1622 uperant,
2221 1558 2386 1619 atque
2424 1551 2498 1604 ita
2531 1549 2797 1619 deinceps
2843 1566 2873 1603 a
2904 1558 3182 1619 potestate
3230 1550 3286 1603 in
3338 1561 3494 1619 pote-

225 1647 398 1699 ὄντων
436 1646 695 1716 σχέσεως,
717 1643 842 1697 οὔτε
882 1644 939 1695 ὲν
972 1642 1210 1713 σώματι,
1240 1640 1424 1705 καθὼς
1456 1640 1633 1704 εἶπεν,
1666 1640 1779 1694 είκό

1942 1649 2108 1696 tatem
2140 1641 2445 1697 ascendens
2478 1641 2644 1707 ratio,
2682 1650 2737 1697 et
2763 1642 3020 1707 exaltata,
3048 1654 3103 1696 et
3124 1658 3317 1697 omnes
3338 1642 3492 1696 ordi-

224 1754 333 1799 τως
374 1731 463 1807 ἦν,
506 1733 833 1806 ἐνεργοῦσαν
885 1733 985 1787 οὐκ
1028 1732 1168 1804 ἔχων
1210 1732 1310 1803 τὴν
1354 1731 1628 1803 αἴσθησιν,
1681 1729 1775 1784 οῦτ

1936 1749 2011 1789 nes
2031 1742 2200 1803 atque
2232 1741 2539 1804 potestates
2566 1742 2931 1804 transgressa,
2982 1734 3035 1788 in
3080 1735 3360 1788 ineffabile
3391 1734 3491 1787 de—

227 1829 384 1891 ὲκτδς
415 1823 572 1889 αὖθις
598 1824 693 1879 τοῦ
723 1823 995 1895 σώματος,
1024 1822 1301 1896 ἀργοῦσαν
1332 1824 1471 1895 ἔχων
1497 1825 1596 1897 τὴν
1622 1824 1782 1893 νόησι·

1939 1823 2043 1877 init
2079 1839 2143 1878 ac
2206 1823 2366 1893 plane
2422 1822 2788 1894 incognitum.
2833 1824 3025 1892 Itaque
3092 1824 3135 1878 si
3184 1823 3491 1882 secundum

226 1916 370 1972 κατά
402 1917 493 1970 τὸν
522 1916 712 1988 καιρὸν
734 1918 831 1987 τῆς
858 1915 1006 1986 αὐτῷ
1034 1916 1334 1987 γενομένης
1369 1917 1653 1987 ἁρπαγῆς,
1682 1916 1781 1969 καθ

1936 1917 2231 1988 )ionysium
2255 1916 2644 1987 Areopagitam
2669 1918 2991 1986 negationes
3021 1917 3073 1970 in
3099 1917 3265 1971 rebus
3285 1916 3491 1970 divinis

228 2011 295 2081 ῆν
329 2008 627 2080 ἀφράστως
660 2025 719 2060 τε
747 2009 840 2060 καὶ
873 2005 1171 2076 ἀγνώστως
1194 2008 1317 2063 τινὰ
1349 2006 1640 2079 δεξάμενος
1665 2025 1783 2061 κατι

1937 2009 2195 2063 'eritatem
2232 2008 2461 2072 habent,
2484 2016 2679 2062 contra
2706 2007 3102 2085 allirmationes
3131 2025 3319 2063 rerum
3352 2007 3492 2062 inef-

227 2102 431 2171 μύησιν
460 2099 829 2169 ὑπερκόσμιον
881 2100 1106 2169 ῥήματα
1164 2101 1292 2171 σιγῇ
1345 2099 1519 2153 ταῦτα
1565 2101 1782 2170 τιμήσαε

1938 2101 2157 2155 abilium
2187 2099 2513 2154 obscuritati
2538 2115 2648 2154 non
2674 2102 3056 2164 conveniunt,
3094 2100 3319 2155 divinus
3343 2100 3493 2169 Apo-

224 2192 458 2261 ὲφόλαξε
496 2190 775 2254 παντελῶς
808 2191 1108 2263 ἀνέκφορα,
1150 2191 1228 2255 ὡς
1280 2191 1422 2263 μήτε
1464 2191 1555 2245 νοῦ
1590 2195 1779 2262 νοῆσαι

1939 2194 2082 2248 tolus
2101 2193 2346 2247 omnium
2379 2208 2606 2246 suarum
2645 2193 3025 2262 cognitionum
3070 2194 3358 2247 intellectu
3387 2208 3488 2246 ne-

228 2286 365 2355 μήτε
397 2283 653 2354 γλώσσης
694 2282 950 2353 λαλῆσαι,
985 2284 1124 2355 μήτε
1168 2285 1341 2355 ἀκοῆς
1371 2283 1512 2337 αὺτά
1543 2282 1780 2350 δέξασθα

1936 2294 2051 2351 ato,
2101 2287 2361 2353 omnique
2413 2301 2597 2339 rerum
2628 2301 2773 2355 quae,
2801 2294 2931 2339 sunt
2978 2286 3272 2340 aﬂ‘eetione
3326 2299 3491 2351 supe—

223 2377 558 2448 δυναμὲνων.
612 2377 763 2430 [Ιοιεῖ
791 2376 873 2444 δὲ,
914 2372 1097 2440 καθὼς
1129 2378 1179 2430 οἱ
1219 2376 1617 2448 πεπειραμένοι
1648 2376 1778 2444 φασὶ

1932 2387 2046 2440 ata,
2092 2394 2273 2447 neque
2325 2378 2380 2431 in
2437 2393 2691 2447 corpore,
2746 2385 2807 2431 ut
2850 2377 3026 2442 dixit,
3064 2377 3235 2431 fuisse
3292 2376 3487 2446 proba-

224 2466 322 2537 τὴν
350 2467 451 2536 μὲν
484 2469 540 2520 ἐν
572 2469 636 2538 τῇ
668 2467 921 2537 λεχθείσῃ
960 2486 978 2519 ι
1020 2467 1235 2539 προόδῳ
1274 2486 1292 2517 ι
1333 2468 1434 2538 τῆς
1475 2469 1676 2537 ἀρετῆς
1709 2484 1771 2519 τε

1931 2471 2091 2527 ιίϋιοτ
2130 2470 2398 2534 videatur,
2456 2484 2582 2523 eum
2638 2469 2877 2523 activum
2913 2485 3020 2522 non
3063 2469 3297 2523 haberet
3355 2483 3486 2522 sen-

225 2557 374 2612 λείαν
413 2558 611 2631 πρᾶξιν
657 2559 841 2621 πίστις
891 2559 1027 2630 ὀρθὴ
1078 2560 1174 2612 καὶ
1202 2559 1368 2627 φόϐος
1396 2561 1476 2621 είς
1518 2558 1650 2611 Θεὸν
1684 2558 1778 2611 ἀνό

1936 2579 2050 2625 um,
2086 2578 2265 2631 neque
2299 2576 2493 2616 rursus
2526 2570 2683 2615 extra
2706 2577 2911 2631 corpus
2938 2602 2952 2626 ,
2987 2578 3113 2616 eum
3146 2561 3487 2616 intellectum

227 2651 436 2714 θευτος,
477 2651 577 2722 τὴν
615 2649 672 2703 δὲ
714 2651 854 2704 κατά
887 2651 986 2723 τὴν
1015 2649 1278 2705 ἀνάὅασιν
1305 2650 1605 2704 ἄπταιστον
1640 2667 1782 2718 φυσι-

1932 2654 2108 2708 iabcre
2153 2662 2460 2708 cessantem
2490 2669 2556 2707 eo
2589 2668 2698 2721 quo
2726 2661 2917 2722 raptus
2964 2660 3048 2706 est
3077 2660 3345 2722 tempore.
3376 2668 3487 2721 quo

225 2742 328 2814 κήν
366 2743 599 2814 θεωρίαν
642 2743 797 2805 ἐλπὶς
832 2742 1018 2813 (196
1052 2742 1106 2812 α)
1148 2742 1341 2811 βεϐαία
1384 2742 1487 2799 καὶ
1519 2740 1780 2812 ἀλώὸητο.

1932 2763 1960 2799 ιι
1993 2744 2525 2814 raptuinenarrabili
2548 2743 2787 2813 quodam
2821 2752 2876 2798 et
2910 2743 3191 2813 incognito
3213 2743 3377 2797 modo
3396 2758 3487 2798 se»-

224 2834 460 2900 σύνεσις,
487 2836 588 2906 τὴν
620 2835 677 2890 δὲ
702 2834 842 2891 κατά
870 2838 970 2902 τὴν
1004 2854 1021 2887 ‹
1042 2835 1311 2904 ἀνάληψιν
1350 2854 1368 2888 ι
1388 2834 1584 2889 θέωσιν
1612 2836 1779 2903 ἀγάπι

1933 2838 2146 2892 nudum
2169 2838 2452 2894 caelestem
2477 2836 2846 2891 initiationem
2868 2835 3115 2905 quadam
3139 2833 3307 2889 verba
3331 2850 3488 2890 acce-

222 2928 424 2994 τελεία,
457 2931 555 2982 καὶ
594 2926 719 2992 νοῦς
764 2930 876 2991 τοῖς
925 2922 1045 2980 οὖσι
1087 2926 1212 2979 καθ’
1243 2926 1517 2999 ὑπεροχὴν
1564 2930 1777 2997 πάμπαπ

1930 2929 2007 2992 tit,
2030 2943 2153 2997 quae
2188 2927 2352 2981 tacite
2386 2927 2971 2995 coleretetnunquam
3004 2925 3339 2994 divulganda
3356 2941 3485 2981 cus-

223 3022 484 3085 lxouotw;
512 3022 933 3092 πεπηρωμένος.
974 3019 1085 3072 Καὶ
1111 3010 1213 3088 τῆς
1245 3020 1344 3090 μὲν
1372 3021 1682 3091 πρακτικῆς
1713 3038 1771 3089 φι

1934 3020 2139 3086 odiret,
2170 3028 2381 3090 utpote,
2404 3036 2527 3090 quae
2561 3036 2737 3090 neque
2764 3034 2919 3074 mens
2942 3018 3273 3088 intelligere,
3306 3033 3487 3087 neque

221 3114 477 3183 λοσοφίοις
512 3113 672 3168 πάλιν
724 3113 884 3184 ἔργον
929 3108 1066 3166 εἷναί
1116 3128 1251 3180 φασι
1312 3111 1496 3184 πάσης
1551 3113 1641 3165 τὸν
1674 3111 1776 3166 νοῦε

1928 3111 2090 3181 ingna
2143 3110 2350 3175 effari,
2404 3126 2584 3180 neque
2618 3125 2783 3165 aures
2818 3109 3103 3179 percipere
3159 3120 3388 3177 possent
3434 3106 3483 3163 ιι.

222 3206 447 3279 ἐμπαθῆ
488 3205 789 3276 φαντασίας
817 3204 1057 3276 καθαρὸν
1092 3204 1455 3274 καταστῆσαι,
1487 3206 1584 3274 τῆς
1607 3204 1664 3258 δὲ
1696 3222 1777 3272 φυη

1930 3202 2079 3257 Efﬁcit
2105 3212 2311 3264 autem,
2344 3211 2402 3256 ut
2435 3203 2470 3257 ii
2495 3202 2589 3272 qui
2619 3203 2833 3272 experti
2871 3208 3000 3256 sunt
3041 3200 3268 3254 tradunt
3300 3242 3315 3263 ,
3369 3202 3485 3256 vir-

223 3299 386 3367 σικῆς
418 3297 652 3369 θεωρίας
696 3297 879 3366 πάσης
917 3297 1017 3366 τῆς
1051 3295 1109 3348 ἐν
1150 3295 1264 3361 τοῖς
1301 3292 1422 3349 οὖσι
1461 3295 1585 3349 καθ’
1614 3296 1680 3366 ἢν
1715 3297 1771 3349 αἱ

1929 3294 2036 3347 utis
2063 3292 2117 3346 in
2165 3311 2181 3343 ι
2215 3292 2623 3361 progressione,
2682 3312 2699 3342 ι
2758 3307 2922 3362 quam
2969 3291 3080 3345 dixi
3117 3331 3131 3352 ,
3183 3291 3484 3362 perfectam

219 3392 340 3447 τίαν
368 3392 709 3462 ὑπάρχουσιν
725 3386 965 3459 ἀληθοῦς
987 3384 1243 3454 γνώσεως
1268 3388 1431 3441 αὑτὸν
1457 3389 1653 3463 ἐπιστῇ
1664 3405 1774 3457 μονε

1930 3386 2178 3459 .ctianem
2231 3384 2366 3438 titles
2412 3396 2562 3439 recta
2592 3393 2645 3439 et
2683 3395 2863 3438 metus
2898 3387 2952 3437 in
3004 3385 3176 3438 Deum
3225 3385 3485 3439 incorrn--

218 3486 409 3548 δεῖται,
442 3485 541 3555 τῆς
569 3485 626 3538 δὲ
658 3482 978 3552 θεολογικῆς
1016 3480 1411 3554 μυσταγωγίας
1453 3481 1641 3547 ὅμοιον
1678 3479 1773 3546 Θεᾷ

1929 3486 2053 3541 itus,
2087 3477 2395 3531 naturalem
2427 3492 2562 3532 vero
2599 3477 2651 3530 in
2689 3495 2706 3526 ι
2744 3476 3071 3531 ascensione
3109 3496 3125 3525 ι
3157 3477 3484 3532 inoffensam

222 3577 315 3630 καὶ
345 3576 479 3637 ἴσον,
510 3575 586 3639 ὡς
617 3575 860 3642 ἐφικτὸν,
892 3577 958 3644 τῇ
987 3573 1172 3644 χάριτι
1194 3571 1337 3625 κατά
1359 3569 1455 3639 τὴν
1496 3567 1610 3633 ἕξιν
1640 3568 1777 3636 ποιῆ

1928 3567 2428 3636 :ontemplationem
2480 3582 2606 3635 spes
2639 3565 2791 3620 firma
2846 3576 2901 3620 et
2952 3568 3303 3621 immaculata
3348 3584 3483 3622 eon-

221 3687 332 3733 σαι.
371 3669 603 3740 μηδενὸς
642 3668 704 3722 τὸ
740 3666 961 3721 σύνολον
992 3665 1072 3719 ἔτι
1100 3664 1207 3719 τῶν
1242 3661 1382 3734 μετὰ
1410 3661 1541 3714 Θεὸν
1573 3660 1662 3715 διὰ
1700 3660 1776 3729 ei;

1920 3658 2160 3720 scientia,
2195 3657 2606 3712 deilieationem
2635 3656 2875 3727 denique
2912 3657 2967 3710 in
2999 3676 3016 3706 ε
3050 3657 3429 3741 assumptione
3456 3676 3475 3709 ι

220 3762 494 3833 ὑπεροχὴν
532 3760 662 3814 ὄντα
684 3761 946 3830 νοήμονα.

1929 3749 2153 3805 perfecta
2185 3749 2435 3804 cbaritas
2460 3764 2524 3807 ac
2555 3764 2710 3803 mens
2743 3750 2907 3803 rebus
2935 3764 3059 3818 qua:
3086 3757 3216 3803 sunt
3261 3751 3484 3819 penitus

214 3864 273 3910 et
317 3855 483 3924 plane
520 3854 671 3908 ultro
741 3851 1019 3908 abdicata.
1068 3852 1250 3919 Atque
1306 3846 1503 3902 activae
1569 3841 1795 3913 quidem
1838 3839 2205 3910 philosophiae
2247 3854 2442 3894 rursus
2488 3853 2610 3894 esse
2656 3838 2852 3894 dicunt
2921 3845 3162 3893 mentem
3233 3840 3480 3909 passioni

213 3950 510 4006 obnoxiam
575 3948 726 4003 omni
792 3944 1186 4017 imaginatione
1238 3958 1303 3999 ae
1342 3938 1611 3997 saeculari
1664 3951 1861 4008 pompa
1900 3935 2159 4001 liberare,
2218 3933 2494 3990 naturalis
2540 3941 2725 3989 autem
2785 3932 3271 4002 contemplationis
3328 3941 3479 3994 omni

210 4059 335 4099 eam
402 4058 588 4097 rerum
665 4054 774 4110 qua
836 4054 1005 4093 causa
1050 4037 1322 4092 exsistant
1377 4050 1506 4090 vera
1554 4029 1871 4103 cognitione
1911 4029 2195 4091 imbuere,
2251 4028 2571 4099 theologicae
2619 4027 2858 4098 denique
2890 4027 3250 4082 initiationis
3294 4036 3351 4081 et
3398 4028 3482 4081 in-

212 4134 540 4192 struetionis
565 4148 686 4189 eam
722 4132 836 4186 Deo
872 4130 1140 4201 aequalem
1181 4136 1237 4185 et
1267 4143 1480 4200 parem,
1519 4134 1791 4196 quatenus
1829 4122 1979 4187 licet,
2029 4122 2205 4193 gratia
2277 4121 2587 4178 secundum
2658 4121 2910 4177 habitum
2946 4119 3180 4175 reddere
3204 4159 3221 4184 ,
3255 4128 3314 4173 ut
3366 4119 3480 4190 jam

213 4243 555 4299 quzeennque
585 4236 708 4297 post
756 4227 931 4282 Deum
969 4232 1099 4281 sunt
1128 4234 1358 4296 propter
1389 4222 1749 4279 eminentiam
1772 4219 1937 4285 plane
1973 4217 2212 4288 ignoret.

1824 4364 1889 4374 ..ι-

227 4436 327 4490 Ἐκ
364 4432 471 4488 τοῦ
526 4432 712 4486 αὐτοῦ
763 4432 972 4499 λόγου,
1007 4431 1095 4494 εἰς
1139 4429 1228 4493 τὸ,
1274 4446 1292 4479 ι
1333 4426 1469 4481 Οὐδ’
1506 4425 1584 4479 ἂν
1607 4424 1782 4479 αὐτὸν

1922 4441 1981 4494 Ea:
2012 4440 2192 4493 eodem
2220 4453 2478 4502 sermone,
2525 4439 2579 4491 in
2616 4435 2755 4491 illud
2789 4451 2808 4489 .'
2850 4454 2868 4485 ι
2908 4434 3015 4489 Nec
3051 4435 3115 4488 ab
3167 4436 3358 4489 nmiqu
3394 4438 3477 4489 in-

277 4525 618 4594 δυνηθῆνιιι
648 4523 917 4594 χωρῆσαι
954 4523 1060 4577 τὸν
1092 4522 1250 4576 κάτω
1281 4521 1515 4611 κόσμον
1538 4562 1551 4582 ,
1588 4517 1787 4573 Ἰωάν-

1968 4533 2149 4602 feriori
2200 4548 2347 4602 posse
2417 4532 2537 4600 capi
2583 4529 2814 4583 Joannes
2878 4526 3024 4581 Verbi
3083 4544 3379 4599 prmcursor
3431 4539 3477 4582 et

280 4637 396 4686 γης
454 4621 487 4673 ό
525 4618 632 4671 τοῦ
667 4618 861 4686 Λόγου
916 4616 1251 4684 πρόδρομος
1276 4659 1288 4677 ,
1332 4615 1370 4681 ἡ
1410 4611 1645 4682 μεγάλη
1680 4611 1790 4679 τῆς

1454 4611 1645 4682 εγάλη
1680 4611 1790 4679 τῆς
1968 4641 2165 4695 magna
2196 4624 2431 4678 veritatis
2460 4638 2558 4675 vox
2585 4620 2964 4691 pronuntiavit.
2995 4641 3009 4670 ι

281 4711 568 4779 ἀληθείας
595 4709 787 4779 φωνὴ,
815 4704 1107 4775 διωρίζετο
1145 4707 1221 4760 ⁷.»
2996 4757 3037 4777 ἢ

284 4820 553 4893 Εὕκαιρον
597 4816 666 4891 ἦν
694 4819 840 4891 κάμὲ
873 4804 1008 4892 πρὸς
1048 4820 1137 4872 τὸν
1168 4819 1321 4885 ἅγιον
1346 4819 1534 4871 τοῦτον
1568 4818 1663 4870 καὶ
1701 4817 1795 4887 μὲ-

1966 4815 2350 4892 Oppertunum
2378 4830 2498 4877 erat
2533 4831 2591 4875 ut
2620 4830 2677 4876 et
2707 4830 2810 4891 e‘go
2842 4830 3095 4876 sanctum
3122 4821 3274 4876 hunc
3309 4833 3474 4894 atque

209 4930 313 4985 γαν
358 4918 457 4987 τῆς
497 4914 754 4983 ἀληθείας
799 4912 1139 4976 διδάσκαλον,
1194 4914 1252 4965 τὸ
1294 4912 1524 4982 μέγεθος
1577 4912 1764 4982 epam

1919 4930 2157 4986 nagnum
2177 4915 2429 4969 veritatis
2457 4914 2799 4985 magistrum,
2861 4930 2988 4969 cum
3037 4915 3474 4985 magnitudinem

209 5009 305 5079 τῆς
350 5006 497 5077 αὐτῷ
551 5006 700 5076 παρὰ
735 5004 868 5057 Θεοῦ
898 5003 1145 5074 δοθείσης
1190 5004 1401 5073 σοφίας,
1435 5006 1607 5055 εἰπεῖν
1651 5004 1764 5073 ὃπεε

1921 5005 2186 5075 .apientiaa
2224 4995 2485 5060 viderem
2526 5021 2555 5059 a
2592 5005 2704 5059 Deo
2736 5004 2787 5059 ei
2814 5004 2990 5071 datae,
3058 5007 3132 5060 ita
3160 5007 3476 5077 alloquerer

211 5098 392 5163 Δαόὶδ,
420 5100 449 5153 ὁ
475 5097 584 5152 τῶν
619 5095 916 5169 προφητῶν
948 5096 1042 5151 καὶ
1068 5093 1333 5164 βασιλέων
1359 5095 1762 5164 ἐπισημότατος

1916 5106 1963 5150 ιι
2010 5095 2185 5152 David
2224 5097 2617 5167 prophetarum
2666 5112 2969 5167 regumque
3024 5097 3471 5169 insignissimus,

210 5189 347 5261 πρὸς
373 5189 465 5243 τὸν
494 5188 647 5249 Θεὸν,
682 5186 743 5240 τὸ
774 5186 1002 5257 ἄπειρον
1036 5184 1134 5255 τῆς
1173 5187 1231 5239 ἐν
1276 5185 1441 5237 πᾶσιν
1482 5185 1646 5239 αὐτοῦ
1684 5202 1765 5254 μει

1920 5192 2385 5257 teum,inlinitam
2430 5194 2549 5264 ejus
2599 5192 2656 5246 in
2684 5192 2945 5247 omnibus
3002 5193 3172 5249 rebus
3219 5195 3475 5265 majesta-

208 5282 556 5351 γαλειότητος
606 5277 1001 5348 καταπλαγεὶς,
1036 5276 1398 5340 ὲνθεαστικῶς
1432 5272 1763 5347 ἀπεφθέγξαη

1916 5299 2000 5339 em
2025 5285 2359 5352 admiratus,
2392 5286 2580 5341 divino
2607 5285 2837 5341 numine
2867 5286 3067 5356 plenus
3091 5287 3286 5343 dicens
3322 5307 3336 5343 :
3367 5287 3471 5343 Mi-

207 5390 287 5439 το,
316 5373 492 5442 λέγων
520 5388 532 5400 ο
553 5370 1015 5440 Ἐθαυμαστώθη
1051 5369 1089 5439 ἠ
1125 5367 1344 5439 γνῶσίς
1377 5384 1494 5423 σου
1515 5368 1584 5435 ἐξ
1612 5369 1758 5438 ἐμοῦ

1915 5374 2110 5431 'abilior
2155 5377 2293 5442 facta
2320 5385 2395 5432 est
2426 5379 2502 5432 tui
2534 5379 2778 5450 cognitio,
2827 5387 2874 5431 et
2927 5376 3192 5438 invaluit,
3232 5395 3389 5448 quam
3417 5392 3470 5432 ιιι

274 5503 302 5544 ³³
334 5507 352 5560 l
383 5505 510 5561 Cor.
540 5522 596 5572 ιι,
630 5508 682 5561 9.

273 5621 1008 5705 (‘GlDionysLAreopagL'De
1039 5627 1255 5698 mystica
1300 5627 1455 5683 theal.
1490 5643 1607 5697 cap.
1642 5629 1690 5694 l,
1723 5644 1776 5699 p.
1897 5698 1913 5705 _
1963 5627 2039 5705 (_7)
2080 5628 2239 5705 Greg.
2263 5631 2389 5705 Naz.
2424 5649 2502 5705 ar.
2536 5632 2692 5689 theol.
2719 5633 2783 5700 ΙΙ,
2819 5649 2936 5705 cap.
2966 5634 3057 5701 20,
3088 5650 3142 5705 p.
3176 5634 3300 5702 5H,
3331 5644 3465 5689 tom.

201 5683 495 5763 διεξίωσι.
528 5683 567 5749 ἰ.
593 5691 735 5765 Opp.
772 5683 1027 5751 édTVen.
1094 5683 1117 5698 ”
1554 5683 1572 5697 ³
1678 5683 1689 5694 ’
1723 5683 1738 5699 ³
1894 5698 1934 5754 l.
1965 5683 2107 5770 Opp.
2136 5683 2278 5756 eth:
2301 5683 2503 5757 Bened.
