3938 6192
218 262 352 328 1215

1484 260 2005 345 AnnicuonUM
2045 260 2297 322 LIBER.

3340 249 3478 318 1246

209 378 359 430 ἐστιν
390 370 420 424 ὁ
462 366 625 431 αὑτὸς
658 366 800 420 κατὰ
830 364 929 436 τὴν
976 364 1192 435 ἑκάστῳ
1238 350 1340 433 τῆς
1373 364 1633 431 γνώσεως
1663 368 1792 420 ἀνα.

1904 366 2050 422 idem
2077 375 2164 421 est
2198 380 2262 420 ac
2287 362 2596 419 secundum
2617 361 2950 432 cognitionis
2995 362 3299 434 unicuique
3341 378 3479 419 con-

205 464 397 534 λογίαν
416 460 629 531 τοῦτοῆ
660 460 837 513 ἐκεῖνο
882 457 1187 525 γινόμενος.
1215 457 1325 519 πᾶς
1348 456 1456 525 γάρ
1484 456 1643 526 λόγος
1677 475 1793 527 φω-

211 558 325 618 ιαῐς
362 552 686 608 ὑποπίπτων
714 549 810 602 καὶ
838 547 1149 618 γράμμασι.

283 643 486 718 Θαρῤῶ
512 643 569 697 δὲ
595 642 771 696 εἰπεῖν
813 641 894 693 ὅτι
926 640 1021 694 καὶ
1054 640 1163 693 πᾶν
1189 637 1390 709 νόημα,
1419 637 1495 709 νῷ
1529 626 1790 707 τυπωθῆ-

205 758 297 796 ναι
323 737 641 807 δυνάμενον,
666 730 1055 801 στοιχειώσεως
1079 729 1233 783 οὐδὲν
1260 728 1534 799 διενήνοχε
1559 727 1625 780 τὰ
1649 727 1791 797 ὑπὲρ

206 829 375 901 αὑτὴν
435 824 769 897 μηνυοὺσης.
824 822 916 874 Διὸ
971 822 1067 874 καὶ
1111 820 1359 891 τέσσαρα
1411 818 1788 890 τὸνκάριθμὸν

205 923 445 993 ὑπάρχει
468 918 534 972 τὰ
559 915 893 983 Εὑαγγέλια,
923 913 997 978 ὼς
1028 915 1143 977 τοῖς
1166 912 1274 966 ὑπὸ
1295 911 1552 982 αίσθησιν
1580 911 1662 965 ἔτι
1695 912 1790 965 καὶ

207 1013 417 1085 φθοράν
478 1006 597 1065 οῦσι
640 1009 779 1067 τέως
811 1006 1056 1077 χωρητά.
1106 1004 1356 1070 Ἰζοσαῦτα
1408 1002 1518 1076 γὰρ
1571 1005 1665 1058 καὶ
1719 1004 1787 1058 τά

209 1106 447 1174 στοιχεῖα
484 1100 744 1171 τυγχάνει
775 1099 866 1151 τοῦ
897 1098 1108 1168 κόσμου
1146 1096 1360 1161 τούτου,
1399 1098 1494 1151 καὶ
1521 1096 1789 1166 τέσσαρες

204 1197 376 1251 πάλιν
409 1195 629 1267 ἀρεταὶ,
675 1191 737 1257 ἐξ
775 1186 849 1247 ὧν
901 1192 929 1244 ὁ
971 1191 1111 1244 κατὰ
1142 1190 1383 1244 διάνοιαν
1422 1189 1788 1260 πνευματικὸς

201 1258 506 1356 συνέστηκε
550 1258 777 1355 κόσμος,
808 1286 896 1336 ἳνα
922 1282 1014 1336 τὸν
1054 1282 1193 1346 τέως
1222 1283 1281 1334 tv
1304 1283 1437 1351 ἡμῖν
1472 1258 1664 1352 νοητὸν
1693 1280 1791 1332 κό-

204 1393 369 1445 σμον,
395 1375 606 1430 καὶτὸν
637 1376 698 1428 ἐν
740 1366 784 1442 ᾧ
821 1374 1012 1444 ἐσμεν,
1042 1372 1361 1444 περιγράφῃ
1397 1371 1499 1443 τῆς
1531 1371 1790 1441 ἀληθείας

201 1468 235 1520 ὁ
266 1466 442 1533 λόγος,
474 1464 570 1518 καὶ
610 1463 864 1534 ἀλλήλοις
900 1462 1100 1526 αὑτοὺς
1133 1460 1458 1532 άσυγχύτως
1497 1460 1622 1515 καθ’
1653 1460 1790 1513 ἐνω-

207 1573 297 1609 σιν
331 1555 614 1625 συμϐάλλῃ·
639 1594 653 1620 ,
688 1555 784 1608 καὶ
832 1552 1083 1623 ἀλλήλων
1130 1552 1290 1605 πάλιν
1319 1552 1643 1625 άδιαιρέτως
1672 1551 1789 1605 δια-

205 1646 416 1718 κρίνῃι,
475 1648 597 1710 ταῖς
654 1645 763 1698 τῶν
824 1644 1202 1698 συνιστώντων
1253 1644 1453 1707 αὑτοὺς
1507 1643 1788 1714 στοιχείων

204 1738 539 1808 ὁμοιότησιν.
563 1736 744 1806 Ὅπερ
778 1734 888 1807 γάρ
934 1736 1103 1796 ἐστιν,
1137 1733 1319 1803 (197
1344 1733 1395 1804 ὁ)
1430 1732 1506 1796 ῶς
1532 1751 1717 1806 φασιν,
1759 1734 1788 1785 ό
1820 1722 1867 1784 Β

207 1826 394 1899 αἰθὴρ,
418 1827 592 1896 1ἤγουν
615 1824 675 1880 τὺ
705 1826 934 1898 πύρινον
962 1827 1226 1894 στοιχεῖον
1264 1825 1323 1878 ὲν
1343 1823 1418 1896 τῷ
1442 1825 1566 1878 κατ’
1597 1822 1790 1894 αἰσθη-

210 1935 297 1972 σιν
328 1917 543 1989 κόσμῳ,
572 1918 729 1974 τοοτῦ
784 1918 843 1971 ἐν
876 1915 956 1988 τῷ
993 1916 1185 1987 κόσμῳ
1218 1916 1314 1987 τῆς
1359 1916 1603 1979 διανοίας
1639 1916 1791 1969 ἐστὶν

208 2012 242 2081 ἠ
272 2010 556 2081 φρόνησις,
580 2010 653 2073 ὡς
688 2008 799 2074 ἒξις
827 2008 1130 2089 φωτιστικὴ
1164 2008 1259 2062 καὶ
1286 2006 1396 2061 τῶν
1432 2008 1518 2078 ἐφ’
1553 2008 1790 2062 ἑκάστου

208 2102 316 2157 τῶν
351 2104 522 2157 ὄντων
548 2102 705 2165 ,ἰδίως
761 2100 1151 2172 πνευματικῶν
1185 2102 1360 2169 λόγων
1410 2099 1787 2170 ἀποδεικτικὴ,

209 2194 308 2267 τὴν
337 2194 395 2246 tv
436 2193 579 2255 ὅλοις
609 2192 867 2254 ἀπλανῶς
906 2192 976 2245 δι’
1007 2192 1187 2245 αὑτῶν
1214 2192 1395 2245 αἰτίαν
1429 2190 1788 2259 ἐκφαίνουσα,

207 2288 302 2340 καὶ
332 2286 432 2353 τῆς
457 2284 598 2339 κατὰ
624 2283 802 2356 ψυχὴν
833 2283 959 2353 περὶ
985 2283 1046 2337 τὸ
1080 2283 1236 2336 Θείον
1274 2282 1515 2349 ἐφέσεως
1542 2280 1786 2351 ἑλκτικίγ

207 2377 304 2432 καὶ
346 2377 485 2446 ὅπερ
516 2376 575 2430 tv
597 2374 673 2443 τῷ
701 2373 943 2444 αἰσθητῷ
976 2376 1165 2444 κόσμῳ
1203 2374 1232 2425 ὁ
1270 2373 1377 2444 ἀὴρ
1404 2413 1420 2438 ,
1451 2371 1607 2425 τοῦτο
1631 2371 1690 2425 tv
1713 2370 1791 2441 τῷ

216 2465 359 2521 κατὰ
380 2466 619 2519 διάνοιαν
640 2464 834 2534 κόσμῳ
855 2464 971 2516 ἐστὶ
1006 2465 1040 2534 ή
1068 2462 1311 2533 ἀνδρεία,
1333 2462 1408 2525 ὼς
1435 2462 1547 2526 ἕξις
1574 2478 1790 2531 κινητι-

208 2559 303 2630 κὴ,
330 2558 424 2612 καί
464 2557 560 2625 τῆς
596 2556 843 2625 ἐμφύτου
889 2555 1032 2609 κατὰ
1078 2554 1295 2622 πνεῦμα
1318 2553 1464 2624 ζωῆς
1497 2553 1790 2621 συνεκτική

209 2668 268 2705 τε
305 2651 419 2718 ἅμα
450 2649 544 2703 καὶ
573 2646 861 2718 δραστικὴ,
908 2646 1002 2699 καὶ
1038 2646 1136 2714 τῆς
1185 2644 1327 2698 κατὰ
1353 2643 1534 2716 ψυχὴν
1567 2643 1792 2713 περιτδ

210 2745 361 2796 θεῖον
381 2740 725 2810 ἀεικινησίας
752 2740 1053 2809 τομωτική·
1083 2738 1177 2791 καὶ
1206 2740 1343 2808 ὅπερ
1366 2738 1424 2789 ἐν
1444 2736 1521 2806 τῷ
1551 2726 1792 2806 αίσθητῷ

208 2834 401 2903 κόσμῳ
431 2831 551 2886 ἐστί
586 2830 648 2883 τὸ
677 2829 844 2900 ὕδωρ,
877 2828 1036 2882 τοῦτο
1082 2830 1139 2881 tv
1175 2826 1253 2897 τῷ
1292 2826 1394 2897 τῆς
1424 2825 1664 2888 διανοίας
1698 2824 1792 2878 κὸ-

210 2943 333 2996 σμῳ
374 2924 525 2977 ἐστὶν
571 2924 606 2993 ἡ
654 2920 1003 2992 σωφροσύνη,
1054 2920 1167 2986 ἕξις
1224 2915 1553 2989 ὑπάρχουσα
1591 2920 1690 2987 τῆς
1734 2919 1792 2972 ἐν

209 3015 491 3085 Πνεύματι
531 3011 771 3085 ζωτικῆς
817 3010 1175 3082 γονιμότητος
1211 3010 1492 3081 ποιητικὴ,
1550 3009 1645 3063 καὶ
1693 3012 1793 3078 τῆς

209 3106 532 3179 άειόλύστου
567 3103 708 3158 κατὰ
748 3102 846 3174 τὴν
874 3103 1059 3173 ἔφεσιν
1087 3103 1217 3174 περὶ
1248 3101 1311 3155 τό
1337 3101 1492 3167 θεῖον
1521 3102 1792 3172 ἐρωτικῆς

212 3195 445 3261 θέλξεως
467 3197 782 3266 γεννητικήο
825 3196 920 3248 καὶ
952 3196 1091 3266 ὅπερ
1122 3197 1180 3248 tv
1213 3193 1290 3266 τῷ
1321 3192 1579 3265 αἰσθητῷ
1604 3194 1795 3267 κόσμῳ

210 3289 360 3342 ἐστὶν
390 3288 423 3358 ἡ
455 3285 789 3355 δικαιοσύνη,
826 3286 939 3351 ἕξις
966 3288 1288 3358 ὑπάρχουσα
1325 3287 1445 3340 κατ’
1490 3283 1627 3349 εἶδος
1666 3303 1791 3355 γεν-

210 3378 406 3451 νητικὴ
434 3378 653 3437 πάντων
696 3377 805 3430 τῶν
837 3380 895 3447 ὲν
933 3381 1047 3441 τοῖς
1084 3375 1203 3431 οὖσι
1242 3377 1438 3446 λόγων,
1479 3379 1574 3431 καὶ
1602 3379 1702 3448 τῆς
1737 3379 1794 3431 tv

212 3469 495 3540 Πνεύματι
539 3466 682 3523 κατὰ
725 3468 788 3521 τδ
834 3468 953 3523 ἴσον
993 3469 1211 3539 ἑκάστῳ
1240 3468 1478 3538 ζωτικῆς
1507 3469 1796 3532 διαδόσεως

214 3560 615 3633 ἁπονεμητικὴ,
645 3560 740 3614 καὶ
764 3561 863 3629 τῆς
888 3559 1094 3621 οἰκείας
1136 3559 1195 3612 ἐν
1234 3557 1311 3630 τῷ
1338 3558 1487 3627 καλῷ
1524 3558 1667 3612 κατὰ
1697 3558 1796 3628 τὴν

215 3650 361 3706 θέσιν
390 3652 602 3722 βάσεως
643 3648 981 3723 ἀμετάθετος
1026 3650 1258 3720 ἵδρυσις.
1305 3649 1414 3720 Γῆς
1451 3644 1544 3705 οῦν
1584 3650 1680 3704 καὶ
1720 3649 1798 3703 δι-

214 3743 509 3815 καιοσύνης
535 3743 813 3814 μυστικῶς
837 3741 995 3812 λόγον
1021 3741 1233 3812 ἐπέχει,
1259 3741 1322 3793 τὸ
1349 3740 1492 3796 κατὰ
1517 3740 1795 3796 Ματθαίον

212 3829 570 3902 Εὑαγγέλιον,
612 3832 688 3897 ὡς
714 3831 1091 3905 φυσικώτερον
1129 3834 1221 3885 τὸν
1250 3831 1410 3900 λόγον
1444 3832 1793 3903 ποιούμενον,

211 3922 406 3988 ὕδατος
451 3923 510 3976 δὲ
560 3925 655 3978 κοιλ⁸
708 3925 1065 3998 σωφροσύνης
1094 3925 1154 3977 τὸ
1180 3925 1322 3980 κατά
1360 3925 1709 3996 Μάρκονμῦς
1732 3928 1797 3981 ὲκ

208 4015 308 4071 τοῦ
363 4016 741 4087 βαπτίσματος
787 4018 1040 4071 Ἰωάννου
1089 4018 1185 4071 καὶ
1230 4018 1332 4088 τῆς
1383 4019 1796 4089 κηρυττομένης

212 4110 306 4166 ὑπ’
333 4109 499 4163 αὑτοῦ
528 4111 839 4181 μετανοίας,
871 4112 993 4165 καθ’
1019 4114 1084 4181 ἣν
1117 4113 1151 4183 ἠ
1180 4111 1506 4182 σωφροσύνη
1540 4112 1797 4184 συνέστη-

212 4216 308 4256 κεν
335 4242 351 4268 ,
395 4203 723 4274 ἀρχόμενον,
769 4203 932 4274 άέρος
983 4204 1041 4257 δὲ
1091 4204 1188 4258 καὶ
1226 4203 1480 4275 ἀνδρείας
1538 4203 1600 4257 τὸ
1656 4203 1796 4258 κατὰ

211 4298 455 4363 Λουκᾶν,
505 4296 581 4361 ὡς
610 4296 1068 4369 περιώικιὺτερον
1100 4299 1196 4351 καὶ
1240 4297 1485 4351 πλείοσιν
1530 4297 1795 4369 ἱστορίαις

1898 455 2237 512 venientiam
2262 462 2321 510 et
2351 456 2444 510 hic
2494 456 2556 509 ﬁt
2601 455 2688 510 vel
2720 455 2816 510 illa
2842 496 2858 521 ,
2899 456 3029 526 quia
3078 456 3260 511 omnis
3292 472 3480 512 sermo

1899 548 2130 602 vocibus
2150 556 2207 602 et
2236 547 2438 602 litteris
2468 548 2738 617 subiacet.
3064 554 3073 563 '

1966 638 2158 693 Audeo
2180 653 2313 693 vero
2340 639 2525 694 dicere
2565 624 2932 709 quodcunque
2960 639 3128 694 etiam
3156 639 3477 708 cogitatum,

1896 727 2046 797 quod
2080 727 2250 781 menti
2286 729 2525 798 imprimi
2559 737 2747 799 queat,
2775 729 2845 783 ab
2874 728 3243 790 institutione,
3270 744 3334 783 ea
3359 746 3481 798 qua:

1897 832 1955 870 se
1995 817 2282 886 superiora
2327 819 2820 883 sint-instruente,
2869 833 2979 873 non
3016 819 3263 873 dilferre.
3298 818 3479 884 Quare

1894 908 2061 965 etiam
2098 918 2338 979 quatuor
2375 922 2617 964 numero
2665 920 2792 965 sunt
2826 910 3141 982 Evangelia.
3175 919 3235 965 ut
3273 912 3356 966 eis
3384 911 3478 980 qui

1896 1001 2080 1056 sensui
2111 1000 2293 1071 adhuc
2322 1010 2379 1056 et
2411 1002 2661 1057 interitui
2683 1003 2917 1073 subjecti
2947 1013 3077 1058 sunt
3105 1005 3324 1060 interim
3359 1019 3481 1073 per-

1896 1094 2198 1163 ceptibilia.
2224 1094 2349 1149 Pari
2375 1095 2522 1149 enim
2546 1109 2779 1149 numero
2807 1104 2936 1150 sunt
2959 1096 3232 1150 elementa
3261 1109 3480 1165 quoque

1896 1184 2065 1254 hujus
2110 1184 2324 1250 mundi,
2365 1193 2422 1239 et
2461 1194 2697 1254 quatuor
2741 1201 2937 1240 rursus
2964 1185 3219 1251 virtutes,
3254 1202 3321 1240 ex
3353 1185 3480 1255 qui-

1894 1276 2001 1332 bus
2025 1277 2328 1346 spiritualis
2361 1277 2665 1333 secundum
2696 1278 3041 1332 intellectum
3071 1286 3287 1332 constat
3318 1294 3480 1332 inuno

1895 1367 2021 1432 dus,
2052 1364 2120 1422 eo
2146 1377 2206 1422 ut
2238 1368 2508 1425 mundum
2545 1369 2931 1439 temporaliter‘
2951 1368 3006 1423 in
3054 1368 3216 1423 nobis
3266 1369 3481 1422 intelle-

1896 1459 2160 1523 ctualem,
2188 1467 2243 1515 et
2271 1474 2397 1514 eum
2428 1461 2485 1515 in
2528 1474 2637 1532 quo
2668 1474 2977 1525 versemur,
3012 1459 3264 1514 veritatis
3300 1472 3485 1517 seuno

1894 1550 2340 1616 circumscribat,
2390 1566 2456 1620 ac
2511 1551 2619 1607 sibi
2673 1551 2911 1607 invicem
2964 1552 3170 1616 unitos,
3226 1549 3322 1606 sed
3373 1565 3485 1603 non

1895 1641 2235 1709 commistos,
2281 1642 2553 1707 conferat,
2588 1653 2645 1699 et
2684 1644 2833 1699 haud
2880 1642 3247 1714 disjungendo
3292 1656 3485 1696 rursus

1894 1736 2040 1791 inter
2082 1752 2140 1792 se
2184 1736 2450 1806 disparet,
2493 1737 2891 1791 elementorum
2940 1735 3088 1805 ipsos
3138 1734 3485 1788 constituen-

1896 1829 2034 1885 tium
2062 1828 2544 1885 similitudinibus.
2575 1828 2733 1896 Quod
2756 1828 2926 1893 enim,
2954 1836 3015 1882 ut
3040 1825 3285 1888 tradunt,
3309 1822 3485 1878 εωθι-

1894 1929 1999 1985 est,
2040 1922 2156 1977 sive
2207 1920 2429 1991 igneum
2476 1920 2533 1973 in
2581 1918 2828 1975 sensibili
2875 1918 3081 1972 mundo
3123 1917 3483 1979 elementum,
3560 1911 3583 1928 ‘

1893 2013 1947 2068 id
1992 2013 2044 2066 in
2093 2012 2408 2067 intellectus
2441 2012 2547 2066 hoc
2590 2012 2798 2067 mundo
2826 2010 3122 2081 prudentia
3155 2016 3262 2071 est,
3295 2011 3486 2075 utpote

1894 2104 2120 2159 habitus
2162 2104 2483 2158 illuminans
2528 2114 2585 2159 et
2634 2104 2907 2158 rationum
2956 2101 3180 2172 proprie
3219 2099 3484 2170 spiritua-

1893 2196 2051 2261 lium,
2084 2212 2206 2266 qure
2234 2196 2470 2267 singulis
2493 2197 2809 2266 quibusque
2833 2211 3024 2251 eorum
3054 2210 3176 2264 quae
3221 2199 3354 2247 sunt
3396 2191 3484 2245 in-

1894 2287 2143 2342 haereant
2190 2287 2378 2353 index,
2422 2287 2518 2357 qui
2560 2302 2783 2342 causam
2847 2302 3038 2341 rerum
3092 2286 3484 2339 universarum

1893 2386 2050 2435 certo
2099 2393 2200 2447 per
2233 2377 2380 2447 ipsas
2427 2377 2792 2440 demonstrat,
2829 2392 2894 2431 ac
2924 2375 3129 2457 mentis
3161 2376 3308 2429 circa
3339 2374 3481 2429 divi-

1892 2485 2026 2523 num
2056 2467 2395 2522 desiderium
2427 2466 2656 2521 attrahit
2684 2476 2742 2521 et
2768 2466 2925 2521 ducit
2959 2485 2972 2520 :
3006 2474 3063 2520 et
3091 2465 3238 2536 quod
3274 2465 3328 2519 in
3360 2480 3488 2520 sen-

1894 2561 2042 2616 sibili
2069 2559 2277 2613 mundo
2298 2575 2414 2621 aer,
2433 2558 2487 2612 id
2510 2559 2564 2612 in
2593 2559 2955 2621 intellectuali
2986 2558 3195 2613 mundo
3216 2557 3487 2612 fortitudo

1893 2660 1998 2716 est,
2027 2659 2216 2720 utpote
2248 2650 2473 2704 habitus
2508 2666 2760 2714 movens,
2807 2665 2872 2705 ac
2916 2650 3085 2704 vitam
3119 2649 3482 2719 spiritualiter

1894 2740 2196 2810 ingenitam
2229 2755 2583 2805 conservans,
2617 2748 2677 2794 et
2711 2740 2975 2803 incitans,
3010 2750 3067 2795 et
3100 2740 3298 2794 animae
3338 2740 3485 2794 circa

1894 2832 2071 2888 Deum
2123 2832 2566 2887 immobilitatem
2602 2831 2922 2887 discindens
2954 2850 2968 2885 :
3002 2841 3058 2887 et
3084 2831 3237 2902 quod
3274 2832 3331 2885 in
3361 2846 3488 2886 sen-

1895 2924 2045 2986 sibili
2084 2925 2294 2979 mundo
2340 2941 2503 3001 aqua,
2536 2925 2590 2981 id
2641 2926 2697 2981 in
2743 2926 3102 2982 intellectuali
3150 2926 3360 2981 mundo
3398 2937 3483 2986 est

1898 3025 2284 3094 temperantia,
2311 3025 2407 3095 qui
2454 3024 2679 3080 habitus
2718 3032 2805 3080 est
2834 3025 3017 3080 vitalis
3058 3026 3114 3081 in
3147 3025 3356 3095 Spiritu
3400 3024 3485 3079 fe-

1894 3117 2194 3174 cunditatis
2219 3117 2521 3181 factitator,
2572 3125 2742 3188 atque
2794 3118 3047 3174 amatorii
3092 3118 3162 3174 de
3207 3118 3485 3175 desiderio

1895 3210 2041 3266 circa
2072 3209 2245 3266 Deum
2275 3209 2538 3278 perennis
2561 3210 2749 3280 gaudii
2784 3219 3107 3281 procreator
3132 3230 3146 3265 :
3171 3219 3227 3265 et
3256 3212 3402 3281 quod
3428 3212 3485 3266 in

1895 3301 2150 3357 sensibili
2210 3301 2419 3356 mundo
2455 3310 2626 3369 terra,
2676 3303 2729 3358 id
2782 3304 2837 3358 in
2879 3304 3240 3359 intellectuali
3277 3304 3485 3359 mundo

1889 3392 2108 3465 justitia
2136 3399 2244 3457 est,
2269 3393 2363 3462 qui
2408 3392 2633 3449 habitus
2661 3404 2747 3450 est
2790 3395 3038 3449 omnium
3070 3396 3126 3449 in
3160 3411 3344 3450 rerum
3390 3412 3487 3451 na-

1897 3490 2020 3537 tura
2052 3497 2174 3552 quae
2214 3491 2344 3538 sunt
2390 3484 2670 3543 rationum
2718 3500 2820 3554 per
2859 3484 3091 3540 formam
3134 3501 3200 3541 ac
3245 3487 3480 3557 speciem

1894 3583 2242 3646 procreator,
2279 3591 2344 3631 ac
2393 3575 2578 3630 vitalis
2622 3576 2928 3631 secundum
2980 3593 3197 3646 aequum
3251 3579 3487 3650 singulis

1895 3666 2211 3737 quibusque
2238 3666 2294 3721 in
2322 3666 2533 3736 Spiritu
2561 3667 3078 3724 distribuendorum
3101 3670 3409 3740 assignator
3428 3673 3481 3731 δ,

1895 3758 2185 3828 nostrique
2220 3774 2320 3828 per
2365 3760 2663 3816 consilium
2693 3778 2758 3817 ac
2788 3762 3134 3818 voluntatem
3163 3763 3215 3817 in
3249 3763 3486 3819 honesto

1894 3849 2102 3922 gradus
2131 3850 2494 3908 immutabilis
2533 3854 2832 3910 stabilitor.
2863 3855 3054 3925 Itaque
3085 3864 3248 3911 terrae
3274 3872 3339 3913 ac
3391 3857 3483 3927 ju-

1895 3943 2063 3999 stitiae
2092 3945 2361 4005 rationem
2380 3946 2612 4018 mystice
2646 3955 2799 4003 tenet
2826 3948 3065 4004 Matthaai
3100 3947 3482 4019 Evangelium,

1897 4044 1971 4106 ut.
1986 4036 2135 4107 quod
2160 4038 2472 4095 naturalius
2501 4040 2756 4097 instituat
2791 4057 3103 4097 sermonem
3130 4059 3144 4107 ;
3169 4057 3326 4112 aquae
3350 4057 3483 4097 vero

1895 4137 1953 4185 et
1999 4132 2381 4201 temperantiae
2435 4132 2794 4205 Evangelium
2848 4135 3052 4199 Marci,
3101 4143 3164 4190 ut
3221 4134 3370 4205 quod
3415 4148 3499 4188 ex

1897 4221 2172 4293 baptismo
2200 4223 2431 4280 Joannis
2482 4234 2541 4281 et
2570 4226 2901 4295 paenitentia
2946 4227 3017 4280 ab
3062 4242 3131 4283 eo
3164 4227 3481 4298 pmdicata,

1896 4328 2004 4383 qua
2035 4306 2399 4383 temperantia
2416 4324 2655 4379 constat,
2684 4317 2927 4383 inchoet;
2962 4317 3106 4372 aeris
3129 4335 3262 4373 vero
3286 4333 3343 4375 et
3370 4317 3485 4373 for-

214 4388 608 4458 πυκνούμενον,
666 4388 882 4459 αἰθέρος
943 4390 1000 4442 δὲ
1050 4390 1144 4444 καὶ
1190 4391 1509 4461 φρονήσεως
1552 4389 1614 4442 τδ
1652 4388 1792 4443 κατὰ

1901 4403 2159 4458 titudinis
2192 4404 2550 4475 Evangelium
2601 4406 2784 4472 Lucae,
2831 4416 2893 4465 ut
2936 4407 3084 4477 quod
3134 4408 3370 4478 amplius
3413 4409 3486 4464 sit

224 4479 499 4550 Ἰωάννην,
522 4481 596 4544 ὡς
623 4482 841 4535 πάντων
868 4480 1057 4552 (198
1085 4480 1139 4554 a)
1170 4480 1466 4548 ἀνώτατον,
1497 4482 1593 4535 καὶ
1617 4480 1795 4551 ἁπλῆν

215 4572 497 4643 μυστικῶς
540 4574 640 4645 τὴν
675 4574 806 4646 περί
861 4575 996 4628 Θεοῦ
1040 4575 1223 4629 πίστιν
1269 4576 1510 4644 εἰσάγον,
1563 4577 1658 4630 καὶ
1711 4574 1798 4629 ἑν-

214 4681 380 4719 νοιαν.
423 4666 561 4719 Φασὶ
604 4664 663 4720 δὲ
713 4668 809 4722 καί
840 4666 1018 4732 άλλως
1051 4666 1322 4736 σύμϐολον
1355 4663 1497 4722 εἶναι
1541 4667 1638 4740 τὴν
1687 4667 1797 4721 τῶν

213 4755 387 4826 ἁγίων
418 4757 771 4828 Εὑαγγελίων
822 4759 1058 4831 τετράδα
1082 4800 1099 4825 ,
1145 4759 1405 4824 πίστεως,
1436 4761 1530 4815 καὶ
1560 4777 1796 4833 πρακτιο

212 4847 338 4918 κῆς,
374 4848 471 4902 καὶ
520 4851 777 4921 φυσικῆς,
813 4851 907 4903 καί⁸
949 4849 1268 4923 θεολογικῆς
1314 4851 1632 4921 φιλοσοφίας
1656 4868 1669 4880 ⁶
1703 4853 1794 4906 καὶ

213 4939 313 5008 τῆς
359 4938 458 5009 μὲν
481 4939 721 5003 πίστεως
754 4939 1023 5010 σύμϐολον
1055 4936 1197 4995 εἶναι
1225 4943 1288 4995 τὸ
1315 4942 1457 4996 κατὰ
1484 4942 1789 5003 Ματθαίον,

213 5029 290 5094 ὡς
324 5029 593 5095 ἀπίστους
641 5031 783 5103 μετὰ
832 5030 1022 5103 δώρων
1080 5032 1526 5104 προσκυνοῦντας
1577 5033 1798 5102 εἰσάγον

214 5111 343 5187 τοῦς
370 5123 621 5192 Μάγους,
654 5125 753 5196 τῆς
791 5124 849 5179 δὲ
895 5124 1210 5196 πρακτικῆς
1241 5125 1303 5179 τδ
1353 5124 1500 5180 κατὰ
1542 5125 1793 5196 Μάρκον,

219 5213 296 5278 ὡς
326 5216 390 5269 ὲκ
415 5216 514 5287 τῆς
557 5216 865 5287 μετανοίας,
906 5217 1029 5273 καθ’
1072 5218 1141 5289 ῆν
1198 5219 1350 5272 πᾶσα
1404 5219 1605 5289 πρᾶξίς
1643 5223 1794 5275 ἐστιν

218 5305 495 5378 ἐνάρετος,
538 5308 638 5377 τῆς
665 5308 1015 5373 διδασκαλίας
1049 5308 1375 5380 ἀρχόμενον,
1415 5311 1515 5382 τῆς
1541 5312 1597 5366 δὲ
1631 5328 1793 5381 φυσι-

216 5400 320 5470 κῆς
349 5401 411 5455 τὸ
446 5401 588 5456 κατὰ
626 5404 871 5469 Λουκᾶν,
906 5404 981 5468 ὡς
1020 5405 1482 5476 περιοδικωτέραν
1509 5404 1599 5460 τοῦ
1629 5407 1791 5475 λόγου

214 5490 313 5562 τὴν
357 5494 621 5565 ἐξήγησιν
660 5495 803 5566 ἔχον,
854 5498 949 5551 καὶ
995 5498 1094 5569 τὴν
1129 5499 1231 5569 τῆς
1259 5498 1610 5565 διδασκαλίας
1645 5502 1781 5553 ίστο-

254 5662 314 5704 ν¹ι
348 5664 367 5720 ί
397 5662 524 5721 Cor.
560 5681 651 5735 sn,
692 5668 770 5722 ll.

1897 4496 2261 4568 pluribusque
2297 4498 2714 4555 narrationibus
2742 4499 3094 4565 confertum;
3127 4500 3352 4556 aetheris
3384 4498 3484 4554 de-

1896 4588 2065 4658 nique
2098 4597 2157 4644 et
2187 4588 2500 4658 prudentiae
2543 4590 2905 4662 Evangelium
2946 4591 3206 4656 Joannis,
3241 4599 3302 4648 ut
3335 4590 3482 4662 quod

1894 4680 2113 4736 caeteris
2131 4682 2390 4750 superius
2406 4681 2496 4745 sit,
2520 4681 2939 4753 simplicemque
2956 4684 3184 4755 mystice
3200 4684 3294 4740 Dei
3318 4684 3482 4739 ﬁdem

1897 4770 2215 4827 introducat
2241 4778 2408 4841 atque
2440 4772 2885 4843 intelligentiam.
2932 4773 3182 4829 Tradunt
3207 4789 3342 4828 vero
3381 4773 3483 4827 ali-

1897 4868 1983 4939 ter
2029 4876 2254 4931 quoque
2301 4869 2624 4918 sanctorum
2673 4864 3097 4934 Evangeliorum
3158 4864 3482 4936 quadrigam

1895 4952 2203 5025 symbolum
2234 4970 2379 5017 esse,
2417 4954 2569 5021 ﬁdei,
2605 4964 2662 5010 et
2692 4959 2970 5027 practicaa,
3015 4957 3132 5014 sive
3176 4957 3392 5020 activae,
3429 4964 3487 5012 et

1896 5044 2186 5111 naturalis,
2221 5054 2280 5100 et
2328 5045 2652 5117 theologica:
2703 5048 3102 5118 philosophiae;
3139 5057 3306 5119 atque
3357 5048 3483 5107 fidei

1895 5136 2205 5207 symbolum
2253 5151 2376 5192 esse
2408 5137 2768 5208 Evangelium
2795 5139 3057 5205 Mattlmi,
3091 5148 3154 5195 ut
3194 5156 3317 5210 qua:
3357 5141 3483 5194 inti-

1900 5229 2054 5284 deles
2076 5232 2202 5284 cum
2226 5228 2392 5285 donis
2430 5229 2727 5286 adorantes
2766 5230 2995 5288 inducat
3036 5247 3251 5303 magos;
3281 5233 3486 5303 practi-

1900 5335 1978 5376 ca:
2026 5336 2160 5376 vero
2219 5321 2335 5377 sive
2414 5321 2626 5386 activae,
2690 5322 3074 5394 philosophias,
3128 5323 3482 5395 Evangelium

1899 5407 2085 5473 Marci,
2118 5416 2180 5464 ut
2212 5409 2359 5479 quod
2405 5425 2473 5466 ex
2518 5412 2866 5482 paenitentia,
2917 5429 3082 5485 quam
3123 5413 3309 5485 omnis
3340 5415 3485 5470 actio

1898 5501 2122 5558 virtutis
2156 5502 2435 5574 sequitur,
2483 5503 2832 5575 disciplinam
2887 5506 3172 5574 instituat;
3216 5506 3485 5565 naturalis
