3938 6192
436 292 568 359 ιξιτ

428 427 561 467 vero
585 411 946 484 Evangelium
978 412 1159 477 Lucae,
1189 420 1250 467 ut
1274 413 1421 483 quod
1450 415 1775 485 ampliorem
1803 433 2014 472 sermo-
2045 492 2046 497 η

2157 420 2243 473 ίαν
2269 423 2383 482 τοῖς
2428 410 2650 490 τρόποις
2683 419 3051 488 κατάλληλον,
3081 418 3180 487 τῆς
3224 416 3281 471 δὲ
3325 414 3611 483 θεολογίας
3648 415 3713 467 τὺ

427 502 518 558 nis
551 504 957 558 enarrationem
990 504 1295 567 contineat,
1330 516 1386 561 et
1429 506 1799 563 institutionis
1831 509 2008 563 histo-

429 598 568 649 riam
602 596 780 649 modis
806 610 1104 664 congruam
1134 606 1192 651 et
1222 607 1687 665 consentaneam;
1722 600 2014 671 theologia:

1577 305 1636 365 S.
1680 307 1967 366 MAXIM!
2008 308 2522 370 CONFESSORIS

3562 301 3712 369 19.53

3706 400 3715 409 ι

2122 510 2262 585 κατά
2310 510 2584 582 Ἰωάννην,
2615 509 2673 577 ἐξ
2700 506 2768 583 ἧς
2802 511 2896 564 καὶ
2944 512 3025 573 εἰς
3062 512 3128 580 ἢν
3160 507 3479 580 θεοπρεπῶς
3502 506 3712 579 ἤρξατό

2120 618 2180 653 τε
2206 603 2301 657 καί.
2331 601 2512 674 ἔληξε.

430 687 670 756 denique
719 688 1026 758 symbolum
1070 703 1192 745 esse
1235 690 1463 746 Joannis
1512 692 1895 763 Evangelium,
1944 708 2014 748 ex
2049 708 2162 764 quo
2225 702 2279 748 et
2327 694 2384 748 in
2461 693 2610 764 quod
2655 694 2769 749 Deo
2812 693 3215 749 convenienter
3262 690 3614 765 inchoaverit
3660 696 3720 743 et

431 782 698 835 ﬁniverit.

503 874 681 942 Atque
711 889 905 928 rursus
946 880 1007 927 ut
1035 874 1316 929 sensibilis
1343 874 1587 929 mundus
1617 876 1863 944 quinque
1890 850 2019 931 sen-

436 982 598 1019 suum
634 966 965 1021 naturaliter
1008 975 1093 1021 est
1140 967 1450 1030 institutor,
1483 966 1616 1020 dum
1660 967 1909 1039 subjacet
1938 963 2022 1023 eis

436 1066 600 1127 atque
642 1057 708 1112 ad
761 1073 820 1113 se
866 1057 1452 1127 comprehendendum
1500 1073 1597 1113 eos
1642 1057 1890 1122 deducit,
1944 1058 2021 1113 ita

435 1147 602 1201 etiam
630 1147 1024 1201 intellectualis
1051 1146 1291 1201 mundus
1310 1148 1581 1201 virtutum
1608 1156 1714 1212 est,
1742 1147 1873 1201 dum
1897 1148 2021 1202 ani-

440 1255 537 1294 mae
570 1239 931 1293 facultatibus
961 1239 1199 1293 obnoxia
1236 1238 1303 1293 ad
1336 1238 1592 1308 spiritum
1631 1254 1727 1294 eas
1758 1239 2019 1303 instituit,

437 1340 495 1386 et
522 1331 826 1386 uniformes
858 1330 1043 1388 reddit
1090 1331 1346 1401 circaque
1382 1345 1508 1385 eum
1558 1331 1827 1386 duntaxat
1867 1328 2025 1386 cem-

439 1422 648 1476 moveri
682 1424 910 1493 ejusque
940 1423 1397 1492 perceptionibus
1431 1422 1590 1477 inniti
1622 1424 1802 1495 jubet.
1838 1423 1907 1478 Et
1940 1423 2025 1493 ip-

442 1511 520 1565 sis
552 1526 682 1566 vero
731 1513 980 1582 corporis
1029 1512 1290 1568 sensibus
1338 1514 1643 1568 secundum
1694 1514 2027 1569 diviniorem

444 1603 714 1657 rationem
763 1606 846 1658 eis
888 1604 1329 1671 convenientem,
1380 1606 1597 1661 institui
1630 1608 1785 1669 aiunt
1829 1608 2027 1663 animae

443 1692 769 1759 facultates,
821 1703 881 1749 ut
925 1696 1128 1765 quibus
1188 1697 1256 1751 ad
1307 1697 1582 1766 agendum
1628 1699 1894 1768 paulatim
1939 1700 2026 1753 in-

443 1793 752 1850 struantur,
784 1788 1094 1842 rationibus
1135 1788 1398 1843 nimirum
1430 1806 1553 1859 qua:
1584 1791 1639 1844 in
1671 1791 1841 1845 rebus
1882 1791 2031 1846 exsi-

360 1950 367 1955 _
444 1876 719 1932 alentibus
775 1878 947 1933 insint
991 1880 1477 1948 apprelicndendis
1526 1897 1590 1936 ac
1632 1882 2029 1952 percipiendis,

445 1977 544 2030 per
593 1980 731 2033 quas
793 1968 961 2021 veluti
1034 1984 1133 2037 per
1191 1969 1399 2025 litteras
1459 1973 1723 2041 quasdam
1789 1973 1872 2027 eis
1937 1973 2034 2043 qui

446 2055 736 2110 oculorum
803 2057 857 2111 in
921 2061 1214 2114 veritatem
1284 2062 1460 2117 aciem
1530 2064 1828 2119 intendunt
1888 2066 2037 2120 Deus

449 2143 645 2200 Sermo
672 2148 894 2217 legitur.
923 2149 1079 2205 Unde
1111 2160 1167 2206 et
1195 2155 1537 2223 exemplares
1564 2156 1763 2211 animae
1798 2158 2034 2212 faculta-

452 2246 567 2291 tum
597 2239 865 2310 imagines
899 2244 1096 2299 sensus
1121 2257 1480 2313 vocaverunt,
1503 2265 1629 2303 cum
1654 2252 2037 2321 unusquisque

450 2346 650 2386 sensus
673 2348 798 2386 cum
828 2334 1199 2393 instrumento
1238 2353 1363 2404 suo,
1399 2341 1700 2411 unicuique
1726 2342 1921 2397 animm
1957 2343 2037 2397 fa-

451 2422 644 2476 cultati
670 2427 1072 2483 convenienter
1100 2430 1311 2484 ratione
1340 2432 1513 2501 magis
1544 2433 1773 2503 mystica
1797 2433 1865 2487 dc
1888 2434 2043 2503 prino

452 2512 597 2581 eipio
630 2528 660 2567 a
704 2524 903 2570 natura
948 2518 1253 2574 attributus
1284 2520 1377 2574 sit.
1409 2522 1487 2575 Ac
1520 2521 1796 2576 facultatis
1830 2523 2039 2577 intelli-

453 2602 639 2670 gendi,
685 2605 803 2658 sive
857 2607 1082 2672 mentis,
1133 2609 1337 2673 visum,
1392 2608 1679 2662 rationalis
1725 2624 1877 2673 vero,
1924 2611 2041 2663 sive

455 2697 728 2750 sermonis
754 2698 1026 2763 auditum,
1056 2701 1225 2754 animi
1258 2700 1544 2765 olfactum,
1570 2701 2042 2770 concupiscentia:

348 2834 355 2841 .
456 2794 696 2855 gustum,
728 2788 913 2843 vitalis
957 2798 1163 2843 tactum
1197 2806 1319 2845 esse
1363 2806 1586 2845 sensum
1632 2791 1846 2857 dicunt,
1875 2800 2041 2863 atque

457 2879 785 2949 simpliciter
809 2890 867 2933 ut
889 2881 1095 2935 clarius
1120 2897 1207 2936 me
1233 2884 1561 2951 exprimam,
1588 2883 1794 2937 mentis
1816 2884 2042 2953 quidem

459 2969 643 3040 imago
670 2978 754 3023 est
786 2971 957 3035 visus,
993 2971 1099 3025 hoc
1130 2980 1214 3027 est
1242 2973 1459 3039 oculus,
1499 2974 1775 3028 sermonis
1818 2986 1905 3030 est
1948 2991 2045 3030 au-

2198 874 2310 927 Καὶ
2343 874 2507 929 πάλιν
2550 873 2740 943 ὥσπερ
2785 875 2814 927 ὁ
2855 873 3116 944 αἰσθητὸς
3168 872 3375 944 κόσμος
3425 853 3719 943 στοιχειω-

2126 967 2279 1030 τικός
2328 968 2444 1020 ἐστι
2511 966 2650 1021 κατὰ
2724 966 2888 1036 φύσιν
2942 965 3053 1019 τῶν
3141 965 3302 1019 πέντε
3348 966 3717 1037 αἰσθήσεων,

2129 1056 2452 1132 ὑποπίπτων
2498 1058 2691 1121 αύταίς
2736 1056 2831 1111 καὶ
2880 1056 3019 1128 πρὸς
3067 1056 3169 1127 τὴν
3214 1056 3414 1111 ἐαυτοῦ
3465 1059 3718 1128 κατάλη-

2129 1143 2221 1213 ψιν
2252 1144 2460 1215 ὁδηγῶν
2483 1187 2498 1209 ,
2551 1144 2694 1199 οὕτω
2729 1146 2825 1198 καὶ
2853 1146 2883 1198 ό
2917 1145 3061 1199 κατὰ
3106 1146 3346 1199 διάνοιαν
3375 1147 3584 1217 κόσμος
3611 1149 3723 1202 τῶν

2131 1236 2365 1306 ἀρετῶν,
2412 1239 2534 1301 ταῖς
2580 1238 2683 1307 τῆς
2721 1238 2904 1308 ψυχῆς
2941 1239 3266 1293 ὑποπίπτων
3287 1240 3549 1311 δυνάμεσι
3574 1260 3722 1295 στοι-

2126 1328 2265 1397 χειοῖ
2294 1325 2463 1388 αὐτάς
2515 1326 2655 1395 πρὸς
2700 1325 2763 1379 τὸ
2806 1326 3060 1397 πνεῦμα,
3112 1328 3368 1392 ἐνοειδεῖς
3409 1330 3723 1401 ἐργαζόμε-

2128 1436 2219 1483 νος
2275 1418 2351 1489 τῷ
2394 1421 2524 1489 περὶ
2572 1420 2708 1473 αὐτὸ
2738 1420 2899 1489 μόνον
2945 1419 3119 1484 αὑτὰς
3151 1421 3442 1485 κινεῖσθαι,
3466 1422 3561 1475 καὶ
3594 1427 3721 1487 ταῖς

2130 1509 2295 1565 αὐτοῦ
2347 1509 2697 1581 ἀντιλήψεσιν
2727 1510 3129 1581 ἐπερείδεσθαι.
3169 1512 3279 1564 Καὶ
3310 1512 3480 1576 αὑτάς
3509 1512 3566 1566 δὲ
3615 1517 3717 1576 τὰς

2130 1603 2410 1673 αἰσθήσεις
2438 1602 2530 1656 τοῦ
2560 1602 2832 1675 σώματος,
2859 1590 3113 1658 κατάτδν
3139 1604 3329 1667 αὑταῖς
3357 1605 3722 1675 ἐμπρέποντα

2134 1694 2407 1765 θειότερον
2454 1695 2634 1763 λόγον,
2662 1695 3074 1766 στοιχειωτικας
3115 1690 3257 1747 εἶναί
3286 1713 3418 1763 φασι
3481 1696 3593 1749 τῶν
3623 1699 3722 1766 τῆς

2133 1786 2314 1856 ψυχῆς
2336 1785 2638 1856 δυνάμεων,
2666 1784 2932 1855 στοιχειού
2943 1803 3037 1848 σας
3058 1782 3222 1848 αὐτάς
3244 1786 3428 1856 ἠρέμα
3450 1787 3590 1856 πρὸς
3643 1789 3725 1838 ἐν.

2136 1876 2375 1946 ἐργειαν,
2393 1880 2512 1940 ταῖς
2530 1877 2594 1949 δὴ
2611 1878 2655 1910 ²⁹
2676 1876 2881 1931 ἑαυτῶν
2897 1876 3213 1947 ἀντιλήψεσι
3236 1876 3347 1929 τῶν
3373 1877 3431 1930 ἐν
3456 1879 3573 1940 τοῖς
3603 1872 3726 1934 οὖσι

2135 1967 2331 2036 λόγων,
2352 1969 2419 2023 δι’
2443 1962 2519 2023 ῶν
2537 1968 2612 2032 ὡς
2625 1968 2711 2022 διὰ
2728 1969 3073 2041 γραμμάτων
3092 1969 3251 2022 τινῶν
3271 1970 3387 2031 τοῖς
3408 1968 3725 2034 όξυωποῦσι

2138 2059 2277 2130 πρὸς
2310 2059 2406 2131 τὴν
2435 2060 2694 2132 ἀλήθειαν
2758 2062 2787 2113 ὁ
2833 2060 2968 2124 Θεὸς
3024 2060 3198 2128 Λόγος
3254 2059 3722 2129 ἀναγινώσκεται.

2140 2152 2305 2208 Ὅθεν
2334 2153 2427 2207 καὶ
2458 2152 2970 2225 παραδειγματικὰς
2991 2152 3097 2205 τῶν
3138 2151 3390 2222 ψυχικῶν
3428 2142 3726 2221 δυνάμεων

2140 2245 2356 2308 εἰκόνας
2380 2245 2478 2309 τὰς
2499 2244 2781 2315 αἰσθήσεις
2804 2244 3092 2307 ἐκάλεσαν,
3138 2243 3211 2307 ὡς
3245 2244 3483 2312 ἑκάστης
3532 2245 3727 2315 αἰσθή-

2143 2353 2278 2400 σεως
2312 2336 2451 2405 μετὰ
2499 2336 2592 2389 τοῦ
2626 2334 2800 2405 αὐτῆς
2847 2335 3108 2407 ὀργάνου,
3135 2335 3303 2403 ῆγουν
3336 2334 3721 2405 αἰσθητηρίου,

2143 2427 2577 2498 προηγουμένως
2602 2426 2793 2497 (198
2841 2426 2892 2499 ό)
2920 2427 3130 2499 ἑκάστῃ
3156 2426 3386 2495 δυνάμει
3414 2426 3515 2495 τῆς
3539 2426 3728 2495 ψυχῆς

2143 2517 2422 2585 ἀναλόγως
2449 2518 2844 2588 μυστικωτέρῳ
2895 2520 3003 2571 τινὶ
3033 2517 3177 2587 λόγῳ
3212 2517 3353 2571 κατὰ
3388 2516 3550 2584 φύσιν
3574 2526 3727 2569 νενε-

2151 2607 2422 2677 μημένης.
2456 2610 2569 2661 Καί
2596 2624 2762 2677 φασιν
2795 2606 2937 2662 εἶναι
2967 2609 3065 2679 τῆς
3092 2594 3191 2679 μὲν
3225 2609 3419 2679 νοερᾶς
3437 2607 3729 2676 δυνάμεως

2145 2697 2262 2768 ῆτοι
2288 2697 2385 2750 τοῦ
2415 2698 2507 2750 νοῦ
2529 2700 2629 2769 τὴν
2668 2699 2901 2769 ὀπτικήν
2956 2701 3233 2769 αἴσθησιν,
3264 2699 3365 2768 τῆς
3387 2699 3443 2752 δὲ
3493 2697 3727 2765 λογικῆς

2145 2786 2267 2857 ῆτοι
2296 2787 2387 2840 τοῦ
2417 2788 2575 2856 λόγου
2609 2787 2709 2859 τὴν
2732 2791 3091 2860 ἀκουστικὴν,
3134 2789 3236 2860 τῆς
3261 2789 3316 2842 δὲ
3354 2787 3598 2858 θυμικῆς
3629 2789 3728 2857 τὴν

2146 2878 2538 2950 όσφραντικὴν,
2576 2880 2677 2951 τῆς
2718 2882 3125 2953 ἐπιθυμητικῆς
3161 2883 3220 2936 δέ
3257 2886 3356 2953 τὴν
3402 2881 3729 2951 γευστικὴν,

2147 2972 2245 3041 τῆς
2267 2969 2324 3024 δὲ
2355 2971 2592 3042 ζωτικῆς
2612 2971 2711 3042 τὴν
2735 2960 2993 3043 ἁπτικὴν,
3021 2974 3114 3026 καὶ
3140 2972 3328 3036 ἁπλῶς
3351 2973 3440 3025 ἵνα
3467 2972 3729 3040 σαφέστε-

459 3060 627 3125 ditus,
663 3060 768 3117 hoc
816 3073 901 3117 est
947 3063 1122 3125 auris,
1156 3064 1329 3118 animi
1374 3071 1461 3119 est
1502 3064 1759 3132 olfactus,
1806 3066 1914 3122 hoc
1958 3074 2045 3123 est

2153 3079 2247 3134 ρον
2278 3064 2437 3128 εἴπω,
2472 3061 2568 3118 τοῦ
2601 3064 2699 3131 μὲν
2728 3064 2818 3118 νοῦ
2847 3065 2994 3118 ἐστιν
3036 3065 3202 3119 εἰκὼν
3243 3066 3276 3136 ὴ
3313 3064 3458 3133 ὄψις,
3506 3065 3677 3134 ήγουν
3700 3064 3731 3119 δ

460 3167 649 3217 nasus,
694 3155 1158 3224 concupiscentia
1195 3163 1281 3210 est
1325 3164 1540 3226 gustus,
1575 3164 1739 3227 atque
1784 3158 1911 3212 vitae
1958 3167 2045 3214 est

462 3254 669 3313 tactus;
706 3249 910 3318 quibus
951 3252 1132 3304 anima
1180 3251 1482 3305 secundum
1527 3250 1649 3316 Dei,
1697 3251 1793 3321 qui
1843 3261 2044 3307 cuncta

462 3339 743 3409 sapienter
784 3341 1042 3407 instituit,
1088 3342 1263 3414 legem
1296 3343 1624 3397 naturaliter
1669 3343 1913 3398 innitens
1950 3357 2051 3414 per

463 3447 593 3487 suas
633 3432 939 3499 facultates,
974 3444 1030 3489 et
1075 3435 1142 3489 ad
1189 3436 1471 3490 sensibilia
1513 3437 1664 3491 varie
1707 3436 2047 3507 transducta,

465 3523 510 3576 si
543 3523 686 3578 bene
718 3540 813 3594 per
844 3525 1139 3582 facultates
1177 3542 1309 3583 suas
1335 3543 1434 3583 usa
1466 3528 1635 3583 fuerit
1676 3527 1733 3583 in
1782 3528 2053 3598 multipli-

465 3616 625 3672 cibus
656 3634 842 3673 rerum
876 3620 1188 3677 rationibus
1222 3621 1570 3693 colligendis,
1608 3628 1664 3677 et
1693 3621 1761 3677 ad
1786 3635 1845 3677 se
1873 3622 2050 3691 ipsam

466 3708 748 3778 sapienter
790 3712 1087 3767 transferre
1118 3713 1361 3782 potuerit
1406 3713 1668 3769 universa
1710 3729 1833 3784 quae
1875 3712 2055 3770 oculis

465 3800 725 3871 objaecnt
770 3802 824 3856 in
869 3803 1074 3872 quibus
1120 3805 1265 3858 Deus
1309 3804 1508 3860 tacitus
1549 3819 1729 3875 praeco
1756 3803 2053 3869 delitescit,

471 3895 901 3961 pulcherrimum
933 3897 1097 3951 etiam
1130 3897 1246 3967 ipsa
1279 3896 1347 3952 de
1366 3898 1652 3953 voluntate
1682 3897 1738 3951 in
1773 3896 2057 3951 intellectu

468 3995 528 4042 et
567 3989 916 4058 spiritualem
969 3989 1239 4043 mundum
1296 3990 1505 4055 condit,
1539 3988 1895 4060 generalibus
1922 4003 2061 4058 qua-

471 4089 599 4133 tuor
639 4064 942 4135 virtutibus
976 4081 1378 4136 elementorum
1428 4082 1483 4135 in
1539 4080 1762 4135 modum
1810 4079 1958 4135 inter
1999 4095 2059 4136 se

465 4170 678 4239 junctis
729 4171 797 4224 ad
856 4171 1049 4226 mundi
1078 4173 1518 4243 ,intelligibiliter
1580 4172 1710 4228 inde
1759 4172 1814 4226 in
1859 4172 2056 4242 spiritu

472 4262 891 4317 consummandi
922 4264 1481 4334 compaginationem,
1506 4263 1771 4318 nimirum
1799 4262 1931 4317 dum
1959 4276 2061 4332 pro

475 4370 619 4409 nexu
654 4363 709 4409 et
748 4354 1117 4425 applicatione
1162 4355 1485 4409 facultatum
1536 4354 1712 4424 ipsius
1761 4354 1818 4406 in
1865 4366 2061 4407 sensus

2151 3152 2453 3223 ὀφθαλμὸς,
2479 3152 2572 3207 τοῦ
2606 3155 2665 3207 δὲ
2690 3156 2849 3223 λόγου
2877 3155 3082 3224 ἐστίνή
3111 3155 3269 3224 ἀκοὴ,
3308 3155 3478 3223 ἤγουν
3512 3152 3577 3206 τὸ
3614 3148 3733 3216 οὖς,

2152 3246 2246 3299 τοῦ
2277 3246 2335 3301 δὲ
2357 3245 2530 3317 θυμοῦ
2564 3248 2712 3301 ἐστιν
2737 3248 2770 3317 ἠ
2794 3247 3085 3319 ὄσφρησις,
3111 3249 3281 3318 ῆγουν
3318 3249 3352 3316 ή
3391 3245 3497 3318 ῥὶς,
3539 3246 3643 3314 τῆς
3680 3247 3738 3299 δὲ

2153 3337 2447 3409 ἐπιθυμίας
2475 3337 2624 3392 ἐστὶν
2660 3341 2693 3409 ὴ
2730 3338 2939 3407 γεῦσις,
2973 3341 3068 3394 καὶ
3090 3342 3187 3411 τῆς
3219 3339 3367 3409 ζωῆς
3397 3340 3429 3409 ή
3468 3339 3583 3408 άερή
3604 3356 3617 3367 ·
3647 3332 3742 3400 αἷς

2152 3431 2187 3501 ἡ
2230 3429 2380 3501 ψυχὴ
2411 3430 2552 3484 κατὰ
2581 3430 2675 3485 τὸν
2731 3431 2896 3502 νόμον
2935 3430 3029 3484 τοῦ
3050 3431 3129 3484 -τὰ
3174 3430 3353 3485 πάντα
3402 3430 3585 3499 σοςρῶς
3637 3428 3738 3499 δη-

2159 3522 2595 3594 μιουργήσαντος
2643 3521 2780 3576 Θεοῦ
2838 3522 2980 3577 κατὰ
3027 3522 3191 3591 φύσιν
3255 3521 3603 3592 ἐποχουμένη
3648 3519 3745 3573 διὰ

2155 3610 2264 3666 τῶν
2285 3611 2456 3682 αὐτῆς
2482 3612 2785 3684 δυνάμεων,
2819 3611 2916 3665 καί.
2944 3612 3081 3682 πρὸς
3109 3610 3180 3665 τά
3211 3609 3449 3680 αἰσθητά
3478 3609 3745 3673 ποικίλως

2156 3699 2604 3773 διαϐιϐαζομένη,
2636 3704 2685 3756 εἰ
2736 3702 2838 3772 μὲν
2856 3701 3042 3765 καλῶς
3087 3700 3353 3772 χρήσαιτο
3382 3702 3503 3763 ταῖς
3542 3698 3746 3770 αἰσθή-

2160 3810 2279 3848 σεσι
2308 3793 2396 3847 διὰ
2431 3794 2540 3847 τῶν
2580 3793 2802 3849 οἰκείων
2851 3793 3139 3863 δυνάμεων
3185 3794 3315 3855 τοὺς
3357 3790 3749 3854 παντοδαποὺς

2157 3884 2266 3939 τῶν
2295 3885 2462 3940 ὄντων
2486 3886 2679 3957 λόγους
2713 3885 3109 3956 ἀναλεγομένη,
3143 3886 3240 3939 καί⁵
3263 3884 3470 3955 δυνηθῇ
3510 3882 3749 3953 μεταὸιο

2162 3973 2326 4032 ϐάσαι
2357 3977 2495 4050 πρὸς
2546 3977 2749 4048 ἐαυτὴν
2799 3977 2979 4047 σοφῶς
3025 3979 3134 4048 πᾷν
3164 3977 3226 4031 τὸ
3253 3975 3556 4049 ὁρώμενον,
3605 3977 3667 4029 ἐν
3710 3969 3753 4043 ᾧ

2160 4067 2466 4137 κέκρυπται
2491 4066 2625 4130 Θεὸς
2665 4071 2844 4139 σιωπῇ
2872 4068 3295 4139 κηρυττόμενος,
3325 4065 3623 4119 κάλλιστον
3654 4065 3756 4119 καὶ

2162 4158 2301 4230 αὑτὴ
2335 4158 2477 4213 κατὰ
2507 4159 2828 4230 προαίρεσιν
2854 4160 2911 4212 ἐν
2943 4161 3009 4230 τῇ
3039 4157 3248 4230 διανοίᾳ
3292 4157 3387 4211 καὶ
3432 4174 3757 4226 πνευματι-

2162 4252 2258 4306 κὸν
2308 4250 2512 4322 κόσμον
2559 4251 2985 4323 ἐδημιούργησε,
3041 4251 3141 4315 τὰς
3175 4248 3399 4320 γενικὰς
3453 4249 3750 4320 τέσσαρας

2164 4345 2371 4415 ἀρετὰς
2422 4344 2703 4415 στοιχείων
2746 4344 2903 4414 δίκην
2972 4343 3234 4414 ἀλλήλαις
3285 4342 3547 4396 συνθεῖσα
3608 4336 3758 4412 πρδς

472 4446 706 4501 actionis
739 4419 981 4518 singulas
1012 4446 1250 4500 virtutes
1290 4445 1439 4500 sistit
1468 4462 1480 4498 :
1505 4452 1567 4498 ut
1598 4443 1949 4514 prudentiam
1993 4456 2046 4495 et

2169 4437 2449 4509 σύμπηξιν
2478 4435 2573 4492 τοῦ
2602 4436 2662 4502 ἐξ
2693 4436 2873 4492 αὐτῶν
2904 4437 3111 4509 νοητῶς
3156 4437 3299 4489 κατὰ
3347 4433 3575 4504 πνεῦμα
3619 4450 3766 4504 συμ-

474 4539 721 4608 gnostica
769 4547 825 4592 et
870 4538 1046 4607 perita
1083 4535 1475 4591 intellectualis
1507 4542 1564 4589 et
1609 4532 1892 4589 rationalis
1934 4546 2062 4587 cum

472 4645 727 4684 sermone
776 4629 1101 4684 facultatum
1142 4628 1211 4683 ad
1255 4628 1480 4683 videndi
1516 4626 1889 4696 audiendique
1934 4641 2062 4681 sen-

472 4737 595 4776 sum
620 4722 1019 4792 applicatarum
1044 4722 1193 4777 circa
1228 4721 1514 4777 sensibilia
1542 4735 1641 4774 sua
1667 4719 1920 4785 actione;
1955 4718 2067 4772 for-

476 4816 772 4871 titudinem
801 4832 936 4872 vero
979 4831 1047 4871 ex
1077 4830 1290 4871 summa
1333 4814 1503 4869 animi
1547 4812 1616 4868 ad
1646 4813 1929 4875 olfactum,
1959 4811 2068 4867 hoc

474 4916 561 4961 est
605 4922 821 4968 nasum,
855 4907 910 4960 in
960 4921 1072 4977 quo
1119 4904 1287 4959 animi
1330 4903 1587 4974 spiritum
1635 4904 1823 4959 sedem
1858 4903 2066 4958 habere

476 4997 690 5063 dicunt,
740 4999 1002 5069 applicati
1045 4998 1193 5054 circa
1232 5013 1395 5053 suum
1440 4996 1702 5053 sensibile
1757 4997 2066 5052 secundum

478 5090 754 5146 actionem
798 5092 1208 5162 aequabilitate;
1249 5093 1669 5162 temperantiam
1711 5105 1779 5144 ex
1809 5087 2073 5157 concupi-

481 5182 744 5239 scentiva:
775 5182 1053 5237 facultatis
1077 5183 1143 5247 ad
1170 5193 1391 5254 gustum
1416 5183 1702 5253 applicatze
1730 5180 1876 5235 circa
1907 5194 2072 5233 suum

480 5276 748 5331 sensibile
776 5276 1062 5331 moderato
1093 5292 1231 5343 usu;
1258 5276 1531 5348 justitiam
1557 5291 1624 5331 ex
1655 5290 1809 5344 aequa
1839 5282 1894 5327 et
1923 5271 2077 5326 ordi-

483 5380 611 5423 nata
641 5376 699 5423 et
730 5369 784 5423 in
808 5369 1030 5424 cunctis
1053 5370 1310 5439 :equabili
1338 5386 1439 5441 per
1466 5378 1669 5425 tactum
1695 5378 1751 5424 et
1777 5368 1925 5423 circa
1949 5366 2075 5421 uni-

484 5478 643 5516 versa
692 5463 812 5517 fere
865 5463 1147 5518 sensibilia
1195 5463 1378 5518 vitalis
1433 5461 1709 5516 facultatis
1766 5458 2071 5513 secundum

490 5557 760 5609 actionem
795 5554 1209 5610 distributione.
1246 5555 1323 5609 Ex
1356 5555 1445 5610 bis
1487 5552 1838 5625 generalibus
1878 5564 2074 5603 rursus

2168 4529 2548 4602 πληρουμένου
2582 4529 2811 4599 κόσμου,
2862 4528 3004 4585 κατά
3054 4528 3377 4599 συμπλοκὴν
3416 4526 3607 4596 μέντοι
3657 4525 3766 4594 τῆς

2167 4621 2305 4689 πρὸς
2331 4619 2431 4683 τὰς
2466 4620 2751 4690 αἰσθήσεις
2790 4619 2901 4672 τῶν
2932 4619 3104 4689 αὐτῆς
3136 4617 3422 4687 δυνάμεων
3467 4616 3765 4685 ἐνεργείας

2167 4713 2405 4784 ἑκάστην
2433 4714 2635 4785 ἀρετὴν
2661 4712 3020 4783 ύποστήσασα
3048 4727 3060 4740 ·
3096 4704 3210 4765 οἷον
3230 4710 3333 4780 τὴν
3359 4709 3458 4778 μὲν
3488 4708 3765 4778 φρόνησιν

2168 4805 2234 4857 ἐκ
2268 4804 2366 4874 τῆς
2396 4802 2540 4856 κατὰ
2570 4803 2895 4873 συμπλοκὴν
2925 4802 3027 4872 τῆς
3061 4818 3121 4855 τε
3173 4801 3361 4871 νοερᾶς
3399 4799 3496 4851 καὶ
3526 4798 3769 4867 λογικῆς

2167 4897 2451 4968 δυνάμεως
2478 4895 2616 4966 πρὸς
2644 4895 2744 4966 τὴν
2789 4896 3027 4966 ὀπτικήν
3076 4911 3136 4949 τε
3169 4893 3264 4947 καί.
3293 4891 3634 4961 ἀκουστικὴν
3685 4892 3772 4944 αι·-

2172 4991 2384 5060 σθησιν,
2420 4990 2551 5061 περὶ
2587 4988 2656 5043 τά
2681 4989 2861 5043 αὐτῶν
2892 4984 3151 5056 αἰσθητά.
3206 4985 3521 5055 γνωστικῆς
3568 5000 3632 5036 τε
3674 4985 3775 5038 καὶ

2171 5082 2610 5154 ἐπιστημονικῆς
2650 5081 2954 5154 ἐνεργείας,
3006 5080 3105 5150 τὴν
3151 5080 3209 5133 δὲ
3247 5078 3501 5150 ἀνδρείαν
3547 5077 3615 5128 ἐκ
3666 5078 3773 5145 τῆς

2172 5177 2314 5231 κατὰ
2366 5174 2689 5246 συμπλοκὴν
2744 5174 2839 5228 τοῦ
2876 5172 3109 5244 θυμικοῦ
3140 5171 3276 5241 πρὸς
3305 5169 3402 5241 τὴν
3450 5169 3773 5239 ὄσφρησιν,

2176 5273 2345 5341 ῆγουν
2375 5273 2466 5324 τὸν
2525 5269 2799 5340 μυκτῆρα,
2853 5269 2911 5321 ἐν
2965 5261 3010 5334 ᾧ
3052 5266 3112 5318 τὸ
3160 5263 3414 5335 θυμικὸν,
3456 5260 3534 5325 ῶς
3576 5279 3775 5330 φασιν,

2179 5362 2460 5426 αὐλίζεται
2524 5361 2737 5432 πνεῦμα
2775 5399 2789 5422 ,
2846 5358 3032 5431 (199
3084 5358 3140 5427 α)
3214 5356 3344 5426 περὶ
3396 5355 3458 5408 to
3517 5354 3781 5423 συμφυὲς

2182 5452 2439 5522 αἰσθητὸν
2490 5450 2667 5521 ἄκρας
2724 5450 2867 5503 κατὰ
2921 5450 3022 5518 τὴν
3074 5446 3363 5520 ἐνέργειαν
3403 5444 3782 5515 ὁμαλότητος,

2182 5545 2279 5615 τὴν
2328 5544 2384 5595 δὲ
2432 5541 2792 5614 σωφροσύνην
2826 5542 2890 5595 ἐκ
2927 5540 3029 5610 τῆς
3079 5541 3222 5592 κατᾶ
3272 5536 3604 5609 συμπλοκὴν
3680 5535 3783 5605 τῆς

1782 5671 2017 5730 VABIAE
2046 5664 2451 5723 LEGTIONES.

568 5735 609 5763 '9
637 5747 759 5807 ταῖς
787 5745 842 5797 δὲ
879 5745 979 5799 cod
1034 5746 1174 5800 Gud.
