3938 6192
252 246 385 312 1249

1509 244 2026 307 AMBIGUORUM
2067 244 2135 304 Ll
2148 245 2317 305 BER.

3374 250 3512 316 1250

236 354 369 411 κατ’
404 352 707 423 ἐπιθυμίαν
761 351 1047 423 δυνάμεως
1082 350 1215 422 πρὸς
1262 350 1360 421 τὴν
1409 352 1704 423 γευστικὴν
1732 354 1817 405 al-

1924 360 2162 419 quatuor
2198 348 2499 407 virtutibus
2540 352 2679 407 duas
2724 355 3098 422 generaliores
3125 356 3195 415 de
3239 366 3514 433 composi-

248 447 441 517 σθησιν
480 445 610 516 περὶ
683 444 748 497 τὸ
807 445 1005 498 οἰκεῖον
1068 443 1325 513 αἰσθητὸν
1396 445 1821 515 μεμετρημένης

248 533 520 603 χρήσεως,
561 530 659 599 τὴν
712 530 767 583 δὲ
819 530 1169 600 δικαιοσύνην
1225 537 1289 584 ἐκ
1336 532 1435 601 τῆς
1464 534 1521 585 ἐν
1561 533 1701 595 ὅλοις
1733 532 1821 586 διὰ

240 627 345 694 τῆς
377 621 614 691 ἀπτικῆς
646 621 743 674 καὶ
796 622 925 692 περὶ
974 623 1077 675 ὅλα
1122 622 1307 692 σχεδὸν
1343 624 1410 675 τά
1451 624 1683 692 αἰσθητά
1720 624 1823 693 τῆς

243 715 484 785 ζωτικῆς
543 713 827 782 δυνάμεως
883 713 1027 767 κατά
1075 713 1171 784 τὴν
1228 714 1512 785 ἐνέργειαν
1569 715 1691 786 ἴσης
1726 716 1823 769 καὶ⁵

243 809 511 862 εὒτάκτου
540 807 633 860 καὶ⁵
666 805 970 876 ἁρμονικῆς
1014 806 1409 877 διανεμήσεως.
1456 807 1552 860 Ἐκ
1595 807 1651 860 δὲ
1681 807 1807 860 τού-

244 918 353 954 των
385 897 541 963 αὖθις
570 897 679 952 τῶν
699 899 930 966 γενικῶν
959 898 1242 968 τεσσάρων
1276 898 1490 969 ἀρετῶν
1525 899 1621 953 δύο
1664 917 1815 968 γενι-

247 991 497 1061 κωτέρας
522 989 667 1043 κατὰ
696 988 946 1042 σύνθεσιν
975 990 1181 1062 ἀρετάς
1215 994 1388 1043 ποιεῖν
1420 990 1818 1057 ἐκδιδάσκεται,

238 1083 344 1151 -τὴν
379 1073 572 1149 σοφίαν
599 1082 743 1149 φημὶ
767 1080 863 1133 καὶ
883 1079 980 1150 τὴν
1022 1080 1327 1151 πραότητα,
1347 1080 1443 1151 τὴν
1476 1081 1575 1150 μὲν
1603 1082 1818 1151 σοφίαν,

245 1172 323 1234 ὡς
371 1173 545 1235 πέρας
585 1165 754 1224 οὖσαν
791 1170 902 1222 τῶν
951 1172 1248 1238 γνωστῶν,
1286 1171 1395 1223 τῶν
1440 1172 1498 1224 δὲ
1538 1172 1818 1241 πρακτῶν,

245 1262 344 1331 τὴν
373 1260 685 1330 πραότητα’
712 1254 822 1312 οἷον
851 1260 916 1312 ἐκ
951 1260 1049 1329 μὲν
1085 1259 1188 1327 τῆς
1237 1262 1551 1329 φρονήσεως
1594 1259 1689 1311 καὶ
1723 1262 1823 1329 τῆς

243 1351 591 1419 δικαιοσύνης
630 1353 772 1404 ποιΞί
796 1351 893 1420 τὴν
932 1349 1239 1419 σοφίαν,ὠς
1267 1351 1523 1419 γνώσεως
1552 1351 1650 1421 τῆς
1676 1350 1822 1405 κατά

243 1443 344 1515 τὴν
379 1444 642 1514 φρόνησιν
672 1445 765 1496 καὶ
792 1446 893 1512 τῆς
925 1445 1067 1497 κατά
1084 1442 1184 1513 τὴν
1213 1442 1564 1512 δικαιοσύνην
1589 1443 1821 1511 ἐπιστή-

248 1548 361 1604 μης
387 1534 740 1604 ὑπάρχουσαν
804 1533 1132 1600 συνεκτικὴν
1167 1532 1373 1593 αἰτίαν,
1425 1533 1520 1585 καὶ
1547 1531 1637 1584 διά
1666 1532 1823 1583 τοῦτο

242 1625 554 1695 πέραςιτῶν
584 1624 866 1697 γνωστῶν,
903 1624 978 1687 ὡς
1005 1620 1181 1689 εἷπον,
1212 1624 1583 1695 τυγχάνουσαν
1607 1639 1622 1654 ·
1668 1626 1732 1675 ἐκ
1765 1622 1821 1675 δὲ

1928 441 2078 496 tione
2121 443 2358 496 virtutes
2397 442 2610 499 elliccre
2652 444 2836 509 discit,
2865 447 3216 517 sapientiam,
3264 449 3509 524 inquam,

1926 540 1983 587 et
2018 534 2520 600 mansuetudinem,
2548 536 2875 605 sapientiam
2900 540 3147 608 quidem,
3179 559 3301 612 quae
3325 561 3513 602 rerum

1930 626 2400 694 perceptibilium,
2444 627 2943 695 mansuetudinem,
2979 647 3102 701 qua:
3130 648 3313 689 rerum
3351 653 3518 706 agen.

1929 714 2124 768 darum
2163 716 2289 770 linis
2311 727 2429 782 est;
2456 734 2578 771 nam
2612 734 2679 772 ex
2710 720 3003 787 prudentia
3032 725 3315 793 ctjustitia
3345 729 3516 783 ellicit

1931 805 2280 873 sapientiam,
2305 822 2426 875 qua:
2449 809 2781 877 cognitionis
2806 826 2836 864 a
2870 812 3170 880 prudentia
3197 824 3254 870 et
3279 820 3417 873 artis
3443 820 3515 874 ab
3604 810 3607 817 ’

1925 896 2138 966 iustitia
2171 898 2468 951 moderata:
2500 912 2664 952 causa
2696 908 2782 954 cst
2813 906 3209 967 conservatrix,
3247 907 3511 977 ideoque,

1929 997 1991 1041 ut
2037 988 2174 1054 dixi,
2224 989 2670 1058 perceptibilium
2719 991 2845 1045 linis
2894 1003 2978 1047 est
3016 1013 3028 1047 :
3064 1011 3131 1049 ex
3186 997 3514 1056 fortitudine

1929 1095 2062 1133 vero
2118 1089 2174 1134 et
2222 1079 2588 1148 temperantia
2635 1084 3146 1151 mansuetudinem,
3200 1105 3322 1157 qua:
3373 1092 3513 1146 nihil

1927 1168 2079 1222 aliud
2112 1178 2199 1223 est
2244 1184 2421 1238 quam.
2451 1170 2622 1224 animi
2661 1181 2718 1224 et
2757 1174 3222 1242 concupiscentia:
3270 1182 3513 1247 perfecta

1928 1258 1995 1313 ad
2025 1276 2088 1314 ea
2111 1276 2235 1329 qua:
2256 1270 2467 1314 naturae
2493 1262 2769 1316 contraria
2792 1273 2929 1331 ‘sunt
2951 1265 3325 1340 immobilitas,
3349 1287 3513 1339 quam

1928 1351 2152 1420 quidam
2183 1351 2542 1405 indolentiam
2571 1364 2860 1419 vocarunt,
2889 1354 3125 1425 ideoque
3160 1372 3354 1412 eorum
3394 1378 3516 1430 qua:

1929 1441 2034 1496 sub
2075 1442 2347 1497 actionem
2378 1444 2583 1498 cadunt
2619 1446 2744 1499 linis
2773 1456 2875 1501 est.
2920 1448 3030 1503 llas
3059 1466 3192 1503 vero
3224 1462 3422 1509 rur'sus
3457 1455 3514 1509 in

1929 1543 2194 1589 virtutem
2219 1535 2469 1589 omnium
2494 1538 2985 1606 generalissimam,
3010 1542 3338 1598 charitatcm
3364 1546 3513 1611 dico,

1930 1625 2229 1689 contrahit,
2252 1642 2373 1695 quae
2397 1626 2643 1682 dimovet
2665 1644 2729 1683 ea
2759 1645 2880 1697 qua:
2909 1647 2974 1684 ex
3006 1633 3143 1700 ipsa,
3169 1643 3224 1687 et
3257 1637 3515 1691 conciliat

241 1718 348 1786 τῆς
374 1715 626 1787 ἀνδρείας
677 1714 771 1767 καὶ
824 1714 923 1784 τῆς
982 1715 1341 1786 σωφροσύνης
1368 1714 1468 1782 τὴν
1512 1715 1817 1786 πραότητα,

1924 1727 1989 1766 ea
2027 1728 2148 1781 quae
2179 1728 2278 1782 per
2308 1714 2504 1783 ipsam,
2537 1724 2594 1769 et
2639 1716 2695 1769 in
2740 1734 2908 1772 unum
2943 1720 3148 1774 conﬁat
3177 1737 3243 1775 ea
3287 1740 3410 1793 qua:
3456 1726 3513 1779 in

247 1807 421 1877 μηδὲν
475 1807 604 1862 ἀλλο
655 1806 1105 1877 τυγχάνουσανῆ
1159 1805 1332 1877 θυμοῦ
1389 1806 1483 1861 καὶ
1526 1807 1824 1877 ἐπιθυμίας

244 1898 486 1967 παντελῆ
520 1898 656 1969 πρὸς
686 1898 754 1951 τά
794 1899 943 1969 παρά
976 1898 1140 1966 φύσιν
1181 1898 1496 1967 ἀκινησίαν,
1549 1898 1618 1968 ἦν
1675 1913 1822 1960 τινες

244 1990 515 2043 ἐκάλεσαν
569 1988 861 2052 ἀπάθειαν,
892 1991 991 2042 καὶ
1054 1989 1143 2043 διά
1188 1989 1349 2042 τοῦτο
1399 1988 1509 2041 τῶν
1561 1988 1822 2059 πρακτῶν

244 2078 403 2143 τέλος
444 2079 819 2150 ὑπάρχουσαν.
884 2078 1102 2142 Ταύτας
1150 2078 1208 2131 δέ
1257 2078 1421 2133 πάλιν
1459 2080 1539 2142 είς
1582 2079 1679 2146 τὴν
1712 2077 1821 2130 τῶν

247 2170 442 2225 πασῶν
468 2171 843 2241 γενικωτάτην
897 2170 1119 2239 ἀρετὴν,
1157 2170 1303 2239 φημὶ
1343 2168 1400 2222 δὲ
1443 2169 1541 2239 τὴν
1574 2170 1818 2238 ἀγάπην,

247 2264 497 2331 συνάγει,
525 2262 856 2331 ἐκστατικὴν
880 2258 1045 2315 οὖσαν
1085 2260 1191 2313 τῶν
1237 2262 1296 2326 ἐξ
1326 2259 1497 2329 αὐτῆς
1526 2261 1618 2313 καὶ⁵
1649 2276 1819 2330 προσ·

243 2352 533 2422 αγωγικὴν
571 2352 681 2405 τῶν
714 2351 974 2421 διἀύτῆς
1020 2351 1117 2404 καὶ
1158 2352 1540 2421 ἐνοποιητικὴν
1579 2352 1687 2403 τῶν
1740 2353 1821 2414 εἰς

244 2444 415 2514 αὐτὴν
443 2443 765 2513 ἀρξαμένων
792 2460 850 2496 τε
882 2444 975 2495 καὶ
1025 2442 1355 2511 κινηθέντων
1386 2442 1483 2494 καὶ
1519 2441 1816 2511 ληξάντων,

244 2537 344 2590 καὶ
380 2535 745 2606 διαφερόντως
776 2535 870 2587 ἐπὶ
908 2536 1044 2587 πᾶσι
1077 2533 1485 2603 θεοποιητικήν.
1529 2534 1688 2587 Οὕτω
1720 2533 1819 2603 μὲν

244 2624 342 2680 οὖν
371 2628 404 2697 η
437 2625 585 2696 ψυχὴ
612 2624 903 2694 κινουμένη
938 2640 999 2675 τε
1030 2622 1210 2691 σοφῶς
1240 2623 1333 2675 καὶ
1360 2622 1660 2694 ἐνεργοῦσα
1694 2622 1818 2676 καθ’

244 2715 310 2770 ὃν
338 2716 432 2769 καὶ
479 2716 595 2769 ἐστι
638 2717 732 2769 καὶ
774 2715 1068 2785 γεγένηται
1105 2713 1324 2783 θεοτελῆ
1358 2714 1517 2781 λόγον
1569 2715 1675 2767 τῶν
1722 2713 1819 2782 μὲν

244 2806 523 2877 αίσθητῶν
556 2807 841 2878 χρησίμως
872 2805 961 2858 διὰ
992 2807 1099 2859 τῶν
1136 2805 1441 2876 αἰσθήσεων
1477 2805 1819 2875 ἀντιλαμϐά-

242 2917 420 2965 νεται,
455 2901 582 2962 τοὺς
632 2901 690 2950 ἐν
737 2899 921 2961 αὐτοῖς
956 2898 1303 2968 πνευματικὴ
1359 2897 1551 2964 λόγους
1587 2898 1819 2949 οίκειου-

244 2993 410 3063 μένη,
458 2991 556 3055 τὰς
608 2991 668 3044 δὲ
714 2990 997 3060 αίσθησεις
1058 2990 1263 3052 αύτάς,,
1305 2988 1650 3056 λογισθεξσας
1715 2988 1815 3058 ἤδη
1845 3032 1887 3088 C

241 3081 506 3155 (199M
539 3084 603 3151 τῇ
656 3080 748 3134 τοῦ
779 3081 941 3158 λόγου
967 3081 1277 3152 περιουσίᾳ,
1329 3079 1518 3151 ὥσπερ
1569 3080 1816 3149 ὀχήματα

238 3171 441 3240 λογικά
467 3172 750 3241 προσίεται
770 3172 877 3224 τῶν
907 3173 1077 3242 αὐτῆς
1097 3172 1402 3241 δυνάμεων,
1441 3172 1606 3235 αύτάς
1632 3172 1689 3225 δὲ
1720 3173 1817 3236 τὰς

237 3262 504 3331 δυνάμεις
541 3264 659 3324 ταῖς
684 3263 908 3333 ἀρεταῖς
942 3263 1224 3328 συνάπτει,
1250 3264 1344 3315 καὶ
1363 3262 1561 3331 ἑαυτὴν
1599 3263 1687 3316 διὰ
1708 3263 1817 3315 τῶν

220 3352 457 3424 ,ἀρετῶν
489 3355 602 3415 τοῖς
627 3355 684 3404 ἐν
711 3355 906 3416 αὐταῖς
946 3352 1239 3423 θειοτέροις
1261 3353 1460 3420 λόγοις,
1504 3354 1554 3405 οί
1587 3352 1643 3404 δὲ
1672 3353 1815 3406 θειό-

239 3461 395 3518 τεροι
430 3444 542 3497 τῶν
572 3444 784 3514 ἀρετῶν
822 3444 969 3511 λόγοι
1026 3443 1104 3517 τῷ
1150 3444 1207 3495 ἐν
1256 3444 1438 3505 αὐτοῖς
1471 3444 1692 3510 ἀφανῶς
1724 3461 1817 3496 κε-

244 3535 552 3606 κρυμμένῳ
587 3532 943 3602 πνευματικῷ
978 3532 1077 3600 νῷ,
1125 3532 1154 3583 ό
1185 3530 1242 3584 δέ
1285 3531 1657 3601 πνευματικὸς
1692 3531 1818 3593 νοῦς

241 3627 354 3681 τῶν
375 3629 434 3678 ἐν
480 3627 602 3688 ταῖς
656 3626 883 3694 ἀρεταῖς
932 3622 1223 3692 θειοτέρων
1261 3610 1454 3689 λόγων,
1496 3624 1678 3676 πᾶσαν
1718 3625 1817 3692 τῆς

241 3719 420 3789 ψυχῆς
458 3718 526 3789 ἢν
556 3716 670 3786 ἔχει
720 3716 859 3785 πρὸς
897 3714 964 3767 τὰ
1011 3712 1255 3781 παρόντα
1314 3713 1555 3783 φυσικήν
1613 3729 1673 3765 τε
1721 3715 1817 3767 καὶ

245 3808 640 3879 προαιρετικὴν
668 3804 854 3875 σχέσιν
910 3801 1294 3872 διωθούμενος,
1351 3800 1529 3870 ἁπλῆν
1553 3801 1680 3873 ὅλην
1711 3801 1816 3871 ὅλῳ

238 3898 427 3954 δίδωσι
453 3896 531 3966 τῷ
557 3894 697 3965 Θεῷ,
725 3895 753 3946 ό
775 3894 832 3947 δὲ
861 3893 995 3957 Θεὸς
1022 3892 1317 3962 ταύτηνδι’
1348 3891 1472 3945 ὅλου
1502 3890 1816 3962 περιλαϐὼν

247 3986 387 4057 μετά
438 3984 532 4039 τοῦ
579 3983 996 4054 σνμπεφυκότος
1043 3982 1183 4052 αὐτῇ
1235 3980 1484 4052 σώματος
1535 3981 1816 4051 ἀναλόγως

242 4077 386 4131 αὐτὰ
427 4075 667 4145 ἐξομοιοῖ
694 4073 897 4143 ἐαυτῷ,
931 4072 1072 4125 ὥστε
1131 4070 1197 4124 δι’
1226 4071 1397 4141 αὐτῆς
1445 4072 1571 4141 ὅλης
1621 4073 1817 4142 ἀπερι-

242 4168 469 4237 γράφως
486 4166 604 4219 ὅλον
629 4162 913 4234 φαίνεσθαι
940 4161 1221 4224 δύνασθαι,
1248 4160 1336 4214 τὸν
1349 4162 1394 4193 ⁸⁸
1419 4162 1681 4232 μηδαμῶς
1708 4179 1814 4216 τινι

242 4258 351 4314 τῶν
379 4257 550 4313 ὅντων
603 4257 726 4311 καθ’
761 4255 940 4310 ὁτιοῦν
968 4255 1029 4322 ἐξ
1067 4256 1260 4309 ἑαυτοῦ
1315 4254 1607 4325 φαίνεσθαι
1652 4256 1813 4324 φύσιν

1926 1800 2100 1870 ipsam
2129 1812 2467 1871 occeperunt
2496 1814 2551 1857 et
2572 1814 2718 1859 mota
2749 1816 2876 1860 sunt
2901 1817 2954 1862 et
2979 1808 3142 1863 finem
3172 1811 3510 1878 habuerunt,

1924 1905 2157 1960 quaeque
2188 1891 2245 1944 in
2274 1892 2538 1947 omnibus
2584 1893 2825 1963 denique
2874 1898 3109 1952 maxime
3140 1899 3382 1956 deificat.
3422 1904 3513 1959 Sic

1924 1980 2094 2052 igitur
2121 1982 2301 2036 anima
2344 1992 2551 2037 motata
2581 1986 2859 2055 sapienter
2897 1997 2952 2042 et
2995 2005 3163 2059 agens
3206 1994 3511 2050 secundum

1922 2072 2121 2128 divinae
2188 2074 2547 2143 perfectionis
2601 2078 2871 2133 rationem
2927 2096 3035 2149 qua
3080 2093 3137 2137 et
3187 2085 3400 2140 exsistit
3455 2096 3513 2143 et

1921 2165 2065 2219 facta
2092 2172 2196 2230 est,
2232 2166 2513 2221 sensibilia
2552 2169 2774 2237 quidem
2814 2171 3023 2225 utiliter
3043 2187 3143 2241 per
3170 2190 3366 2231 sensus
3386 2193 3512 2247 per-

1921 2255 2077 2325 cipit,
2115 2271 2417 2327 earumque
2454 2260 2696 2314 rationes
2727 2262 3036 2330 spiritualis
3080 2265 3188 2321 sibi
3235 2269 3510 2340 adjungit,

1922 2346 2074 2416 ipsos
2099 2363 2228 2401 vero
2256 2364 2471 2414 sensus,
2505 2352 2734 2406 rationis
2766 2352 3025 2409 facultate
3044 2357 3156 2426 jam
3183 2360 3499 2424 mstimatos,

1923 2446 2182 2506 tanquam
2211 2438 2465 2493 vehicula
2497 2442 2786 2495 rationalia
2816 2459 3040 2499 suarum
3074 2447 3249 2516 ipsius
3277 2450 3506 2506 faculta-

1921 2534 2038 2580 tum
2069 2528 2333 2594 admittit,
2380 2529 2638 2600 ipsasque
2672 2532 2964 2588 facultates
2995 2536 3298 2592 virtutibus
3338 2555 3508 2609 seque

1922 2617 2098 2687 ipsam
2144 2634 2244 2688 per
2277 2619 2513 2675 virtutes
2555 2621 2927 2677 divinioribus
2970 2639 3157 2679 earum
3200 2629 3509 2684 rationibus

1919 2709 2188 2779 adjungit,
2223 2719 2282 2765 et
2322 2709 2624 2787 diviniores
2644 2712 2915 2765 virtutum
2951 2713 3192 2770 rationes
3234 2718 3508 2786 spirituali

1919 2801 2012 2869 qui
2035 2801 2089 2855 in
2110 2801 2192 2855 eis
2216 2802 2435 2856 occulto
2462 2802 2597 2856 latet
2622 2803 2959 2869 intellectui;
2992 2807 3298 2874 spiritualis
3321 2818 3506 2866 autem

1920 2890 2231 2946 intellectus
2258 2892 2596 2946 diviniorutn
2645 2892 2701 2945 in
2734 2893 3033 2949 virtutibus
3079 2897 3352 2951 rationum
3388 2915 3509 2953 om-

1920 2997 2049 3036 nem
2092 2978 2309 3049 animae,
2342 2999 2506 3053 quam
2554 2984 2722 3039 habet
2756 2985 2822 3040 ad
2858 2988 3152 3055 praesentia
3201 2992 3505 3045 naturalem
3582 2978 3589 2985 ’

1921 3074 2333 3144 voluntatisque
2388 3074 2645 3129 affectum
2694 3085 2750 3129 et
2804 3077 3128 3131 relationem
3184 3094 3505 3146 removens,

1922 3165 2229 3234 simplicem
2266 3173 2436 3220 totam
2483 3168 2582 3222 toti
2631 3168 2801 3222 tradit
2833 3169 2963 3232 Deo,
3000 3178 3164 3239 atque
3210 3170 3355 3225 Deus
3386 3187 3506 3225 eam

1918 3271 1986 3311 ex
2022 3265 2141 3312 toto
2180 3274 2287 3312 una
2320 3274 2445 3313 cum
2476 3274 2710 3328 corpore
2743 3276 2981 3329 quocum
3019 3272 3247 3331 cognata
3278 3273 3363 3317 est
3388 3279 3508 3317 an:-

1918 3348 2135 3417 plexus,
2169 3354 2566 3405 convenienter
2594 3350 2891 3422 utrumque
2936 3354 3042 3407 sibi
3073 3355 3179 3422 ipsi
3221 3356 3506 3422 assimilat,

1918 3436 2059 3490 adeo
2092 3447 2152 3490 ut
2193 3454 2291 3507 p2r
2342 3440 2517 3507 ipsam
2570 3449 2738 3493 totam
2788 3444 2947 3509 plane
2996 3443 3509 3515 incircumscriptus

1918 3541 2187 3597 apparere
2214 3536 2269 3583 et
2303 3537 2457 3583 totus
2486 3532 2684 3597 possit,
2720 3532 2811 3599 qui
2856 3548 2920 3585 ea
2964 3544 3163 3597 natura
3202 3546 3288 3603 est
3318 3546 3378 3589 ut
3406 3553 3507 3591 eo-

1921 3632 2043 3670 rum
2072 3619 2169 3685 qui
2214 3627 2343 3672 sunt
2373 3618 2469 3672 ulli
2504 3620 2616 3673 ullo
2646 3619 2810 3672 modo
2844 3620 2913 3674 de
2940 3638 2996 3674 se
3030 3622 3149 3691 ipso
3183 3638 3292 3677 non
3334 3641 3507 3695 appa—

1919 3717 2056 3763 reat.
2103 3709 2282 3779 Atque
2329 3709 2436 3764 hoc
2478 3719 2563 3765 est
2610 3710 2845 3765 fortasse
2888 3713 3034 3781 quod
3072 3714 3269 3769 beatus
3314 3716 3404 3771 hic
3449 3722 3525 3773 et'
3576 3768 3581 3773 .

1917 3816 2149 3870 magnus
2192 3801 2387 3856 doctor
2429 3801 2486 3856 in
2529 3802 2717 3857 animo
2763 3803 2971 3858 habens
3020 3805 3076 3858 in
3111 3807 3405 3878 Epitaphio
3445 3809 3503 3865 in

1916 3890 2216 3947 Cassarium
2238 3891 2466 3946 fratrem
2486 3892 2708 3948 dicebat
2732 3911 2747 3947 :
2775 3912 2793 3945 ι
2818 3894 2950 3948 Post
2966 3895 3132 3950 etiam
3151 3896 3454 3965 aliquanto.
3476 3916 3495 3942 ι

1917 3982 1973 4036 id
2016 3991 2102 4038 est
2130 3991 2255 4052 post
2285 3986 2775 4052 resurrectionem,
2814 4004 2836 4038 ι
2872 4002 3000 4042 cum
3045 3996 3331 4058 cognatam
3378 4004 3500 4044 ear-

1917 4092 2044 4132 nem
2071 4076 2162 4149 (de
2203 4077 2386 4133 anima
2419 4078 2678 4133 videlicet
2712 4076 2988 4149 loquens),
3032 4094 3196 4148 quam
3239 4094 3363 4133 cum
3414 4080 3505 4135 hic

1916 4166 2427 4236 philosopharetur,
2459 4169 2663 4222 sociam
2694 4168 2910 4232 habuit,
2936 4185 2965 4222 a
2992 4179 3160 4233 terra,
3186 4185 3308 4238 qua:
3330 4178 3387 4223 et
3408 4168 3503 4223 de-

1919 4258 2162 4329 derat‘et
2184 4257 2241 4311 in
2265 4257 2428 4311 tidem
2458 4269 2767 4327 acceperat,
2798 4260 3010 4327 recepit
3035 4259 3201 4329 (quod
3227 4262 3503 4329 quomodo

242 4350 457 4423 ἔχοντα.
482 4351 588 4403 Καὶ
618 4350 776 4404 τοῦτο
806 4350 967 4419 τυχόν
994 4351 1140 4401 ἐστιν
1171 4349 1305 4417 ὅπερ
1334 4349 1532 4417 νοήσας
1571 4350 1599 4400 ό
1633 4347 1814 4417 μοικά-

1923 4349 2015 4403 liet
2063 4349 2209 4401 Deus
2253 4347 2428 4411 novit,
2478 4348 2571 4415 qui
2606 4362 2669 4401 ea
2717 4348 2863 4401 inter
2905 4363 2963 4402 se
3009 4350 3293 4417 conjunxit
3339 4361 3502 4421 atque

244 4458 362 4515 ριος
389 4435 542 4504 οὗτος
571 4442 663 4496 καὶ
694 4442 868 4511 μέγας
885 4440 1203 4502 διδάσκαλος
1225 4440 1283 4491 ἐν
1303 4436 1383 4508 τῷ
1406 4440 1485 4501 είς
1517 4439 1818 4509 Καισάριον

240 4535 334 4588 τὸν
368 4534 596 4602 ἀδελφὸν
636 4532 941 4603 Ἐπιταφίῳ
976 4533 1330 4594 ἀναστάσεως
1361 4530 1488 4601 ἔφη,
1532 4548 1550 4581 ι
1602 4532 1816 4596 Μικρὸν

239 4626 301 4681 δὲ
336 4624 565 4696 ὕστερον
614 4623 712 4676 καὶ
750 4624 812 4677 τὸ
868 4623 1131 4690 συγγενὲς
1179 4622 1403 4692 σαρκίον
1459 4621 1815 4675 ἀπολαϐοῦσα

244 4717 401 4787 (περὶ
442 4718 543 4785 τῆς
600 4715 775 4785 ψυχῆς
830 4714 1072 4785 δηλονότι
1121 4706 1454 4781 φάσκων)ᾦ
1487 4714 1554 4765 τά
1605 4714 1815 4767 ἐκεῖθεν

243 4807 726 4877 συνεφιλοσόφησε,
755 4807 907 4875 παρά
934 4806 1035 4873 τῆς
1086 4808 1180 4859 καὶ
1207 4804 1404 4875 δούσης
1436 4806 1532 4857 καὶ
1585 4821 1813 4857 πιστευ-

243 4900 429 4969 θείσης
459 4900 582 4968 γῆς,
614 4899 815 4969 τρόπον
869 4897 928 4950 ὃν
972 4892 1114 4950 οἶδεν
1155 4899 1183 4950 ό
1218 4895 1392 4950 ταῦτα
1428 4896 1695 4966 συνδήσας
1723 4895 1819 4948 καὶ

242 4991 499 5054 διαλύσας
529 4991 683 5055 Θεὸς,
735 4989 913 5060 τούτῳ
970 4989 1402 5059 συγκληρονομεῐ
1445 4990 1547 5058 τῆς
1596 4988 1806 5040 ἐκεῖθεν

242 5082 425 5153 δόξης,
454 5083 547 5136 καὶ
598 5081 851 5152 καθάπερ
886 5081 994 5133 τῶν
1043 5081 1336 5151 μοχθηρῶν
1367 5079 1536 5133 αὐτοῦ
1572 5077 1808 5148 μετέσχε

243 5175 332 5229 διὰ
360 5174 459 5245 τὴν
494 5176 797 5244 συμφυΐαν,
840 5172 984 5225 οὕτω
1035 5173 1131 5225 καὶ
1183 5173 1294 5225 τῶν
1326 5171 1577 5241 τερπνῶν
1611 5170 1814 5238 ἑαυτῆς

247 5266 622 5338 μεταδίδωσιν,
654 5266 775 5318 ὅλον
805 5266 884 5326 εἰς
907 5263 1105 5334 ἑαυτὴν
1140 5261 1487 5327 ἀναλώσασα,
1520 5262 1615 5316 καὶ
1659 5278 1814 5329 γενο-

248 5357 383 5427 μένη
413 5358 509 5410 σὺν
530 5356 705 5427 τούτῳ
735 5356 813 5417 ἓν,
843 5357 937 5408 καὶ
958 5355 1194 5424 πνεῦμα,
1224 5354 1320 5407 καὶ
1344 5353 1488 5420 νοῦς,
1527 5354 1621 5406 καὶ
1658 5353 1810 5414 θεὸς,

248 5448 646 5509 καταποθέντος
693 5445 799 5499 ὑπὸ
859 5446 953 5515 τῆς
1013 5444 1160 5515 ζωῆς
1209 5444 1304 5498 τοῦ
1360 5443 1555 5514 θνητοῦ
1625 5459 1698 5495 τε·
1717 5442 1812 5494 καὶ

1917 4438 2215 4508 dissolvit),
2251 4447 2365 4492 tum
2408 4438 2629 4492 demum
2662 4453 2782 4492 eam
2819 4454 3039 4507 quoque
3079 4440 3147 4493 ad
3181 4441 3368 4510 gloriae
3396 4459 3501 4496 0-1:—

1916 4529 2072 4584 lestis
2094 4528 2477 4583 haereditatem
2515 4545 2701 4583 secum
2745 4529 3134 4594 admissuram,
3161 4541 3217 4585 et
3243 4533 3501 4601 quemad-

1919 4621 2145 4675 modum
2188 4619 2260 4673 ob
2302 4628 2513 4674 natura:
2536 4621 2986 4690 conjunctionem
3018 4638 3384 4676 aerumnarum
3421 4625 3501 4694 ip-

1916 4709 2033 4764 sius
2070 4709 2346 4780 particeps
2384 4708 2583 4774 l'uerat,
2631 4710 2713 4764 sic
2757 4710 2923 4764 ctiam
2952 4712 3329 4780 jucunditates
3372 4729 3499 4768 suas

1916 4816 2042 4857 cum
2078 4802 2195 4871 ipsa
2226 4803 2773 4869 communicaturum,
2812 4813 2986 4859 totum
3014 4804 3270 4858 videlicet
3298 4821 3497 4875 corpus

1921 4894 1978 4949 in
2019 4909 2077 4949 se
2120 4894 2297 4964 ipsam
2330 4894 2736 4957 absumentcm,
2769 4902 2826 4948 et
2868 4911 2992 4949 cum
3036 4910 3104 4949 eo
3151 4911 3321 4949 unum
3365 4896 3498 4949 ραυ-

1919 4992 2085 5049 ctam,
2129 4994 2185 5039 et
2216 4983 2494 5053 spiritum,
2538 4991 2594 5036 et
2622 4990 2885 5041 mentem.
2919 4992 2976 5036 et
3014 4983 3209 5045 Deum,
3236 4982 3496 5057 absorpta

1918 5078 2188 5133 nimirum
2214 5091 2245 5130 a
2271 5078 2382 5130 vita
2410 5092 2477 5132 eo
2501 5075 2648 5146 quod
2674 5075 2905 5132 mortale
2926 5084 2982 5129 ct
3002 5074 3268 5129 caducum
3298 5083 3437 5128 erat.
3468 5094 3487 5125 ι

1915 5168 2202 5236 Quomodo
2234 5169 2381 5224 enim
2414 5183 2514 5239 per
2559 5177 2847 5237 peccatum
2877 5183 3005 5221 caro
3040 5166 3109 5220 ab
3145 5166 3368 5220 interitu
3400 5165 3496 5219 ab—

1921 5270 2107 5329 sorpta
2162 5271 2309 5324 erat,
2357 5275 2388 5313 a
2437 5274 2604 5314 carne
2655 5274 2788 5313 vero
2839 5258 3019 5312 anima
3069 5257 3137 5312 de
3183 5257 3497 5314 actionibus

1919 5350 2124 5421 agnita,
2152 5348 2221 5402 ab
2243 5348 2423 5402 anima
2445 5362 2577 5403 vero
2598 5362 2697 5417 per
2716 5348 2930 5417 plenam
2954 5343 3314 5417 ignorantiam
3339 5344 3493 5415 agni-

1921 5442 1997 5495 tio
2023 5441 2143 5503 Dei,
2169 5440 2308 5495 adeo
2329 5449 2390 5496 ut
2411 5441 2497 5496 vel
2528 5456 2595 5495 an
2623 5440 2765 5497 Deus
2791 5447 2936 5496 esset
2962 5439 3260 5513 ignoraret,
3288 5438 3359 5492 ita
3377 5438 3507 5510 jam.

1516 5552 1749 5607 VARUE
1789 5551 2192 5608 LECTIUNES.

321 5625 367 5656 ⁵⁸
395 5624 502 5679 τῶν
533 5625 696 5680 habet
728 5626 1097 5698 apographum
