  <div class='ocr_page' id='page_1' title='image "/cluster/home/n/w/nwhite01/storage/ocr_20150623/91/hvd.32044052742962/629.png"; bbox 0 0 3938 6192; ppageno 0'>
   <div class='ocr_carea' id='block_1_1' title="bbox 469 287 599 356">
    <p class='ocr_par' dir='ltr' id='par_1_1' title="bbox 469 287 599 356">
     <span class='ocr_line' id='line_1_1' title="bbox 469 287 599 356; baseline -0.015 -3"><span class='ocrx_word' id='word_1_1' title='bbox 469 287 599 356; x_wconf 69' lang='grc'><strong>1251</strong></span> 
     </span>
    </p>
   </div>
   <div class='ocr_carea' id='block_1_2' title="bbox 1601 273 2540 341">
    <p class='ocr_par' dir='ltr' id='par_1_2' title="bbox 1601 273 2540 341">
     <span class='ocr_line' id='line_1_2' title="bbox 1601 273 2540 341; baseline -0.01 0"><span class='ocrx_word' id='word_1_2' title='bbox 1601 283 1660 341; x_wconf 82' lang='lat' dir='ltr'><strong>S.</strong></span> <span class='ocrx_word' id='word_1_3' title='bbox 1703 278 1988 341; x_wconf 76' lang='lat' dir='ltr'><strong>MAXIMI</strong></span> <span class='ocrx_word' id='word_1_4' title='bbox 2029 273 2540 336; x_wconf 74' lang='lat' dir='ltr'><strong>CONFESSORIS</strong></span> 
     </span>
    </p>
   </div>
   <div class='ocr_carea' id='block_1_3' title="bbox 3596 264 3735 329">
    <p class='ocr_par' dir='ltr' id='par_1_3' title="bbox 3596 264 3735 329">
     <span class='ocr_line' id='line_1_3' title="bbox 3596 264 3735 329; baseline -0.014 0"><span class='ocrx_word' id='word_1_5' title='bbox 3596 264 3735 329; x_wconf 74' lang='lat'><strong>1252</strong></span> 
     </span>
    </p>
   </div>
   <div class='ocr_carea' id='block_1_4' title="bbox 468 376 2041 470">
    <p class='ocr_par' dir='ltr' id='par_1_4' title="bbox 468 391 2041 470">
     <span class='ocr_line' id='line_1_4' title="bbox 468 391 2041 470; baseline -0.009 -14"><span class='ocrx_word' id='word_1_6' title='bbox 468 409 720 470; x_wconf 84' lang='lat' dir='ltr'><strong>tempore</strong></span> <span class='ocrx_word' id='word_1_7' title='bbox 746 395 1168 453; x_wconf 79' lang='lat' dir='ltr'><strong>resurrectionis</strong></span> <span class='ocrx_word' id='word_1_8' title='bbox 1197 393 1504 449; x_wconf 85' lang='lat' dir='ltr'><strong>secundum</strong></span> <span class='ocrx_word' id='word_1_9' title='bbox 1530 391 1818 462; x_wconf 77' lang='lat' dir='ltr'><strong>pulchram</strong></span> <span class='ocrx_word' id='word_1_10' title='bbox 1863 392 2041 444; x_wconf 80' lang='lat' dir='ltr'><strong>inver-</strong></span> 
     </span>
    </p>
   </div>
   <div class='ocr_carea' id='block_1_5' title="bbox 2147 376 3737 470">
    <p class='ocr_par' dir='ltr' id='par_1_5' title="bbox 2159 376 3737 463">
     <span class='ocr_line' id='line_1_5' title="bbox 2159 376 3737 463; baseline -0.007 -19"><span class='ocrx_word' id='word_1_11' title='bbox 2159 394 2372 463; x_wconf 75' lang='grc' dir='ltr'>ῥέοντος</span> <span class='ocrx_word' id='word_1_12' title='bbox 2392 388 2491 458; x_wconf 87' lang='lat'><strong>(8).</strong></span> <span class='ocrx_word' id='word_1_13' title='bbox 2530 407 2549 440; x_wconf 77' lang='grc' dir='ltr'><strong>ι</strong></span> <span class='ocrx_word' id='word_1_14' title='bbox 2598 385 2689 449; x_wconf 84' lang='grc' dir='ltr'>Ὠς</span> <span class='ocrx_word' id='word_1_15' title='bbox 2719 385 2829 454; x_wconf 72' lang='grc' dir='ltr'><strong>γὰρ</strong></span> <span class='ocrx_word' id='word_1_16' title='bbox 2861 380 3137 450; x_wconf 68' lang='grc' dir='ltr'>κατεπόθη</span> <span class='ocrx_word' id='word_1_17' title='bbox 3179 378 3266 432; x_wconf 66' lang='grc' dir='ltr'><strong>διὰ</strong></span> <span class='ocrx_word' id='word_1_18' title='bbox 3320 376 3418 449; x_wconf 81' lang='grc' dir='ltr'><strong>τὴν</strong></span> <span class='ocrx_word' id='word_1_19' title='bbox 3452 377 3737 449; x_wconf 69' lang='grc' dir='ltr'>ἁμαρτίαν</span> 
     </span>
    </p>
   </div>
   <div class='ocr_carea' id='block_1_6' title="bbox 450 471 2046 554">
    <p class='ocr_par' dir='ltr' id='par_1_6' title="bbox 450 471 2046 554">
     <span class='ocr_line' id='line_1_6' title="bbox 450 471 2046 554; baseline -0.009 -7"><span class='ocrx_word' id='word_1_20' title='bbox 450 471 679 547; x_wconf 67' lang='grc' dir='ltr'>ἐἰοιιθιῐι</span> <span class='ocrx_word' id='word_1_21' title='bbox 709 489 765 542; x_wconf 89' lang='lat' dir='ltr'><strong>in</strong></span> <span class='ocrx_word' id='word_1_22' title='bbox 793 495 983 542; x_wconf 91' lang='lat' dir='ltr'><strong>sancto</strong></span> <span class='ocrx_word' id='word_1_23' title='bbox 1005 485 1216 554; x_wconf 76' lang='lat' dir='ltr'><strong>Spiritu</strong></span> <span class='ocrx_word' id='word_1_24' title='bbox 1241 492 1560 538; x_wconf 75' lang='lat' dir='ltr'><strong>eventuram</strong></span> <span class='ocrx_word' id='word_1_25' title='bbox 1587 481 1654 536; x_wconf 90' lang='lat' dir='ltr'><strong>de</strong></span> <span class='ocrx_word' id='word_1_26' title='bbox 1678 480 1774 535; x_wconf 87' lang='lat' dir='ltr'><strong>Dei</strong></span> <span class='ocrx_word' id='word_1_27' title='bbox 1798 481 1892 549; x_wconf 87' lang='lat' dir='ltr'><strong>qui</strong></span> <span class='ocrx_word' id='word_1_28' title='bbox 1918 493 2046 532; x_wconf 82' lang='lat' dir='ltr'><strong>caro</strong></span> 
     </span>
    </p>
   </div>
   <div class='ocr_carea' id='block_1_7' title="bbox 466 571 2047 649">
    <p class='ocr_par' dir='ltr' id='par_1_7' title="bbox 466 571 2047 649">
     <span class='ocr_line' id='line_1_7' title="bbox 466 571 2047 649; baseline -0.008 -13"><span class='ocrx_word' id='word_1_29' title='bbox 466 583 644 636; x_wconf 82' lang='lat' dir='ltr'><strong>factus</strong></span> <span class='ocrx_word' id='word_1_30' title='bbox 689 589 774 634; x_wconf 90' lang='lat' dir='ltr'><strong>est</strong></span> <span class='ocrx_word' id='word_1_31' title='bbox 817 579 990 649; x_wconf 86' lang='lat' dir='ltr'><strong>gratia</strong></span> <span class='ocrx_word' id='word_1_32' title='bbox 1021 593 1164 631; x_wconf 83' lang='lat' dir='ltr'><strong>caro</strong></span> <span class='ocrx_word' id='word_1_33' title='bbox 1209 577 1279 630; x_wconf 88' lang='lat' dir='ltr'><strong>ab</strong></span> <span class='ocrx_word' id='word_1_34' title='bbox 1307 575 1493 629; x_wconf 91' lang='lat' dir='ltr'><strong>anima</strong></span> <span class='ocrx_word' id='word_1_35' title='bbox 1540 573 1702 642; x_wconf 84' lang='lat' dir='ltr'><strong>plane</strong></span> <span class='ocrx_word' id='word_1_36' title='bbox 1734 574 1789 626; x_wconf 90' lang='lat' dir='ltr'><strong>in</strong></span> <span class='ocrx_word' id='word_1_37' title='bbox 1840 571 2047 640; x_wconf 86' lang='lat' dir='ltr'><strong>Spiritu</strong></span> 
     </span>
    </p>
   </div>
   <div class='ocr_carea' id='block_1_8' title="bbox 465 662 2048 733">
    <p class='ocr_par' dir='ltr' id='par_1_8' title="bbox 465 662 2048 733">
     <span class='ocr_line' id='line_1_8' title="bbox 465 662 2048 733; baseline -0.008 -6"><span class='ocrx_word' id='word_1_38' title='bbox 465 672 815 733; x_wconf 85' lang='lat' dir='ltr'><strong>absorbetur,</strong></span> <span class='ocrx_word' id='word_1_39' title='bbox 851 671 1031 723; x_wconf 89' lang='lat' dir='ltr'><strong>anima</strong></span> <span class='ocrx_word' id='word_1_40' title='bbox 1070 676 1252 722; x_wconf 91' lang='lat' dir='ltr'><strong>autem</strong></span> <span class='ocrx_word' id='word_1_41' title='bbox 1287 682 1315 720; x_wconf 89' lang='lat' dir='ltr'><strong>a</strong></span> <span class='ocrx_word' id='word_1_42' title='bbox 1347 667 1478 729; x_wconf 89' lang='lat' dir='ltr'><strong>Deo,</strong></span> <span class='ocrx_word' id='word_1_43' title='bbox 1509 664 1604 733; x_wconf 91' lang='lat' dir='ltr'><strong>qui</strong></span> <span class='ocrx_word' id='word_1_44' title='bbox 1635 679 1763 717; x_wconf 89' lang='lat' dir='ltr'><strong>vera</strong></span> <span class='ocrx_word' id='word_1_45' title='bbox 1791 662 1901 716; x_wconf 85' lang='lat' dir='ltr'><strong>vita</strong></span> <span class='ocrx_word' id='word_1_46' title='bbox 1945 670 2048 725; x_wconf 86' lang='lat' dir='ltr'><strong>est,</strong></span> 
     </span>
    </p>
   </div>
   <div class='ocr_carea' id='block_1_9' title="bbox 463 755 2048 831">
    <p class='ocr_par' dir='ltr' id='par_1_9' title="bbox 463 755 2048 831">
     <span class='ocr_line' id='line_1_9' title="bbox 463 755 2048 831; baseline -0.006 -15"><span class='ocrx_word' id='word_1_47' title='bbox 463 771 519 816; x_wconf 90' lang='lat' dir='ltr'><strong>et</strong></span> <span class='ocrx_word' id='word_1_48' title='bbox 545 777 710 831; x_wconf 85' lang='lat' dir='ltr'><strong>quem</strong></span> <span class='ocrx_word' id='word_1_49' title='bbox 748 761 838 813; x_wconf 92' lang='lat' dir='ltr'><strong>illa</strong></span> <span class='ocrx_word' id='word_1_50' title='bbox 870 760 1045 812; x_wconf 91' lang='lat' dir='ltr'><strong>solum</strong></span> <span class='ocrx_word' id='word_1_51' title='bbox 1081 758 1325 812; x_wconf 88' lang='lat' dir='ltr'><strong>omnium</strong></span> <span class='ocrx_word' id='word_1_52' title='bbox 1373 766 1429 809; x_wconf 89' lang='lat' dir='ltr'><strong>et</strong></span> <span class='ocrx_word' id='word_1_53' title='bbox 1475 755 1696 808; x_wconf 89' lang='lat' dir='ltr'><strong>unicum</strong></span> <span class='ocrx_word' id='word_1_54' title='bbox 1731 762 1842 807; x_wconf 90' lang='lat' dir='ltr'><strong>tota</strong></span> <span class='ocrx_word' id='word_1_55' title='bbox 1877 761 2048 806; x_wconf 89' lang='lat' dir='ltr'><strong>totum</strong></span> 
     </span>
    </p>
   </div>
   <div class='ocr_carea' id='block_1_10' title="bbox 465 831 2052 922">
    <p class='ocr_par' dir='ltr' id='par_1_10' title="bbox 465 831 2052 922">
     <span class='ocr_line' id='line_1_10' title="bbox 465 831 2052 922; baseline -0.007 -14"><span class='ocrx_word' id='word_1_56' title='bbox 465 854 521 922; x_wconf 82' lang='lat' dir='ltr'><strong>in</strong></span> <span class='ocrx_word' id='word_1_57' title='bbox 569 862 866 922; x_wconf 87' lang='lat' dir='ltr'><strong>conspectu</strong></span> <span class='ocrx_word' id='word_1_58' title='bbox 891 831 1256 921; x_wconf 70' lang='lat' dir='ltr'><strong>apparentem</strong></span> <span class='ocrx_word' id='word_1_59' title='bbox 1293 850 1478 913; x_wconf 85' lang='lat' dir='ltr'><strong>habet,</strong></span> <span class='ocrx_word' id='word_1_60' title='bbox 1515 857 1590 912; x_wconf 91' lang='lat' dir='ltr'><strong>et,</strong></span> <span class='ocrx_word' id='word_1_61' title='bbox 1625 857 1684 902; x_wconf 90' lang='lat' dir='ltr'><strong>ut</strong></span> <span class='ocrx_word' id='word_1_62' title='bbox 1728 846 2052 915; x_wconf 83' lang='lat' dir='ltr'><strong>simpliciter</strong></span> 
     </span>
    </p>
   </div>
   <div class='ocr_carea' id='block_1_11' title="bbox 463 916 2050 1010">
    <p class='ocr_par' dir='ltr' id='par_1_11' title="bbox 463 916 2050 1010">
     <span class='ocr_line' id='line_1_11' title="bbox 463 916 2050 1010; baseline -0.006 -11"><span class='ocrx_word' id='word_1_63' title='bbox 463 916 666 1007; x_wconf 76' lang='lat' dir='ltr'><strong>dicam,</strong></span> <span class='ocrx_word' id='word_1_64' title='bbox 704 955 901 998; x_wconf 89' lang='lat' dir='ltr'><strong>cuncta</strong></span> <span class='ocrx_word' id='word_1_65' title='bbox 945 953 1130 996; x_wconf 89' lang='lat' dir='ltr'><strong>nostra</strong></span> <span class='ocrx_word' id='word_1_66' title='bbox 1173 943 1333 996; x_wconf 85' lang='lat' dir='ltr'><strong>aliter</strong></span> <span class='ocrx_word' id='word_1_67' title='bbox 1361 950 1526 1010; x_wconf 87' lang='lat' dir='ltr'><strong>atque</strong></span> <span class='ocrx_word' id='word_1_68' title='bbox 1560 941 1614 994; x_wconf 91' lang='lat' dir='ltr'><strong>in</strong></span> <span class='ocrx_word' id='word_1_69' title='bbox 1647 940 1733 993; x_wconf 87' lang='lat' dir='ltr'><strong>his</strong></span> <span class='ocrx_word' id='word_1_70' title='bbox 1764 938 2050 1008; x_wconf 67' lang='lat' dir='ltr'><strong>prtrsenti-</strong></span> 
     </span>
    </p>
   </div>
   <div class='ocr_carea' id='block_1_12' title="bbox 464 1029 2050 1100">
    <p class='ocr_par' dir='ltr' id='par_1_12' title="bbox 464 1029 2050 1100">
     <span class='ocr_line' id='line_1_12' title="bbox 464 1029 2050 1100; baseline -0.005 -12"><span class='ocrx_word' id='word_1_71' title='bbox 464 1035 568 1088; x_wconf 87' lang='lat' dir='ltr'><strong>bus</strong></span> <span class='ocrx_word' id='word_1_72' title='bbox 599 1034 784 1098; x_wconf 87' lang='lat' dir='ltr'><strong>rebus,</strong></span> <span class='ocrx_word' id='word_1_73' title='bbox 836 1034 980 1087; x_wconf 89' lang='lat' dir='ltr'><strong>circa</strong></span> <span class='ocrx_word' id='word_1_74' title='bbox 1017 1048 1154 1100; x_wconf 91' lang='lat' dir='ltr'><strong>quas</strong></span> <span class='ocrx_word' id='word_1_75' title='bbox 1183 1047 1332 1085; x_wconf 91' lang='lat' dir='ltr'><strong>nunc</strong></span> <span class='ocrx_word' id='word_1_76' title='bbox 1374 1045 1566 1084; x_wconf 88' lang='lat' dir='ltr'><strong>sumus</strong></span> <span class='ocrx_word' id='word_1_77' title='bbox 1594 1038 1649 1083; x_wconf 90' lang='lat' dir='ltr'><strong>et</strong></span> <span class='ocrx_word' id='word_1_78' title='bbox 1691 1029 1959 1098; x_wconf 86' lang='lat' dir='ltr'><strong>degimus,</strong></span> <span class='ocrx_word' id='word_1_79' title='bbox 1991 1042 2050 1081; x_wconf 89' lang='lat' dir='ltr'><strong>se</strong></span> 
     </span>
    </p>
   </div>
   <div class='ocr_carea' id='block_1_13' title="bbox 464 1121 2052 1191">
    <p class='ocr_par' dir='ltr' id='par_1_13' title="bbox 464 1121 2052 1191">
     <span class='ocr_line' id='line_1_13' title="bbox 464 1121 2052 1191; baseline -0.005 -11"><span class='ocrx_word' id='word_1_80' title='bbox 464 1127 690 1188; x_wconf 88' lang='lat' dir='ltr'><strong>habent,</strong></span> <span class='ocrx_word' id='word_1_81' title='bbox 725 1127 778 1180; x_wconf 91' lang='lat' dir='ltr'><strong>in</strong></span> <span class='ocrx_word' id='word_1_82' title='bbox 818 1126 1004 1179; x_wconf 90' lang='lat' dir='ltr'><strong>futuro</strong></span> <span class='ocrx_word' id='word_1_83' title='bbox 1036 1125 1222 1178; x_wconf 86' lang='lat' dir='ltr'><strong>divine</strong></span> <span class='ocrx_word' id='word_1_84' title='bbox 1252 1122 1628 1177; x_wconf 86' lang='lat' dir='ltr'><strong>manifestabit</strong></span> <span class='ocrx_word' id='word_1_85' title='bbox 1653 1121 1825 1191; x_wconf 90' lang='lat' dir='ltr'><strong>gratia</strong></span> <span class='ocrx_word' id='word_1_86' title='bbox 1862 1136 2052 1174; x_wconf 74' lang='lat' dir='ltr'><strong>resur-</strong></span> 
     </span>
    </p>
   </div>
   <div class='ocr_carea' id='block_1_14' title="bbox 463 1215 2050 1286">
    <p class='ocr_par' dir='ltr' id='par_1_14' title="bbox 463 1215 2050 1286">
     <span class='ocr_line' id='line_1_14' title="bbox 463 1215 2050 1286; baseline -0.004 -13"><span class='ocrx_word' id='word_1_87' title='bbox 463 1219 750 1281; x_wconf 87' lang='lat' dir='ltr'><strong>rectionis,</strong></span> <span class='ocrx_word' id='word_1_88' title='bbox 789 1229 848 1270; x_wconf 88' lang='lat' dir='ltr'><strong>ut</strong></span> <span class='ocrx_word' id='word_1_89' title='bbox 885 1215 1162 1286; x_wconf 86' lang='lat' dir='ltr'><strong>quomodo</strong></span> <span class='ocrx_word' id='word_1_90' title='bbox 1191 1232 1288 1284; x_wconf 87' lang='lat' dir='ltr'><strong>per</strong></span> <span class='ocrx_word' id='word_1_91' title='bbox 1315 1225 1601 1285; x_wconf 85' lang='lat' dir='ltr'><strong>peccatum</strong></span> <span class='ocrx_word' id='word_1_92' title='bbox 1634 1215 1726 1268; x_wconf 87' lang='lat' dir='ltr'><strong>hic</strong></span> <span class='ocrx_word' id='word_1_93' title='bbox 1752 1229 1900 1267; x_wconf 90' lang='lat' dir='ltr'><strong>mors</strong></span> <span class='ocrx_word' id='word_1_94' title='bbox 1925 1228 2050 1267; x_wconf 91' lang='lat' dir='ltr'><strong>cor-</strong></span> 
     </span>
    </p>
   </div>
   <div class='ocr_carea' id='block_1_15' title="bbox 467 1305 2050 1375">
    <p class='ocr_par' dir='ltr' id='par_1_15' title="bbox 467 1305 2050 1375">
     <span class='ocr_line' id='line_1_15' title="bbox 467 1305 2050 1375; baseline -0.002 -14"><span class='ocrx_word' id='word_1_95' title='bbox 467 1308 724 1361; x_wconf 84' lang='lat' dir='ltr'><strong>roborata</strong></span> <span class='ocrx_word' id='word_1_96' title='bbox 755 1307 1061 1370; x_wconf 88' lang='lat' dir='ltr'><strong>absorbuit,</strong></span> <span class='ocrx_word' id='word_1_97' title='bbox 1089 1306 1168 1360; x_wconf 90' lang='lat' dir='ltr'><strong>sic</strong></span> <span class='ocrx_word' id='word_1_98' title='bbox 1195 1307 1318 1375; x_wconf 85' lang='lat' dir='ltr'><strong>jure</strong></span> <span class='ocrx_word' id='word_1_99' title='bbox 1347 1305 1618 1359; x_wconf 79' lang='lat' dir='ltr'><strong>infirmata</strong></span> <span class='ocrx_word' id='word_1_100' title='bbox 1651 1305 1764 1359; x_wconf 91' lang='lat' dir='ltr'><strong>illic</strong></span> <span class='ocrx_word' id='word_1_101' title='bbox 1792 1319 1891 1374; x_wconf 87' lang='lat' dir='ltr'><strong>per</strong></span> <span class='ocrx_word' id='word_1_102' title='bbox 1923 1320 2050 1374; x_wconf 85' lang='lat' dir='ltr'><strong>gra-</strong></span> 
     </span>
    </p>
   </div>
   <div class='ocr_carea' id='block_1_16' title="bbox 466 1395 2047 1462">
    <p class='ocr_par' dir='ltr' id='par_1_16' title="bbox 466 1395 2047 1462">
     <span class='ocr_line' id='line_1_16' title="bbox 466 1395 2047 1462; baseline -0.003 -10"><span class='ocrx_word' id='word_1_103' title='bbox 466 1400 597 1452; x_wconf 91' lang='lat' dir='ltr'><strong>tiam</strong></span> <span class='ocrx_word' id='word_1_104' title='bbox 646 1399 1030 1452; x_wconf 86' lang='lat' dir='ltr'><strong>absorbeatur.</strong></span> <span class='ocrx_word' id='word_1_105' title='bbox 1079 1397 1258 1462; x_wconf 84' lang='lat' dir='ltr'><strong>Quare</strong></span> <span class='ocrx_word' id='word_1_106' title='bbox 1301 1397 1348 1451; x_wconf 91' lang='lat' dir='ltr'><strong>si</strong></span> <span class='ocrx_word' id='word_1_107' title='bbox 1389 1397 1568 1450; x_wconf 90' lang='lat' dir='ltr'><strong>anima</strong></span> <span class='ocrx_word' id='word_1_108' title='bbox 1603 1396 1765 1460; x_wconf 87' lang='lat' dir='ltr'><strong>bene,</strong></span> <span class='ocrx_word' id='word_1_109' title='bbox 1800 1396 1880 1449; x_wconf 92' lang='lat' dir='ltr'><strong>uti</strong></span> <span class='ocrx_word' id='word_1_110' title='bbox 1915 1395 2047 1460; x_wconf 81' lang='lat' dir='ltr'><strong>dixi,</strong></span> 
     </span>
    </p>
   </div>
   <div class='ocr_carea' id='block_1_17' title="bbox 464 1486 2048 1558">
    <p class='ocr_par' dir='ltr' id='par_1_17' title="bbox 464 1486 2048 1558">
     <span class='ocr_line' id='line_1_17' title="bbox 464 1486 2048 1558; baseline -0.001 -15"><span class='ocrx_word' id='word_1_111' title='bbox 464 1491 580 1543; x_wconf 90' lang='lat' dir='ltr'><strong>suis</strong></span> <span class='ocrx_word' id='word_1_112' title='bbox 619 1489 974 1544; x_wconf 83' lang='lat' dir='ltr'><strong>facultatibus</strong></span> <span class='ocrx_word' id='word_1_113' title='bbox 1008 1497 1214 1552; x_wconf 87' lang='lat' dir='ltr'><strong>utetur,</strong></span> <span class='ocrx_word' id='word_1_114' title='bbox 1250 1496 1308 1542; x_wconf 90' lang='lat' dir='ltr'><strong>et</strong></span> <span class='ocrx_word' id='word_1_115' title='bbox 1351 1488 1653 1542; x_wconf 85' lang='lat' dir='ltr'><strong>secundum</strong></span> <span class='ocrx_word' id='word_1_116' title='bbox 1702 1486 2048 1558; x_wconf 37' lang='lat' dir='ltr'><strong>Dei‘propo-</strong></span> 
     </span>
    </p>
   </div>
   <div class='ocr_carea' id='block_1_18' title="bbox 461 1580 2048 1650">
    <p class='ocr_par' dir='ltr' id='par_1_18' title="bbox 461 1580 2048 1650">
     <span class='ocr_line' id='line_1_18' title="bbox 461 1580 2048 1650; baseline 0 -15"><span class='ocrx_word' id='word_1_117' title='bbox 461 1583 651 1643; x_wconf 89' lang='lat' dir='ltr'><strong>situm,</strong></span> <span class='ocrx_word' id='word_1_118' title='bbox 695 1581 946 1634; x_wconf 89' lang='lat' dir='ltr'><strong>sensibili</strong></span> <span class='ocrx_word' id='word_1_119' title='bbox 997 1580 1102 1634; x_wconf 89' lang='lat' dir='ltr'><strong>hoc</strong></span> <span class='ocrx_word' id='word_1_120' title='bbox 1145 1581 1350 1634; x_wconf 91' lang='lat' dir='ltr'><strong>mundo</strong></span> <span class='ocrx_word' id='word_1_121' title='bbox 1375 1595 1483 1650; x_wconf 85' lang='lat' dir='ltr'><strong>per</strong></span> <span class='ocrx_word' id='word_1_122' title='bbox 1518 1581 1831 1648; x_wconf 78' lang='lat' dir='ltr'><strong>Spirituales</strong></span> <span class='ocrx_word' id='word_1_123' title='bbox 1877 1581 1932 1635; x_wconf 91' lang='lat' dir='ltr'><strong>in</strong></span> <span class='ocrx_word' id='word_1_124' title='bbox 1981 1595 2048 1636; x_wconf 90' lang='lat' dir='ltr'><strong>eo</strong></span> 
     </span>
    </p>
   </div>
   <div class='ocr_carea' id='block_1_19' title="bbox 463 1669 2046 1741">
    <p class='ocr_par' dir='ltr' id='par_1_19' title="bbox 463 1669 2046 1741">
     <span class='ocr_line' id='line_1_19' title="bbox 463 1669 2046 1741; baseline 0.001 -19"><span class='ocrx_word' id='word_1_125' title='bbox 463 1671 704 1723; x_wconf 88' lang='lat' dir='ltr'><strong>rationes</strong></span> <span class='ocrx_word' id='word_1_126' title='bbox 755 1671 1032 1738; x_wconf 87' lang='lat' dir='ltr'><strong>sapienter</strong></span> <span class='ocrx_word' id='word_1_127' title='bbox 1078 1679 1366 1741; x_wconf 87' lang='lat' dir='ltr'><strong>peragrato</strong></span> <span class='ocrx_word' id='word_1_128' title='bbox 1419 1669 1488 1723; x_wconf 91' lang='lat' dir='ltr'><strong>ad</strong></span> <span class='ocrx_word' id='word_1_129' title='bbox 1535 1671 1708 1725; x_wconf 89' lang='lat' dir='ltr'><strong>Deum</strong></span> <span class='ocrx_word' id='word_1_130' title='bbox 1757 1670 2046 1740; x_wconf 81' lang='lat' dir='ltr'><strong>perveniet</strong></span> 
     </span>
    </p>
   </div>
   <div class='ocr_carea' id='block_1_20' title="bbox 461 1736 2118 1828">
    <p class='ocr_par' dir='ltr' id='par_1_20' title="bbox 461 1736 2118 1828">
     <span class='ocr_line' id='line_1_20' title="bbox 461 1736 2118 1828; baseline 0.002 -18"><span class='ocrx_word' id='word_1_131' title='bbox 461 1772 587 1810; x_wconf 89' lang='lat' dir='ltr'><strong>cum</strong></span> <span class='ocrx_word' id='word_1_132' title='bbox 623 1736 1015 1826; x_wconf 74' lang='lat' dir='ltr'><strong>intelligentia;</strong></span> <span class='ocrx_word' id='word_1_133' title='bbox 1058 1736 1114 1812; x_wconf 71' lang='lat' dir='ltr'><strong>at</strong></span> <span class='ocrx_word' id='word_1_134' title='bbox 1161 1736 1382 1812; x_wconf 38' lang='lat' dir='ltr'><strong>sivmale</strong></span> <span class='ocrx_word' id='word_1_135' title='bbox 1417 1766 1625 1823; x_wconf 89' lang='lat' dir='ltr'><strong>utetur,</strong></span> <span class='ocrx_word' id='word_1_136' title='bbox 1667 1736 1866 1828; x_wconf 74' lang='lat' dir='ltr'><strong>praeter</strong></span> <span class='ocrx_word' id='word_1_137' title='bbox 1909 1775 2045 1814; x_wconf 90' lang='lat' dir='ltr'><strong>con-</strong></span> <span class='ocrx_word' id='word_1_138' title='bbox 2077 1736 2118 1793; x_wconf 68' lang='grc' dir='ltr'><strong>Β</strong></span> 
     </span>
    </p>
   </div>
   <div class='ocr_carea' id='block_1_21' title="bbox 461 1846 2044 1919">
    <p class='ocr_par' dir='ltr' id='par_1_21' title="bbox 461 1846 2044 1919">
     <span class='ocr_line' id='line_1_21' title="bbox 461 1846 2044 1919; baseline 0.003 -19"><span class='ocrx_word' id='word_1_139' title='bbox 461 1846 774 1901; x_wconf 85' lang='lat' dir='ltr'><strong>venientem</strong></span> <span class='ocrx_word' id='word_1_140' title='bbox 827 1848 1093 1902; x_wconf 86' lang='lat' dir='ltr'><strong>rationem</strong></span> <span class='ocrx_word' id='word_1_141' title='bbox 1126 1850 1382 1918; x_wconf 69' lang='lat' dir='ltr'><strong>praesenti</strong></span> <span class='ocrx_word' id='word_1_142' title='bbox 1435 1850 1643 1904; x_wconf 88' lang='lat' dir='ltr'><strong>mundo</strong></span> <span class='ocrx_word' id='word_1_143' title='bbox 1687 1850 2044 1919; x_wconf 87' lang='lat' dir='ltr'><strong>perlustrato,</strong></span> 
     </span>
    </p>
   </div>
   <div class='ocr_carea' id='block_1_22' title="bbox 461 1940 2048 2012">
    <p class='ocr_par' dir='ltr' id='par_1_22' title="bbox 461 1940 2048 2012">
     <span class='ocr_line' id='line_1_22' title="bbox 461 1940 2048 2012; baseline 0.003 -20"><span class='ocrx_word' id='word_1_144' title='bbox 461 1954 571 1992; x_wconf 93' lang='lat' dir='ltr'><strong>non</strong></span> <span class='ocrx_word' id='word_1_145' title='bbox 607 1941 825 1993; x_wconf 91' lang='lat' dir='ltr'><strong>occulto</strong></span> <span class='ocrx_word' id='word_1_146' title='bbox 875 1940 1016 1994; x_wconf 87' lang='lat' dir='ltr'><strong>forte</strong></span> <span class='ocrx_word' id='word_1_147' title='bbox 1066 1941 1121 1994; x_wconf 93' lang='lat' dir='ltr'><strong>in</strong></span> <span class='ocrx_word' id='word_1_148' title='bbox 1155 1941 1392 1996; x_wconf 75' lang='lat' dir='ltr'><strong>infamia:</strong></span> <span class='ocrx_word' id='word_1_149' title='bbox 1437 1942 1670 1997; x_wconf 74' lang='lat' dir='ltr'><strong>affectus</strong></span> <span class='ocrx_word' id='word_1_150' title='bbox 1719 1943 1933 2012; x_wconf 89' lang='lat' dir='ltr'><strong>illapsa,</strong></span> <span class='ocrx_word' id='word_1_151' title='bbox 1964 1943 2048 1997; x_wconf 89' lang='lat' dir='ltr'><strong>di-</strong></span> 
     </span>
    </p>
   </div>
   <div class='ocr_carea' id='block_1_23' title="bbox 461 2031 2045 2100">
    <p class='ocr_par' dir='ltr' id='par_1_23' title="bbox 461 2031 2045 2100">
     <span class='ocr_line' id='line_1_23' title="bbox 461 2031 2045 2100; baseline 0.004 -18"><span class='ocrx_word' id='word_1_152' title='bbox 461 2031 587 2083; x_wconf 90' lang='lat' dir='ltr'><strong>vina</strong></span> <span class='ocrx_word' id='word_1_153' title='bbox 618 2044 839 2098; x_wconf 88' lang='lat' dir='ltr'><strong>quoque</strong></span> <span class='ocrx_word' id='word_1_154' title='bbox 888 2031 942 2084; x_wconf 84' lang='lat' dir='ltr'><strong>i&#39;n</strong></span> <span class='ocrx_word' id='word_1_155' title='bbox 985 2031 1170 2084; x_wconf 90' lang='lat' dir='ltr'><strong>futuro</strong></span> <span class='ocrx_word' id='word_1_156' title='bbox 1198 2032 1369 2100; x_wconf 83' lang='lat' dir='ltr'><strong>gloria</strong></span> <span class='ocrx_word' id='word_1_157' title='bbox 1399 2033 1598 2087; x_wconf 90' lang='lat' dir='ltr'><strong>merito</strong></span> <span class='ocrx_word' id='word_1_158' title='bbox 1639 2034 1876 2097; x_wconf 82' lang='lat' dir='ltr'><strong>excidet,</strong></span> <span class='ocrx_word' id='word_1_159' title='bbox 1909 2034 2045 2088; x_wconf 90' lang='lat' dir='ltr'><strong>bor-</strong></span> 
     </span>
    </p>
   </div>
   <div class='ocr_carea' id='block_1_24' title="bbox 465 2121 2044 2190">
    <p class='ocr_par' dir='ltr' id='par_1_24' title="bbox 465 2121 2044 2190">
     <span class='ocr_line' id='line_1_24' title="bbox 465 2121 2044 2190; baseline 0.003 -16"><span class='ocrx_word' id='word_1_160' title='bbox 465 2121 744 2190; x_wconf 85' lang='lat' dir='ltr'><strong>rendaquc</strong></span> <span class='ocrx_word' id='word_1_161' title='bbox 772 2121 968 2190; x_wconf 85' lang='lat' dir='ltr'><strong>judicii</strong></span> <span class='ocrx_word' id='word_1_162' title='bbox 1017 2121 1069 2174; x_wconf 87' lang='lat' dir='ltr'><strong>in</strong></span> <span class='ocrx_word' id='word_1_163' title='bbox 1117 2122 1356 2175; x_wconf 83' lang='lat' dir='ltr'><strong>inﬁnitas</strong></span> <span class='ocrx_word' id='word_1_164' title='bbox 1394 2125 1732 2178; x_wconf 66' lang='lat' dir='ltr'><strong>aaternitates</strong></span> <span class='ocrx_word' id='word_1_165' title='bbox 1773 2125 2044 2179; x_wconf 85' lang='lat' dir='ltr'><strong>sententia</strong></span> 
     </span>
    </p>
   </div>
   <div class='ocr_carea' id='block_1_25' title="bbox 463 2213 2044 2270">
    <p class='ocr_par' dir='ltr' id='par_1_25' title="bbox 463 2213 2044 2270">
     <span class='ocr_line' id='line_1_25' title="bbox 463 2213 2044 2270; baseline 0.002 -5"><span class='ocrx_word' id='word_1_166' title='bbox 463 2213 815 2266; x_wconf 87' lang='lat' dir='ltr'><strong>damnabitur</strong></span> <span class='ocrx_word' id='word_1_167' title='bbox 848 2221 907 2266; x_wconf 86' lang='lat' dir='ltr'><strong>ut</strong></span> <span class='ocrx_word' id='word_1_168' title='bbox 944 2229 1105 2267; x_wconf 89' lang='lat' dir='ltr'><strong>omne</strong></span> <span class='ocrx_word' id='word_1_169' title='bbox 1145 2229 1268 2267; x_wconf 87' lang='lat' dir='ltr'><strong>cum</strong></span> <span class='ocrx_word' id='word_1_170' title='bbox 1306 2215 1417 2268; x_wconf 90' lang='lat' dir='ltr'><strong>Deo</strong></span> <span class='ocrx_word' id='word_1_171' title='bbox 1442 2216 1724 2270; x_wconf 86' lang='lat' dir='ltr'><strong>vinculum</strong></span> <span class='ocrx_word' id='word_1_172' title='bbox 1761 2226 1814 2270; x_wconf 92' lang='lat' dir='ltr'><strong>et</strong></span> <span class='ocrx_word' id='word_1_173' title='bbox 1842 2232 2044 2270; x_wconf 84' lang='lat' dir='ltr'><strong>nexum</strong></span> 
     </span>
    </p>
   </div>
   <div class='ocr_carea' id='block_1_26' title="bbox 462 2306 2044 2377">
    <p class='ocr_par' dir='ltr' id='par_1_26' title="bbox 462 2306 2044 2377">
     <span class='ocr_line' id='line_1_26' title="bbox 462 2306 2044 2377; baseline 0.001 -18"><span class='ocrx_word' id='word_1_174' title='bbox 462 2306 698 2369; x_wconf 86' lang='lat' dir='ltr'><strong>amittat,</strong></span> <span class='ocrx_word' id='word_1_175' title='bbox 731 2306 785 2358; x_wconf 93' lang='lat' dir='ltr'><strong>in</strong></span> <span class='ocrx_word' id='word_1_176' title='bbox 819 2321 983 2374; x_wconf 90' lang='lat' dir='ltr'><strong>quam</strong></span> <span class='ocrx_word' id='word_1_177' title='bbox 1017 2306 1343 2358; x_wconf 86' lang='lat' dir='ltr'><strong>sententiam</strong></span> <span class='ocrx_word' id='word_1_178' title='bbox 1377 2307 1420 2359; x_wconf 93' lang='lat' dir='ltr'><strong>si</strong></span> <span class='ocrx_word' id='word_1_179' title='bbox 1459 2322 1516 2360; x_wconf 89' lang='lat' dir='ltr'><strong>se</strong></span> <span class='ocrx_word' id='word_1_180' title='bbox 1551 2307 1764 2369; x_wconf 84' lang='lat' dir='ltr'><strong>induet,</strong></span> <span class='ocrx_word' id='word_1_181' title='bbox 1797 2324 1856 2362; x_wconf 88' lang='lat' dir='ltr'><strong>se</strong></span> <span class='ocrx_word' id='word_1_182' title='bbox 1899 2307 2044 2377; x_wconf 86' lang='lat' dir='ltr'><strong>inju-</strong></span> 
     </span>
    </p>
   </div>
   <div class='ocr_carea' id='block_1_27' title="bbox 465 2396 2044 2465">
    <p class='ocr_par' dir='ltr' id='par_1_27' title="bbox 465 2396 2044 2465">
     <span class='ocr_line' id='line_1_27' title="bbox 465 2396 2044 2465; baseline 0.001 -16"><span class='ocrx_word' id='word_1_183' title='bbox 465 2396 604 2450; x_wconf 87' lang='lat' dir='ltr'><strong>riam</strong></span> <span class='ocrx_word' id='word_1_184' title='bbox 636 2398 748 2465; x_wconf 89' lang='lat' dir='ltr'><strong>pati</strong></span> <span class='ocrx_word' id='word_1_185' title='bbox 793 2397 980 2450; x_wconf 90' lang='lat' dir='ltr'><strong>dicere</strong></span> <span class='ocrx_word' id='word_1_186' title='bbox 1010 2412 1119 2450; x_wconf 91' lang='lat' dir='ltr'><strong>non</strong></span> <span class='ocrx_word' id='word_1_187' title='bbox 1147 2397 1390 2460; x_wconf 88' lang='lat' dir='ltr'><strong>habebit,</strong></span> <span class='ocrx_word' id='word_1_188' title='bbox 1422 2413 1546 2451; x_wconf 88' lang='lat' dir='ltr'><strong>cum</strong></span> <span class='ocrx_word' id='word_1_189' title='bbox 1591 2399 1848 2453; x_wconf 79' lang='lat' dir='ltr'><strong>affectum</strong></span> <span class='ocrx_word' id='word_1_190' title='bbox 1893 2399 2044 2452; x_wconf 85' lang='lat' dir='ltr'><strong>Non-</strong></span> 
     </span>
    </p>
   </div>
   <div class='ocr_carea' id='block_1_28' title="bbox 461 2488 2041 2557">
    <p class='ocr_par' dir='ltr' id='par_1_28' title="bbox 461 2488 2041 2557">
     <span class='ocr_line' id='line_1_28' title="bbox 461 2488 2041 2557; baseline 0.001 -17"><span class='ocrx_word' id='word_1_191' title='bbox 461 2488 705 2542; x_wconf 77' lang='lat' dir='ltr'><strong>existens</strong></span> <span class='ocrx_word' id='word_1_192' title='bbox 732 2497 1212 2557; x_wconf 63' lang='lat' dir='ltr'><strong>repratscntantem</strong></span> <span class='ocrx_word' id='word_1_193' title='bbox 1239 2489 1438 2542; x_wconf 90' lang='lat' dir='ltr'><strong>habeat</strong></span> <span class='ocrx_word' id='word_1_194' title='bbox 1463 2498 1860 2552; x_wconf 87' lang='lat' dir='ltr'><strong>accusatorem,</strong></span> <span class='ocrx_word' id='word_1_195' title='bbox 1879 2504 2041 2557; x_wconf 91' lang='lat' dir='ltr'><strong>quem</strong></span> 
     </span>
    </p>
   </div>
   <div class='ocr_carea' id='block_1_29' title="bbox 465 2580 2046 2650">
    <p class='ocr_par' dir='ltr' id='par_1_29' title="bbox 465 2580 2046 2650">
     <span class='ocr_line' id='line_1_29' title="bbox 465 2580 2046 2650; baseline 0.003 -18"><span class='ocrx_word' id='word_1_196' title='bbox 465 2581 716 2649; x_wconf 90' lang='lat' dir='ltr'><strong>ignorare</strong></span> <span class='ocrx_word' id='word_1_197' title='bbox 751 2596 859 2632; x_wconf 89' lang='lat' dir='ltr'><strong>non</strong></span> <span class='ocrx_word' id='word_1_198' title='bbox 890 2581 1080 2649; x_wconf 83' lang='lat' dir='ltr'><strong>possit.</strong></span> <span class='ocrx_word' id='word_1_199' title='bbox 1110 2580 1215 2635; x_wconf 88' lang='lat' dir='ltr'><strong>Sed</strong></span> <span class='ocrx_word' id='word_1_200' title='bbox 1243 2580 1311 2633; x_wconf 82' lang='lat' dir='ltr'><strong>ad</strong></span> <span class='ocrx_word' id='word_1_201' title='bbox 1353 2581 1696 2650; x_wconf 89' lang='lat' dir='ltr'><strong>propositum</strong></span> <span class='ocrx_word' id='word_1_202' title='bbox 1727 2596 1913 2635; x_wconf 92' lang='lat' dir='ltr'><strong>sermo</strong></span> <span class='ocrx_word' id='word_1_203' title='bbox 1954 2597 2046 2636; x_wconf 82' lang='lat' dir='ltr'><strong>re-</strong></span> 
     </span>
    </p>
   </div>
   <div class='ocr_carea' id='block_1_30' title="bbox 433 2671 872 2725">
    <p class='ocr_par' dir='ltr' id='par_1_30' title="bbox 433 2671 872 2725">
     <span class='ocr_line' id='line_1_30' title="bbox 433 2671 872 2725; baseline 0.005 -3"><span class='ocrx_word' id='word_1_204' title='bbox 433 2671 742 2725; x_wconf 88' lang='lat' dir='ltr'><strong>‘vocandus</strong></span> <span class='ocrx_word' id='word_1_205' title='bbox 769 2680 872 2724; x_wconf 86' lang='lat' dir='ltr'><strong>est.</strong></span> 
     </span>
    </p>
   </div>
   <div class='ocr_carea' id='block_1_31' title="bbox 2154 471 3734 553">
    <p class='ocr_par' dir='ltr' id='par_1_31' title="bbox 2154 471 3734 553">
     <span class='ocr_line' id='line_1_31' title="bbox 2154 471 3734 553; baseline -0.007 -19"><span class='ocrx_word' id='word_1_206' title='bbox 2154 486 2188 553; x_wconf 76' lang='grc' dir='ltr'><strong>ἡ</strong></span> <span class='ocrx_word' id='word_1_207' title='bbox 2212 481 2349 553; x_wconf 82' lang='grc' dir='ltr'>σὰρξ</span> <span class='ocrx_word' id='word_1_208' title='bbox 2378 479 2482 533; x_wconf 77' lang='grc' dir='ltr'>ὑπὸ</span> <span class='ocrx_word' id='word_1_209' title='bbox 2517 481 2618 548; x_wconf 75' lang='grc' dir='ltr'>τῆς</span> <span class='ocrx_word' id='word_1_210' title='bbox 2642 477 2868 548; x_wconf 75' lang='grc' dir='ltr'>φθορᾶς,</span> <span class='ocrx_word' id='word_1_211' title='bbox 2906 475 3010 528; x_wconf 82' lang='grc' dir='ltr'>ὑπὸ</span> <span class='ocrx_word' id='word_1_212' title='bbox 3034 475 3091 528; x_wconf 80' lang='grc' dir='ltr'><strong>δὲ</strong></span> <span class='ocrx_word' id='word_1_213' title='bbox 3137 475 3235 544; x_wconf 81' lang='grc' dir='ltr'>τῆς</span> <span class='ocrx_word' id='word_1_214' title='bbox 3265 473 3469 542; x_wconf 69' lang='grc' dir='ltr'>σαρκὸς</span> <span class='ocrx_word' id='word_1_215' title='bbox 3507 474 3541 541; x_wconf 77' lang='grc' dir='ltr'><strong>ἡ</strong></span> <span class='ocrx_word' id='word_1_216' title='bbox 3585 471 3734 543; x_wconf 76' lang='grc' dir='ltr'>ψυχὴ</span> 
     </span>
    </p>
   </div>
   <div class='ocr_carea' id='block_1_32' title="bbox 2153 563 3733 642">
    <p class='ocr_par' dir='ltr' id='par_1_32' title="bbox 2153 563 3733 642">
     <span class='ocr_line' id='line_1_32' title="bbox 2153 563 3733 642; baseline -0.008 -15"><span class='ocrx_word' id='word_1_217' title='bbox 2153 575 2462 642; x_wconf 80' lang='grc' dir='ltr'><strong>γνωσθεῖσα</strong></span> <span class='ocrx_word' id='word_1_218' title='bbox 2489 573 2608 633; x_wconf 84' lang='grc' dir='ltr'>ταῖς</span> <span class='ocrx_word' id='word_1_219' title='bbox 2633 568 2956 640; x_wconf 82' lang='grc' dir='ltr'>ἐνεργείαις,</span> <span class='ocrx_word' id='word_1_220' title='bbox 2976 567 3079 620; x_wconf 78' lang='grc' dir='ltr'><strong>ὑπὸ</strong></span> <span class='ocrx_word' id='word_1_221' title='bbox 3099 566 3155 619; x_wconf 82' lang='grc' dir='ltr'>δὲ</span> <span class='ocrx_word' id='word_1_222' title='bbox 3191 567 3290 634; x_wconf 81' lang='grc' dir='ltr'><strong>τῆς</strong></span> <span class='ocrx_word' id='word_1_223' title='bbox 3321 564 3499 633; x_wconf 74' lang='grc' dir='ltr'>ψυχῆς</span> <span class='ocrx_word' id='word_1_224' title='bbox 3525 563 3619 616; x_wconf 77' lang='grc' dir='ltr'>διὰ</span> <span class='ocrx_word' id='word_1_225' title='bbox 3640 564 3733 631; x_wconf 69' lang='grc' dir='ltr'>τῆς</span> 
     </span>
    </p>
   </div>
   <div class='ocr_carea' id='block_1_33' title="bbox 2153 649 3736 731">
    <p class='ocr_par' dir='ltr' id='par_1_33' title="bbox 2153 649 3736 731">
     <span class='ocr_line' id='line_1_33' title="bbox 2153 649 3736 731; baseline -0.008 -12"><span class='ocrx_word' id='word_1_226' title='bbox 2153 665 2454 726; x_wconf 74' lang='grc' dir='ltr'><strong>παντελοῦς</strong></span> <span class='ocrx_word' id='word_1_227' title='bbox 2487 649 2765 730; x_wconf 85' lang='grc' dir='ltr'>ἀγνωσίας</span> <span class='ocrx_word' id='word_1_228' title='bbox 2799 664 2832 731; x_wconf 79' lang='grc' dir='ltr'><strong>ἡ</strong></span> <span class='ocrx_word' id='word_1_229' title='bbox 2859 662 3156 728; x_wconf 70' lang='grc' dir='ltr'><strong>ἐπίγνωσις</strong></span> <span class='ocrx_word' id='word_1_230' title='bbox 3183 657 3277 710; x_wconf 88' lang='grc' dir='ltr'><strong>τοῦ</strong></span> <span class='ocrx_word' id='word_1_231' title='bbox 3304 656 3465 718; x_wconf 84' lang='grc' dir='ltr'>Θεοῦ,</span> <span class='ocrx_word' id='word_1_232' title='bbox 3497 656 3575 719; x_wconf 87' lang='grc' dir='ltr'>ὼς</span> <span class='ocrx_word' id='word_1_233' title='bbox 3602 655 3736 724; x_wconf 66' lang='grc' dir='ltr'>μηδὲ</span> 
     </span>
    </p>
   </div>
   <div class='ocr_carea' id='block_1_34' title="bbox 2155 745 3736 827">
    <p class='ocr_par' dir='ltr' id='par_1_34' title="bbox 2155 745 3736 827">
     <span class='ocr_line' id='line_1_34' title="bbox 2155 745 3736 827; baseline -0.008 -17"><span class='ocrx_word' id='word_1_234' title='bbox 2155 758 2339 827; x_wconf 75' lang='grc'>(200</span> <span class='ocrx_word' id='word_1_235' title='bbox 2385 757 2438 824; x_wconf 80' lang='lat' dir='ltr'><strong>u)</strong></span> <span class='ocrx_word' id='word_1_236' title='bbox 2469 755 2518 807; x_wconf 84' lang='grc' dir='ltr'><strong>εί</strong></span> <span class='ocrx_word' id='word_1_237' title='bbox 2546 753 2661 806; x_wconf 74' lang='grc' dir='ltr'>ἐστι</span> <span class='ocrx_word' id='word_1_238' title='bbox 2705 752 2840 815; x_wconf 83' lang='grc' dir='ltr'><strong>Θεὸς</strong></span> <span class='ocrx_word' id='word_1_239' title='bbox 2874 747 3260 819; x_wconf 73' lang='grc' dir='ltr'><strong>γινώσκεσθαι,</strong></span> <span class='ocrx_word' id='word_1_240' title='bbox 3307 748 3452 800; x_wconf 77' lang='grc' dir='ltr'>οῦτω</span> <span class='ocrx_word' id='word_1_241' title='bbox 3478 747 3541 816; x_wconf 88' lang='grc' dir='ltr'><strong>δὴ</strong></span> <span class='ocrx_word' id='word_1_242' title='bbox 3604 745 3736 798; x_wconf 74' lang='grc' dir='ltr'>πάν-</span> 
     </span>
    </p>
   </div>
   <div class='ocr_carea' id='block_1_35' title="bbox 2153 835 3737 916">
    <p class='ocr_par' dir='ltr' id='par_1_35' title="bbox 2153 835 3737 916">
     <span class='ocr_line' id='line_1_35' title="bbox 2153 835 3737 916; baseline -0.009 -15"><span class='ocrx_word' id='word_1_243' title='bbox 2153 865 2261 910; x_wconf 87' lang='grc' dir='ltr'><strong>τως</strong></span> <span class='ocrx_word' id='word_1_244' title='bbox 2287 846 2363 916; x_wconf 84' lang='grc' dir='ltr'>τῷ</span> <span class='ocrx_word' id='word_1_245' title='bbox 2402 844 2579 916; x_wconf 81' lang='grc' dir='ltr'>καιρῷ</span> <span class='ocrx_word' id='word_1_246' title='bbox 2607 845 2706 914; x_wconf 85' lang='grc' dir='ltr'>τῆς</span> <span class='ocrx_word' id='word_1_247' title='bbox 2728 843 3079 903; x_wconf 77' lang='grc' dir='ltr'><strong>ἀναστάσεως</strong></span> <span class='ocrx_word' id='word_1_248' title='bbox 3117 838 3257 892; x_wconf 88' lang='grc' dir='ltr'><strong>κατὰ</strong></span> <span class='ocrx_word' id='word_1_249' title='bbox 3290 838 3390 909; x_wconf 86' lang='grc' dir='ltr'><strong>τὴν</strong></span> <span class='ocrx_word' id='word_1_250' title='bbox 3434 835 3619 898; x_wconf 76' lang='grc' dir='ltr'>καλῶς</span> <span class='ocrx_word' id='word_1_251' title='bbox 3650 852 3737 903; x_wconf 81' lang='grc' dir='ltr'>γε-</span> 
     </span>
    </p>
   </div>
   <div class='ocr_carea' id='block_1_36' title="bbox 2153 930 3733 1008">
    <p class='ocr_par' dir='ltr' id='par_1_36' title="bbox 2153 930 3733 1008">
     <span class='ocr_line' id='line_1_36' title="bbox 2153 930 3733 1008; baseline -0.009 -15"><span class='ocrx_word' id='word_1_252' title='bbox 2153 939 2462 1008; x_wconf 85' lang='grc' dir='ltr'>νησομένην</span> <span class='ocrx_word' id='word_1_253' title='bbox 2505 934 2871 1005; x_wconf 74' lang='grc' dir='ltr'><strong>ἀντιστροφὴν</strong></span> <span class='ocrx_word' id='word_1_254' title='bbox 2901 937 2959 986; x_wconf 89' lang='grc' dir='ltr'><strong>ἐν</strong></span> <span class='ocrx_word' id='word_1_255' title='bbox 3005 932 3286 1002; x_wconf 82' lang='grc' dir='ltr'>Πνεῦματι</span> <span class='ocrx_word' id='word_1_256' title='bbox 3321 931 3462 1001; x_wconf 85' lang='grc' dir='ltr'>ἁγίῳ</span> <span class='ocrx_word' id='word_1_257' title='bbox 3511 931 3606 983; x_wconf 81' lang='grc' dir='ltr'><strong>διὰ</strong></span> <span class='ocrx_word' id='word_1_258' title='bbox 3637 930 3733 996; x_wconf 85' lang='grc' dir='ltr'><strong>τὴν</strong></span> 
     </span>
    </p>
   </div>
   <div class='ocr_carea' id='block_1_37' title="bbox 2153 1017 3734 1098">
    <p class='ocr_par' dir='ltr' id='par_1_37' title="bbox 2153 1017 3734 1098">
     <span class='ocr_line' id='line_1_37' title="bbox 2153 1017 3734 1098; baseline -0.008 -17"><span class='ocrx_word' id='word_1_259' title='bbox 2153 1029 2316 1098; x_wconf 65' lang='grc' dir='ltr'>χάριν</span> <span class='ocrx_word' id='word_1_260' title='bbox 2351 1027 2444 1080; x_wconf 91' lang='grc' dir='ltr'><strong>τοῦ</strong></span> <span class='ocrx_word' id='word_1_261' title='bbox 2464 1025 2841 1096; x_wconf 84' lang='grc' dir='ltr'>σαρκωθέντος</span> <span class='ocrx_word' id='word_1_262' title='bbox 2878 1023 3016 1076; x_wconf 84' lang='grc' dir='ltr'><strong>Θεοῦ</strong></span> <span class='ocrx_word' id='word_1_263' title='bbox 3053 1020 3501 1091; x_wconf 77' lang='grc' dir='ltr'>καταποθήσεται</span> <span class='ocrx_word' id='word_1_264' title='bbox 3531 1021 3567 1088; x_wconf 80' lang='grc' dir='ltr'><strong>ἡ</strong></span> <span class='ocrx_word' id='word_1_265' title='bbox 3603 1017 3734 1088; x_wconf 72' lang='grc' dir='ltr'>σὰρξ</span> 
     </span>
    </p>
   </div>
   <div class='ocr_carea' id='block_1_38' title="bbox 2152 1109 3730 1190">
    <p class='ocr_par' dir='ltr' id='par_1_38' title="bbox 2152 1109 3730 1190">
     <span class='ocr_line' id='line_1_38' title="bbox 2152 1109 3730 1190; baseline -0.008 -17"><span class='ocrx_word' id='word_1_266' title='bbox 2152 1120 2258 1173; x_wconf 79' lang='grc' dir='ltr'><strong>ὑπὸ</strong></span> <span class='ocrx_word' id='word_1_267' title='bbox 2285 1119 2382 1190; x_wconf 80' lang='grc' dir='ltr'>τῆς</span> <span class='ocrx_word' id='word_1_268' title='bbox 2398 1117 2580 1188; x_wconf 70' lang='grc' dir='ltr'>ψυχῆς</span> <span class='ocrx_word' id='word_1_269' title='bbox 2606 1118 2664 1170; x_wconf 87' lang='grc' dir='ltr'><strong>ἐν</strong></span> <span class='ocrx_word' id='word_1_270' title='bbox 2685 1115 2980 1186; x_wconf 85' lang='grc' dir='ltr'>πνεύματι,</span> <span class='ocrx_word' id='word_1_271' title='bbox 3010 1116 3044 1187; x_wconf 80' lang='grc' dir='ltr'><strong>ὴ</strong></span> <span class='ocrx_word' id='word_1_272' title='bbox 3071 1114 3127 1166; x_wconf 82' lang='grc' dir='ltr'>δὲ</span> <span class='ocrx_word' id='word_1_273' title='bbox 3155 1113 3303 1183; x_wconf 67' lang='grc' dir='ltr'>ψυχὴ</span> <span class='ocrx_word' id='word_1_274' title='bbox 3325 1111 3432 1165; x_wconf 81' lang='grc' dir='ltr'>ὑπὸ</span> <span class='ocrx_word' id='word_1_275' title='bbox 3448 1110 3543 1164; x_wconf 87' lang='grc' dir='ltr'><strong>τοῦ</strong></span> <span class='ocrx_word' id='word_1_276' title='bbox 3575 1109 3730 1172; x_wconf 84' lang='grc' dir='ltr'>Θεοῦ,</span> 
     </span>
    </p>
   </div>
   <div class='ocr_carea' id='block_1_39' title="bbox 2149 1201 3734 1281">
    <p class='ocr_par' dir='ltr' id='par_1_39' title="bbox 2149 1201 3734 1281">
     <span class='ocr_line' id='line_1_39' title="bbox 2149 1201 3734 1281; baseline -0.007 -17"><span class='ocrx_word' id='word_1_277' title='bbox 2149 1212 2248 1281; x_wconf 80' lang='grc' dir='ltr'>τῆς</span> <span class='ocrx_word' id='word_1_278' title='bbox 2279 1213 2448 1273; x_wconf 77' lang='grc' dir='ltr'>ὄντως</span> <span class='ocrx_word' id='word_1_279' title='bbox 2478 1209 2646 1279; x_wconf 79' lang='grc' dir='ltr'>οῦσης</span> <span class='ocrx_word' id='word_1_280' title='bbox 2694 1209 2862 1278; x_wconf 79' lang='grc' dir='ltr'>ζωῆς,</span> <span class='ocrx_word' id='word_1_281' title='bbox 2901 1207 2978 1271; x_wconf 85' lang='grc' dir='ltr'><strong>ὡς</strong></span> <span class='ocrx_word' id='word_1_282' title='bbox 3040 1207 3205 1259; x_wconf 73' lang='grc' dir='ltr'>αὐτὸν</span> <span class='ocrx_word' id='word_1_283' title='bbox 3269 1203 3590 1274; x_wconf 80' lang='grc' dir='ltr'>μονώτατον</span> <span class='ocrx_word' id='word_1_284' title='bbox 3648 1201 3734 1254; x_wconf 66' lang='grc' dir='ltr'>διὰ</span> 
     </span>
    </p>
   </div>
   <div class='ocr_carea' id='block_1_40' title="bbox 2152 1287 3734 1374">
    <p class='ocr_par' dir='ltr' id='par_1_40' title="bbox 2152 1287 3734 1374">
     <span class='ocr_line' id='line_1_40' title="bbox 2152 1287 3734 1374; baseline -0.007 -15"><span class='ocrx_word' id='word_1_285' title='bbox 2152 1307 2371 1359; x_wconf 73' lang='grc' dir='ltr'>πάντων</span> <span class='ocrx_word' id='word_1_286' title='bbox 2402 1307 2523 1358; x_wconf 83' lang='grc' dir='ltr'>ὅλον</span> <span class='ocrx_word' id='word_1_287' title='bbox 2551 1304 2649 1374; x_wconf 87' lang='grc' dir='ltr'>ὃλη</span> <span class='ocrx_word' id='word_1_288' title='bbox 2681 1287 3123 1374; x_wconf 82' lang='grc' dir='ltr'>προφαινόμενον</span> <span class='ocrx_word' id='word_1_289' title='bbox 3156 1300 3378 1370; x_wconf 73' lang='grc' dir='ltr'>ἔχουσα,</span> <span class='ocrx_word' id='word_1_290' title='bbox 3411 1298 3507 1351; x_wconf 73' lang='grc' dir='ltr'><strong>καὶ</strong></span> <span class='ocrx_word' id='word_1_291' title='bbox 3543 1297 3734 1359; x_wconf 83' lang='grc' dir='ltr'>ἁπλῶς</span> 
     </span>
    </p>
   </div>
   <div class='ocr_carea' id='block_1_41' title="bbox 2151 1387 3764 1470">
    <p class='ocr_par' dir='ltr' id='par_1_41' title="bbox 2151 1387 3764 1470">
     <span class='ocr_line' id='line_1_41' title="bbox 2151 1387 3764 1470; baseline -0.008 -17"><span class='ocrx_word' id='word_1_292' title='bbox 2151 1401 2348 1464; x_wconf 85' lang='grc' dir='ltr'>εἰπεῖν,</span> <span class='ocrx_word' id='word_1_293' title='bbox 2379 1397 2752 1470; x_wconf 78' lang='grc' dir='ltr'>ἀντιστρόφως</span> <span class='ocrx_word' id='word_1_294' title='bbox 2797 1399 2910 1459; x_wconf 86' lang='grc' dir='ltr'>τοῖς</span> <span class='ocrx_word' id='word_1_295' title='bbox 2944 1394 3203 1464; x_wconf 84' lang='grc' dir='ltr'>παροῦσι.</span> <span class='ocrx_word' id='word_1_296' title='bbox 3231 1393 3358 1460; x_wconf 73' lang='grc' dir='ltr'>περὶ</span> <span class='ocrx_word' id='word_1_297' title='bbox 3378 1391 3414 1444; x_wconf 74' lang='grc' dir='ltr'><strong>ἁ</strong></span> <span class='ocrx_word' id='word_1_298' title='bbox 3445 1390 3542 1443; x_wconf 85' lang='grc' dir='ltr'><strong>νῦν</strong></span> <span class='ocrx_word' id='word_1_299' title='bbox 3565 1387 3764 1468; x_wconf 34' lang='grc' dir='ltr'>ἐσμέν.</span> 
     </span>
    </p>
   </div>
   <div class='ocr_carea' id='block_1_42' title="bbox 2149 1476 3732 1558">
    <p class='ocr_par' dir='ltr' id='par_1_42' title="bbox 2149 1476 3732 1558">
     <span class='ocr_line' id='line_1_42' title="bbox 2149 1476 3732 1558; baseline -0.009 -16"><span class='ocrx_word' id='word_1_300' title='bbox 2149 1508 2208 1543; x_wconf 88' lang='grc' dir='ltr'><strong>τε</strong></span> <span class='ocrx_word' id='word_1_301' title='bbox 2239 1489 2332 1542; x_wconf 75' lang='grc' dir='ltr'>καὶ</span> <span class='ocrx_word' id='word_1_302' title='bbox 2364 1486 2747 1558; x_wconf 80' lang='grc' dir='ltr'>διεξαγόμεθα,</span> <span class='ocrx_word' id='word_1_303' title='bbox 2776 1486 2955 1539; x_wconf 77' lang='grc' dir='ltr'>πάντα</span> <span class='ocrx_word' id='word_1_304' title='bbox 2991 1484 3131 1538; x_wconf 84' lang='grc' dir='ltr'><strong>κατὰ</strong></span> <span class='ocrx_word' id='word_1_305' title='bbox 3150 1483 3211 1535; x_wconf 79' lang='grc' dir='ltr'><strong>τὸ</strong></span> <span class='ocrx_word' id='word_1_306' title='bbox 3246 1479 3438 1551; x_wconf 80' lang='grc' dir='ltr'>μέλλον</span> <span class='ocrx_word' id='word_1_307' title='bbox 3464 1478 3634 1544; x_wconf 77' lang='grc' dir='ltr'>δείξει</span> <span class='ocrx_word' id='word_1_308' title='bbox 3665 1476 3732 1528; x_wconf 81' lang='grc' dir='ltr'>τὰ</span> 
     </span>
    </p>
   </div>
   <div class='ocr_carea' id='block_1_43' title="bbox 2149 1569 3734 1650">
    <p class='ocr_par' dir='ltr' id='par_1_43' title="bbox 2149 1569 3734 1650">
     <span class='ocr_line' id='line_1_43' title="bbox 2149 1569 3734 1650; baseline -0.009 -16"><span class='ocrx_word' id='word_1_309' title='bbox 2149 1581 2398 1650; x_wconf 74' lang='grc' dir='ltr'>ἡμέτερα</span> <span class='ocrx_word' id='word_1_310' title='bbox 2426 1581 2459 1649; x_wconf 88' lang='grc' dir='ltr'>ή</span> <span class='ocrx_word' id='word_1_311' title='bbox 2487 1577 2800 1649; x_wconf 84' lang='grc' dir='ltr'>θεοπρεπὴς</span> <span class='ocrx_word' id='word_1_312' title='bbox 2861 1577 2960 1646; x_wconf 82' lang='grc' dir='ltr'>τῆς</span> <span class='ocrx_word' id='word_1_313' title='bbox 3002 1574 3352 1635; x_wconf 77' lang='grc' dir='ltr'>ἀναστάσεως</span> <span class='ocrx_word' id='word_1_314' title='bbox 3401 1569 3588 1641; x_wconf 81' lang='grc' dir='ltr'>χάρις,</span> <span class='ocrx_word' id='word_1_315' title='bbox 3648 1569 3734 1620; x_wconf 81' lang='grc' dir='ltr'>ἵνα</span> 
     </span>
    </p>
   </div>
   <div class='ocr_carea' id='block_1_44' title="bbox 2150 1659 3734 1740">
    <p class='ocr_par' dir='ltr' id='par_1_44' title="bbox 2150 1659 3734 1740">
     <span class='ocr_line' id='line_1_44' title="bbox 2150 1659 3734 1740; baseline -0.009 -16"><span class='ocrx_word' id='word_1_316' title='bbox 2150 1671 2341 1740; x_wconf 87' lang='grc' dir='ltr'>ῶσπερ</span> <span class='ocrx_word' id='word_1_317' title='bbox 2392 1670 2482 1723; x_wconf 82' lang='grc' dir='ltr'>διὰ</span> <span class='ocrx_word' id='word_1_318' title='bbox 2515 1669 2612 1740; x_wconf 83' lang='grc' dir='ltr'><strong>τὴν</strong></span> <span class='ocrx_word' id='word_1_319' title='bbox 2643 1668 2921 1740; x_wconf 76' lang='grc' dir='ltr'>ἁμαρτίαν</span> <span class='ocrx_word' id='word_1_320' title='bbox 2943 1665 3178 1720; x_wconf 83' lang='grc' dir='ltr'>ἐνταῦθα</span> <span class='ocrx_word' id='word_1_321' title='bbox 3213 1664 3471 1717; x_wconf 83' lang='grc' dir='ltr'>κατέπιεν</span> <span class='ocrx_word' id='word_1_322' title='bbox 3500 1662 3531 1713; x_wconf 89' lang='grc' dir='ltr'>ὁ</span> <span class='ocrx_word' id='word_1_323' title='bbox 3571 1659 3734 1712; x_wconf 76' lang='grc' dir='ltr'>θάνα-</span> 
     </span>
    </p>
   </div>
   <div class='ocr_carea' id='block_1_45' title="bbox 2149 1750 3735 1832">
    <p class='ocr_par' dir='ltr' id='par_1_45' title="bbox 2149 1750 3735 1832">
     <span class='ocr_line' id='line_1_45' title="bbox 2149 1750 3735 1832; baseline -0.008 -18"><span class='ocrx_word' id='word_1_324' title='bbox 2149 1779 2241 1826; x_wconf 89' lang='grc' dir='ltr'><strong>τος</strong></span> <span class='ocrx_word' id='word_1_325' title='bbox 2274 1761 2524 1832; x_wconf 76' lang='grc' dir='ltr'>ἰσχύσας,</span> <span class='ocrx_word' id='word_1_326' title='bbox 2553 1759 2699 1814; x_wconf 81' lang='grc' dir='ltr'>οῦτω</span> <span class='ocrx_word' id='word_1_327' title='bbox 2730 1758 3173 1828; x_wconf 77' lang='grc' dir='ltr'>καταποθήσεται</span> <span class='ocrx_word' id='word_1_328' title='bbox 3229 1753 3455 1815; x_wconf 83' lang='grc' dir='ltr'>δικαίως</span> <span class='ocrx_word' id='word_1_329' title='bbox 3498 1750 3735 1820; x_wconf 67' lang='grc' dir='ltr'>ἀσθενήο</span> 
     </span>
    </p>
   </div>
   <div class='ocr_carea' id='block_1_46' title="bbox 2154 1840 3735 1922">
    <p class='ocr_par' dir='ltr' id='par_1_46' title="bbox 2154 1840 3735 1922">
     <span class='ocr_line' id='line_1_46' title="bbox 2154 1840 3735 1922; baseline -0.007 -18"><span class='ocrx_word' id='word_1_330' title='bbox 2154 1869 2254 1916; x_wconf 90' lang='grc' dir='ltr'><strong>σας</strong></span> <span class='ocrx_word' id='word_1_331' title='bbox 2288 1854 2407 1906; x_wconf 87' lang='grc' dir='ltr'>ἐκεῖ</span> <span class='ocrx_word' id='word_1_332' title='bbox 2441 1851 2532 1906; x_wconf 83' lang='grc' dir='ltr'>διὰ</span> <span class='ocrx_word' id='word_1_333' title='bbox 2582 1851 2683 1922; x_wconf 84' lang='grc' dir='ltr'><strong>τὴν</strong></span> <span class='ocrx_word' id='word_1_334' title='bbox 2729 1850 2914 1921; x_wconf 83' lang='grc' dir='ltr'>χάριν.</span> <span class='ocrx_word' id='word_1_335' title='bbox 2969 1846 3155 1900; x_wconf 87' lang='grc' dir='ltr'>Ταῦτα</span> <span class='ocrx_word' id='word_1_336' title='bbox 3188 1845 3290 1916; x_wconf 75' lang='grc' dir='ltr'>μὲν</span> <span class='ocrx_word' id='word_1_337' title='bbox 3328 1846 3377 1896; x_wconf 75' lang='grc' dir='ltr'>εἰ</span> <span class='ocrx_word' id='word_1_338' title='bbox 3408 1841 3618 1906; x_wconf 87' lang='grc' dir='ltr'>καλῶς,</span> <span class='ocrx_word' id='word_1_339' title='bbox 3660 1840 3735 1901; x_wconf 84' lang='grc' dir='ltr'>ὡς</span> 
     </span>
    </p>
   </div>
   <div class='ocr_carea' id='block_1_47' title="bbox 2151 1935 3733 2016">
    <p class='ocr_par' dir='ltr' id='par_1_47' title="bbox 2151 1935 3733 2016">
     <span class='ocr_line' id='line_1_47' title="bbox 2151 1935 3733 2016; baseline -0.009 -18"><span class='ocrx_word' id='word_1_340' title='bbox 2151 1947 2389 2016; x_wconf 75' lang='grc' dir='ltr'>εἴρηται,</span> <span class='ocrx_word' id='word_1_341' title='bbox 2445 1945 2710 2016; x_wconf 81' lang='grc' dir='ltr'>χρήσαιτο</span> <span class='ocrx_word' id='word_1_342' title='bbox 2759 1944 2881 2006; x_wconf 86' lang='grc' dir='ltr'>ταῖς</span> <span class='ocrx_word' id='word_1_343' title='bbox 2912 1940 3088 2010; x_wconf 79' lang='grc' dir='ltr'>αὐτῆς</span> <span class='ocrx_word' id='word_1_344' title='bbox 3134 1937 3422 2007; x_wconf 84' lang='grc' dir='ltr'>δυνάμεσι,</span> <span class='ocrx_word' id='word_1_345' title='bbox 3460 1935 3560 1987; x_wconf 74' lang='grc' dir='ltr'>καὶ</span> <span class='ocrx_word' id='word_1_346' title='bbox 3593 1935 3733 1985; x_wconf 77' lang='grc' dir='ltr'><strong>κατὰ</strong></span> 
     </span>
    </p>
   </div>
   <div class='ocr_carea' id='block_1_48' title="bbox 2150 2023 3734 2100">
    <p class='ocr_par' dir='ltr' id='par_1_48' title="bbox 2150 2023 3734 2100">
     <span class='ocr_line' id='line_1_48' title="bbox 2150 2023 3734 2100; baseline -0.009 -10"><span class='ocrx_word' id='word_1_347' title='bbox 2150 2039 2240 2090; x_wconf 68' lang='grc' dir='ltr'>τὸν</span> <span class='ocrx_word' id='word_1_348' title='bbox 2269 2037 2482 2090; x_wconf 83' lang='grc' dir='ltr'>σκοπὸν</span> <span class='ocrx_word' id='word_1_349' title='bbox 2503 2035 2598 2089; x_wconf 84' lang='grc' dir='ltr'><strong>τοῦ</strong></span> <span class='ocrx_word' id='word_1_350' title='bbox 2637 2034 2795 2100; x_wconf 88' lang='grc' dir='ltr'>Θεοῦ,</span> <span class='ocrx_word' id='word_1_351' title='bbox 2825 2035 2915 2086; x_wconf 81' lang='grc' dir='ltr'><strong>τὸν</strong></span> <span class='ocrx_word' id='word_1_352' title='bbox 2964 2031 3224 2100; x_wconf 80' lang='grc' dir='ltr'>αἰσθητὸν</span> <span class='ocrx_word' id='word_1_353' title='bbox 3258 2029 3464 2098; x_wconf 82' lang='grc' dir='ltr'>κόσμον</span> <span class='ocrx_word' id='word_1_354' title='bbox 3501 2025 3596 2078; x_wconf 76' lang='grc' dir='ltr'>διὰ</span> <span class='ocrx_word' id='word_1_355' title='bbox 3626 2023 3734 2076; x_wconf 82' lang='grc' dir='ltr'><strong>τῶν</strong></span> 
     </span>
    </p>
   </div>
   <div class='ocr_carea' id='block_1_49' title="bbox 2150 2113 3732 2198">
    <p class='ocr_par' dir='ltr' id='par_1_49' title="bbox 2150 2113 3732 2198">
     <span class='ocr_line' id='line_1_49' title="bbox 2150 2113 3732 2198; baseline -0.01 -15"><span class='ocrx_word' id='word_1_356' title='bbox 2150 2132 2209 2183; x_wconf 84' lang='grc' dir='ltr'>ὲν</span> <span class='ocrx_word' id='word_1_357' title='bbox 2234 2129 2382 2198; x_wconf 84' lang='grc' dir='ltr'>αῦτῷ</span> <span class='ocrx_word' id='word_1_358' title='bbox 2418 2127 2808 2198; x_wconf 83' lang='grc' dir='ltr'>πνευματικῶν</span> <span class='ocrx_word' id='word_1_359' title='bbox 2845 2126 3019 2194; x_wconf 87' lang='grc' dir='ltr'>λόγων</span> <span class='ocrx_word' id='word_1_360' title='bbox 3074 2125 3107 2194; x_wconf 80' lang='grc' dir='ltr'>ἡ</span> <span class='ocrx_word' id='word_1_361' title='bbox 3134 2122 3281 2192; x_wconf 82' lang='grc' dir='ltr'>ψυχὴ</span> <span class='ocrx_word' id='word_1_362' title='bbox 3314 2118 3493 2187; x_wconf 88' lang='grc' dir='ltr'>σοφῶς</span> <span class='ocrx_word' id='word_1_363' title='bbox 3527 2113 3732 2169; x_wconf 73' lang='grc' dir='ltr'>διοδεύ-</span> 
     </span>
    </p>
   </div>
   <div class='ocr_carea' id='block_1_50' title="bbox 2153 2203 3733 2290">
    <p class='ocr_par' dir='ltr' id='par_1_50' title="bbox 2153 2203 3733 2290">
     <span class='ocr_line' id='line_1_50' title="bbox 2153 2203 3733 2290; baseline -0.012 -16"><span class='ocrx_word' id='word_1_364' title='bbox 2153 2239 2292 2274; x_wconf 80' lang='grc' dir='ltr'>σασα</span> <span class='ocrx_word' id='word_1_365' title='bbox 2323 2221 2460 2290; x_wconf 71' lang='grc' dir='ltr'>πρὸς</span> <span class='ocrx_word' id='word_1_366' title='bbox 2489 2220 2620 2271; x_wconf 72' lang='grc' dir='ltr'>Θεὸν</span> <span class='ocrx_word' id='word_1_367' title='bbox 2651 2218 2783 2290; x_wconf 73' lang='grc' dir='ltr'>ἔλθῃ</span> <span class='ocrx_word' id='word_1_368' title='bbox 2816 2217 2955 2288; x_wconf 85' lang='grc' dir='ltr'><strong>μετὰ</strong></span> <span class='ocrx_word' id='word_1_369' title='bbox 3005 2214 3311 2274; x_wconf 76' lang='grc' dir='ltr'>συνέσεωςο</span> <span class='ocrx_word' id='word_1_370' title='bbox 3355 2210 3404 2261; x_wconf 82' lang='grc' dir='ltr'><strong>εί</strong></span> <span class='ocrx_word' id='word_1_371' title='bbox 3454 2207 3512 2259; x_wconf 87' lang='grc' dir='ltr'>δὲ</span> <span class='ocrx_word' id='word_1_372' title='bbox 3547 2203 3733 2264; x_wconf 82' lang='grc' dir='ltr'>κακῶς</span> 
     </span>
    </p>
   </div>
   <div class='ocr_carea' id='block_1_51' title="bbox 2151 2296 3730 2384">
    <p class='ocr_par' dir='ltr' id='par_1_51' title="bbox 2151 2296 3730 2384">
     <span class='ocr_line' id='line_1_51' title="bbox 2151 2296 3730 2384; baseline -0.013 -17"><span class='ocrx_word' id='word_1_373' title='bbox 2151 2315 2438 2384; x_wconf 80' lang='grc' dir='ltr'>χρήσαιτο,</span> <span class='ocrx_word' id='word_1_374' title='bbox 2480 2311 2632 2381; x_wconf 65' lang='grc' dir='ltr'>παρὰ</span> <span class='ocrx_word' id='word_1_375' title='bbox 2664 2309 2754 2362; x_wconf 77' lang='grc' dir='ltr'>τὸν</span> <span class='ocrx_word' id='word_1_376' title='bbox 2778 2308 2968 2361; x_wconf 87' lang='grc' dir='ltr'>δέοντα</span> <span class='ocrx_word' id='word_1_377' title='bbox 2993 2306 3152 2373; x_wconf 91' lang='grc' dir='ltr'>λόγον</span> <span class='ocrx_word' id='word_1_378' title='bbox 3190 2303 3286 2356; x_wconf 74' lang='grc' dir='ltr'><strong>τὸν</strong></span> <span class='ocrx_word' id='word_1_379' title='bbox 3339 2299 3592 2370; x_wconf 83' lang='grc' dir='ltr'>παρόντα</span> <span class='ocrx_word' id='word_1_380' title='bbox 3614 2296 3730 2348; x_wconf 86' lang='grc' dir='ltr'>δια-</span> 
     </span>
    </p>
   </div>
   <div class='ocr_carea' id='block_1_52' title="bbox 2149 2386 3724 2472">
    <p class='ocr_par' dir='ltr' id='par_1_52' title="bbox 2149 2386 3724 2472">
     <span class='ocr_line' id='line_1_52' title="bbox 2149 2386 3724 2472; baseline -0.012 -16"><span class='ocrx_word' id='word_1_381' title='bbox 2149 2403 2400 2472; x_wconf 71' lang='grc' dir='ltr'>θρῆσασα</span> <span class='ocrx_word' id='word_1_382' title='bbox 2426 2401 2652 2469; x_wconf 85' lang='grc' dir='ltr'>κόσμον,</span> <span class='ocrx_word' id='word_1_383' title='bbox 2689 2400 2791 2452; x_wconf 82' lang='grc' dir='ltr'><strong>οὐκ</strong></span> <span class='ocrx_word' id='word_1_384' title='bbox 2819 2397 3011 2468; x_wconf 77' lang='grc' dir='ltr'>ἄδηλόν</span> <span class='ocrx_word' id='word_1_385' title='bbox 3045 2411 3162 2457; x_wconf 88' lang='grc' dir='ltr'><strong>πως</strong></span> <span class='ocrx_word' id='word_1_386' title='bbox 3185 2395 3264 2455; x_wconf 78' lang='grc' dir='ltr'>εἰς</span> <span class='ocrx_word' id='word_1_387' title='bbox 3302 2390 3447 2459; x_wconf 76' lang='grc' dir='ltr'>πάθη</span> <span class='ocrx_word' id='word_1_388' title='bbox 3498 2386 3724 2456; x_wconf 80' lang='grc' dir='ltr'>ἀτιμίας</span> 
     </span>
    </p>
   </div>
   <div class='ocr_carea' id='block_1_53' title="bbox 2151 2475 3735 2562">
    <p class='ocr_par' dir='ltr' id='par_1_53' title="bbox 2151 2475 3735 2562">
     <span class='ocr_line' id='line_1_53' title="bbox 2151 2475 3735 2562; baseline -0.012 -16"><span class='ocrx_word' id='word_1_389' title='bbox 2151 2493 2521 2556; x_wconf 79' lang='grc' dir='ltr'>ἐκπίπτουσα,</span> <span class='ocrx_word' id='word_1_390' title='bbox 2565 2493 2657 2544; x_wconf 64' lang='grc' dir='ltr'><strong>καὶ</strong></span> <span class='ocrx_word' id='word_1_391' title='bbox 2693 2494 2792 2562; x_wconf 79' lang='grc' dir='ltr'><strong>τῆς</strong></span> <span class='ocrx_word' id='word_1_392' title='bbox 2845 2489 2998 2550; x_wconf 88' lang='grc' dir='ltr'>θείας</span> <span class='ocrx_word' id='word_1_393' title='bbox 3038 2486 3196 2555; x_wconf 76' lang='grc' dir='ltr'>δόξης</span> <span class='ocrx_word' id='word_1_394' title='bbox 3228 2483 3453 2543; x_wconf 76' lang='grc' dir='ltr'>εἰκότως</span> <span class='ocrx_word' id='word_1_395' title='bbox 3502 2478 3649 2533; x_wconf 78' lang='grc' dir='ltr'>κατὰ</span> <span class='ocrx_word' id='word_1_396' title='bbox 3677 2475 3735 2527; x_wconf 77' lang='grc' dir='ltr'><strong>τὸ</strong></span> 
     </span>
    </p>
   </div>
   <div class='ocr_carea' id='block_1_54' title="bbox 2155 2569 3735 2654">
    <p class='ocr_par' dir='ltr' id='par_1_54' title="bbox 2155 2569 3735 2654">
     <span class='ocr_line' id='line_1_54' title="bbox 2155 2569 3735 2654; baseline -0.012 -18"><span class='ocrx_word' id='word_1_397' title='bbox 2155 2585 2348 2654; x_wconf 83' lang='grc' dir='ltr'>μέλλον</span> <span class='ocrx_word' id='word_1_398' title='bbox 2383 2581 2836 2652; x_wconf 76' lang='grc' dir='ltr'>ἁποῤῥιφήσεται,</span> <span class='ocrx_word' id='word_1_399' title='bbox 2882 2580 3118 2650; x_wconf 80' lang='grc' dir='ltr'>φοϐερὰν</span> <span class='ocrx_word' id='word_1_400' title='bbox 3147 2577 3236 2628; x_wconf 80' lang='grc' dir='ltr'>ἐπ’</span> <span class='ocrx_word' id='word_1_401' title='bbox 3265 2574 3456 2628; x_wconf 74' lang='grc' dir='ltr'>αἰῶσιν</span> <span class='ocrx_word' id='word_1_402' title='bbox 3480 2569 3735 2637; x_wconf 79' lang='grc' dir='ltr'>ἀπείροις</span> 
     </span>
    </p>
   </div>
   <div class='ocr_carea' id='block_1_55' title="bbox 2149 2658 3728 2744">
    <p class='ocr_par' dir='ltr' id='par_1_55' title="bbox 2149 2658 3728 2744">
     <span class='ocr_line' id='line_1_55' title="bbox 2149 2658 3728 2744; baseline -0.011 -18"><span class='ocrx_word' id='word_1_403' title='bbox 2149 2674 2393 2728; x_wconf 81' lang='grc' dir='ltr'>λαὸοῦσα</span> <span class='ocrx_word' id='word_1_404' title='bbox 2447 2675 2775 2744; x_wconf 80' lang='grc' dir='ltr'>κατάκρισιν</span> <span class='ocrx_word' id='word_1_405' title='bbox 2826 2671 2925 2742; x_wconf 87' lang='grc' dir='ltr'><strong>τὴν</strong></span> <span class='ocrx_word' id='word_1_406' title='bbox 2966 2671 3102 2742; x_wconf 79' lang='grc' dir='ltr'>πρὸς</span> <span class='ocrx_word' id='word_1_407' title='bbox 3155 2668 3248 2721; x_wconf 75' lang='grc' dir='ltr'><strong>τὸν</strong></span> <span class='ocrx_word' id='word_1_408' title='bbox 3298 2665 3432 2718; x_wconf 75' lang='grc' dir='ltr'>Θεὸν</span> <span class='ocrx_word' id='word_1_409' title='bbox 3463 2658 3728 2730; x_wconf 72' lang='grc' dir='ltr'>σχετικὴν</span> 
     </span>
    </p>
   </div>
   <div class='ocr_carea' id='block_1_56' title="bbox 462 2756 3732 2838">
    <p class='ocr_par' dir='ltr' id='par_1_56' title="bbox 462 2756 3732 2838">
     <span class='ocr_line' id='line_1_56' title="bbox 462 2756 3732 2838; baseline -0.004 -25"><span class='ocrx_word' id='word_1_410' title='bbox 462 2761 838 2831; x_wconf 79' lang='grc' dir='ltr'>ἀλλοτρίωσιν,</span> <span class='ocrx_word' id='word_1_411' title='bbox 869 2756 1012 2835; x_wconf 70' lang='grc' dir='ltr'>ἐφἐᾖ</span> <span class='ocrx_word' id='word_1_412' title='bbox 1047 2763 1350 2832; x_wconf 85' lang='grc' dir='ltr'>τρεχομένη</span> <span class='ocrx_word' id='word_1_413' title='bbox 1375 2764 1473 2816; x_wconf 86' lang='grc' dir='ltr'><strong>οῦκ</strong></span> <span class='ocrx_word' id='word_1_414' title='bbox 1514 2763 1627 2833; x_wconf 80' lang='grc' dir='ltr'>ἔχει</span> <span class='ocrx_word' id='word_1_415' title='bbox 1658 2765 1836 2832; x_wconf 85' lang='grc' dir='ltr'>λέγειν</span> <span class='ocrx_word' id='word_1_416' title='bbox 1871 2765 1947 2826; x_wconf 80' lang='grc' dir='ltr'>ὡς</span> <span class='ocrx_word' id='word_1_417' title='bbox 1979 2765 2040 2816; x_wconf 82' lang='grc' dir='ltr'><strong>οὐ</strong></span> <span class='ocrx_word' id='word_1_418' title='bbox 2079 2765 2322 2830; x_wconf 85' lang='grc' dir='ltr'>δικαίως,</span> <span class='ocrx_word' id='word_1_419' title='bbox 2384 2768 2484 2838; x_wconf 86' lang='grc' dir='ltr'><strong>τὴν</strong></span> <span class='ocrx_word' id='word_1_420' title='bbox 2519 2766 2906 2836; x_wconf 72' lang='grc' dir='ltr'>ῦποστήσασαν</span> <span class='ocrx_word' id='word_1_421' title='bbox 2964 2763 3026 2815; x_wconf 81' lang='grc' dir='ltr'>τὸ</span> <span class='ocrx_word' id='word_1_422' title='bbox 3071 2763 3146 2832; x_wconf 83' lang='grc' dir='ltr'><strong>μὴ</strong></span> <span class='ocrx_word' id='word_1_423' title='bbox 3179 2759 3239 2812; x_wconf 82' lang='grc' dir='ltr'>ὃν</span> <span class='ocrx_word' id='word_1_424' title='bbox 3283 2757 3522 2813; x_wconf 76' lang='grc' dir='ltr'>διάθεσιν</span> <span class='ocrx_word' id='word_1_425' title='bbox 3595 2765 3732 2802; x_wconf 79' lang='grc' dir='ltr'>κατ-</span> 
     </span>
    </p>
   </div>
   <div class='ocr_carea' id='block_1_57' title="bbox 463 2843 3732 2932">
    <p class='ocr_par' dir='ltr' id='par_1_57' title="bbox 463 2843 3732 2932">
     <span class='ocr_line' id='line_1_57' title="bbox 463 2843 3732 2932; baseline -0.003 -26"><span class='ocrx_word' id='word_1_426' title='bbox 463 2854 662 2924; x_wconf 83' lang='grc' dir='ltr'>ήγορον</span> <span class='ocrx_word' id='word_1_427' title='bbox 717 2855 952 2924; x_wconf 79' lang='grc' dir='ltr'>ἔχουσα,</span> <span class='ocrx_word' id='word_1_428' title='bbox 1031 2857 1095 2923; x_wconf 81' lang='grc' dir='ltr'>ἣν</span> <span class='ocrx_word' id='word_1_429' title='bbox 1156 2855 1422 2924; x_wconf 75' lang='grc' dir='ltr'>ἀγνοῆσαι</span> <span class='ocrx_word' id='word_1_430' title='bbox 1473 2856 1724 2909; x_wconf 72' lang='grc' dir='ltr'>οὐδέποτε</span> <span class='ocrx_word' id='word_1_431' title='bbox 1798 2857 2045 2911; x_wconf 75' lang='grc' dir='ltr'>δύναται.</span> <span class='ocrx_word' id='word_1_432' title='bbox 2106 2860 2246 2913; x_wconf 80' lang='grc' dir='ltr'>Ἀλλ’</span> <span class='ocrx_word' id='word_1_433' title='bbox 2292 2861 2385 2914; x_wconf 71' lang='grc' dir='ltr'>ἐπὶ</span> <span class='ocrx_word' id='word_1_434' title='bbox 2475 2861 2536 2914; x_wconf 86' lang='grc' dir='ltr'><strong>τὸ</strong></span> <span class='ocrx_word' id='word_1_435' title='bbox 2597 2859 2956 2932; x_wconf 89' lang='grc' dir='ltr'>προκείμενον</span> <span class='ocrx_word' id='word_1_436' title='bbox 3028 2858 3158 2927; x_wconf 79' lang='grc' dir='ltr'>ἡμῖν</span> <span class='ocrx_word' id='word_1_437' title='bbox 3244 2850 3582 2907; x_wconf 78' lang='grc' dir='ltr'>ἐπανακτέον</span> <span class='ocrx_word' id='word_1_438' title='bbox 3639 2843 3732 2897; x_wconf 69' lang='grc' dir='ltr'><strong>τὸν</strong></span> 
     </span>
    </p>
   </div>
   <div class='ocr_carea' id='block_1_58' title="bbox 461 2945 640 3018">
    <p class='ocr_par' dir='ltr' id='par_1_58' title="bbox 461 2945 640 3018">
     <span class='ocr_line' id='line_1_58' title="bbox 461 2945 640 3018; baseline 0.017 -20"><span class='ocrx_word' id='word_1_439' title='bbox 461 2945 640 3018; x_wconf 83' lang='grc' dir='ltr'>λόγον.</span> 
     </span>
    </p>
   </div>
   <div class='ocr_carea' id='block_1_59' title="bbox 531 3033 2049 3106">
    <p class='ocr_par' dir='ltr' id='par_1_59' title="bbox 531 3033 2049 3106">
     <span class='ocr_line' id='line_1_59' title="bbox 531 3033 2049 3106; baseline -0.001 -14"><span class='ocrx_word' id='word_1_440' title='bbox 531 3037 749 3092; x_wconf 87' lang='lat' dir='ltr'><strong>Etenim</strong></span> <span class='ocrx_word' id='word_1_441' title='bbox 781 3035 1115 3106; x_wconf 83' lang='lat' dir='ltr'><strong>evangelista</strong></span> <span class='ocrx_word' id='word_1_442' title='bbox 1151 3035 1342 3090; x_wconf 89' lang='lat' dir='ltr'><strong>dicens</strong></span> <span class='ocrx_word' id='word_1_443' title='bbox 1374 3052 1388 3086; x_wconf 85' lang='lat'><strong>:</strong></span> <span class='ocrx_word' id='word_1_444' title='bbox 1423 3033 1555 3088; x_wconf 83' lang='lat' dir='ltr'><strong>Sunt</strong></span> <span class='ocrx_word' id='word_1_445' title='bbox 1593 3052 1712 3089; x_wconf 85' lang='lat' dir='ltr'><strong>vero</strong></span> <span class='ocrx_word' id='word_1_446' title='bbox 1747 3038 1904 3090; x_wconf 83' lang='lat' dir='ltr'><strong>etiam</strong></span> <span class='ocrx_word' id='word_1_447' title='bbox 1937 3036 2049 3092; x_wconf 82' lang='lat' dir='ltr'><strong>alia</strong></span> 
     </span>
    </p>
   </div>
   <div class='ocr_carea' id='block_1_60' title="bbox 2228 3026 3732 3105">
    <p class='ocr_par' dir='ltr' id='par_1_60' title="bbox 2228 3026 3732 3105">
     <span class='ocr_line' id='line_1_60' title="bbox 2228 3026 3732 3105; baseline -0.004 -16"><span class='ocrx_word' id='word_1_448' title='bbox 2228 3035 2412 3091; x_wconf 80' lang='grc' dir='ltr'>Εἰπὼν</span> <span class='ocrx_word' id='word_1_449' title='bbox 2444 3035 2554 3105; x_wconf 82' lang='grc' dir='ltr'><strong>γὰρ</strong></span> <span class='ocrx_word' id='word_1_450' title='bbox 2580 3035 2609 3087; x_wconf 83' lang='grc' dir='ltr'><strong>ό</strong></span> <span class='ocrx_word' id='word_1_451' title='bbox 2637 3031 3060 3101; x_wconf 83' lang='grc' dir='ltr'>εὑαγγελιστής·</span> <span class='ocrx_word' id='word_1_452' title='bbox 3095 3031 3270 3083; x_wconf 81' lang='grc' dir='ltr'>Ἐστι</span> <span class='ocrx_word' id='word_1_453' title='bbox 3296 3026 3364 3080; x_wconf 77' lang='grc' dir='ltr'>δὲ</span> <span class='ocrx_word' id='word_1_454' title='bbox 3417 3029 3517 3081; x_wconf 81' lang='grc' dir='ltr'>και</span> <span class='ocrx_word' id='word_1_455' title='bbox 3565 3029 3732 3083; x_wconf 73' lang='grc' dir='ltr'>ἄλλα</span> 
     </span>
    </p>
   </div>
   <div class='ocr_carea' id='block_1_61' title="bbox 458 3113 2041 3200">
    <p class='ocr_par' dir='ltr' id='par_1_61' title="bbox 458 3126 2041 3200">
     <span class='ocr_line' id='line_1_61' title="bbox 458 3126 2041 3200; baseline -0.001 -17"><span class='ocrx_word' id='word_1_456' title='bbox 458 3146 623 3200; x_wconf 86' lang='lat' dir='ltr'><strong>quam</strong></span> <span class='ocrx_word' id='word_1_457' title='bbox 654 3127 819 3181; x_wconf 82' lang='lat' dir='ltr'><strong>multa</strong></span> <span class='ocrx_word' id='word_1_458' title='bbox 849 3143 967 3196; x_wconf 74' lang='lat' dir='ltr'><strong>quw</strong></span> <span class='ocrx_word' id='word_1_459' title='bbox 997 3126 1147 3180; x_wconf 74' lang='lat' dir='ltr'><strong>Iesus</strong></span> <span class='ocrx_word' id='word_1_460' title='bbox 1174 3127 1311 3195; x_wconf 75' lang='lat' dir='ltr'><strong>fecit,</strong></span> <span class='ocrx_word' id='word_1_461' title='bbox 1339 3141 1455 3195; x_wconf 72' lang='lat' dir='ltr'><strong>qua:</strong></span> <span class='ocrx_word' id='word_1_462' title='bbox 1478 3127 1594 3179; x_wconf 79' lang='lat' dir='ltr'><strong>siin</strong></span> <span class='ocrx_word' id='word_1_463' title='bbox 1623 3144 1786 3179; x_wconf 81' lang='lat' dir='ltr'><strong>unum</strong></span> <span class='ocrx_word' id='word_1_464' title='bbox 1819 3130 2041 3182; x_wconf 79' lang='lat' dir='ltr'><strong>conscri-</strong></span> 
     </span>
    </p>
   </div>
   <div class='ocr_carea' id='block_1_62' title="bbox 2147 3113 3731 3200">
    <p class='ocr_par' dir='ltr' id='par_1_62' title="bbox 2148 3113 3731 3196">
     <span class='ocr_line' id='line_1_62' title="bbox 2148 3113 3731 3196; baseline -0.004 -12"><span class='ocrx_word' id='word_1_465' title='bbox 2148 3131 2352 3184; x_wconf 76' lang='grc' dir='ltr'>πολλὰ</span> <span class='ocrx_word' id='word_1_466' title='bbox 2371 3129 2510 3196; x_wconf 60' lang='grc' dir='ltr'>,ὅσα</span> <span class='ocrx_word' id='word_1_467' title='bbox 2539 3129 2833 3192; x_wconf 73' lang='grc' dir='ltr'>ἐποίησεν</span> <span class='ocrx_word' id='word_1_468' title='bbox 2873 3129 2906 3179; x_wconf 85' lang='grc' dir='ltr'><strong>ό</strong></span> <span class='ocrx_word' id='word_1_469' title='bbox 2934 3113 3196 3190; x_wconf 67' lang='grc' dir='ltr'>Ἰησοῦς,</span> <span class='ocrx_word' id='word_1_470' title='bbox 3238 3123 3411 3176; x_wconf 70' lang='grc' dir='ltr'>ἅτινα</span> <span class='ocrx_word' id='word_1_471' title='bbox 3444 3121 3556 3175; x_wconf 77' lang='grc' dir='ltr'><strong>ἐὰν</strong></span> <span class='ocrx_word' id='word_1_472' title='bbox 3583 3122 3731 3190; x_wconf 70' lang='grc' dir='ltr'><strong>γράο</strong></span> 
     </span>
    </p>
   </div>
   <div class='ocr_carea' id='block_1_63' title="bbox 461 3218 2044 3287">
    <p class='ocr_par' dir='ltr' id='par_1_63' title="bbox 461 3218 2044 3287">
     <span class='ocr_line' id='line_1_63' title="bbox 461 3218 2044 3287; baseline 0.001 -15"><span class='ocrx_word' id='word_1_473' title='bbox 461 3219 727 3282; x_wconf 83' lang='lat' dir='ltr'><strong>berentur,</strong></span> <span class='ocrx_word' id='word_1_474' title='bbox 769 3233 833 3270; x_wconf 85' lang='lat' dir='ltr'><strong>ne</strong></span> <span class='ocrx_word' id='word_1_475' title='bbox 865 3219 1037 3287; x_wconf 77' lang='lat' dir='ltr'><strong>ipsum</strong></span> <span class='ocrx_word' id='word_1_476' title='bbox 1078 3218 1287 3285; x_wconf 87' lang='lat' dir='ltr'><strong>quidem</strong></span> <span class='ocrx_word' id='word_1_477' title='bbox 1332 3218 1583 3270; x_wconf 84' lang='lat' dir='ltr'><strong>mundum</strong></span> <span class='ocrx_word' id='word_1_478' title='bbox 1616 3226 1893 3286; x_wconf 81' lang='lat' dir='ltr'><strong>capturum</strong></span> <span class='ocrx_word' id='word_1_479' title='bbox 1937 3235 2044 3273; x_wconf 75' lang='lat' dir='ltr'><strong>esse</strong></span> 
     </span>
    </p>
   </div>
   <div class='ocr_carea' id='block_1_64' title="bbox 459 3306 2044 3377">
    <p class='ocr_par' dir='ltr' id='par_1_64' title="bbox 459 3306 2044 3377">
     <span class='ocr_line' id='line_1_64' title="bbox 459 3306 2044 3377; baseline 0.003 -15"><span class='ocrx_word' id='word_1_480' title='bbox 459 3309 688 3362; x_wconf 83' lang='lat' dir='ltr'><strong>arbitror</strong></span> <span class='ocrx_word' id='word_1_481' title='bbox 720 3307 875 3360; x_wconf 81' lang='lat' dir='ltr'><strong>libros</strong></span> <span class='ocrx_word' id='word_1_482' title='bbox 895 3308 1114 3377; x_wconf 81' lang='lat' dir='ltr'><strong>scriptos</strong></span> <span class='ocrx_word' id='word_1_483' title='bbox 1149 3306 1189 3370; x_wconf 77' lang='grc' dir='ltr'>ι,</span> <span class='ocrx_word' id='word_1_484' title='bbox 1215 3324 1311 3376; x_wconf 87' lang='lat' dir='ltr'><strong>per</strong></span> <span class='ocrx_word' id='word_1_485' title='bbox 1337 3307 1452 3361; x_wconf 71' lang='lat' dir='ltr'><strong>lucc</strong></span> <span class='ocrx_word' id='word_1_486' title='bbox 1477 3308 1636 3362; x_wconf 89' lang='lat' dir='ltr'><strong>nobis</strong></span> <span class='ocrx_word' id='word_1_487' title='bbox 1667 3310 1953 3375; x_wconf 84' lang='lat' dir='ltr'><strong>revelavit,</strong></span> <span class='ocrx_word' id='word_1_488' title='bbox 1979 3326 2044 3366; x_wconf 84' lang='lat' dir='ltr'><strong>ea</strong></span> 
     </span>
    </p>
   </div>
   <div class='ocr_carea' id='block_1_65' title="bbox 458 3395 2042 3470">
    <p class='ocr_par' dir='ltr' id='par_1_65' title="bbox 458 3395 2042 3470">
     <span class='ocr_line' id='line_1_65' title="bbox 458 3395 2042 3470; baseline 0.002 -19"><span class='ocrx_word' id='word_1_489' title='bbox 458 3414 581 3466; x_wconf 62' lang='lat' dir='ltr'><strong>quae</strong></span> <span class='ocrx_word' id='word_1_490' title='bbox 605 3399 673 3452; x_wconf 91' lang='lat' dir='ltr'><strong>ab</strong></span> <span class='ocrx_word' id='word_1_491' title='bbox 695 3395 978 3466; x_wconf 38' lang='lat' dir='ltr'><strong>se‘scripta</strong></span> <span class='ocrx_word' id='word_1_492' title='bbox 1009 3409 1192 3452; x_wconf 90' lang='lat' dir='ltr'><strong>essent</strong></span> <span class='ocrx_word' id='word_1_493' title='bbox 1223 3400 1718 3468; x_wconf 90' lang='lat' dir='ltr'><strong>complanationem</strong></span> <span class='ocrx_word' id='word_1_494' title='bbox 1748 3401 2042 3470; x_wconf 90' lang='lat' dir='ltr'><strong>quamdam</strong></span> 
     </span>
    </p>
   </div>
   <div class='ocr_carea' id='block_1_66' title="bbox 458 3489 2043 3562">
    <p class='ocr_par' dir='ltr' id='par_1_66' title="bbox 458 3489 2043 3562">
     <span class='ocr_line' id='line_1_66' title="bbox 458 3489 2043 3562; baseline 0.004 -20"><span class='ocrx_word' id='word_1_495' title='bbox 458 3490 716 3558; x_wconf 73' lang='lat' dir='ltr'><strong>praeviam</strong></span> <span class='ocrx_word' id='word_1_496' title='bbox 744 3505 864 3544; x_wconf 89' lang='lat' dir='ltr'><strong>esse</strong></span> <span class='ocrx_word' id='word_1_497' title='bbox 899 3489 1246 3558; x_wconf 83' lang='lat' dir='ltr'><strong>perfectioris</strong></span> <span class='ocrx_word' id='word_1_498' title='bbox 1289 3501 1344 3545; x_wconf 90' lang='lat' dir='ltr'><strong>et</strong></span> <span class='ocrx_word' id='word_1_499' title='bbox 1373 3492 1554 3546; x_wconf 86' lang='lat' dir='ltr'><strong>adhuc</strong></span> <span class='ocrx_word' id='word_1_500' title='bbox 1587 3492 2043 3562; x_wconf 88' lang='lat' dir='ltr'><strong>impcrccptibilis</strong></span> 
     </span>
    </p>
   </div>
   <div class='ocr_carea' id='block_1_67' title="bbox 460 3579 2041 3651">
    <p class='ocr_par' dir='ltr' id='par_1_67' title="bbox 460 3579 2041 3651">
     <span class='ocr_line' id='line_1_67' title="bbox 460 3579 2041 3651; baseline 0.005 -20"><span class='ocrx_word' id='word_1_501' title='bbox 460 3580 712 3633; x_wconf 86' lang='lat' dir='ltr'><strong>rationis.</strong></span> <span class='ocrx_word' id='word_1_502' title='bbox 762 3579 874 3636; x_wconf 84' lang='lat' dir='ltr'><strong>liae</strong></span> <span class='ocrx_word' id='word_1_503' title='bbox 921 3581 1088 3651; x_wconf 80' lang='lat' dir='ltr'><strong>igitur</strong></span> <span class='ocrx_word' id='word_1_504' title='bbox 1152 3583 1424 3636; x_wconf 86' lang='lat' dir='ltr'><strong>sententia</strong></span> <span class='ocrx_word' id='word_1_505' title='bbox 1473 3583 1739 3637; x_wconf 83' lang='lat' dir='ltr'><strong>Joannem</strong></span> <span class='ocrx_word' id='word_1_506' title='bbox 1787 3593 2041 3639; x_wconf 90' lang='lat' dir='ltr'><strong>sanctum</strong></span> 
     </span>
    </p>
   </div>
   <div class='ocr_carea' id='block_1_68' title="bbox 455 3672 2040 3745">
    <p class='ocr_par' dir='ltr' id='par_1_68' title="bbox 455 3672 2040 3745">
     <span class='ocr_line' id='line_1_68' title="bbox 455 3672 2040 3745; baseline 0.005 -22"><span class='ocrx_word' id='word_1_507' title='bbox 455 3672 846 3741; x_wconf 82' lang='lat' dir='ltr'><strong>evangelistam</strong></span> <span class='ocrx_word' id='word_1_508' title='bbox 875 3673 921 3726; x_wconf 90' lang='lat' dir='ltr'><strong>si</strong></span> <span class='ocrx_word' id='word_1_509' title='bbox 949 3672 1074 3742; x_wconf 92' lang='lat' dir='ltr'><strong>quis</strong></span> <span class='ocrx_word' id='word_1_510' title='bbox 1101 3688 1498 3742; x_wconf 65' lang='lat' dir='ltr'><strong>prmcursorem</strong></span> <span class='ocrx_word' id='word_1_511' title='bbox 1527 3677 1836 3745; x_wconf 86' lang='lat' dir='ltr'><strong>appellarit,</strong></span> <span class='ocrx_word' id='word_1_512' title='bbox 1860 3677 1914 3730; x_wconf 92' lang='lat' dir='ltr'><strong>in</strong></span> <span class='ocrx_word' id='word_1_513' title='bbox 1940 3693 2040 3731; x_wconf 93' lang='lat' dir='ltr'><strong>suo</strong></span> 
     </span>
    </p>
   </div>
   <div class='ocr_carea' id='block_1_69' title="bbox 455 3754 2038 3836">
    <p class='ocr_par' dir='ltr' id='par_1_69' title="bbox 455 3754 2038 3836">
     <span class='ocr_line' id='line_1_69' title="bbox 455 3754 2038 3836; baseline 0.005 -21"><span class='ocrx_word' id='word_1_514' title='bbox 455 3763 719 3816; x_wconf 91' lang='lat' dir='ltr'><strong>nimirum</strong></span> <span class='ocrx_word' id='word_1_515' title='bbox 771 3764 1067 3833; x_wconf 79' lang='lat' dir='ltr'><strong>Evangelia</strong></span> <span class='ocrx_word' id='word_1_516' title='bbox 1113 3764 1262 3834; x_wconf 91' lang='lat' dir='ltr'><strong>quod</strong></span> <span class='ocrx_word' id='word_1_517' title='bbox 1307 3766 1374 3819; x_wconf 90' lang='lat' dir='ltr'><strong>ad</strong></span> <span class='ocrx_word' id='word_1_518' title='bbox 1426 3754 1843 3836; x_wconf 67' lang='lat' dir='ltr'><strong>prmparandam</strong></span> <span class='ocrx_word' id='word_1_519' title='bbox 1894 3769 2038 3823; x_wconf 90' lang='lat' dir='ltr'><strong>viam</strong></span> 
     </span>
    </p>
   </div>
   <div class='ocr_carea' id='block_1_70' title="bbox 456 3852 2038 3926">
    <p class='ocr_par' dir='ltr' id='par_1_70' title="bbox 456 3852 2038 3926">
     <span class='ocr_line' id='line_1_70' title="bbox 456 3852 2038 3926; baseline 0.004 -21"><span class='ocrx_word' id='word_1_520' title='bbox 456 3852 761 3906; x_wconf 87' lang='lat' dir='ltr'><strong>intellectui</strong></span> <span class='ocrx_word' id='word_1_521' title='bbox 807 3854 1305 3923; x_wconf 81' lang='lat' dir='ltr'><strong>adperfectiorem</strong></span> <span class='ocrx_word' id='word_1_522' title='bbox 1349 3856 1616 3910; x_wconf 90' lang='lat' dir='ltr'><strong>rationem</strong></span> <span class='ocrx_word' id='word_1_523' title='bbox 1665 3858 2038 3926; x_wconf 84' lang='lat' dir='ltr'><strong>recipiendam</strong></span> 
     </span>
    </p>
   </div>
   <div class='ocr_carea' id='block_1_71' title="bbox 456 3935 2039 4018">
    <p class='ocr_par' dir='ltr' id='par_1_71' title="bbox 456 3935 2039 4018">
     <span class='ocr_line' id='line_1_71' title="bbox 456 3935 2039 4018; baseline 0.004 -20"><span class='ocrx_word' id='word_1_524' title='bbox 456 3935 786 4012; x_wconf 76' lang='lat' dir='ltr'><strong>Composuit,</strong></span> <span class='ocrx_word' id='word_1_525' title='bbox 821 3944 865 3997; x_wconf 92' lang='lat' dir='ltr'><strong>is</strong></span> <span class='ocrx_word' id='word_1_526' title='bbox 900 3959 930 3997; x_wconf 89' lang='lat' dir='ltr'><strong>a</strong></span> <span class='ocrx_word' id='word_1_527' title='bbox 971 3945 1208 4000; x_wconf 86' lang='lat' dir='ltr'><strong>veritate</strong></span> <span class='ocrx_word' id='word_1_528' title='bbox 1254 3963 1365 4001; x_wconf 91' lang='lat' dir='ltr'><strong>non</strong></span> <span class='ocrx_word' id='word_1_529' title='bbox 1406 3946 1705 4002; x_wconf 87' lang='lat' dir='ltr'><strong>aberrabit.</strong></span> <span class='ocrx_word' id='word_1_530' title='bbox 1742 3948 1833 4003; x_wconf 89' lang='lat' dir='ltr'><strong>Sic</strong></span> <span class='ocrx_word' id='word_1_531' title='bbox 1873 3950 2039 4018; x_wconf 90' lang='lat' dir='ltr'><strong>igitur</strong></span> 
     </span>
    </p>
   </div>
   <div class='ocr_carea' id='block_1_72' title="bbox 347 4020 2040 4110">
    <p class='ocr_par' dir='ltr' id='par_1_72' title="bbox 347 4020 2040 4110">
     <span class='ocr_line' id='line_1_72' title="bbox 347 4020 2040 4110; baseline 0.004 -23"><span class='ocrx_word' id='word_1_532' title='bbox 347 4020 362 4033; x_wconf 79' lang='grc'><strong>’</strong></span> <span class='ocrx_word' id='word_1_533' title='bbox 456 4051 707 4105; x_wconf 84' lang='lat' dir='ltr'><strong>magnam</strong></span> <span class='ocrx_word' id='word_1_534' title='bbox 739 4036 992 4089; x_wconf 85' lang='lat' dir='ltr'><strong>veritatis</strong></span> <span class='ocrx_word' id='word_1_535' title='bbox 1018 4052 1211 4090; x_wconf 89' lang='lat' dir='ltr'><strong>vocem</strong></span> <span class='ocrx_word' id='word_1_536' title='bbox 1239 4037 1436 4092; x_wconf 89' lang='lat' dir='ltr'><strong>doctor</strong></span> <span class='ocrx_word' id='word_1_537' title='bbox 1461 4047 1624 4092; x_wconf 90' lang='lat' dir='ltr'><strong>vocat</strong></span> <span class='ocrx_word' id='word_1_538' title='bbox 1655 4054 1780 4092; x_wconf 91' lang='lat' dir='ltr'><strong>eum</strong></span> <span class='ocrx_word' id='word_1_539' title='bbox 1811 4042 1903 4109; x_wconf 90' lang='lat' dir='ltr'><strong>qui</strong></span> <span class='ocrx_word' id='word_1_540' title='bbox 1929 4041 2040 4110; x_wconf 87' lang='lat' dir='ltr'><strong>spi-</strong></span> 
     </span>
    </p>
   </div>
   <div class='ocr_carea' id='block_1_73' title="bbox 455 4125 2035 4186">
    <p class='ocr_par' dir='ltr' id='par_1_73' title="bbox 455 4125 2035 4186">
     <span class='ocr_line' id='line_1_73' title="bbox 455 4125 2035 4186; baseline 0.006 -9"><span class='ocrx_word' id='word_1_541' title='bbox 455 4125 672 4179; x_wconf 89' lang='lat' dir='ltr'><strong>ritualia</strong></span> <span class='ocrx_word' id='word_1_542' title='bbox 702 4134 978 4179; x_wconf 88' lang='lat' dir='ltr'><strong>tonuerat.</strong></span> <span class='ocrx_word' id='word_1_543' title='bbox 1011 4126 1246 4181; x_wconf 89' lang='lat' dir='ltr'><strong>Tonitru</strong></span> <span class='ocrx_word' id='word_1_544' title='bbox 1288 4138 1473 4182; x_wconf 89' lang='lat' dir='ltr'><strong>autem</strong></span> <span class='ocrx_word' id='word_1_545' title='bbox 1509 4137 1592 4184; x_wconf 83' lang='lat' dir='ltr'><strong>est</strong></span> <span class='ocrx_word' id='word_1_546' title='bbox 1623 4145 1728 4183; x_wconf 82' lang='lat' dir='ltr'><strong>vox</strong></span> <span class='ocrx_word' id='word_1_547' title='bbox 1764 4131 1900 4184; x_wconf 91' lang='lat' dir='ltr'><strong>nihil</strong></span> <span class='ocrx_word' id='word_1_548' title='bbox 1931 4133 2035 4186; x_wconf 90' lang='lat' dir='ltr'><strong>nisi</strong></span> 
     </span>
    </p>
   </div>
   <div class='ocr_carea' id='block_1_74' title="bbox 453 4213 2035 4292">
    <p class='ocr_par' dir='ltr' id='par_1_74' title="bbox 453 4213 2035 4292">
     <span class='ocr_line' id='line_1_74' title="bbox 453 4213 2035 4292; baseline 0.006 -23"><span class='ocrx_word' id='word_1_549' title='bbox 453 4223 726 4270; x_wconf 89' lang='lat' dir='ltr'><strong>terrorem</strong></span> <span class='ocrx_word' id='word_1_550' title='bbox 774 4217 1133 4273; x_wconf 91' lang='lat' dir='ltr'><strong>audientibus</strong></span> <span class='ocrx_word' id='word_1_551' title='bbox 1180 4233 1374 4274; x_wconf 84' lang='lat' dir='ltr'><strong>ereans</strong></span> <span class='ocrx_word' id='word_1_552' title='bbox 1403 4260 1417 4279; x_wconf 94' lang='lat'><strong>,</strong></span> <span class='ocrx_word' id='word_1_553' title='bbox 1468 4221 1609 4274; x_wconf 81' lang='lat' dir='ltr'><strong>nihil</strong></span> <span class='ocrx_word' id='word_1_554' title='bbox 1661 4213 1860 4292; x_wconf 82' lang='lat' dir='ltr'><strong>utique</strong></span> <span class='ocrx_word' id='word_1_555' title='bbox 1902 4224 2035 4278; x_wconf 89' lang='lat' dir='ltr'><strong>clari</strong></span> 
     </span>
    </p>
   </div>
   <div class='ocr_carea' id='block_1_75' title="bbox 451 4306 2036 4376">
    <p class='ocr_par' dir='ltr' id='par_1_75' title="bbox 451 4306 2036 4376">
     <span class='ocr_line' id='line_1_75' title="bbox 451 4306 2036 4376; baseline 0.006 -17"><span class='ocrx_word' id='word_1_556' title='bbox 451 4306 727 4370; x_wconf 85' lang='lat' dir='ltr'><strong>reddens,</strong></span> <span class='ocrx_word' id='word_1_557' title='bbox 789 4309 969 4376; x_wconf 83' lang='lat' dir='ltr'><strong>qualis</strong></span> <span class='ocrx_word' id='word_1_558' title='bbox 1011 4318 1100 4363; x_wconf 91' lang='lat' dir='ltr'><strong>cst</strong></span> <span class='ocrx_word' id='word_1_559' title='bbox 1147 4311 1542 4365; x_wconf 82' lang='lat' dir='ltr'><strong>elementarius</strong></span> <span class='ocrx_word' id='word_1_560' title='bbox 1591 4327 1790 4367; x_wconf 89' lang='lat' dir='ltr'><strong>sermo.</strong></span> <span class='ocrx_word' id='word_1_561' title='bbox 1845 4313 2036 4368; x_wconf 87' lang='lat' dir='ltr'><strong>Omnis</strong></span> 
     </span>
    </p>
   </div>
   <div class='ocr_carea' id='block_1_76' title="bbox 450 4397 2035 4471">
    <p class='ocr_par' dir='ltr' id='par_1_76' title="bbox 450 4397 2035 4471">
     <span class='ocr_line' id='line_1_76' title="bbox 450 4397 2035 4471; baseline 0.004 -22"><span class='ocrx_word' id='word_1_562' title='bbox 450 4397 600 4450; x_wconf 89' lang='lat' dir='ltr'><strong>enim</strong></span> <span class='ocrx_word' id='word_1_563' title='bbox 627 4411 809 4451; x_wconf 89' lang='lat' dir='ltr'><strong>sermo</strong></span> <span class='ocrx_word' id='word_1_564' title='bbox 835 4397 1106 4452; x_wconf 85' lang='lat' dir='ltr'><strong>divinitus</strong></span> <span class='ocrx_word' id='word_1_565' title='bbox 1133 4399 1188 4451; x_wconf 93' lang='lat' dir='ltr'><strong>in</strong></span> <span class='ocrx_word' id='word_1_566' title='bbox 1216 4399 1321 4453; x_wconf 90' lang='lat' dir='ltr'><strong>hoc</strong></span> <span class='ocrx_word' id='word_1_567' title='bbox 1345 4401 1546 4455; x_wconf 65' lang='lat' dir='ltr'><strong>saeculo</strong></span> <span class='ocrx_word' id='word_1_568' title='bbox 1571 4401 1888 4455; x_wconf 89' lang='lat' dir='ltr'><strong>hominibus</strong></span> <span class='ocrx_word' id='word_1_569' title='bbox 1913 4419 2035 4471; x_wconf 90' lang='lat' dir='ltr'><strong>pcr-</strong></span> 
     </span>
    </p>
   </div>
   <div class='ocr_carea' id='block_1_77' title="bbox 451 4488 2030 4563">
    <p class='ocr_par' dir='ltr' id='par_1_77' title="bbox 451 4488 2030 4563">
     <span class='ocr_line' id='line_1_77' title="bbox 451 4488 2030 4563; baseline 0.006 -23"><span class='ocrx_word' id='word_1_570' title='bbox 451 4488 689 4556; x_wconf 89' lang='lat' dir='ltr'><strong>scriptus</strong></span> <span class='ocrx_word' id='word_1_571' title='bbox 731 4503 1039 4557; x_wconf 70' lang='lat' dir='ltr'><strong>prtecursor</strong></span> <span class='ocrx_word' id='word_1_572' title='bbox 1084 4500 1173 4545; x_wconf 90' lang='lat' dir='ltr'><strong>est</strong></span> <span class='ocrx_word' id='word_1_573' title='bbox 1225 4492 1572 4561; x_wconf 90' lang='lat' dir='ltr'><strong>perfectioris</strong></span> <span class='ocrx_word' id='word_1_574' title='bbox 1620 4493 1892 4548; x_wconf 87' lang='lat' dir='ltr'><strong>sermonis</strong></span> <span class='ocrx_word' id='word_1_575' title='bbox 1936 4495 2030 4563; x_wconf 91' lang='lat' dir='ltr'><strong>qui</strong></span> 
     </span>
    </p>
   </div>
   <div class='ocr_carea' id='block_1_78' title="bbox 448 4577 2031 4654">
    <p class='ocr_par' dir='ltr' id='par_1_78' title="bbox 448 4577 2031 4654">
     <span class='ocr_line' id='line_1_78' title="bbox 448 4577 2031 4654; baseline 0.005 -22"><span class='ocrx_word' id='word_1_576' title='bbox 448 4581 725 4634; x_wconf 86' lang='lat' dir='ltr'><strong>nullarum</strong></span> <span class='ocrx_word' id='word_1_577' title='bbox 775 4581 1085 4636; x_wconf 89' lang='lat' dir='ltr'><strong>litterarum</strong></span> <span class='ocrx_word' id='word_1_578' title='bbox 1131 4599 1232 4653; x_wconf 90' lang='lat' dir='ltr'><strong>ope</strong></span> <span class='ocrx_word' id='word_1_579' title='bbox 1277 4600 1374 4653; x_wconf 89' lang='lat' dir='ltr'><strong>per</strong></span> <span class='ocrx_word' id='word_1_580' title='bbox 1423 4601 1481 4639; x_wconf 93' lang='lat' dir='ltr'><strong>se</strong></span> <span class='ocrx_word' id='word_1_581' title='bbox 1531 4577 1598 4638; x_wconf 83' lang='lat' dir='ltr'><strong>in</strong></span> <span class='ocrx_word' id='word_1_582' title='bbox 1621 4586 1818 4654; x_wconf 91' lang='lat' dir='ltr'><strong>spiritu</strong></span> <span class='ocrx_word' id='word_1_583' title='bbox 1863 4587 2031 4640; x_wconf 87' lang='lat' dir='ltr'><strong>menti</strong></span> 
     </span>
    </p>
   </div>
   <div class='ocr_carea' id='block_1_79' title="bbox 446 4673 2032 4746">
    <p class='ocr_par' dir='ltr' id='par_1_79' title="bbox 446 4673 2032 4746">
     <span class='ocr_line' id='line_1_79' title="bbox 446 4673 2032 4746; baseline 0.006 -22"><span class='ocrx_word' id='word_1_584' title='bbox 446 4673 746 4737; x_wconf 88' lang='lat' dir='ltr'><strong>reveletur,</strong></span> <span class='ocrx_word' id='word_1_585' title='bbox 799 4676 1002 4744; x_wconf 88' lang='lat' dir='ltr'><strong>quique</strong></span> <span class='ocrx_word' id='word_1_586' title='bbox 1041 4675 1096 4728; x_wconf 91' lang='lat' dir='ltr'><strong>in</strong></span> <span class='ocrx_word' id='word_1_587' title='bbox 1149 4676 1337 4730; x_wconf 80' lang='lat' dir='ltr'><strong>futuro</strong></span> <span class='ocrx_word' id='word_1_588' title='bbox 1385 4677 1690 4746; x_wconf 80' lang='lat' dir='ltr'><strong>apparebit,</strong></span> <span class='ocrx_word' id='word_1_589' title='bbox 1741 4679 2032 4734; x_wconf 89' lang='lat' dir='ltr'><strong>veritatem</strong></span> 
     </span>
    </p>
   </div>
   <div class='ocr_carea' id='block_1_80' title="bbox 446 4764 2034 4834">
    <p class='ocr_par' dir='ltr' id='par_1_80' title="bbox 446 4764 2034 4834">
     <span class='ocr_line' id='line_1_80' title="bbox 446 4764 2034 4834; baseline 0.004 -18"><span class='ocrx_word' id='word_1_590' title='bbox 446 4764 669 4832; x_wconf 89' lang='lat' dir='ltr'><strong>quidem</strong></span> <span class='ocrx_word' id='word_1_591' title='bbox 705 4765 758 4818; x_wconf 93' lang='lat' dir='ltr'><strong>in</strong></span> <span class='ocrx_word' id='word_1_592' title='bbox 796 4780 852 4819; x_wconf 93' lang='lat' dir='ltr'><strong>se</strong></span> <span class='ocrx_word' id='word_1_593' title='bbox 884 4765 1003 4834; x_wconf 87' lang='lat' dir='ltr'><strong>ipso</strong></span> <span class='ocrx_word' id='word_1_594' title='bbox 1037 4767 1334 4820; x_wconf 85' lang='lat' dir='ltr'><strong>revelatam</strong></span> <span class='ocrx_word' id='word_1_595' title='bbox 1365 4767 1595 4830; x_wconf 84' lang='lat' dir='ltr'><strong>habens,</strong></span> <span class='ocrx_word' id='word_1_596' title='bbox 1628 4767 1724 4821; x_wconf 90' lang='lat' dir='ltr'><strong>sed</strong></span> <span class='ocrx_word' id='word_1_597' title='bbox 1749 4768 2034 4824; x_wconf 85' lang='lat' dir='ltr'><strong>involucro</strong></span> 
     </span>
    </p>
   </div>
   <div class='ocr_carea' id='block_1_81' title="bbox 445 4853 2032 4926">
    <p class='ocr_par' dir='ltr' id='par_1_81' title="bbox 445 4853 2032 4926">
     <span class='ocr_line' id='line_1_81' title="bbox 445 4853 2032 4926; baseline 0.003 -19"><span class='ocrx_word' id='word_1_598' title='bbox 445 4868 549 4907; x_wconf 89' lang='lat' dir='ltr'><strong>suo</strong></span> <span class='ocrx_word' id='word_1_599' title='bbox 572 4853 836 4908; x_wconf 89' lang='lat' dir='ltr'><strong>nudatam</strong></span> <span class='ocrx_word' id='word_1_600' title='bbox 872 4871 982 4908; x_wconf 92' lang='lat' dir='ltr'><strong>non</strong></span> <span class='ocrx_word' id='word_1_601' title='bbox 1004 4855 1322 4910; x_wconf 88' lang='lat' dir='ltr'><strong>ostendens.</strong></span> <span class='ocrx_word' id='word_1_602' title='bbox 1348 4855 1438 4911; x_wconf 85' lang='lat' dir='ltr'><strong>Sic</strong></span> <span class='ocrx_word' id='word_1_603' title='bbox 1467 4856 1654 4926; x_wconf 86' lang='lat' dir='ltr'><strong>igitur,</strong></span> <span class='ocrx_word' id='word_1_604' title='bbox 1685 4857 1764 4910; x_wconf 91' lang='lat' dir='ltr'><strong>uti</strong></span> <span class='ocrx_word' id='word_1_605' title='bbox 1791 4857 2032 4923; x_wconf 86' lang='lat' dir='ltr'><strong>videtur,</strong></span> 
     </span>
    </p>
   </div>
   <div class='ocr_carea' id='block_1_82' title="bbox 447 4947 2028 5020">
    <p class='ocr_par' dir='ltr' id='par_1_82' title="bbox 447 4947 2028 5020">
     <span class='ocr_line' id='line_1_82' title="bbox 447 4947 2028 5020; baseline 0.003 -20"><span class='ocrx_word' id='word_1_606' title='bbox 447 4947 615 5000; x_wconf 90' lang='lat' dir='ltr'><strong>totius</strong></span> <span class='ocrx_word' id='word_1_607' title='bbox 648 4963 814 5002; x_wconf 77' lang='lat' dir='ltr'><strong>sacra:</strong></span> <span class='ocrx_word' id='word_1_608' title='bbox 838 4947 1139 5019; x_wconf 76' lang='lat' dir='ltr'><strong>Scriptura:</strong></span> <span class='ocrx_word' id='word_1_609' title='bbox 1171 4949 1486 5004; x_wconf 84' lang='lat' dir='ltr'><strong>intellectus</strong></span> <span class='ocrx_word' id='word_1_610' title='bbox 1517 4951 1605 5019; x_wconf 89' lang='lat' dir='ltr'><strong>pic</strong></span> <span class='ocrx_word' id='word_1_611' title='bbox 1648 4951 2028 5020; x_wconf 89' lang='lat' dir='ltr'><strong>complanatus</strong></span> 
     </span>
    </p>
   </div>
   <div class='ocr_carea' id='block_1_83' title="bbox 444 5035 2025 5111">
    <p class='ocr_par' dir='ltr' id='par_1_83' title="bbox 444 5035 2025 5111">
     <span class='ocr_line' id='line_1_83' title="bbox 444 5035 2025 5111; baseline 0.004 -23"><span class='ocrx_word' id='word_1_612' title='bbox 444 5035 584 5089; x_wconf 90' lang='lat' dir='ltr'><strong>nihil</strong></span> <span class='ocrx_word' id='word_1_613' title='bbox 620 5036 842 5092; x_wconf 63' lang='lat' dir='ltr'><strong>difficile</strong></span> <span class='ocrx_word' id='word_1_614' title='bbox 891 5046 988 5092; x_wconf 91' lang='lat' dir='ltr'><strong>aut</strong></span> <span class='ocrx_word' id='word_1_615' title='bbox 1038 5039 1304 5108; x_wconf 65' lang='lat' dir='ltr'><strong>inrequale</strong></span> <span class='ocrx_word' id='word_1_616' title='bbox 1340 5041 1393 5094; x_wconf 91' lang='lat' dir='ltr'><strong>in</strong></span> <span class='ocrx_word' id='word_1_617' title='bbox 1434 5041 1516 5094; x_wconf 90' lang='lat' dir='ltr'><strong>eis</strong></span> <span class='ocrx_word' id='word_1_618' title='bbox 1556 5057 1678 5111; x_wconf 62' lang='lat' dir='ltr'><strong>quae</strong></span> <span class='ocrx_word' id='word_1_619' title='bbox 1721 5041 2025 5096; x_wconf 89' lang='lat' dir='ltr'><strong>secundum</strong></span> 
     </span>
    </p>
   </div>
   <div class='ocr_carea' id='block_1_84' title="bbox 445 5127 2029 5188">
    <p class='ocr_par' dir='ltr' id='par_1_84' title="bbox 445 5127 2029 5188">
     <span class='ocr_line' id='line_1_84' title="bbox 445 5127 2029 5188; baseline 0.003 -7"><span class='ocrx_word' id='word_1_620' title='bbox 445 5127 735 5183; x_wconf 90' lang='lat' dir='ltr'><strong>historiam</strong></span> <span class='ocrx_word' id='word_1_621' title='bbox 767 5130 872 5183; x_wconf 91' lang='lat' dir='ltr'><strong>sibi</strong></span> <span class='ocrx_word' id='word_1_622' title='bbox 903 5132 1184 5186; x_wconf 84' lang='lat' dir='ltr'><strong>contraria</strong></span> <span class='ocrx_word' id='word_1_623' title='bbox 1207 5147 1327 5185; x_wconf 88' lang='lat' dir='ltr'><strong>esse</strong></span> <span class='ocrx_word' id='word_1_624' title='bbox 1353 5131 1614 5186; x_wconf 89' lang='lat' dir='ltr'><strong>videntur</strong></span> <span class='ocrx_word' id='word_1_625' title='bbox 1647 5133 1849 5188; x_wconf 89' lang='lat' dir='ltr'><strong>habere</strong></span> <span class='ocrx_word' id='word_1_626' title='bbox 1873 5148 2029 5186; x_wconf 83' lang='lat' dir='ltr'><strong>mon-</strong></span> 
     </span>
    </p>
   </div>
   <div class='ocr_carea' id='block_1_85' title="bbox 441 5219 2030 5294">
    <p class='ocr_par' dir='ltr' id='par_1_85' title="bbox 441 5219 2030 5294">
     <span class='ocr_line' id='line_1_85' title="bbox 441 5219 2030 5294; baseline 0.004 -22"><span class='ocrx_word' id='word_1_627' title='bbox 441 5219 731 5274; x_wconf 77' lang='lat' dir='ltr'><strong>strabitur.</strong></span> <span class='ocrx_word' id='word_1_628' title='bbox 778 5220 1167 5292; x_wconf 84' lang='lat' dir='ltr'><strong>Antiquiorum</strong></span> <span class='ocrx_word' id='word_1_629' title='bbox 1213 5223 1362 5278; x_wconf 89' lang='lat' dir='ltr'><strong>enim</strong></span> <span class='ocrx_word' id='word_1_630' title='bbox 1401 5224 1780 5294; x_wconf 89' lang='lat' dir='ltr'><strong>unusquisque</strong></span> <span class='ocrx_word' id='word_1_631' title='bbox 1811 5234 2030 5278; x_wconf 84' lang='lat' dir='ltr'><strong>sancto-</strong></span> 
     </span>
    </p>
   </div>
   <div class='ocr_carea' id='block_1_86' title="bbox 519 5373 1002 5444">
    <p class='ocr_par' dir='ltr' id='par_1_86' title="bbox 519 5373 1002 5444">
     <span class='ocr_line' id='line_1_86' title="bbox 519 5373 1002 5444; baseline 0 -9"><span class='ocrx_word' id='word_1_632' title='bbox 519 5379 535 5418; x_wconf 77' lang='grc' dir='ltr'>ι</span> <span class='ocrx_word' id='word_1_633' title='bbox 571 5380 728 5435; x_wconf 83' lang='lat' dir='ltr'><strong>Joan.</strong></span> <span class='ocrx_word' id='word_1_634' title='bbox 769 5373 878 5444; x_wconf 64' lang='lat' dir='ltr'><strong>xit,</strong></span> <span class='ocrx_word' id='word_1_635' title='bbox 909 5381 1002 5436; x_wconf 74' lang='lat'><strong>25.</strong></span> 
     </span>
    </p>
   </div>
   <div class='ocr_carea' id='block_1_87' title="bbox 2148 3209 3734 3290">
    <p class='ocr_par' dir='ltr' id='par_1_87' title="bbox 2148 3209 3734 3290">
     <span class='ocr_line' id='line_1_87' title="bbox 2148 3209 3734 3290; baseline -0.005 -17"><span class='ocrx_word' id='word_1_636' title='bbox 2148 3237 2329 3290; x_wconf 70' lang='grc' dir='ltr'>φηται</span> <span class='ocrx_word' id='word_1_637' title='bbox 2381 3220 2512 3273; x_wconf 83' lang='grc' dir='ltr'>καθ’</span> <span class='ocrx_word' id='word_1_638' title='bbox 2554 3218 2647 3282; x_wconf 73' lang='grc' dir='ltr'><strong>ἓν,</strong></span> <span class='ocrx_word' id='word_1_639' title='bbox 2704 3215 2848 3270; x_wconf 81' lang='grc' dir='ltr'>οὐδὲ</span> <span class='ocrx_word' id='word_1_640' title='bbox 2889 3215 3077 3268; x_wconf 75' lang='grc' dir='ltr'>αὑτὸν</span> <span class='ocrx_word' id='word_1_641' title='bbox 3131 3209 3290 3281; x_wconf 82' lang='grc' dir='ltr'>οἶμαι</span> <span class='ocrx_word' id='word_1_642' title='bbox 3327 3212 3436 3264; x_wconf 72' lang='grc' dir='ltr'><strong>τὸν</strong></span> <span class='ocrx_word' id='word_1_643' title='bbox 3495 3213 3734 3280; x_wconf 74' lang='grc' dir='ltr'>κόσμω-</span> 
     </span>
    </p>
   </div>
   <div class='ocr_carea' id='block_1_88' title="bbox 2146 3303 3734 3378">
    <p class='ocr_par' dir='ltr' id='par_1_88' title="bbox 2146 3303 3734 3378">
     <span class='ocr_line' id='line_1_88' title="bbox 2146 3303 3734 3378; baseline -0.003 -17"><span class='ocrx_word' id='word_1_644' title='bbox 2146 3308 2416 3378; x_wconf 81' lang='grc' dir='ltr'>χωρῆσαι</span> <span class='ocrx_word' id='word_1_645' title='bbox 2439 3309 2512 3362; x_wconf 82' lang='grc' dir='ltr'>τὰ</span> <span class='ocrx_word' id='word_1_646' title='bbox 2533 3307 2882 3378; x_wconf 67' lang='grc' dir='ltr'>γραφόμενα</span> <span class='ocrx_word' id='word_1_647' title='bbox 2903 3304 3132 3370; x_wconf 71' lang='grc' dir='ltr'>βιόλία,</span> <span class='ocrx_word' id='word_1_648' title='bbox 3176 3303 3433 3372; x_wconf 74' lang='grc' dir='ltr'>ἐνέφηνεν</span> <span class='ocrx_word' id='word_1_649' title='bbox 3477 3305 3616 3372; x_wconf 70' lang='grc' dir='ltr'>ἡμῖν</span> <span class='ocrx_word' id='word_1_650' title='bbox 3646 3304 3734 3356; x_wconf 74' lang='grc' dir='ltr'>διὰ</span> 
     </span>
    </p>
   </div>
   <div class='ocr_carea' id='block_1_89' title="bbox 2143 3393 3737 3468">
    <p class='ocr_par' dir='ltr' id='par_1_89' title="bbox 2143 3393 3737 3468">
     <span class='ocr_line' id='line_1_89' title="bbox 2143 3393 3737 3468; baseline -0.008 -14"><span class='ocrx_word' id='word_1_651' title='bbox 2143 3401 2374 3463; x_wconf 81' lang='grc' dir='ltr'>τούτων,</span> <span class='ocrx_word' id='word_1_652' title='bbox 2407 3401 2490 3453; x_wconf 82' lang='grc' dir='ltr'><strong>ὅτι</strong></span> <span class='ocrx_word' id='word_1_653' title='bbox 2520 3399 2588 3452; x_wconf 87' lang='grc' dir='ltr'><strong>τὰ</strong></span> <span class='ocrx_word' id='word_1_654' title='bbox 2618 3399 2902 3468; x_wconf 87' lang='grc' dir='ltr'>γραφέντα</span> <span class='ocrx_word' id='word_1_655' title='bbox 2941 3395 3076 3466; x_wconf 77' lang='grc' dir='ltr'>πρὸς</span> <span class='ocrx_word' id='word_1_656' title='bbox 3122 3393 3288 3447; x_wconf 79' lang='grc' dir='ltr'>αὑτοῦ</span> <span class='ocrx_word' id='word_1_657' title='bbox 3314 3393 3737 3463; x_wconf 81' lang='grc' dir='ltr'>προομαλισμός</span> 
     </span>
    </p>
   </div>
   <div class='ocr_carea' id='block_1_90' title="bbox 2143 3481 3732 3562">
    <p class='ocr_par' dir='ltr' id='par_1_90' title="bbox 2143 3481 3732 3562">
     <span class='ocr_line' id='line_1_90' title="bbox 2143 3481 3732 3562; baseline -0.014 -14"><span class='ocrx_word' id='word_1_658' title='bbox 2143 3496 2227 3558; x_wconf 85' lang='grc' dir='ltr'><strong>τίς</strong></span> <span class='ocrx_word' id='word_1_659' title='bbox 2257 3497 2373 3547; x_wconf 86' lang='grc' dir='ltr'>ἐστι</span> <span class='ocrx_word' id='word_1_660' title='bbox 2403 3493 2497 3546; x_wconf 84' lang='grc' dir='ltr'><strong>τοῦ</strong></span> <span class='ocrx_word' id='word_1_661' title='bbox 2523 3491 2857 3562; x_wconf 86' lang='grc' dir='ltr'>τελεωτὲρου</span> <span class='ocrx_word' id='word_1_662' title='bbox 2888 3491 2984 3542; x_wconf 72' lang='grc' dir='ltr'><strong>καὶ</strong></span> <span class='ocrx_word' id='word_1_663' title='bbox 3012 3481 3162 3551; x_wconf 75' lang='grc' dir='ltr'>τέως</span> <span class='ocrx_word' id='word_1_664' title='bbox 3199 3487 3382 3558; x_wconf 78' lang='grc'>(200</span> <span class='ocrx_word' id='word_1_665' title='bbox 3412 3487 3463 3548; x_wconf 87' lang='lat' dir='ltr'><strong>b)</strong></span> <span class='ocrx_word' id='word_1_666' title='bbox 3501 3488 3732 3557; x_wconf 71' lang='grc' dir='ltr'>ἀχωρὴ-</span> 
     </span>
    </p>
   </div>
   <div class='ocr_carea' id='block_1_91' title="bbox 2142 3578 3726 3652">
    <p class='ocr_par' dir='ltr' id='par_1_91' title="bbox 2142 3578 3726 3652">
     <span class='ocr_line' id='line_1_91' title="bbox 2142 3578 3726 3652; baseline -0.004 -14"><span class='ocrx_word' id='word_1_667' title='bbox 2142 3603 2236 3638; x_wconf 90' lang='grc' dir='ltr'><strong>του</strong></span> <span class='ocrx_word' id='word_1_668' title='bbox 2272 3585 2453 3652; x_wconf 83' lang='grc' dir='ltr'>λόγου.</span> <span class='ocrx_word' id='word_1_669' title='bbox 2484 3584 2640 3637; x_wconf 60' lang='grc' dir='ltr'>Κατὰ</span> <span class='ocrx_word' id='word_1_670' title='bbox 2670 3582 2876 3652; x_wconf 82' lang='grc' dir='ltr'>ταύτην</span> <span class='ocrx_word' id='word_1_671' title='bbox 2905 3578 2998 3634; x_wconf 79' lang='grc' dir='ltr'><strong>οὖν</strong></span> <span class='ocrx_word' id='word_1_672' title='bbox 3025 3581 3124 3650; x_wconf 86' lang='grc' dir='ltr'><strong>τὴν</strong></span> <span class='ocrx_word' id='word_1_673' title='bbox 3166 3579 3376 3632; x_wconf 78' lang='grc' dir='ltr'>ἔννοιαν</span> <span class='ocrx_word' id='word_1_674' title='bbox 3424 3579 3604 3631; x_wconf 76' lang='grc' dir='ltr'>εἰπών</span> <span class='ocrx_word' id='word_1_675' title='bbox 3639 3595 3726 3641; x_wconf 83' lang='grc' dir='ltr'><strong>τις</strong></span> 
     </span>
    </p>
   </div>
   <div class='ocr_carea' id='block_1_92' title="bbox 2142 3663 3737 3744">
    <p class='ocr_par' dir='ltr' id='par_1_92' title="bbox 2142 3663 3737 3744">
     <span class='ocr_line' id='line_1_92' title="bbox 2142 3663 3737 3744; baseline -0.007 -14"><span class='ocrx_word' id='word_1_676' title='bbox 2142 3677 2236 3730; x_wconf 84' lang='grc' dir='ltr'><strong>τὸν</strong></span> <span class='ocrx_word' id='word_1_677' title='bbox 2259 3675 2416 3744; x_wconf 81' lang='grc' dir='ltr'>ᾶγιον</span> <span class='ocrx_word' id='word_1_678' title='bbox 2473 3673 2871 3742; x_wconf 84' lang='grc' dir='ltr'>εὐαγγελιστὴν</span> <span class='ocrx_word' id='word_1_679' title='bbox 2937 3672 3190 3738; x_wconf 73' lang='grc' dir='ltr'>Ἰωάννην</span> <span class='ocrx_word' id='word_1_680' title='bbox 3219 3670 3553 3739; x_wconf 82' lang='grc' dir='ltr'>πρόδρομον,</span> <span class='ocrx_word' id='word_1_681' title='bbox 3587 3672 3654 3721; x_wconf 80' lang='grc' dir='ltr'><strong>ἐν</strong></span> 
     </span>
    </p>
   </div>
   <div class='ocr_carea' id='block_1_93' title="bbox 2144 3763 3739 3836">
    <p class='ocr_par' dir='ltr' id='par_1_93' title="bbox 2144 3763 3739 3836">
     <span class='ocr_line' id='line_1_93' title="bbox 2144 3763 3739 3836; baseline -0.003 -15"><span class='ocrx_word' id='word_1_682' title='bbox 2144 3769 2438 3834; x_wconf 78' lang='grc' dir='ltr'>συνέταξεν</span> <span class='ocrx_word' id='word_1_683' title='bbox 2474 3765 2795 3836; x_wconf 77' lang='grc' dir='ltr'>Εὖαγγελίῳ</span> <span class='ocrx_word' id='word_1_684' title='bbox 2844 3763 3290 3836; x_wconf 87' lang='grc' dir='ltr'>προοδοποιοῦντι</span> <span class='ocrx_word' id='word_1_685' title='bbox 3333 3763 3434 3832; x_wconf 90' lang='grc' dir='ltr'><strong>τὴν</strong></span> <span class='ocrx_word' id='word_1_686' title='bbox 3487 3763 3739 3816; x_wconf 78' lang='grc' dir='ltr'>διάνοιαν</span> 
     </span>
    </p>
   </div>
   <div class='ocr_carea' id='block_1_94' title="bbox 2143 3853 3739 3930">
    <p class='ocr_par' dir='ltr' id='par_1_94' title="bbox 2143 3853 3739 3930">
     <span class='ocr_line' id='line_1_94' title="bbox 2143 3853 3739 3930; baseline -0.003 -19"><span class='ocrx_word' id='word_1_687' title='bbox 2143 3860 2280 3930; x_wconf 71' lang='grc' dir='ltr'>πρὸς</span> <span class='ocrx_word' id='word_1_688' title='bbox 2314 3856 2630 3928; x_wconf 76' lang='grc' dir='ltr'>παραδοχὴν</span> <span class='ocrx_word' id='word_1_689' title='bbox 2652 3856 2746 3910; x_wconf 88' lang='grc' dir='ltr'><strong>τοῦ</strong></span> <span class='ocrx_word' id='word_1_690' title='bbox 2771 3855 3102 3926; x_wconf 86' lang='grc' dir='ltr'>τελεωτέρου</span> <span class='ocrx_word' id='word_1_691' title='bbox 3126 3854 3310 3923; x_wconf 80' lang='grc' dir='ltr'>λόγου,</span> <span class='ocrx_word' id='word_1_692' title='bbox 3337 3853 3436 3923; x_wconf 77' lang='grc' dir='ltr'>τῆς</span> <span class='ocrx_word' id='word_1_693' title='bbox 3463 3853 3739 3924; x_wconf 78' lang='grc' dir='ltr'>ἀληθείας</span> 
     </span>
    </p>
   </div>
   <div class='ocr_carea' id='block_1_95' title="bbox 2140 3945 3739 4021">
    <p class='ocr_par' dir='ltr' id='par_1_95' title="bbox 2140 3945 3739 4021">
     <span class='ocr_line' id='line_1_95' title="bbox 2140 3945 3739 4021; baseline -0.004 -16"><span class='ocrx_word' id='word_1_694' title='bbox 2140 3952 2239 4021; x_wconf 79' lang='grc' dir='ltr'>οὺχ</span> <span class='ocrx_word' id='word_1_695' title='bbox 2267 3952 2666 4021; x_wconf 79' lang='grc' dir='ltr'>ἁμαρτήσεται.</span> <span class='ocrx_word' id='word_1_696' title='bbox 2694 3948 2974 4020; x_wconf 75' lang='grc' dir='ltr'>Ταύτῃτοι</span> <span class='ocrx_word' id='word_1_697' title='bbox 3014 3947 3109 3999; x_wconf 72' lang='grc' dir='ltr'><strong>καὶ</strong></span> <span class='ocrx_word' id='word_1_698' title='bbox 3161 3945 3404 4016; x_wconf 82' lang='grc' dir='ltr'>μεγάλην</span> <span class='ocrx_word' id='word_1_699' title='bbox 3453 3946 3561 4014; x_wconf 75' lang='grc' dir='ltr'>τῆς</span> <span class='ocrx_word' id='word_1_700' title='bbox 3593 3946 3739 4016; x_wconf 76' lang='grc' dir='ltr'>ἁλη-</span> 
     </span>
    </p>
   </div>
   <div class='ocr_carea' id='block_1_96' title="bbox 2141 4039 3741 4112">
    <p class='ocr_par' dir='ltr' id='par_1_96' title="bbox 2141 4039 3741 4112">
     <span class='ocr_line' id='line_1_96' title="bbox 2141 4039 3741 4112; baseline -0.005 -15"><span class='ocrx_word' id='word_1_701' title='bbox 2141 4045 2291 4107; x_wconf 82' lang='grc' dir='ltr'>θείας</span> <span class='ocrx_word' id='word_1_702' title='bbox 2321 4042 2587 4095; x_wconf 83' lang='grc' dir='ltr'>ἀποκαλεῖ</span> <span class='ocrx_word' id='word_1_703' title='bbox 2616 4040 2798 4112; x_wconf 81' lang='grc' dir='ltr'>φωνὴν</span> <span class='ocrx_word' id='word_1_704' title='bbox 2821 4042 2849 4092; x_wconf 83' lang='grc' dir='ltr'><strong>ὁ</strong></span> <span class='ocrx_word' id='word_1_705' title='bbox 2900 4039 3225 4102; x_wconf 81' lang='grc' dir='ltr'>διδάσκαλος</span> <span class='ocrx_word' id='word_1_706' title='bbox 3266 4039 3336 4091; x_wconf 88' lang='grc' dir='ltr'><strong>τὰ</strong></span> <span class='ocrx_word' id='word_1_707' title='bbox 3369 4039 3741 4107; x_wconf 77' lang='grc' dir='ltr'>πνευματικᾶ</span> 
     </span>
    </p>
   </div>
   <div class='ocr_carea' id='block_1_97' title="bbox 2143 4129 3737 4205">
    <p class='ocr_par' dir='ltr' id='par_1_97' title="bbox 2143 4129 3737 4205">
     <span class='ocr_line' id='line_1_97' title="bbox 2143 4129 3737 4205; baseline -0.003 -19"><span class='ocrx_word' id='word_1_708' title='bbox 2143 4135 2535 4205; x_wconf 80' lang='grc' dir='ltr'>βροντήσαντα.</span> <span class='ocrx_word' id='word_1_709' title='bbox 2575 4131 2783 4202; x_wconf 86' lang='grc' dir='ltr'>Βροντὴ</span> <span class='ocrx_word' id='word_1_710' title='bbox 2809 4131 2866 4184; x_wconf 87' lang='grc' dir='ltr'><strong>δέ</strong></span> <span class='ocrx_word' id='word_1_711' title='bbox 2891 4132 3008 4184; x_wconf 83' lang='grc' dir='ltr'>ἐστι</span> <span class='ocrx_word' id='word_1_712' title='bbox 3052 4131 3206 4201; x_wconf 84' lang='grc' dir='ltr'>φωνὴ</span> <span class='ocrx_word' id='word_1_713' title='bbox 3245 4132 3404 4199; x_wconf 86' lang='grc' dir='ltr'>μόνον</span> <span class='ocrx_word' id='word_1_714' title='bbox 3437 4129 3737 4198; x_wconf 76' lang='grc' dir='ltr'>κατάπλη-</span> 
     </span>
    </p>
   </div>
   <div class='ocr_carea' id='block_1_98' title="bbox 2139 4219 3741 4290">
    <p class='ocr_par' dir='ltr' id='par_1_98' title="bbox 2139 4219 3741 4290">
     <span class='ocr_line' id='line_1_98' title="bbox 2139 4219 3741 4290; baseline -0.004 -13"><span class='ocrx_word' id='word_1_715' title='bbox 2139 4225 2222 4290; x_wconf 83' lang='grc' dir='ltr'><strong>ξιν</strong></span> <span class='ocrx_word' id='word_1_716' title='bbox 2261 4226 2375 4286; x_wconf 89' lang='grc' dir='ltr'>τοῖς</span> <span class='ocrx_word' id='word_1_717' title='bbox 2411 4223 2702 4276; x_wconf 77' lang='grc' dir='ltr'>ἁκοὺουσιν</span> <span class='ocrx_word' id='word_1_718' title='bbox 2755 4219 3080 4290; x_wconf 78' lang='grc' dir='ltr'>ἐμποιοῦσα,</span> <span class='ocrx_word' id='word_1_719' title='bbox 3137 4220 3306 4290; x_wconf 86' lang='grc' dir='ltr'>μηδὲν</span> <span class='ocrx_word' id='word_1_720' title='bbox 3357 4220 3546 4288; x_wconf 85' lang='grc' dir='ltr'>μέντοι</span> <span class='ocrx_word' id='word_1_721' title='bbox 3598 4237 3741 4290; x_wconf 74' lang='grc' dir='ltr'>τραο</span> 
     </span>
    </p>
   </div>
   <div class='ocr_carea' id='block_1_99' title="bbox 2138 4308 3740 4382">
    <p class='ocr_par' dir='ltr' id='par_1_99' title="bbox 2138 4308 3740 4382">
     <span class='ocr_line' id='line_1_99' title="bbox 2138 4308 3740 4382; baseline -0.002 -15"><span class='ocrx_word' id='word_1_722' title='bbox 2138 4314 2326 4377; x_wconf 80' lang='grc' dir='ltr'>νοῦσα,</span> <span class='ocrx_word' id='word_1_723' title='bbox 2355 4308 2579 4382; x_wconf 75' lang='grc' dir='ltr'>οἷόσπερ</span> <span class='ocrx_word' id='word_1_724' title='bbox 2610 4314 2760 4366; x_wconf 71' lang='grc' dir='ltr'>ἐστὶν</span> <span class='ocrx_word' id='word_1_725' title='bbox 2797 4315 2825 4365; x_wconf 88' lang='grc' dir='ltr'><strong>ό</strong></span> <span class='ocrx_word' id='word_1_726' title='bbox 2856 4311 3202 4382; x_wconf 82' lang='grc' dir='ltr'>στοιχειώδης</span> <span class='ocrx_word' id='word_1_727' title='bbox 3235 4312 3414 4380; x_wconf 86' lang='grc' dir='ltr'>λόγος.</span> <span class='ocrx_word' id='word_1_728' title='bbox 3457 4313 3577 4372; x_wconf 75' lang='grc' dir='ltr'><strong>Πᾶς</strong></span> <span class='ocrx_word' id='word_1_729' title='bbox 3622 4314 3740 4382; x_wconf 64' lang='grc' dir='ltr'>γὰρ</span> 
     </span>
    </p>
   </div>
   <div class='ocr_carea' id='block_1_100' title="bbox 2136 4401 3738 4480">
    <p class='ocr_par' dir='ltr' id='par_1_100' title="bbox 2136 4401 3738 4480">
     <span class='ocr_line' id='line_1_100' title="bbox 2136 4401 3738 4480; baseline -0.001 -22"><span class='ocrx_word' id='word_1_730' title='bbox 2136 4407 2294 4474; x_wconf 84' lang='grc' dir='ltr'>λόγος</span> <span class='ocrx_word' id='word_1_731' title='bbox 2328 4405 2512 4458; x_wconf 86' lang='grc' dir='ltr'>θεόθεν</span> <span class='ocrx_word' id='word_1_732' title='bbox 2547 4407 2661 4468; x_wconf 86' lang='grc' dir='ltr'>τοῖς</span> <span class='ocrx_word' id='word_1_733' title='bbox 2681 4404 2994 4480; x_wconf 67' lang='grc' dir='ltr'>ἀνθρώποις</span> <span class='ocrx_word' id='word_1_734' title='bbox 3021 4405 3164 4456; x_wconf 80' lang='grc' dir='ltr'>κατὰ</span> <span class='ocrx_word' id='word_1_735' title='bbox 3199 4403 3293 4455; x_wconf 79' lang='grc' dir='ltr'><strong>τὸν</strong></span> <span class='ocrx_word' id='word_1_736' title='bbox 3321 4401 3499 4455; x_wconf 68' lang='grc' dir='ltr'>αἰῶνα</span> <span class='ocrx_word' id='word_1_737' title='bbox 3533 4403 3738 4457; x_wconf 79' lang='grc' dir='ltr'>τοῦτον</span> 
     </span>
    </p>
   </div>
   <div class='ocr_carea' id='block_1_101' title="bbox 2135 4495 3736 4568">
    <p class='ocr_par' dir='ltr' id='par_1_101' title="bbox 2135 4495 3736 4568">
     <span class='ocr_line' id='line_1_101' title="bbox 2135 4495 3736 4568; baseline -0.002 -19"><span class='ocrx_word' id='word_1_738' title='bbox 2135 4498 2369 4568; x_wconf 76' lang='grc' dir='ltr'>γραφεὶς</span> <span class='ocrx_word' id='word_1_739' title='bbox 2409 4496 2714 4567; x_wconf 82' lang='grc' dir='ltr'>πρόδρομός</span> <span class='ocrx_word' id='word_1_740' title='bbox 2768 4499 2884 4548; x_wconf 89' lang='grc' dir='ltr'>ἐστι</span> <span class='ocrx_word' id='word_1_741' title='bbox 2919 4496 3012 4549; x_wconf 80' lang='grc' dir='ltr'><strong>τοῦ</strong></span> <span class='ocrx_word' id='word_1_742' title='bbox 3041 4495 3110 4549; x_wconf 75' lang='grc' dir='ltr'>δι’</span> <span class='ocrx_word' id='word_1_743' title='bbox 3151 4495 3318 4548; x_wconf 77' lang='grc' dir='ltr'>αὑτοῦ</span> <span class='ocrx_word' id='word_1_744' title='bbox 3365 4495 3647 4563; x_wconf 72' lang='grc' dir='ltr'>ἀγράφως</span> <span class='ocrx_word' id='word_1_745' title='bbox 3678 4499 3736 4547; x_wconf 81' lang='grc' dir='ltr'><strong>ἐν</strong></span> 
     </span>
    </p>
   </div>
   <div class='ocr_carea' id='block_1_102' title="bbox 2135 4583 3737 4655">
    <p class='ocr_par' dir='ltr' id='par_1_102' title="bbox 2135 4583 3737 4655">
     <span class='ocr_line' id='line_1_102' title="bbox 2135 4583 3737 4655; baseline 0.002 -20"><span class='ocrx_word' id='word_1_746' title='bbox 2135 4583 2408 4653; x_wconf 81' lang='grc' dir='ltr'>πνεύματι</span> <span class='ocrx_word' id='word_1_747' title='bbox 2427 4583 2570 4637; x_wconf 76' lang='grc' dir='ltr'><strong>κατὰ</strong></span> <span class='ocrx_word' id='word_1_748' title='bbox 2599 4583 2723 4636; x_wconf 87' lang='grc' dir='ltr'>νοῦν</span> <span class='ocrx_word' id='word_1_749' title='bbox 2745 4585 3086 4654; x_wconf 80' lang='grc' dir='ltr'>μηνυομένου</span> <span class='ocrx_word' id='word_1_750' title='bbox 3109 4587 3202 4637; x_wconf 71' lang='grc' dir='ltr'><strong>καὶ</strong></span> <span class='ocrx_word' id='word_1_751' title='bbox 3219 4587 3278 4646; x_wconf 84' lang='grc' dir='ltr'><strong>ἐς</strong></span> <span class='ocrx_word' id='word_1_752' title='bbox 3295 4583 3525 4655; x_wconf 77' lang='grc' dir='ltr'>ὕστερον</span> <span class='ocrx_word' id='word_1_753' title='bbox 3549 4602 3737 4653; x_wconf 73' lang='grc' dir='ltr'>φανηο</span> 
     </span>
    </p>
   </div>
   <div class='ocr_carea' id='block_1_103' title="bbox 2136 4673 3732 4746">
    <p class='ocr_par' dir='ltr' id='par_1_103' title="bbox 2136 4673 3732 4746">
     <span class='ocr_line' id='line_1_103' title="bbox 2136 4673 3732 4746; baseline 0.001 -20"><span class='ocrx_word' id='word_1_754' title='bbox 2136 4675 2368 4744; x_wconf 82' lang='grc' dir='ltr'>σομένου</span> <span class='ocrx_word' id='word_1_755' title='bbox 2402 4674 2728 4744; x_wconf 86' lang='grc' dir='ltr'>τελεωτέρου</span> <span class='ocrx_word' id='word_1_756' title='bbox 2761 4673 2948 4742; x_wconf 88' lang='grc' dir='ltr'>λόγου,</span> <span class='ocrx_word' id='word_1_757' title='bbox 2990 4675 3067 4737; x_wconf 86' lang='grc' dir='ltr'>ὠς</span> <span class='ocrx_word' id='word_1_758' title='bbox 3115 4674 3376 4746; x_wconf 74' lang='grc' dir='ltr'>ἀλήθειαν</span> <span class='ocrx_word' id='word_1_759' title='bbox 3427 4675 3528 4744; x_wconf 83' lang='grc' dir='ltr'>μὲν</span> <span class='ocrx_word' id='word_1_760' title='bbox 3577 4674 3732 4744; x_wconf 79' lang='grc' dir='ltr'>ἔχων</span> 
     </span>
    </p>
   </div>
   <div class='ocr_carea' id='block_1_104' title="bbox 2135 4765 3732 4837">
    <p class='ocr_par' dir='ltr' id='par_1_104' title="bbox 2135 4765 3732 4837">
     <span class='ocr_line' id='line_1_104' title="bbox 2135 4765 3732 4837; baseline 0.001 -19"><span class='ocrx_word' id='word_1_761' title='bbox 2135 4768 2193 4819; x_wconf 85' lang='grc' dir='ltr'><strong>ἐν</strong></span> <span class='ocrx_word' id='word_1_762' title='bbox 2223 4766 2400 4836; x_wconf 88' lang='grc' dir='ltr'>ἐαυτῷ</span> <span class='ocrx_word' id='word_1_763' title='bbox 2434 4766 2800 4837; x_wconf 83' lang='grc' dir='ltr'>μηνυομένην,</span> <span class='ocrx_word' id='word_1_764' title='bbox 2837 4767 2898 4819; x_wconf 82' lang='grc' dir='ltr'><strong>οῦ</strong></span> <span class='ocrx_word' id='word_1_765' title='bbox 2958 4767 3066 4837; x_wconf 85' lang='grc' dir='ltr'><strong>μὴν</strong></span> <span class='ocrx_word' id='word_1_766' title='bbox 3098 4765 3154 4819; x_wconf 81' lang='grc' dir='ltr'><strong>δέ</strong></span> <span class='ocrx_word' id='word_1_767' title='bbox 3206 4766 3379 4836; x_wconf 77' lang='grc' dir='ltr'>αὐτὴν</span> <span class='ocrx_word' id='word_1_768' title='bbox 3414 4767 3732 4836; x_wconf 81' lang='grc' dir='ltr'>εῦπερικα-</span> 
     </span>
    </p>
   </div>
   <div class='ocr_carea' id='block_1_105' title="bbox 2135 4857 3731 4930">
    <p class='ocr_par' dir='ltr' id='par_1_105' title="bbox 2135 4857 3731 4930">
     <span class='ocr_line' id='line_1_105' title="bbox 2135 4857 3731 4930; baseline 0.001 -19"><span class='ocrx_word' id='word_1_769' title='bbox 2135 4859 2354 4923; x_wconf 80' lang='grc' dir='ltr'>λὺπτως</span> <span class='ocrx_word' id='word_1_770' title='bbox 2379 4859 2420 4890; x_wconf 82' lang='grc'><strong>⁸¹</strong></span> <span class='ocrx_word' id='word_1_771' title='bbox 2457 4858 2673 4930; x_wconf 82' lang='grc' dir='ltr'>γυμνὴν</span> <span class='ocrx_word' id='word_1_772' title='bbox 2702 4859 2922 4922; x_wconf 81' lang='grc' dir='ltr'>δεικνὺς</span> <span class='ocrx_word' id='word_1_773' title='bbox 2954 4859 3052 4929; x_wconf 87' lang='grc' dir='ltr'><strong>τὴν</strong></span> <span class='ocrx_word' id='word_1_774' title='bbox 3081 4859 3363 4930; x_wconf 78' lang='grc' dir='ltr'>ἀλήθειαν.</span> <span class='ocrx_word' id='word_1_775' title='bbox 3415 4857 3579 4911; x_wconf 78' lang='grc' dir='ltr'>Οὕτω</span> <span class='ocrx_word' id='word_1_776' title='bbox 3624 4861 3731 4929; x_wconf 75' lang='grc' dir='ltr'>μὲν</span> 
     </span>
    </p>
   </div>
   <div class='ocr_carea' id='block_1_106' title="bbox 2133 4946 3734 5023">
    <p class='ocr_par' dir='ltr' id='par_1_106' title="bbox 2133 4946 3734 5023">
     <span class='ocr_line' id='line_1_106' title="bbox 2133 4946 3734 5023; baseline 0 -19"><span class='ocrx_word' id='word_1_777' title='bbox 2133 4948 2248 5014; x_wconf 78' lang='grc' dir='ltr'>οὖν,</span> <span class='ocrx_word' id='word_1_778' title='bbox 2283 4952 2359 5014; x_wconf 86' lang='grc' dir='ltr'>ὼς</span> <span class='ocrx_word' id='word_1_779' title='bbox 2383 4946 2559 5018; x_wconf 76' lang='grc' dir='ltr'>οἶμαι,</span> <span class='ocrx_word' id='word_1_780' title='bbox 2590 4951 2692 5020; x_wconf 79' lang='grc' dir='ltr'>τῆς</span> <span class='ocrx_word' id='word_1_781' title='bbox 2719 4951 2889 5014; x_wconf 42' lang='grc' dir='ltr'>,θείας</span> <span class='ocrx_word' id='word_1_782' title='bbox 2933 4951 3059 5022; x_wconf 75' lang='grc' dir='ltr'>ὅλης</span> <span class='ocrx_word' id='word_1_783' title='bbox 3087 4952 3311 5023; x_wconf 77' lang='grc' dir='ltr'>Γραφῆς</span> <span class='ocrx_word' id='word_1_784' title='bbox 3341 4952 3371 5003; x_wconf 83' lang='grc' dir='ltr'><strong>ό</strong></span> <span class='ocrx_word' id='word_1_785' title='bbox 3404 4951 3532 5012; x_wconf 87' lang='grc' dir='ltr'>νοῦς</span> <span class='ocrx_word' id='word_1_786' title='bbox 3562 4951 3734 5004; x_wconf 68' lang='grc' dir='ltr'>εὐσεσ</span> 
     </span>
    </p>
   </div>
   <div class='ocr_carea' id='block_1_107' title="bbox 2135 5040 3734 5114">
    <p class='ocr_par' dir='ltr' id='par_1_107' title="bbox 2135 5040 3734 5114">
     <span class='ocr_line' id='line_1_107' title="bbox 2135 5040 3734 5114; baseline 0.003 -22"><span class='ocrx_word' id='word_1_787' title='bbox 2135 5041 2246 5103; x_wconf 80' lang='grc' dir='ltr'><strong>ϐὡς</strong></span> <span class='ocrx_word' id='word_1_788' title='bbox 2289 5042 2689 5112; x_wconf 78' lang='grc' dir='ltr'>όμαλιζόμενος</span> <span class='ocrx_word' id='word_1_789' title='bbox 2728 5043 2881 5096; x_wconf 83' lang='grc' dir='ltr'>οῦδὲν</span> <span class='ocrx_word' id='word_1_790' title='bbox 2914 5043 3174 5114; x_wconf 83' lang='grc' dir='ltr'>δυσχερὲς</span> <span class='ocrx_word' id='word_1_791' title='bbox 3289 5040 3587 5111; x_wconf 78' lang='grc' dir='ltr'>ἀνώμαλον</span> <span class='ocrx_word' id='word_1_792' title='bbox 3641 5042 3734 5096; x_wconf 69' lang='grc' dir='ltr'>διὰ</span> 
     </span>
    </p>
   </div>
   <div class='ocr_carea' id='block_1_108' title="bbox 2134 5133 3734 5205">
    <p class='ocr_par' dir='ltr' id='par_1_108' title="bbox 2134 5133 3734 5205">
     <span class='ocr_line' id='line_1_108' title="bbox 2134 5133 3734 5205; baseline 0.001 -20"><span class='ocrx_word' id='word_1_793' title='bbox 2134 5133 2245 5186; x_wconf 89' lang='grc' dir='ltr'><strong>τῶν</strong></span> <span class='ocrx_word' id='word_1_794' title='bbox 2318 5133 2442 5186; x_wconf 79' lang='grc' dir='ltr'>καθ’</span> <span class='ocrx_word' id='word_1_795' title='bbox 2502 5135 2748 5205; x_wconf 87' lang='grc' dir='ltr'>ίστορίαν</span> <span class='ocrx_word' id='word_1_796' title='bbox 2819 5136 3096 5188; x_wconf 87' lang='grc' dir='ltr'>δοκουσῶν</span> <span class='ocrx_word' id='word_1_797' title='bbox 3153 5135 3532 5187; x_wconf 84' lang='grc' dir='ltr'>ἐναντιώσεων</span> <span class='ocrx_word' id='word_1_798' title='bbox 3578 5134 3734 5204; x_wconf 75' lang='grc' dir='ltr'>ἔχων</span> 
     </span>
    </p>
   </div>
   <div class='ocr_carea' id='block_1_109' title="bbox 2133 5222 3734 5296">
    <p class='ocr_par' dir='ltr' id='par_1_109' title="bbox 2133 5222 3734 5296">
     <span class='ocr_line' id='line_1_109' title="bbox 2133 5222 3734 5296; baseline 0 -20"><span class='ocrx_word' id='word_1_799' title='bbox 2133 5223 2504 5294; x_wconf 83' lang='grc' dir='ltr'>δειχθήσεται.</span> <span class='ocrx_word' id='word_1_800' title='bbox 2563 5225 2678 5288; x_wconf 79' lang='grc' dir='ltr'><strong>Πᾶς</strong></span> <span class='ocrx_word' id='word_1_801' title='bbox 2725 5224 2835 5296; x_wconf 78' lang='grc' dir='ltr'>γὰρ</span> <span class='ocrx_word' id='word_1_802' title='bbox 2875 5225 2985 5280; x_wconf 89' lang='grc' dir='ltr'><strong>τῶν</strong></span> <span class='ocrx_word' id='word_1_803' title='bbox 3041 5224 3307 5280; x_wconf 81' lang='grc' dir='ltr'>ἀνέκαθεν</span> <span class='ocrx_word' id='word_1_804' title='bbox 3354 5222 3528 5291; x_wconf 79' lang='grc' dir='ltr'>ἁγίων</span> <span class='ocrx_word' id='word_1_805' title='bbox 3575 5222 3734 5276; x_wconf 68' lang='grc' dir='ltr'>κατὰ</span> 
     </span>
    </p>
   </div>
   <div class='ocr_carea' id='block_1_110' title="bbox 1715 5475 2394 5534">
    <p class='ocr_par' dir='ltr' id='par_1_110' title="bbox 1715 5475 2394 5534">
     <span class='ocr_line' id='line_1_110' title="bbox 1715 5475 2394 5534; baseline 0.009 -7"><span class='ocrx_word' id='word_1_806' title='bbox 1715 5475 1950 5531; x_wconf 68' lang='grc' dir='ltr'>νΑιιιΑε</span> <span class='ocrx_word' id='word_1_807' title='bbox 1988 5476 2394 5534; x_wconf 77' lang='lat' dir='ltr'><strong>LECTIONES.</strong></span> 
     </span>
    </p>
   </div>
   <div class='ocr_carea' id='block_1_111' title="bbox 513 5545 1369 5616">
    <p class='ocr_par' dir='ltr' id='par_1_111' title="bbox 513 5545 1369 5616">
     <span class='ocr_line' id='line_1_111' title="bbox 513 5545 1369 5616; baseline 0.004 -18"><span class='ocrx_word' id='word_1_808' title='bbox 513 5547 554 5575; x_wconf 86' lang='grc'><strong>³¹</strong></span> <span class='ocrx_word' id='word_1_809' title='bbox 589 5547 852 5599; x_wconf 74' lang='lat' dir='ltr'><strong>Rescribe</strong></span> <span class='ocrx_word' id='word_1_810' title='bbox 887 5545 1369 5616; x_wconf 78' lang='grc' dir='ltr'>ἀπερικαλύπτως.</span> 
     </span>
    </p>
   </div>
   <div class='ocr_carea' id='block_1_112' title="bbox 510 5679 3489 5758">
    <p class='ocr_par' dir='ltr' id='par_1_112' title="bbox 510 5679 3489 5758">
     <span class='ocr_line' id='line_1_112' title="bbox 510 5679 3489 5758; baseline 0.003 -25"><span class='ocrx_word' id='word_1_811' title='bbox 510 5681 584 5749; x_wconf 86' lang='grc'>(8)</span> <span class='ocrx_word' id='word_1_812' title='bbox 618 5681 777 5749; x_wconf 70' lang='grc' dir='ltr'>(ἶιϊε.</span> <span class='ocrx_word' id='word_1_813' title='bbox 813 5682 939 5734; x_wconf 69' lang='lat' dir='ltr'><strong>Naz.</strong></span> <span class='ocrx_word' id='word_1_814' title='bbox 975 5681 1065 5736; x_wconf 81' lang='lat' dir='ltr'><strong>0r.</strong></span> <span class='ocrx_word' id='word_1_815' title='bbox 1096 5684 1298 5752; x_wconf 59' lang='lat' dir='ltr'><strong>{inn-lux</strong></span> <span class='ocrx_word' id='word_1_816' title='bbox 1337 5687 1387 5737; x_wconf 83' lang='lat' dir='ltr'><strong>in</strong></span> <span class='ocrx_word' id='word_1_817' title='bbox 1419 5685 1631 5738; x_wconf 60' lang='lat' dir='ltr'><strong>laudum</strong></span> <span class='ocrx_word' id='word_1_818' title='bbox 1665 5689 1796 5743; x_wconf 66' lang='lat' dir='ltr'><strong>Ca&#39;s.</strong></span> <span class='ocrx_word' id='word_1_819' title='bbox 1831 5691 2015 5758; x_wconf 76' lang='lat' dir='ltr'><strong>fratris</strong></span> <span class='ocrx_word' id='word_1_820' title='bbox 2055 5690 2182 5744; x_wconf 85' lang='lat' dir='ltr'><strong>hab.</strong></span> <span class='ocrx_word' id='word_1_821' title='bbox 2228 5705 2345 5757; x_wconf 84' lang='lat' dir='ltr'><strong>cap.</strong></span> <span class='ocrx_word' id='word_1_822' title='bbox 2380 5687 2469 5750; x_wconf 67' lang='grc' dir='ltr'><strong>ει,</strong></span> <span class='ocrx_word' id='word_1_823' title='bbox 2501 5703 2554 5754; x_wconf 88' lang='lat' dir='ltr'><strong>p.</strong></span> <span class='ocrx_word' id='word_1_824' title='bbox 2587 5688 2714 5750; x_wconf 70' lang='lat' dir='ltr'><strong>‘2l3,</strong></span> <span class='ocrx_word' id='word_1_825' title='bbox 2761 5695 2889 5740; x_wconf 88' lang='lat' dir='ltr'><strong>tom.</strong></span> <span class='ocrx_word' id='word_1_826' title='bbox 2925 5687 2964 5740; x_wconf 91' lang='grc'>1.</span> <span class='ocrx_word' id='word_1_827' title='bbox 2995 5685 3128 5756; x_wconf 83' lang='lat' dir='ltr'><strong>Opp.</strong></span> <span class='ocrx_word' id='word_1_828' title='bbox 3163 5679 3489 5742; x_wconf 68' lang='lat' dir='ltr'><strong>cd.Bcned.</strong></span> 
     </span>
    </p>
   </div>
  </div>
