3938 6192
219 247 352 320 lii»?

1482 227 2002 295 AMBIGUORUM
2038 226 2289 287 LIBER.

3322 221 3463 294 1254
3494 314 3503 321 ι

212 362 305 419 τὸν
334 359 510 430 ἀληθῆ
538 358 697 427 λόγον
732 356 828 411 τοῦ
877 355 945 408 δι’
983 349 1153 407 αὑτοῦ
1203 342 1538 420 μηνυομένου
1574 361 1640 430 τε
1692 341 1787 395 καὶ

1890 350 2022 390 rum-
2046 349 2240 391 revera
2274 332 2398 403 ejus
2428 332 2574 403 quod
2604 334 2720 405 ipse
2761 336 3033 393 revelaret
3058 345 3116 394 et
3146 338 3467 410 praefer-ma-

212 427 665 525 προτυπουμένου
700 446 997 519 μυστηρίου
1028 441 1337 514 πρόδρομος
1360 433 1450 507 ἦν,
1474 437 1540 488 δι’
1560 427 1636 487 ὧν
1656 433 1790 486 ἔπα-

214 545 312 614 σχέ
344 561 403 597 τε
435 543 532 595 καὶ
565 541 694 612 ἔδρα
722 540 816 593 καὶ
858 538 1012 605 ἔλεγε
1045 535 1116 589 τὰ
1155 531 1358 586 τούτων
1382 525 1789 599 προκηρύττων

212 634 521 707 ἀρχέτυπα.
543 633 635 685 Διδ
657 631 752 685 καὶ
778 628 891 684 ἀντ’
907 626 1152 698 ἀλλήλων
1171 623 1476 694 ἀμέμπτως
1497 618 1791 688 παραλαμιι

214 726 490 787 ϐάνονται,
548 724 643 777 καὶ
700 723 918 775 πάντων
953 719 1217 781 ἅπαντες,
1268 714 1363 769 καὶ
1396 713 1627 773 ἕκαστος
1658 710 1788 795 ἑκά-

216 834 365 879 στου,
400 818 497 869 καὶ
523 815 646 869 ἀντὶ
670 814 780 867 τῶν
805 813 899 865 ὑπ’
923 809 1105 866 αὐτῶν
1127 802 1549 878 συγγραφεισῶν
1569 802 1787 871 βίϐλων,

194 909 311 961 καὶ
343 908 457 961 ἀντ’
503 907 686 960 αὐτῶν
736 907 793 959 αἰ
822 898 1022 973 “βίϐλοι
1070 900 1223 971 παρά
1277 900 1344 967 τῇ
1401 894 1660 965 συνηθείᾳ
1688 895 1790 963 τῆς

216 998 439 1068 Γραφῆς
491 993 1011 1068 προσαγορεύονται.
1074 991 1183 1043 Καὶ
1218 988 1372 1059 δηλοῐ
1411 986 1572 1040 τοῦτο
1604 983 1791 1053 σαφῶς

212 1089 306 1141 τὸν
357 1087 668 1157 Βαπτιστην
701 1085 988 1153 ,Ἰωάννην
1057 1080 1244 1135 Ἠλίαν
1305 1078 1422 1133 καὶ,
1464 1075 1630 1130 ποιῶν
1694 1073 1793 1129 καὶ

211 1178 386 1246 λέγων
423 1179 453 1230 6
484 1176 708 1245 Κύριος,
735 1174 847 1227 εἴτε
877 1174 969 1227 διὰ
998 1172 1098 1243 τὴν
1129 1172 1250 1240 ἴσην
1278 1169 1379 1239 τῆς
1429 1167 1633 1239 ἀρετῆς
1657 1165 1790 1233 ἕξιν,

211 1267 289 1330 ῶς
319 1283 486 1336 φασιν
531 1267 583 1319 οἰ
638 1264 976 1326 διδάσκαλοι,
1027 1264 1122 1315 καὶ
1178 1262 1276 1331 τὴν
1335 1258 1478 1326 κατὰ
1533 1256 1659 1310 νοῦν
1703 1255 1794 1309 διὰ

211 1355 836 1427 πάντων’καθαρότητα,
876 1355 973 1407 καὶ
1000 1353 1065 1406 τὸ
1095 1354 1196 1423 τῆς
1217 1350 1491 1412 πολιτείας
1521 1349 1789 1413 σύντονον,

210 1447 327 1501 εἴτε
373 1448 462 1502 διὰ
522 1447 625 1519 τὴν
673 1448 732 1501 ὲν
771 1444 1102 1515 ἀμφοτέροις
1139 1443 1444 1513 ταυτότητα
1491 1440 1591 1511 τῆς
1640 1441 1698 1493 ἐν
1725 1440 1792 1510 τῇ

211 1539 398 1611 χάριτι
427 1539 734 1608 δυνάμεως,
766 1537 945 1615 (201
972 1538 1028 1605 α)
1063 1530 1174 1588 εἴτε
1234 1533 1359 1588 καθ’
1389 1533 1574 1604 ἕτερον
1628 1530 1788 1600 λόγον

211 1631 551 1699 ἀπόκρυφον,
592 1628 752 1692 αὐτὸς
803 1625 873 1680 ἂν
918 1625 1089 1697 εἰδείη
1125 1628 1153 1679 6
1180 1623 1352 1692 λέγων
1379 1623 1455 1687 ὡς
1496 1623 1648 1687 Θεὸς,
1692 1622 1788 1676 καὶ

209 1725 262 1775 οἰ
283 1722 415 1793 παρ’
445 1721 611 1775 αὑτοῦ
637 1722 708 1775 τά
725 1711 948 1777 τοιαῦτα
981 1721 1253 1791 μυστήρια
1279 1718 1643 1788 σοφιζόμενοι.
1678 1718 1788 1772 Καὶ

209 1811 375 1867 πάλιν
401 1812 639 1865 Μωῦσέα
668 1812 759 1864 τὸν
804 1812 990 1882 νόμον,
1020 1809 1118 1863 καὶ
1163 1813 1447 1880 προφήτας
1483 1810 1580 1872 τὰς
1607 1809 1787 1864 αὐτῶν

210 1904 559 1974 προφητικάς
620 1902 855 1972 βίϐλους,
893 1901 1151 1965 καλέσας,
1202 1903 1262 1954 ὲν
1303 1897 1386 1965 οἷς
1441 1901 1578 1973 πρὸς
1615 1901 1705 1955 τὸν
1729 1903 1788 1955 ὲν

208 1997 279 2065 τῇ
346 1996 539 2064 γεέννῃ
612 1993 1036 2063 βασανιζόμενον
1092 1991 1344 2045 πλούσιον
1396 1992 1644 2061 φήσαντα
1697 1992 1788 2044 τὸν

213 2085 562 2154 πατριάρχην
599 2084 892 2151 εἰσήγαγεν
946 2081 1214 2152 Ἀϐραάμσ
1243 2080 1493 2149 Ἔχουσι
1534 2081 1789 2134 Μωῦσέα

209 2174 313 2230 καί
347 2175 491 2240 τοὺς
543 2174 877 2242 προφήτας,
922 2171 1362 2227 ἀκουσάτωσαν
1395 2171 1614 2234 αὐτῶν,
1668 2172 1790 2223 ἀντὶ

207 2264 318 2319 τῶν
353 2266 446 2320 ὑπ’
480 2264 662 2319 αὐτῶν
710 2264 1129 2336 συγγραφεισῶν
1165 2262 1323 2316 θείων
1352 2260 1549 2331 βίϐλων
1591 2262 1790 2324 αὐτοὺς

210 2358 456 2422 ἐκείνους
484 2357 886 2428 παραθέμενος,
933 2354 1174 2411 Μωῦσέα
1198 2371 1270 2425 φη
1281 2354 1340 2421 at
1372 2353 1483 2405 καὶ.
1501 2353 1627 2415 τοὺς
1653 2368 1789 2420 προ-

211 2448 409 2517 φήτας.
448 2448 556 2499 Καὶ
585 2446 896 2516 θαυμαστὸν
944 2444 1118 2498 οὐδέν.
1158 2445 1220 2498 Ei
1249 2444 1358 2513 γὰρ
1386 2435 1465 2504 εἷς
1493 2442 1641 2494 ἑστιν
1666 2441 1695 2492 6
1721 2438 1788 2491 δι’

213 2535 394 2588 αὐτῶν
416 2534 937 2613 καταγγελλόμενος,
973 2536 1023 2586 οἰ
1050 2536 1249 2595 πάντες
1279 2533 1356 2595 ὡς
1394 2527 1475 2594 εἷς
1502 2531 1561 2584 δν
1583 2545 1790 2599 καταγ-

213 2626 463 2694 γέλλουσι
539 2626 779 2679 νοεῖσθαι
811 2657 815 2661 -
853 2625 1143 2687 δύνανται,
1221 2625 1315 2677 καὶ
1390 2624 1541 2676 ἀντὶ.
1574 2624 1789 2676 πάντων

213 2716 443 2780 ἕκαστος
464 2717 557 2770 καί⁵
582 2718 782 2780 πάντες
803 2717 1020 2771 πάντων
1037 2715 1277 2777 εὐσεϐῶς
1299 2713 1789 2785 ἀντιπαραλαμϐἀ-

213 2807 417 2869 νεσθαι,
442 2806 553 2860 τῶν
581 2824 638 2860 τε
655 2807 1131 2877 διακονησαμένων
1149 2804 1227 2875 τῷ
1248 2806 1390 2858 κατά
1416 2804 1514 2876 τὴν
1548 2807 1790 2859 Παλαιὰν

214 2887 495 2969 Διαθήκηκ
575 2899 860 2970 μυστηρίῳ
926 2898 1020 2951 καὶ
1091 2899 1199 2949 τῶν
1274 2895 1669 2949 πιστευθέντων
1728 2896 1789 2949 τὸ

1891 433 1976 480 ret
2016 424 2264 496 mysterii
2309 437 2619 494 pratcursor
2647 435 2786 490 erat,
2820 428 3086 499 imagines
3126 446 3226 500 per
3253 447 3317 486 ea
3347 448 3472 503 qua

1891 515 2204 584 patiebatur
2243 522 2301 570 et
2341 515 2537 585 agebat
2564 524 2622 571 et
2646 517 2869 573 dicebat
2907 518 3106 574 horum
3137 524 3470 592 exemplaria

1889 604 2215 674 primigenia
2243 606 2638 673 praenuntians.
2667 605 2847 673 Quare
2877 609 3047 665 etiam
3077 610 3219 666 bene
3240 620 3297 667 et
3332 629 3470 683 prae-

1890 702 1976 750 ter
2001 696 2491 764 reprehensionem
2523 713 2623 767 pro
2648 714 2708 753 se
2744 700 2979 756 invicem
3011 703 3378 773 accipiuntur,
3412 715 3472 760 et

1888 801 1991 856 pro
2017 787 2278 842 omnibus
2308 802 2500 844 omnes
2536 800 2594 845 et
2624 790 2862 862 quisque
2896 809 2996 863 pro
3028 811 3267 865 quoque,
3300 797 3469 852 etiam

1889 893 1991 947 pro
2025 877 2185 934 libris
2206 878 2277 933 ab
2302 879 2438 948 ipsis
2470 883 2822 952 conscriptis,
2856 893 2914 938 et
2939 900 3040 955 pro
3092 886 3227 955 ipsis
3258 887 3385 942 libri
3412 889 3470 944 in

1891 966 2191 1037 Seripturae
2220 983 2324 1022 usu
2346 971 2714 1037 appellantur.
2741 971 2896 1038 Quod
2929 987 3116 1043 aperte
3154 978 3471 1041 manifestat

1861 1057 2164 1126 ‘Dominusl
2196 1057 2463 1113 Joannem
2487 1058 2793 1127 'baptistam
2838 1060 3012 1115 Etiam
3064 1065 3372 1121 etfaciens
3414 1078 3472 1123 et

1874 1148 2082 1217 dicens
2126 1159 2187 1215 ιιι,
2235 1150 2352 1204 sive
2394 1158 2628 1220 propter
2683 1167 2871 1221 parem
2939 1154 3153 1210 virtutis
3195 1157 3468 1224 habitum,

1890 1248 1953 1295 ut
1997 1240 2255 1310 discipuli
2289 1241 2504 1307 dicunt,
2534 1256 2599 1296 ac
2638 1244 2841 1299 mentis
2886 1260 2985 1314 per
3025 1249 3210 1300 omnia
3257 1251 3470 1317 purita-

1892 1338 2041 1395 tem,
2118 1341 2453 1402 propterque
2502 1334 2938 1390 conversationis
3003 1346 3060 1390 et
3118 1336 3243 1393 vitae
3290 1355 3473 1409 aequa-

1889 1421 2123 1487 litatem,
2154 1424 2271 1478 sive
2301 1424 2374 1504 ob
2402 1424 2747 1487 identitatem
2776 1426 3063 1497 utriusque
3093 1429 3150 1482 in
3174 1433 3349 1499 gratia
3376 1447 3474 1500 po-

1890 1515 2124 1577 testatis,
2167 1514 2284 1570 sive
2330 1515 2399 1571 de
2433 1516 2537 1570 alia
2579 1518 2798 1571 occulta
2834 1507 3076 1585 ratione,
3125 1520 3243 1589 ipse
3281 1524 3376 1590 qui
3410 1532 3472 1577 ut

1890 1603 2276 1665 Deus‘loeutus
2298 1616 2383 1661 est
2403 1607 2650 1673 sciverit,
2673 1616 2730 1662 et
2749 1608 2842 1678 qui
2871 1610 3001 1663 talia
3027 1611 3095 1665 ab
3116 1627 3183 1665 eo
3208 1613 3471 1683 mysteria

1797 1674 1861 1756 ,Β
1887 1696 2070 1751 edocti
2103 1707 2249 1751 sunt.
2284 1696 2463 1767 Atque
2496 1698 2697 1753 iterum
2743 1674 2968 1770 Moysen
3010 1702 3209 1771 legem,
3244 1674 3302 1757 et
3336 1720 3470 1774 pro-

1887 1785 2082 1855 phetas
2136 1786 2311 1842 libros
2348 1803 2551 1842 eorum
2606 1790 2957 1860 propheticus
3017 1793 3325 1861 appellans,
3374 1795 3472 1853 ubi

1886 1878 2258 1933 Abrahamum
2307 1878 2677 1947 patriarcbam
2723 1880 2791 1934 ad
2838 1882 3062 1936 divitem
3120 1884 3175 1936 in
3220 1886 3472 1955 gehenna

1887 1968 2207 2023 aiilietatum
2234 1976 2289 2023 et
2314 1979 2568 2033 vexatum
2601 1971 2904 2027 introducit
2928 1973 3201 2028 dicentem
3228 1993 3240 2028 :
3265 1976 3471 2033 Habent

1886 2060 2099 2131 Moysen
2120 2070 2169 2129 et
2199 2062 2503 2132 prophetas,
2538 2063 2760 2117 audiant
2785 2079 2871 2117 eos
2895 2073 2943 2128 ⁸³,
2977 2081 3078 2134 pro
3110 2067 3266 2122 libris
3293 2069 3361 2122 ab
3385 2071 3471 2124 eis

1889 2152 2217 2220 conscriptis
2248 2152 2397 2221 ipsos
2435 2152 2558 2207 illos
2590 2168 2827 2222 ponens,
2864 2154 3107 2225 Moysen,
3139 2157 3386 2226 inquam,
3413 2169 3472 2214 et

1888 2244 2206 2312 prophetas.
2232 2244 2421 2313 Neque
2439 2245 2654 2300 'mirum
2700 2247 2823 2301 hoc.
2856 2248 2993 2302 Nam
3028 2250 3073 2302 si
3101 2265 3242 2302 unus
3263 2261 3347 2304 est
3372 2267 3472 2320 per

1888 2349 1987 2387 eos
2016 2335 2368 2403 praedicatus,
2400 2336 2642 2391 universi
2677 2348 2934 2407 tanquam
2964 2357 3108 2395 unus
3137 2357 3300 2411 quem
3327 2359 3469 2412 prae-

1890 2428 2078 2481 dicant
2115 2428 2443 2498 intelligere,
2477 2439 2532 2484 et
2563 2446 2664 2499 pro
2699 2433 2972 2487 universis
3013 2435 3214 2504 singuli
3240 2437 3469 2505 quique,

1888 2527 1946 2573 et
1978 2533 2171 2572 omnes
2204 2536 2301 2589 pro
2334 2521 2612 2587 omnibus,
2639 2522 2727 2591 pie
2760 2524 2932 2593 accipi
2963 2536 3213 2593 possunt,
3239 2529 3331 2595 qui
3364 2528 3473 2583 Ve-

1893 2606 2028 2671 teris
2072 2607 2408 2663 Testamenti
2451 2611 2713 2679 mysterio
2764 2611 3141 2668 inservierunt
3171 2623 3227 2667 et
3269 2614 3474 2682 quibus

1889 2697 2171 2769 Evangelii
2202 2699 2391 2769 gratiae
2433 2701 2750 2769 praedicatio
2783 2704 2991 2756 credita
3031 2714 3168 2757 erat.
3203 2706 3383 2774 Itaque
3412 2716 3474 2761 ut

1890 2804 2122 2859 magnus
2156 2789 2395 2844 Joannes
2423 2789 2665 2858 Baptista
2691 2792 2747 2845 in
2779 2802 2948 2846 totam
2969 2794 3105 2848 Novi
3134 2795 3471 2851 Testamenti

1890 2880 2119 2949 ejusque
2147 2881 2332 2935 cultus
2359 2882 2592 2952 gratiam
2625 2882 2714 2951 pie
2749 2883 2981 2954 intelligi
3012 2895 3211 2954 potest,
3253 2889 3323 2942 ita
3346 2890 3473 2959 jure

212 2968 477 3059 κήρυγμα
505 2990 606 3058 τῆς
649 2968 790 3042 κατά
821 2989 882 3042 τὸ
920 2988 1253 3055 Εὑαγγέλιον
1287 2988 1529 3057 χάριτος.
1579 2985 1790 3040 Οὐκοῦν

1894 2968 1951 3027 in
2000 2978 2175 3024 totum
2226 2970 2440 3025 Novum
2489 2971 2900 3026 Testamentum
2958 2975 3186 3044 ejusque
3235 2979 3469 3045 cultum,

211 3079 402 3149 ὥσπερ
432 3082 510 3142 είς
532 3080 657 3146 ὃλην
678 3076 843 3132 οὖσαν
865 3080 966 3148 τῆς
997 3080 1206 3148 Καινῆς
1264 3079 1537 3147 Διαθήκης
1566 3079 1658 3131 καὶ
1695 3078 1795 3148 τῆς

213 3169 336 3221 κατ’
375 3168 542 3239 αὐτὴν
584 3167 841 3238 λατρείας
878 3171 906 3222 6
947 3155 1118 3237 μέγας
1167 3167 1479 3235 Βαπτιστὴς
1542 3168 1795 3235 Ἰωάννης

213 3257 456 3320 εὐσεϐῶς
507 3258 1035 3329 παραλαμϐάνεσθαι
1089 3259 1328 3324 δύναται,
1385 3257 1530 3311 οὕτω
1573 3257 1795 3321 δικαίως

210 3347 294 3410 είς
320 3347 448 3417 δλην
477 3347 577 3419 τὴν
603 3349 814 3419 Καινὴν
835 3348 1113 3417 Διαθήκην
1173 3349 1268 3400 καὶ
1309 3346 1406 3417 τὴν
1454 3345 1573 3399 κατ’
1625 3346 1793 3417 αὐτὴν

212 3436 489 3506 λατρείαν,
548 3436 854 3507 πρόδρομον
909 3431 1076 3488 οὖσαν
1136 3434 1234 3503 τῆς
1294 3435 1352 3485 ὲν
1410 3432 1489 3502 τῷ
1543 3432 1791 3502 μέλλοντι

213 3525 371 3580 αἰῶνι
400 3525 666 3595 μυστικῆς
694 3524 802 3577 τῶν
834 3525 1092 3595 ἀρρήτων
1136 3522 1358 3591 ἀγαθῶν
1408 3522 1790 3593 κρυφιότητος.

215 3616 311 3670 καὶ
348 3614 600 3683 Ἰωάννης
640 3617 670 3669 6
700 3614 872 3684 μέγας
918 3612 1135 3684 ἀληθῶς
1163 3610 1556 3680 εὑαγγελιστὴς
1582 3610 1792 3682 ληφθῆ-

212 3724 302 3762 ναι
350 3707 596 3769 δύναται,
647 3706 722 3770 ὡς
776 3705 1085 3776 πρόδρομος
1149 3705 1301 3773 φωνὴ
1354 3701 1458 3754 τοῦ.
1508 3702 1791 3771 μέλλοντος

124 3845 150 3865 ,
210 3799 426 3869 τρανῶς
466 3796 745 3853 λαλεῖσθαι
799 3796 1074 3866 θειοτέρου
1124 3794 1308 3863 λόγου,
1358 3794 1451 3846 καὶ
1478 3791 1642 3848 εἰκὼν
1693 3794 1791 3863 τῆς

209 3889 634 3961 δειχθησομένης
691 3887 968 3959 ἀληθείας.
1017 3888 1150 3957 Σκιᾷ
1189 3886 1299 3958 γὰρ
1343 3886 1440 3939 ςιιαί⁹
1478 3885 1644 3938 εἰκόνι
1695 3889 1791 3939 καὶ

209 3981 440 4052 ἀληθείᾳ
496 3981 562 4033 τὸ
604 3978 729 4035 καθ’
784 3977 932 4049 ἧμας
977 3978 1097 4033 ὅλον
1144 3975 1247 4046 τῆς
1290 3976 1563 4062 σωξηρίας
1609 3975 1790 4045 σοφῶς

211 4067 537 4140 ᾡκονομήθη
575 4070 894 4139 μυστήριον.
933 4068 1118 4120 Σκιὰν
1145 4064 1256 4137 γὰρ
1303 4062 1469 4133 εῖχεν
1500 4068 1534 4119 ό
1578 4065 1787 4134 νόμος,

212 4161 287 4221 ὥς
311 4177 476 4230 φησιν
505 4163 533 4215 6
562 4160 705 4222 θεῖος
742 4158 1085 4223 Ἀπόστολος,
1133 4155 1253 4209 τῶν
1270 4156 1621 4225 μελλόντων
1647 4158 1789 4225 ἀτα-

213 4250 371 4313 θῶν,
432 4254 545 4305 οὐκ
604 4249 800 4316 αὐτὴν
855 4248 1063 4317 (201·
1113 4247 1184 4316 b)
1240 4245 1354 4315 τὴν
1409 4250 1615 4301 εἰκόνα
1667 4245 1787 4300 τῶν

1896 3063 1993 3129 qui
2021 3060 2195 3115 futuri
2232 3062 2334 3116 ιιινί
2378 3063 2623 3133 mystica:
2670 3064 3032 3120 ineilabilium
3076 3067 3346 3124 bonorum
3377 3087 3472 3128 oc-

1895 3153 2212 3208 cultationis
2254 3168 2565 3222 praecursor
2596 3164 2708 3220 est,
2752 3158 2919 3211 etiam
2963 3160 3203 3216 Joannes
3244 3179 3474 3234 magnus

1894 3256 2087 3303 revera
2120 3243 2454 3313 evangelista
2482 3253 2665 3312 potest
2705 3247 2903 3315 accipi,
2939 3257 3132 3303 ut-vox
3165 3266 3473 3319 pmcursor

1892 3332 2186 3388 divinioris
2232 3333 2514 3389 Sermonis
2558 3346 2748 3405 aperte
2791 3339 2924 3392 olim
2968 3343 3381 3407 pronuntiandi,
3416 3354 3476 3400 et

1893 3424 2250 3479 simulacrum
2293 3426 2546 3480 veritatis
2575 3425 3065 3487 demonstrande
3080 3430 3282 3487 Umbra
3321 3435 3471 3486 enim

1892 3525 1950 3569 et
1998 3513 2296 3569 simulacro
2344 3524 2401 3569 et
2445 3518 2679 3571 veritate
2727 3525 2900 3570 totum
2949 3520 3145 3573 salutis
3177 3523 3321 3589 apud
3371 3538 3474 3578 nos

1894 3605 2218 3675 mysterium
2272 3606 2552 3675 sapienter
2607 3607 2987 3676 dispensatum
3042 3620 3146 3664 est.
3219 3611 3469 3666 Umbram

1894 3700 2032 3760 enim
2065 3698 2287 3752 habebat
2320 3702 2424 3763 (ex,
2469 3707 2531 3752 ut
2571 3699 2707 3753 dicit
2732 3699 2951 3753 divinus
2972 3700 3287 3770 Apostolus,
3331 3704 3475 3773 futu-

1894 3804 2075 3845 rorum
2103 3791 2380 3855 bonorum,
2413 3806 2519 3843 non
2547 3792 2722 3861 ipsum
2752 3806 2929 3843 rerum
2969 3792 3472 3864 simulacrumo‘qua

1894 3898 1995 3936 suo
2018 3882 2124 3937 sibi
2148 3897 2329 3937 sermo
2353 3882 2517 3937 modo
2556 3897 2660 3952 per
2691 3881 2981 3937 obscuram
3006 3885 3300 3953 quamdam
3325 3888 3471 3941 veri-

1895 3980 2064 4028 tatum
2102 3974 2557 4044 significationem
2598 3975 2665 4030 ad
2689 3974 3047 4046 Evangelium
3087 3979 3470 4047 accipiendum

1890 4066 2030 4135 legis
2048 4066 2291 4120 cultores
2314 4066 2645 4120 instrueret.
2714 4067 3071 4136 Evangelium
3094 4079 3276 4123 autem
3301 4071 3471 4137 simu-

1888 4158 2095 4211 lacrum
2140 4156 2388 4224 possidet
2423 4156 2756 4220 veritatum,
2801 4165 2857 4210 et
2904 4167 3047 4212 totos
3088 4170 3277 4228 aperte
3322 4171 3473 4217 tenet

1890 4249 2022 4303 hinc
2054 4248 2169 4316 jam
2212 4246 2306 4315 qui
2352 4246 2459 4300 sibi
2504 4247 2816 4300 futurorum
2849 4247 3119 4302 bonorum
3155 4252 3471 4309 similitudi-

212 4345 588 4415 πραγμάτων,
621 4344 690 4399 δι’
714 4341 784 4416 ἦς
809 4344 933 4406 τοὺς
962 4343 1104 4401 κατὰ
1127 4343 1292 4412 νόμον
1326 4341 1542 4404 οἰκείως
1574 4343 1787 4404 ἑαυτοῖς

1890 4355 2016 4394 nem
2047 4337 2444 4408 quaesiverunt.
2487 4339 2767 4406 Praeparat
2808 4353 2989 4392 sermo
3024 4355 3124 4412 per
3149 4357 3297 4409 spem
3326 4346 3473 4398 veri-

214 4437 333 4490 κατ’
387 4436 635 4507 ἀμυδρὰν
682 4453 803 4489 τινα
844 4433 953 4489 τῶν
991 4433 1211 4505 ἀληθῶν
1240 4433 1483 4503 ἔμφασιν
1530 4432 1666 4502 πρὸς
1688 4431 1786 4501 τὴν

210 4527 305 4580 τοῦ
334 4526 666 4596 Εὑαγγελίου
696 4526 1010 4599 παραδοχὴν
1052 4527 1096 4579 ὰ
1114 4525 1271 4594 λόγος
1299 4522 1688 4592 ἐπαιδαγώγει.
1714 4523 1789 4577 Τὸ

210 4620 270 4672 δὲ
328 4617 659 4687 Εὐαγγέλιον
688 4622 871 4673 εἰκόνα
912 4619 1176 4689 κέκτηται
1219 4617 1327 4669 τῶν
1361 4615 1597 4687 ἀληθῶν,
1634 4615 1789 4679 ὅλους

204 4712 337 4782 ἔχον
385 4710 598 4781 τρανῶς
646 4708 976 4787 ἀπεντεῦθεν
1028 4709 1132 4779 ήδη
1170 4709 1297 4770 τοὺς
1329 4707 1438 4761 τῶν
1487 4706 1789 4777 μελλόντων

214 4801 439 4871 ἀγαθῶν
474 4805 768 4872 ὁμοιότητα
811 4800 1211 4871 κτησαμένους.
1244 4798 1525 4870 Ἐτοίμους
1564 4799 1593 4850 ὁ
1634 4798 1791 4867 λόγος
1833 4857 1862 4877 ,

212 4893 281 4947 δι’
310 4894 525 4957 ἐλπίδος
554 4892 846 4956 καθίστησι
883 4895 950 4964 τῇ
981 4892 1260 4966 παραδοχῇ
1295 4892 1394 4962 τῆς
1422 4890 1530 4943 τῶν
1576 4889 1792 4961 ἀληθῶν

213 4984 548 5055 ἀρκετυπίας
590 4983 907 5055 ψνχωθῆναι
940 4983 1033 5036 καὶ
1073 4981 1326 5051 γενέσθαι
1374 4980 1554 5046 ζώσας
1579 4980 1795 5055 εἰκόνας

213 5075 475 5147 Χριστοῦ,
520 5075 613 5129 καὶ
647 5074 843 5128 ταυτὸν
880 5072 1029 5143 αὑτῷ
1067 5072 1267 5143 μᾶλλον
1318 5070 1461 5125 κατὰ
1498 5071 1597 5142 τὴν
1634 5073 1793 5143 χάριν

214 5164 250 5237 ἦ
282 5164 633 5234 ἀφομοίωμα,
658 5164 820 5234 τυχὸν
862 5163 920 5217 δὲ
946 5164 1041 5217 καὶ
1085 5162 1246 5225 αὐτὸς
1280 5164 1308 5215 6
1356 5160 1581 5231 Κύριος,
1627 5164 1676 5215 εἰ
1711 5161 1787 5231 μὴ

217 5257 473 5328 φορτικὸς
510 5257 539 5309 6
579 5256 735 5324 λόγος
767 5258 911 5310 τισὶν
954 5251 1097 5309 εἶναι
1134 5255 1299 5308 δοκεῖ.
1349 5254 1437 5314 Ὠς
1484 5252 1791 5325 πρόδρομος

214 5348 412 5403 ἑαυτοῦ
442 5349 577 5420 πρὸς
593 5348 687 5403 τοῦ
719 5347 975 5419 θεοφόρου
1005 5346 1325 5402 διδασκάλου
1351 5346 1791 5418 προσηγόρευται

210 5440 336 5508 νῦν,
364 5442 437 5506 ῶς
470 5442 660 5496 ἑαυτὸν
709 5441 984 5510 ἀναλόγως
1030 5443 1146 5503 τοῖς
1185 5440 1604 5511 ὑποδεχομένοις
1651 5442 1795 5496 κατά

288 5629 329 5660 α
356 5619 545 5676 Matth.
572 5637 644 5686 ιι,
674 5620 758 5675 ﬂ.
836 5629 861 5657 ιδ
894 5620 1027 5676 Luc.
1054 5637 1162 5686 ενι,
1192 5621 1281 5677 29.
1357 5631 1377 5651 °
1411 5620 1578 5702 Hebr;
1616 5638 1668 5689 x,
1696 5622 1748 5678 ἰ.

1892 4440 2064 4485 tatum
2095 4430 2269 4484 forma
2298 4430 2623 4500 primigenia
2653 4439 2881 4497 recepta
2911 4431 3210 4485 animatum
3255 4433 3324 4487 iri
3370 4451 3472 4490 nos

1889 4530 1948 4576 et
1978 4521 2134 4576 vivas
2162 4519 2372 4576 Christi
2399 4521 2517 4575 fore
2546 4521 2834 4589 imagines,
2866 4520 2978 4575 imo
3010 4523 3154 4577 idem
3178 4526 3332 4593 quod
3376 4528 3471 4582 ille

1892 4613 2078 4682 potius
2124 4629 2223 4683 per
2267 4612 2506 4683 gratiam
2542 4613 2660 4666 fore
2704 4629 2868 4681 quam
2911 4614 3294 4682 simulacrum,
3338 4619 3473 4688 quin

1894 4704 2127 4759 fortasse
2150 4703 2235 4759 vel
2266 4703 2444 4774 ipsum
2471 4704 2762 4759 Dominum
2804 4705 2958 4770 fore,
2988 4706 3093 4760 nisi
3134 4706 3330 4763 durius
3367 4709 3473 4782 huc

1892 4796 2105 4851 dictum
2145 4796 2424 4868 aliquibus
2478 4796 2754 4852 videatur.
2807 4796 3279 4869 Quemadmodum
3323 4815 3474 4855 nunc

1892 4903 2199 4959 praecursor
2232 4887 2319 4941 sui
2361 4886 2535 4957 ipsius
2574 4903 2607 4941 a
2657 4888 2848 4942 divino
2889 4888 3118 4943 doctore
3166 4891 3474 4959 appellatus

1892 4987 1979 5036 est
2004 4979 2101 5050 qui
2136 4994 2257 5036 sese
2289 4978 2373 5033 eis
2399 4993 2522 5048 quae
2548 4986 2604 5033 et
2626 4978 2694 5033 de
2718 4979 2917 5035 Vetere
2936 4987 2993 5034 et
3017 4979 3085 5034 de
3107 4980 3259 5035 Novo
3284 4981 3476 5037 Testa-

1894 5058 2080 5128 mento
2106 5079 2393 5142 acceperat
2417 5071 2813 5127 convenienter
2836 5070 3191 5136 ostendisset,
3221 5087 3318 5141 per
3342 5074 3475 5128 aani-

1893 5174 2073 5237 gmata
2105 5173 2162 5220 et
2203 5179 2369 5220 voces
2409 5172 2466 5219 et
2500 5163 2768 5235 imagines
2795 5162 2882 5218 sui
2925 5162 3102 5232 ipsius
3144 5179 3475 5234 praecursor,

1893 5272 2100 5327 perque
2143 5256 2262 5312 haec
2305 5255 2374 5311 ad
2417 5256 2706 5312 veritatem
2741 5255 2829 5311 bis
2865 5255 3130 5310 nudatam
3159 5255 3475 5323 deducens;

1894 5350 1949 5404 id
1977 5347 2127 5420 quod
2147 5349 2322 5420 ipsius
2338 5348 2559 5405 Domini
2583 5348 2771 5405 verbis
2796 5356 3050 5414 testatur,
3074 5348 3281 5418 quibus
3299 5348 3473 5403 dixit:

1896 5442 2077 5497 Adhuc
2102 5441 2269 5498 multa
2298 5442 2438 5499 vobis
2458 5442 2631 5497 dicere
2651 5441 2835 5508 habeo,
2857 5440 2948 5496 sed
2972 5458 3076 5497 non
3101 5441 3310 5512 potestis
3338 5456 3478 5496 nunc
