3938 6192
514 270 652 336 1255

1639 277 1699 336 S.
1739 276 2028 336 MAXIMI
2065 274 2572 340 CONFESSORIS

3632 289 3789 355 1256

509 380 759 451 bajularp
785 390 834 446 Ρ,
880 382 1257 437 sublimiorem
1294 383 1515 453 quidem
1555 401 1619 440 ea
1645 402 1767 455 quae
1795 402 2071 459 praegress:

2193 405 2252 441 τε
2280 390 2381 461 τὴν
2411 391 2652 446 Παλαιὰν
2678 393 2819 447 κατά
2860 408 2918 447 τε
2948 394 3044 466 τὴν
3091 395 3235 450 Νέαν
3275 397 3553 469 Διαθήκην
3581 401 3789 471 ἐκφαί-

508 478 651 532 erat,
675 470 770 524 sed
794 485 859 524 ea
883 486 1004 538 qum
1029 480 1151 541 post
1173 486 1231 525 se
1253 486 1351 540 per
1371 472 1620 527 divinum
1650 474 1916 544 Spiritum
1938 476 2086 531 circa

511 558 689 628 ipsum
735 558 915 613 futura
961 568 1108 615 esset
1140 561 1492 617 humiliorem
1538 571 1594 618 et
1627 566 1799 634 ipsum
1842 567 2087 636 discipli-

508 664 633 703 nam
666 648 953 718 discipulis
978 651 1314 721 signiﬁcans.
1342 653 1519 719 Unde,
1562 654 1622 708 ni
1661 654 1840 721 fallor,
1885 658 2086 727 adjecit

508 740 646 795 illud
679 758 693 792 :
723 739 854 796 Cum
910 752 1091 796 autem
1148 746 1347 798 venerit
1398 744 1491 799 ille
1545 749 1781 803 ueritatis
1834 748 2081 819 Spiritus,

505 830 722 885 deducet
754 848 840 886 vos
866 832 922 886 in
946 835 1090 886 omni
1114 836 1334 890 veritate
1359 846 1417 901 'I;
1446 838 1532 893 vel
1555 838 1639 892 eis
1663 854 1786 908 quat
1805 840 1936 895 alibi
1964 842 2041 896 ait
2068 858 2081 894 :

505 921 641 976 Ecce
670 939 763 993 ego
796 940 905 979 una
933 939 1051 978 cum
1073 926 1212 979 uobis
1246 942 1336 980 ero
1358 944 1539 982 omnes
1561 930 1670 984 dies
1696 946 1861 1001 usque
1885 932 1955 985 ad
1990 935 2086 986 caui

503 1016 1006 1068 consummationem
1040 1025 1085 1068 ι’.
1116 1016 1236 1071 Non
1266 1019 1414 1086 quod
1441 1026 1633 1087 postea
1663 1021 1823 1089 plane
1853 1036 1963 1075 non
1996 1021 2085 1075 fu-

504 1111 666 1157 turus
693 1111 765 1157 sit
796 1120 904 1158 una
936 1120 1062 1160 cum
1096 1106 1198 1172 eis,
1234 1109 1331 1163 sed
1376 1110 1524 1180 quod
1563 1111 1856 1166 sublimior
1891 1107 2088 1168 videli-'

503 1205 591 1250 cet
632 1197 702 1250 sit
736 1198 957 1253 futurus
986 1215 1150 1268 quam
1180 1217 1344 1271 quem
1391 1217 1459 1257 eo
1511 1218 1686 1273 usque
1732 1205 2084 1261 humiliorem

503 1287 806 1350 novissent,
833 1295 894 1340 ut
925 1304 1086 1357 quem
1120 1290 1189 1345 ad
1236 1307 1389 1345 suam
1415 1291 1732 1347 facultatem
1775 1295 2083 1363 augendam

494 1384 687 1433 'cssent
710 1379 970 1449 agnituri.
997 1380 1145 1434 Idem
1174 1381 1320 1435 enim
1345 1397 1443 1451 per
1464 1397 1523 1436 se
1552 1398 1771 1452 semper
1789 1384 2080 1452 exsistens,

504 1470 819 1538 nullamque
864 1486 932 1524 ex
978 1471 1358 1525 immutatione
1388 1473 1832 1540 conversionem,
1878 1490 1983 1534 nec
2025 1475 2082 1530 in

502 1560 672 1629 magis
715 1569 812 1614 aut
859 1548 1042 1616 minus
1089 1572 1444 1632 augmentum
1497 1573 1592 1618 aut
1637 1565 2080 1620 imminutionem

497 1650 817 1715 admittens,
862 1652 1121 1707 omnibus
1161 1654 1347 1707 omnia
1386 1669 1487 1723 per
1535 1655 1797 1710 bonitatis
1828 1656 1890 1710 ﬁt
1919 1672 2081 1711 exsu-

2185 498 2313 543 νων,
2367 481 2437 534 δι’
2493 482 2832 553 αἰνιγμάτων
2891 503 2953 539 τε
3013 488 3111 541 καὶ
3165 487 3362 555 φωνῶν
3422 491 3520 544 καὶ
3584 496 3787 547 τύπων

2186 574 2504 645 προτρέχων
2546 575 2711 639 αὐτὸς
2736 577 2956 644 ἑαυτοῦ,
2998 579 3093 632 καὶ
3138 580 3226 634 διὰ
3258 581 3465 635 τούτων
3508 585 3652 655 πρὸς
3684 584 3786 657 τὴν

2185 668 2358 736 χωρὶς
2405 666 2614 721 τούτων
2665 668 2813 736 ἄγων
2857 670 3135 741 ἀλήθειαν,
3183 676 3298 737 τοῖς
3350 674 3515 729 αὑτοῦ
3566 678 3784 748 Κυρίου

2185 756 2363 824 λόγοις
2419 757 2580 811 τοῦτο
2621 762 3080 831 τεκμαιρομένου,
3140 763 3209 817 δι’
3254 759 3330 818 ὧν
3363 765 3573 836 ἔλεγεν,
3650 771 3787 823 Ἔτι

2186 848 2387 903 πολλὰ
2410 850 2529 919 ἔχω
2558 851 2763 920 λέγειν
2778 853 2942 922 ὑμῖν,
2978 856 3118 910 ἀλλ’
3143 858 3217 912 οὐ
3246 858 3517 914 δύνασθε
3536 862 3783 926 βαστὰρ

2186 936 2303 998 ζειν
2326 938 2492 1007 ἄρτι*
2525 941 2807 1011 σημαίνων
2840 942 2941 1011 τὴν
2979 945 3322 1018 ὑψηλοτέραν
3357 948 3458 1017 μὲν
3487 951 3597 1019 τῆς
3641 968 3783 1022 προ-

2185 1028 2478 1099 λαϐοὑσης,
2546 1030 2975 1100 χθαμαλωτὲραν
3016 1033 3074 1086 δὲ
3141 1037 3231 1089 καὶ
3283 1039 3454 1111 αὑτὴν
3503 1042 3610 1110 τῆς
3666 1053 3799 1113 μετ’

2185 1117 2355 1188 αὑτὴν
2385 1119 2476 1172 διὰ
2505 1120 2598 1173 τοῦ
2631 1120 2779 1174 θείου
2824 1124 3141 1193 Πνεῦματος
3186 1128 3314 1195 περὶ
3354 1129 3520 1184 αὑτοῦ
3552 1134 3781 1201 μέλλου-

2186 1225 2286 1262 σαν
2358 1209 2596 1277 ἔσεσθαι,
2671 1213 2811 1284 πρὸς
2885 1216 3085 1280 αὐτοὺς
3154 1219 3528 1277 διδασκαλίαν.
3610 1226 3780 1281 Ὅθεν

2183 1299 2409 1363 εἰκότως
2453 1303 2732 1372 ἐπήγαγεν
2760 1321 2774 1334 ·
2815 1306 3003 1361 Ὅταν
3050 1307 3122 1362 δὲ
3186 1309 3337 1379 ἔλθῃ
3398 1314 3659 1383 ἐκεῖνος,
3712 1320 3779 1371 τὸ

2184 1391 2424 1461 Πνεῦμα
2484 1393 2596 1461 τῆς
2654 1395 2962 1464 ἀληθείας,
3018 1399 3307 1470 ὁδηγήσει
3353 1404 3507 1473 ὑμᾶς
3565 1408 3638 1459 ἐν
3703 1406 3780 1475 τῇ

2180 1483 2432 1585 (il-310810
2462 1484 2629 1552 πάσῃ
2654 1500 2669 1515 ⁶
2693 1486 2726 1557 ἢ
2761 1488 2855 1543 καὶ
2875 1488 2942 1541 δι’
2975 1483 3051 1546 ὧν
3083 1492 3313 1562 ἑτέρωθί
3343 1512 3535 1565 φησιν’
3590 1497 3800 1585 Ἰδοὺ.ἱ

2180 1572 2296 1641 ἐγὼ
2334 1576 2463 1641 μεθ’
2501 1575 2671 1645 ὑμῶν
2707 1580 2824 1647 ειμι
2867 1579 3068 1647 πάσας
3116 1583 3225 1649 τὰς
3266 1585 3483 1655 ἡμέρας
3517 1587 3634 1653 ἕως
3666 1588 3774 1656 τῆς

2181 1663 2542 1727 συντελείας
2574 1662 2684 1718 τοῦ
2704 1663 2920 1730 αἰῶνος
2947 1683 2963 1698 '
2985 1670 3084 1740 οὐχ
3103 1670 3180 1735 ὡς
3205 1675 3344 1742 μετά
3377 1676 3539 1729 τοῦτο
3570 1696 3773 1732 παντε-

498 1742 826 1811 perantiam,
877 1743 1102 1797 humilis
1150 1743 1490 1810 humilibus,
1541 1745 1798 1801 sublimis
1836 1747 2071 1802 sublimi-

2183 1746 2292 1809 λῶς
2341 1747 2523 1819 (202
2553 1750 2608 1821 a)
2658 1751 2759 1805 οὑκ
2824 1755 3087 1825 ἔσομένου
3132 1764 3253 1830 μετ’
3294 1764 3492 1832 αὐτῶν,
3547 1767 3671 1822 ἀλλ’
3700 1771 3771 1834 ὡς

496 1832 622 1895 bus,
650 1842 705 1887 et
734 1834 817 1888 eis
848 1835 944 1904 qui
973 1851 1031 1888 se
1060 1850 1161 1903 per
1200 1850 1260 1889 se
1292 1834 1471 1904 ipsum
1502 1836 1832 1891 deiﬁcentur
1862 1839 2082 1907 proprie

494 1924 661 1986 Deus,
708 1926 846 1981 adeo
891 1934 955 1979 ut
997 1927 1286 1996 praesentis
1333 1928 1435 1982 aevi
1489 1929 1674 1982 omnia
1722 1928 2083 1998 providentia;

493 2015 643 2070 circa
672 2016 950 2070 hominem
993 2017 1181 2073 forma:
1211 2029 1374 2087 atque
1418 2018 1676 2088 mysteria
1699 2059 1714 2084 ,
1739 2027 2083 2088 quantacun-

492 2122 602 2176 que
630 2115 781 2171 sunt,
813 2107 918 2161 via:
959 2107 1289 2177 praeparatio
1324 2116 1381 2162 et
1419 2108 1732 2163 futurorum
1761 2108 1963 2177 praevia
1986 2108 2081 2163 de—

494 2198 726 2266 scriptio
756 2197 847 2252 sit.
877 2196 1241 2267 Comparatus
1274 2198 1440 2269 igitur
1473 2207 1530 2254 ct
1561 2199 1678 2269 ipse
1706 2198 1925 2254 Domini
1955 2214 2079 2268 per-

493 2288 771 2358 ceptibilis
803 2289 1023 2343 interim
1054 2305 1237 2344 sermo
1279 2306 1406 2345 cum
1443 2305 1510 2345 eo
1541 2291 1635 2360 qui
1676 2290 1850 2360 magis
1886 2291 2080 2362 mysti-

490 2395 591 2435 cus
612 2379 902 2449 diseipulis
930 2380 1060 2434 olim
1087 2366 1331 2445 dabitur,
1363 2391 1420 2436 et
1451 2382 1718 2453 pristinus
1737 2384 1857 2452 ejus
1884 2398 2078 2441 rursus

489 2484 615 2523 cum
660 2469 905 2524 secundo
951 2469 1243 2533 adventus,
1277 2470 1361 2524 sui
1414 2471 1586 2540 ipsius
1627 2487 1937 2541 praecursor
1967 2482 2072 2539 est,

490 2559 726 2628 obscure
758 2558 981 2628 quidem
1009 2558 1064 2611 in
1107 2573 1166 2613 se
1208 2559 1509 2614 ostendens
1530 2560 1597 2614 ad
1623 2560 1968 2615 audientium
1995 2561 2075 2616 fa-

489 2627 915 2711 cultatém,non
954 2645 1308 2715 patefaciens,
1341 2663 1490 2702 nunc
1513 2663 1635 2718 quae
1658 2648 1713 2702 in
1739 2650 1959 2705 occulto
1979 2665 2078 2720 pe-

488 2751 588 2790 nes
621 2750 679 2789 se
708 2736 873 2790 tacite
900 2735 1065 2789 habet
1090 2739 1368 2807 mysteria,
1404 2748 1697 2808 propterea
1740 2739 1889 2809 quod
1932 2739 2074 2795 inte-

488 2824 596 2876 rim
623 2823 929 2878 conditioni
957 2825 1118 2893 plane
1144 2826 1256 2880 sint
1281 2826 1761 2896 impcrceptibilia.
1789 2829 2070 2901 Quidquid

488 2915 660 2979 enim,
704 2923 765 2969 ut
802 2915 937 2980 dixi,
983 2916 1186 2972 litteris
1213 2918 1461 2989 subiacet
1491 2927 1547 2973 et
1587 2919 1835 2986 vocibus,
1866 2923 1918 2976 id
1948 2923 2069 2977 ﬁeri

489 3023 597 3062 non
625 3014 805 3079 potem
836 3010 969 3078 quin
998 3016 1054 3063 ct
1085 3024 1245 3064 suum
1288 3026 1356 3066 ex
1384 3020 1560 3065 semet
1587 3012 1949 3080 intellectum,
1981 3017 2068 3070 vel

2185 1837 2519 1928 ὑψηλοτέρου
2596 1841 2840 1913 δηλονότι
2894 1850 3043 1920 ,παρ’
3113 1851 3172 1905 όν
3251 1855 3390 1919 τέως
3465 1859 3772 1928 ἠπίσταντο

2182 1927 2624 2021 χθαμαλώτερον,
2651 1933 2727 1999 ὡς
2751 1938 2889 2007 πρὸς
2914 1939 3012 2011 τὴν
3059 1944 3269 2000 ἑαυτῶν
3315 1947 3549 2020 δύναμιν
3606 1955 3771 2021 γινώ-

2184 2019 2410 2073 σκεσθαι
2462 2023 2766 2092 μέλλοντος.
2805 2030 3078 2096 Ὡσαύτως
3123 2035 3234 2106 γὰρ
3281 2019 3547 2111 ὑπάρχων
3570 2019 3663 2097 ἀεὶ
3706 2047 3771 2100 δι’

2180 2111 2395 2177 ἑαυτὸν,
2435 2115 2530 2168 καὶ
2562 2118 2832 2189 μηδεμίαν
2859 2124 3299 2196 παραδεχόμενος
3336 2130 3396 2197 ἐξ
3421 2132 3769 2200 ἀλλοιιὶισεως

2182 2203 2509 2275 μεταϐολὴν,
2561 2205 2686 2260 οὔτε
2722 2210 2786 2267 τὸ
2820 2212 3021 2280 μᾶλλον
3063 2217 3158 2269 καὶ
3185 2211 3369 2288 ἦττον,
3401 2223 3540 2275 πᾶσι
3593 2227 3770 2280 πάντα

2177 2292 2390 2360 γίνεται
2450 2295 2519 2349 δι’
2571 2298 2879 2370 ὑπερϐολὴν
2938 2305 3292 2379 ἀγαθότητος,
3351 2313 3615 2378 ταπεινὸς
3660 2321 3771 2380 τοίς

2176 2388 2474 2453 ταπεινοῖς,
2527 2388 2730 2459 ὑψηλὸς
2763 2395 2876 2456 τοῖς
2922 2395 3168 2465 ὑψηλοῖς,
3216 2402 3311 2453 καὶ
3351 2405 3465 2466 τοῖς
3501 2404 3577 2458 δι’
3604 2408 3773 2462 αὑτὸν

2176 2476 2496 2548 θεουμένοις
2522 2481 2551 2532 ὁ
2598 2481 2759 2550 φύσει
2794 2484 2948 2550 Θεὸς,
2990 2487 3067 2551 ὡς
3099 2486 3238 2544 εἶναι
3272 2493 3340 2546 τὰ
3368 2494 3463 2547 τοῦ
3493 2500 3772 2570 παρόντος

2173 2566 2368 2660 αἰῶνος
2396 2569 2573 2625 πάντα
2605 2576 2705 2644 τῆς
2754 2576 2883 2644 περὶ
2906 2577 2999 2630 τὸν
3041 2579 3330 2660 ἄτθρῳπον
3360 2566 3624 2657 προνοίας
3651 2593 3772 2659 εἴδη
3804 2612 3823 2621 ο

2154 2671 2231 2727 ,τε
2269 2657 2364 2710 καὶ
2395 2662 2689 2731 μυστήρια,
2721 2662 2826 2717 κᾶν
2854 2665 3065 2734 μεγάλα
3093 2665 3149 2740 ᾖ.
3182 2657 3601 2746 προοδοποιησίν
3648 2657 3767 2733 τινα

2172 2749 2268 2841 καὶ
2314 2752 2756 2819 πρώιατόπωσιν
2802 2757 2912 2812 τῶν
2952 2759 3273 2829 μελλόντων.
3320 2766 3765 2841 Συγκρινόμινος

2170 2835 2265 2894 οὖν
2313 2842 2405 2896 καὶ
2439 2843 2603 2909 αὐτὸς
2650 2848 2679 2899 ό
2715 2847 2854 2911 τέως
2904 2849 3000 2903 τοῦ
3051 2853 3258 2924 Κυρίου
3306 2835 3557 2928 χωρητὸς

2172 2930 2307 3000 πρὸς
2358 2932 2450 2985 τὸν
2517 2935 2779 3003 μέλλοντα
2853 2940 2969 3002 τοῖς
3026 2942 3299 3012 μαθηταῖς
3357 2936 3760 3021 μυστικώτερον

2170 3022 2652 3093 ὲπιχορηγεῖσθαι,
2678 3028 2713 3098 ἢ
2738 3046 2797 3082 τε
2828 3031 3072 3103 προτέρα
3099 3034 3263 3087 πάλιν
3290 3036 3456 3091 αὑτοῦ
3486 3045 3761 3112 παρουσία

485 3101 533 3155 si
580 3101 864 3170 spirituale
916 3101 1048 3169 quid
1098 3102 1190 3164 sit,
1224 3111 1498 3171 quatenus
1537 3103 1963 3174 haudquaquam
2011 3105 2066 3161 in

2179 3113 2238 3182 τῇ
2282 3091 2535 3185 δευτέρᾳ,
2593 3091 2898 3188 πρόδρομός
2950 3091 3099 3176 ἐστιν
3151 3124 3364 3190 ἑαυτοῦ,
3425 3091 3759 3201 παρζδὲέέᾷξ

484 3191 701 3244 litteras
724 3199 888 3259 atque
914 3191 1282 3246 elocutionem
1307 3191 1474 3256 cadit,
1502 3201 1762 3262 tanquam
1792 3195 1859 3249 ad
1893 3197 2064 3251 matti-

484 3280 688 3335 festum
738 3289 794 3336 et
863 3281 1214 3350 perspicuum
1263 3281 1465 3353 dirigat
1512 3284 1783 3351 verbum;
1831 3285 2066 3356 ideoque

483 3386 825 3441 quaecunque
857 3388 887 3426 a
914 3371 1135 3427 Christo
1160 3374 1272 3427 Deo
1301 3373 1590 3443 discipulis
1632 3375 1689 3429 in
1722 3376 2065 3432 inenarrabi-

483 3460 591 3515 lem
652 3463 992 3517 intellectum
1051 3473 1110 3518 et
1172 3464 1688 3534 interpretationem
1738 3467 1884 3522 dicta
1933 3480 2063 3526 sunt

480 3551 747 3606 Joannem
803 3553 1034 3608 fortasse
1081 3554 1305 3609 divinus
1351 3555 1442 3609 hic
1485 3555 1680 3611 doctor
1727 3558 2059 3627 appellavit,

482 3658 877 3714 praecursorem
920 3646 1150 3721 gratiam
1191 3662 1260 3701 ex
1308 3662 1376 3701 eo
1413 3661 1524 3715 quo
1565 3647 1632 3701 ad
1681 3648 2059 3719 recipiendum

480 3743 643 3803 aptus
671 3743 794 3789 erat
822 3736 1051 3804 pulchre
1093 3745 1260 3807 atque
1297 3737 1580 3806 sapienter
1605 3739 1918 3794 nominans.

2175 3201 2276 3271 μὲν
2305 3203 2562 3274 ἀμυδρῶς
2593 3208 2652 3260 ἐν
2697 3209 2879 3279 ἑαυτῷ
2907 3212 3044 3283 πρὸς
3067 3213 3166 3285 τὴν
3206 3218 3316 3269 τῶν
3344 3218 3759 3291 ὑποδεχομένων

2169 3293 2421 3365 δύναμιν,
2462 3297 2522 3350 οὐ
2571 3301 2893 3370 φανερώσας
2934 3305 2994 3357 δὲ
3045 3306 3140 3360 νῦν
3176 3308 3323 3381 ἅπερ
3376 3310 3491 3381 ἔχει
3538 3331 3763 3387 σεσιγη-

2162 3385 2352 3453 ηνμένως
2388 3387 2520 3457 παρ’
2569 3390 2752 3461 ἑαυτῷ
2797 3394 2857 3447 ὲν
2895 3394 3198 3467 ἀποκρύφῳ
3240 3404 3540 3471 μυστήρια,
3570 3406 3665 3458 διὰ

2166 3475 2234 3571 τῇ
2270 3476 2444 3529 κτίσει
2488 3478 2625 3539 τέως
2670 3478 2812 3537 εἷναι
2854 3488 3133 3553 παντελῶς
3160 3491 3439 3564 ἀχώρητα.
3495 3497 3616 3551 Πᾶν
3650 3502 3762 3571 γὰρ

2166 3564 2195 3617 ὃ
2226 3567 2548 3638 γράμμασιν
2592 3572 2908 3642 ὑποπίπτει,
2938 3579 3120 3645 καθὼς
3147 3584 3382 3654 εἴρηται,
3415 3590 3510 3641 καὶ
3550 3564 3762 3657 φωναῖς

2168 3657 2387 3723 πάντως
2416 3661 2501 3714 ὅτι
2544 3664 2641 3717 καὶ
2682 3665 2774 3719 τὸν
2810 3672 3101 3741 νοούμενον
3143 3673 3202 3739 ἐξ
3228 3663 3415 3744 αὑτοῦ,
3446 3681 3555 3734 κᾶν
3591 3700 3756 3736 msu-

2171 3745 2493 3851 [.La‘t‘txbv.ﬁ,
2541 3752 2667 3808 ὅσον
2714 3757 2855 3828 πρὸς
2902 3760 2966 3813 τὸ
3019 3763 3263 3832 μηδόλως
3305 3768 3603 3851 γράμμασι
3666 3774 3758 3824 καὶ

480 3828 787 3918 εκφωνή-σει
837 3829 1224 3918 ᾂῌπροσπίπτον,
1296 3833 1481 3901 φωνῆς
1559 3830 1716 3899 λόγον
1784 3832 1860 3894 ὡς
1927 3833 2062 3903 πρὶς
2135 3840 2333 3907 τρανὸν
2407 3842 2564 3912 λόγον
2607 3848 2815 3918 ἐπέχει,
2866 3851 2962 3905 καὶ
3141 3828 3542 3914 τοῦτο-πάντα.
3564 3864 3639 3916 τὰ
3672 3865 3756 3918 διέι

479 3915 716 3985 Χριστοῦ
768 3915 862 3970 τοῦ
912 3917 1050 3970 Θεοῦ
1096 3920 1207 3981 τοῖς
1288 3920 1555 3990 μαθηταῖς
1644 3919 1944 3991 λαληθέντα
1984 3924 2136 3996 ,πρὸς
2171 3926 2261 3980 τὸν
2302 3929 2570 4003 ἁλάλητον
2809 3940 2931 4010 ἤτοι
2987 3942 3173 4014 νόησιν
3240 3946 3492 4020 Ἰωάννην
3545 3915 3756 4018 ἴσως

479 4012 770 4077 θεσπέσιος
828 4008 981 4078 οὗτος
1016 4014 1336 4079 δ.δὰσκαλος
1392 4016 1807 4088 προσηγόρευσε
1836 4057 1851 4082 ,
1892 4020 1992 4090 τὴν
2057 4020 2366 4095 πρόδρομον
2410 4028 2572 4100 χάριν
2606 4033 2672 4086 ἐκ
2698 4033 2792 4089 τοῦ
2832 4008 3090 4093 δεκτικοὺ
3130 4040 3313 4106 καλῶς
3337 4060 3397 4097 τε
3432 4008 3532 4100 καὶ
3567 4008 3755 4119 cogit;

477 4107 773 4179 ὀνομάσας.

478 4290 565 4345 Ex
593 4288 770 4343 eodem
794 4303 1056 4353 sermone,
1106 4289 1163 4342 in
1205 4288 1376 4344 illud:
1418 4308 1436 4344 ι
1462 4290 1770 4362 Disputatio
1816 4310 1939 4347 vero
1986 4310 2051 4351 ea

550 4396 669 4453 qut:
696 4380 758 4433 de
784 4379 891 4433 Deo
916 4381 1223 4451 suscipitur,
1252 4399 1355 4453 quo
1394 4384 1703 4454 perfectior,
1735 4400 1795 4437 eo
1848 4402 2053 4457 quoque

479 4507 487 4516 ι
548 4472 807 4543 diﬁicilior
824 4481 918 4534 est,
984 4473 1325 4546 pluribusque
1390 4476 1831 4545 objectationibus
1880 4488 2047 4549 patet,
2089 4514 2136 4573 υ

548 4568 605 4620 in
639 4567 808 4636 iisque
848 4564 1115 4620 diluendi:
1168 4583 1233 4621 ac
1287 4566 1632 4621 dissolvendis
1685 4573 1805 4640 plus
1859 4573 2055 4641 negotii

547 4659 779 4728 facessit.
806 4677 822 4710 ι

548 4774 606 4830 Si
638 4791 759 4844 qua:
792 4774 934 4829 facta
976 4782 1108 4828 sunt
1141 4775 1314 4829 multa
1346 4786 1496 4840 sunt,
1532 4775 1797 4832 dilferunt
1825 4792 2049 4847 quoque

2159 4299 2343 4369 (202
2398 4300 2451 4372 b)
2506 4302 2602 4357 Ἐκ
2656 4304 2766 4359 τοῦ
2818 4306 3007 4363 αὐτοῦ
3062 4310 3287 4378 λόγου,
3339 4315 3428 4379 εις
3480 4316 3578 4380 τὸ,
3648 4321 3756 4373 «⁸ο

2228 4390 2299 4443 δὲ
2354 4392 2489 4460 περὶ
2546 4396 2727 4450 Θεοῦ*
2749 4398 2952 4467 λόγος,
3010 4399 3135 4466 ὅσῳ
3182 4403 3559 4472 τελεώτερος,
3604 4425 3756 4463 τοο·-

2231 4481 2385 4546 ούτῳ
2428 4482 2947 4554 δυσεφικτότερος,
2997 4490 3099 4544 καὶ
3148 4492 3398 4557 πλείους
3437 4494 3548 4558 τὰς
3578 4498 3751 4550 ἀντι-

2229 4571 2452 4640 λήψεις
2524 4574 2682 4643 ἔχων
2702 4616 2718 4640 ,
2801 4578 2900 4631 καὶ
2979 4581 3085 4646 τὰς
3164 4582 3381 4649 λύσεις
3442 4584 3750 4654 ἐργωδεσ-

2230 4661 2420 4730 τέρας.
2459 4683 2478 4716 ι

2229 4775 2292 4828 Ei
2341 4777 2513 4831 πολλὰ
2546 4777 2613 4831 τὰ
2651 4781 2910 4849 γεγονότα
2940 4783 3076 4847 ἐστὶ,
3123 4786 3220 4840 καὶ
3254 4787 3484 4858 διάφορα
3518 4791 3749 4855 πάντως

475 4867 704 4921 omnino
758 4881 879 4936 qute
934 4864 1079 4919 facta
1131 4874 1280 4930 sunt,
1348 4866 1631 4935 siquidem
1680 4867 1855 4923 multa
1895 4878 2044 4924 sunt.

2179 4865 2226 4918 ιὰ
2253 4869 2512 4936 γεγονότα
2555 4870 2725 4936 ἐστὶν,
2761 4875 2921 4944 εἴπερ
2949 4876 3138 4930 πολλὰ.
3173 4879 3246 4931 Οὑ
3278 4879 3386 4949 γὰρ
3414 4880 3649 4934 δυνατὸν
3678 4884 3749 4936 τὰ

476 4955 624 5011 Fieri
650 4955 800 5011 enim
834 4971 945 5010 non
971 4963 1158 5024 potest
1184 4956 1319 5026 quin
1339 4972 1463 5027 qua:
1486 4959 1681 5025 multa,
1713 4958 1911 5014 eadem
1938 4975 2046 5014 non

473 5052 531 5099 et
590 5044 807 5099 diversa
865 5044 1000 5099 sint.
1066 5045 1246 5115 Atque
1298 5047 1344 5100 si
1396 5046 1617 5103 diversa
1656 5057 1787 5103 sunt
1852 5051 2050 5115 multa,

474 5135 707 5192 diversa:
744 5145 876 5191 sunt
922 5138 1091 5192 etiam
1141 5137 1517 5210 intelligendas
1554 5141 1798 5196 rationes
1844 5141 2051 5212 quibus

472 5228 787 5284 secundum
812 5230 1111 5285 eSsentiam
1143 5231 1440 5297 exsistunt,
1475 5232 1681 5303 quibus
1720 5241 1777 5288 et
1819 5243 2051 5303 propter

472 5335 611 5388 quas
636 5321 812 5392 magis
835 5320 1105 5375 dili'erunt
1138 5337 1261 5393 qua:
1289 5322 1593 5391 diﬁcrunt;
1627 5340 1739 5379 non
1782 5321 1931 5380 enim
1960 5325 2049 5379 in-

2157 4957 2328 5010 πολλὰ
2373 4960 2446 5030 μὴ
2497 4960 2592 5013 καὶ
2620 4959 2853 5033 διάφορα
2888 4960 3061 5018 εἶναι.
3111 4969 3217 5020 Καὶ
3263 4972 3310 5021 εἰ
3356 4969 3592 5041 διάφορά
3624 4976 3744 5028 ἐστι

2152 5050 2222 5103 τὰ
2244 5050 2432 5117 πολλὰ,
2463 5052 2755 5124 διαφόρους
2802 5057 2895 5107 καὶ
2921 5058 3046 5119 τοὺς
3087 5052 3170 5121 οἷς
3199 5062 3317 5113 κατ’
3341 5063 3534 5117 οὐσίαν
3560 5066 3745 5138 ὑπάρ-

2153 5158 2307 5212 χουσι
2340 5142 2532 5211 λόγους
2558 5146 2798 5215 νοητέον,
2833 5143 2909 5210 οἷς
2942 5149 3144 5216 μᾶλλον
3182 5153 3276 5205 καὶ
3326 5151 3397 5206 δι’
3424 5152 3522 5217 οὓς
3551 5155 3746 5225 omas-

2153 5246 2307 5301 ρουσι
2334 5232 2401 5283 τὰ
2449 5233 2774 5303 διαφέροντα
2797 5251 2810 5266 ·
2852 5236 2914 5288 οὑ
2948 5237 3056 5308 γὰρ
3102 5238 3168 5292 ἂν
3200 5241 3453 5312 διέφερον
3479 5244 3743 5317 ἀλλήλων

2151 5321 2219 5375 τὰ
2248 5322 2589 5392 διαφέροντα,
2628 5325 2703 5396 μὴ
2730 5326 2838 5379 τῶν
2868 5326 3039 5396 λόγων
3068 5324 3149 5394 οἷς
3174 5333 3463 5400 γεγόνασιν
3495 5336 3744 5405 ἐχόντων

475 5414 561 5461 ter
602 5422 720 5463 sese
773 5408 1034 5463 diii‘erent
1079 5424 1203 5479 quae
1268 5410 1536 5466 diﬁcrunt
1571 5452 1585 5477 ,
1631 5411 1742 5466 nisi
1800 5413 2050 5466 rationes

2179 5411 2427 5482 ιαφοράν.
2477 5414 2536 5465 El
2578 5413 2756 5468 τοίνυν
2805 5414 2996 5487 ὥσπερ
3041 5419 3098 5471 αἱ
3145 5419 3425 5490 αισθήσεις
3477 5427 3744 5490 φυσικῶς

545 5554 569 5592 P
603 5544 761 5600 Joan.
786 5561 894 5609 xw,
929 5545 1015 5600 12.
1089 5561 1115 5600 ει
1147 5551 1284 5606 ibid.
1318 5553 1399 5607 l5.
1485 5562 1508 5592 τ
1534 5552 1722 5609 Matth.
1757 5569 1940 5619 xxvnl,
1971 5552 2062 5607 20.

543 5657 623 5734 (9)
647 5663 794 5721 Idem
820 5670 942 5723 ibid.
971 5688 1090 5740 cap.
1128 5672 1217 5737 2|,
1250 5688 1304 5741 ρ.
1335 5674 1458 5740 511,
1494 5682 1625 5730 tom.
1653 5672 1856 5745 l._0pp.
1889 5674 1978 5731 ed.
2003 5671 2209 5728 Bened.
