3938 6192
177 330 187 338 ς
258 250 377 314 ιιεη

1507 251 2026 314 AMBIGUORUM
2068 249 2318 308 LIBER.

3354 245 3489 308 123.8

252 360 772 430 ἀντιλαμϐανόμεναι
820 362 928 433 τῷν
969 361 1242 432 αἰσθητῶν
1297 361 1354 426 ἐξ
1392 363 1634 431 ἀνάγκης
1676 361 1816 415 κατὰ

1926 357 2123 427 quibus
2149 356 2291 409 facta
2326 364 2455 408 sunt
2490 353 2864 409 tliﬁ'ercntiam
2899 355 3187 409 haberent.
3221 354 3276 408 Si
3300 355 3490 426 igittIr,

252 449 552 522 παραδοχὴν
608 451 812 516 πολλὰς
863 451 1144 505 ποιοῦνται
1214 453 1308 504 καὶ
1363 451 1654 520 διαφόρους
1705 451 1812 503 τῶν

252 541 617 612 ὑποκειμένων
648 545 743 594 καὶ
791 541 1208 595 ὑποπιπτόντων
1246 541 1436 601 αὐταῖς
1465 540 1564 602 τὰς
1597 541 1814 608 ἀντιλή-

249 633 379 703 ψεις,
412 632 555 686 οὕτω
581 633 676 688 καὶ
703 636 732 686 6
756 633 880 696 νοῦς
904 633 1121 686 πάντων
1151 632 1393 702 φυσικῶς
1423 631 1816 700 ἁντιλαμδανό-

179 744 184 748 ·
253 742 402 794 μενος
439 724 545 778 τῶν
575 726 634 777 ὲν
670 726 783 788 τοῖς
814 719 932 778 οὖσι
985 723 1183 792 λόγων,
1232 720 1314 788 οἷς
1341 723 1590 793 ἀπείροις
1617 719 1815 774 ὲνθεω-

253 813 351 881 ρῶν
383 811 660 883 ἐνεργείας
686 811 824 865 Θεοῦ
864 811 1067 876 πολλὰς
1117 814 1350 865 ποιεῖται
1396 813 1490 865 καὶ
1529 810 1813 882 ἀπείρους,

249 907 414 958 εἰπεῖν
451 903 671 974 ἀληθὲς,
721 903 828 957 τῶν
865 896 941 958 ὧν
975 903 1436 975 ἀντιλαμϐάνεται
1463 902 1621 957 θείων
1661 905 1814 974 ἐνερ-

249 999 402 1066 γειῶν
457 998 740 1068 διαφορὰς,
781 997 970 1052 ἄτονον
1009 997 1234 1062 εἰκότως
1282 996 1392 1063 ἔξει
1445 997 1544 1066 τὴν
1587 994 1816 1065 δύναμιν

249 1091 335 1144 καὶ
357 1089 452 1161 τὴν
487 1089 710 1160 μέθοδον
751 1089 957 1160 ἄπορον
985 1089 1087 1158 τῆς
1117 1088 1549 1160 ἐπιστημονικῆς
1587 1087 1816 1158 ἐρεύνης

247 1183 334 1236 τοῦ
357 1181 526 1244 ὄντως
566 1182 720 1246 ὄντος
769 1180 1026 1252 ἀληθοῦς,
1071 1183 1172 1235 οὐκ
1220 1181 1359 1251 ἔχων
1387 1180 1580 1249 νοῆσαι
1612 1182 1728 1244 πῶς
1761 1183 1818 1234 ἐν

249 1277 455 1347 ἑκάστῳ
503 1275 612 1329 τῶν
664 1275 787 1330 καθ’
841 1277 1003 1330 ἑαυτὸ
1049 1277 1296 1329 ἑκάστων
1323 1277 1368 1308 ⁸¹
1407 1275 1570 1344 ’λόγῳ
1623 1276 1716 1329 καὶ
1757 1277 1817 1328 ὲν

251 1367 408 1422 πᾶσιν
453 1364 590 1436 ὁμοῦ
629 1364 753 1419 καθ’
794 1363 889 1428 οὓς
921 1365 1228 1434 ὑπάρχουσι
1257 1365 1324 1417 τά
1368 1366 1546 1418 πάντα
1579 1363 1758 1434 λόγοις
1791 1367 1819 1417 6

253 1459 411 1530 μηδὲν
449 1458 523 1512 ὢν
549 1460 657 1512 τῶν
703 1459 872 1512 ὄντων
916 1459 1132 1530 ἀληθῶς
1159 1459 1252 1511 καί⁹
1296 1458 1475 1511 πάντα
1508 1459 1715 1530 κυρίως
1743 1457 1818 1510 ὢν

254 1553 336 1605 καὶ
363 1550 501 1618 ὑπὲρ
526 1551 702 1604 πάντα
741 1549 894 1614 Θεός.
929 1551 992 1603 Εἰ
1039 1550 1170 1618 γοῦν
1211 1551 1356 1602 πᾶσα
1403 1549 1521 1602 θεία
1563 1550 1703 1604 κατά
1729 1549 1818 1602 τὸν

249 1639 412 1712 ἀληθῆ
471 1639 629 1708 λόγον
675 1639 923 1710 ἐνέργεια
977 1639 1070 1692 τὸν
1128 1639 1260 1693 Θεὸν
1311 1639 1537 1710 ἀμερῶς
1583 1641 1703 1694 ὅλον
1751 1639 1818 1692 δι’

251 1731 443 1800 ἑαυτῆς
470 1732 528 1783 ὲν
544 1730 760 1800 ἑκάστῳ
784 1729 906 1784 καθ’
929 1729 1098 1800 ὅνπερ
1120 1731 1245 1783 τινὰ
1273 1731 1431 1800 λόγον
1459 1732 1606 1784 ἐστὶν
1638 1730 1820 1794 ἰδικιῖς

252 1822 632 1893 ὑποσημαίνει,
677 1823 762 1885 τίς
816 1822 1059 1893 ἀκριϐῶς
1101 1825 1249 1875 ἐστιν
1292 1824 1321 1875 6
1369 1822 1560 1892 νοῆσαί
1611 1839 1671 1874 τε
1727 1822 1821 1876 καὶ

250 1920 420 1970 εἰπεῖν
454 1917 773 1988 δυνάμενος,
824 1916 940 1978 πῶς
983 1917 1041 1969 ὲν
1085 1917 1220 1970 πᾶσί
1249 1933 1308 1968 τε
1355 1917 1550 1980 κοινῶς
1585 1915 1704 1978 ὅλος
1729 1917 1822 1968 καὶ

251 2011 303 2062 ὲν
345 2009 560 2080 ἑκάστῳ
591 2009 700 2062 τῶν
755 2009 924 2063 ὄντων
979 2007 1308 2072 ἰδιαζόντως,
1356 2009 1577 2080 ἀμερῶς
1617 2025 1677 2061 τε
1729 2010 1822 2061 καὶ

251 2099 558 2169 ἀμερίστως
583 2099 728 2153 ἐστὶν
751 2099 780 2152 ὁ
800 2099 950 2163 Θεὸς,
985 2099 1118 2168 μήτε
1140 2099 1399 2162 ποικίλως
1423 2099 1823 2152 συνδιαστελλό-

253 2206 408 2258 μενος
434 2191 551 2250 ταῖς
589 2189 698 2242 τῶν
737 2189 907 2242 όντων
949 2184 1030 2253 οἷς
1060 2188 1270 2242 ἔνεστιν
1309 2189 1384 2252 ὡς
1412 2188 1489 2243 ὢν
1520 2189 1538 2260 (
1557 2189 1716 2260 203
1751 2193 1821 2262 α)

251 2279 500 2350 ἀπείροις
545 2278 852 2348 διαφοραῖς,
917 2282 1055 2349 μήτε
1081 2275 1174 2333 οὖν
1228 2279 1650 2350 συστελλόμενος
1683 2281 1822 2334 κατὰ

250 2369 346 2439 τὴν
372 2368 469 2422 τοῦ
505 2369 627 2432 ἐνὸς
675 2368 982 2434 ἰδιάζουσαν
1034 2369 1292 2440 ὓπαρξιν,
1352 2373 1488 2443 μήτε
1521 2371 1822 2424 συστέλλων

251 2460 389 2512 κατὰ
439 2459 539 2529 τὴν
597 2459 722 2530 μίαν
771 2461 986 2515 πάντων
1045 2460 1231 2532 ἑνικὴν
1282 2461 1509 2532 όλότητα
1569 2463 1667 2526 τὰς
1714 2462 1822 2515 τῶν

253 2550 419 2600 ὄντων
448 2549 732 2619 διαφορὰς,
771 2547 907 2603 ἀλλά
937 2549 1116 2604 πάντα
1138 2552 1195 2602 ὲν
1225 2547 1391 2603 πᾶσίν
1414 2552 1561 2605 ἐστιν
1583 2549 1818 2622 ἀληθῶς,

253 2640 281 2692 ό
311 2641 578 2711 μηδέποτε
608 2642 706 2711 τῆς
743 2641 949 2706 οἰκείας
999 2641 1241 2712 ἀμεροῦς
1279 2643 1580 2714 ἁπλότητος
1607 2645 1822 2711 ἐξιστά-

257 2749 444 2804 μενος;
477 2731 670 2798 Καλῶς
703 2730 798 2788 οὖν
840 2735 868 2786 6
895 2733 1214 2796 διδάσκοι).ος
1243 2735 1348 2804 ἔφη
1377 2735 1477 2798 τὰς
1510 2735 1825 2808 ἀντιλήψεις

254 2825 342 2879 τοῦ
371 2825 499 2896 περὶ
524 2825 777 2896 θεότητος
805 2824 962 2894 λόγου
993 2823 1194 2888 πολλὰς
1217 2821 1377 2887 εἶναι,
1407 2825 1466 2892 ἐξ
1487 2819 1562 2880 ὧν
1592 2828 1674 2880 ὅτι
1707 2828 1823 2880 ἐστὶ

255 2919 414 2986 μόνον
476 2918 608 2980 Θεὸς
661 2916 1044 2984 διδασκόμεθα,
1107 2917 1200 2970 καὶ
1257 2917 1355 2984 τᾲς
1406 2918 1586 2980 λύσεις
1645 2921 1820 2992 ἐργω-

1925 457 1986 500 ut
2018 447 2218 501 sensus
2250 447 2582 500 naturaliter
2633 447 2919 501 sensibilis
2966 447 3340 518 pereipientes
3397 463 3495 503 ne-

1917 539 2163 592 cessario
2201 539 2404 594 multas
2431 553 2536 607 pro
2571 539 2894 608 receptione
2926 539 3139 594 faciunt
3173 549 3227 595 et
3249 539 3496 594 diversas

1915 645 2109 684 eorum
2141 645 2265 698 quae
2330 629 2621 700 subjacent
2652 631 2910 686 sensibus
2939 640 2998 687 et
3028 631 3324 687 succidunt
3369 647 3488 701 per-

1917 719 2227 787 ceptiones,
2261 719 2342 773 sic
2374 720 2540 774 ctiam
2571 736 2748 786 mens,
2769 737 2894 776 cum
2923 737 3119 777 omnes
3162 723 3495 776 naturaliter

1917 806 1976 861 in
2011 808 2180 862 rebus
2205 809 2448 864 rationes
2467 809 2762 880 percipiat,
2800 812 2854 865 in
2903 812 3104 882 quibus
3137 811 3371 867 inﬁnitis
3399 812 3494 865 Dei

1919 901 2170 956 actiones
2199 901 2472 956 intuendo
2497 901 2698 957 multas
2723 902 2891 958 cliicit
2923 913 2981 958 et
3019 903 3286 970 inﬁnitas,
3320 914 3380 959 ut
3403 921 3498 957 vc-

1920 1009 2045 1047 rum
2077 991 2281 1056 dicam,
2309 991 2622 1046 divinarum
2649 1008 2678 1047 a
2713 1009 2771 1047 se
2798 1003 3186 1062 perceptarum
3213 995 3494 1048 actionum

1919 1087 2302 1155 virtutumque
2325 1084 2690 1150 diﬂ‘ercntias,
2725 1084 2940 1138 inﬁrma
2996 1092 3184 1140 utetur
3231 1087 3496 1140 nimirum

1921 1177 2182 1232 facultate
2228 1176 2557 1246 irritamque
2588 1175 2819 1230 habebit
2872 1191 3018 1250 vera:
3052 1175 3304 1230 veritatis
3335 1176 3499 1230 inda-

1921 1265 2116 1336 gandae
2165 1266 2302 1320 artis
2353 1280 2468 1320 suae
2525 1265 2672 1318 viam
2706 1273 2876 1334 atque
2906 1264 3203 1329 rationem,
3242 1280 3366 1318 cum
3415 1266 3500 1318 in-

1924 1357 2348 1428 telligerchaud
2377 1365 2544 1427 queat
2569 1355 2852 1426 quomodo
2897 1357 2955 1409 in
3006 1369 3337 1424 unaquaque
3385 1355 3500 1409 sin-

1922 1449 2176 1520 gulorum
2209 1464 2558 1520 quorumque
2603 1448 2840 1514 ratione,
2871 1457 2928 1503 et
2986 1447 3040 1502 in
3081 1448 3294 1510 cunctis
3337 1447 3500 1501 simul

1923 1542 2129 1612 quibus
2159 1550 2363 1598 cuncta
2385 1542 2663 1597 exsistunt
2693 1541 3025 1606 rationibus,
3068 1541 3113 1594 is
3147 1540 3240 1610 qui
3309 1555 3502 1594 revera

1925 1634 2076 1690 inter
2091 1649 2157 1689 ea
2185 1650 2308 1705 quae
2343 1642 2474 1689 sunt
2518 1649 2632 1689 non
2653 1642 2931 1695 censetur,
2966 1640 3024 1686 et
3055 1633 3240 1686 omnia
3270 1629 3498 1701 preprie

1923 1729 2014 1794 sit,
2045 1739 2101 1785 et
2133 1746 2300 1800 supra
2323 1729 2510 1785 omnia
2556 1729 2723 1784 Deus.
2760 1727 2926 1784 Certe
2961 1727 3008 1782 si
3059 1726 3240 1782 omnis
3287 1727 3496 1788 divina,

1926 1831 1984 1876 ut
2007 1837 2202 1877 verum
2227 1829 2334 1886 est,
2359 1821 2506 1876 actio
2538 1829 2596 1877 et
2627 1821 2806 1875 virtus
2855 1821 3028 1874 Deum
3081 1817 3371 1872 individua
3417 1827 3500 1872 to-

1928 1923 2046 1968 tum
2105 1929 2204 1984 per
2257 1916 2612 1983 semetipsam
2660 1913 2718 1967 in
2763 1926 3096 1982 unaquaque
3148 1926 3232 1976 re,
3280 1927 3498 1981 quaqua
3552 1905 3554 1908 ’

1924 2005 2139 2061 ratione
2165 2001 2587 2077 inest‘proprie
2643 2005 2936 2076 signiﬁcat,
2992 2005 3116 2077 quis
3159 2012 3414 2058 accurate
3445 2015 3502 2056 et

1923 2095 2234 2165 intelligere
2265 2103 2322 2150 et
2349 2111 2612 2151 enarrare
2638 2096 2866 2166 poterit,
2889 2095 3172 2165 quomodo
3199 2095 3253 2149 in
3282 2095 3501 2148 cunctis

1923 2188 2296 2244 communiter
2355 2198 2503 2245 totus
2559 2189 2728 2244 ehin
2771 2204 3106 2259 unoquoque
3139 2204 3335 2244 eorum
3379 2205 3500 2258 quae

1921 2281 2322 2352 suntprivatim
2351 2283 2592 2352 partium
2615 2297 2818 2352 expers
2840 2289 2895 2336 et
2917 2280 3244 2336 individuus
3269 2283 3501 2337 exsistat

1923 2373 2094 2438 Deus,
2127 2389 2310 2444 neque
2357 2374 2512 2429 varie
2562 2389 2626 2429 ac
2667 2373 3055 2444 multipliciter
3095 2371 3360 2429 diductus
3393 2390 3500 2428 una

1925 2480 2052 2520 eum
2099 2481 2286 2522 rerum
2317 2466 2546 2537 quibus,
2602 2473 2662 2520 ut
2711 2467 3008 2531 exsistens,
3071 2466 3215 2521 inest
3267 2466 3502 2521 inﬁnitis

1925 2555 2278 2622 diﬂ‘erentiis,
2340 2571 2521 2627 neque
2563 2565 2881 2613 contractus
2935 2557 3239 2614 secundum
3301 2558 3503 2628 singuli

1925 2649 2196 2720 cujusque
2230 2649 2567 2718 peculiarem
2596 2649 2994 2714 exsistentiam,
3036 2665 3216 2720 neque
3278 2660 3504 2705 contra-

1927 2739 2068 2795 hens
2087 2740 2396 2795 secundum
2422 2757 2586 2795 unam
2611 2751 2938 2795 cunctorum
2973 2748 3029 2795 et
3053 2739 3386 2810 singularem
3421 2747 3504 2794 to-

1929 2829 2140 2885 titatem
2172 2845 2367 2884 eorum
2393 2847 2516 2901 qua:
2545 2839 2674 2886 sunt
2709 2830 3079 2895 differentias,
3111 2827 3208 2885 sed
3231 2831 3416 2885 omnia
3449 2829 3503 2884 in

1926 2921 2186 2976 omnibus
2222 2937 2412 2977 revera
2437 2923 2666 2977 exsistat
2695 2923 2742 2976 is
2763 2923 2858 2993 qui
2908 2939 3192 2993 nunquam
3232 2925 3501 2994 peculiari

252 3009 528 3079 δεστέρας,
581 3007 642 3071 ἐξ
683 3002 760 3062 ὧν
813 3009 976 3061 πάλιν
1027 3009 1080 3060 τί
1121 3008 1220 3061 οὐκ
1271 3008 1386 3062 ἔστι
1438 3009 1818 3080 μανθάνομεν·

1928 3029 2026 3068 sua
2051 3023 2107 3068 et
2140 3013 2427 3069 individua
2452 3015 2812 3086 simplicitate
2869 3015 3127 3070 excidat?
3165 3015 3309 3070 Bene
3335 3015 3500 3086 igitur

255 3100 390 3170 πρὸς
422 3100 483 3153 τὸ
510 3101 712 3154 παῦσαι
736 3103 1056 3174 περιεργίας
1084 3101 1392 3170 ἀνωφελοῦς
1432 3104 1526 3156 καὶ
1555 3103 1823 3175 βλαόερᾶς

254 3193 378 3254 τοὺς
411 3191 614 3262 ληπτὸν
654 3193 932 3263 οἰομένους
973 3193 1033 3246 τὸ
1064 3194 1216 3247 Θεῖον
1252 3195 1364 3255 τοῖς
1397 3194 1663 3258 διακένοις
1694 3195 1825 3248 ἀνα-

257 3283 525 3352 πλασμοῖς
552 3284 648 3353 τῆς
678 3285 856 3337 αὑτων
883 3284 1144 3346 διανοίας,
1225 3283 1349 3336 οὐδὲ
1379 3283 1438 3336 τὸ
1467 3284 1692 3354 ἔσχατον
1715 3285 1824 3338 τῶν

253 3377 313 3430 έν
341 3377 452 3438 τοῖς
479 3371 596 3429 οὖσι
629 3375 752 3428 καθ’
791 3375 852 3428 ὃν
876 3377 992 3428 ἐστι
1033 3377 1128 3427 καὶ
1159 3375 1396 3446 ὑπάρχει
1422 3375 1576 3444 λόγον
1606 3376 1836 3448 ἀληθῶς.

255 3468 370 3522 ἐστι
389 3467 612 3538 ληπτόν.

1928 3105 2190 3175 magister
2230 3107 2456 3162 deitatis
2479 3109 2708 3162 rationis
2747 3108 2951 3163 multas
2976 3123 3096 3162 cssc
3118 3107 3505 3177 perceptiones

1927 3195 2090 3263 dixit,
2119 3198 2186 3254 de
2225 3199 2433 3268 quibus
2463 3199 2645 3253 solum
2682 3199 2831 3269 quod
2882 3198 3028 3254 Deus
3055 3199 3125 3253 sit
3175 3199 3498 3253 doceamur.

1925 3289 2343 3360 solutionesque
2370 3290 2789 3360 operosioresct
2819 3289 3179 3356 diliiciliores,
3211 3291 3278 3344 de
3304 3289 3505 3359 quibus

1927 3397 2122 3436 rursus
2144 3381 2276 3450 quid
2300 3397 2410 3436 non
2436 3383 2510 3436 sit
2531 3383 2844 3449 discamus;
2883 3400 2994 3451 quo
3026 3383 3096 3437 ab
3129 3383 3310 3438 inutili
3338 3391 3504 3452 atque

1927 3472 2127 3526 nociva
2158 3472 2482 3526 curiositate
2512 3482 2799 3527 revocaret
2849 3489 2945 3528 eos
2979 3474 3073 3543 qui
3128 3473 3377 3527 divinum
3407 3489 3502 3526 va-

257 3563 344 3616 nis
397 3563 747 3634 ingeniorum
815 3575 1043 3615 suorum
1098 3559 1372 3629 ﬁgmentis
1425 3563 1896 3632 comprehendere
1935 3578 2096 3634 posse
2123 3565 2230 3619 sibi
2267 3566 2545 3630 videntur,
2589 3568 2796 3638 quibus
2846 3583 2913 3622 ne
2976 3567 3230 3622 ultimum
3277 3567 3502 3636 quidem

255 3670 447 3712 eorum
481 3671 604 3732 quae
627 3663 758 3710 sunt
807 3670 916 3725 qua
941 3653 1014 3708 sit
1063 3654 1280 3710 ratione
1339 3667 1395 3710 et
1431 3657 1660 3711 exsistat
1691 3671 1820 3712 vere
1859 3658 2254 3728 comprehendi
2287 3669 2490 3730 potest.

1853 3783 1921 3796 ψ

268 3849 368 3901 Ἐκ
415 3845 519 3900 τοῦ
543 3845 675 3913 περὶ
719 3845 854 3899 Υὶοῦ
893 3845 1128 3914 πρώτου
1160 3845 1368 3914 λόγου,
1408 3847 1496 3912 εἰς
1543 3846 1631 3910 τὸ,
1670 3868 1691 3892 ι
1726 3845 1820 3900 Διά

1929 3844 2013 3902 Ex
2041 3847 2212 3918 primo
2259 3847 2322 3903 de
2379 3845 2512 3902 Filio
2555 3865 2816 3912 sermone,
2883 3847 2940 3903 in
2972 3848 3149 3902 illud:
3187 3867 3204 3901 ι
3241 3846 3502 3912 Quocirca

325 3939 498 3992 τοῦτο
537 3938 724 4007 μονὰς
765 3937 868 3992 ἀπ’
913 3935 1106 4006 ἀρχῆς
1153 3938 1240 4004 εἰς
1283 3937 1476 3992 δυάδα
1515 3925 1824 4006 κινηθεῖσα

320 4030 497 4101 μέχρι
525 4029 762 4098 Τριάδος
790 4030 940 4097 ἔστη
967 4029 1100 4099 (10).
1135 4047 1153 4080 ι

325 4144 442 4198 Πᾶν
489 4145 628 4197 κατά
675 4142 834 4212 φύσιν
891 4143 1211 4212 κινούμενον
1255 4143 1322 4197 δι’
1369 4145 1550 4196 αἰτίαν
1608 4137 1824 4208 πάντως

253 4240 510 4299 κινεῖται,
551 4235 644 4288 καὶ
671 4237 780 4288 πᾶν
799 4235 858 4287 τὸ
884 4234 950 4286 δι’
986 4235 1170 4288 αἰτίαν
1203 4236 1520 4306 κινουμένον
1551 4237 1619 4290 δι’
1644 4237 1824 4292 αἰτίαν

253 4331 472 4391 πάντως
518 4327 613 4381 καὶ
675 4326 810 4391 ἔστι,
846 4327 956 4380 πᾶν
999 4327 1056 4380 δὲ
1095 4327 1156 4380 τὸ
1201 4327 1269 4381 δι’
1313 4329 1493 4383 αἰτίαν
1536 4327 1594 4382 ὃν
1633 4330 1727 4384 καὶ
1758 4329 1824 4382 δι’

1999 3942 2178 3994 unitas
2218 3943 2476 4012 principio
2507 3943 2562 3996 in
2617 3941 2882 3996 binarium
2937 3951 3080 3997 mota
3141 3942 3196 3994 in
3249 3941 3505 3996 Trinitale

1996 4033 2248 4088 constitit.
2276 4053 2295 4084 ν

1993 4123 2372 4194 Quodcunque
2422 4121 2728 4178 secundum
2785 4132 3038 4178 naturam
3081 4131 3368 4192 movetur,
3403 4139 3502 4179 nc-

1924 4232 2078 4274 cesse
2125 4226 2211 4272 cst
2261 4222 2320 4270 ut
2370 4216 2438 4270 de
2491 4231 2654 4270 causa
2708 4223 3016 4280 moveatur,
3048 4223 3104 4270 et
3133 4216 3502 4288 quodcunque

1925 4311 1993 4366 de
2053 4325 2217 4364 causa
2254 4315 2528 4374 movetur,
2564 4322 2789 4362 necesse
2825 4316 2910 4363 est
2937 4317 2998 4362 ut
3031 4310 3099 4364 de
3129 4321 3294 4364 causa
3335 4311 3502 4364 etiam

251 4419 432 4473 αἰτίαν
478 4393 790 4488 κινούρίενον
822 4416 993 4487 ἀρχὴν
1036 4417 1133 4488 μὲν
1160 4415 1274 4488 εἶχε
1316 4419 1530 4482 πάντως
1559 4419 1655 4472 τοῦ
1685 4415 1823 4474 εἶναι
1856 4439 1902 4500 ε)
1925 4409 2152 4500 οιδιεξίὶῐ
2183 4418 2198 4466 ἓ
2257 4399 2626 4469 Ίυοάουηίίυθ
2678 4415 2810 4500 γετο
2858 4401 2926 4455 de
2963 4416 3127 4456 causa
3172 4403 3390 4458 εκδίεῑίι
3421 4411 3504 4455 ῖὶῑ⁴

247 4511 350 4581 τὴν
387 4511 454 4564 δι’
491 4511 558 4580 ἢν
589 4511 702 4562 ἐστι
735 4510 828 4562 καὶ
853 4509 908 4575 ἐξ
931 4502 998 4579 ἦς
1023 4509 1158 4580 πρὸς
1189 4509 1248 4562 τό
1281 4505 1422 4563 εἶναι
1447 4509 1584 4582 mox;
1617 4511 1820 4574 αἰτίαν,

247 4602 403 4665 τέλος
432 4601 487 4654 δὲ
509 4599 602 4652 τοῦ
638 4601 905 4652 κινεῖσθαι
931 4599 1030 4671 τὴν
1067 4599 1238 4671 αὐτὴν
1277 4600 1345 4653 δι’
1377 4601 1443 4672 ἢν
1469 4605 1698 4656 κινεῖται
1729 4603 1824 4656 καὶ

247 4697 388 4768 πρὸς
422 4697 487 4766 ἣν
516 4692 794 4760 ἐπείγεται
841 4692 1040 4746 αἰτίαν.
1069 4694 1184 4746 Πᾶν
1225 4691 1282 4745 δὲ
1319 4694 1379 4746 τὸ
1409 4694 1475 4746 δι’
1515 4693 1695 4746 αἰτίαν
1727 4693 1822 4747 καὶ

243 4788 308 4840 ὃν
342 4787 436 4840 καὶ
464 4781 780 4853 κινούμενον
827 4783 922 4836 καὶ
963 4783 1188 4852 γενητὸν
1235 4784 1474 4847 πάντως.
1531 4783 1592 4838 Εἰ
1633 4785 1689 4838 δὲ
1725 4782 1820 4838 τοῦ

245 4874 574 4946 κινουμένου
599 4873 754 4936 τέλος
787 4872 934 4924 ἐστὶν
982 4873 1030 4943 ή¹
1059 4872 1128 4924 δι’
1175 4873 1242 4943 ἣν
1284 4875 1516 4926 κινεῖται
1564 4873 1735 4937 αἰτία,
1786 4877 1820 4944 ή

239 4968 386 5038 αὑτὴ
437 4966 655 5020 πάντως
709 4964 826 5016 ἐστὶ
873 4965 939 5033 τῇ
999 4963 1064 5016 δι’
1099 4964 1164 5034 ἣν
1204 4964 1496 5034 γεγένηται
1531 4967 1626 5018 καὶ
1673 4965 1819 5020 ἔστιν

159 5075 164 5079 ‘
237 5062 418 5133 αἰτία,
453 5059 564 5114 Μία
591 5054 684 5110 οὖν
709 5056 817 5128 ἄρα
852 5057 1068 5118 πάντως
1099 5055 1193 5108 τοῦ
1225 5055 1476 5111 ὁπωσοῦν
1528 5056 1680 5120 ὄντος
1725 5059 1820 5112 καὶ

236 5154 568 5226 κινουμένου
598 5154 739 5206 κατά
779 5151 942 5220 φύσιν
968 5151 1042 5213 ὡς
1078 5150 1220 5220 ἀρχὴ
1251 5152 1344 5203 καὶ
1377 5151 1530 5215 τέλος
1561 5151 1711 5204 αἰτία
1753 5152 1818 5205 δι’

233 5249 310 5320 ἢν
340 5248 435 5300 καὶ
463 5246 578 5300 ἔστι
609 5247 702 5298 καὶ
734 5247 964 5301 κινεῖται
1008 5245 1114 5295 πᾶν
1146 5243 1206 5294 τὸ
1239 5241 1298 5294 ὃν
1346 5245 1439 5297 καὶ
1473 5240 1813 5312 κινούμενον.

233 5339 580 5411 Δραστήριος
637 5335 745 5406 γὰρ
791 5333 1112 5404 ὑπάρχουσα
1164 5331 1394 5403 δύναμις
1438 5333 1533 5388 καὶ
1572 5337 1719 5385 ποιεῖ
1750 5335 1820 5387 τὰ

1927 4506 2034 4560 que
2067 4490 2134 4544 de
2169 4505 2334 4544 causa
2369 4499 2639 4551 movetur,
2689 4489 2907 4546 initium
2961 4509 3183 4564 quoque
3233 4497 3502 4552 exsisten~

1927 4583 2014 4636 tia:
2057 4592 2116 4636 ut
2162 4583 2361 4636 habeat
2416 4597 2641 4636 necesse
2707 4591 2792 4638 est
2851 4600 2970 4639 eam
3027 4602 3126 4656 per
3175 4604 3338 4658 quam
3405 4607 3502 4645 ex-

1925 4675 2070 4730 sistit
2120 4685 2175 4730 et
2208 4692 2272 4729 ex
2319 4692 2427 4744 qua
2477 4677 2544 4730 ad
2603 4677 2980 4732 e‘xsistentiam
3044 4679 3209 4734 ducta
3255 4691 3339 4736 est
3371 4698 3496 4736 eau-

1927 4781 2065 4829 sam,
2093 4766 2254 4820 linem
2288 4781 2419 4820 vero
2457 4767 2718 4821 motionis
2743 4769 2996 4824 eamdem
3037 4785 3143 4839 qua
3177 4781 3504 4834 moveturet

1927 4858 1996 4912 ad
2025 4873 2188 4927 quam
2209 4867 2467 4926 properat
2491 4873 2738 4912 causam.
2779 4860 3160 4932 Quodcunque
3195 4873 3381 4918 autem
3403 4883 3500 4935 per

1927 4963 2148 5002 causam
2172 4957 2226 5002 et
2264 4955 2349 5002 cst
2377 4957 2433 5002 et
2472 4958 2728 5002 movetur
2761 4948 2966 5002 factum
3005 4960 3066 5004 ut
3103 4951 3176 5005 sit
3222 4951 3348 5005 item
3405 4949 3501 5007 ηἰη-

1921 5055 2074 5095 cesse
2112 5047 2219 5095 est.
2273 5040 2431 5106 Quod
2491 5040 2536 5094 si
2583 5042 2705 5112 ejus
2758 5042 2904 5110 quod
2961 5053 3213 5098 movetur
3253 5043 3378 5099 ﬁnis
3413 5055 3500 5099 est

1922 5148 2086 5186 causa
2118 5148 2412 5201 perquam
2466 5141 2740 5195 movetur,
2801 5147 3026 5186 necesse
3057 5142 3143 5186 est
3187 5133 3381 5188 eadem
3427 5137 3502 5189 sit

1921 5239 2085 5277 causa
2112 5238 2396 5292 perquam
2448 5222 2652 5276 factum
2681 5230 2763 5275 cst
2809 5231 2866 5276 et
2921 5221 3159 5276 exsistit.
3198 5224 3340 5299 Ergo
3389 5240 3500 5279 una

1920 5315 2148 5367 ωηιιίηο
2177 5325 2262 5368 est
2295 5315 2414 5383 ejus
2438 5313 2585 5382 quod
2621 5323 2900 5394 utcunque
2923 5315 3140 5371 exsistit
3167 5325 3219 5370 et
3245 5325 3500 5371 movetur

1511 5453 1748 5509 VARIZE
1793 5455 1919 5510 LEC
1941 5457 1955 5508 l
1977 5457 2197 5509 IUNiQS.

331 5531 378 5561 "
399 5529 630 5582 ἑκάστου
664 5527 787 5580 cod.
811 5524 951 5580 Gud.

313 5621 424 5694 (ιθ)
454 5621 613 5689 Greg.
647 5619 774 5672 Naz.
816 5617 905 5671 0r.
945 5617 1118 5672 Tlu'ol.
1153 5617 1242 5677 Ill.
1277 5618 1339 5671 de
1375 5617 1527 5685 Filio,
1553 5635 1677 5690 cap.
1714 5621 1765 5684 ε,
1801 5638 1852 5690 υ.
1887 5621 2010 5687 5-22,
2050 5597 2178 5676 tom.
2211 5622 2389 5691 lOpp.
2416 5623 2548 5676 edit.
2577 5622 2774 5678 Beuetl.

447 5715 698 5774 Parnm.
767 5712 884 5768 (in.
930 5709 1090 5771 XCI;

2991 5716 3069 5776 ίιί)
