3938 6192
400 211 536 278 1259

1564 204 1628 267 Β.
1668 200 1958 267 MAXIMI
1995 199 2509 267 CONFESSORIS

3524 198 3668 277 ιενῶ
3730 186 3772 230 ”

409 321 719 382 secundum
774 328 1032 377 naturam
1062 328 1126 373 ut
1157 315 1377 373 initium
1405 308 1465 372 et
1498 313 1627 371 ﬁnis
1663 329 1833 372 causa
1878 328 1981 384 per

2088 314 2343 385 γινόμενα
2372 313 2698 387 θεοπρεπῶς
2727 314 2805 379 ὡς
2836 306 2982 386 ἁρχὴ
3009 313 3105 369 καὶ
3144 312 3535 386 προϐάλλεται,
3572 316 3675 371 καὶ

397 431 562 487 quam
581 425 637 470 et
665 420 752 469 est
779 421 836 468 et
866 418 1123 467 movetur
1144 408 1523 480 quodcunque
1556 415 1645 464 es:
1688 413 1747 462 et
1787 419 1981 461 move-

400 518 516 564 tur.
551 507 795 562 Strenua
813 503 963 558 enim
982 511 1043 557 et
1072 500 1265 558 eﬂicax
1287 515 1415 556 cum
1442 498 1528 555 vis
1567 499 1662 565 sit,
1690 498 1807 554 Deo
1846 510 1983 551 con-

397 597 691 654 venienter
713 602 823 649 tam
853 592 1021 650 edicit
1053 608 1119 649 ea
1144 607 1268 663 qua:
1319 590 1482 657 ﬁunt,
1538 599 1603 646 ut
1651 588 1896 652 initium,
1923 591 1983 641 et

378 684 683 757 producit,
719 697 888 752 quam
926 681 1097 736 trahit
1150 679 1519 751 providenter
1572 693 1641 733 ea
1673 692 1802 749 quae
1855 689 1979 730 mo-

399 785 622 841 ventur,
648 783 710 829 ut
744 773 892 838 ﬁnis,
915 781 1081 842 atque
1107 772 1388 827 terminat.
1438 771 1558 827 Jam
1592 769 1641 825 si
1689 767 1982 839 quodcun-

400 885 508 942 que
535 875 791 922 movetur
819 872 878 919 et
899 862 1107 919 factum
1150 871 1235 918 est
1282 866 1381 932 per
1407 875 1632 917 causam
1680 859 1899 915 exsistit
1923 866 1981 913 et

401 968 662 1016 movetur
690 966 748 1012 et
772 957 983 1011 factum
1017 965 1124 1020 est,
1189 954 1441 1024 sequitur
1474 962 1537 1006 ut
1584 967 1688 1007 nec
1720 950 1979 1007 eﬂ'ectum

401 1051 475 1105 sit
507 1048 888 1119 quodcunque
908 1044 1249 1101 exsistentia:
1270 1059 1489 1098 causam
1528 1042 1696 1097 habet
1746 1042 1976 1106 nullam,

402 1156 507 1195 nec
528 1139 735 1193 mobile
771 1136 861 1192 sit.
894 1135 1013 1191 Non
1077 1135 1228 1190 enim
1262 1144 1518 1190 movetur
1559 1134 1785 1189 omnino
1831 1134 1980 1204 quod

403 1229 744 1286 exsistentiaa
769 1242 938 1282 causa
963 1236 1138 1281 caret.
1169 1226 1226 1282 Si
1250 1235 1432 1281 autem
1462 1225 1610 1295 quod
1646 1241 1810 1281 causa
1829 1232 1982 1280 caret

403 1320 550 1376 idem
576 1318 1276 1389 caretmotione,sequitur
1310 1328 1371 1373 ut
1395 1317 1647 1372 divinum
1680 1318 1751 1373 sit
1782 1318 1982 1371 immo-

402 1408 533 1475 bile,
552 1406 702 1478 quod
720 1407 1057 1461 exsistentite
1077 1422 1189 1462 sua:
1204 1422 1427 1463 causam
1448 1421 1560 1461 non
1586 1406 1753 1461 habet
1774 1421 1983 1461 rerum-

379 1516 510 1571 -que
536 1516 658 1570 quae
689 1508 819 1554 sunt
844 1499 1091 1554 omnium
1122 1515 1290 1555 causa
1311 1507 1415 1556 est.
1453 1499 1738 1565 Quomodo
1790 1499 1980 1570 igitur,

382 1589 639 1645 .fortasse
670 1589 876 1659 aliquis
933 1589 1325 1662 interrogabit,
1366 1589 1713 1645 admirabilis
1753 1590 1846 1646 hic
1879 1589 1980 1645 do-

402 1689 524 1736 ctor
559 1690 819 1749 tanquam
851 1680 1055 1736 mobile
1084 1682 1405 1738 introducit
1432 1684 1604 1737 Deum
1661 1682 1718 1736 in
1770 1696 1984 1752 praepo-

403 1771 569 1827 sitis?
592 1771 693 1827 Cui
728 1770 1197 1841 respondebimus
1220 1774 1372 1842 quod
1396 1784 1627 1829 noverat
1655 1776 1848 1844 procul
1875 1774 1983 1829 du-

403 1862 534 1918 bio:
574 1863 737 1918 Ratio
787 1863 1054 1934 cujusque
1096 1866 1232 1919 artis
1278 1880 1635 1930 conservans,
1679 1866 1983 1921 immobilis

403 1956 630 2013 omnino
657 1952 726 2009 ad
751 1969 812 2010 se
842 1966 1097 2022 manens,
1133 1967 1196 2011 ut
1225 1960 1479 2029 exemplo
1510 1972 1654 2024 utar,
1710 1975 1834 2014 cum
1884 1974 1985 2029 por

405 2047 653 2117 singulas
713 2047 925 2103 formas
968 2062 1164 2103 eorum
1210 2064 1332 2118 qua:
1390 2049 1458 2103 ad
1506 2050 1758 2105 eamdem
1808 2059 1979 2104 artem

407 2140 692 2210 pertinent
745 2138 1044 2205 formatur,
1075 2139 1289 2194 moveri
1322 2138 1530 2195 dicitur
1570 2140 1783 2211 potius,
1835 2140 1984 2211 quod

409 2230 718 2285 secundum
755 2245 816 2285 se
846 2240 1036 2286 movet
1082 2226 1137 2285 id
1178 2230 1330 2301 quod
1384 2239 1504 2285 arte
1525 2230 1782 2295 eliicitur,
1817 2247 1984 2301 quam

364 2393 367 2396 ν
408 2321 557 2391 quod
587 2318 864 2376 movendo
896 2330 1178 2392 appareat,
1198 2322 1311 2385 vel,
1332 2331 1395 2376 ut
1421 2322 1517 2377 lux
1544 2339 1666 2401 quae
1688 2322 1756 2377 ad
1788 2323 1984 2377 viden-

406 2412 540 2466 dum
595 2418 783 2467 movet
821 2412 1002 2467 visum
1042 2411 1249 2469 dicitur
1299 2416 1535 2480 moveri,
1585 2430 1711 2471 cum
1758 2429 1986 2471 movens

405 2505 588 2561 omnis
608 2505 764 2560 visus
807 2505 1033 2575 proprie
1077 2521 1245 2562 causa
1280 2507 1355 2562 sit
1401 2507 1576 2579 magis
1626 2522 1790 2578 quam
1836 2506 1984 2577 quod

393 2606 694 2663 .movetur,
725 2598 802 2652 ita
835 2606 894 2652 ct
918 2594 1171 2653 divinum
1199 2600 1361 2669 plane
1382 2600 1663 2656 immobile
1715 2601 1987 2658 exsistens

414 2701 519 2756 pro
541 2688 789 2742 essentia
813 2701 910 2743 sua
957 2696 1125 2758 atque
1159 2698 1379 2754 natura,
1402 2699 1597 2761 utpote
1627 2692 1906 2748 inﬁnitum
1931 2701 1988 2749 et

408 2786 522 2831 non
553 2776 816 2831 affectum
866 2784 924 2831 et
981 2779 1424 2845 interminatum,
1470 2790 1731 2850 tanquam
1784 2783 1987 2852 aliquis

408 2866 634 2924 conscia
661 2868 803 2923 ratio
824 2885 1015 2924 rerum
1045 2886 1166 2940 qua:
1195 2882 1324 2927 sunt
1363 2874 1637 2929 essentias
1666 2874 1986 2931 inhabitans

2084 403 2235 457 ἕλκει
2263 403 2332 458 τὰ
2355 405 2656 477 κινούμενα
2677 405 3057 478 προνοητικῶς
3097 402 3175 469 ὡς
3216 405 3371 470 τέλος
3401 407 3499 461 καὶ
3548 407 3675 477 ὁρί-

2082 493 2167 561 ζει
2202 494 2384 567 (203
2414 497 2445 551 θ
2462 497 2503 567 ).
2528 498 2592 551 Et
2640 497 2697 553 δι
2739 498 2849 551 πᾶν
2876 495 3200 567 κινούμενον
3228 498 3325 551 καὶ
3352 498 3589 568 γενητδν
3607 496 3678 553 δι’

2081 588 2265 642 αίτίαν
2285 588 2404 641 ἐστι
2423 606 2484 642 τε
2518 588 2614 643 καὶ
2644 591 2876 643 κινεῖται
2914 590 3011 642 καὶ
3033 588 3351 660 γεγένηται,
3383 592 3496 643 πᾶν
3525 590 3557 643 δ
3599 592 3679 661 μὴ

2081 679 2149 733 δι’
2183 679 2365 734 αἰτίαν
2401 680 2553 737 ἐστὶν
2596 681 2720 735 οὐδὲ
2769 681 2998 751 ποιητόν
3051 681 3221 744 ἐστιν,
3272 680 3397 734 οὐδὲ
3449 682 3678 751 κινητὸν

2081 769 2346 841 δηλονότι.
2408 773 2484 825 Οὐ
2535 772 2644 843 γάρ
2690 770 2926 825 κινεῖται
2974 771 3038 825 τὸ
3075 773 3391 826 παντάπασι
3437 772 3513 842 μὴ
3550 771 3677 840 ἔχον

2081 861 2177 915 τοῦ
2204 858 2578 919 εἶναιαίτίαν.
2606 864 2671 915 El
2706 862 2766 916 δὲ
2808 864 2870 916 τὸ
2902 864 3146 917 ἀναίτιον
3173 862 3393 926 πάντως
3426 864 3525 916 καὶ
3552 864 3680 916 ἀκί-

2081 968 2265 1020 νητον.
2299 952 2559 1022 ἀκίνητον
2585 951 2694 1024 ἄρα
2724 952 2787 1005 τὸ
2816 953 3002 1018 Θείον,
3054 952 3132 1016 ὡς
3175 952 3267 1005 τοῦ
3307 948 3449 1006 εἶναι
3497 952 3670 1022 μηδεο

2086 1043 2217 1113 μίαν
2248 1042 2373 1113 ἔχον
2427 1044 2632 1106 αίτίαν,
2674 1044 2772 1097 καὶ
2802 1044 3024 1099 πάντων
3073 1044 3183 1097 τῶν
3223 1044 3395 1097 όντων
3419 1045 3673 1115 ὑπάρχον

2083 1133 2251 1187 αἰτία.
2313 1133 2438 1197 Πῶς
2464 1129 2578 1199 οὖν,
2624 1133 2758 1198 ἴσως
2808 1135 2925 1205 ἐρεῖ
2952 1151 3059 1199 τις,
3102 1136 3132 1187 ὁ
3170 1135 3482 1204 θαυμαστὸς
3512 1131 3672 1199 οὗτος

2080 1225 2405 1289 διδάσκαλος
2431 1225 2749 1297 κινούμενον
2779 1226 2991 1295 είσάγει
3031 1226 3091 1280 τὸ
3122 1227 3280 1279 Θεῐον
3312 1230 3372 1278 ὲν
3397 1231 3508 1290 τοῖς
3534 1243 3672 1292 προ-

2084 1316 2293 1371 τεθεῖσι
2314 1333 2335 1384 νς
2372 1318 2515 1389 Πρὸς
2552 1317 2613 1371 ὃν
2643 1318 2882 1388 ἐροῦμεν
2909 1318 2994 1371 ὅτι
3037 1319 3243 1382 παντὸς
3290 1319 3490 1389 μᾶλλον
3527 1320 3673 1391 ᾔδει,

2083 1407 2145 1461 τό
2170 1423 2183 1435 ·
2228 1407 2498 1479 Ἑκάστης
2551 1407 2749 1478 τέχνης
2800 1409 3119 1473 συνεκτικὺς
3174 1409 3353 1479 λόγος,
3414 1411 3680 1481 ἀκίνητος

2090 1497 2268 1568 μένων
2319 1499 2673 1553 παντάπασιν
2724 1499 2809 1566 ἐφ’
2843 1499 3065 1564 ἑαυτὸν,
3116 1500 3204 1553 ἵνα
3259 1499 3677 1571 παραδείγματι

2086 1588 2407 1660 χρήσωμαι,
2462 1588 2584 1643 καθ’
2636 1588 2879 1643 ἕκαστον
2905 1586 3049 1654 εἶδος
3076 1591 3185 1645 τῶν
3225 1591 3330 1646 dub
3354 1594 3454 1662 τὴν
3496 1594 3681 1663 αὐτὴν

2089 1682 2283 1751 τέχνην
2334 1681 2740 1754 μορφούμενος,
2791 1683 3065 1738 κινεῖσθαι
3117 1685 3338 1753 λέγεται
3382 1686 3459 1755 τῷ
3500 1690 3681 1739 κινεῖν

2092 1774 2296 1845 μᾶλλον
2330 1773 2454 1828 καθ’
2487 1775 2683 1830 ἑαυτὸν
2728 1776 2791 1830 τὸ
2824 1776 3190 1849 τεχνούμενον
3214 1779 3251 1850 ἢ
3284 1779 3363 1848 τῷ
3401 1781 3681 1833 κινεῖσθαι

2092 1866 2525 1937 προφαινόμενος
2546 1883 2561 1899 ·
2613 1867 2670 1939 ἦ,
2708 1868 2786 1933 ὡς
2830 1869 2949 1939 φῶς
2980 1871 3117 1941 πρὸς
3170 1871 3233 1923 τὺ
3264 1871 3400 1943 όρᾷκί
3428 1872 3529 1943 τήν
3552 1874 3683 1943 ὅιζιν

2084 1957 2258 2011 κινῶν
2284 1955 2507 2024 λέγεται
2558 1957 2855 2023 κινεῖσθαι,
2886 1959 3168 2028 κινητικὸν
3207 1959 3453 2032 ὑπάρχον
3492 1963 3687 2031 πάσης

2087 2048 2266 2119 ὅψεως
2295 2048 2505 2120 κυρίως
2531 2050 2683 2122 ἢπερ
2709 2050 2952 2122 κινητὸν,
2980 2049 3129 2105 οὕτω
3161 2052 3261 2106 καὶ
3284 2052 3345 2106 τὺ
3364 2053 3524 2107 Θεῖον
3554 2055 3685 2108 dxi-

2089 2157 2253 2211 νητον
2282 2140 2461 2212 πάντη
2509 2143 2637 2195 κατ’
2680 2141 2870 2196 οὐσίαν
2916 2142 3016 2196 καὶ
3062 2140 3227 2211 φῦσιν
3276 2142 3550 2215 ὕπαρχον,
3599 2144 3684 2208 ὡς

2090 2233 2320 2305 ἄπειρον
2347 2233 2445 2288 καὶ
2473 2233 2705 2305 ἄσχετον
2736 2236 2829 2289 καὶ
2856 2235 3132 2305 ἀόριστον,
3158 2237 3419 2302 οίονείτις
3445 2241 3685 2309 ἐπιστη-

2093 2325 2317 2395 μονικὺς
2382 2324 2544 2394 λόγος
2592 2328 2923 2399 ἐνυπάρχων
2960 2332 3085 2392 ταῖς
3120 2328 3230 2383 τῶν
3263 2330 3684 2393 δντων.οὐσίαις

2090 2416 2311 2484 λέγεται
2349 2415 2644 2482 κινεῖσθαι,
2680 2417 2759 2488 τῷ
2797 2420 2967 2471 κινεῖν
3023 2420 3400 2492 προνοητικῶς
3442 2420 3685 2475 ἕκαστον

2088 2508 2200 2565 τῶν
2228 2507 2401 2563 ὅντων
2429 2508 2553 2562 καθ’
2586 2507 2649 2563 ὃν
2691 2508 2967 2564 κινεῖσθαι
3000 2493 3214 2579 πέφυκε
3253 2511 3432 2580 λόγον,
3476 2512 3573 2567 καὶ
3598 2512 3685 2576 ὼς

2091 2600 2269 2656 αἴτιον
2302 2600 2483 2654 πάντα
2506 2599 2580 2653 τὰ
2616 2601 3083 2673 κατηγορούμενα
3107 2602 3253 2656 κατὰ
3285 2602 3397 2656 τῶν
3424 2596 3501 2656 ὧν
3527 2604 3685 2656 ἔστιν

2091 2695 2262 2749 αἴτιον
2287 2691 2512 2757 ἀπαθῶς
2547 2693 2959 2763 ἀναδεχόμενον.
3001 2694 3305 2749 Ἀνελεϊται
3334 2695 3494 2749 τοῦτο
3511 2695 3683 2769 ζητῇ-

2094 2801 2193 2848 σας
2237 2785 2266 2837 ό
2314 2783 2633 2855 θεοφάντωρ
2694 2786 2791 2837 καὶ
2850 2785 3028 2855 μέγας
3079 2786 3475 2857 Ἀρεοπαγίτης
3519 2788 3683 2855 ἅγιος

2094 2872 2374 2937 Διονύσιος
2407 2875 2466 2926 ὲν
2493 2867 2577 2939 οἷς
2612 2890 2767 2943 φησι·
2808 2894 2826 2927 ι
2853 2873 2918 2928 Τί
2957 2875 3160 2948 δήποτε
3189 2877 3260 2931 τὸ
3290 2878 3445 2931 Θεῐον
3480 2878 3531 2931 οί
3554 2878 3682 2932 θεο-

410 2957 625 3013 moveri
647 2957 878 3025 dicitur,
914 2960 1278 3031 providenter
1329 2977 1522 3018 eorum
1570 2980 1694 3034 qua:
1718 2974 1849 3021 sunt
1893 2982 1985 3023 se-

2093 2965 2242 3035 λόγοι
2281 2966 2414 3020 ποτὶ
2465 2967 2566 3037 μὲν
2620 2966 2823 3039 ἔρωτα,
2873 2968 3006 3021 ποτὲ
3053 2968 3112 3021 δὲ
3160 2969 3404 3040 ἀγάπην,
3439 2970 3572 3023 ποτὲ
3618 2970 3681 3023 δὲ

409 3051 655 3107 cundum
690 3065 847 3106 suam
891 3052 1332 3123 unumquodque
1362 3069 1470 3124 qua
1500 3066 1786 3111 moveatur
1814 3058 1986 3114 ratio-

408 3159 539 3201 nem
562 3144 862 3210 movendo,
892 3153 1045 3211 et,ut
1074 3160 1260 3210 causa,
1286 3162 1627 3217 quaecunque
1654 3148 1723 3203 de
1742 3148 1810 3205 iis
1852 3166 1990 3221 quo-

411 3252 537 3291 rum
567 3244 649 3291 est
681 3250 846 3289 causa
873 3235 1271 3305 praedicantur,
1292 3236 1412 3292 sine
1428 3237 1627 3293 affectu
1651 3240 1986 3312 recipiendo.

410 3327 576 3395 Quod
593 3325 1099 3382 commendandum
1130 3329 1401 3399 suscipiet
1423 3334 1518 3400 qui
1541 3330 1597 3385 in
1619 3330 1709 3386 bis
1733 3348 1987 3402 quaeren-

414 3421 499 3476 dis
519 3418 765 3474 studium
799 3419 988 3489 posuit
1016 3419 1243 3474 divinus
1288 3431 1346 3476 et
1375 3436 1606 3493 magnus
1666 3432 1823 3480 vates
1862 3440 1991 3480 san—

409 3518 538 3568 ctus
557 3512 863 3585 Dionysius
889 3512 1244 3583 Areopagila,
1274 3512 1367 3568 ubi
1405 3515 1516 3569 ait:
1553 3535 1570 3566 ι
1593 3515 1737 3584 Quid
1767 3517 1989 3573 tandem

402 3604 657 3676 theologi
696 3603 1008 3675 signiﬁcare
1033 3604 1248 3670 volunt,
1281 3618 1408 3661 cum
1440 3607 1691 3663 divinum
1747 3607 1989 3677 Numen,

406 3712 564 3752 nunc
603 3711 871 3762 amorem,
899 3711 1050 3751 nunc
1076 3697 1429 3764 charitatem,
1480 3715 1629 3754 nunc
1676 3701 1912 3757 amabile
1934 3710 1991 3758 et

410 3786 644 3842 charum
675 3788 914 3841 vocant?
936 3806 956 3839 ι
988 3786 1361 3853 Quaestionem
1388 3788 1626 3845 absolvit
1657 3791 1744 3847 his
1768 3791 1989 3848 verbis:

418 3899 437 3931 ι
470 3878 629 3946 Quod
668 3878 760 3933 hic
798 3887 1075 3945 movetur,
1117 3880 1230 3934 illic
1279 3890 1507 3947 movet;
1538 3901 1556 3933 ι
1594 3891 1760 3954 atque
1790 3892 1853 3939 ut
1899 3885 1989 3940 ln-

412 3972 691 4027 culentius
720 3971 928 4027 dicam:
965 3971 1123 4026 Nunc
1174 3986 1328 4026 amor
1377 3971 1630 4028 divinum
1679 3983 1765 4030 est
1824 3983 1990 4047 atque

413 4064 659 4119 cbaritas
682 4070 739 4117 et
754 4069 1027 4128 movetur,
1047 4078 1196 4118 nunc
1213 4064 1449 4119 amabile
1469 4072 1553 4120 est
1573 4074 1629 4121 et
1650 4066 1901 4135 charum,
1935 4076 1992 4124 et

416 4166 601 4211 movet
621 4155 691 4209 ad
717 4168 775 4210 se
803 4160 1143 4226 quaecunque
1174 4172 1419 4212 amorem
1453 4167 1619 4229 atque
1653 4160 1987 4217 cbaritatem

2091 3057 2324 3128 ὲραστὸν
2371 3059 2467 3111 καὶ
2499 3059 2787 3129 ἀγαπητὸν
2830 3059 3251 3126 άποκαλοῦσιςι
3304 3062 3683 3133 Συμπεραίνει

2089 3148 2182 3202 τὸν
2202 3147 2363 3217 λόγον
2385 3148 2588 3203 οὑτωσὶ
2613 3151 2861 3217 φάσκων
2897 3152 3161 3225 ι”υτιπερ
3185 3152 3263 3223 τῷ
3297 3154 3395 3223 μὲν
3419 3158 3680 3222 κινεῖται,

2088 3241 2169 3314 τῷ
2197 3242 2255 3296 δὲ
2277 3245 2452 3298 κινεῖο
2489 3260 2509 3293 ι
2546 3243 2641 3296 καὶ
2676 3244 3011 3316 σαφέστερον
3040 3247 3235 3309 εἰπεῖν,
3280 3247 3365 3310 Ὡς
3401 3249 3502 3317 μὲν
3531 3246 3682 3318 ἔρως

2091 3334 2338 3407 ὑπάρχον
2367 3334 2552 3407 (20‘
2580 3337 2655 3403 a)
2683 3336 2743 3388 τὸ
2771 3336 2927 3389 Θεῖον
2964 3339 3059 3390 καὶ
3090 3339 3276 3408 ἀγάπη
3309 3342 3560 3404 κινεῖται,
3600 3341 3685 3405 ὡς

2072 3424 2149 3479 ’δὲ
2169 3424 2409 3496 ὲραστδν
2441 3426 2535 3478 καὶ
2562 3425 2848 3495 ἀγαπητὸν
2874 3430 3018 3480 κινεῖ
3041 3429 3178 3497 πρὸς
3203 3429 3363 3482 ἑαυτὸ
3390 3430 3577 3483 πάντα
3611 3432 3688 3485 τὰ

2092 3514 2417 3587 ιρωτοςλκαὶ
2444 3514 2667 3585 ἀγάπης
2699 3515 2961 3569 δεκτικά*
3011 3517 3105 3569 καὶ
3150 3518 3475 3589 τρανότερον
3519 3515 3691 3585 αὖθις

2093 3606 2281 3677 φάναιο
2315 3607 2563 3660 Κινεῖται
2600 3606 2702 3677 μὲν
2730 3606 2807 3669 ὡς
2840 3606 3023 3677 σχέσιν
3062 3609 3329 3678 ἐμποιοῦν
3369 3610 3691 3666 ινδιὰθετον

2092 3696 2298 3769 ἔρωτος
2340 3695 2437 3750 καὶ
2471 3696 2832 3767 ἀγάπηςτοίς
2863 3695 3068 3751 τούτων
3105 3697 3394 3766 δεκτικοῖς,
3443 3706 3598 3766 κινεῖ
3631 3702 3693 3756 δὲ

2091 3786 2168 3851 ὡς
2213 3785 2462 3840 ἑλκτικὸν
2497 3786 2658 3855 φύσει
2695 3784 2796 3856 τῆς
2843 3783 2954 3838 τῶν
2999 3786 3088 3838 ἐπ’
3135 3787 3286 3859 αὐτῷ
3338 3790 3695 3860 κινουμένων

2094 3876 2339 3948 ἐφέσεως
2361 3890 2375 3906 ⁸
2402 3876 2500 3930 καὶ
2535 3876 2721 3932 πάλιν
2762 3878 2922 3931 Κινεῖ
2962 3878 3060 3936 καὶ
3091 3880 3345 3943 κινεῖται,
3381 3881 3459 3943 ὡς
3508 3882 3696 3952 διψῶν

2092 3969 2154 4022 τὸ
2189 3967 2468 4038 διψᾶσθαι,
2511 3968 2605 4021 καὶ
2634 3968 2778 4040 ἐρῶν
2821 3968 2884 4022 τὸ
2922 3968 3175 4040 ἐρᾶσθαι,
3214 3971 3309 4025 καὶ
3340 3972 3587 4039 ἀγαπῶν
3632 3975 3695 4027 τὸ

2094 4062 2434 4131 ἀγαπᾶσθαι.
2459 4060 2619 4114 Κατὰ
2641 4059 2832 4114 τοῦτον
2862 4061 3062 4133 τρόπον
3086 4062 3182 4116 καὶ
3201 4063 3230 4115 ὁ
3260 4063 3508 4132 θεόφρων
3536 4066 3698 4138 Γρη-

2094 4152 2280 4226 γόριός
2309 4168 2464 4225 φησι·
2502 4172 2522 4206 ι
2543 4153 2730 4218 Μονὰς
2756 4154 2851 4208 ἀπ’
2878 4155 3056 4226 ἀρχῆς
3089 4157 3172 4219 είς
3192 4156 3361 4210 δυάδα
3392 4160 3695 4228 κινηθεῖσα

415 4247 673 4319 capiunt;
720 4254 776 4301 et
815 4252 875 4302 ut
925 4255 1119 4303 rursus
1177 4250 1430 4319 apertius
1469 4249 1687 4305 dicam:
1741 4251 1985 4308 Movetur

2098 4246 2260 4319 μέχρι
2290 4242 2521 4317 Τριάδος
2568 4242 2720 4316 ἔστη.
2750 4262 2770 4297 ι
2828 4245 3075 4299 Κινεῖται
3113 4245 3224 4316 γὰρ
3260 4248 3318 4298 ἐν
3356 4244 3434 4316 τῷ
3470 4246 3696 4319 ταύτης

415 4338 546 4393 dum
582 4332 846 4394 affectam
875 4336 1083 4393 amoris
1104 4346 1160 4394 et
1212 4340 1504 4395 cbaritatis
1525 4342 1721 4397 inserit
1750 4344 1834 4398 eis
1866 4360 1985 4415 qua:

2092 4336 2324 4407 δεκτικῷ
2367 4335 2466 4408 νῷ,
2519 4334 2633 4389 εἴτε
2690 4336 2988 4408 ἀηελικῷ,
3038 4337 3149 4390 είτε
3207 4337 3560 4408 ἀνθρωπίνῳ,
3619 4340 3690 4394 δι’

415 4431 617 4487 horum
664 4431 888 4501 capacia
938 4439 1089 4496 Sunt,
1151 4443 1336 4486 movet
1376 4439 1567 4487 contra
1608 4432 1740 4488 dum
1792 4447 1985 4492 natura

2096 4429 2266 4497 αὐτῆς
2295 4426 2391 4481 καὶ
2417 4429 2473 4480 ὲν
2497 4427 2633 4499 αὐτῇ
2662 4426 2761 4490 τάς
2792 4428 2920 4496 περὶ
2965 4427 3135 4498 αὐτῆς
3164 4427 3437 4492 ἐξετάσεις
3492 4447 3695 4484 ποιου-

416 4524 642 4580 attrahit
695 4537 885 4578 eorum
945 4538 1067 4593 qua:
1134 4523 1203 4578 ad
1270 4539 1330 4578 se
1385 4532 1715 4579 moveantur
1774 4527 1985 4599 appeti-

2099 4521 2269 4591 μένῳ,
2303 4521 2397 4574 καὶ
2422 4518 2752 4591 σαφέστερον
2776 4522 2971 4585 εἰπεῖν,
3003 4512 3244 4574 διδάσκει
3280 4521 3441 4573 αὐτὸν
3481 4523 3695 4593 ἁμερί-

417 4626 569 4682 tum;
632 4626 691 4672 et
739 4628 931 4672 rursus
992 4635 1004 4669 :
1068 4615 1247 4671 Movet
1287 4626 1344 4672 et
1396 4626 1651 4672 movetur
1707 4619 1865 4688 quasi
1912 4619 1991 4674 si-

419 4712 563 4767 tiens
614 4710 779 4773 sitiri,
826 4710 883 4763 et
920 4724 1111 4763 amans
1153 4707 1349 4774 amari,
1407 4720 1464 4765 et
1521 4706 1759 4780 diligens
1812 4710 1990 4783 diligi.

416 4798 531 4868 Qua
582 4800 853 4855 sententia
913 4799 1081 4852 etiam
1150 4799 1375 4854 divinus
1437 4798 1739 4871 Gregorius
1788 4800 1929 4855 dixit
1978 4819 1991 4855 :

425 4912 444 4944 ι
489 4889 681 4947 Unitas
732 4890 1006 4960 principio
1068 4890 1123 4944 in
1178 4889 1454 4943 binarium
1510 4897 1658 4945 mota
1709 4889 1764 4944 in
1805 4882 1992 4945 Trini-

418 4992 529 5038 tate
582 4982 852 5038 conStitit.
907 5002 924 5033 ι
968 4968 1217 5037 Movctnr
1261 4982 1410 5036 enim
1469 4982 1525 5036 in
1578 4990 1764 5037 mente
1819 4982 1997 5053 ipsius

2099 4630 2239 4676 στως
2267 4614 2324 4665 ὲν
2352 4611 2417 4683 τῇ
2450 4611 2640 4684 πρώτῃ
2673 4604 2947 4683 προσϐολῇ
2972 4611 3061 4665 τὸν
3096 4614 3225 4683 περὶ
3254 4612 3480 4682 μονάδος
3500 4612 3691 4682 λόγον,

2098 4705 2186 4759 ἵνα
2212 4706 2287 4776 μὴ
2324 4704 2588 4776 διαίρεσις
2610 4702 2687 4775 τῷ
2710 4703 2912 4774 πρώτῳ
2944 4705 3104 4775 αίτίῳ
3125 4704 3448 4775 ὲπεισαχθῇ,
3482 4708 3695 4777 προδιο

2098 4794 2250 4861 ϐάζει
2275 4792 2331 4849 δὲ
2369 4796 2531 4850 αὑτὸν
2557 4796 2650 4848 καὶ
2690 4794 2787 4867 τὴν
2829 4792 2981 4849 θείαν
3011 4797 3106 4849 καὶ
3146 4797 3457 4868 ἀπόρρητον
3486 4798 3697 4853 τούτου

2096 4889 2429 4960 γονιμότητα
2450 4885 2727 4954 δέξασθαι,
2757 4885 2989 4956 λέγουσα
3025 4890 3300 4957 μυστικῶς
3329 4905 3388 4942 τε
3417 4890 3511 4942 καὶ
3547 4907 3697 4962 κρυ-

2097 4978 2235 5050 φίως
2283 4978 2432 5050 αὐτῷ
2492 4977 2567 5050 μὴ
2618 4978 2729 5033 δεῖν
2764 4980 2953 5048 ἄγονον
2998 4976 3136 5034 εἶναι
3179 4979 3398 5035 πώποτε
3460 4985 3699 5053 φρονεεν

420 5084 643 5145 capace,
668 5076 784 5129 sive
813 5074 1079 5144 angelica.
1112 5074 1229 5129 sive
1264 5074 1530 5139 humana,
1571 5090 1672 5144 per
1734 5074 1912 5145 ipsam
1941 5085 1985 5129 e1

2095 5072 2254 5127 τοῦτο
2304 5071 2366 5126 τὸ
2416 5070 2622 5141 ἀγαθὸν
2676 5071 2835 5141 λόγου
2877 5073 2973 5126 καὶ
3026 5072 3238 5140 σοφίας,
3277 5073 3311 5144 ἢ
3355 5074 3700 5147 ἁγιαστικῆς

421 5167 478 5220 in
511 5166 629 5237 ipsa
657 5164 724 5221 de
758 5167 872 5237 ipsa
913 5165 1255 5236 inquirente,
1294 5175 1372 5228 et,
1414 5173 1475 5219 ut
1514 5165 1868 5222 manifestius
1907 5166 1985 5221 dt-

2100 5165 2404 5234 δυνάμεως,
2442 5164 2743 5234 όμοουσίων
2786 5181 2848 5218 τε
2884 5165 2979 5219 καὶ
3005 5164 3406 5232 ὲνυποστάτων,
3461 5167 3556 5221 ἵνα
3616 5171 3701 5240 μὴ

421 5272 564 5323 eam,
616 5259 842 5314 instruit
884 5273 1005 5313 eam
1059 5257 1297 5313 indivise
1353 5256 1409 5311 in
1462 5257 1645 5327 primo
1687 5257 1900 5329 impetu
1928 5258 1985 5315 de

2106 5254 2361 5309 σύνθετον
2384 5256 2449 5309 ἐκ
2474 5254 2682 5310 τούτων
2705 5256 2992 5329 ὑποληφθῇ
3021 5257 3081 5310 τὸ
3110 5256 3265 5310 Θεῑον
3295 5257 3372 5320 ὼς
3401 5258 3701 5330 συμϐεϐη-

356 5331 369 5337 ’
425 5350 657 5406 unitatis
697 5350 936 5416 ratione,
987 5366 1061 5430 ne
1093 5349 1378 5421 separatio
1420 5349 1615 5419 prima:
1664 5364 1846 5405 causa:
1908 5350 1985 5405 in-

2103 5349 2295 5413 κότων,
2325 5347 2413 5401 καὶ
2443 5347 2562 5419 οὐχὶ
2590 5347 2763 5402 ταῦτα
2793 5350 3037 5420 ὑπάρχον
3069 5350 3156 5404 ἀεὶ
3189 5350 3469 5421 πιστευθῇ.
3498 5352 3701 5405 Κινεῖο

421 5442 662 5500 σοτοιυτε
691 5444 1079 5513 impcllitvero
1106 5458 1229 5497 eam
1272 5441 1340 5495 ad
1392 5441 1766 5510 recipiendam
1828 5442 1985 5497 etiam

2106 5439 2231 5492 σθαι
2269 5439 2362 5493 οὖν
2395 5441 2428 5511 ’1⁸
2461 5438 2665 5509 Θεότης
2719 5439 2935 5510 λέγεται
2989 5442 3064 5505 ὡς
3109 5441 3260 5496 αἰτία
3310 5444 3408 5512 τῆς
3442 5441 3573 5495 καθ’
3634 5444 3697 5496 ὃν

423 5532 664 5591 divinam
696 5543 862 5607 atque
906 5534 1341 5588 inenarrabilem
1397 5532 1819 5598 fecunditatem,
1868 5549 1985 5606 my-

2101 5532 2337 5601 ὐπάρχει
2381 5531 2583 5602 τρόπον
2620 5530 2941 5597 ἐξετάσεως.
2989 5533 3152 5586 ’Ἄνευ
3201 5535 3310 5605 γὰρ
3356 5531 3693 5604 mam

497 5627 609 5699 (li)
640 5627 862 5696 Dionys.
889 5626 1156 5695 Areopag.
1186 5625 1261 5680 De
1301 5625 1491 5682 divinis
1519 5626 1833 5693 nominibus,
1866 5642 1986 5698 cap.
2020 5629 2075 5694 4,
2104 5625 2317 5699 ρηδϐὃ,
2346 5630 2481 5679 tum.
2508 5621 2689 5694 IOpp.
2719 5624 2806 5678 ed.
2842 5624 2976 5680 Ven.
