3938 6192
486 262 626 341 r263

1650 261 1711 321 S.
1745 260 2037 322 MAXIMI
2075 259 2586 321 CONFESSORIS

3544 266 3637 332 HM

485 377 647 431 idest
678 375 1015 431 voluntatem
1052 382 1108 431 et
1128 376 1567 446 generationem.
1599 393 1657 431 se
1686 378 1924 433 invicem
1961 391 2056 433 co-

2163 379 2306 448 φημὶ
2358 373 2419 431 δὲ’
2447 378 2542 446 τὴν
2588 376 2812 446 θέλησιν
2842 360 2937 429 καὶ
2997 377 3094 447 τὴν
3149 378 3399 447 γέννησιν,
3448 381 3641 453 ἀλλήλοις

486 469 771 523 mitautur.
804 467 1280 535 Quemadmodum
1316 470 1464 524 enim
1503 478 1658 524 extra
1697 469 1976 525 videntem
2002 478 2058 523 et

482 561 664 615 visum
698 574 806 613 non
850 568 935 613 est
993 559 1168 625 visus,
1200 576 1385 631 neque
1417 560 1682 631 cogitatio
1727 570 1881 616 extra
1904 561 2057 631 cogi-

484 660 692 707 tantem
729 661 787 706 et
815 652 1139 722 cogitatum,
1164 652 1239 707 ita
1290 668 1395 707 nec
1429 661 1581 707 extra
1612 661 1965 724 generantem
2004 660 2061 705 et

483 751 806 813 generatum
837 742 1145 813 generatio,
1177 758 1283 798 nec
1306 751 1463 798 extra
1510 744 1789 798 volentem
1819 751 1876 797 et
1920 743 2059 797 voli-

484 842 599 885 tum
620 824 896 895 voluntas,
918 831 1069 900 quia,
1104 841 1165 885 ut
1210 830 1651 886 demonstratum
1677 839 1781 898 est,
1824 847 1927 886 nec
1961 847 2057 886 vo-

482 923 643 977 litum
680 922 933 992 sequitur
986 922 1328 977 voluntatem
1362 922 1482 976 sine
1516 923 1638 993 ejus
1666 922 1759 992 qui
1791 924 1911 976 vult
1948 922 2061 977 eol-

480 1015 712 1070 latione.
749 1012 906 1080 Quod
937 1012 983 1066 si
1019 1012 1186 1066 simul
1232 1020 1363 1067 sunt
1420 1013 1537 1067 haec
1582 1012 1891 1067 secundum
1924 1012 2061 1066 all‘e-

481 1118 655 1172 ctum,
684 1106 986 1161 immobilis
1010 1105 1157 1160 enim
1211 1107 1503 1160 amborum
1544 1106 1797 1170 allectus,
1824 1136 1895 1145 ——
1925 1120 2057 1159 con-

482 1200 829 1270 temporabat
863 1212 995 1268 ergo
1017 1198 1307 1267 generanti
1337 1197 1509 1261 Patri,
1542 1197 1692 1252 Patri
1713 1196 1807 1267 qui
1842 1212 2060 1266 semper

398 1320 413 1328 -
479 1300 620 1357 erat,
659 1307 759 1361 per
782 1290 1194 1361 generationem
1225 1290 1388 1345 etiam
1414 1289 1716 1345 secundum
1761 1303 1858 1343 vos
1892 1303 2060 1358 gene-

481 1393 637 1439 ratus
709 1384 902 1447 Filius,
960 1398 1086 1437 cum
1139 1383 1284 1436 inter
1339 1382 1695 1451 semetipsum
1743 1390 1799 1435 et
1841 1381 2058 1435 Patrem

392 1467 829 1540 ‘lgenerantem
904 1469 1056 1523 nullo
1122 1468 1286 1523 modo
1373 1468 1629 1523 admittat
1709 1469 2057 1524 intervallum

461 1558 1296 1630 temporismequeestamplius
1341 1560 1640 1613 voluntatis
1668 1559 1837 1614 Filius
1860 1559 2053 1621 Filius,

478 1650 575 1704 sed
611 1649 789 1703 Patris
838 1648 1178 1718 generantis.
1217 1647 1397 1717 Atque
1437 1649 1575 1713 haec,
1612 1648 1812 1719 inquit,
1845 1665 1912 1703 ex
1954 1649 2056 1703 hu~

2164 471 2411 525 συνόν.α.
2484 472 2571 534 Ὠς
2617 471 2726 541 γὰρ
2755 469 2851 524 τοῦ
2882 469 3116 541 ὁρῶντος
3164 472 3255 524 καὶ
3299 470 3383 524 τοῦ
3429 476 3647 543 ὁρωμένου

2161 563 2330 635 χωρὶς
2356 564 2457 616 οὐκ
2486 563 2634 616 ἐστιν
2684 564 2897 629 ὅρασις,
2929 561 3053 615 οὔτε
3093 561 3183 614 τοῦ
3218 562 3440 626 νοοῦντος
3473 566 3547 618 καὶ
3577 567 3645 621 τοῦ

2162 653 2452 724 νοουμένου
2484 653 2688 725 νόησις,
2721 653 2893 717 οὕτως
2921 653 3043 706 οὐδὲ
3070 653 3161 707 τοῦ
3191 654 3457 721 γεννῶντος
3481 659 3556 710 καὶ
3577 657 3646 714 τοῦ

2161 744 2499 814 γεννωμένου
2546 743 2820 815 γέννησις,
2876 744 3000 797 οὐδὲ
3054 743 3147 796 τοῦ
3200 743 3422 809 θέλοντος
3461 748 3538 800 καὶ
3580 749 3646 802 τοῦ

2164 835 2462 905 θελομένου
2497 835 2737 907 θέλησις,
2768 837 2850 890 ὅτι
2887 836 3021 905 μηδὲ
3049 836 3236 889 ἕπεται
3263 836 3455 907 θελήσει
3472 839 3521 892 τὸ
3542 840 3649 911 θελη.

2162 925 2253 978 οὲν
2278 966 2292 986 ,
2334 926 2410 988 ὡς
2437 926 2673 997 ἐδείχθη,
2704 927 2875 996 χωρὶς
2910 926 3007 996 τῆς
3051 926 3145 979 τοῦ
3182 926 3405 991 θέλοντος
3434 946 3649 999 συνεισφο·

2164 1018 2283 1087 ρᾶς.
2319 1017 2380 1069 Εἰ
2418 1016 2474 1070 δὲ
2516 1016 2626 1071 τῶν
2659 1017 2775 1087 ἅμα
2802 1016 2978 1070 ταῦτά
3022 1017 3142 1069 ἐστι
3194 1018 3326 1071 κατὰ
3364 1018 3451 1086 τὴν
3496 1021 3647 1088 σχέσιν,

2161 1108 2417 1177 ἀκίνητος
2438 1107 2547 1179 γὰρ
2572 1110 2605 1179 ἡ
2644 1107 2730 1161 ἐπ’
2758 1108 2963 1178 ἀμφοῖν
3013 1108 3213 1179 σχέσις,
3260 1109 3367 1179 ἅμα
3400 1107 3458 1182 ἦν
3485 1112 3568 1180 ἄρα
3596 1113 3650 1181 τῷ

2161 1197 2424 1265 γεννῶντι
2459 1198 2653 1268 Πατρὶ,
2683 1198 2770 1251 ἀεὶ
2795 1196 2908 1251 ὄντι
2942 1197 3139 1268 Πατρὶ,
3167 1196 3252 1251 διὰ
3282 1200 3563 1266 γεννήσεως,
3587 1200 3650 1251 καὶ

2163 1287 2287 1341 καθ’
2331 1289 2477 1358 ὑμᾶς
2528 1290 2557 1341 6
2595 1286 2936 1359 γεννώμενος
2968 1285 3114 1347 Υἱὸς,
3174 1285 3246 1356 μὴ
3292 1286 3651 1355 παραδεχόμενος

2162 1376 2284 1431 καθ’
2322 1377 2633 1447 οἱονδήποτε
2663 1375 2864 1447 τρόπον
2915 1374 3121 1445 μεταξὺ
3156 1374 3313 1429 αὐτοῦ
3350 1375 3435 1428 καὶ
3460 1374 3537 1427 τοῦ
3563 1392 3652 1442 γεν-

2163 1471 2363 1535 νῶντος
2410 1470 2626 1540 Πατρδς
2685 1468 3043 1540 παρενθήκην
3091 1468 3299 1538 χρόνου,
3345 1466 3429 1520 καὶ
3479 1468 3560 1519 οὐκ
3599 1467 3654 1519 ἔτι

2163 1561 2434 1631 θελήσεώς
2483 1563 2630 1614 ἐστιν
2665 1559 2793 1624 Υἱὸς
2840 1562 2868 1613 6
2906 1559 3054 1624 Υἱὸς,
3112 1558 3245 1612 ἀλλὰ
3283 1557 3370 1611 τοῦ
3427 1557 3656 1625 γεννῶντος

2162 1653 2399 1722 Πατρός.
2430 1651 2541 1704 Καὶ
2570 1651 2768 1715 ταῦτα,
2802 1651 2988 1721 φησιν,
3011 1652 3073 1702 ὲκ
3099 1650 3210 1703 τῶν
3234 1649 3349 1702 καθ’
3379 1650 3505 1719 ἡμᾶς
3535 1665 3658 1718 παρα·

478 1740 653 1794 manis
694 1738 902 1794 nostris
928 1739 1076 1794 dicta
1108 1738 1220 1794 sint
1268 1741 1575 1811 exemplis;
1610 1750 1665 1796 at
1705 1758 1827 1812 quae
1867 1743 1921 1797 in
1947 1743 2058 1797 Deo

2165 1718 2477 1815 δειγμὰτων
2512 1742 2771 1814 εἰρήσθω,
2894 1742 2950 1795 δὲ
2984 1741 3078 1795 τοῦ
3107 1739 3239 1794 Θεοῦ
3268 1740 3353 1794 καὶ
3381 1718 3503 1809 ῦπὲρ
3530 1740 3659 1792 πάντα

382 1896 399 1913 κ
477 1831 925 1893 considerantur,
966 1846 1135 1901 supra
1161 1830 1277 1886 haec
1304 1847 1526 1902 quoque
1572 1832 1756 1887 omnia
1785 1842 1933 1895 sunt,
1967 1835 2054 1887 cui

448 1922 760 1992 Agencratio
786 1921 1022 1976 fortasse
1059 1930 1143 1976 est
1159 1922 1418 1993 gignendi
1442 1925 1719 1980 voluntas.
1753 1926 1810 1980 In
1825 1926 2055 1980 dubium

476 2029 608 2068 vero
656 2013 709 2068 id
742 2012 972 2068 adduxit
1008 2029 1103 2083 per
1135 2034 1153 2065 c
1198 2014 1431 2071 fortasse
1467 2036 1485 2068 ι
1535 2018 1883 2079 adverbium,
1933 2033 2059 2088 pro-

476 2112 669 2173 pterea
688 2103 839 2173 quod
868 2103 990 2157 Filii
1023 2118 1090 2157 ex
1130 2104 1294 2159 Patre
1342 2107 1629 2176 generatio
1662 2108 1831 2162 etiam
1865 2108 2060 2162 volun-

477 2205 646 2250 tatem
682 2202 925 2265 superat.
958 2194 1149 2275 Neque
1176 2196 1327 2250 enim
1377 2206 1667 2266 separatur
1715 2199 2001 2253 voluntate
2029 2215 2057 2252 a

476 2290 639 2344 Patre
691 2287 884 2351 Filius,
947 2302 1128 2357 neque
1181 2288 1295 2342 ullo
1345 2288 1510 2344 modo
1568 2290 1749 2345 Patris
1801 2292 2059 2345 voluntas

477 2378 852 2450 cogitantibus
876 2377 1040 2433 nobis
1084 2377 1348 2447 anticipat
1378 2378 1604 2443 Filium,
1642 2379 1772 2449 quia
1828 2396 1931 2435 nec
1957 2381 2059 2434 Pa-

458 2478 565 2525 .ter
597 2467 1200 2531 anteeedehatFilium,
1225 2483 1336 2521 non
1363 2468 1713 2538 magisquam
1746 2469 2059 2524 intellectus

464 2568 615 2615 ante
638 2575 949 2616 sermonem
986 2574 1055 2614 ex
1088 2558 1231 2628 ipso,
1251 2566 1350 2613 aut
1396 2560 1490 2613 lux
1514 2570 1640 2615 ante
1685 2560 2055 2631 splendorem.

474 2655 613 2709 Nam
636 2653 798 2708 simul
833 2651 1104 2707 habentes
1149 2651 1528 2706 exsistentiam
1584 2667 1750 2706 unam
1801 2653 1965 2707 Pater
2004 2661 2060 2706 et

477 2745 573 2816 qui
596 2762 663 2800 ex
692 2760 759 2800 eo
788 2744 907 2798 sine
936 2742 1096 2797 initio
1124 2749 1420 2811 generatus
1441 2750 1525 2797 est
1552 2742 1746 2806 Filius,
1778 2752 1834 2798 et
1865 2743 2060 2799 volun-

478 2844 649 2890 tatem
706 2834 916 2890 habent
962 2832 1271 2903 simplicem
1333 2840 1497 2902 atque
1559 2833 1935 2901 individuam,
1997 2843 2058 2888 ut

478 2928 645 2982 etiam
671 2925 969 2983 essentiam
998 2940 1163 2981 unam
1194 2933 1252 2980 et
1285 2933 1561 2981 naturam.

2164 1836 2360 1901 ταῦτα,
2395 1830 2439 1904 ᾧ
2467 1835 2722 1907 γέννησις
2758 1835 2886 1898 ἴσως
2921 1834 3070 1888 ἐστὶν
3099 1836 3134 1905 ἡ
3166 1834 3256 1887 τοῦ
3280 1834 3455 1903 γεννᾷν
3479 1832 3655 1901 θέλησις.

2175 1932 2485 2003 Ἀμφέϐαλε
2532 1931 2589 1984 δὲ
2623 1931 2781 1985 τοῦτο
2827 1931 2915 1984 διὰ
2942 1930 3036 1985 τοῦ
3072 1949 3090 1982 ι
3124 1932 3280 1993 Ἴσως
3304 1947 3320 1980 ι
3359 1929 3660 2000 ἑπιῤῥὴματος

2159 2022 2246 2074 διὰ
2304 2021 2366 2074 τὸ
2419 2021 2514 2074 καὶ
2559 2019 2701 2090 ὑπὲρ
2733 2018 2955 2088 θέλησιν
2985 2014 3126 2071 εἶναι
3158 2015 3256 2087 τὴν
3297 2016 3356 2069 ὲκ
3398 2013 3479 2067 τοῦ
3502 2011 3662 2082 Πατρός

2159 2109 2255 2163 τοῦ
2293 2104 2421 2162 Υίοῦ
2477 2110 2753 2182 γέννησιν.
2808 2109 2883 2162 Οὐ
2918 2105 3027 2178 γὰρ
3083 2104 3366 2177 μεσάζεται
3409 2102 3588 2173 θελήσει
3619 2101 3661 2152 ὲκ

2159 2201 2252 2255 τοῦ
2287 2200 2469 2272 (205
2496 2201 2549 2269 ὁ)
2582 2200 2793 2271 [ἰατρὸς
2835 2202 2863 2252 6
2886 2199 3041 2263 Υίὸς,
3067 2198 3191 2251 οὐδὲ
3222 2197 3579 2267 προεπινοείται
3596 2190 3661 2243 τοῦ

2164 2287 2292 2339 Υίοῦ
2336 2286 2458 2340 καθ’
2502 2285 2683 2340 ὁτιοῦν
2717 2287 2752 2355 ἡ
2790 2285 2890 2352 ξτοῦ
2924 2287 3140 2357 Πατρὺς
3184 2286 3408 2356 θέλησις,
3459 2284 3530 2336 ὅτι
3566 2279 3661 2351 μηδὲ

2162 2378 2415 2449 προῦπῆν
2450 2381 2477 2432 6
2504 2378 2695 2450 Πατὴρ
2724 2377 2818 2432 τοῦ
2847 2378 3000 2443 Υίοῦ,
3042 2368 3235 2450 ὥσπερ
3278 2377 3391 2432 οὐδὲ
3420 2374 3527 2438 νοῦς
3547 2374 3663 2439 λόγου

2159 2470 2255 2523 τοῦ
2286 2472 2345 2535 ἐξ
2376 2471 2565 2534 αὐτοῦ,
2604 2470 2728 2524 οὔτε
2772 2472 2891 2543 φῶς
2940 2470 3035 2525 τοῦ
3087 2471 3515 2539 ἀπαυγάσματος.
3555 2466 3664 2532 "Ap:

2160 2560 2271 2630 γὰρ
2308 2560 2369 2614 τὸ
2400 2555 2539 2614 εῖναι
2575 2559 2789 2631 ἔχοντες
2817 2561 2911 2614 καὶ
2940 2559 3164 2632 θέλησιν
3207 2560 3331 2632 μίαν
3371 2559 3553 2628 ἔχουσιν
3580 2555 3664 2606 ὅτε

2163 2653 2352 2725 Πατὴρ
2401 2652 2495 2707 καὶ
2543 2655 2571 2706 6
2625 2652 2687 2718 ἐξ
2742 2652 2908 2707 αὐτοῦ
2951 2653 3209 2725 ἀνάρχως
3255 2650 3512 2721 γεννηθεὶς
3559 2646 3664 2705 Υἱὸς,

2161 2744 2342 2815 ἁπλῇν
2370 2761 2429 2797 τε
2468 2744 2564 2797 καὶ
2583 2744 2907 2815 ἀδιαίρετον,
2932 2745 3126 2816 ὥσπερ
3154 2739 3251 2798 οὖν
3280 2742 3370 2798 καὶ
3392 2740 3552 2794 οὐσίαν
3575 2735 3668 2807 μίαν

2162 2835 2258 2889 καὶ⁸
2296 2835 2479 2903 φύσιν.

2090 3051 2160 3062 -ο

477 3107 562 3163 Ex
597 3107 775 3160 eodem
801 3123 1063 3170 sermone,
1096 3108 1149 3161 in
1185 3106 1360 3162 illud:
1406 3128 1421 3160 ι
1451 3109 1665 3179 Alioqui
1696 3111 1822 3180 quid
1872 3115 2052 3181 prohi-

2170 3111 2267 3163 Ἐκ
2310 3106 2417 3162 τοῦ
2461 3105 2651 3160 αὐτοῦ
2684 3105 2895 3174 λόγου,
2945 3105 3034 3170 εις
3066 3106 3156 3159 τό·
3199 3121 3219 3155 ‹
3251 3099 3407 3157 Ἐπεί
3434 3099 3485 3152 τί
3510 3094 3671 3150 κωλύει

548 3200 630 3252 bet
654 3200 932 3269 quominus
959 3201 1069 3269 ipse
1096 3216 1299 3270 quoque
1330 3200 1503 3255 allata
1528 3203 1625 3255 hac
1657 3205 2012 3273 propositione
2038 3222 2054 3259 :

547 3288 711 3343 Pater
739 3289 915 3358 major
938 3297 1133 3342 natura
1163 3298 1259 3353 est,
1278 3307 1339 3344 ac
1354 3290 1540 3345 deinde
1563 3302 1834 3362 assumpta
1860 3292 2053 3359 altera,

534 3380 762 3435 Natura
793 3390 970 3434 autem
1007 3398 1112 3436 non
1142 3384 1355 3437 omnino
1386 3386 1579 3455 major,
1634 3401 1727 3439 nec
1772 3385 1955 3447 Pater,
1981 3388 2055 3441 ita

552 3482 816 3545 postremo
865 3473 1177 3528 concludam
1209 3475 1430 3546 :Majua
1482 3479 1646 3546 igitur
1692 3480 1906 3533 omnino
1952 3496 2055 3533 non

552 3568 747 3637 majus,
790 3566 891 3631 vel,
926 3566 1088 3620 Pater
1112 3570 1326 3622 omnino
1358 3585 1461 3622 non
1483 3568 1647 3623 Pater
1666 3571 1691 3623 ?
1713 3591 1729 3621 ι

545 3677 685 3733 Cum
716 3678 783 3733 de
838 3693 1002 3733 causa
1035 3679 1298 3749 majorem
1338 3679 1478 3734 Filio
1524 3681 1765 3746 Patrem,
1814 3683 1943 3751 quia
1988 3698 2054 3738 ex

476 3772 642 3829 Patre
667 3770 739 3825 sit
774 3769 965 3833 Filius,
988 3780 1044 3826 at
1070 3786 1183 3826 non
1208 3787 1274 3825 ex
1307 3771 1446 3826 Filio
1480 3773 1644 3827 Pater
1666 3773 1914 3837 exsistat,
1959 3775 2055 3830 do-

480 3872 603 3917 ctor
637 3861 917 3932 sapienter
975 3861 1251 3926 deﬁniret.
1313 3861 1503 3917 Ariani
1552 3864 1701 3933 quod
1752 3864 1821 3918 de
1859 3873 2054 3919 natura

462 3969 644 4009 causa
670 3953 741 4008 sit
772 3952 1153 4022 propositione
1197 3962 1480 4022 assumpta
1520 3954 1571 4008 ei
1618 3954 1854 4025 maligne
1890 3954 2055 4033 quod

480 4046 549 4100 de
605 4055 803 4099 natura
839 4045 1017 4115 majus
1050 4044 1123 4098 sit
1178 4045 1543 4109 collegerunt.
1580 4045 1760 4116 Atque
1819 4047 2054 4116 primum

481 4143 709 4191 strenue
741 4131 888 4203 quod
919 4132 1011 4188 isti
1034 4134 1250 4204 privata
1275 4134 1697 4192 ratiocinatione
1718 4135 2058 4207 collegerunt

482 4225 647 4279 diluit
678 4224 904 4278 dicens:
947 4224 1151 4279 «Haud
1203 4224 1320 4280 scio
1354 4240 1411 4279 se
1466 4225 1686 4295 ipsosne
1744 4225 1930 4296 potius
1988 4240 2055 4279 an

478 4334 576 4375 eos
607 4317 674 4372 ad
708 4332 850 4387 quos
869 4316 1117 4387 dirigunt
1140 4332 1455 4373 sermonem
1481 4317 1728 4388 captiosa
1755 4318 1860 4373 hac
1890 4333 2056 4389 argu-

421 4455 429 4463 .
480 4408 824 4463 mentatione
854 4406 1309 4461 circumveniant.
1341 4425 1357 4457 ι
1382 4405 1573 4476 Neque
1615 4406 1765 4461 enim
1793 4405 2058 4476 simplici-

481 4508 566 4553 ter
594 4511 939 4567 quazcunque
974 4494 1041 4549 de
1071 4496 1258 4565 aliquo
1319 4496 1604 4561 dicuntur,
1637 4497 1803 4551 etiam
1835 4496 1903 4551 de
1955 4497 2060 4551 isto

480 4590 739 4645 dicentur
759 4586 910 4657 quod
952 4587 1057 4657 ipsi
1088 4587 1376 4658 subjaeet;
1406 4588 1504 4643 sed
1537 4597 1689 4657 patet
1738 4588 1806 4643 de
1840 4604 1971 4658 quo,
2006 4597 2063 4643 et

480 4695 733 4752 quamam
760 4678 1037 4733 dicantur.
1091 4678 1363 4733 Nimirum
1404 4694 1748 4748 quaecunque
1796 4677 1865 4733 de
1896 4693 2061 4732 causa

480 4784 741 4842 tanquam
769 4787 958 4837 causa,
992 4770 1190 4841 inquit,
1247 4770 1527 4834 dicuntur,
1550 4786 1615 4825 ea
1660 4770 1825 4825 etiam
1881 4771 1949 4826 de
1994 4786 2062 4823 eo

481 4862 629 4935 quod
659 4862 726 4917 de
758 4871 955 4917 natura
987 4870 1070 4916 est
1104 4862 1379 4917 dicentur.
1417 4862 1606 4932 Neque
1636 4862 1786 4918 enim
1829 4863 2060 4916 rationis

483 4964 564 5009 est
602 4969 667 5008 ea
708 4969 831 5023 qua:
858 4961 919 5007 ut
947 4955 1201 5023 exemplo
1231 4955 1339 5009 hoc
1372 4962 1515 5019 utar,
1569 4954 1637 5009 de
1675 4954 1925 5023 sapiente
1978 4953 2063 5005 vel

484 5034 612 5116 rege
642 5054 702 5100 ut
732 5046 979 5116 sapiente
1014 5046 1100 5100 vel
1138 5055 1197 5101 ut
1226 5062 1351 5118 rege
1377 5047 1641 5101 dicuntur
1690 5046 1855 5100 etiam
1903 5045 1971 5098 de
2001 5060 2067 5098 eo

483 5140 634 5210 quod
657 5140 742 5196 his
764 5140 1009 5211 subjacet
1038 5140 1245 5207 dicere,
1275 5151 1337 5195 ut
1391 5142 1728 5206 hominibus,
1772 5149 1829 5196 et
1869 5147 2068 5211 praeter

485 5235 662 5305 legem
713 5233 966 5289 essentia
1015 5232 1342 5289 deﬁnitione
1391 5248 1584 5289 eorum
1622 5248 1744 5302 quae
1780 5231 2065 5300 subjacent

488 5339 597 5379 una
619 5322 1089 5394 comprehendere
1123 5339 1245 5393 quae
1269 5323 1337 5378 de
1372 5322 1646 5393 sapientia
1679 5331 1741 5375 ut
1770 5320 2064 5390 sapientia,

489 5432 720 5486 quasque
769 5415 837 5471 de
904 5430 1073 5486 regno
1126 5424 1185 5469 ut
1220 5431 1391 5486 regno
1430 5416 1714 5478 dicuntur,
1745 5412 1797 5466 id
1832 5420 1917 5466 est
1946 5425 2068 5479 qua!

490 5506 628 5563 nihil
657 5506 883 5561 omnino
920 5507 1333 5563 communicant
1358 5522 1483 5561 cum
1532 5506 1747 5561 ratione
1784 5501 2063 5564 essentia‘,

2229 3199 2381 3269 κάμὲ
2426 3197 2657 3266 ταύτην
2702 3199 3002 3265 πρότασιν
3045 3194 3452 3264 ποιησάμενον
3476 3189 3571 3256 τὴν
3591 3185 3669 3243 ὅτι.

2241 3291 2304 3344 '0
2337 3289 2539 3357 Πατὴρ
2580 3286 2794 3357 μείζων
2832 3285 2909 3355 τῇ
2958 3286 3165 3355 φύσει,
3223 3286 3421 3339 ἔπειτα
3459 3279 3671 3348 προσλα-

2230 3383 2412 3437 ϐόντα
2444 3380 2532 3444 τὸ,
2578 3381 2764 3434 φύσει
2813 3378 2883 3432 δὲ
2931 3380 3004 3433 οὐ
3057 3377 3300 3443 πάντως
3332 3374 3533 3446 μεῖζον,
3572 3365 3674 3421 οὐδὲ

2228 3474 2452 3543 Πατὴρ,
2512 3470 2902 3541 συναγαγεῖν,
2965 3470 3038 3525 Τὸ
3090 3470 3303 3540 μεῖζον
3366 3469 3435 3522 οὐ
3495 3466 3678 3523 πάντως

2229 3564 2444 3634 μεῖζον,
2471 3562 2532 3631 ἢ,
2574 3561 2638 3615 '0
2654 3560 2858 3630 Πατὴρ
2883 3563 2955 3616 οὐ
2979 3561 3222 3627 πάντως
3245 3558 3462 3626 Πατήρ;
3489 3574 3505 3606 ι

2243 3678 2572 3750 Ἐπειδήπερ
2612 3676 2833 3747 μείζονα
2880 3675 2958 3746 τῷ
2989 3676 3148 3747 αἰτίῳ
3193 3676 3291 3729 τοῦ
3335 3670 3462 3727 Υίοῦ
3492 3671 3569 3724 τὸν
3597 3668 3678 3720 Πα·

2158 3771 2291 3843 τέρα
2323 3769 2503 3839 σοφῶς
2523 3771 2552 3823 6
2579 3767 2922 3832 διδάσκαλος,
2938 3768 3014 3831 ὼς
3041 3768 3104 3820 ὲκ
3128 3766 3227 3821 τοῦ
3250 3765 3454 3836 Πατρὸς
3469 3764 3598 3821 όντος
3614 3754 3677 3808 τοῦ

2158 3861 2312 3924 Υίοῦ,
2350 3860 2465 3914 ἀλλ’
2493 3859 2595 3913 οὐκ
2630 3860 2692 3912 ἐκ
2717 3857 2813 3911 τοῦ
2844 3856 2977 3911 Υἱοῦ
3004 3857 3095 3911 τοῦ
3137 3856 3353 3928 Πατρὺς
3386 3855 3680 3923 ὑπάρχοντος.

2158 3953 2463 4025 διωρίζετο,
2512 3951 2914 4022 προσλαϐόντες
2944 3953 2994 4004 οἱ
3047 3951 3320 4022 Ἄρειεινοὶ⁵
3359 3948 3455 4019 τὴν
3479 3950 3533 3998 τὸ
3557 3941 3681 3995 αἴτιον

2163 4046 2324 4117 φύσει
2358 4046 2625 4116 πρότασιν
2658 4044 2893 4113 συνῆγον
2933 4042 3083 4113 αὐτῷ
3117 4042 3442 4114 κακούργως
3483 4037 3538 4091 τὸ
3565 4033 3683 4103 9538'-

2163 4135 2366 4207 μεῖζον.
2408 4134 2635 4207 Πρῶτον
2672 4133 2771 4203 μὲν
2801 4133 3083 4187 ἔπιλύεται
3117 4134 3391 4202 γενναίως
3405 4130 3462 4184 τὸ
3499 4123 3684 4196 παραλε-

2158 4228 2497 4298 λογισμένως
2528 4227 2620 4278 ὑπ’
2675 4224 2852 4278 αὐτῶν
2902 4224 3166 4296 συναχθὲν
3196 4224 3386 4279 εἰπών·
3435 4242 3451 4274 ι
3473 4220 3571 4275 Οὐκ
3602 4208 3686 4267 οἶδα

2162 4320 2390 4389 πότερον
2424 4316 2655 4379 ἑαυτοὺς
2683 4314 3161 4387 παραλογίζονται,
3208 4316 3241 4384 ἢ
3274 4317 3400 4377 τοὺς
3432 4310 3556 4382 πρὸς
3580 4303 3687 4365 οὖςδ

2162 4409 2337 4476 λόγος.
2368 4427 2384 4459 ι
2446 4408 2519 4461 Οὐ
2561 4406 2668 4477 γὰρ
2719 4406 2907 4470 ἁπλῶς
2956 4408 3056 4459 ὅσα
3113 4408 3258 4477 θεατὰ
3312 4420 3453 4467 τινος
3501 4400 3689 4467 λέγεται.

2167 4497 2343 4552 ταῦτα
2382 4498 2475 4551 καὶ
2511 4496 2652 4549 κατὰ
2681 4496 2774 4549 τοῦ
2810 4470 3177 4565 ἁποκειμένόυ
3204 4494 3382 4564 τούτῳ
3409 4491 3688 4561 ῥηθήσεται·

2168 4589 2304 4645 ἀλλὰ
2329 4589 2489 4658 δῆλον
2514 4588 2656 4641 κατά
2683 4588 2827 4652 τίνος
2859 4586 2952 4640 καὶ
2992 4587 3113 4639 τίνα
3148 4587 3297 4640 τοῦτ’
3336 4583 3495 4637 ἐστίν.
3529 4578 3592 4632 Uti
3614 4571 3689 4641 τὰς

2167 4684 2264 4737 ὅσα
2294 4683 2434 4735 κατᾶ
2466 4680 2561 4734 τοῦ
2592 4680 2767 4734 αἰτίου
2798 4680 2872 4744 ὡς
2910 4680 3107 4747 αἰτίου,
3135 4680 3294 4749 φησὶ,
3318 4678 3546 4745 λέγεται,
3565 4667 3693 4721 ταῦτα

2166 4776 2262 4827 καὶ
2303 4773 2447 4827 κατὰ
2472 4772 2565 4825 τοῦ
2600 4772 2760 4841 φύσει
2801 4771 3120 4843 ῥηθήσεται.
3165 4773 3282 4825 Οὐκ
3304 4771 3419 4824 ἔστι
3452 4762 3694 4838 γὰρλόῖου

2166 4867 2233 4920 τὰ
2272 4866 2413 4920 κατά
2457 4882 2602 4928 τινος
2650 4867 2787 4935 φέρε
2849 4868 3020 4918 εἰπεῖν
3056 4866 3223 4935 σοφοῦ
3274 4866 3307 4936 ἢ
3368 4861 3608 4934 βασιλέως
3645 4852 3697 4910 ὡς

2170 4955 2335 5024 σοφοῦ
2372 4956 2405 5026 ἢ
2434 4955 2510 5019 ὡς
2542 4955 2805 5024 βασιλέως
2833 4955 3104 5024 λεγόμενα
3133 4957 3227 5010 καὶ
3254 4954 3397 5009 κατὰ
3423 4951 3512 5005 τοῦ
3533 4949 3700 5002 ὑποκει-

2168 5047 2333 5117 μένου
2365 5045 2576 5108 τούτοις
2602 5045 2853 5117 ῥηθῆναι,
2875 5046 2951 5110 ὡς
2980 5046 3306 5118 ἀνθρώπων,
3336 5045 3430 5099 καὶ
3464 5049 3700 5111 συμπαρα·
3804 5045 3805 5107 Ῑ

2165 5137 2466 5209 λαμϐάνειν
2500 5136 2757 5207 ἁθέσμως
2785 5137 2864 5208 τῷ
2891 5139 2990 5208 τῆς
3020 5140 3209 5203 οὐσίας
3258 5140 3372 5210 ὅρῳ
3401 5136 3505 5188 τῶν
3527 5132 3701 5184 ὑποκει-

2172 5230 2349 5300 μένων
2390 5229 2462 5282 τὰ
2493 5229 2638 5283 κατὰ
2664 5229 2764 5299 τῆς
2806 5230 2998 5298 σοφίας
3028 5231 3106 5294 ὡς
3137 5231 3357 5298 σοφίας,
3389 5228 3483 5281 καὶ
3512 5223 3575 5277 τὰ
3600 5214 3703 5271 κατὰ

2176 5320 2273 5388 τῆς
2310 5318 2586 5389 βασιλείας
2610 5320 2685 5383 ὡς
2707 5319 2985 5389 βασιλείας
3005 5321 3296 5389 λεγόμενα,
3346 5320 3416 5372 τὰ
3440 5314 3593 5388 μηδὲν
3610 5301 3705 5360 καθ’
3754 5375 3760 5385 ⁸

2174 5411 2297 5463 όλου
2329 5411 2405 5481 τῷ
2455 5411 2601 5480 λόγῳ
2633 5410 2733 5479 τῆς
2766 5411 2954 5474 οὐσίας
2987 5413 3176 5484 (206
3203 5413 3275 5482 α)
3304 5401 3707 5465 ἐπικοινωνοῦντα

2175 5500 2250 5563 ὼς
2279 5500 2609 5565 συστατικὰς
2643 5501 2908 5573 διαφορὰς
2948 5504 3116 5573 αὐτῆς
3149 5505 3243 5557 καὶ
3292 5486 3707 5573 συμπληρωτικὰ

564 5638 677 5712 (13)
700 5640 857 5725 idem
891 5642 1015 5695 ibid.
1050 5655 1169 5747 σοι).
1199 5640 1286 5704 15,
1322 5658 1374 5712 ρ.
1412 5643 1536 5706 554,
1571 5648 1705 5695 tom.
1739 5639 1760 5693 ἰ
1790 5638 1929 5709 Opp.
1954 5636 2089 5692 edit.
2126 5635 2332 5692 Bened.
