  <div class='ocr_page' id='page_1' title='image "/cluster/home/n/w/nwhite01/storage/ocr_20150623/91/hvd.32044052742962/636.png"; bbox 0 0 3938 6192; ppageno 0'>
   <div class='ocr_carea' id='block_1_1' title="bbox 312 243 447 311">
    <p class='ocr_par' dir='ltr' id='par_1_1' title="bbox 312 243 447 311">
     <span class='ocr_line' id='line_1_1' title="bbox 312 243 447 311; baseline 0.022 -3"><span class='ocrx_word' id='word_1_1' title='bbox 312 243 447 311; x_wconf 69' lang='grc'><strong>1265</strong></span> 
     </span>
    </p>
   </div>
   <div class='ocr_carea' id='block_1_2' title="bbox 1541 247 2343 309">
    <p class='ocr_par' dir='ltr' id='par_1_2' title="bbox 1541 247 2343 309">
     <span class='ocr_line' id='line_1_2' title="bbox 1541 247 2343 309; baseline 0.002 -3"><span class='ocrx_word' id='word_1_2' title='bbox 1541 247 2059 309; x_wconf 80' lang='lat' dir='ltr'><strong>AMBIGUORUM</strong></span> <span class='ocrx_word' id='word_1_3' title='bbox 2095 248 2343 309; x_wconf 75' lang='lat' dir='ltr'><strong>LIBER.</strong></span> 
     </span>
    </p>
   </div>
   <div class='ocr_carea' id='block_1_3' title="bbox 3419 247 3554 314">
    <p class='ocr_par' dir='ltr' id='par_1_3' title="bbox 3419 247 3554 314">
     <span class='ocr_line' id='line_1_3' title="bbox 3419 247 3554 314; baseline 0.015 -2"><span class='ocrx_word' id='word_1_4' title='bbox 3419 247 3554 314; x_wconf 68' lang='lat'><strong>1266</strong></span> 
     </span>
    </p>
   </div>
   <div class='ocr_carea' id='block_1_4' title="bbox 306 351 1871 429">
    <p class='ocr_par' dir='ltr' id='par_1_4' title="bbox 306 351 1871 425">
     <span class='ocr_line' id='line_1_4' title="bbox 306 351 1871 425; baseline -0.001 -17"><span class='ocrx_word' id='word_1_5' title='bbox 306 353 402 409; x_wconf 81' lang='grc' dir='ltr'><strong>τοῦ</strong></span> <span class='ocrx_word' id='word_1_6' title='bbox 435 356 556 408; x_wconf 78' lang='grc' dir='ltr'>κατ’</span> <span class='ocrx_word' id='word_1_7' title='bbox 581 352 754 424; x_wconf 70' lang='grc' dir='ltr'>αὐτὴν</span> <span class='ocrx_word' id='word_1_8' title='bbox 787 352 914 425; x_wconf 87' lang='grc' dir='ltr'>ὄρου</span> <span class='ocrx_word' id='word_1_9' title='bbox 947 351 1418 425; x_wconf 75' lang='grc' dir='ltr'>παραλαμϐάνειν.</span> <span class='ocrx_word' id='word_1_10' title='bbox 1455 351 1684 408; x_wconf 76' lang='grc' dir='ltr'>Ἔπειτα</span> <span class='ocrx_word' id='word_1_11' title='bbox 1715 355 1871 424; x_wconf 76' lang='grc' dir='ltr'>σοφώ</span> 
     </span>
    </p>
   </div>
   <div class='ocr_carea' id='block_1_5' title="bbox 1983 351 3558 429">
    <p class='ocr_par' dir='ltr' id='par_1_5' title="bbox 1989 355 3558 429">
     <span class='ocr_line' id='line_1_5' title="bbox 1989 355 3558 429; baseline 0.006 -19"><span class='ocrx_word' id='word_1_12' title='bbox 1989 365 2048 410; x_wconf 81' lang='grc' dir='ltr'><strong>ιιι</strong></span> <span class='ocrx_word' id='word_1_13' title='bbox 2085 355 2424 412; x_wconf 80' lang='lat' dir='ltr'><strong>diﬂ&#39;erentias</strong></span> <span class='ocrx_word' id='word_1_14' title='bbox 2471 355 2644 425; x_wconf 85' lang='lat' dir='ltr'><strong>ipsam</strong></span> <span class='ocrx_word' id='word_1_15' title='bbox 2687 355 3098 412; x_wconf 74' lang='lat' dir='ltr'><strong>constituentes</strong></span> <span class='ocrx_word' id='word_1_16' title='bbox 3133 364 3188 412; x_wconf 91' lang='lat' dir='ltr'><strong>et</strong></span> <span class='ocrx_word' id='word_1_17' title='bbox 3213 359 3558 429; x_wconf 79' lang='lat' dir='ltr'><strong>complentes</strong></span> 
     </span>
    </p>
   </div>
   <div class='ocr_carea' id='block_1_6' title="bbox 307 442 1880 518">
    <p class='ocr_par' dir='ltr' id='par_1_6' title="bbox 307 442 1880 518">
     <span class='ocr_line' id='line_1_6' title="bbox 307 442 1880 518; baseline -0.001 -18"><span class='ocrx_word' id='word_1_18' title='bbox 307 463 464 518; x_wconf 82' lang='grc' dir='ltr'>τερον</span> <span class='ocrx_word' id='word_1_19' title='bbox 504 442 821 516; x_wconf 79' lang='grc' dir='ltr'><strong>συμπλέξας</strong></span> <span class='ocrx_word' id='word_1_20' title='bbox 876 445 1056 510; x_wconf 81' lang='grc' dir='ltr'>αὐτοῖς</span> <span class='ocrx_word' id='word_1_21' title='bbox 1096 447 1160 498; x_wconf 82' lang='grc' dir='ltr'>ἐκ</span> <span class='ocrx_word' id='word_1_22' title='bbox 1208 444 1306 515; x_wconf 84' lang='grc' dir='ltr'><strong>τῆς</strong></span> <span class='ocrx_word' id='word_1_23' title='bbox 1357 443 1538 498; x_wconf 82' lang='grc' dir='ltr'>αὐτῶν</span> <span class='ocrx_word' id='word_1_24' title='bbox 1566 447 1880 516; x_wconf 74' lang='grc' dir='ltr'>προτάσεως</span> 
     </span>
    </p>
   </div>
   <div class='ocr_carea' id='block_1_7' title="bbox 311 534 1881 608">
    <p class='ocr_par' dir='ltr' id='par_1_7' title="bbox 311 534 1881 608">
     <span class='ocr_line' id='line_1_7' title="bbox 311 534 1881 608; baseline -0.003 -16"><span class='ocrx_word' id='word_1_25' title='bbox 311 537 671 608; x_wconf 76' lang='grc' dir='ltr'>συλλογισμὸν</span> <span class='ocrx_word' id='word_1_26' title='bbox 720 534 1039 608; x_wconf 80' lang='grc' dir='ltr'><strong>περιτρέπει</strong></span> <span class='ocrx_word' id='word_1_27' title='bbox 1097 535 1296 598; x_wconf 75' lang='grc' dir='ltr'>αὐτοὺς</span> <span class='ocrx_word' id='word_1_28' title='bbox 1325 534 1554 597; x_wconf 77' lang='grc' dir='ltr'>ἑαυτοῖς.</span> <span class='ocrx_word' id='word_1_29' title='bbox 1615 535 1772 604; x_wconf 84' lang='grc' dir='ltr'>Ἔχει</span> <span class='ocrx_word' id='word_1_30' title='bbox 1825 535 1881 588; x_wconf 77' lang='grc' dir='ltr'>δὲ</span> 
     </span>
    </p>
   </div>
   <div class='ocr_carea' id='block_1_8' title="bbox 308 625 1882 696">
    <p class='ocr_par' dir='ltr' id='par_1_8' title="bbox 308 625 1882 696">
     <span class='ocr_line' id='line_1_8' title="bbox 308 625 1882 696; baseline -0.004 -12"><span class='ocrx_word' id='word_1_31' title='bbox 308 627 522 694; x_wconf 73' lang='grc' dir='ltr'>οὕτως·</span> <span class='ocrx_word' id='word_1_32' title='bbox 591 627 742 682; x_wconf 72' lang='grc' dir='ltr'>Ἐπεὶ</span> <span class='ocrx_word' id='word_1_33' title='bbox 787 625 841 679; x_wconf 86' lang='grc' dir='ltr'><strong>τί</strong></span> <span class='ocrx_word' id='word_1_34' title='bbox 894 625 1095 680; x_wconf 82' lang='grc' dir='ltr'><strong>κωλύει</strong></span> <span class='ocrx_word' id='word_1_35' title='bbox 1156 625 1300 696; x_wconf 82' lang='grc' dir='ltr'><strong>κάμὲ</strong></span> <span class='ocrx_word' id='word_1_36' title='bbox 1357 625 1562 696; x_wconf 82' lang='grc' dir='ltr'>ταύτην</span> <span class='ocrx_word' id='word_1_37' title='bbox 1617 627 1882 696; x_wconf 76' lang='grc' dir='ltr'><strong>πρότασιν</strong></span> 
     </span>
    </p>
   </div>
   <div class='ocr_carea' id='block_1_9' title="bbox 309 711 1876 793">
    <p class='ocr_par' dir='ltr' id='par_1_9' title="bbox 309 711 1876 793">
     <span class='ocr_line' id='line_1_9' title="bbox 309 711 1876 793; baseline -0.005 -18"><span class='ocrx_word' id='word_1_38' title='bbox 309 711 676 793; x_wconf 84' lang='grc' dir='ltr'>ποιησάμενον</span> <span class='ocrx_word' id='word_1_39' title='bbox 711 717 811 790; x_wconf 75' lang='grc' dir='ltr'>τὴν</span> <span class='ocrx_word' id='word_1_40' title='bbox 860 717 964 782; x_wconf 82' lang='grc' dir='ltr'>ὅτι,</span> <span class='ocrx_word' id='word_1_41' title='bbox 1011 715 1071 770; x_wconf 87' lang='lat'><strong>&#39;0</strong></span> <span class='ocrx_word' id='word_1_42' title='bbox 1112 716 1304 788; x_wconf 76' lang='grc' dir='ltr'>Πατὴρ</span> <span class='ocrx_word' id='word_1_43' title='bbox 1351 716 1551 787; x_wconf 80' lang='grc' dir='ltr'>μείζων</span> <span class='ocrx_word' id='word_1_44' title='bbox 1589 719 1655 786; x_wconf 84' lang='grc' dir='ltr'><strong>τῇ</strong></span> <span class='ocrx_word' id='word_1_45' title='bbox 1695 717 1876 784; x_wconf 85' lang='grc' dir='ltr'>φύσει,</span> 
     </span>
    </p>
   </div>
   <div class='ocr_carea' id='block_1_10' title="bbox 307 804 1882 884">
    <p class='ocr_par' dir='ltr' id='par_1_10' title="bbox 307 804 1882 884">
     <span class='ocr_line' id='line_1_10' title="bbox 307 804 1882 884; baseline -0.006 -16"><span class='ocrx_word' id='word_1_46' title='bbox 307 814 499 868; x_wconf 75' lang='grc' dir='ltr'>ἔπειτα</span> <span class='ocrx_word' id='word_1_47' title='bbox 529 809 906 884; x_wconf 75' lang='grc' dir='ltr'>προσλαϐόντα</span> <span class='ocrx_word' id='word_1_48' title='bbox 935 809 1018 872; x_wconf 78' lang='grc' dir='ltr'><strong>τὸ,</strong></span> <span class='ocrx_word' id='word_1_49' title='bbox 1053 807 1219 862; x_wconf 79' lang='grc' dir='ltr'>Φύσει</span> <span class='ocrx_word' id='word_1_50' title='bbox 1252 808 1309 862; x_wconf 79' lang='grc' dir='ltr'>δὲ</span> <span class='ocrx_word' id='word_1_51' title='bbox 1337 810 1400 863; x_wconf 80' lang='grc' dir='ltr'>οὐ</span> <span class='ocrx_word' id='word_1_52' title='bbox 1445 808 1664 869; x_wconf 85' lang='grc' dir='ltr'>πάντως</span> <span class='ocrx_word' id='word_1_53' title='bbox 1697 804 1882 878; x_wconf 82' lang='grc' dir='ltr'>μεῖζον</span> 
     </span>
    </p>
   </div>
   <div class='ocr_carea' id='block_1_11' title="bbox 305 900 1879 976">
    <p class='ocr_par' dir='ltr' id='par_1_11' title="bbox 305 900 1879 976">
     <span class='ocr_line' id='line_1_11' title="bbox 305 900 1879 976; baseline -0.004 -16"><span class='ocrx_word' id='word_1_54' title='bbox 305 907 426 960; x_wconf 74' lang='grc' dir='ltr'>οὐδὲ</span> <span class='ocrx_word' id='word_1_55' title='bbox 475 905 683 976; x_wconf 79' lang='grc' dir='ltr'>Πατὴρ,</span> <span class='ocrx_word' id='word_1_56' title='bbox 741 901 992 957; x_wconf 74' lang='grc' dir='ltr'>ἐντεῦθεν</span> <span class='ocrx_word' id='word_1_57' title='bbox 1049 905 1396 972; x_wconf 82' lang='grc' dir='ltr'>συναγαγεῖν,</span> <span class='ocrx_word' id='word_1_58' title='bbox 1451 903 1526 956; x_wconf 76' lang='grc' dir='ltr'><strong>Τὸ</strong></span> <span class='ocrx_word' id='word_1_59' title='bbox 1583 901 1767 973; x_wconf 79' lang='grc' dir='ltr'>μεῖζον</span> <span class='ocrx_word' id='word_1_60' title='bbox 1819 900 1879 953; x_wconf 79' lang='grc' dir='ltr'>οὐ</span> 
     </span>
    </p>
   </div>
   <div class='ocr_carea' id='block_1_12' title="bbox 307 993 1878 1066">
    <p class='ocr_par' dir='ltr' id='par_1_12' title="bbox 307 993 1878 1066">
     <span class='ocr_line' id='line_1_12' title="bbox 307 993 1878 1066; baseline -0.002 -16"><span class='ocrx_word' id='word_1_61' title='bbox 307 998 524 1058; x_wconf 75' lang='grc' dir='ltr'>πάντως</span> <span class='ocrx_word' id='word_1_62' title='bbox 573 995 780 1066; x_wconf 77' lang='grc' dir='ltr'>μεῖζον,</span> <span class='ocrx_word' id='word_1_63' title='bbox 828 993 887 1064; x_wconf 82' lang='grc' dir='ltr'>ἢ,</span> <span class='ocrx_word' id='word_1_64' title='bbox 954 993 1014 1048; x_wconf 89' lang='lat'><strong>&#39;0</strong></span> <span class='ocrx_word' id='word_1_65' title='bbox 1068 993 1260 1066; x_wconf 84' lang='grc' dir='ltr'>Πατὴρ</span> <span class='ocrx_word' id='word_1_66' title='bbox 1290 995 1352 1048; x_wconf 82' lang='grc' dir='ltr'>οὐ</span> <span class='ocrx_word' id='word_1_67' title='bbox 1389 995 1610 1057; x_wconf 88' lang='grc' dir='ltr'>πάντως</span> <span class='ocrx_word' id='word_1_68' title='bbox 1667 995 1878 1065; x_wconf 81' lang='grc' dir='ltr'>Πατήρ;</span> 
     </span>
    </p>
   </div>
   <div class='ocr_carea' id='block_1_13' title="bbox 307 1083 1880 1158">
    <p class='ocr_par' dir='ltr' id='par_1_13' title="bbox 307 1083 1880 1158">
     <span class='ocr_line' id='line_1_13' title="bbox 307 1083 1880 1158; baseline -0.003 -19"><span class='ocrx_word' id='word_1_69' title='bbox 307 1087 450 1158; x_wconf 84' lang='grc' dir='ltr'>Πρὸς</span> <span class='ocrx_word' id='word_1_70' title='bbox 479 1084 626 1139; x_wconf 79' lang='grc' dir='ltr'>δὲτὸ</span> <span class='ocrx_word' id='word_1_71' title='bbox 656 1084 992 1156; x_wconf 78' lang='grc' dir='ltr'>σαφέστερον</span> <span class='ocrx_word' id='word_1_72' title='bbox 1028 1085 1160 1156; x_wconf 77' lang='grc' dir='ltr'>ἡμῖν</span> <span class='ocrx_word' id='word_1_73' title='bbox 1204 1083 1458 1152; x_wconf 87' lang='grc' dir='ltr'>γενέσθαι</span> <span class='ocrx_word' id='word_1_74' title='bbox 1495 1083 1590 1137; x_wconf 76' lang='grc' dir='ltr'>καὶ</span> <span class='ocrx_word' id='word_1_75' title='bbox 1625 1099 1880 1136; x_wconf 88' lang='grc' dir='ltr'>συνεκτι-</span> 
     </span>
    </p>
   </div>
   <div class='ocr_carea' id='block_1_14' title="bbox 303 1173 1880 1246">
    <p class='ocr_par' dir='ltr' id='par_1_14' title="bbox 303 1173 1880 1246">
     <span class='ocr_line' id='line_1_14' title="bbox 303 1173 1880 1246; baseline -0.001 -18"><span class='ocrx_word' id='word_1_76' title='bbox 303 1175 543 1244; x_wconf 85' lang='grc' dir='ltr'>κώτερον</span> <span class='ocrx_word' id='word_1_77' title='bbox 590 1173 1007 1245; x_wconf 72' lang='grc' dir='ltr'>διαγράφωμεν,</span> <span class='ocrx_word' id='word_1_78' title='bbox 1061 1176 1108 1228; x_wconf 88' lang='grc' dir='ltr'><strong>εί</strong></span> <span class='ocrx_word' id='word_1_79' title='bbox 1141 1175 1308 1241; x_wconf 82' lang='grc' dir='ltr'>δοκεῖ,</span> <span class='ocrx_word' id='word_1_80' title='bbox 1353 1175 1596 1246; x_wconf 84' lang='grc' dir='ltr'>σχήματι</span> <span class='ocrx_word' id='word_1_81' title='bbox 1627 1173 1687 1226; x_wconf 81' lang='grc' dir='ltr'>τὸ</span> <span class='ocrx_word' id='word_1_82' title='bbox 1725 1173 1880 1242; x_wconf 78' lang='grc' dir='ltr'>λεγό-</span> 
     </span>
    </p>
   </div>
   <div class='ocr_carea' id='block_1_15' title="bbox 307 1265 1880 1338">
    <p class='ocr_par' dir='ltr' id='par_1_15' title="bbox 307 1265 1880 1338">
     <span class='ocr_line' id='line_1_15' title="bbox 307 1265 1880 1338; baseline -0.001 -18"><span class='ocrx_word' id='word_1_83' title='bbox 307 1283 489 1337; x_wconf 85' lang='grc' dir='ltr'>μενον,</span> <span class='ocrx_word' id='word_1_84' title='bbox 520 1268 585 1320; x_wconf 75' lang='grc' dir='ltr'>ἐκ</span> <span class='ocrx_word' id='word_1_85' title='bbox 615 1266 715 1338; x_wconf 84' lang='grc' dir='ltr'>μὲν</span> <span class='ocrx_word' id='word_1_86' title='bbox 740 1267 840 1337; x_wconf 78' lang='grc' dir='ltr'>τῆς</span> <span class='ocrx_word' id='word_1_87' title='bbox 870 1267 980 1321; x_wconf 90' lang='grc' dir='ltr'><strong>τῶν</strong></span> <span class='ocrx_word' id='word_1_88' title='bbox 1005 1266 1262 1322; x_wconf 77' lang='grc' dir='ltr'>ἐναντίων</span> <span class='ocrx_word' id='word_1_89' title='bbox 1290 1265 1688 1336; x_wconf 77' lang='grc' dir='ltr'><strong>ἐπιχειρήσεως</strong></span> <span class='ocrx_word' id='word_1_90' title='bbox 1715 1265 1880 1336; x_wconf 83' lang='grc' dir='ltr'>ἀρχό-</span> 
     </span>
    </p>
   </div>
   <div class='ocr_carea' id='block_1_16' title="bbox 307 1355 1881 1429">
    <p class='ocr_par' dir='ltr' id='par_1_16' title="bbox 307 1355 1881 1429">
     <span class='ocr_line' id='line_1_16' title="bbox 307 1355 1881 1429; baseline 0 -19"><span class='ocrx_word' id='word_1_91' title='bbox 307 1374 479 1428; x_wconf 87' lang='grc' dir='ltr'>μενοι,</span> <span class='ocrx_word' id='word_1_92' title='bbox 507 1359 587 1423; x_wconf 84' lang='grc' dir='ltr'><strong>είς</strong></span> <span class='ocrx_word' id='word_1_93' title='bbox 609 1357 664 1412; x_wconf 86' lang='grc' dir='ltr'>δὲ</span> <span class='ocrx_word' id='word_1_94' title='bbox 696 1358 796 1428; x_wconf 81' lang='grc' dir='ltr'>τὴν</span> <span class='ocrx_word' id='word_1_95' title='bbox 825 1355 918 1411; x_wconf 77' lang='grc' dir='ltr'><strong>τοῦ</strong></span> <span class='ocrx_word' id='word_1_96' title='bbox 948 1357 1161 1429; x_wconf 78' lang='grc' dir='ltr'>Πατρδς</span> <span class='ocrx_word' id='word_1_97' title='bbox 1185 1355 1593 1420; x_wconf 84' lang='grc' dir='ltr'>καταπαύοντες</span> <span class='ocrx_word' id='word_1_98' title='bbox 1625 1355 1881 1410; x_wconf 82' lang='grc' dir='ltr'>διδασκα-</span> 
     </span>
    </p>
   </div>
   <div class='ocr_carea' id='block_1_17' title="bbox 303 1447 1109 1506">
    <p class='ocr_par' dir='ltr' id='par_1_17' title="bbox 303 1447 1109 1506">
     <span class='ocr_line' id='line_1_17' title="bbox 303 1447 1109 1506; baseline 0.005 -2"><span class='ocrx_word' id='word_1_99' title='bbox 303 1450 444 1506; x_wconf 83' lang='grc' dir='ltr'>λίαν.</span> <span class='ocrx_word' id='word_1_100' title='bbox 1101 1447 1109 1454; x_wconf 69' lang='grc'><em>’</em></span> 
     </span>
    </p>
   </div>
   <div class='ocr_carea' id='block_1_18' title="bbox 374 1538 1880 1617">
    <p class='ocr_par' dir='ltr' id='par_1_18' title="bbox 374 1538 1880 1617">
     <span class='ocr_line' id='line_1_18' title="bbox 374 1538 1880 1617; baseline -0.003 -21"><span class='ocrx_word' id='word_1_101' title='bbox 374 1541 644 1612; x_wconf 85' lang='grc' dir='ltr'>Πρότασις</span> <span class='ocrx_word' id='word_1_102' title='bbox 708 1541 1027 1613; x_wconf 83' lang='grc' dir='ltr'>Ἀρειανῶν,</span> <span class='ocrx_word' id='word_1_103' title='bbox 1085 1541 1254 1617; x_wconf 72' lang='grc' dir='ltr'>ἤγουν</span> <span class='ocrx_word' id='word_1_104' title='bbox 1323 1538 1694 1610; x_wconf 70' lang='grc' dir='ltr'>Εὖνομιανῶνο</span> <span class='ocrx_word' id='word_1_105' title='bbox 1774 1559 1792 1590; x_wconf 83' lang='grc' dir='ltr'><strong>ι</strong></span> <span class='ocrx_word' id='word_1_106' title='bbox 1818 1540 1880 1592; x_wconf 83' lang='lat' dir='ltr'><strong>Ei</strong></span> 
     </span>
    </p>
   </div>
   <div class='ocr_carea' id='block_1_19' title="bbox 303 1630 1881 1704">
    <p class='ocr_par' dir='ltr' id='par_1_19' title="bbox 303 1630 1881 1704">
     <span class='ocr_line' id='line_1_19' title="bbox 303 1630 1881 1704; baseline -0.001 -19"><span class='ocrx_word' id='word_1_107' title='bbox 303 1631 461 1700; x_wconf 82' lang='grc' dir='ltr'>φύσει</span> <span class='ocrx_word' id='word_1_108' title='bbox 493 1634 664 1698; x_wconf 77' lang='grc' dir='ltr'>αἴτιος</span> <span class='ocrx_word' id='word_1_109' title='bbox 693 1635 722 1686; x_wconf 83' lang='grc' dir='ltr'><strong>ὁ</strong></span> <span class='ocrx_word' id='word_1_110' title='bbox 756 1632 944 1704; x_wconf 81' lang='grc' dir='ltr'>Πατὴρ</span> <span class='ocrx_word' id='word_1_111' title='bbox 977 1630 1072 1684; x_wconf 81' lang='grc' dir='ltr'><strong>τοῦ</strong></span> <span class='ocrx_word' id='word_1_112' title='bbox 1101 1630 1255 1694; x_wconf 79' lang='grc' dir='ltr'><strong>Υἱοῦ,</strong></span> <span class='ocrx_word' id='word_1_113' title='bbox 1291 1631 1491 1701; x_wconf 78' lang='grc' dir='ltr'>μείζων</span> <span class='ocrx_word' id='word_1_114' title='bbox 1533 1631 1590 1686; x_wconf 79' lang='grc' dir='ltr'>δὲ</span> <span class='ocrx_word' id='word_1_115' title='bbox 1628 1633 1658 1686; x_wconf 81' lang='grc' dir='ltr'><strong>ὁ</strong></span> <span class='ocrx_word' id='word_1_116' title='bbox 1692 1630 1881 1702; x_wconf 81' lang='grc' dir='ltr'>Πατὴρ</span> 
     </span>
    </p>
   </div>
   <div class='ocr_carea' id='block_1_20' title="bbox 300 1720 1874 1794">
    <p class='ocr_par' dir='ltr' id='par_1_20' title="bbox 300 1720 1874 1794">
     <span class='ocr_line' id='line_1_20' title="bbox 300 1720 1874 1794; baseline 0 -18"><span class='ocrx_word' id='word_1_117' title='bbox 300 1723 395 1777; x_wconf 82' lang='grc' dir='ltr'>τοῦ</span> <span class='ocrx_word' id='word_1_118' title='bbox 431 1720 586 1789; x_wconf 84' lang='grc' dir='ltr'>Υἱοῦ,</span> <span class='ocrx_word' id='word_1_119' title='bbox 619 1723 819 1794; x_wconf 74' lang='grc' dir='ltr'>μείζων</span> <span class='ocrx_word' id='word_1_120' title='bbox 840 1723 948 1790; x_wconf 73' lang='grc' dir='ltr'>ἄρα</span> <span class='ocrx_word' id='word_1_121' title='bbox 981 1724 1046 1794; x_wconf 78' lang='grc' dir='ltr'>τῇ</span> <span class='ocrx_word' id='word_1_122' title='bbox 1071 1721 1231 1792; x_wconf 81' lang='grc' dir='ltr'>φύσει</span> <span class='ocrx_word' id='word_1_123' title='bbox 1269 1723 1296 1774; x_wconf 86' lang='grc' dir='ltr'>ὁ</span> <span class='ocrx_word' id='word_1_124' title='bbox 1325 1723 1516 1793; x_wconf 82' lang='grc' dir='ltr'>Πατὴρ</span> <span class='ocrx_word' id='word_1_125' title='bbox 1543 1721 1637 1776; x_wconf 80' lang='grc' dir='ltr'><strong>τοῦ</strong></span> <span class='ocrx_word' id='word_1_126' title='bbox 1671 1721 1822 1776; x_wconf 79' lang='grc' dir='ltr'><strong>Υίοῦ.</strong></span> <span class='ocrx_word' id='word_1_127' title='bbox 1855 1741 1874 1775; x_wconf 73' lang='grc' dir='ltr'>ι</span> 
     </span>
    </p>
   </div>
   <div class='ocr_carea' id='block_1_21' title="bbox 315 1812 1880 1884">
    <p class='ocr_par' dir='ltr' id='par_1_21' title="bbox 315 1812 1880 1884">
     <span class='ocr_line' id='line_1_21' title="bbox 315 1812 1880 1884; baseline 0.001 -18"><span class='ocrx_word' id='word_1_128' title='bbox 315 1813 589 1877; x_wconf 81' lang='grc' dir='ltr'>Ἐπίλυσις</span> <span class='ocrx_word' id='word_1_129' title='bbox 631 1813 726 1867; x_wconf 75' lang='grc' dir='ltr'><strong>τοῦ</strong></span> <span class='ocrx_word' id='word_1_130' title='bbox 779 1814 938 1882; x_wconf 82' lang='grc' dir='ltr'>ἁγίου</span> <span class='ocrx_word' id='word_1_131' title='bbox 976 1813 1186 1883; x_wconf 72' lang='grc' dir='ltr'>Πατρδς</span> <span class='ocrx_word' id='word_1_132' title='bbox 1227 1813 1385 1884; x_wconf 80' lang='grc' dir='ltr'>ἡμῶν</span> <span class='ocrx_word' id='word_1_133' title='bbox 1451 1813 1488 1865; x_wconf 83' lang='grc' dir='ltr'><strong><em>Γ</em></strong></span> <span class='ocrx_word' id='word_1_134' title='bbox 1493 1813 1756 1884; x_wconf 83' lang='grc' dir='ltr'>ρηγορίου</span> <span class='ocrx_word' id='word_1_135' title='bbox 1791 1812 1880 1868; x_wconf 83' lang='grc' dir='ltr'>διὰ</span> 
     </span>
    </p>
   </div>
   <div class='ocr_carea' id='block_1_22' title="bbox 301 1903 1892 1976">
    <p class='ocr_par' dir='ltr' id='par_1_22' title="bbox 301 1903 1892 1976">
     <span class='ocr_line' id='line_1_22' title="bbox 301 1903 1892 1976; baseline 0.001 -20"><span class='ocrx_word' id='word_1_136' title='bbox 301 1907 400 1975; x_wconf 81' lang='grc' dir='ltr'>τῆς</span> <span class='ocrx_word' id='word_1_137' title='bbox 425 1907 502 1968; x_wconf 81' lang='grc' dir='ltr'><strong>εἰς</strong></span> <span class='ocrx_word' id='word_1_138' title='bbox 532 1905 732 1958; x_wconf 80' lang='grc' dir='ltr'>ἄτοπον</span> <span class='ocrx_word' id='word_1_139' title='bbox 759 1905 1064 1975; x_wconf 79' lang='grc' dir='ltr'><strong>ἀπαγωγῆς</strong></span> <span class='ocrx_word' id='word_1_140' title='bbox 1104 1903 1530 1976; x_wconf 76' lang='grc' dir='ltr'>περιτρέποντος</span> <span class='ocrx_word' id='word_1_141' title='bbox 1561 1905 1686 1967; x_wconf 80' lang='grc' dir='ltr'>τοὺς</span> <span class='ocrx_word' id='word_1_142' title='bbox 1721 1905 1892 1969; x_wconf 53' lang='grc' dir='ltr'>ὲναντ</span> 
     </span>
    </p>
   </div>
   <div class='ocr_carea' id='block_1_23' title="bbox 301 1993 1876 2068">
    <p class='ocr_par' dir='ltr' id='par_1_23' title="bbox 301 1993 1876 2068">
     <span class='ocr_line' id='line_1_23' title="bbox 301 1993 1876 2068; baseline 0 -22"><span class='ocrx_word' id='word_1_143' title='bbox 301 1994 471 2058; x_wconf 82' lang='grc' dir='ltr'>τίους·</span> <span class='ocrx_word' id='word_1_144' title='bbox 498 2013 516 2046; x_wconf 82' lang='grc' dir='ltr'><strong>ι</strong></span> <span class='ocrx_word' id='word_1_145' title='bbox 536 1995 599 2046; x_wconf 79' lang='lat' dir='ltr'><strong>Ei</strong></span> <span class='ocrx_word' id='word_1_146' title='bbox 616 1995 777 2064; x_wconf 83' lang='grc' dir='ltr'>φύσει</span> <span class='ocrx_word' id='word_1_147' title='bbox 799 1995 1001 2066; x_wconf 77' lang='grc' dir='ltr'>μείζων</span> <span class='ocrx_word' id='word_1_148' title='bbox 1027 1993 1152 2048; x_wconf 75' lang='grc' dir='ltr'>καθ’</span> <span class='ocrx_word' id='word_1_149' title='bbox 1169 1995 1315 2063; x_wconf 72' lang='grc' dir='ltr'>ὑμᾶς</span> <span class='ocrx_word' id='word_1_150' title='bbox 1336 1996 1364 2048; x_wconf 84' lang='grc' dir='ltr'>ὁ</span> <span class='ocrx_word' id='word_1_151' title='bbox 1388 1994 1579 2068; x_wconf 77' lang='grc' dir='ltr'>Πατὴρ</span> <span class='ocrx_word' id='word_1_152' title='bbox 1605 1993 1700 2049; x_wconf 82' lang='grc' dir='ltr'><strong>τοῦ</strong></span> <span class='ocrx_word' id='word_1_153' title='bbox 1725 1994 1876 2058; x_wconf 85' lang='grc' dir='ltr'>Υίοῠ,</span> 
     </span>
    </p>
   </div>
   <div class='ocr_carea' id='block_1_24' title="bbox 301 2083 1880 2156">
    <p class='ocr_par' dir='ltr' id='par_1_24' title="bbox 301 2083 1880 2156">
     <span class='ocr_line' id='line_1_24' title="bbox 301 2083 1880 2156; baseline 0.003 -22"><span class='ocrx_word' id='word_1_154' title='bbox 301 2083 362 2134; x_wconf 77' lang='grc' dir='ltr'>τὸ</span> <span class='ocrx_word' id='word_1_155' title='bbox 391 2083 446 2136; x_wconf 83' lang='grc' dir='ltr'>δὲ</span> <span class='ocrx_word' id='word_1_156' title='bbox 487 2085 738 2153; x_wconf 73' lang='grc' dir='ltr'>φύσει,ού</span> <span class='ocrx_word' id='word_1_157' title='bbox 782 2086 996 2148; x_wconf 78' lang='grc' dir='ltr'>πάντως</span> <span class='ocrx_word' id='word_1_158' title='bbox 1035 2083 1298 2156; x_wconf 78' lang='grc' dir='ltr'>μείζωνῆ</span> <span class='ocrx_word' id='word_1_159' title='bbox 1335 2084 1549 2155; x_wconf 83' lang='grc' dir='ltr'>Πατὴρ,</span> <span class='ocrx_word' id='word_1_160' title='bbox 1603 2085 1666 2138; x_wconf 80' lang='grc' dir='ltr'>τὸ</span> <span class='ocrx_word' id='word_1_161' title='bbox 1694 2086 1880 2154; x_wconf 75' lang='grc' dir='ltr'>μεῖζον</span> 
     </span>
    </p>
   </div>
   <div class='ocr_carea' id='block_1_25' title="bbox 301 2171 1873 2244">
    <p class='ocr_par' dir='ltr' id='par_1_25' title="bbox 301 2171 1873 2244">
     <span class='ocr_line' id='line_1_25' title="bbox 301 2171 1873 2244; baseline -0.002 -18"><span class='ocrx_word' id='word_1_162' title='bbox 301 2171 408 2243; x_wconf 76' lang='grc' dir='ltr'><strong>ἄρα</strong></span> <span class='ocrx_word' id='word_1_163' title='bbox 423 2173 484 2226; x_wconf 79' lang='grc' dir='ltr'><strong>ού</strong></span> <span class='ocrx_word' id='word_1_164' title='bbox 506 2173 720 2238; x_wconf 80' lang='grc' dir='ltr'>πάντως</span> <span class='ocrx_word' id='word_1_165' title='bbox 755 2174 961 2244; x_wconf 77' lang='grc' dir='ltr'>μεῖζον,</span> <span class='ocrx_word' id='word_1_166' title='bbox 991 2173 1072 2242; x_wconf 75' lang='grc' dir='ltr'>ἢὸ</span> <span class='ocrx_word' id='word_1_167' title='bbox 1095 2171 1283 2242; x_wconf 78' lang='grc' dir='ltr'>Πατὴρ</span> <span class='ocrx_word' id='word_1_168' title='bbox 1303 2172 1362 2224; x_wconf 84' lang='grc' dir='ltr'><strong>ού</strong></span> <span class='ocrx_word' id='word_1_169' title='bbox 1386 2172 1602 2234; x_wconf 87' lang='grc' dir='ltr'>πάντως</span> <span class='ocrx_word' id='word_1_170' title='bbox 1619 2171 1826 2242; x_wconf 82' lang='grc' dir='ltr'>Πατήρ.</span> <span class='ocrx_word' id='word_1_171' title='bbox 1853 2189 1873 2224; x_wconf 70' lang='grc' dir='ltr'>ι</span> 
     </span>
    </p>
   </div>
   <div class='ocr_carea' id='block_1_26' title="bbox 369 2347 1862 2422">
    <p class='ocr_par' dir='ltr' id='par_1_26' title="bbox 369 2347 1862 2422">
     <span class='ocr_line' id='line_1_26' title="bbox 369 2347 1862 2422; baseline -0.004 -17"><span class='ocrx_word' id='word_1_172' title='bbox 369 2349 526 2406; x_wconf 78' lang='grc' dir='ltr'>Οὕτω</span> <span class='ocrx_word' id='word_1_173' title='bbox 555 2353 977 2422; x_wconf 79' lang='grc' dir='ltr'>περιτρέπονται</span> <span class='ocrx_word' id='word_1_174' title='bbox 1006 2351 1118 2415; x_wconf 84' lang='grc' dir='ltr'>τοῖς</span> <span class='ocrx_word' id='word_1_175' title='bbox 1162 2349 1384 2412; x_wconf 76' lang='grc' dir='ltr'>οἰκείοις</span> <span class='ocrx_word' id='word_1_176' title='bbox 1425 2347 1730 2412; x_wconf 77' lang='grc' dir='ltr'>ἐαλωκότες</span> <span class='ocrx_word' id='word_1_177' title='bbox 1766 2363 1862 2418; x_wconf 79' lang='grc' dir='ltr'><strong>μηο</strong></span> 
     </span>
    </p>
   </div>
   <div class='ocr_carea' id='block_1_27' title="bbox 299 2441 1878 2514">
    <p class='ocr_par' dir='ltr' id='par_1_27' title="bbox 299 2441 1878 2514">
     <span class='ocr_line' id='line_1_27' title="bbox 299 2441 1878 2514; baseline -0.002 -18"><span class='ocrx_word' id='word_1_178' title='bbox 299 2445 612 2514; x_wconf 82' lang='grc' dir='ltr'>χανήμασιν</span> <span class='ocrx_word' id='word_1_179' title='bbox 665 2445 713 2496; x_wconf 82' lang='grc' dir='ltr'>οἱ</span> <span class='ocrx_word' id='word_1_180' title='bbox 769 2443 868 2512; x_wconf 76' lang='grc' dir='ltr'>τὴν</span> <span class='ocrx_word' id='word_1_181' title='bbox 914 2441 1177 2512; x_wconf 86' lang='grc' dir='ltr'>ἀλήθειαν</span> <span class='ocrx_word' id='word_1_182' title='bbox 1227 2441 1675 2511; x_wconf 82' lang='grc' dir='ltr'>άπαναινόμενοι,</span> <span class='ocrx_word' id='word_1_183' title='bbox 1730 2441 1878 2494; x_wconf 80' lang='grc' dir='ltr'>κενοὶ</span> 
     </span>
    </p>
   </div>
   <div class='ocr_carea' id='block_1_28' title="bbox 303 2532 1877 2606">
    <p class='ocr_par' dir='ltr' id='par_1_28' title="bbox 303 2532 1877 2606">
     <span class='ocr_line' id='line_1_28' title="bbox 303 2532 1877 2606; baseline -0.002 -16"><span class='ocrx_word' id='word_1_184' title='bbox 303 2536 473 2600; x_wconf 83' lang='grc' dir='ltr'>κενῶς</span> <span class='ocrx_word' id='word_1_185' title='bbox 504 2537 605 2606; x_wconf 86' lang='grc' dir='ltr'>τῆς</span> <span class='ocrx_word' id='word_1_186' title='bbox 642 2535 926 2599; x_wconf 81' lang='grc' dir='ltr'>εὐσεϐείας</span> <span class='ocrx_word' id='word_1_187' title='bbox 969 2532 1404 2604; x_wconf 83' lang='grc' dir='ltr'>ὲκτιναχθέντες.</span> <span class='ocrx_word' id='word_1_188' title='bbox 1453 2533 1581 2587; x_wconf 68' lang='grc' dir='ltr'><strong>Ἐπὶ</strong></span> <span class='ocrx_word' id='word_1_189' title='bbox 1615 2534 1723 2604; x_wconf 74' lang='grc' dir='ltr'>γὰρ</span> <span class='ocrx_word' id='word_1_190' title='bbox 1770 2535 1877 2588; x_wconf 77' lang='grc' dir='ltr'><strong>τῶν</strong></span> 
     </span>
    </p>
   </div>
   <div class='ocr_carea' id='block_1_29' title="bbox 300 2623 1876 2695">
    <p class='ocr_par' dir='ltr' id='par_1_29' title="bbox 300 2623 1876 2695">
     <span class='ocr_line' id='line_1_29' title="bbox 300 2623 1876 2695; baseline -0.003 -15"><span class='ocrx_word' id='word_1_191' title='bbox 300 2627 557 2684; x_wconf 85' lang='grc' dir='ltr'>τοιούτων</span> <span class='ocrx_word' id='word_1_192' title='bbox 601 2627 775 2695; x_wconf 86' lang='grc' dir='ltr'>λόγων</span> <span class='ocrx_word' id='word_1_193' title='bbox 801 2625 872 2679; x_wconf 82' lang='grc' dir='ltr'>τὰ</span> <span class='ocrx_word' id='word_1_194' title='bbox 912 2623 1361 2695; x_wconf 87' lang='grc' dir='ltr'>συμπεράσματα</span> <span class='ocrx_word' id='word_1_195' title='bbox 1404 2623 1512 2676; x_wconf 89' lang='grc' dir='ltr'><strong>τῶν</strong></span> <span class='ocrx_word' id='word_1_196' title='bbox 1557 2623 1876 2694; x_wconf 75' lang='grc' dir='ltr'>προτάσεων</span> 
     </span>
    </p>
   </div>
   <div class='ocr_carea' id='block_1_30' title="bbox 299 2714 1876 2786">
    <p class='ocr_par' dir='ltr' id='par_1_30' title="bbox 299 2714 1876 2786">
     <span class='ocr_line' id='line_1_30' title="bbox 299 2714 1876 2786; baseline -0.003 -15"><span class='ocrx_word' id='word_1_197' title='bbox 299 2721 404 2772; x_wconf 81' lang='grc' dir='ltr'>εἱσι</span> <span class='ocrx_word' id='word_1_198' title='bbox 433 2717 879 2782; x_wconf 78' lang='grc' dir='ltr'>συστατικὰ,’τῶν</span> <span class='ocrx_word' id='word_1_199' title='bbox 901 2715 958 2770; x_wconf 82' lang='grc' dir='ltr'>δὲ</span> <span class='ocrx_word' id='word_1_200' title='bbox 980 2715 1472 2786; x_wconf 79' lang='grc' dir='ltr'>συμπερασμάτων</span> <span class='ocrx_word' id='word_1_201' title='bbox 1498 2716 1552 2767; x_wconf 86' lang='grc' dir='ltr'>αἱ</span> <span class='ocrx_word' id='word_1_202' title='bbox 1584 2714 1876 2786; x_wconf 78' lang='grc' dir='ltr'>προτάσεις</span> 
     </span>
    </p>
   </div>
   <div class='ocr_carea' id='block_1_31' title="bbox 298 2802 1874 2878">
    <p class='ocr_par' dir='ltr' id='par_1_31' title="bbox 298 2802 1874 2878">
     <span class='ocr_line' id='line_1_31' title="bbox 298 2802 1874 2878; baseline -0.001 -19"><span class='ocrx_word' id='word_1_203' title='bbox 298 2807 632 2878; x_wconf 81' lang='grc' dir='ltr'>ὑπάρχουσιν</span> <span class='ocrx_word' id='word_1_204' title='bbox 670 2805 966 2877; x_wconf 75' lang='grc' dir='ltr'>ὁριστικαὶ,</span> <span class='ocrx_word' id='word_1_205' title='bbox 1011 2802 1094 2868; x_wconf 75' lang='grc' dir='ltr'>οἷς</span> <span class='ocrx_word' id='word_1_206' title='bbox 1124 2805 1612 2874; x_wconf 85' lang='grc' dir='ltr'>περιπεπτώκασιν</span> <span class='ocrx_word' id='word_1_207' title='bbox 1648 2805 1712 2859; x_wconf 81' lang='grc' dir='ltr'>ἐκ</span> <span class='ocrx_word' id='word_1_208' title='bbox 1745 2805 1874 2858; x_wconf 81' lang='grc' dir='ltr'>πολ-</span> 
     </span>
    </p>
   </div>
   <div class='ocr_carea' id='block_1_32' title="bbox 297 2895 1520 2968">
    <p class='ocr_par' dir='ltr' id='par_1_32' title="bbox 297 2895 1520 2968">
     <span class='ocr_line' id='line_1_32' title="bbox 297 2895 1520 2968; baseline 0 -18"><span class='ocrx_word' id='word_1_209' title='bbox 297 2898 393 2968; x_wconf 81' lang='grc' dir='ltr'>λῆς</span> <span class='ocrx_word' id='word_1_210' title='bbox 426 2898 668 2968; x_wconf 75' lang='grc' dir='ltr'>ἀμαθίας</span> <span class='ocrx_word' id='word_1_211' title='bbox 701 2897 750 2949; x_wconf 72' lang='grc' dir='ltr'><strong>εί</strong></span> <span class='ocrx_word' id='word_1_212' title='bbox 772 2897 996 2961; x_wconf 79' lang='grc' dir='ltr'>ἑαυτοὺς</span> <span class='ocrx_word' id='word_1_213' title='bbox 1025 2897 1266 2966; x_wconf 77' lang='grc' dir='ltr'>οἰόμενοι</span> <span class='ocrx_word' id='word_1_214' title='bbox 1300 2895 1520 2964; x_wconf 85' lang='grc' dir='ltr'>σοφούς.</span> 
     </span>
    </p>
   </div>
   <div class='ocr_carea' id='block_1_33' title="bbox 1983 446 3560 520">
    <p class='ocr_par' dir='ltr' id='par_1_33' title="bbox 1983 446 3560 520">
     <span class='ocr_line' id='line_1_33' title="bbox 1983 446 3560 520; baseline 0.007 -20"><span class='ocrx_word' id='word_1_215' title='bbox 1983 449 2104 519; x_wconf 69' lang='lat' dir='ltr'><strong>ejus</strong></span> <span class='ocrx_word' id='word_1_216' title='bbox 2126 447 2506 503; x_wconf 82' lang='lat' dir='ltr'><strong>deﬁnitionem</strong></span> <span class='ocrx_word' id='word_1_217' title='bbox 2535 446 2846 503; x_wconf 72' lang='lat' dir='ltr'><strong>admittere.</strong></span> <span class='ocrx_word' id='word_1_218' title='bbox 2884 449 3092 504; x_wconf 84' lang='lat' dir='ltr'><strong>Deinde</strong></span> <span class='ocrx_word' id='word_1_219' title='bbox 3131 451 3439 520; x_wconf 76' lang='lat' dir='ltr'><strong>sapientius</strong></span> <span class='ocrx_word' id='word_1_220' title='bbox 3459 455 3560 510; x_wconf 88' lang='lat' dir='ltr'><strong>ad-</strong></span> 
     </span>
    </p>
   </div>
   <div class='ocr_carea' id='block_1_34' title="bbox 1978 536 3556 610">
    <p class='ocr_par' dir='ltr' id='par_1_34' title="bbox 1978 536 3556 610">
     <span class='ocr_line' id='line_1_34' title="bbox 1978 536 3556 610; baseline 0.006 -21"><span class='ocrx_word' id='word_1_221' title='bbox 1978 536 2172 606; x_wconf 88' lang='lat' dir='ltr'><strong>juncto</strong></span> <span class='ocrx_word' id='word_1_222' title='bbox 2204 537 2286 591; x_wconf 90' lang='lat' dir='ltr'><strong>eis</strong></span> <span class='ocrx_word' id='word_1_223' title='bbox 2314 552 2381 591; x_wconf 81' lang='lat' dir='ltr'><strong>ex</strong></span> <span class='ocrx_word' id='word_1_224' title='bbox 2409 536 2788 606; x_wconf 81' lang='lat' dir='ltr'><strong>propositione</strong></span> <span class='ocrx_word' id='word_1_225' title='bbox 2815 536 3061 608; x_wconf 91' lang='lat' dir='ltr'><strong>ipsorum</strong></span> <span class='ocrx_word' id='word_1_226' title='bbox 3086 539 3402 610; x_wconf 82' lang='lat' dir='ltr'><strong>syllogismo</strong></span> <span class='ocrx_word' id='word_1_227' title='bbox 3455 558 3556 598; x_wconf 91' lang='lat' dir='ltr'><strong>suo</strong></span> 
     </span>
    </p>
   </div>
   <div class='ocr_carea' id='block_1_35' title="bbox 1985 630 3555 702">
    <p class='ocr_par' dir='ltr' id='par_1_35' title="bbox 1985 630 3555 702">
     <span class='ocr_line' id='line_1_35' title="bbox 1985 630 3555 702; baseline 0.006 -19"><span class='ocrx_word' id='word_1_228' title='bbox 1985 631 2230 700; x_wconf 79' lang='lat' dir='ltr'><strong>ipsorum</strong></span> <span class='ocrx_word' id='word_1_229' title='bbox 2289 646 2386 686; x_wconf 84' lang='lat' dir='ltr'><strong>eos</strong></span> <span class='ocrx_word' id='word_1_230' title='bbox 2433 630 2615 702; x_wconf 88' lang='lat' dir='ltr'><strong>gladio</strong></span> <span class='ocrx_word' id='word_1_231' title='bbox 2647 631 2884 702; x_wconf 78' lang='lat' dir='ltr'><strong>jugulat.</strong></span> <span class='ocrx_word' id='word_1_232' title='bbox 2918 632 3050 699; x_wconf 80' lang='lat' dir='ltr'><strong>Quae</strong></span> <span class='ocrx_word' id='word_1_233' title='bbox 3097 633 3171 688; x_wconf 85' lang='lat' dir='ltr'><strong>ita</strong></span> <span class='ocrx_word' id='word_1_234' title='bbox 3197 649 3262 689; x_wconf 87' lang='lat' dir='ltr'><strong>se</strong></span> <span class='ocrx_word' id='word_1_235' title='bbox 3310 635 3555 692; x_wconf 80' lang='lat' dir='ltr'><strong>habent:</strong></span> 
     </span>
    </p>
   </div>
   <div class='ocr_carea' id='block_1_36' title="bbox 1991 722 3564 794">
    <p class='ocr_par' dir='ltr' id='par_1_36' title="bbox 1991 722 3564 794">
     <span class='ocr_line' id='line_1_36' title="bbox 1991 722 3564 794; baseline 0.004 -20"><span class='ocrx_word' id='word_1_236' title='bbox 1991 722 2243 792; x_wconf 69' lang='lat' dir='ltr'><strong>«Alioqui</strong></span> <span class='ocrx_word' id='word_1_237' title='bbox 2273 722 2404 792; x_wconf 91' lang='lat' dir='ltr'><strong>quid</strong></span> <span class='ocrx_word' id='word_1_238' title='bbox 2434 723 2693 792; x_wconf 87' lang='lat' dir='ltr'><strong>prohibet</strong></span> <span class='ocrx_word' id='word_1_239' title='bbox 2729 723 3026 792; x_wconf 87' lang='lat' dir='ltr'><strong>quominus</strong></span> <span class='ocrx_word' id='word_1_240' title='bbox 3070 723 3185 794; x_wconf 89' lang='lat' dir='ltr'><strong>ipse</strong></span> <span class='ocrx_word' id='word_1_241' title='bbox 3214 739 3434 794; x_wconf 88' lang='lat' dir='ltr'><strong>quoque</strong></span> <span class='ocrx_word' id='word_1_242' title='bbox 3481 727 3564 782; x_wconf 47' lang='lat' dir='ltr'><strong>al:</strong></span> 
     </span>
    </p>
   </div>
   <div class='ocr_carea' id='block_1_37' title="bbox 1983 810 3560 884">
    <p class='ocr_par' dir='ltr' id='par_1_37' title="bbox 1983 810 3560 884">
     <span class='ocr_line' id='line_1_37' title="bbox 1983 810 3560 884; baseline 0.005 -20"><span class='ocrx_word' id='word_1_243' title='bbox 1983 810 2091 864; x_wconf 89' lang='lat' dir='ltr'><strong>lata</strong></span> <span class='ocrx_word' id='word_1_244' title='bbox 2123 811 2227 866; x_wconf 87' lang='lat' dir='ltr'><strong>hac</strong></span> <span class='ocrx_word' id='word_1_245' title='bbox 2258 811 2635 882; x_wconf 80' lang='lat' dir='ltr'><strong>propositione</strong></span> <span class='ocrx_word' id='word_1_246' title='bbox 2663 829 2675 865; x_wconf 93' lang='lat'><strong>:</strong></span> <span class='ocrx_word' id='word_1_247' title='bbox 2709 811 2872 868; x_wconf 89' lang='lat' dir='ltr'><strong>Pater</strong></span> <span class='ocrx_word' id='word_1_248' title='bbox 2915 814 3089 884; x_wconf 85' lang='lat' dir='ltr'><strong>major</strong></span> <span class='ocrx_word' id='word_1_249' title='bbox 3120 823 3319 870; x_wconf 89' lang='lat' dir='ltr'><strong>natura</strong></span> <span class='ocrx_word' id='word_1_250' title='bbox 3347 825 3452 882; x_wconf 90' lang='lat' dir='ltr'><strong>est,</strong></span> <span class='ocrx_word' id='word_1_251' title='bbox 3495 833 3560 872; x_wconf 92' lang='lat' dir='ltr'><strong>ac</strong></span> 
     </span>
    </p>
   </div>
   <div class='ocr_carea' id='block_1_38' title="bbox 1984 899 3558 971">
    <p class='ocr_par' dir='ltr' id='par_1_38' title="bbox 1984 899 3558 971">
     <span class='ocr_line' id='line_1_38' title="bbox 1984 899 3558 971; baseline 0.006 -19"><span class='ocrx_word' id='word_1_252' title='bbox 1984 899 2182 955; x_wconf 88' lang='lat' dir='ltr'><strong>deinde</strong></span> <span class='ocrx_word' id='word_1_253' title='bbox 2215 909 2495 971; x_wconf 85' lang='lat' dir='ltr'><strong>assumpta</strong></span> <span class='ocrx_word' id='word_1_254' title='bbox 2517 902 2710 966; x_wconf 90' lang='lat' dir='ltr'><strong>altera,</strong></span> <span class='ocrx_word' id='word_1_255' title='bbox 2745 901 2950 958; x_wconf 88' lang='lat' dir='ltr'><strong>Natura</strong></span> <span class='ocrx_word' id='word_1_256' title='bbox 2975 911 3160 960; x_wconf 88' lang='lat' dir='ltr'><strong>autem</strong></span> <span class='ocrx_word' id='word_1_257' title='bbox 3193 903 3419 962; x_wconf 79' lang='lat' dir='ltr'><strong>omnino</strong></span> <span class='ocrx_word' id='word_1_258' title='bbox 3447 923 3558 962; x_wconf 89' lang='lat' dir='ltr'><strong>non</strong></span> 
     </span>
    </p>
   </div>
   <div class='ocr_carea' id='block_1_39' title="bbox 1985 987 3560 1068">
    <p class='ocr_par' dir='ltr' id='par_1_39' title="bbox 1985 987 3560 1068">
     <span class='ocr_line' id='line_1_39' title="bbox 1985 987 3560 1068; baseline 0.008 -29"><span class='ocrx_word' id='word_1_259' title='bbox 1985 987 2176 1057; x_wconf 90' lang='lat' dir='ltr'><strong>major,</strong></span> <span class='ocrx_word' id='word_1_260' title='bbox 2207 1001 2307 1042; x_wconf 90' lang='lat' dir='ltr'><strong>nec</strong></span> <span class='ocrx_word' id='word_1_261' title='bbox 2326 987 2520 1055; x_wconf 88' lang='lat' dir='ltr'><strong>Pater;</strong></span> <span class='ocrx_word' id='word_1_262' title='bbox 2549 989 2623 1042; x_wconf 92' lang='lat' dir='ltr'><strong>ita</strong></span> <span class='ocrx_word' id='word_1_263' title='bbox 2658 1001 2937 1058; x_wconf 89' lang='lat' dir='ltr'><strong>postremo</strong></span> <span class='ocrx_word' id='word_1_264' title='bbox 2989 993 3351 1048; x_wconf 88' lang='lat' dir='ltr'><strong>concludam:</strong></span> <span class='ocrx_word' id='word_1_265' title='bbox 3388 996 3560 1068; x_wconf 82' lang='lat' dir='ltr'><strong>Majas</strong></span> 
     </span>
    </p>
   </div>
   <div class='ocr_carea' id='block_1_40' title="bbox 1985 1076 3559 1151">
    <p class='ocr_par' dir='ltr' id='par_1_40' title="bbox 1985 1076 3559 1151">
     <span class='ocr_line' id='line_1_40' title="bbox 1985 1076 3559 1151; baseline 0.008 -22"><span class='ocrx_word' id='word_1_266' title='bbox 1985 1076 2038 1146; x_wconf 78' lang='lat' dir='ltr'><strong>ig</strong></span> <span class='ocrx_word' id='word_1_267' title='bbox 2065 1085 2154 1131; x_wconf 73' lang='lat' dir='ltr'><strong>tur</strong></span> <span class='ocrx_word' id='word_1_268' title='bbox 2187 1079 2415 1134; x_wconf 86' lang='lat' dir='ltr'><strong>omnino</strong></span> <span class='ocrx_word' id='word_1_269' title='bbox 2435 1094 2544 1134; x_wconf 92' lang='lat' dir='ltr'><strong>non</strong></span> <span class='ocrx_word' id='word_1_270' title='bbox 2573 1081 2771 1151; x_wconf 89' lang='lat' dir='ltr'><strong>majus,</strong></span> <span class='ocrx_word' id='word_1_271' title='bbox 2799 1082 2908 1146; x_wconf 83' lang='lat' dir='ltr'><strong>vel,</strong></span> <span class='ocrx_word' id='word_1_272' title='bbox 2958 1083 3120 1138; x_wconf 89' lang='lat' dir='ltr'><strong>Pater</strong></span> <span class='ocrx_word' id='word_1_273' title='bbox 3167 1086 3395 1141; x_wconf 88' lang='lat' dir='ltr'><strong>omnino</strong></span> <span class='ocrx_word' id='word_1_274' title='bbox 3445 1103 3559 1142; x_wconf 87' lang='lat' dir='ltr'><strong>non</strong></span> 
     </span>
    </p>
   </div>
   <div class='ocr_carea' id='block_1_41' title="bbox 1985 1166 3559 1244">
    <p class='ocr_par' dir='ltr' id='par_1_41' title="bbox 1985 1166 3559 1244">
     <span class='ocr_line' id='line_1_41' title="bbox 1985 1166 3559 1244; baseline 0.007 -24"><span class='ocrx_word' id='word_1_275' title='bbox 1985 1166 2166 1220; x_wconf 80' lang='lat' dir='ltr'><strong>Pa¢er.</strong></span> <span class='ocrx_word' id='word_1_276' title='bbox 2194 1185 2211 1218; x_wconf 73' lang='grc' dir='ltr'>ι</span> <span class='ocrx_word' id='word_1_277' title='bbox 2252 1167 2456 1223; x_wconf 73' lang='lat' dir='ltr'><strong>Verum</strong></span> <span class='ocrx_word' id='word_1_278' title='bbox 2478 1184 2588 1240; x_wconf 93' lang='lat' dir='ltr'><strong>quo</strong></span> <span class='ocrx_word' id='word_1_279' title='bbox 2613 1170 2788 1240; x_wconf 89' lang='lat' dir='ltr'><strong>magis</strong></span> <span class='ocrx_word' id='word_1_280' title='bbox 2815 1171 2976 1226; x_wconf 91' lang='lat' dir='ltr'><strong>nobis</strong></span> <span class='ocrx_word' id='word_1_281' title='bbox 3011 1171 3105 1227; x_wconf 85' lang='lat' dir='ltr'><strong>ﬁat</strong></span> <span class='ocrx_word' id='word_1_282' title='bbox 3122 1176 3474 1244; x_wconf 89' lang='lat' dir='ltr'><strong>perspicuum</strong></span> <span class='ocrx_word' id='word_1_283' title='bbox 3503 1186 3559 1233; x_wconf 88' lang='lat' dir='ltr'><strong>et</strong></span> 
     </span>
    </p>
   </div>
   <div class='ocr_carea' id='block_1_42' title="bbox 1982 1260 3561 1334">
    <p class='ocr_par' dir='ltr' id='par_1_42' title="bbox 1982 1260 3561 1334">
     <span class='ocr_line' id='line_1_42' title="bbox 1982 1260 3561 1334; baseline 0.007 -23"><span class='ocrx_word' id='word_1_284' title='bbox 1982 1269 2447 1324; x_wconf 85' lang='lat' dir='ltr'><strong>consummatum,</strong></span> <span class='ocrx_word' id='word_1_285' title='bbox 2478 1276 2596 1330; x_wconf 84' lang='lat' dir='ltr'><strong>age,</strong></span> <span class='ocrx_word' id='word_1_286' title='bbox 2629 1260 2684 1314; x_wconf 94' lang='lat' dir='ltr'><strong>in</strong></span> <span class='ocrx_word' id='word_1_287' title='bbox 2717 1262 3034 1329; x_wconf 84' lang='lat' dir='ltr'><strong>formulam,</strong></span> <span class='ocrx_word' id='word_1_288' title='bbox 3081 1265 3127 1317; x_wconf 89' lang='lat' dir='ltr'><strong>si</strong></span> <span class='ocrx_word' id='word_1_289' title='bbox 3187 1264 3387 1334; x_wconf 89' lang='lat' dir='ltr'><strong>placet,</strong></span> <span class='ocrx_word' id='word_1_290' title='bbox 3415 1267 3561 1322; x_wconf 81' lang='lat' dir='ltr'><strong>redi-</strong></span> 
     </span>
    </p>
   </div>
   <div class='ocr_carea' id='block_1_43' title="bbox 1983 1350 3558 1422">
    <p class='ocr_par' dir='ltr' id='par_1_43' title="bbox 1983 1350 3558 1422">
     <span class='ocr_line' id='line_1_43' title="bbox 1983 1350 3558 1422; baseline 0.006 -19"><span class='ocrx_word' id='word_1_291' title='bbox 1983 1365 2176 1420; x_wconf 87' lang='lat' dir='ltr'><strong>gamus</strong></span> <span class='ocrx_word' id='word_1_292' title='bbox 2204 1350 2354 1422; x_wconf 94' lang='lat' dir='ltr'><strong>quod</strong></span> <span class='ocrx_word' id='word_1_293' title='bbox 2411 1351 2634 1416; x_wconf 88' lang='lat' dir='ltr'><strong>dicitur,</strong></span> <span class='ocrx_word' id='word_1_294' title='bbox 2677 1352 2746 1407; x_wconf 91' lang='lat' dir='ltr'><strong>ab</strong></span> <span class='ocrx_word' id='word_1_295' title='bbox 2772 1353 3219 1410; x_wconf 84' lang='lat' dir='ltr'><strong>adversariorum</strong></span> <span class='ocrx_word' id='word_1_296' title='bbox 3271 1359 3558 1414; x_wconf 85' lang='lat' dir='ltr'><strong>conamine</strong></span> 
     </span>
    </p>
   </div>
   <div class='ocr_carea' id='block_1_44' title="bbox 1984 1441 3437 1510">
    <p class='ocr_par' dir='ltr' id='par_1_44' title="bbox 1984 1441 3437 1510">
     <span class='ocr_line' id='line_1_44' title="bbox 1984 1441 3437 1510; baseline 0.006 -16"><span class='ocrx_word' id='word_1_297' title='bbox 1984 1441 2332 1510; x_wconf 87' lang='lat' dir='ltr'><strong>incipientes,</strong></span> <span class='ocrx_word' id='word_1_298' title='bbox 2363 1450 2419 1497; x_wconf 90' lang='lat' dir='ltr'><strong>et</strong></span> <span class='ocrx_word' id='word_1_299' title='bbox 2445 1441 2502 1496; x_wconf 90' lang='lat' dir='ltr'><strong>in</strong></span> <span class='ocrx_word' id='word_1_300' title='bbox 2528 1441 2708 1497; x_wconf 83' lang='lat' dir='ltr'><strong>Patris</strong></span> <span class='ocrx_word' id='word_1_301' title='bbox 2739 1443 3051 1500; x_wconf 85' lang='lat' dir='ltr'><strong>doctrinam</strong></span> <span class='ocrx_word' id='word_1_302' title='bbox 3094 1445 3437 1502; x_wconf 89' lang='lat' dir='ltr'><strong>desinentes.</strong></span> 
     </span>
    </p>
   </div>
   <div class='ocr_carea' id='block_1_45' title="bbox 2052 1531 3548 1601">
    <p class='ocr_par' dir='ltr' id='par_1_45' title="bbox 2052 1531 3548 1601">
     <span class='ocr_line' id='line_1_45' title="bbox 2052 1531 3548 1601; baseline 0.007 -17"><span class='ocrx_word' id='word_1_303' title='bbox 2052 1531 2362 1601; x_wconf 83' lang='lat' dir='ltr'><strong>Propositio</strong></span> <span class='ocrx_word' id='word_1_304' title='bbox 2391 1533 2740 1598; x_wconf 88' lang='lat' dir='ltr'><strong>Arianorum,</strong></span> <span class='ocrx_word' id='word_1_305' title='bbox 2760 1534 2878 1590; x_wconf 87' lang='lat' dir='ltr'><strong>sive</strong></span> <span class='ocrx_word' id='word_1_306' title='bbox 2901 1535 3403 1592; x_wconf 88' lang='lat' dir='ltr'><strong>Eunomianorum:</strong></span> <span class='ocrx_word' id='word_1_307' title='bbox 3441 1559 3458 1590; x_wconf 78' lang='grc' dir='ltr'><strong>ι</strong></span> <span class='ocrx_word' id='word_1_308' title='bbox 3493 1539 3548 1595; x_wconf 89' lang='lat' dir='ltr'><strong>Si</strong></span> 
     </span>
    </p>
   </div>
   <div class='ocr_carea' id='block_1_46' title="bbox 1984 1621 3560 1696">
    <p class='ocr_par' dir='ltr' id='par_1_46' title="bbox 1984 1621 3560 1696">
     <span class='ocr_line' id='line_1_46' title="bbox 1984 1621 3560 1696; baseline 0.006 -21"><span class='ocrx_word' id='word_1_309' title='bbox 1984 1621 2148 1676; x_wconf 90' lang='lat' dir='ltr'><strong>Pater</strong></span> <span class='ocrx_word' id='word_1_310' title='bbox 2196 1631 2391 1676; x_wconf 90' lang='lat' dir='ltr'><strong>natura</strong></span> <span class='ocrx_word' id='word_1_311' title='bbox 2428 1622 2554 1676; x_wconf 88' lang='lat' dir='ltr'><strong>Filii</strong></span> <span class='ocrx_word' id='word_1_312' title='bbox 2606 1638 2772 1678; x_wconf 89' lang='lat' dir='ltr'><strong>causa</strong></span> <span class='ocrx_word' id='word_1_313' title='bbox 2791 1632 2897 1690; x_wconf 92' lang='lat' dir='ltr'><strong>est,</strong></span> <span class='ocrx_word' id='word_1_314' title='bbox 2933 1633 2990 1678; x_wconf 90' lang='lat' dir='ltr'><strong>et</strong></span> <span class='ocrx_word' id='word_1_315' title='bbox 3022 1626 3196 1696; x_wconf 88' lang='lat' dir='ltr'><strong>major</strong></span> <span class='ocrx_word' id='word_1_316' title='bbox 3224 1627 3386 1682; x_wconf 90' lang='lat' dir='ltr'><strong>Pater</strong></span> <span class='ocrx_word' id='word_1_317' title='bbox 3419 1629 3560 1684; x_wconf 87' lang='lat' dir='ltr'><strong>Filio</strong></span> 
     </span>
    </p>
   </div>
   <div class='ocr_carea' id='block_1_47' title="bbox 1933 1712 3558 1786">
    <p class='ocr_par' dir='ltr' id='par_1_47' title="bbox 1933 1712 3558 1786">
     <span class='ocr_line' id='line_1_47' title="bbox 1933 1712 3558 1786; baseline 0.007 -22"><span class='ocrx_word' id='word_1_318' title='bbox 1933 1712 1954 1746; x_wconf 74' lang='grc'><strong>⁵</strong></span> <span class='ocrx_word' id='word_1_319' title='bbox 1983 1721 2087 1776; x_wconf 86' lang='lat' dir='ltr'><strong>est,</strong></span> <span class='ocrx_word' id='word_1_320' title='bbox 2123 1712 2374 1781; x_wconf 80' lang='lat' dir='ltr'><strong>sequitur</strong></span> <span class='ocrx_word' id='word_1_321' title='bbox 2404 1723 2464 1768; x_wconf 93' lang='lat' dir='ltr'><strong>ut</strong></span> <span class='ocrx_word' id='word_1_322' title='bbox 2490 1714 2655 1768; x_wconf 88' lang='lat' dir='ltr'><strong>Pater</strong></span> <span class='ocrx_word' id='word_1_323' title='bbox 2685 1723 2882 1770; x_wconf 90' lang='lat' dir='ltr'><strong>natura</strong></span> <span class='ocrx_word' id='word_1_324' title='bbox 2902 1715 3041 1770; x_wconf 82' lang='lat' dir='ltr'><strong>Filio</strong></span> <span class='ocrx_word' id='word_1_325' title='bbox 3077 1716 3253 1786; x_wconf 88' lang='lat' dir='ltr'><strong>major</strong></span> <span class='ocrx_word' id='word_1_326' title='bbox 3275 1718 3367 1773; x_wconf 91' lang='lat' dir='ltr'><strong>sit.</strong></span> <span class='ocrx_word' id='word_1_327' title='bbox 3398 1739 3416 1770; x_wconf 73' lang='grc' dir='ltr'>ι</span> <span class='ocrx_word' id='word_1_328' title='bbox 3455 1719 3558 1775; x_wconf 86' lang='lat' dir='ltr'><strong>So-</strong></span> 
     </span>
    </p>
   </div>
   <div class='ocr_carea' id='block_1_48' title="bbox 1985 1801 3555 1876">
    <p class='ocr_par' dir='ltr' id='par_1_48' title="bbox 1985 1801 3555 1876">
     <span class='ocr_line' id='line_1_48' title="bbox 1985 1801 3555 1876; baseline 0.006 -21"><span class='ocrx_word' id='word_1_329' title='bbox 1985 1803 2124 1856; x_wconf 91' lang='lat' dir='ltr'><strong>lutio</strong></span> <span class='ocrx_word' id='word_1_330' title='bbox 2159 1803 2332 1858; x_wconf 90' lang='lat' dir='ltr'><strong>sancti</strong></span> <span class='ocrx_word' id='word_1_331' title='bbox 2359 1801 2553 1858; x_wconf 78' lang='lat' dir='ltr'><strong>nostri</strong></span> <span class='ocrx_word' id='word_1_332' title='bbox 2589 1804 2764 1874; x_wconf 87' lang='lat' dir='ltr'><strong>patris</strong></span> <span class='ocrx_word' id='word_1_333' title='bbox 2809 1803 3061 1876; x_wconf 81' lang='lat' dir='ltr'><strong>Gregorii</strong></span> <span class='ocrx_word' id='word_1_334' title='bbox 3113 1807 3182 1862; x_wconf 90' lang='lat' dir='ltr'><strong>ad</strong></span> <span class='ocrx_word' id='word_1_335' title='bbox 3251 1808 3555 1864; x_wconf 87' lang='lat' dir='ltr'><strong>absurdum</strong></span> 
     </span>
    </p>
   </div>
   <div class='ocr_carea' id='block_1_49' title="bbox 1981 1893 3557 1956">
    <p class='ocr_par' dir='ltr' id='par_1_49' title="bbox 1981 1893 3557 1956">
     <span class='ocr_line' id='line_1_49' title="bbox 1981 1893 3557 1956; baseline 0.004 -9"><span class='ocrx_word' id='word_1_336' title='bbox 1981 1893 2310 1948; x_wconf 87' lang='lat' dir='ltr'><strong>deducentis</strong></span> <span class='ocrx_word' id='word_1_337' title='bbox 2340 1907 2396 1949; x_wconf 92' lang='lat' dir='ltr'><strong>ct</strong></span> <span class='ocrx_word' id='word_1_338' title='bbox 2421 1894 2761 1951; x_wconf 81' lang='lat' dir='ltr'><strong>confutantis</strong></span> <span class='ocrx_word' id='word_1_339' title='bbox 2785 1896 3134 1954; x_wconf 86' lang='lat' dir='ltr'><strong>adversarios</strong></span> <span class='ocrx_word' id='word_1_340' title='bbox 3159 1899 3235 1954; x_wconf 89' lang='lat' dir='ltr'><strong>ita</strong></span> <span class='ocrx_word' id='word_1_341' title='bbox 3267 1917 3281 1953; x_wconf 89' lang='lat'><strong>:</strong></span> <span class='ocrx_word' id='word_1_342' title='bbox 3322 1919 3339 1952; x_wconf 83' lang='grc' dir='ltr'><strong>ι</strong></span> <span class='ocrx_word' id='word_1_343' title='bbox 3371 1900 3428 1956; x_wconf 82' lang='lat' dir='ltr'><strong>Si</strong></span> <span class='ocrx_word' id='word_1_344' title='bbox 3461 1917 3557 1954; x_wconf 91' lang='lat' dir='ltr'><strong>na-</strong></span> 
     </span>
    </p>
   </div>
   <div class='ocr_carea' id='block_1_50' title="bbox 1983 1985 3553 2058">
    <p class='ocr_par' dir='ltr' id='par_1_50' title="bbox 1983 1985 3553 2058">
     <span class='ocr_line' id='line_1_50' title="bbox 1983 1985 3553 2058; baseline 0.006 -21"><span class='ocrx_word' id='word_1_345' title='bbox 1983 1991 2103 2038; x_wconf 85' lang='lat' dir='ltr'><strong>tura</strong></span> <span class='ocrx_word' id='word_1_346' title='bbox 2135 1985 2438 2040; x_wconf 90' lang='lat' dir='ltr'><strong>secundum</strong></span> <span class='ocrx_word' id='word_1_347' title='bbox 2475 2001 2570 2040; x_wconf 89' lang='lat' dir='ltr'><strong>vos</strong></span> <span class='ocrx_word' id='word_1_348' title='bbox 2600 1986 2764 2040; x_wconf 89' lang='lat' dir='ltr'><strong>Pater</strong></span> <span class='ocrx_word' id='word_1_349' title='bbox 2816 1987 2990 2058; x_wconf 84' lang='lat' dir='ltr'><strong>major</strong></span> <span class='ocrx_word' id='word_1_350' title='bbox 3021 1998 3106 2042; x_wconf 91' lang='lat' dir='ltr'><strong>est</strong></span> <span class='ocrx_word' id='word_1_351' title='bbox 3133 1989 3291 2056; x_wconf 88' lang='lat' dir='ltr'><strong>Filio,</strong></span> <span class='ocrx_word' id='word_1_352' title='bbox 3333 1991 3386 2046; x_wconf 90' lang='lat' dir='ltr'><strong>id</strong></span> <span class='ocrx_word' id='word_1_353' title='bbox 3421 2007 3553 2046; x_wconf 85' lang='lat' dir='ltr'><strong>vero</strong></span> 
     </span>
    </p>
   </div>
   <div class='ocr_carea' id='block_1_51' title="bbox 1979 2076 3556 2150">
    <p class='ocr_par' dir='ltr' id='par_1_51' title="bbox 1979 2076 3556 2150">
     <span class='ocr_line' id='line_1_51' title="bbox 1979 2076 3556 2150; baseline 0.006 -21"><span class='ocrx_word' id='word_1_354' title='bbox 1979 2076 2124 2146; x_wconf 89' lang='lat' dir='ltr'><strong>quod</strong></span> <span class='ocrx_word' id='word_1_355' title='bbox 2153 2085 2348 2132; x_wconf 87' lang='lat' dir='ltr'><strong>natura</strong></span> <span class='ocrx_word' id='word_1_356' title='bbox 2375 2085 2460 2132; x_wconf 90' lang='lat' dir='ltr'><strong>est</strong></span> <span class='ocrx_word' id='word_1_357' title='bbox 2519 2092 2866 2148; x_wconf 88' lang='lat' dir='ltr'><strong>nequaquam</strong></span> <span class='ocrx_word' id='word_1_358' title='bbox 2905 2081 3086 2150; x_wconf 90' lang='lat' dir='ltr'><strong>majus</strong></span> <span class='ocrx_word' id='word_1_359' title='bbox 3117 2088 3202 2136; x_wconf 93' lang='lat' dir='ltr'><strong>est</strong></span> <span class='ocrx_word' id='word_1_360' title='bbox 3231 2081 3414 2148; x_wconf 86' lang='lat' dir='ltr'><strong>Patre,</strong></span> <span class='ocrx_word' id='word_1_361' title='bbox 3465 2100 3556 2138; x_wconf 86' lang='lat' dir='ltr'><strong>sc-</strong></span> 
     </span>
    </p>
   </div>
   <div class='ocr_carea' id='block_1_52' title="bbox 1979 2167 3555 2242">
    <p class='ocr_par' dir='ltr' id='par_1_52' title="bbox 1979 2167 3555 2242">
     <span class='ocr_line' id='line_1_52' title="bbox 1979 2167 3555 2242; baseline 0.004 -20"><span class='ocrx_word' id='word_1_362' title='bbox 1979 2167 2170 2237; x_wconf 90' lang='lat' dir='ltr'><strong>quitur</strong></span> <span class='ocrx_word' id='word_1_363' title='bbox 2203 2177 2261 2222; x_wconf 90' lang='lat' dir='ltr'><strong>ut</strong></span> <span class='ocrx_word' id='word_1_364' title='bbox 2290 2168 2469 2239; x_wconf 86' lang='lat' dir='ltr'><strong>majus</strong></span> <span class='ocrx_word' id='word_1_365' title='bbox 2499 2169 2728 2224; x_wconf 92' lang='lat' dir='ltr'><strong>omnino</strong></span> <span class='ocrx_word' id='word_1_366' title='bbox 2755 2183 2867 2224; x_wconf 90' lang='lat' dir='ltr'><strong>non</strong></span> <span class='ocrx_word' id='word_1_367' title='bbox 2907 2171 2980 2226; x_wconf 91' lang='lat' dir='ltr'><strong>sit</strong></span> <span class='ocrx_word' id='word_1_368' title='bbox 3011 2172 3208 2242; x_wconf 87' lang='lat' dir='ltr'><strong>majus,</strong></span> <span class='ocrx_word' id='word_1_369' title='bbox 3241 2183 3338 2228; x_wconf 92' lang='lat' dir='ltr'><strong>aut</strong></span> <span class='ocrx_word' id='word_1_370' title='bbox 3365 2183 3426 2228; x_wconf 93' lang='lat' dir='ltr'><strong>ut</strong></span> <span class='ocrx_word' id='word_1_371' title='bbox 3453 2176 3555 2229; x_wconf 78' lang='lat' dir='ltr'><strong>Pa-</strong></span> 
     </span>
    </p>
   </div>
   <div class='ocr_carea' id='block_1_53' title="bbox 1977 2259 2842 2315">
    <p class='ocr_par' dir='ltr' id='par_1_53' title="bbox 1977 2259 2842 2315">
     <span class='ocr_line' id='line_1_53' title="bbox 1977 2259 2842 2315; baseline 0 -3"><span class='ocrx_word' id='word_1_372' title='bbox 1977 2265 2064 2314; x_wconf 91' lang='lat' dir='ltr'><strong>ter</strong></span> <span class='ocrx_word' id='word_1_373' title='bbox 2091 2259 2318 2314; x_wconf 89' lang='lat' dir='ltr'><strong>omnino</strong></span> <span class='ocrx_word' id='word_1_374' title='bbox 2347 2274 2456 2313; x_wconf 92' lang='lat' dir='ltr'><strong>non</strong></span> <span class='ocrx_word' id='word_1_375' title='bbox 2506 2259 2670 2314; x_wconf 90' lang='lat' dir='ltr'><strong>Pater</strong></span> <span class='ocrx_word' id='word_1_376' title='bbox 2693 2259 2783 2315; x_wconf 89' lang='lat' dir='ltr'><strong>sit.</strong></span> <span class='ocrx_word' id='word_1_377' title='bbox 2824 2281 2842 2312; x_wconf 73' lang='grc' dir='ltr'>ι</span> 
     </span>
    </p>
   </div>
   <div class='ocr_carea' id='block_1_54' title="bbox 2050 2347 3553 2424">
    <p class='ocr_par' dir='ltr' id='par_1_54' title="bbox 2050 2347 3553 2424">
     <span class='ocr_line' id='line_1_54' title="bbox 2050 2347 3553 2424; baseline 0.004 -20"><span class='ocrx_word' id='word_1_378' title='bbox 2050 2349 2126 2404; x_wconf 85' lang='lat' dir='ltr'><strong>Ita</strong></span> <span class='ocrx_word' id='word_1_379' title='bbox 2157 2347 2513 2404; x_wconf 78' lang='lat' dir='ltr'><strong>confutantur</strong></span> <span class='ocrx_word' id='word_1_380' title='bbox 2557 2349 2673 2404; x_wconf 88' lang='lat' dir='ltr'><strong>suis</strong></span> <span class='ocrx_word' id='word_1_381' title='bbox 2719 2349 2962 2418; x_wconf 87' lang='lat' dir='ltr'><strong>ipsorum</strong></span> <span class='ocrx_word' id='word_1_382' title='bbox 3003 2351 3252 2406; x_wconf 82' lang='lat' dir='ltr'><strong>artiﬁciis</strong></span> <span class='ocrx_word' id='word_1_383' title='bbox 3280 2355 3422 2424; x_wconf 88' lang='lat' dir='ltr'><strong>capti</strong></span> <span class='ocrx_word' id='word_1_384' title='bbox 3460 2372 3553 2411; x_wconf 83' lang='lat' dir='ltr'><strong>ve—</strong></span> 
     </span>
    </p>
   </div>
   <div class='ocr_carea' id='block_1_55' title="bbox 1978 2441 3552 2512">
    <p class='ocr_par' dir='ltr' id='par_1_55' title="bbox 1978 2441 3552 2512">
     <span class='ocr_line' id='line_1_55' title="bbox 1978 2441 3552 2512; baseline 0.004 -17"><span class='ocrx_word' id='word_1_385' title='bbox 1978 2441 2160 2496; x_wconf 86' lang='lat' dir='ltr'><strong>ritatis</strong></span> <span class='ocrx_word' id='word_1_386' title='bbox 2189 2449 2560 2511; x_wconf 83' lang='lat' dir='ltr'><strong>renegatores,</strong></span> <span class='ocrx_word' id='word_1_387' title='bbox 2610 2450 2666 2496; x_wconf 89' lang='lat' dir='ltr'><strong>et</strong></span> <span class='ocrx_word' id='word_1_388' title='bbox 2709 2442 2859 2498; x_wconf 83' lang='lat' dir='ltr'><strong>leves</strong></span> <span class='ocrx_word' id='word_1_389' title='bbox 2901 2443 3104 2512; x_wconf 87' lang='lat' dir='ltr'><strong>pietate</strong></span> <span class='ocrx_word' id='word_1_390' title='bbox 3150 2444 3348 2499; x_wconf 85' lang='lat' dir='ltr'><strong>leviter</strong></span> <span class='ocrx_word' id='word_1_391' title='bbox 3383 2462 3552 2501; x_wconf 76' lang='lat' dir='ltr'><strong>excu-</strong></span> 
     </span>
    </p>
   </div>
   <div class='ocr_carea' id='block_1_56' title="bbox 1979 2533 3554 2592">
    <p class='ocr_par' dir='ltr' id='par_1_56' title="bbox 1979 2533 3554 2592">
     <span class='ocr_line' id='line_1_56' title="bbox 1979 2533 3554 2592; baseline 0.004 -6"><span class='ocrx_word' id='word_1_392' title='bbox 1979 2533 2212 2588; x_wconf 86' lang='lat' dir='ltr'><strong>tiuntur.</strong></span> <span class='ocrx_word' id='word_1_393' title='bbox 2245 2533 2320 2588; x_wconf 88' lang='lat' dir='ltr'><strong>De</strong></span> <span class='ocrx_word' id='word_1_394' title='bbox 2351 2533 2553 2588; x_wconf 89' lang='lat' dir='ltr'><strong>talibus</strong></span> <span class='ocrx_word' id='word_1_395' title='bbox 2597 2533 2744 2588; x_wconf 90' lang='lat' dir='ltr'><strong>enim</strong></span> <span class='ocrx_word' id='word_1_396' title='bbox 2795 2533 2960 2590; x_wconf 89' lang='lat' dir='ltr'><strong>dictis</strong></span> <span class='ocrx_word' id='word_1_397' title='bbox 3005 2535 3390 2591; x_wconf 89' lang='lat' dir='ltr'><strong>conclusiones</strong></span> <span class='ocrx_word' id='word_1_398' title='bbox 3421 2553 3554 2592; x_wconf 91' lang='lat' dir='ltr'><strong>con-</strong></span> 
     </span>
    </p>
   </div>
   <div class='ocr_carea' id='block_1_57' title="bbox 1979 2624 3553 2694">
    <p class='ocr_par' dir='ltr' id='par_1_57' title="bbox 1979 2624 3553 2694">
     <span class='ocr_line' id='line_1_57' title="bbox 1979 2624 3553 2694; baseline 0.003 -15"><span class='ocrx_word' id='word_1_399' title='bbox 1979 2624 2214 2679; x_wconf 90' lang='lat' dir='ltr'><strong>stituunt</strong></span> <span class='ocrx_word' id='word_1_400' title='bbox 2252 2625 2677 2694; x_wconf 88' lang='lat' dir='ltr'><strong>propositiones,</strong></span> <span class='ocrx_word' id='word_1_401' title='bbox 2731 2625 3118 2682; x_wconf 87' lang='lat' dir='ltr'><strong>conclusiones</strong></span> <span class='ocrx_word' id='word_1_402' title='bbox 3178 2634 3361 2682; x_wconf 88' lang='lat' dir='ltr'><strong>autem</strong></span> <span class='ocrx_word' id='word_1_403' title='bbox 3415 2628 3553 2683; x_wconf 80' lang='lat' dir='ltr'><strong>deti-</strong></span> 
     </span>
    </p>
   </div>
   <div class='ocr_carea' id='block_1_58' title="bbox 1976 2715 3554 2792">
    <p class='ocr_par' dir='ltr' id='par_1_58' title="bbox 1976 2715 3554 2792">
     <span class='ocr_line' id='line_1_58' title="bbox 1976 2715 3554 2792; baseline 0.004 -23"><span class='ocrx_word' id='word_1_404' title='bbox 1976 2715 2137 2770; x_wconf 89' lang='lat' dir='ltr'><strong>niunt</strong></span> <span class='ocrx_word' id='word_1_405' title='bbox 2162 2717 2586 2786; x_wconf 87' lang='lat' dir='ltr'><strong>propositiones,</strong></span> <span class='ocrx_word' id='word_1_406' title='bbox 2605 2717 2808 2787; x_wconf 90' lang='lat' dir='ltr'><strong>quibus</strong></span> <span class='ocrx_word' id='word_1_407' title='bbox 2836 2732 2895 2772; x_wconf 90' lang='lat' dir='ltr'><strong>se</strong></span> <span class='ocrx_word' id='word_1_408' title='bbox 2921 2717 3220 2774; x_wconf 90' lang='lat' dir='ltr'><strong>induerunt</strong></span> <span class='ocrx_word' id='word_1_409' title='bbox 3239 2736 3337 2788; x_wconf 93' lang='lat' dir='ltr'><strong>pro</strong></span> <span class='ocrx_word' id='word_1_410' title='bbox 3361 2737 3554 2792; x_wconf 85' lang='lat' dir='ltr'><strong>magna</strong></span> 
     </span>
    </p>
   </div>
   <div class='ocr_carea' id='block_1_59' title="bbox 1977 2803 3574 2875">
    <p class='ocr_par' dir='ltr' id='par_1_59' title="bbox 1977 2803 3574 2875">
     <span class='ocr_line' id='line_1_59' title="bbox 1977 2803 3574 2875; baseline 0.001 -17"><span class='ocrx_word' id='word_1_411' title='bbox 1977 2819 2075 2858; x_wconf 92' lang='lat' dir='ltr'><strong>sua</strong></span> <span class='ocrx_word' id='word_1_412' title='bbox 2106 2803 2414 2875; x_wconf 80' lang='lat' dir='ltr'><strong>ignorantia</strong></span> <span class='ocrx_word' id='word_1_413' title='bbox 2449 2803 2526 2859; x_wconf 93' lang='lat' dir='ltr'><strong>illi</strong></span> <span class='ocrx_word' id='word_1_414' title='bbox 2556 2804 2650 2874; x_wconf 88' lang='lat' dir='ltr'><strong>qui</strong></span> <span class='ocrx_word' id='word_1_415' title='bbox 2683 2804 2789 2860; x_wconf 89' lang='lat' dir='ltr'><strong>sibi</strong></span> <span class='ocrx_word' id='word_1_416' title='bbox 2827 2805 3105 2874; x_wconf 89' lang='lat' dir='ltr'><strong>sapientes</strong></span> <span class='ocrx_word' id='word_1_417' title='bbox 3134 2806 3267 2875; x_wconf 88' lang='lat' dir='ltr'><strong>ipsis</strong></span> <span class='ocrx_word' id='word_1_418' title='bbox 3295 2806 3574 2862; x_wconf 81' lang='lat' dir='ltr'><strong>videntur.</strong></span> 
     </span>
    </p>
   </div>
   <div class='ocr_carea' id='block_1_60' title="bbox 1979 2909 2138 2950">
    <p class='ocr_par' dir='ltr' id='par_1_60' title="bbox 1979 2909 2138 2950">
     <span class='ocr_line' id='line_1_60' title="bbox 1979 2909 2138 2950; baseline -0.006 -1"><span class='ocrx_word' id='word_1_419' title='bbox 1979 2909 2118 2950; x_wconf 74' lang='lat' dir='ltr'><strong>CSSC.</strong></span> <span class='ocrx_word' id='word_1_420' title='bbox 2127 2944 2138 2948; x_wconf 82' lang='lat'><strong><em>_</em></strong></span> 
     </span>
    </p>
   </div>
   <div class='ocr_carea' id='block_1_61' title="bbox 307 3111 1871 3195">
    <p class='ocr_par' dir='ltr' id='par_1_61' title="bbox 307 3115 1871 3191">
     <span class='ocr_line' id='line_1_61' title="bbox 307 3115 1871 3191; baseline 0.009 -26"><span class='ocrx_word' id='word_1_421' title='bbox 307 3131 326 3164; x_wconf 75' lang='grc' dir='ltr'><strong>ι</strong></span> <span class='ocrx_word' id='word_1_422' title='bbox 363 3116 558 3168; x_wconf 83' lang='grc' dir='ltr'>Ἔστω</span> <span class='ocrx_word' id='word_1_423' title='bbox 610 3115 682 3190; x_wconf 53' lang='grc' dir='ltr'>δέ</span> <span class='ocrx_word' id='word_1_424' title='bbox 703 3118 802 3172; x_wconf 76' lang='grc' dir='ltr'>καὶ</span> <span class='ocrx_word' id='word_1_425' title='bbox 835 3119 1152 3189; x_wconf 74' lang='grc' dir='ltr'><strong>ἐνεργείας,</strong></span> <span class='ocrx_word' id='word_1_426' title='bbox 1192 3126 1245 3176; x_wconf 79' lang='lat' dir='ltr'><strong>si</strong></span> <span class='ocrx_word' id='word_1_427' title='bbox 1295 3122 1476 3190; x_wconf 80' lang='grc' dir='ltr'>δοκεῖ,</span> <span class='ocrx_word' id='word_1_428' title='bbox 1511 3123 1654 3179; x_wconf 77' lang='grc' dir='ltr'><strong>οὐδὲ</strong></span> <span class='ocrx_word' id='word_1_429' title='bbox 1685 3125 1871 3191; x_wconf 81' lang='grc' dir='ltr'>οὕτως</span> 
     </span>
    </p>
   </div>
   <div class='ocr_carea' id='block_1_62' title="bbox 1983 3111 3551 3195">
    <p class='ocr_par' dir='ltr' id='par_1_62' title="bbox 1986 3123 3551 3195">
     <span class='ocr_line' id='line_1_62' title="bbox 1986 3123 3551 3195; baseline 0 -17"><span class='ocrx_word' id='word_1_430' title='bbox 1986 3145 2004 3178; x_wconf 81' lang='grc' dir='ltr'><strong>ι</strong></span> <span class='ocrx_word' id='word_1_431' title='bbox 2040 3124 2118 3180; x_wconf 85' lang='lat' dir='ltr'><strong>Sit</strong></span> <span class='ocrx_word' id='word_1_432' title='bbox 2155 3126 2314 3178; x_wconf 83' lang='lat' dir='ltr'><strong>etiam</strong></span> <span class='ocrx_word' id='word_1_433' title='bbox 2341 3125 2583 3189; x_wconf 74' lang='lat' dir='ltr'><strong>actionis,</strong></span> <span class='ocrx_word' id='word_1_434' title='bbox 2617 3123 2662 3177; x_wconf 90' lang='lat' dir='ltr'><strong>si</strong></span> <span class='ocrx_word' id='word_1_435' title='bbox 2691 3124 2766 3177; x_wconf 86' lang='lat' dir='ltr'><strong>ita</strong></span> <span class='ocrx_word' id='word_1_436' title='bbox 2811 3123 3036 3188; x_wconf 81' lang='lat' dir='ltr'><strong>videtur,</strong></span> <span class='ocrx_word' id='word_1_437' title='bbox 3089 3139 3180 3178; x_wconf 80' lang='lat' dir='ltr'><strong>nec</strong></span> <span class='ocrx_word' id='word_1_438' title='bbox 3211 3125 3285 3178; x_wconf 84' lang='lat' dir='ltr'><strong>sic</strong></span> <span class='ocrx_word' id='word_1_439' title='bbox 3341 3123 3551 3195; x_wconf 82' lang='lat' dir='ltr'><strong>quidem</strong></span> 
     </span>
    </p>
   </div>
   <div class='ocr_carea' id='block_1_63' title="bbox 369 3202 1872 3284">
    <p class='ocr_par' dir='ltr' id='par_1_63' title="bbox 369 3202 1872 3284">
     <span class='ocr_line' id='line_1_63' title="bbox 369 3202 1872 3284; baseline 0.008 -26"><span class='ocrx_word' id='word_1_440' title='bbox 369 3202 524 3272; x_wconf 78' lang='grc' dir='ltr'>ἡμᾶς</span> <span class='ocrx_word' id='word_1_441' title='bbox 545 3207 842 3276; x_wconf 75' lang='grc' dir='ltr'>αἱρήσετε.</span> <span class='ocrx_word' id='word_1_442' title='bbox 896 3211 1048 3265; x_wconf 81' lang='grc' dir='ltr'><strong>Αὐτὸ</strong></span> <span class='ocrx_word' id='word_1_443' title='bbox 1093 3212 1161 3264; x_wconf 78' lang='grc' dir='ltr'>δὲ</span> <span class='ocrx_word' id='word_1_444' title='bbox 1215 3213 1390 3268; x_wconf 83' lang='grc' dir='ltr'>τοῦτο</span> <span class='ocrx_word' id='word_1_445' title='bbox 1415 3215 1766 3284; x_wconf 77' lang='grc' dir='ltr'>ἐνηργηκὼς</span> <span class='ocrx_word' id='word_1_446' title='bbox 1795 3216 1872 3270; x_wconf 77' lang='grc' dir='ltr'><strong>ἂν</strong></span> 
     </span>
    </p>
   </div>
   <div class='ocr_carea' id='block_1_64' title="bbox 364 3295 1870 3372">
    <p class='ocr_par' dir='ltr' id='par_1_64' title="bbox 364 3295 1870 3372">
     <span class='ocr_line' id='line_1_64' title="bbox 364 3295 1870 3372; baseline 0.008 -26"><span class='ocrx_word' id='word_1_447' title='bbox 364 3296 458 3362; x_wconf 78' lang='grc' dir='ltr'><strong>εἴη</strong></span> <span class='ocrx_word' id='word_1_448' title='bbox 488 3295 552 3349; x_wconf 85' lang='grc' dir='ltr'>τὸ</span> <span class='ocrx_word' id='word_1_449' title='bbox 601 3299 946 3366; x_wconf 81' lang='grc' dir='ltr'>ὀμοούσιον,</span> <span class='ocrx_word' id='word_1_450' title='bbox 981 3302 1031 3354; x_wconf 84' lang='grc' dir='ltr'>εἰ</span> <span class='ocrx_word' id='word_1_451' title='bbox 1061 3303 1161 3355; x_wconf 82' lang='grc' dir='ltr'>καὶ</span> <span class='ocrx_word' id='word_1_452' title='bbox 1197 3301 1421 3368; x_wconf 78' lang='grc' dir='ltr'>ἄτοπος</span> <span class='ocrx_word' id='word_1_453' title='bbox 1439 3301 1642 3370; x_wconf 73' lang='grc' dir='ltr'><em>ἄλλως</em></span> <span class='ocrx_word' id='word_1_454' title='bbox 1688 3305 1725 3372; x_wconf 82' lang='grc' dir='ltr'>ἡ</span> <span class='ocrx_word' id='word_1_455' title='bbox 1762 3304 1870 3372; x_wconf 85' lang='grc' dir='ltr'>τῆς</span> 
     </span>
    </p>
   </div>
   <div class='ocr_carea' id='block_1_65' title="bbox 365 3385 1579 3462">
    <p class='ocr_par' dir='ltr' id='par_1_65' title="bbox 365 3385 1579 3462">
     <span class='ocr_line' id='line_1_65' title="bbox 365 3385 1579 3462; baseline 0.007 -25"><span class='ocrx_word' id='word_1_456' title='bbox 365 3385 496 3454; x_wconf 74' lang='grc' dir='ltr'>περὶ</span> <span class='ocrx_word' id='word_1_457' title='bbox 513 3387 688 3442; x_wconf 85' lang='grc' dir='ltr'>τοῦτο</span> <span class='ocrx_word' id='word_1_458' title='bbox 709 3389 1012 3460; x_wconf 80' lang='grc' dir='ltr'>ἐνεργείας</span> <span class='ocrx_word' id='word_1_459' title='bbox 1036 3392 1344 3462; x_wconf 72' lang='grc' dir='ltr'>ὑπόληψις</span> <span class='ocrx_word' id='word_1_460' title='bbox 1387 3393 1519 3462; x_wconf 79' lang='grc' dir='ltr'><strong>(Μ).</strong></span> <span class='ocrx_word' id='word_1_461' title='bbox 1559 3413 1579 3445; x_wconf 71' lang='grc' dir='ltr'>ι</span> 
     </span>
    </p>
   </div>
   <div class='ocr_carea' id='block_1_66' title="bbox 378 3579 1870 3652">
    <p class='ocr_par' dir='ltr' id='par_1_66' title="bbox 378 3579 1870 3652">
     <span class='ocr_line' id='line_1_66' title="bbox 378 3579 1870 3652; baseline -0.001 -18"><span class='ocrx_word' id='word_1_462' title='bbox 378 3579 594 3651; x_wconf 86' lang='grc' dir='ltr'>Ἐπειδὴ</span> <span class='ocrx_word' id='word_1_463' title='bbox 632 3579 679 3634; x_wconf 79' lang='lat' dir='ltr'><strong>oi</strong></span> <span class='ocrx_word' id='word_1_464' title='bbox 701 3579 800 3652; x_wconf 79' lang='grc' dir='ltr'>τὴν</span> <span class='ocrx_word' id='word_1_465' title='bbox 828 3580 1078 3650; x_wconf 86' lang='grc' dir='ltr'>γλῶσσαν</span> <span class='ocrx_word' id='word_1_466' title='bbox 1106 3581 1237 3635; x_wconf 76' lang='grc' dir='ltr'>ὡσεὶ</span> <span class='ocrx_word' id='word_1_467' title='bbox 1267 3581 1428 3652; x_wconf 81' lang='grc' dir='ltr'>ξυρὸν</span> <span class='ocrx_word' id='word_1_468' title='bbox 1451 3583 1590 3636; x_wconf 76' lang='grc' dir='ltr'>κατὰ</span> <span class='ocrx_word' id='word_1_469' title='bbox 1611 3582 1708 3652; x_wconf 79' lang='grc' dir='ltr'>τῆς</span> <span class='ocrx_word' id='word_1_470' title='bbox 1739 3583 1870 3652; x_wconf 71' lang='grc' dir='ltr'><strong>ὁληο</strong></span> 
     </span>
    </p>
   </div>
   <div class='ocr_carea' id='block_1_67' title="bbox 296 3671 1863 3743">
    <p class='ocr_par' dir='ltr' id='par_1_67' title="bbox 296 3671 1863 3743">
     <span class='ocr_line' id='line_1_67' title="bbox 296 3671 1863 3743; baseline 0.001 -20"><span class='ocrx_word' id='word_1_471' title='bbox 296 3671 441 3735; x_wconf 82' lang='grc' dir='ltr'>θείας</span> <span class='ocrx_word' id='word_1_472' title='bbox 477 3671 826 3743; x_wconf 74' lang='grc' dir='ltr'>ἡκονημένην</span> <span class='ocrx_word' id='word_1_473' title='bbox 861 3671 1076 3743; x_wconf 75' lang='grc' dir='ltr'>ἔχοντες</span> <span class='ocrx_word' id='word_1_474' title='bbox 1109 3672 1294 3742; x_wconf 79' lang='grc' dir='ltr'>ἔλεγον</span> <span class='ocrx_word' id='word_1_475' title='bbox 1329 3672 1496 3742; x_wconf 82' lang='grc' dir='ltr'>δῆθεν</span> <span class='ocrx_word' id='word_1_476' title='bbox 1529 3673 1863 3742; x_wconf 82' lang='grc' dir='ltr'>ἐρωτῶντες·</span> 
     </span>
    </p>
   </div>
   <div class='ocr_carea' id='block_1_68' title="bbox 305 3753 1866 3836">
    <p class='ocr_par' dir='ltr' id='par_1_68' title="bbox 305 3753 1866 3836">
     <span class='ocr_line' id='line_1_68' title="bbox 305 3753 1866 3836; baseline 0.003 -21"><span class='ocrx_word' id='word_1_477' title='bbox 305 3760 364 3815; x_wconf 85' lang='lat'><strong>&#39;0</strong></span> <span class='ocrx_word' id='word_1_478' title='bbox 387 3764 578 3833; x_wconf 80' lang='grc' dir='ltr'>Πατὴρ</span> <span class='ocrx_word' id='word_1_479' title='bbox 592 3763 780 3827; x_wconf 76' lang='grc' dir='ltr'>οὐσίας</span> <span class='ocrx_word' id='word_1_480' title='bbox 802 3763 970 3830; x_wconf 77' lang='grc' dir='ltr'>ἐστὶν,</span> <span class='ocrx_word' id='word_1_481' title='bbox 997 3763 1028 3835; x_wconf 80' lang='grc' dir='ltr'>ἢ</span> <span class='ocrx_word' id='word_1_482' title='bbox 1067 3765 1349 3835; x_wconf 78' lang='grc' dir='ltr'>ἐνεργείας</span> <span class='ocrx_word' id='word_1_483' title='bbox 1373 3753 1546 3832; x_wconf 75' lang='grc' dir='ltr'>ὄνομα</span> <span class='ocrx_word' id='word_1_484' title='bbox 1569 3765 1754 3836; x_wconf 75' lang='lat'><strong>(206</strong></span> <span class='ocrx_word' id='word_1_485' title='bbox 1779 3767 1866 3834; x_wconf 70' lang='lat' dir='ltr'><strong>b7;</strong></span> 
     </span>
    </p>
   </div>
   <div class='ocr_carea' id='block_1_69' title="bbox 295 3851 1865 3928">
    <p class='ocr_par' dir='ltr' id='par_1_69' title="bbox 295 3851 1865 3928">
     <span class='ocr_line' id='line_1_69' title="bbox 295 3851 1865 3928; baseline 0.003 -22"><span class='ocrx_word' id='word_1_486' title='bbox 295 3855 380 3906; x_wconf 83' lang='grc' dir='ltr'>ἵνα</span> <span class='ocrx_word' id='word_1_487' title='bbox 421 3856 469 3908; x_wconf 83' lang='grc' dir='ltr'><strong>εί</strong></span> <span class='ocrx_word' id='word_1_488' title='bbox 518 3856 615 3926; x_wconf 76' lang='grc' dir='ltr'>μὲν</span> <span class='ocrx_word' id='word_1_489' title='bbox 651 3856 894 3926; x_wconf 83' lang='grc' dir='ltr'>εἴπωμεν</span> <span class='ocrx_word' id='word_1_490' title='bbox 920 3855 1110 3919; x_wconf 80' lang='grc' dir='ltr'>οὐσίας</span> <span class='ocrx_word' id='word_1_491' title='bbox 1145 3855 1317 3925; x_wconf 72' lang='grc' dir='ltr'>ὄνομα</span> <span class='ocrx_word' id='word_1_492' title='bbox 1355 3851 1496 3910; x_wconf 78' lang='grc' dir='ltr'>εἶναι</span> <span class='ocrx_word' id='word_1_493' title='bbox 1547 3857 1625 3920; x_wconf 76' lang='grc' dir='ltr'><strong>τὺ,</strong></span> <span class='ocrx_word' id='word_1_494' title='bbox 1658 3858 1865 3928; x_wconf 81' lang='grc' dir='ltr'>Πατὴρ.</span> 
     </span>
    </p>
   </div>
   <div class='ocr_carea' id='block_1_70' title="bbox 294 3943 1868 4018">
    <p class='ocr_par' dir='ltr' id='par_1_70' title="bbox 294 3943 1868 4018">
     <span class='ocr_line' id='line_1_70' title="bbox 294 3943 1868 4018; baseline 0.003 -22"><span class='ocrx_word' id='word_1_495' title='bbox 294 3945 542 4000; x_wconf 75' lang='grc' dir='ltr'>ἐντεῦθεν</span> <span class='ocrx_word' id='word_1_496' title='bbox 572 3946 918 4014; x_wconf 77' lang='grc' dir='ltr'>συναγάγωσι</span> <span class='ocrx_word' id='word_1_497' title='bbox 953 3946 1012 4000; x_wconf 85' lang='grc' dir='ltr'>τὸ</span> <span class='ocrx_word' id='word_1_498' title='bbox 1037 3947 1374 4018; x_wconf 84' lang='grc' dir='ltr'>ἑτεροούσιον</span> <span class='ocrx_word' id='word_1_499' title='bbox 1414 3943 1555 4000; x_wconf 83' lang='grc' dir='ltr'>εἶναι</span> <span class='ocrx_word' id='word_1_500' title='bbox 1586 3948 1664 4018; x_wconf 81' lang='grc' dir='ltr'>τῷ</span> <span class='ocrx_word' id='word_1_501' title='bbox 1693 3950 1868 4017; x_wconf 76' lang='grc' dir='ltr'>Πατρὶ</span> 
     </span>
    </p>
   </div>
   <div class='ocr_carea' id='block_1_71' title="bbox 292 4035 1867 4108">
    <p class='ocr_par' dir='ltr' id='par_1_71' title="bbox 292 4035 1867 4108">
     <span class='ocr_line' id='line_1_71' title="bbox 292 4035 1867 4108; baseline 0.003 -21"><span class='ocrx_word' id='word_1_502' title='bbox 292 4035 383 4087; x_wconf 82' lang='grc' dir='ltr'>τὸν</span> <span class='ocrx_word' id='word_1_503' title='bbox 413 4035 556 4102; x_wconf 78' lang='grc' dir='ltr'>Υἱδν,</span> <span class='ocrx_word' id='word_1_504' title='bbox 588 4036 664 4099; x_wconf 81' lang='grc' dir='ltr'><strong>ὡς</strong></span> <span class='ocrx_word' id='word_1_505' title='bbox 687 4036 789 4106; x_wconf 81' lang='grc' dir='ltr'>τῆς</span> <span class='ocrx_word' id='word_1_506' title='bbox 816 4037 988 4107; x_wconf 83' lang='grc' dir='ltr'>αὐτῆς</span> <span class='ocrx_word' id='word_1_507' title='bbox 1017 4036 1207 4100; x_wconf 80' lang='grc' dir='ltr'>οὐσίας</span> <span class='ocrx_word' id='word_1_508' title='bbox 1240 4035 1334 4090; x_wconf 89' lang='grc' dir='ltr'><strong>δύο</strong></span> <span class='ocrx_word' id='word_1_509' title='bbox 1365 4036 1440 4108; x_wconf 80' lang='grc' dir='ltr'>μὴ</span> <span class='ocrx_word' id='word_1_510' title='bbox 1473 4037 1867 4108; x_wconf 75' lang='grc' dir='ltr'>ἐπιδεχομένης</span> 
     </span>
    </p>
   </div>
   <div class='ocr_carea' id='block_1_72' title="bbox 294 4115 1866 4202">
    <p class='ocr_par' dir='ltr' id='par_1_72' title="bbox 294 4115 1866 4202">
     <span class='ocr_line' id='line_1_72' title="bbox 294 4115 1866 4202; baseline 0.003 -22"><span class='ocrx_word' id='word_1_511' title='bbox 294 4129 388 4180; x_wconf 76' lang='grc' dir='ltr'>καὶ</span> <span class='ocrx_word' id='word_1_512' title='bbox 445 4127 676 4199; x_wconf 83' lang='grc' dir='ltr'>διάφορα</span> <span class='ocrx_word' id='word_1_513' title='bbox 725 4115 934 4200; x_wconf 83' lang='grc' dir='ltr'>κυρίως</span> <span class='ocrx_word' id='word_1_514' title='bbox 975 4129 1215 4198; x_wconf 79' lang='grc' dir='ltr'>ὀνόματα</span> <span class='ocrx_word' id='word_1_515' title='bbox 1273 4129 1361 4198; x_wconf 83' lang='grc' dir='ltr'>(εἰ</span> <span class='ocrx_word' id='word_1_516' title='bbox 1413 4129 1521 4200; x_wconf 80' lang='grc' dir='ltr'><strong>γὰρ</strong></span> <span class='ocrx_word' id='word_1_517' title='bbox 1565 4131 1626 4184; x_wconf 71' lang='grc' dir='ltr'>τὸ</span> <span class='ocrx_word' id='word_1_518' title='bbox 1676 4131 1866 4202; x_wconf 75' lang='grc' dir='ltr'>Πατὴρ</span> 
     </span>
    </p>
   </div>
   <div class='ocr_carea' id='block_1_73' title="bbox 293 4219 1867 4293">
    <p class='ocr_par' dir='ltr' id='par_1_73' title="bbox 293 4219 1867 4293">
     <span class='ocr_line' id='line_1_73' title="bbox 293 4219 1867 4293; baseline 0.004 -23"><span class='ocrx_word' id='word_1_519' title='bbox 293 4219 480 4281; x_wconf 77' lang='grc' dir='ltr'>οὐσίας</span> <span class='ocrx_word' id='word_1_520' title='bbox 531 4219 679 4272; x_wconf 73' lang='grc' dir='ltr'>ἐστὶν</span> <span class='ocrx_word' id='word_1_521' title='bbox 717 4219 910 4290; x_wconf 74' lang='grc' dir='ltr'>ὄνομα,</span> <span class='ocrx_word' id='word_1_522' title='bbox 958 4220 1058 4273; x_wconf 80' lang='grc' dir='ltr'>οὐκ</span> <span class='ocrx_word' id='word_1_523' title='bbox 1090 4220 1156 4274; x_wconf 76' lang='grc' dir='ltr'>ἄν</span> <span class='ocrx_word' id='word_1_524' title='bbox 1193 4236 1324 4274; x_wconf 90' lang='grc' dir='ltr'>ποτε</span> <span class='ocrx_word' id='word_1_525' title='bbox 1366 4224 1465 4291; x_wconf 84' lang='grc' dir='ltr'>τῆς</span> <span class='ocrx_word' id='word_1_526' title='bbox 1493 4221 1662 4292; x_wconf 78' lang='grc' dir='ltr'>αὐτῆς</span> <span class='ocrx_word' id='word_1_527' title='bbox 1695 4223 1867 4293; x_wconf 78' lang='grc' dir='ltr'>ὄνομα</span> 
     </span>
    </p>
   </div>
   <div class='ocr_carea' id='block_1_74' title="bbox 292 4305 1864 4386">
    <p class='ocr_par' dir='ltr' id='par_1_74' title="bbox 292 4305 1864 4386">
     <span class='ocr_line' id='line_1_74' title="bbox 292 4305 1864 4386; baseline 0.004 -25"><span class='ocrx_word' id='word_1_528' title='bbox 292 4310 375 4380; x_wconf 85' lang='grc' dir='ltr'><strong>εἴη</strong></span> <span class='ocrx_word' id='word_1_529' title='bbox 409 4309 469 4362; x_wconf 81' lang='grc' dir='ltr'>τὸ</span> <span class='ocrx_word' id='word_1_530' title='bbox 505 4309 632 4368; x_wconf 79' lang='grc' dir='ltr'>Υἱός</span> <span class='ocrx_word' id='word_1_531' title='bbox 658 4311 698 4378; x_wconf 81' lang='grc'><strong>)’</strong></span> <span class='ocrx_word' id='word_1_532' title='bbox 755 4311 804 4362; x_wconf 90' lang='grc' dir='ltr'><strong>εί</strong></span> <span class='ocrx_word' id='word_1_533' title='bbox 843 4309 900 4363; x_wconf 82' lang='grc' dir='ltr'>δὲ</span> <span class='ocrx_word' id='word_1_534' title='bbox 937 4311 1237 4380; x_wconf 83' lang='grc' dir='ltr'>ἐνεργείας,</span> <span class='ocrx_word' id='word_1_535' title='bbox 1293 4313 1480 4382; x_wconf 84' lang='grc' dir='ltr'>σαφῶς</span> <span class='ocrx_word' id='word_1_536' title='bbox 1512 4305 1608 4367; x_wconf 77' lang='grc' dir='ltr'>τοῦ</span> <span class='ocrx_word' id='word_1_537' title='bbox 1653 4315 1864 4386; x_wconf 75' lang='grc' dir='ltr'>Πατρὺς</span> 
     </span>
    </p>
   </div>
   <div class='ocr_carea' id='block_1_75' title="bbox 294 4400 1864 4479">
    <p class='ocr_par' dir='ltr' id='par_1_75' title="bbox 294 4400 1864 4479">
     <span class='ocr_line' id='line_1_75' title="bbox 294 4400 1864 4479; baseline 0.004 -25"><span class='ocrx_word' id='word_1_538' title='bbox 294 4401 503 4472; x_wconf 77' lang='grc' dir='ltr'>ποίημα</span> <span class='ocrx_word' id='word_1_539' title='bbox 535 4400 627 4453; x_wconf 78' lang='grc' dir='ltr'>τὸν</span> <span class='ocrx_word' id='word_1_540' title='bbox 666 4401 788 4454; x_wconf 57' lang='lat' dir='ltr'><strong>re»;</strong></span> <span class='ocrx_word' id='word_1_541' title='bbox 829 4402 1227 4472; x_wconf 78' lang='grc' dir='ltr'>ὁμολογοῦντας</span> <span class='ocrx_word' id='word_1_542' title='bbox 1275 4405 1545 4470; x_wconf 80' lang='grc' dir='ltr'>δείξωσιν,</span> <span class='ocrx_word' id='word_1_543' title='bbox 1590 4407 1664 4470; x_wconf 83' lang='grc' dir='ltr'>ὡς</span> <span class='ocrx_word' id='word_1_544' title='bbox 1713 4408 1864 4479; x_wconf 80' lang='grc' dir='ltr'><strong>ἐνέρ-</strong></span> 
     </span>
    </p>
   </div>
   <div class='ocr_carea' id='block_1_76' title="bbox 287 4493 1866 4566">
    <p class='ocr_par' dir='ltr' id='par_1_76' title="bbox 287 4493 1866 4566">
     <span class='ocr_line' id='line_1_76' title="bbox 287 4493 1866 4566; baseline 0.006 -23"><span class='ocrx_word' id='word_1_545' title='bbox 287 4509 465 4562; x_wconf 86' lang='grc' dir='ltr'>γημα,</span> <span class='ocrx_word' id='word_1_546' title='bbox 506 4493 646 4560; x_wconf 74' lang='grc' dir='ltr'>μετὰ</span> <span class='ocrx_word' id='word_1_547' title='bbox 668 4493 728 4546; x_wconf 79' lang='grc' dir='ltr'>τὸ</span> <span class='ocrx_word' id='word_1_548' title='bbox 759 4494 857 4562; x_wconf 83' lang='grc' dir='ltr'>τὴν</span> <span class='ocrx_word' id='word_1_549' title='bbox 891 4496 1230 4564; x_wconf 81' lang='grc' dir='ltr'>κυριολεξίαν</span> <span class='ocrx_word' id='word_1_550' title='bbox 1269 4497 1626 4564; x_wconf 83' lang='grc' dir='ltr'>ἀντιθετικῶς</span> <span class='ocrx_word' id='word_1_551' title='bbox 1663 4499 1866 4566; x_wconf 81' lang='grc' dir='ltr'>διεξελ-</span> 
     </span>
    </p>
   </div>
   <div class='ocr_carea' id='block_1_77' title="bbox 290 4583 1864 4661">
    <p class='ocr_par' dir='ltr' id='par_1_77' title="bbox 290 4583 1864 4661">
     <span class='ocr_line' id='line_1_77' title="bbox 290 4583 1864 4661; baseline 0.005 -25"><span class='ocrx_word' id='word_1_552' title='bbox 290 4583 403 4636; x_wconf 78' lang='grc' dir='ltr'>θεῖν</span> <span class='ocrx_word' id='word_1_553' title='bbox 453 4585 656 4648; x_wconf 81' lang='grc' dir='ltr'>εὐθέως</span> <span class='ocrx_word' id='word_1_554' title='bbox 717 4586 853 4654; x_wconf 78' lang='grc' dir='ltr'>πρὸς</span> <span class='ocrx_word' id='word_1_555' title='bbox 881 4586 1081 4650; x_wconf 81' lang='grc' dir='ltr'>αὐτοὺς</span> <span class='ocrx_word' id='word_1_556' title='bbox 1108 4587 1200 4640; x_wconf 80' lang='grc' dir='ltr'>τὸν</span> <span class='ocrx_word' id='word_1_557' title='bbox 1239 4588 1558 4643; x_wconf 82' lang='grc' dir='ltr'>διδάσκαλον</span> <span class='ocrx_word' id='word_1_558' title='bbox 1603 4591 1864 4661; x_wconf 78' lang='grc' dir='ltr'>εἰρηκότα</span> 
     </span>
    </p>
   </div>
   <div class='ocr_carea' id='block_1_78' title="bbox 287 4669 1862 4752">
    <p class='ocr_par' dir='ltr' id='par_1_78' title="bbox 287 4669 1862 4752">
     <span class='ocr_line' id='line_1_78' title="bbox 287 4669 1862 4752; baseline 0.006 -26"><span class='ocrx_word' id='word_1_559' title='bbox 287 4673 412 4727; x_wconf 77' lang='grc' dir='ltr'>οὔτε</span> <span class='ocrx_word' id='word_1_560' title='bbox 449 4675 636 4736; x_wconf 78' lang='grc' dir='ltr'>οὐσίας</span> <span class='ocrx_word' id='word_1_561' title='bbox 662 4669 800 4729; x_wconf 74' lang='grc' dir='ltr'>εἶναι</span> <span class='ocrx_word' id='word_1_562' title='bbox 834 4677 895 4730; x_wconf 72' lang='grc' dir='ltr'><strong>τὸ</strong></span> <span class='ocrx_word' id='word_1_563' title='bbox 927 4677 1124 4744; x_wconf 72' lang='grc' dir='ltr'>πατὴρ</span> <span class='ocrx_word' id='word_1_564' title='bbox 1151 4677 1343 4748; x_wconf 80' lang='grc' dir='ltr'>ὄνομα,</span> <span class='ocrx_word' id='word_1_565' title='bbox 1394 4679 1518 4733; x_wconf 79' lang='grc' dir='ltr'>οὕτε</span> <span class='ocrx_word' id='word_1_566' title='bbox 1557 4681 1862 4752; x_wconf 77' lang='grc' dir='ltr'>ἐνεργείας,</span> 
     </span>
    </p>
   </div>
   <div class='ocr_carea' id='block_1_79' title="bbox 242 4761 1860 4838">
    <p class='ocr_par' dir='ltr' id='par_1_79' title="bbox 242 4761 1860 4838">
     <span class='ocr_line' id='line_1_79' title="bbox 242 4761 1860 4838; baseline 0.007 -26"><span class='ocrx_word' id='word_1_567' title='bbox 242 4781 251 4789; x_wconf 92' lang='grc'><strong>·</strong></span> <span class='ocrx_word' id='word_1_568' title='bbox 287 4761 427 4816; x_wconf 81' lang='grc' dir='ltr'><strong>ἀλλά</strong></span> <span class='ocrx_word' id='word_1_569' title='bbox 464 4763 724 4832; x_wconf 78' lang='grc' dir='ltr'>σχέσεως,</span> <span class='ocrx_word' id='word_1_570' title='bbox 771 4765 986 4818; x_wconf 75' lang='grc' dir='ltr'>καὶτοῦ</span> <span class='ocrx_word' id='word_1_571' title='bbox 1021 4765 1140 4826; x_wconf 84' lang='grc' dir='ltr'><strong>πῶς</strong></span> <span class='ocrx_word' id='word_1_572' title='bbox 1189 4767 1302 4836; x_wconf 75' lang='grc' dir='ltr'>ἔχει</span> <span class='ocrx_word' id='word_1_573' title='bbox 1353 4769 1490 4838; x_wconf 79' lang='grc' dir='ltr'>πρὸς</span> <span class='ocrx_word' id='word_1_574' title='bbox 1525 4768 1625 4821; x_wconf 81' lang='grc' dir='ltr'>’τὸν</span> <span class='ocrx_word' id='word_1_575' title='bbox 1669 4770 1796 4822; x_wconf 75' lang='grc' dir='ltr'>Υἱδν</span> <span class='ocrx_word' id='word_1_576' title='bbox 1831 4775 1860 4825; x_wconf 83' lang='grc' dir='ltr'>ὁ</span> 
     </span>
    </p>
   </div>
   <div class='ocr_carea' id='block_1_80' title="bbox 287 4851 1858 4930">
    <p class='ocr_par' dir='ltr' id='par_1_80' title="bbox 287 4851 1858 4930">
     <span class='ocr_line' id='line_1_80' title="bbox 287 4851 1858 4930; baseline 0.006 -27"><span class='ocrx_word' id='word_1_577' title='bbox 287 4851 496 4922; x_wconf 80' lang='grc' dir='ltr'>Πατὴρ,</span> <span class='ocrx_word' id='word_1_578' title='bbox 527 4854 558 4924; x_wconf 85' lang='grc' dir='ltr'>ἢ</span> <span class='ocrx_word' id='word_1_579' title='bbox 589 4855 618 4905; x_wconf 86' lang='grc' dir='ltr'><strong>ό</strong></span> <span class='ocrx_word' id='word_1_580' title='bbox 643 4853 769 4918; x_wconf 79' lang='grc' dir='ltr'>Υίὸς</span> <span class='ocrx_word' id='word_1_581' title='bbox 799 4856 934 4926; x_wconf 77' lang='grc' dir='ltr'>πρὸς</span> <span class='ocrx_word' id='word_1_582' title='bbox 962 4856 1052 4909; x_wconf 82' lang='grc' dir='ltr'><strong>τὸν</strong></span> <span class='ocrx_word' id='word_1_583' title='bbox 1100 4858 1338 4928; x_wconf 78' lang='grc' dir='ltr'>Πατέρα,</span> <span class='ocrx_word' id='word_1_584' title='bbox 1374 4862 1858 4930; x_wconf 77' lang='grc' dir='ltr'>συμπεριφορικῶς</span> 
     </span>
    </p>
   </div>
   <div class='ocr_carea' id='block_1_81' title="bbox 286 4943 1862 5018">
    <p class='ocr_par' dir='ltr' id='par_1_81' title="bbox 286 4943 1862 5018">
     <span class='ocr_line' id='line_1_81' title="bbox 286 4943 1862 5018; baseline 0.008 -24"><span class='ocrx_word' id='word_1_585' title='bbox 286 4943 556 5013; x_wconf 78' lang='grc' dir='ltr'>ἐνήγαγεν</span> <span class='ocrx_word' id='word_1_586' title='bbox 598 4945 790 4998; x_wconf 81' lang='grc' dir='ltr'>εἰπών·</span> <span class='ocrx_word' id='word_1_587' title='bbox 855 4967 872 4998; x_wconf 78' lang='grc' dir='ltr'><strong>ι</strong></span> <span class='ocrx_word' id='word_1_588' title='bbox 905 4948 1085 5001; x_wconf 82' lang='grc' dir='ltr'>Ἔστω</span> <span class='ocrx_word' id='word_1_589' title='bbox 1135 4951 1226 5002; x_wconf 78' lang='grc' dir='ltr'>καὶ</span> <span class='ocrx_word' id='word_1_590' title='bbox 1279 4951 1580 5018; x_wconf 72' lang='grc' dir='ltr'>ἐνεργείας,</span> <span class='ocrx_word' id='word_1_591' title='bbox 1627 4953 1674 5004; x_wconf 84' lang='grc' dir='ltr'><strong>εί</strong></span> <span class='ocrx_word' id='word_1_592' title='bbox 1705 4953 1862 5007; x_wconf 83' lang='grc' dir='ltr'>τοῦτο</span> 
     </span>
    </p>
   </div>
   <div class='ocr_carea' id='block_1_82' title="bbox 285 5033 1862 5115">
    <p class='ocr_par' dir='ltr' id='par_1_82' title="bbox 285 5033 1862 5115">
     <span class='ocr_line' id='line_1_82' title="bbox 285 5033 1862 5115; baseline 0.008 -29"><span class='ocrx_word' id='word_1_593' title='bbox 285 5033 451 5099; x_wconf 80' lang='grc' dir='ltr'>δοκεῖ,</span> <span class='ocrx_word' id='word_1_594' title='bbox 480 5055 497 5086; x_wconf 69' lang='grc' dir='ltr'>ι</span> <span class='ocrx_word' id='word_1_595' title='bbox 535 5038 628 5090; x_wconf 77' lang='grc' dir='ltr'>καὶ</span> <span class='ocrx_word' id='word_1_596' title='bbox 671 5039 946 5108; x_wconf 69' lang='grc' dir='ltr'>ἐπιφέρει·</span> <span class='ocrx_word' id='word_1_597' title='bbox 1001 5058 1020 5092; x_wconf 87' lang='grc'>‹</span> <span class='ocrx_word' id='word_1_598' title='bbox 1053 5041 1194 5093; x_wconf 68' lang='grc' dir='ltr'><strong>Αὐτὸ</strong></span> <span class='ocrx_word' id='word_1_599' title='bbox 1241 5042 1297 5094; x_wconf 78' lang='grc' dir='ltr'>δὲ</span> <span class='ocrx_word' id='word_1_600' title='bbox 1338 5042 1498 5094; x_wconf 78' lang='grc' dir='ltr'>τοῦτο</span> <span class='ocrx_word' id='word_1_601' title='bbox 1537 5044 1862 5115; x_wconf 82' lang='grc' dir='ltr'>ἐνηργηκὼς</span> 
     </span>
    </p>
   </div>
   <div class='ocr_carea' id='block_1_83' title="bbox 287 5127 1862 5204">
    <p class='ocr_par' dir='ltr' id='par_1_83' title="bbox 287 5127 1862 5204">
     <span class='ocr_line' id='line_1_83' title="bbox 287 5127 1862 5204; baseline 0.007 -25"><span class='ocrx_word' id='word_1_602' title='bbox 287 5127 355 5179; x_wconf 84' lang='grc' dir='ltr'>ἂν</span> <span class='ocrx_word' id='word_1_603' title='bbox 405 5133 488 5199; x_wconf 76' lang='grc' dir='ltr'><strong>εἴη</strong></span> <span class='ocrx_word' id='word_1_604' title='bbox 542 5130 603 5183; x_wconf 76' lang='grc' dir='ltr'><strong>τὺ</strong></span> <span class='ocrx_word' id='word_1_605' title='bbox 640 5131 950 5200; x_wconf 86' lang='grc' dir='ltr'>ὁμοούσιον.</span> <span class='ocrx_word' id='word_1_606' title='bbox 982 5152 1000 5181; x_wconf 69' lang='grc' dir='ltr'>ρ</span> <span class='ocrx_word' id='word_1_607' title='bbox 1055 5132 1177 5196; x_wconf 87' lang='grc' dir='ltr'>Πῶς</span> <span class='ocrx_word' id='word_1_608' title='bbox 1213 5129 1308 5186; x_wconf 74' lang='grc' dir='ltr'>οὖν</span> <span class='ocrx_word' id='word_1_609' title='bbox 1346 5135 1560 5203; x_wconf 84' lang='grc' dir='ltr'>ἐνεργεῖ</span> <span class='ocrx_word' id='word_1_610' title='bbox 1587 5135 1646 5188; x_wconf 79' lang='grc' dir='ltr'>τὸ</span> <span class='ocrx_word' id='word_1_611' title='bbox 1669 5136 1862 5204; x_wconf 87' lang='grc' dir='ltr'>ὁμοού-</span> 
     </span>
    </p>
   </div>
   <div class='ocr_carea' id='block_1_84' title="bbox 287 5218 1860 5292">
    <p class='ocr_par' dir='ltr' id='par_1_84' title="bbox 287 5218 1860 5292">
     <span class='ocr_line' id='line_1_84' title="bbox 287 5218 1860 5292; baseline 0.006 -20"><span class='ocrx_word' id='word_1_612' title='bbox 287 5235 430 5284; x_wconf 64' lang='lat' dir='ltr'><strong>nov;</strong></span> <span class='ocrx_word' id='word_1_613' title='bbox 467 5218 699 5292; x_wconf 78' lang='grc' dir='ltr'>ζητήσαι</span> <span class='ocrx_word' id='word_1_614' title='bbox 738 5238 821 5284; x_wconf 89' lang='grc' dir='ltr'><strong>τις</strong></span> <span class='ocrx_word' id='word_1_615' title='bbox 867 5221 932 5274; x_wconf 85' lang='grc' dir='ltr'>ἂν</span> <span class='ocrx_word' id='word_1_616' title='bbox 970 5221 1132 5292; x_wconf 77' lang='grc' dir='ltr'>τυχὸν</span> <span class='ocrx_word' id='word_1_617' title='bbox 1162 5223 1270 5276; x_wconf 90' lang='grc' dir='ltr'><strong>τῶν</strong></span> <span class='ocrx_word' id='word_1_618' title='bbox 1313 5225 1454 5292; x_wconf 82' lang='grc' dir='ltr'>ἄγαν</span> <span class='ocrx_word' id='word_1_619' title='bbox 1499 5225 1860 5292; x_wconf 78' lang='grc' dir='ltr'>ἐξεταστικῶν</span> 
     </span>
    </p>
   </div>
   <div class='ocr_carea' id='block_1_85' title="bbox 287 5312 1855 5388">
    <p class='ocr_par' dir='ltr' id='par_1_85' title="bbox 287 5312 1855 5388">
     <span class='ocr_line' id='line_1_85' title="bbox 287 5312 1855 5388; baseline 0.006 -24"><span class='ocrx_word' id='word_1_620' title='bbox 287 5312 381 5365; x_wconf 74' lang='grc' dir='ltr'>καὶ</span> <span class='ocrx_word' id='word_1_621' title='bbox 433 5312 598 5384; x_wconf 79' lang='grc' dir='ltr'>μηδὲν</span> <span class='ocrx_word' id='word_1_622' title='bbox 639 5313 749 5365; x_wconf 85' lang='grc' dir='ltr'><strong>τῶν</strong></span> <span class='ocrx_word' id='word_1_623' title='bbox 797 5315 1188 5384; x_wconf 76' lang='grc' dir='ltr'>συμφερόντων</span> <span class='ocrx_word' id='word_1_624' title='bbox 1230 5317 1446 5384; x_wconf 78' lang='grc' dir='ltr'>ἀγνοεῖν</span> <span class='ocrx_word' id='word_1_625' title='bbox 1491 5319 1855 5388; x_wconf 77' lang='grc' dir='ltr'>ἀνεχομένων.</span> 
     </span>
    </p>
   </div>
   <div class='ocr_carea' id='block_1_86' title="bbox 286 5398 1856 5474">
    <p class='ocr_par' dir='ltr' id='par_1_86' title="bbox 286 5398 1856 5474">
     <span class='ocr_line' id='line_1_86' title="bbox 286 5398 1856 5474; baseline 0.006 -23"><span class='ocrx_word' id='word_1_626' title='bbox 286 5398 458 5453; x_wconf 66' lang='grc' dir='ltr'>Τοῦτο</span> <span class='ocrx_word' id='word_1_627' title='bbox 503 5400 560 5454; x_wconf 75' lang='grc' dir='ltr'>δὲ</span> <span class='ocrx_word' id='word_1_628' title='bbox 611 5399 754 5454; x_wconf 69' lang='grc' dir='ltr'>κατὰ</span> <span class='ocrx_word' id='word_1_629' title='bbox 782 5402 986 5454; x_wconf 82' lang='grc' dir='ltr'>τοιόνδε</span> <span class='ocrx_word' id='word_1_630' title='bbox 1031 5403 1233 5473; x_wconf 86' lang='grc' dir='ltr'>τρόπον</span> <span class='ocrx_word' id='word_1_631' title='bbox 1269 5403 1717 5474; x_wconf 79' lang='grc' dir='ltr'>ὁμαλισθήσεται.</span> <span class='ocrx_word' id='word_1_632' title='bbox 1753 5407 1856 5460; x_wconf 70' lang='grc' dir='ltr'>Δύο</span> 
     </span>
    </p>
   </div>
   <div class='ocr_carea' id='block_1_87' title="bbox 285 5491 1852 5564">
    <p class='ocr_par' dir='ltr' id='par_1_87' title="bbox 285 5491 1852 5564">
     <span class='ocr_line' id='line_1_87' title="bbox 285 5491 1852 5564; baseline 0.004 -21"><span class='ocrx_word' id='word_1_633' title='bbox 285 5491 515 5545; x_wconf 69' lang='grc' dir='ltr'>καθόλου</span> <span class='ocrx_word' id='word_1_634' title='bbox 565 5493 662 5556; x_wconf 70' lang='grc' dir='ltr'><strong>τὰς</strong></span> <span class='ocrx_word' id='word_1_635' title='bbox 713 5494 990 5563; x_wconf 77' lang='grc' dir='ltr'>ἐνεργείας</span> <span class='ocrx_word' id='word_1_636' title='bbox 1040 5491 1181 5549; x_wconf 80' lang='grc' dir='ltr'><strong>εἷναί</strong></span> <span class='ocrx_word' id='word_1_637' title='bbox 1243 5513 1406 5564; x_wconf 70' lang='grc' dir='ltr'>φασιν</span> <span class='ocrx_word' id='word_1_638' title='bbox 1447 5499 1504 5549; x_wconf 85' lang='grc' dir='ltr'>ὲν</span> <span class='ocrx_word' id='word_1_639' title='bbox 1552 5500 1665 5560; x_wconf 77' lang='grc' dir='ltr'>τοῖς</span> <span class='ocrx_word' id='word_1_640' title='bbox 1711 5498 1852 5562; x_wconf 71' lang='grc' dir='ltr'>οὖσι,</span> 
     </span>
    </p>
   </div>
   <div class='ocr_carea' id='block_1_88' title="bbox 2049 3212 3552 3271">
    <p class='ocr_par' dir='ltr' id='par_1_88' title="bbox 2049 3212 3552 3271">
     <span class='ocr_line' id='line_1_88' title="bbox 2049 3212 3552 3271; baseline 0.001 -2"><span class='ocrx_word' id='word_1_641' title='bbox 2049 3231 2264 3270; x_wconf 79' lang='lat' dir='ltr'><strong>causam</strong></span> <span class='ocrx_word' id='word_1_642' title='bbox 2311 3213 2622 3269; x_wconf 70' lang='lat' dir='ltr'><strong>obtinebitis.</strong></span> <span class='ocrx_word' id='word_1_643' title='bbox 2671 3212 2870 3266; x_wconf 77' lang='lat' dir='ltr'><strong>Eodem</strong></span> <span class='ocrx_word' id='word_1_644' title='bbox 2917 3215 3056 3268; x_wconf 87' lang='lat' dir='ltr'><strong>enim</strong></span> <span class='ocrx_word' id='word_1_645' title='bbox 3120 3213 3272 3267; x_wconf 88' lang='lat' dir='ltr'><strong>modo</strong></span> <span class='ocrx_word' id='word_1_646' title='bbox 3325 3215 3552 3271; x_wconf 75' lang='lat' dir='ltr'><strong>dicemus</strong></span> 
     </span>
    </p>
   </div>
   <div class='ocr_carea' id='block_1_89' title="bbox 2047 3302 3554 3376">
    <p class='ocr_par' dir='ltr' id='par_1_89' title="bbox 2047 3302 3554 3376">
     <span class='ocr_line' id='line_1_89' title="bbox 2047 3302 3554 3376; baseline 0.001 -18"><span class='ocrx_word' id='word_1_647' title='bbox 2047 3307 2142 3360; x_wconf 86' lang='lat' dir='ltr'><strong>hoc</strong></span> <span class='ocrx_word' id='word_1_648' title='bbox 2173 3304 2344 3376; x_wconf 84' lang='lat' dir='ltr'><strong>ipsum</strong></span> <span class='ocrx_word' id='word_1_649' title='bbox 2361 3305 2524 3375; x_wconf 84' lang='lat' dir='ltr'><strong>egisse</strong></span> <span class='ocrx_word' id='word_1_650' title='bbox 2563 3302 2818 3367; x_wconf 84' lang='lat' dir='ltr'><strong>Patrem,</strong></span> <span class='ocrx_word' id='word_1_651' title='bbox 2858 3312 2914 3356; x_wconf 90' lang='lat' dir='ltr'><strong>ut</strong></span> <span class='ocrx_word' id='word_1_652' title='bbox 2956 3303 3418 3360; x_wconf 82' lang='lat' dir='ltr'><strong>consubstantialis</strong></span> <span class='ocrx_word' id='word_1_653' title='bbox 3453 3307 3554 3376; x_wconf 80' lang='lat' dir='ltr'><strong>ipsi</strong></span> 
     </span>
    </p>
   </div>
   <div class='ocr_carea' id='block_1_90' title="bbox 2048 3392 3538 3462">
    <p class='ocr_par' dir='ltr' id='par_1_90' title="bbox 2048 3392 3538 3462">
     <span class='ocr_line' id='line_1_90' title="bbox 2048 3392 3538 3462; baseline -0.001 -14"><span class='ocrx_word' id='word_1_654' title='bbox 2048 3393 2209 3448; x_wconf 82' lang='lat' dir='ltr'><strong>Filius</strong></span> <span class='ocrx_word' id='word_1_655' title='bbox 2241 3404 2392 3459; x_wconf 84' lang='lat' dir='ltr'><strong>esset;</strong></span> <span class='ocrx_word' id='word_1_656' title='bbox 2442 3394 2537 3447; x_wconf 78' lang='lat' dir='ltr'><strong>etsi</strong></span> <span class='ocrx_word' id='word_1_657' title='bbox 2595 3392 2830 3462; x_wconf 84' lang='lat' dir='ltr'><strong>alioquin</strong></span> <span class='ocrx_word' id='word_1_658' title='bbox 2878 3392 3198 3446; x_wconf 76' lang='lat' dir='ltr'><strong>absurditate</strong></span> <span class='ocrx_word' id='word_1_659' title='bbox 3229 3411 3333 3448; x_wconf 87' lang='lat' dir='ltr'><strong>non</strong></span> <span class='ocrx_word' id='word_1_660' title='bbox 3393 3405 3538 3448; x_wconf 87' lang='lat' dir='ltr'><strong>caret</strong></span> 
     </span>
    </p>
   </div>
   <div class='ocr_carea' id='block_1_91' title="bbox 2045 3485 2878 3557">
    <p class='ocr_par' dir='ltr' id='par_1_91' title="bbox 2045 3485 2878 3557">
     <span class='ocr_line' id='line_1_91' title="bbox 2045 3485 2878 3557; baseline -0.004 -18"><span class='ocrx_word' id='word_1_661' title='bbox 2045 3485 2346 3557; x_wconf 84' lang='lat' dir='ltr'><strong>Imjusmodi</strong></span> <span class='ocrx_word' id='word_1_662' title='bbox 2391 3485 2611 3538; x_wconf 78' lang='lat' dir='ltr'><strong>actionis</strong></span> <span class='ocrx_word' id='word_1_663' title='bbox 2637 3485 2834 3554; x_wconf 83' lang='lat' dir='ltr'><strong>opinio.</strong></span> <span class='ocrx_word' id='word_1_664' title='bbox 2861 3503 2878 3534; x_wconf 77' lang='grc' dir='ltr'>ι</span> 
     </span>
    </p>
   </div>
   <div class='ocr_carea' id='block_1_92' title="bbox 2046 3595 3552 3664">
    <p class='ocr_par' dir='ltr' id='par_1_92' title="bbox 2046 3595 3552 3664">
     <span class='ocr_line' id='line_1_92' title="bbox 2046 3595 3552 3664; baseline 0.002 -15"><span class='ocrx_word' id='word_1_665' title='bbox 2046 3595 2150 3661; x_wconf 85' lang='lat' dir='ltr'><strong>Qui</strong></span> <span class='ocrx_word' id='word_1_666' title='bbox 2181 3595 2424 3664; x_wconf 83' lang='lat' dir='ltr'><strong>linguam</strong></span> <span class='ocrx_word' id='word_1_667' title='bbox 2451 3602 2711 3662; x_wconf 89' lang='lat' dir='ltr'><strong>tanquam</strong></span> <span class='ocrx_word' id='word_1_668' title='bbox 2748 3597 3073 3648; x_wconf 89' lang='lat' dir='ltr'><strong>novaculam</strong></span> <span class='ocrx_word' id='word_1_669' title='bbox 3113 3604 3309 3650; x_wconf 89' lang='lat' dir='ltr'><strong>contra</strong></span> <span class='ocrx_word' id='word_1_670' title='bbox 3347 3599 3552 3652; x_wconf 83' lang='lat' dir='ltr'><strong>verita-</strong></span> 
     </span>
    </p>
   </div>
   <div class='ocr_carea' id='block_1_93' title="bbox 1979 3675 3552 3758">
    <p class='ocr_par' dir='ltr' id='par_1_93' title="bbox 1979 3675 3552 3758">
     <span class='ocr_line' id='line_1_93' title="bbox 1979 3675 3552 3758; baseline 0.001 -17"><span class='ocrx_word' id='word_1_671' title='bbox 1979 3698 2085 3742; x_wconf 90' lang='lat' dir='ltr'><strong>tcm</strong></span> <span class='ocrx_word' id='word_1_672' title='bbox 2138 3693 2357 3740; x_wconf 87' lang='lat' dir='ltr'><strong>acutam</strong></span> <span class='ocrx_word' id='word_1_673' title='bbox 2403 3683 2609 3738; x_wconf 86' lang='lat' dir='ltr'><strong>habent</strong></span> <span class='ocrx_word' id='word_1_674' title='bbox 2665 3675 3106 3750; x_wconf 85' lang='lat' dir='ltr'><strong>cumdiccrent,</strong></span> <span class='ocrx_word' id='word_1_675' title='bbox 3145 3687 3552 3758; x_wconf 80' lang='lat' dir='ltr'><strong>interrogantes</strong></span> 
     </span>
    </p>
   </div>
   <div class='ocr_carea' id='block_1_94' title="bbox 1976 3771 3550 3839">
    <p class='ocr_par' dir='ltr' id='par_1_94' title="bbox 1976 3771 3550 3839">
     <span class='ocr_line' id='line_1_94' title="bbox 1976 3771 3550 3839; baseline 0.001 -11"><span class='ocrx_word' id='word_1_676' title='bbox 1976 3777 2240 3828; x_wconf 86' lang='lat' dir='ltr'><strong>nimirum</strong></span> <span class='ocrx_word' id='word_1_677' title='bbox 2267 3793 2278 3828; x_wconf 94' lang='lat'>:</span> <span class='ocrx_word' id='word_1_678' title='bbox 2306 3774 2466 3828; x_wconf 89' lang='lat' dir='ltr'><strong>Pater</strong></span> <span class='ocrx_word' id='word_1_679' title='bbox 2485 3771 2813 3828; x_wconf 66' lang='lat' dir='ltr'><strong>essentiarne</strong></span> <span class='ocrx_word' id='word_1_680' title='bbox 2829 3781 2936 3839; x_wconf 89' lang='lat' dir='ltr'><strong>est,</strong></span> <span class='ocrx_word' id='word_1_681' title='bbox 2957 3789 3028 3828; x_wconf 92' lang='lat' dir='ltr'><strong>an</strong></span> <span class='ocrx_word' id='word_1_682' title='bbox 3053 3775 3291 3830; x_wconf 89' lang='lat' dir='ltr'><strong>actionis</strong></span> <span class='ocrx_word' id='word_1_683' title='bbox 3308 3779 3550 3833; x_wconf 85' lang='lat' dir='ltr'><strong>nomen?</strong></span> 
     </span>
    </p>
   </div>
   <div class='ocr_carea' id='block_1_95' title="bbox 1974 3862 3542 3932">
    <p class='ocr_par' dir='ltr' id='par_1_95' title="bbox 1974 3862 3542 3932">
     <span class='ocr_line' id='line_1_95' title="bbox 1974 3862 3542 3932; baseline 0.001 -14"><span class='ocrx_word' id='word_1_684' title='bbox 1974 3874 2054 3927; x_wconf 92' lang='lat' dir='ltr'><strong>ut,</strong></span> <span class='ocrx_word' id='word_1_685' title='bbox 2108 3865 2154 3918; x_wconf 86' lang='lat' dir='ltr'><strong>si</strong></span> <span class='ocrx_word' id='word_1_686' title='bbox 2214 3862 2478 3919; x_wconf 73' lang='lat' dir='ltr'><strong>essentia:</strong></span> <span class='ocrx_word' id='word_1_687' title='bbox 2531 3863 2755 3932; x_wconf 89' lang='lat' dir='ltr'><strong>quidem</strong></span> <span class='ocrx_word' id='word_1_688' title='bbox 2823 3879 3023 3918; x_wconf 89' lang='lat' dir='ltr'><strong>nomen</strong></span> <span class='ocrx_word' id='word_1_689' title='bbox 3090 3880 3214 3920; x_wconf 90' lang='lat' dir='ltr'><strong>esse</strong></span> <span class='ocrx_word' id='word_1_690' title='bbox 3271 3885 3289 3916; x_wconf 78' lang='grc' dir='ltr'><strong>ι</strong></span> <span class='ocrx_word' id='word_1_691' title='bbox 3325 3867 3486 3922; x_wconf 87' lang='lat' dir='ltr'><strong>Pater</strong></span> <span class='ocrx_word' id='word_1_692' title='bbox 3522 3889 3542 3919; x_wconf 74' lang='grc' dir='ltr'>ι</span> 
     </span>
    </p>
   </div>
   <div class='ocr_carea' id='block_1_96' title="bbox 1974 3954 3548 4020">
    <p class='ocr_par' dir='ltr' id='par_1_96' title="bbox 1974 3954 3548 4020">
     <span class='ocr_line' id='line_1_96' title="bbox 1974 3954 3548 4020; baseline 0.001 -8"><span class='ocrx_word' id='word_1_693' title='bbox 1974 3956 2346 4020; x_wconf 86' lang='lat' dir='ltr'><strong>statuerimus,</strong></span> <span class='ocrx_word' id='word_1_694' title='bbox 2412 3954 2539 4010; x_wconf 86' lang='lat' dir='ltr'><strong>inde</strong></span> <span class='ocrx_word' id='word_1_695' title='bbox 2621 3955 2813 4010; x_wconf 78' lang='lat' dir='ltr'><strong>alienae</strong></span> <span class='ocrx_word' id='word_1_696' title='bbox 2887 3958 2920 4009; x_wconf 73' lang='grc' dir='ltr'><strong>ει</strong></span> <span class='ocrx_word' id='word_1_697' title='bbox 2988 3957 3148 4011; x_wconf 85' lang='lat' dir='ltr'><strong>Patre</strong></span> <span class='ocrx_word' id='word_1_698' title='bbox 3228 3957 3548 4014; x_wconf 78' lang='lat' dir='ltr'><strong>substantiae</strong></span> 
     </span>
    </p>
   </div>
   <div class='ocr_carea' id='block_1_97' title="bbox 1977 4047 3550 4118">
    <p class='ocr_par' dir='ltr' id='par_1_97' title="bbox 1977 4047 3550 4118">
     <span class='ocr_line' id='line_1_97' title="bbox 1977 4047 3550 4118; baseline 0.003 -16"><span class='ocrx_word' id='word_1_699' title='bbox 1977 4049 2170 4102; x_wconf 77' lang='lat' dir='ltr'><strong>Filium</strong></span> <span class='ocrx_word' id='word_1_700' title='bbox 2243 4063 2366 4103; x_wconf 89' lang='lat' dir='ltr'><strong>esse</strong></span> <span class='ocrx_word' id='word_1_701' title='bbox 2461 4048 2746 4118; x_wconf 89' lang='lat' dir='ltr'><strong>colligant,</strong></span> <span class='ocrx_word' id='word_1_702' title='bbox 2809 4047 2956 4118; x_wconf 89' lang='lat' dir='ltr'><strong>quod</strong></span> <span class='ocrx_word' id='word_1_703' title='bbox 3031 4049 3225 4104; x_wconf 87' lang='lat' dir='ltr'><strong>eadem</strong></span> <span class='ocrx_word' id='word_1_704' title='bbox 3291 4057 3550 4106; x_wconf 79' lang='lat' dir='ltr'><strong>substan-</strong></span> 
     </span>
    </p>
   </div>
   <div class='ocr_carea' id='block_1_98' title="bbox 1974 4139 3549 4211">
    <p class='ocr_par' dir='ltr' id='par_1_98' title="bbox 1974 4139 3549 4211">
     <span class='ocr_line' id='line_1_98' title="bbox 1974 4139 3549 4211; baseline 0.002 -18"><span class='ocrx_word' id='word_1_705' title='bbox 1974 4139 2048 4194; x_wconf 88' lang='lat' dir='ltr'><strong>tia</strong></span> <span class='ocrx_word' id='word_1_706' title='bbox 2084 4139 2196 4193; x_wconf 88' lang='lat' dir='ltr'><strong>duo</strong></span> <span class='ocrx_word' id='word_1_707' title='bbox 2233 4147 2290 4193; x_wconf 88' lang='lat' dir='ltr'><strong>et</strong></span> <span class='ocrx_word' id='word_1_708' title='bbox 2351 4139 2570 4194; x_wconf 89' lang='lat' dir='ltr'><strong>diversa</strong></span> <span class='ocrx_word' id='word_1_709' title='bbox 2623 4139 2846 4210; x_wconf 87' lang='lat' dir='ltr'><strong>proprie</strong></span> <span class='ocrx_word' id='word_1_710' title='bbox 2905 4140 3053 4194; x_wconf 86' lang='lat' dir='ltr'><strong>haud</strong></span> <span class='ocrx_word' id='word_1_711' title='bbox 3101 4141 3282 4211; x_wconf 88' lang='lat' dir='ltr'><strong>capiat</strong></span> <span class='ocrx_word' id='word_1_712' title='bbox 3325 4144 3549 4198; x_wconf 86' lang='lat' dir='ltr'><strong>nomina</strong></span> 
     </span>
    </p>
   </div>
   <div class='ocr_carea' id='block_1_99' title="bbox 1975 4227 3550 4302">
    <p class='ocr_par' dir='ltr' id='par_1_99' title="bbox 1975 4227 3550 4302">
     <span class='ocr_line' id='line_1_99' title="bbox 1975 4227 3550 4302; baseline 0.003 -23"><span class='ocrx_word' id='word_1_713' title='bbox 1975 4227 2120 4297; x_wconf 91' lang='lat' dir='ltr'><strong>(nam</strong></span> <span class='ocrx_word' id='word_1_714' title='bbox 2148 4227 2193 4281; x_wconf 84' lang='lat' dir='ltr'><strong>si</strong></span> <span class='ocrx_word' id='word_1_715' title='bbox 2225 4229 2386 4282; x_wconf 88' lang='lat' dir='ltr'><strong>Pater</strong></span> <span class='ocrx_word' id='word_1_716' title='bbox 2405 4228 2657 4282; x_wconf 64' lang='lat' dir='ltr'><strong>essetitiae</strong></span> <span class='ocrx_word' id='word_1_717' title='bbox 2677 4236 2762 4281; x_wconf 90' lang='lat' dir='ltr'><strong>est</strong></span> <span class='ocrx_word' id='word_1_718' title='bbox 2791 4242 3014 4294; x_wconf 89' lang='lat' dir='ltr'><strong>nomen,</strong></span> <span class='ocrx_word' id='word_1_719' title='bbox 3034 4245 3382 4300; x_wconf 87' lang='lat' dir='ltr'><strong>nequaquam</strong></span> <span class='ocrx_word' id='word_1_720' title='bbox 3405 4233 3550 4302; x_wconf 82' lang='lat' dir='ltr'><strong>ejus-</strong></span> 
     </span>
    </p>
   </div>
   <div class='ocr_carea' id='block_1_100' title="bbox 1972 4317 3548 4387">
    <p class='ocr_par' dir='ltr' id='par_1_100' title="bbox 1972 4317 3548 4387">
     <span class='ocr_line' id='line_1_100' title="bbox 1972 4317 3548 4387; baseline 0.003 -14"><span class='ocrx_word' id='word_1_721' title='bbox 1972 4319 2098 4374; x_wconf 91' lang='lat' dir='ltr'><strong>dem</strong></span> <span class='ocrx_word' id='word_1_722' title='bbox 2129 4318 2204 4374; x_wconf 89' lang='lat' dir='ltr'><strong>sit</strong></span> <span class='ocrx_word' id='word_1_723' title='bbox 2237 4337 2256 4370; x_wconf 75' lang='grc' dir='ltr'><strong>ι</strong></span> <span class='ocrx_word' id='word_1_724' title='bbox 2298 4320 2497 4374; x_wconf 68' lang='lat' dir='ltr'><strong>Filius»</strong></span> <span class='ocrx_word' id='word_1_725' title='bbox 2525 4335 2730 4374; x_wconf 90' lang='lat' dir='ltr'><strong>nomen</strong></span> <span class='ocrx_word' id='word_1_726' title='bbox 2775 4317 2816 4387; x_wconf 94' lang='lat'><strong>),</strong></span> <span class='ocrx_word' id='word_1_727' title='bbox 2859 4320 2945 4374; x_wconf 89' lang='lat' dir='ltr'><strong>sin</strong></span> <span class='ocrx_word' id='word_1_728' title='bbox 2978 4319 3238 4384; x_wconf 74' lang='lat' dir='ltr'><strong>actionis,</strong></span> <span class='ocrx_word' id='word_1_729' title='bbox 3279 4332 3339 4376; x_wconf 93' lang='lat' dir='ltr'><strong>ut</strong></span> <span class='ocrx_word' id='word_1_730' title='bbox 3400 4325 3548 4377; x_wconf 87' lang='lat' dir='ltr'><strong>clare</strong></span> 
     </span>
    </p>
   </div>
   <div class='ocr_carea' id='block_1_101' title="bbox 1972 4409 3547 4479">
    <p class='ocr_par' dir='ltr' id='par_1_101' title="bbox 1972 4409 3547 4479">
     <span class='ocr_line' id='line_1_101' title="bbox 1972 4409 3547 4479; baseline 0.004 -18"><span class='ocrx_word' id='word_1_731' title='bbox 1972 4417 2136 4478; x_wconf 85' lang='lat' dir='ltr'><strong>atque</strong></span> <span class='ocrx_word' id='word_1_732' title='bbox 2165 4419 2353 4479; x_wconf 89' lang='lat' dir='ltr'><strong>aperte</strong></span> <span class='ocrx_word' id='word_1_733' title='bbox 2391 4410 2590 4464; x_wconf 84' lang='lat' dir='ltr'><strong>Filium</strong></span> <span class='ocrx_word' id='word_1_734' title='bbox 2651 4409 2831 4464; x_wconf 86' lang='lat' dir='ltr'><strong>Patris</strong></span> <span class='ocrx_word' id='word_1_735' title='bbox 2869 4411 3250 4466; x_wconf 76' lang='lat' dir='ltr'><strong>conditionem</strong></span> <span class='ocrx_word' id='word_1_736' title='bbox 3302 4422 3547 4468; x_wconf 85' lang='lat' dir='ltr'><strong>statuere</strong></span> 
     </span>
    </p>
   </div>
   <div class='ocr_carea' id='block_1_102' title="bbox 1970 4499 3542 4568">
    <p class='ocr_par' dir='ltr' id='par_1_102' title="bbox 1970 4499 3542 4568">
     <span class='ocr_line' id='line_1_102' title="bbox 1970 4499 3542 4568; baseline 0.003 -16"><span class='ocrx_word' id='word_1_737' title='bbox 1970 4513 2092 4563; x_wconf 90' lang='lat' dir='ltr'><strong>nos,</strong></span> <span class='ocrx_word' id='word_1_738' title='bbox 2142 4499 2295 4554; x_wconf 87' lang='lat' dir='ltr'><strong>velut</strong></span> <span class='ocrx_word' id='word_1_739' title='bbox 2345 4499 2563 4555; x_wconf 88' lang='lat' dir='ltr'><strong>actione</strong></span> <span class='ocrx_word' id='word_1_740' title='bbox 2589 4500 2911 4564; x_wconf 81' lang='lat' dir='ltr'><strong>conﬂatum,</strong></span> <span class='ocrx_word' id='word_1_741' title='bbox 2939 4501 3234 4556; x_wconf 87' lang='lat' dir='ltr'><strong>ostendere</strong></span> <span class='ocrx_word' id='word_1_742' title='bbox 3281 4503 3542 4568; x_wconf 87' lang='lat' dir='ltr'><strong>habeant,</strong></span> 
     </span>
    </p>
   </div>
   <div class='ocr_carea' id='block_1_103' title="bbox 1969 4589 3546 4663">
    <p class='ocr_par' dir='ltr' id='par_1_103' title="bbox 1969 4589 3546 4663">
     <span class='ocr_line' id='line_1_103' title="bbox 1969 4589 3546 4663; baseline 0.003 -20"><span class='ocrx_word' id='word_1_743' title='bbox 1969 4599 2260 4660; x_wconf 78' lang='lat' dir='ltr'><strong>postquam</strong></span> <span class='ocrx_word' id='word_1_744' title='bbox 2289 4589 2358 4644; x_wconf 90' lang='lat' dir='ltr'><strong>dc</strong></span> <span class='ocrx_word' id='word_1_745' title='bbox 2390 4591 2632 4660; x_wconf 88' lang='lat' dir='ltr'><strong>propriis</strong></span> <span class='ocrx_word' id='word_1_746' title='bbox 2676 4590 2997 4646; x_wconf 88' lang='lat' dir='ltr'><strong>nominibus</strong></span> <span class='ocrx_word' id='word_1_747' title='bbox 3019 4599 3209 4663; x_wconf 79' lang='lat' dir='ltr'><strong>contra</strong></span> <span class='ocrx_word' id='word_1_748' title='bbox 3249 4592 3546 4662; x_wconf 80' lang='lat' dir='ltr'><strong>disputavit</strong></span> 
     </span>
    </p>
   </div>
   <div class='ocr_carea' id='block_1_104' title="bbox 1968 4683 3548 4754">
    <p class='ocr_par' dir='ltr' id='par_1_104' title="bbox 1968 4683 3548 4754">
     <span class='ocr_line' id='line_1_104' title="bbox 1968 4683 3548 4754; baseline 0.003 -20"><span class='ocrx_word' id='word_1_749' title='bbox 1968 4683 2228 4753; x_wconf 85' lang='lat' dir='ltr'><strong>magister</strong></span> <span class='ocrx_word' id='word_1_750' title='bbox 2282 4683 2578 4752; x_wconf 86' lang='lat' dir='ltr'><strong>statimque</strong></span> <span class='ocrx_word' id='word_1_751' title='bbox 2642 4683 2782 4736; x_wconf 72' lang='lat' dir='ltr'><strong>dixit</strong></span> <span class='ocrx_word' id='word_1_752' title='bbox 2827 4699 3006 4754; x_wconf 89' lang='lat' dir='ltr'><strong>neque</strong></span> <span class='ocrx_word' id='word_1_753' title='bbox 3057 4683 3306 4740; x_wconf 73' lang='lat' dir='ltr'><strong>essentia:</strong></span> <span class='ocrx_word' id='word_1_754' title='bbox 3371 4685 3548 4740; x_wconf 80' lang='lat' dir='ltr'><strong>Patris</strong></span> 
     </span>
    </p>
   </div>
   <div class='ocr_carea' id='block_1_105' title="bbox 1965 4772 3573 4841">
    <p class='ocr_par' dir='ltr' id='par_1_105' title="bbox 1965 4772 3573 4841">
     <span class='ocr_line' id='line_1_105' title="bbox 1965 4772 3573 4841; baseline 0.002 -17"><span class='ocrx_word' id='word_1_755' title='bbox 1965 4786 2166 4824; x_wconf 88' lang='lat' dir='ltr'><strong>nomen</strong></span> <span class='ocrx_word' id='word_1_756' title='bbox 2227 4786 2384 4832; x_wconf 88' lang='lat' dir='ltr'><strong>esse,</strong></span> <span class='ocrx_word' id='word_1_757' title='bbox 2431 4786 2611 4840; x_wconf 89' lang='lat' dir='ltr'><strong>neque</strong></span> <span class='ocrx_word' id='word_1_758' title='bbox 2663 4772 2916 4835; x_wconf 88' lang='lat' dir='ltr'><strong>actionis,</strong></span> <span class='ocrx_word' id='word_1_759' title='bbox 2975 4773 3070 4828; x_wconf 92' lang='lat' dir='ltr'><strong>sed</strong></span> <span class='ocrx_word' id='word_1_760' title='bbox 3129 4773 3430 4836; x_wconf 83' lang='lat' dir='ltr'><strong>relationis,</strong></span> <span class='ocrx_word' id='word_1_761' title='bbox 3492 4785 3573 4841; x_wconf 33' lang='lat' dir='ltr'><strong>et.</strong></span> 
     </span>
    </p>
   </div>
   <div class='ocr_carea' id='block_1_106' title="bbox 1958 4851 3572 4934">
    <p class='ocr_par' dir='ltr' id='par_1_106' title="bbox 1958 4851 3572 4934">
     <span class='ocr_line' id='line_1_106' title="bbox 1958 4851 3572 4934; baseline 0.004 -22"><span class='ocrx_word' id='word_1_762' title='bbox 1958 4859 2236 4930; x_wconf 81' lang='lat' dir='ltr'><strong>quomodo</strong></span> <span class='ocrx_word' id='word_1_763' title='bbox 2295 4859 2363 4914; x_wconf 85' lang='lat' dir='ltr'><strong>ad</strong></span> <span class='ocrx_word' id='word_1_764' title='bbox 2401 4859 2598 4913; x_wconf 81' lang='lat' dir='ltr'><strong>Filium</strong></span> <span class='ocrx_word' id='word_1_765' title='bbox 2651 4877 2708 4916; x_wconf 88' lang='lat' dir='ltr'><strong>se</strong></span> <span class='ocrx_word' id='word_1_766' title='bbox 2745 4861 2927 4927; x_wconf 85' lang='lat' dir='ltr'><strong>Pater,</strong></span> <span class='ocrx_word' id='word_1_767' title='bbox 3011 4872 3106 4917; x_wconf 89' lang='lat' dir='ltr'><strong>aut</strong></span> <span class='ocrx_word' id='word_1_768' title='bbox 3148 4863 3320 4918; x_wconf 83' lang='lat' dir='ltr'><strong>Filius</strong></span> <span class='ocrx_word' id='word_1_769' title='bbox 3345 4865 3411 4918; x_wconf 87' lang='lat' dir='ltr'><strong>ad</strong></span> <span class='ocrx_word' id='word_1_770' title='bbox 3449 4851 3572 4934; x_wconf 67' lang='grc' dir='ltr'>Ωιι-ξ</span> 
     </span>
    </p>
   </div>
   <div class='ocr_carea' id='block_1_107' title="bbox 1971 4949 3571 5030">
    <p class='ocr_par' dir='ltr' id='par_1_107' title="bbox 1971 4949 3571 5030">
     <span class='ocr_line' id='line_1_107' title="bbox 1971 4949 3571 5030; baseline 0.003 -27"><span class='ocrx_word' id='word_1_771' title='bbox 1971 4961 2108 5003; x_wconf 78' lang='lat' dir='ltr'><strong>trem</strong></span> <span class='ocrx_word' id='word_1_772' title='bbox 2147 4965 2204 5003; x_wconf 91' lang='lat' dir='ltr'><strong>se</strong></span> <span class='ocrx_word' id='word_1_773' title='bbox 2230 4949 2452 5014; x_wconf 88' lang='lat' dir='ltr'><strong>habeat,</strong></span> <span class='ocrx_word' id='word_1_774' title='bbox 2493 4951 2726 5004; x_wconf 89' lang='lat' dir='ltr'><strong>comiter</strong></span> <span class='ocrx_word' id='word_1_775' title='bbox 2750 4951 2916 5008; x_wconf 78' lang='lat' dir='ltr'><strong>infert</strong></span> <span class='ocrx_word' id='word_1_776' title='bbox 2943 4952 3138 5008; x_wconf 89' lang='lat' dir='ltr'><strong>dicens</strong></span> <span class='ocrx_word' id='word_1_777' title='bbox 3170 4972 3181 5006; x_wconf 92' lang='lat'>:</span> <span class='ocrx_word' id='word_1_778' title='bbox 3221 4971 3237 5003; x_wconf 84' lang='grc' dir='ltr'><strong>ι</strong></span> <span class='ocrx_word' id='word_1_779' title='bbox 3263 4953 3345 5008; x_wconf 89' lang='lat' dir='ltr'><strong>Sit</strong></span> <span class='ocrx_word' id='word_1_780' title='bbox 3375 4952 3571 5030; x_wconf 53' lang='lat' dir='ltr'><strong>etiam;</strong></span> 
     </span>
    </p>
   </div>
   <div class='ocr_carea' id='block_1_108' title="bbox 1967 5040 3538 5110">
    <p class='ocr_par' dir='ltr' id='par_1_108' title="bbox 1967 5040 3538 5110">
     <span class='ocr_line' id='line_1_108' title="bbox 1967 5040 3538 5110; baseline 0.001 -14"><span class='ocrx_word' id='word_1_781' title='bbox 1967 5043 2222 5102; x_wconf 88' lang='lat' dir='ltr'><strong>actionis,</strong></span> <span class='ocrx_word' id='word_1_782' title='bbox 2254 5040 2302 5096; x_wconf 89' lang='lat' dir='ltr'><strong>si</strong></span> <span class='ocrx_word' id='word_1_783' title='bbox 2327 5041 2399 5095; x_wconf 89' lang='lat' dir='ltr'><strong>ita</strong></span> <span class='ocrx_word' id='word_1_784' title='bbox 2433 5042 2670 5107; x_wconf 90' lang='lat' dir='ltr'><strong>videtur,</strong></span> <span class='ocrx_word' id='word_1_785' title='bbox 2699 5051 2754 5097; x_wconf 92' lang='lat' dir='ltr'><strong>et</strong></span> <span class='ocrx_word' id='word_1_786' title='bbox 2779 5043 2951 5110; x_wconf 88' lang='lat' dir='ltr'><strong>addit,</strong></span> <span class='ocrx_word' id='word_1_787' title='bbox 2987 5044 3223 5099; x_wconf 68' lang='lat' dir='ltr'><strong>«Eodem</strong></span> <span class='ocrx_word' id='word_1_788' title='bbox 3251 5047 3398 5099; x_wconf 87' lang='lat' dir='ltr'><strong>enim</strong></span> <span class='ocrx_word' id='word_1_789' title='bbox 3425 5062 3538 5098; x_wconf 80' lang='lat' dir='ltr'><strong>mo-</strong></span> 
     </span>
    </p>
   </div>
   <div class='ocr_carea' id='block_1_109' title="bbox 1966 5136 3544 5206">
    <p class='ocr_par' dir='ltr' id='par_1_109' title="bbox 1966 5136 3544 5206">
     <span class='ocr_line' id='line_1_109' title="bbox 1966 5136 3544 5206; baseline 0.001 -18"><span class='ocrx_word' id='word_1_790' title='bbox 1966 5136 2036 5188; x_wconf 86' lang='lat' dir='ltr'><strong>do</strong></span> <span class='ocrx_word' id='word_1_791' title='bbox 2057 5136 2303 5191; x_wconf 85' lang='lat' dir='ltr'><strong>dicemus</strong></span> <span class='ocrx_word' id='word_1_792' title='bbox 2329 5136 2624 5206; x_wconf 76' lang='lat' dir='ltr'><strong>lnocipsum</strong></span> <span class='ocrx_word' id='word_1_793' title='bbox 2649 5136 2824 5206; x_wconf 78' lang='lat' dir='ltr'><strong>egisse</strong></span> <span class='ocrx_word' id='word_1_794' title='bbox 2849 5138 3066 5192; x_wconf 88' lang='lat' dir='ltr'><strong>Patrem</strong></span> <span class='ocrx_word' id='word_1_795' title='bbox 3094 5144 3154 5190; x_wconf 91' lang='lat' dir='ltr'><strong>ut</strong></span> <span class='ocrx_word' id='word_1_796' title='bbox 3182 5138 3544 5204; x_wconf 76' lang='lat' dir='ltr'><strong>consubstan-</strong></span> 
     </span>
    </p>
   </div>
   <div class='ocr_carea' id='block_1_110' title="bbox 1969 5224 3540 5296">
    <p class='ocr_par' dir='ltr' id='par_1_110' title="bbox 1969 5224 3540 5296">
     <span class='ocr_line' id='line_1_110' title="bbox 1969 5224 3540 5296; baseline 0 -18"><span class='ocrx_word' id='word_1_797' title='bbox 1969 5227 2117 5280; x_wconf 86' lang='lat' dir='ltr'><strong>tialis</strong></span> <span class='ocrx_word' id='word_1_798' title='bbox 2152 5224 2254 5296; x_wconf 90' lang='lat' dir='ltr'><strong>ipsi</strong></span> <span class='ocrx_word' id='word_1_799' title='bbox 2281 5225 2454 5280; x_wconf 82' lang='lat' dir='ltr'><strong>Filius</strong></span> <span class='ocrx_word' id='word_1_800' title='bbox 2477 5233 2643 5281; x_wconf 87' lang='lat' dir='ltr'><strong>esset.</strong></span> <span class='ocrx_word' id='word_1_801' title='bbox 2695 5246 2712 5276; x_wconf 70' lang='grc' dir='ltr'>ι</span> <span class='ocrx_word' id='word_1_802' title='bbox 2759 5225 3048 5292; x_wconf 81' lang='lat' dir='ltr'><strong>Quomodo</strong></span> <span class='ocrx_word' id='word_1_803' title='bbox 3100 5227 3288 5296; x_wconf 82' lang='lat' dir='ltr'><strong>igitur,</strong></span> <span class='ocrx_word' id='word_1_804' title='bbox 3331 5239 3540 5294; x_wconf 70' lang='lat' dir='ltr'><strong>qumrct</strong></span> 
     </span>
    </p>
   </div>
   <div class='ocr_carea' id='block_1_111' title="bbox 1968 5317 3541 5387">
    <p class='ocr_par' dir='ltr' id='par_1_111' title="bbox 1968 5317 3541 5387">
     <span class='ocr_line' id='line_1_111' title="bbox 1968 5317 3541 5387; baseline 0 -15"><span class='ocrx_word' id='word_1_805' title='bbox 1968 5317 2200 5372; x_wconf 83' lang='lat' dir='ltr'><strong>fortasse</strong></span> <span class='ocrx_word' id='word_1_806' title='bbox 2237 5319 2438 5387; x_wconf 89' lang='lat' dir='ltr'><strong>aliquis</strong></span> <span class='ocrx_word' id='word_1_807' title='bbox 2478 5318 2756 5373; x_wconf 87' lang='lat' dir='ltr'><strong>curiosior</strong></span> <span class='ocrx_word' id='word_1_808' title='bbox 2801 5327 2856 5372; x_wconf 87' lang='lat' dir='ltr'><strong>et</strong></span> <span class='ocrx_word' id='word_1_809' title='bbox 2911 5317 3046 5372; x_wconf 88' lang='lat' dir='ltr'><strong>nihil</strong></span> <span class='ocrx_word' id='word_1_810' title='bbox 3087 5317 3233 5387; x_wconf 88' lang='lat' dir='ltr'><strong>quod</strong></span> <span class='ocrx_word' id='word_1_811' title='bbox 3302 5317 3434 5372; x_wconf 89' lang='lat' dir='ltr'><strong>utile</strong></span> <span class='ocrx_word' id='word_1_812' title='bbox 3469 5318 3541 5372; x_wconf 88' lang='lat' dir='ltr'><strong>sit</strong></span> 
     </span>
    </p>
   </div>
   <div class='ocr_carea' id='block_1_112' title="bbox 1965 5407 3543 5480">
    <p class='ocr_par' dir='ltr' id='par_1_112' title="bbox 1965 5407 3543 5480">
     <span class='ocr_line' id='line_1_112' title="bbox 1965 5407 3543 5480; baseline 0 -18"><span class='ocrx_word' id='word_1_813' title='bbox 1965 5411 2217 5480; x_wconf 82' lang='lat' dir='ltr'><strong>ignorare</strong></span> <span class='ocrx_word' id='word_1_814' title='bbox 2246 5409 2546 5472; x_wconf 87' lang='lat' dir='ltr'><strong>sustinens,</strong></span> <span class='ocrx_word' id='word_1_815' title='bbox 2572 5409 2850 5478; x_wconf 87' lang='lat' dir='ltr'><strong>quomodo</strong></span> <span class='ocrx_word' id='word_1_816' title='bbox 2875 5409 2984 5479; x_wconf 81' lang='lat' dir='ltr'><strong>agit</strong></span> <span class='ocrx_word' id='word_1_817' title='bbox 3009 5417 3068 5462; x_wconf 91' lang='lat' dir='ltr'><strong>ut</strong></span> <span class='ocrx_word' id='word_1_818' title='bbox 3097 5407 3543 5462; x_wconf 83' lang='lat' dir='ltr'><strong>consubstantia-</strong></span> 
     </span>
    </p>
   </div>
   <div class='ocr_carea' id='block_1_113' title="bbox 1961 5498 3536 5568">
    <p class='ocr_par' dir='ltr' id='par_1_113' title="bbox 1961 5498 3536 5568">
     <span class='ocr_line' id='line_1_113' title="bbox 1961 5498 3536 5568; baseline 0.001 -17"><span class='ocrx_word' id='word_1_819' title='bbox 1961 5499 2028 5551; x_wconf 80' lang='lat' dir='ltr'><strong>lis</strong></span> <span class='ocrx_word' id='word_1_820' title='bbox 2063 5499 2234 5553; x_wconf 84' lang='lat' dir='ltr'><strong>Filius</strong></span> <span class='ocrx_word' id='word_1_821' title='bbox 2273 5499 2343 5554; x_wconf 89' lang='lat' dir='ltr'><strong>sit</strong></span> <span class='ocrx_word' id='word_1_822' title='bbox 2371 5499 2393 5552; x_wconf 90' lang='lat'><strong>?</strong></span> <span class='ocrx_word' id='word_1_823' title='bbox 2421 5498 2576 5566; x_wconf 84' lang='lat' dir='ltr'><strong>Quod</strong></span> <span class='ocrx_word' id='word_1_824' title='bbox 2626 5499 2728 5554; x_wconf 81' lang='lat' dir='ltr'><strong>hoc</strong></span> <span class='ocrx_word' id='word_1_825' title='bbox 2761 5500 2873 5554; x_wconf 76' lang='lat' dir='ltr'><strong>fere</strong></span> <span class='ocrx_word' id='word_1_826' title='bbox 2933 5499 3094 5554; x_wconf 74' lang='lat' dir='ltr'><strong>modo</strong></span> <span class='ocrx_word' id='word_1_827' title='bbox 3135 5498 3536 5568; x_wconf 71' lang='lat' dir='ltr'><strong>cxplanabitur.</strong></span> 
     </span>
    </p>
   </div>
   <div class='ocr_carea' id='block_1_114' title="bbox 355 5629 2085 5706">
    <p class='ocr_par' dir='ltr' id='par_1_114' title="bbox 355 5629 2085 5706">
     <span class='ocr_line' id='line_1_114' title="bbox 355 5629 2085 5706; baseline 0.003 -24"><span class='ocrx_word' id='word_1_828' title='bbox 355 5629 403 5701; x_wconf 66' lang='grc' dir='ltr'>(ί</span> <span class='ocrx_word' id='word_1_829' title='bbox 425 5629 466 5698; x_wconf 79' lang='grc' dir='ltr'><strong>ι)</strong></span> <span class='ocrx_word' id='word_1_830' title='bbox 497 5629 641 5686; x_wconf 82' lang='lat' dir='ltr'><strong>Idem</strong></span> <span class='ocrx_word' id='word_1_831' title='bbox 673 5633 793 5688; x_wconf 80' lang='lat' dir='ltr'><strong>ibid.</strong></span> <span class='ocrx_word' id='word_1_832' title='bbox 823 5650 940 5704; x_wconf 73' lang='lat' dir='ltr'><strong>cap.</strong></span> <span class='ocrx_word' id='word_1_833' title='bbox 987 5633 1070 5700; x_wconf 81' lang='lat' dir='ltr'><strong>l6,</strong></span> <span class='ocrx_word' id='word_1_834' title='bbox 1105 5649 1158 5704; x_wconf 75' lang='grc' dir='ltr'><strong>ρ.</strong></span> <span class='ocrx_word' id='word_1_835' title='bbox 1190 5633 1312 5699; x_wconf 74' lang='grc'>555,</span> <span class='ocrx_word' id='word_1_836' title='bbox 1355 5641 1483 5689; x_wconf 85' lang='lat' dir='ltr'><strong>tom.</strong></span> <span class='ocrx_word' id='word_1_837' title='bbox 1515 5633 1553 5688; x_wconf 92' lang='lat' dir='ltr'><strong>l.</strong></span> <span class='ocrx_word' id='word_1_838' title='bbox 1584 5633 1720 5706; x_wconf 79' lang='lat' dir='ltr'><strong>Opp.</strong></span> <span class='ocrx_word' id='word_1_839' title='bbox 1761 5634 1848 5690; x_wconf 81' lang='lat' dir='ltr'><strong>ed.</strong></span> <span class='ocrx_word' id='word_1_840' title='bbox 1885 5635 2085 5690; x_wconf 83' lang='lat' dir='ltr'><strong>Bcncd.</strong></span> 
     </span>
    </p>
   </div>
  </div>
