3938 6192
465 165 605 230 1267

1627 167 1692 228 S.
1730 165 2016 228 ΜΑΧΙΜΙ
2051 163 2556 228 CONFESSORIS

3537 165 3641 236 1268

465 283 611 337 Duas
661 281 718 335 in
765 279 1081 336 universum
1141 281 1390 338 actiones
1450 281 1506 335 in
1559 281 1724 338 rebus
1753 291 2041 345 statuunt,

2151 281 2281 352 μίαν
2314 283 2412 352 μὲν
2443 281 2543 353 τὴν
2569 281 2921 353 προάγουσαν
2958 281 3021 335 ἐκ
3058 280 3162 336 τῶν
3183 281 3344 335 ὄντων
3365 286 3577 351 φυσικῶς
3594 291 3644 344 τὰ

465 388 698 442 quarum
731 388 836 426 una
868 381 953 426 cst
982 387 1104 442 qua:
1131 387 1198 426 ex
1231 371 1300 428 iis
1347 387 1470 442 quae
1526 382 1657 426 sunt
1713 371 2042 426 naturaliter

466 471 717 532 procreat
746 479 867 532 qua:
895 463 1006 516 sint
1035 461 1287 532 ejusdem
1318 473 1373 517 et
1404 465 1623 534 generis
1678 474 1735 518 ct
1765 465 2039 528 essentia,

463 549 682 616 sibique
713 547 848 616 ipsis
902 548 1095 603 eadem
1143 550 1350 619 ubique
1378 561 1434 604 et
1465 552 1796 606 constantia.
1828 552 1906 607 De
1934 568 2042 622 qua

462 639 632 692 veluti
661 639 1003 709 morigerans
1032 642 1301 711 argutulis
1323 641 1432 696 illis
1462 651 1610 698 recte
1630 643 1909 714 magister,
1931 659 2042 713 quo

463 731 742 800 paulisper
799 731 992 786 saltem
1024 748 1053 786 a
1087 731 1518 802 blasphemando
1573 750 1669 789 eos
1723 734 2038 805 prohibeat,

464 821 600 874 dicit
637 838 649 873 :
691 841 708 870 ε
743 821 876 875 Esto
909 837 1041 876 vero
1071 823 1372 877 secundum
1404 839 1521 888 vos,
1547 843 1564 874 ι
1589 825 1895 879 secundum
1925 824 2040 880 dis-

463 913 769 981 putationis
797 914 1162 982 suppositum,
1205 935 1222 966 ‹
1257 925 1378 968 esto
1405 915 1568 969 etiam
1598 915 1828 971 actionis
1844 931 2040 970 nomen

463 1004 675 1069 Paterp
712 1010 768 1057 et
791 1003 876 1060 his
905 1005 1213 1076 Subiungit:
1254 1025 1270 1056 ε
1296 1006 1500 1060 Eodem
1527 1007 1674 1060 enim
1704 1007 1867 1061 modo
1896 1006 2044 1062 dice-

463 1109 588 1147 mus
615 1093 722 1148 hoc
751 1094 928 1164 ipsum
959 1095 1134 1164 egisse
1159 1096 1396 1160 Patrem;
1429 1113 1446 1145 ι
1485 1095 1536 1149 id
1569 1105 1654 1150 est
1685 1104 1745 1150 ut
1800 1096 2041 1150 consub-

462 1186 736 1243 stantialis
767 1187 870 1256 ipsi
899 1186 1071 1240 Filius
1100 1195 1265 1247 esset.
1301 1194 1558 1256 tanquam
1599 1187 1842 1243 efﬁceret
1871 1189 2042 1242 actio-

460 1294 588 1333 nem
621 1279 991 1332 essentialiter
1033 1279 1374 1334 substantem
1405 1288 1462 1332 et
1515 1279 1812 1344 viventem,
1845 1295 2038 1349 quem—

462 1369 756 1423 admodum
786 1376 841 1424 et
882 1369 1201 1422 Sermonem
1233 1368 1475 1438 profecto
1503 1369 1686 1422 vivum
1717 1376 1773 1421 et
1803 1377 2040 1438 potesta-

465 1469 578 1516 tem
609 1468 663 1514 et
684 1461 1009 1528 sapientiam
1056 1477 1154 1530 per
1171 1477 1228 1514 se
1245 1460 1414 1530 ipsam
1433 1459 1770 1514 substantcm
1793 1460 2038 1530 unigeni-

463 1561 580 1606 tum
613 1553 708 1607 Dei
749 1552 1069 1608 Sermonem
1087 1563 1143 1608 et
1173 1552 1368 1607 Filium
1392 1553 1568 1607 Patris
1589 1553 1761 1606 divini
1785 1552 2036 1607 veritatis

2147 375 2386 445 ὁμογενῆ
2444 391 2540 428 και
2587 373 2852 444 ὀμοούσια
2891 372 2990 426 καὶ
3038 374 3248 436 ἑαυτοῖς
3298 376 3462 443 πάντη
3491 377 3642 432 ταύτά.

2145 463 2284 516 Καθ’
2315 465 2380 535 ἢν
2424 463 2915 536 συμπεριενεχθεὶς
2942 467 3054 526 τοῖς
3083 463 3414 534 λογολέσχαις
3439 468 3648 534 ἐπιεικῶς

2146 555 2283 625 πρὸς
2309 555 2370 608 τὸ
2408 555 2603 626 μικρὸν
2647 553 2779 622 γοῦν
2813 555 3059 624 ἐπισχεῖν
3088 555 3280 617 αὐτοὺς
3319 555 3408 608 τοῦ
3451 555 3646 629 sissen-

2148 648 2271 716 μεῖν
2299 664 2464 716 φησιν
2502 649 2531 699 6
2575 645 2914 710 διδάσκαλος,
2972 665 2990 698 ι
3021 645 3201 698 Ἔστω
3227 646 3282 699 δὲ
3313 646 3424 699 καθ’
3468 649 3600 717 ὑμᾶς,
3628 669 3643 701 ι

2145 737 2285 791 κατὰ
2308 737 2398 790 τὸν
2439 738 2770 792 ἀποδοθέντα
2802 737 3004 792 σκοπὸν
3029 735 3122 789 τοῦ
3161 736 3337 805 λόγου,
3379 757 3396 788 σ
3416 739 3498 791 καὶ
3534 740 3648 808 trap-

2143 828 2297 896 γείας
2323 827 2495 897 ὄνομα
2526 831 2555 881 6
2585 823 2926 899 Πατήρ.›υἷς
2961 829 3178 894 ἐπάγει·
3238 845 3257 878 ι
3279 829 3412 881 Αὐτὸ
3454 829 3503 883 δὲ
3531 830 3648 882 τοῦτο

2143 918 2466 989 ἐνηργηκὼς
2494 917 2559 971 ἂν
2593 919 2680 989 εἴη
2706 921 2733 972 6
2764 917 3008 988 Πατὴρ.»
3042 916 3284 988 δηλονότι
3313 918 3372 970 τὸ
3397 918 3646 987 ὁμοοὺσιον,

2141 1008 2217 1074 ὡς
2237 1011 2515 1080 ἐνέργειαν
2539 1008 2810 1072 οὐσιωδῶς
2829 1007 3151 1076 ὑφεστῶσαν
3180 1011 3273 1061 καὶ
3308 1007 3490 1073 ζῶσαν,
3505 1012 3648 1081 (Lamp

2142 1101 2237 1154 οὖν
2265 1101 2463 1171 ἀμέλει
2497 1101 2594 1155 καὶ
2621 1101 2779 1169 λόγον
2802 1100 2980 1164 ζῶντα
3015 1099 3109 1152 καὶ
3144 1100 3366 1171 δύναμιν
3386 1101 3473 1154 καὶ
3503 1102 3648 1168 σοφίαν

2141 1191 2558 1244 αὐθυπόστατον
2606 1190 2698 1242 τὸν
2743 1191 3011 1261 μονογενῆ
3062 1189 3200 1244 Θεοῦ
3243 1190 3404 1258 Λόγον
3441 1191 3522 1244 καὶ
3554 1191 3649 1242 Υἰδν

2141 1279 2236 1334 τοῦ
2290 1281 2507 1351 Πατρδς
2554 1282 2843 1351 εἰρήκασιν
2889 1281 2937 1332 οἱ
2987 1279 3280 1350 οεὸῃρονες
3311 1279 3404 1349 τῆς
3439 1280 3649 1349 ,ἀληθείας

2139 1373 2470 1444 διδάσκαλοι.
2517 1373 2629 1443 Τὴν
2685 1373 2742 1424 δὲ
2787 1371 2981 1440 ἑτέραν
3039 1371 3319 1444 ἐνέργειάν
3365 1389 3510 1438 φασιν
3545 1367 3649 1423 εἶναι

2140 1466 2248 1518 τῶν
2285 1465 2443 1528 ἐκτὸς
2475 1463 2910 1535 ἀπεργαστικὴν,
2945 1463 3064 1516 καθ’
3108 1466 3176 1533 ἣν
3209 1463 3333 1534 περί
3362 1481 3410 1516 τι
3435 1461 3526 1514 τῶν
3551 1463 3648 1526 ἔξω-

2143 1554 2233 1608 θεν
2265 1553 2456 1624 (207
2485 1554 2549 1620 a)
2589 1551 2685 1607 καὶ
2735 1553 3088 1622 έτεροουσῐων
3143 1552 3375 1622 ἐνεργῶν
3415 1569 3488 1614 τις
3510 1552 3652 1618 Etsin

464 1644 719 1699 doctores
736 1643 1016 1698 dixerunt.
1041 1642 1279 1698 Alteram
1310 1653 1491 1698 autem
1523 1645 1795 1699 actionem
1828 1643 1894 1698 ad
1937 1660 2033 1699 es-

2145 1662 2187 1698 τι
2218 1647 2317 1717 τῆς
2345 1645 2480 1708 ἰδίας
2509 1645 2695 1708 οὐσίας
2726 1643 3005 1713 ἀλλότριον
3028 1645 3092 1696 ὲκ
3113 1642 3555 1712 προϋποκειμένης
3568 1641 3661 1711 ὕλης

465 1743 622 1790 terna
651 1734 936 1789 eﬂicienda
966 1735 1244 1806 pertinere
1262 1744 1546 1806 .statuunt,
1585 1751 1694 1806 qua
1731 1735 1858 1805 quis
1885 1736 2029 1790 circa

378 1863 390 1886 ι
464 1836 752 1883 externum
781 1827 990 1896 aliquid
1019 1834 1076 1882 et
1104 1829 1296 1884 alienae
1322 1829 1574 1884 essentiae
1603 1844 1769 1899 agens
1791 1827 2030 1882 alienum

464 1917 596 1988 quid
625 1934 658 1993 a
687 1918 910 1987 prapria
940 1919 1180 1973 essentia
1209 1926 1376 1989 atque
1405 1919 1684 1974 diversum
1710 1933 1778 1973 ex
1807 1917 2040 1974 materia

459 2008 570 2078 jam
601 2008 752 2078 prius
785 2009 1086 2063 exsistente
1118 2009 1376 2064 instituit.
1429 2009 1579 2064 lianc
1623 2017 1807 2064 autem
1863 2009 2042 2063 actio-

465 2117 592 2155 nem
610 2116 736 2155 cum
759 2101 974 2156 artibus
996 2101 1297 2156 secundum
1315 2101 1602 2156 scientiam
1633 2098 2034 2155 communicari

463 2203 521 2248 et
548 2194 906 2264 compositam
936 2209 1058 2249 esse
1098 2194 1274 2248 aiunt.
1306 2195 1382 2248 De
1411 2209 1519 2264 qua
1549 2193 1770 2249 divinus
1793 2192 1986 2248 doctor
2021 2211 2035 2246 :

469 2306 490 2340 ι
512 2288 648 2351 Etsi,
677 2285 1134 2356 inquit,alioquin
1151 2284 1488 2341 absurditate
1509 2300 1620 2340 non
1641 2293 1810 2349 caret,
1829 2304 1849 2337 ι
1879 2284 2034 2355 juxta

461 2393 625 2448 quam
666 2375 924 2430 videlicet
953 2374 1222 2430 rationem
1250 2383 1470 2445 accepta
1517 2383 1624 2438 est,
1658 2393 1678 2425 ι
1717 2374 2034 2446 hujusmodi

462 2466 698 2522 actionis
741 2467 952 2538 opinio,
989 2485 1007 2518 ι
1063 2465 1370 2536 praesertim
1411 2466 1456 2522 si
1497 2466 1566 2522 de
1599 2467 1759 2522 Patre
1809 2473 1866 2521 et
1893 2466 2033 2522 Filio

463 2559 751 2628 accipitur,
795 2559 866 2614 de
909 2559 1114 2629 quibus
1152 2573 1224 2613 ne
1277 2558 1521 2628 priorem
1553 2559 1777 2629 quidem
1804 2557 2033 2629 proprie

2133 1735 2278 1800 τινὸς
2313 1735 2740 1800 κατασκευάζει.
2775 1733 2993 1806 Ταύτην
3031 1735 3088 1788 δὲ
3128 1735 3228 1804 τὴν
3273 1733 3528 1804 ἐνέργειαν
3563 1735 3653 1792 ταῖς

2135 1827 2354 1897 τέχναις
2397 1826 2836 1896 ὲπιστημονικῶς
2871 1824 3198 1895 συγκεῖσϐαί
3229 1842 3375 1894 φασι.
3417 1823 3536 1893 Περὶ
3565 1819 3653 1894 ἧςό

2139 1918 2383 1988 Θεόφρων
2407 1917 2730 1980 διδάσκαλός
2755 1933 2914 1987 φησι,
2961 1937 2977 1968 ι
3005 1919 3068 1971 Et
3101 1919 3198 1972 καὶ
3241 1918 3428 1980 ἄτοπος
3455 1917 3650 1979 ἄλλως,ι

2141 2008 2271 2081 παρ’
2297 2009 2356 2063 ὃν
2386 2009 2594 2082 ἐλήφθη
2629 2008 2874 2080 δηλονότι
2903 2009 3126 2078 τρόπον,
3155 2030 3172 2062 ι
3198 2011 3262 2062 Ἦ
3278 2012 3375 2078 τῆς
3399 2009 3513 2078 περὶ
3535 2005 3655 2060 τοῦτο

2137 2101 2420 2172 ἐνεργείας
2451 2100 2741 2170 ὑπόληψις,
2761 2119 2778 2152 ο
2835 2099 2930 2153 καὶ
2972 2100 3212 2170 μάλιστα
3244 2101 3336 2154 ἐπὶ
3369 2099 3559 2170 Πατρὶς
3584 2096 3654 2150 καὶ

2140 2192 2273 2245 Υἱοῦ
2298 2190 2740 2262 λαμϐανομένης,
2770 2190 2854 2260 ἐφ’
2880 2186 2956 2244 ὧν
2984 2189 3107 2244 οὐδὲ
3134 2191 3238 2263 τὴν
3263 2189 3468 2262 πρώτην
3491 2187 3652 2258 κυρίως

2140 2282 2398 2350 δέξασθαι
2434 2285 2463 2337 6
2494 2283 2728 2354 εὐσεϐὴς
2763 2284 3019 2356 ἀνέχεται
3060 2283 3214 2349 νοῦς,
3246 2283 3336 2338 διὰ
3363 2284 3421 2336 τδ
3442 2283 3525 2335 καὶ
3550 2279 3658 2349 ὑπὲρ

2140 2375 2344 2447 ταύτην
2373 2371 2636 2450 εἶναιτὴν
2668 2378 2732 2430 ὲκ
2755 2376 2850 2430 τοῦ
2899 2377 3112 2446 [ἰατρὸς
3146 2377 3248 2431 καὶ
3281 2375 3391 2446 ἅμα
3423 2373 3494 2444 τῷ
3523 2371 3659 2442 [largi

2139 2469 2236 2522 καὶ
2261 2471 2322 2522 ὲν
2349 2467 2430 2540 τῷ
2459 2470 2638 2540 Πατρὶ
2669 2469 2946 2541 ἄφραστον
2973 2470 3069 2524 καὶ
3097 2468 3448 2541 ἁπερινόητον
3474 2463 3660 2536 ὓπαρξιν

2140 2559 2236 2614 τοῦ
2273 2560 2636 2630 Μονογενοῦς.

462 2649 734 2703 actionem
777 2657 1018 2704 statuere
1067 2664 1169 2704 nos
1205 2648 1328 2719 pius
1379 2664 1574 2704 sensus
1616 2649 1849 2719 patitur,
1879 2654 2179 2720 propterea
2209 2649 2359 2719 quod
2410 2651 2576 2705 etiam
2613 2651 2756 2707 hanc
2793 2659 3022 2721 superat
3054 2649 3359 2708 ineﬂ'abilis
3401 2659 3454 2706 et
3488 2645 3655 2704 incom-

465 2738 856 2810 prehensibilis
882 2738 1157 2810 Unigeniti
1189 2739 1516 2808 substantia,
1547 2757 1655 2810 qua
1693 2755 1761 2796 ex
1789 2740 1946 2798 Patre
1971 2748 2029 2795 et
2053 2755 2180 2796 cum
2207 2741 2370 2798 Patre
2391 2751 2446 2799 et
2471 2743 2529 2799 in
2563 2744 2727 2799 Patre
2764 2750 2872 2798 cst.

463 2947 550 3022 Ea:
575 2949 802 3002 secundo
832 2948 895 3002 de
919 2947 1054 3003 Filio
1087 2964 1344 3013 sermone,
1373 2951 1428 3002 in
1466 2948 1602 3003 illud
1627 2965 1646 3004 :
1691 2967 1710 3000 ‹
1744 2949 1882 3004 Deus
1915 2966 2036 3004 vero

2150 2953 2252 3006 Ἐκ
2305 2950 2416 3005 τοῦ
2459 2951 2522 3016 ,Βί
2568 2950 2703 3020 περὶ
2742 2950 2880 3005 Υιοῦ
2906 2951 3117 3020 λόγου,
3163 2951 3258 3015 εἰς
3300 2949 3386 3003 rd“
3426 2967 3444 3000 ι
3470 2944 3590 3010 Θεὸς
3613 2941 3664 2995 δὲ

535 3041 743 3096 dicatur
789 3057 894 3094 non
925 3041 1130 3094 ratione
1159 3039 1327 3104 Verbi,
1363 3041 1453 3093 sed
1495 3043 1661 3110 partis
1685 3057 1802 3112 qua
1827 3043 1883 3096 in
1913 3059 2040 3096 ocu-

535 3128 711 3200 iorum
740 3147 950 3185 sensum
989 3129 1146 3182 cadit.
1196 3127 1310 3193 Quo
1347 3129 1487 3182 enint
1541 3130 1692 3183 modo
1735 3129 1902 3196 illius,
1951 3131 2041 3202 qui

539 3223 752 3294 proprie
785 3220 920 3274 Deus
943 3228 1018 3274 est
1048 3219 1186 3274 Deus
1225 3220 1328 3274 dici
1359 3220 1558 3291 queat?
1587 3219 2042 3286 Quemadmodum

536 3314 699 3370 Pater
749 3331 852 3368 non
902 3313 1270 3377 humanitatis,
1305 3312 1396 3367 sed
1427 3312 1582 3368 Verbi
1637 3322 1890 3384 respectu.
1923 3313 2042 3370 Du-

535 3407 660 3480 plici
696 3407 884 3478 quippe
928 3414 1122 3460 natura
1151 3405 1458 3470 constabat;
1491 3422 1592 3475 quo
1633 3404 1696 3474 fit
1725 3413 1784 3460 ut
1816 3405 2041 3462 alterum

539 3502 604 3564 de
654 3508 874 3570 utroque
911 3499 1122 3570 proprie
1177 3498 1406 3563 dicatur,
1458 3497 1690 3552 alterum
1735 3501 2040 3570 improprie,

538 3598 724 3645 contra
769 3583 931 3662 quam
968 3591 1023 3644 in
1070 3590 1215 3644 nobis
1265 3607 1321 3642 se
1355 3606 1438 3644 res
1483 3591 1656 3644 habet.
1707 3591 1849 3644 Deus
1903 3593 2043 3645 enim

539 3685 750 3754 proprie
775 3691 951 3736 noster
967 3681 1106 3736 Deus
1131 3689 1226 3746 est,
1256 3697 1357 3734 non
1385 3689 1561 3734 autem
1585 3685 1794 3752 proprie
1813 3682 1994 3737 Pater.
2017 3701 2034 3733 ι

548 3817 566 3850 ι
599 3797 844 3851 Alterum
881 3797 1106 3867 proprie
1151 3795 1220 3851 de
1261 3803 1496 3865 utroque
1522 3813 1540 3845 ι
1579 3805 1665 3850 est
1702 3795 2040 3865 ponendum,

471 3898 526 3945 et
567 3889 633 3943 de
660 3889 821 3943 Patre
852 3895 908 3942 et
936 3889 1004 3942 de
1040 3887 1172 3951 Deo,
1220 3895 1281 3939 ut
1304 3901 1537 3955 quorum
1581 3894 1879 3956 utrumque
1911 3903 2042 3956 pro-

470 3979 586 4050 prie
618 3987 799 4048 potest
830 3978 897 4032 de
921 3967 1140 4032 Christo
1172 3976 1279 4030 dici
1306 3985 1534 4048 propter
1564 3977 1886 4032 substantia:
1925 3979 2046 4032 uni—

472 4079 660 4125 tatem.
703 4069 907 4124 Christi
941 4069 1090 4123 enim
1130 4069 1293 4123 Pater
1335 4067 1560 4138 proprie
1601 4075 1684 4122 est
1718 4069 1882 4134 Deus,
1915 4069 2044 4138 quia

471 4159 643 4213 Filius
681 4168 736 4213 et
780 4159 927 4212 Deus
965 4158 1158 4214 Sermo
1209 4165 1264 4212 et
1309 4149 1476 4212 unus~
1509 4167 1710 4212 sancta:
1759 4157 2045 4212 Trinitatis

470 4250 690 4304 exsistit
740 4250 826 4304 vel
888 4259 1011 4318 post
1072 4249 1562 4316 carnificationem,
1617 4260 1681 4304 ut
1733 4252 1899 4306 etiam
1945 4252 2040 4307 Dei

472 4342 718 4415 ejusdem
765 4341 972 4398 Christi
1029 4359 1225 4398 rursus
1265 4352 1352 4398 est
1407 4343 1652 4413 proprie,
1696 4345 1826 4412 quia
1877 4345 2044 4398 homo

475 4448 663 4488 revera
693 4443 775 4486 est
803 4441 1031 4502 propter
1063 4449 1304 4495 carnem,
1345 4443 1400 4486 et
1434 4449 1577 4487 unus
1611 4433 1896 4488 hominum
1945 4449 2046 4502 ap-

473 4524 821 4594 peiialiatur;
869 4538 991 4592 quae
1033 4522 1454 4591 eninrpartium
1503 4533 1651 4584 sunt,
1684 4539 1747 4578 ea
1797 4524 1866 4578 dc
1906 4534 2043 4580 toto.

472 4615 618 4684 quod
643 4613 769 4667 inde
799 4613 1070 4678 consistit,
1097 4615 1320 4682 proprie
1347 4615 1736 4682 praedicantur,
1767 4615 1894 4684 quia
1919 4631 2050 4685 pro-

471 4705 589 4776 prie
624 4705 819 4774 recipit
865 4720 1205 4774 quwcunquc
1247 4705 1573 4758 naturaliter
1618 4705 1890 4760 inhazrcnt
1921 4723 2047 4775 par-

473 4796 641 4860 tibus,
678 4795 824 4850 undc
871 4795 1036 4850 etiam
1083 4804 1358 4849 constant.
1417 4816 1433 4844 ι
1468 4797 1710 4848 .\iterum
1745 4795 2045 4864 imprOprie

473 4891 542 4944 de
577 4898 853 4957 utroque»
901 4903 1056 4956 teque
1105 4885 1428 4956 capiendum
1467 4897 1550 4941 cst
1589 4896 1644 4940 et
1693 4887 1762 4941 de
1811 4887 1925 4941 Deo
1989 4895 2046 4941 et.

477 4980 544 5035 dc
585 4981 766 5043 Patre,
813 4979 942 5048 quia
992 4988 1289 5048 utrumque
1335 4978 1662 5032 vocabulum
1709 4981 1778 5032 de
1823 4977 2046 5034 Christo

473 5071 696 5141 proprie
737 5070 847 5125 diei
885 5070 1098 5138 nequit,
1124 5077 1362 5139 propter
1401 5069 1706 5124 naturalem
1744 5084 1938 5122 earum
1979 5085 2045 5122 ex

474 5164 680 5233 quibus
728 5169 784 5216 et
826 5162 1117 5232 inquibus
1151 5161 1403 5216 consistit
1430 5169 1751 5215 naturarum
1782 5159 2045 5215 dili'eren-

475 5254 627 5308 tium.
663 5252 793 5320 Quae
825 5251 972 5307 enim
1016 5252 1067 5306 ei
1117 5251 1262 5321 quod
1305 5250 1377 5330 _dc
1416 5250 1816 5320 compositione
1871 5258 2044 5304 totum

477 5351 560 5395 cst
597 5343 880 5402 adhaerent
909 5341 976 5396 de
1009 5357 1116 5396 una
1147 5343 1384 5394 alterave
1425 5341 1667 5409 partium
1696 5354 1942 5404 suarum,
1981 5355 2046 5394 ea

477 5451 756 5506 nunquam
795 5433 1014 5504 proprie
1043 5433 1512 5504 prmdicabuntur.
1539 5451 1555 5483 ι
1581 5429 1783 5486 Contra
1814 5449 1832 5481 ι
1866 5439 2047 5484 autem

2212 3033 2449 3114 λέγοιτο
2501 3043 2581 3099 ἂν
2609 3046 2682 3098 οὐ
2715 3042 2823 3098 τοῦ
2871 3045 3094 3112 Λόγου,
3145 3039 3255 3094 τοῦ
3299 3037 3573 3108 ὁρωμένου
3599 3031 3664 3086 δέ.

2214 3136 2349 3204 Πῶς
2391 3137 2502 3207 γὰρ
2553 3135 2649 3204 εἴη
2696 3135 2803 3189 τοῦ
2859 3133 3081 3199 κυρίως
3116 3131 3271 3186 Θεοῦ
3313 3132 3478 3196 Oeric;
3509 3127 3666 3190 ὥσπερ

2215 3227 2315 3283 καὶ
2357 3227 2563 3297 Πατὴρ
2594 3229 2666 3282 οὐ
2715 3225 2824 3280 τοῦ
2863 3225 3189 3294 ὁρωμένου,
3232 3223 3337 3278 τοῦ
3395 3221 3566 3289 Λόγου
3602 3214 3664 3269 δέ.

2214 3319 2321 3374 Καὶ
2353 3319 2462 3389 γὰρ
2504 3315 2584 3388 ἦν
2625 3316 2900 3382 διπλοῦς,
2933 3315 3090 3370 ὥστε
3120 3315 3190 3369 τὸ
3221 3314 3340 3386 μὲν
3378 3310 3571 3380 κιφίως
3598 3305 3666 3359 ἐπ’

2214 3411 2458 3480 ἀμφοῖν,
2485 3410 2553 3464 τὸ
2580 3409 2649 3463 δὲ
2679 3411 2753 3464 οὐ
2775 3408 2992 3478 κυρίως
3009 3425 3024 3439 ι
3056 3408 3344 3473 ἐναντίως
3369 3405 3433 3460 δὲ
3445 3396 3670 3472 temer

2215 3501 2362 3572 ἔχει.
2403 3501 2602 3570 Ἠμῶν
2629 3501 2740 3570 τὰρ
2775 3500 2991 3568 κυρίως
3025 3499 3170 3566 Θεὸς
3218 3502 3254 3554 ὁ
3291 3498 3449 3564 Θεὸς,
3491 3495 3556 3549 οὐ
3589 3506 3669 3546 κυ-

2210 3595 2356 3663 ρίως
2385 3593 2453 3647 δὲ
2486 3592 2689 3663 Πατήρ
2724 3591 2859 3664 (15).
2893 3611 2912 3642 ι

2219 3793 2292 3846 Τδ
2326 3793 2423 3862 μὲν
2453 3791 2658 3861 κυρίως
2685 3792 2770 3845 ἐπ’
2791 3791 2993 3861 ἀμφοῖν
3011 3788 3219 3855 Οετέον,
3241 3789 3356 3853 τοῦ,
3391 3784 3578 3853 Πατὴρ,
3602 3781 3674 3834 καὶ

2145 3883 2262 3948 τοῦ,
2293 3883 2445 3946 Θεὸς,
2469 3883 2542 3944 ὡς
2587 3881 2790 3950 ἀμφοῖν
2832 3879 2924 3932 ἐπὶ
2957 3877 3197 3949 Χριστοῦ
3235 3877 3436 3946 κυρίως
3467 3870 3674 3939 λέγεσθαι

2145 3973 2462 4044 δυναμένων
2503 3971 2590 4024 διὰ
2624 3971 2724 4042 τὴν
2781 3970 2911 4039 μίαν
2961 3970 3289 4023 ὑπόστασιν.
3333 3962 3553 4036 Χριστοῦ
3591 3959 3675 4026 γὰρ

2149 4067 2339 4136 Πατὴρ
2373 4065 2576 4135 κυρίως
2613 4065 2762 4116 ἐστὶν
2789 4063 2996 4135 6826;,
3019 4061 3096 4124 ὡς
3119 4059 3254 4112 Υἱοῦ
3282 4060 3373 4112 καὶ
3394 4055 3519 4110 Θεοῦ
3539 4053 3674 4117 Λόγου

2147 4160 2242 4214 καὶ
2288 4158 2407 4222 ένδς
2457 4158 2558 4227 τῆς
2607 4157 2767 4223 ἁγίας
2798 4153 3028 4222 Τριάδος
3079 4152 3417 4222 ὑπάρχοντος
3449 4147 3534 4201 καὶ
3568 4139 3675 4210 μετᾶ

2149 4251 2246 4320 τὴν
2279 4249 2580 4319 σάρκωσιν,
2616 4247 2712 4300 καὶ
2747 4243 2884 4298 Θεοῦ
2923 4240 3018 4295 τοῦ
3057 4241 3229 4294 αὐτοῦ
3281 4237 3506 4311 Χριστοῦ
3551 4232 3676 4286 πάλιν

2150 4339 2354 4410 κυρίως
2375 4342 2542 4403 ἐστὶν,
2575 4337 2650 4400 ὡς
2683 4335 2972 4408 ἀνθρώπου
3001 4333 3143 4386 κατὰ
3175 4333 3430 4403 ἀλήθειαν
3448 4329 3583 4386 ὄντος
3611 4320 3677 4375 διὰ

2145 4431 2246 4502 τὴν
2279 4430 2479 4500 σάρκα,
2511 4430 2604 4483 καὶ
2634 4429 2752 4490 ἑνὸς
2784 4427 2893 4480 τῶν
2917 4413 3218 4496 ἁνθρὼτὲων
3261 4418 3676 4493 χρηματίζοντος

2152 4524 2215 4576 τὰ
2252 4523 2360 4592 γὰρ
2393 4523 2503 4574 τῶν
2546 4519 2728 4591 μερῶν
2754 4518 2848 4571 τοῦ
2903 4516 2962 4580 ἐξ
2999 4516 3178 4569 αὐτῶν
3208 4516 3332 4568 ὅλου
3363 4511 3552 4584 κυρίως
3585 4517 3678 4558 κατ·

2147 4615 2451 4683 ηγορεῖται,
2467 4611 2540 4674 ὡς
2559 4608 2946 4679 ἐπιδεχομένου
2965 4608 3143 4661 πάντα
3167 4606 3371 4676 κυρίως
3392 4605 3458 4656 τὰ
3481 4593 3681 4672 φυσικῶς

2153 4702 2428 4772 προσόντα
2458 4703 2572 4764 τοῖς
2609 4699 2854 4770 μέρεσιν,
2883 4697 2943 4760 ἐξ
2971 4689 3046 4748 ῶν
3072 4697 3162 4749 καὶ
3191 4695 3478 4764 ὑφέστηκε.
3518 4709 3533 4740 ι
3558 4681 3680 4738 Τὸδέ

2156 4796 2208 4847 λὺ
2239 4793 2444 4864 κυρίως
2469 4791 2732 4852 ὡσαύτως
2759 4789 2844 4842 ἐπ’
2877 4790 3082 4858 ἀμφοῖν
3109 4807 3127 4838 ι
3150 4781 3532 4856 ).ηπτέον,τοῦ,
3557 4775 3680 4836 Θεὸς,

2152 4885 2244 4938 καὶ
2291 4883 2410 4946 τοῦ,
2445 4881 2657 4953 Πατὴρ,
2713 4881 2790 4944 ὡς
2853 4880 3057 4950 ἀμφοῖν
3106 4880 3201 4930 ἐπὶ
3233 4873 3469 4947 Χριστοῦ
3515 4867 3681 4936 κυρίως

2151 4973 2410 5043 λεχθῆναι
2446 4973 2519 5042 μὴ
2550 4971 2884 5036 δυναμένων,
2930 4969 3023 5034 διὰ
3053 4971 3152 5036 τὴν
3193 4968 3426 5037 φυσικὴν
3461 4953 3682 5043 διαφορῇ

2150 5065 2258 5118 τῶν
2291 5063 2348 5128 ἐξ
2372 5057 2446 5114 ὧν
2478 5063 2572 5115 καὶ
2597 5061 2654 5114 εν
2674 5055 2764 5124 αἷς
2795 5059 3093 5128 συνέστηκε
3125 5057 3360 5126 φύσεων.
3397 5054 3476 5106 Τὰ
3502 5047 3598 5118 γὰρ
3621 5040 3682 5140 ταῖς

2151 5155 2292 5208 κατὰ
2341 5153 2590 5208 σύνθεσιν
2641 5151 2748 5220 ὅλῳ
2795 5150 3068 5222 προσόντα
3100 5147 3330 5218 θατέρου
3382 5143 3486 5197 τῶν
3519 5142 3682 5193 ἑαυτου

2154 5247 2336 5318 μερῶν
2365 5246 2618 5298 οὐδέποτε
2660 5242 2865 5313 κυρίως
2909 5239 3443 5312 κατηγορηθήσεται.
3487 5229 3680 5283 «Ἐναν-

2147 5339 2322 5402 τίωςι
2360 5336 2416 5389 δὲ
2454 5336 2525 5405 «ἢ
2555 5335 2640 5404 ἐφ’
2680 5334 2837 5405 ἡμῶν
2879 5333 3075 5402 (207
3099 5331 3158 5401 b)
3195 5331 3339 5400 ἔχει,
3379 5346 3398 5380 ι
3445 5319 3684 5405 τουτέστιν

2158 5427 2390 5498 ἔμπαλιν
2440 5401 2622 5490 καθὼς
2675 5401 2760 5492 étp’
2811 5401 2968 5494 ἡμῶν
3021 5401 3158 5492 ἔχει.
3213 5419 3405 5474 Ἦνίκα
3459 5412 3560 5482 γὰρ
3604 5401 3682 5474 τὴν

552 5581 660 5652 (15)
689 5579 850 5652 (ἔνευε.
875 5579 1125 5637 Nazianz.
1155 5579 1306 5639 Orat.
1339 5576 1532 5630 Theol.
1575 5575 1662 5666 iV,
1695 5575 1762 5630 dc
1790 5575 1946 5639 Filio,
1979 5589 2099 5642 cup.
2131 5571 2185 5641 8,
2213 5587 2271 5644 Ρ.
2298 5571 2423 5640 διδ,
2465 5579 2598 5624 tom.
2635 5568 2655 5622 Ι
2685 5563 2824 5637 Opp.
2857 5565 2992 5621 edit.
3025 5560 3230 5617 Bened.
