3938 6192
1684 180 1755 190 ναι-ι

1522 188 1779 206 ω...ςοὸ-ἱι..-

330 289 472 361 1%9

1555 303 2073 369 AMBIGJJORUM
2104 305 2363 369 LIBER.

3433 301 3568 367 1270
3584 318 3601 329 ⁴

331 403 596 476 διαφορὰν
624 403 817 477 θεωρῶ
851 404 960 462 τῶν
988 406 1225 476 φύσεων,
1280 410 1375 466 καὶ
1413 412 1513 482 τὴν
1560 414 1743 473 αὑτῶν
1780 415 1895 472 κατ’

2011 432 2031 467 ι
2054 429 2223 486 quam
2256 415 2314 469 in
2354 412 2513 471 nobis
2540 427 2600 469 se
2642 425 2734 468 res
2756 410 2952 476 habet,
2980 430 3000 467 ›
3039 411 3148 469 hoc
3172 415 3478 467 estrursus
3506 416 3570 466 ut

331 494 574 557 ἐπίνοιαν
609 495 872 568 ποιοῦμαι
896 498 1199 571 διάκρισιν,
1234 500 1296 555 ού
1329 501 1564 574 δύναμαι
1588 504 1651 558 τὸ
1672 507 1760 560 ἐπ’
1791 508 1901 576 ἀμ.

332 587 454 657 φοῖν
473 585 924 659 κνρίωςτιθέναι,
940 587 1056 652 τοῦ,
1084 587 1293 660 Πατὴρ,
1320 608 1391 663 φη
1402 593 1580 663 ulmei.
1598 594 1717 658 τοῦ,
1736 595 1896 660 Θεός.

326 678 408 733 οὑ
436 677 554 748 γὰρ
599 678 804 749 κυρίως
832 678 926 732 τοῦ
957 679 1131 747 Λόγου
1161 680 1294 745 Θεός
1322 685 1470 736 ἐστιν
1513 686 1541 737 ὀ
1580 686 1793 757 Πατὴρ,
1836 688 1925 740 οὑ-

327 766 387 820 δὲ
413 769 621 839 κυρίως
651 760 838 838 Πατῆρ
864 767 964 838 τῆς
1011 771 1213 842 σαρκός
1248 773 1399 825 ἐστιν
1431 774 1458 828 ό
1478 772 1639 837 θεός.
1677 793 1698 825 ι
1721 776 1903 829 Ἐναν-

326 858 460 921 τίως
483 858 561 922 δὲ,
589 877 608 910 ι
640 859 921 915 τουτέστιν
948 860 1184 932 ἔμπαλιν
1214 863 1292 929 δὲ,
1331 865 1363 935 ἢ
1414 866 1787 937 ἀντιστρόφως
1816 868 1896 932 δὲ,

326 948 424 1007 τοῦ
458 966 519 1002 τε
563 951 804 1021 ικυρίως
830 970 850 1003 ι
883 952 1127 1022 δηλονότι
1159 954 1254 1011 καὶ
1285 974 1304 1007 ι
1329 957 1390 1008 οὑ
1414 957 1642 1028 κυρίως,
1668 976 1687 1013 ι
1717 959 1808 1013 ὲπί
1837 975 1898 1012 τε

328 1040 430 1107 τῆς
457 1038 702 1103 έ-νώσεως
731 1043 826 1099 καὶ
861 1042 963 1110 τῆς
1006 1043 1144 1113 μιᾶς
1191 1047 1562 1112 ὑποστάσεως,
1596 1049 1692 1103 ἐπί
1718 1067 1775 1104 τε
1801 1052 1901 1122 τῆς

327 1127 591 1197 διαφορᾶς
620 1131 730 1184 τῶν
752 1132 969 1200 φύσεων
1007 1137 1102 1189 καὶ
1134 1136 1233 1207 τῆς
1274 1140 1399 1192 κατ’
1445 1139 1689 1195 ἐπίνοιαν
1719 1142 1902 1195 αὑτῶν

328 1217 652 1289 διακρίσεως
704 1223 1152 1297 λαμϐανομένων,
1189 1227 1265 1293 ὡς
1310 1230 1410 1300 τῆς
1445 1232 1542 1302 μὲν
1599 1232 1729 1303 μίαν
1766 1234 1900 1287 ὑπο-

329 1308 572 1374 στάσεως
595 1313 798 1384 κυρίως
822 1315 958 1370 Θεὸν
984 1319 1077 1373 καὶ
1101 1319 1320 1389 Πατέρα
1336 1319 1648 1390 λεγόμενον,
1675 1323 1751 1388 ὡς
1778 1324 1896 1389 ἑνὸς

328 1399 588 1469 Χριστοῦ,
646 1403 739 1458 τὸν
782 1405 914 1461 Θεὸν
959 1409 1350 1481 ἐπιδεχομένης
1378 1414 1521 1471 κατὰ
1562 1415 1662 1486 τὴν
1702 1417 1900 1470 ἀποδο-

331 1487 515 1545 θεῖσαν
575 1492 777 1558 αίτίαν,
832 1495 934 1565 τῆς
988 1496 1047 1550 δὲ
1100 1501 1222 1553 κατ’
1254 1500 1444 1555 οὑσίαν
1484 1503 1749 1575 διαφορᾶς
1790 1505 1899 1558 τῶν

237 1932 242 1937 .
328 1848 537 1938 ῌατὴρ,
566 1849 754 1938 ὥσπερ
784 1853 903 1906 οὐδὲ
927 1856 1025 1925 τῆς
1060 1857 1159 1911 τοῦ
1208 1861 1387 1928 Λόγου
1440 1863 1662 1932 σαρκός.
1708 1863 1897 1938 Ἐνηλ-

330 1934 616 2028 λαγμένως
643 1937 735 1995 οὖν
774 1945 841 2005 τὰ
877 1945 973 2000 τοῦ
1000 1947 1128 2003 ὅλου
1157 1952 1272 2013 τοῖς
1300 1950 1517 2023 μέρεσι,
1549 1955 1642 2008 καὶ
1680 1954 1759 2026 τῷ
1790 1934 1899 2028 ὅλῳ

328 2027 529 2122 τὰντῶν
557 2033 776 2087 οἰκείων
807 2036 990 2107 μερῶν
1014 2040 1384 2112 έκφωνητέον,
1428 2045 1522 2099 καὶ
1549 2045 1706 2100 ἔσται
1732 2027 1898 2118 pasta

330 2121 422 2173 καὶ
461 2125 637 2193 σαφὴς
670 2127 702 2197 ἠ
745 2126 837 2179 τοῦ
882 2132 1246 2201 προκειμένου
1288 2136 1614 2208 κατάληψις.
1666 2123 1778 2194 Καὶ
1813 2140 1899 2195 ἵνα

330 2211 665 2284 σαφέστερον
704 2217 926 2289 γένηται
978 2220 1039 2274 τὸ
1078 2222 1393 2294 λεγόμενον,
1449 2228 1612 2298 ἡνίκα
1670 2225 1772 2299 μὲν
1824 2229 1900 2295 ὡς

214 2368 220 2374 ι
327 2303 626 2371 ὑπόστασις
688 2310 717 2362 ὀ
770 2311 1003 2382 Χριστὸς
1052 2314 1362 2386 θεωρεῖται,
1412 2316 1473 2372 τὸ
1530 2322 1776 2392 «κυρίως
1812 2323 1900 2376 ἐπ’

326 2396 548 2465 ἀμφοῖν,
578 2417 597 2450 ι
627 2401 743 2467 τοῦ,
772 2402 923 2471 Θεὸς,
954 2405 1097 2475 λέγω
1143 2410 1236 2463 καὶ
1275 2409 1391 2481 τοῦ,
1422 2410 1633 2484 Πατὴρ,
1692 2413 1898 2482 θετέον,

299 2564 304 2568 ἡ
329 2484 490 2570 ἡνίκα
516 2487 573 2539 δὲ
603 2487 689 2544 διὰ
718 2489 813 2562 τὴν
837 2492 1141 2565 ἀσύγχυτον
1174 2496 1406 2570 ὕπαρξιν
1434 2499 1545 2554 τῶν
1590 2502 1648 2556 ὲν
1692 2497 1775 2568 οἷς
1804 2502 1901 2559 καὶ

320 2573 389 2640 ,ἐξ
415 2568 492 2629 ὧν
524 2578 671 2633 ἐστιν
709 2582 765 2634 αἱ
800 2582 892 2636 τοῦ
936 2584 1183 2654 Χριστοῦ
1216 2568 1408 2657 φύσεις
1442 2588 1797 2662 θεωροῦνται,
1836 2593 1901 2648 τὸ

336 2685 356 2718 ι
378 2666 611 2738 ἔμπαλιν
633 2690 653 2723 ι
699 2671 901 2739 θετέον,
935 2676 1073 2747 ὅπερ
1113 2679 1232 2732 ἔστι
1271 2680 1332 2734 τὸ
1358 2682 1437 2754 μὴ
1459 2682 1684 2754 κυρίως,
1715 2684 1900 2752 καθὼς

330 2757 416 2827 ἐφ’
468 2760 624 2831 ἡμῶν
679 2762 816 2834 ἔχει.
864 2766 974 2820 Καὶ
1016 2768 1169 2838 δηλοῖ
1218 2768 1376 2825 τοῦτο
1424 2772 1613 2842 σαφῶς
1666 2773 1841 2844 λέγων
1870 2778 1900 2830 ὀ

327 2848 645 2917 διδάσκαλος
672 2851 759 2906 διὰ
781 2853 874 2908 τοῦ
908 2857 1231 2927 ἐπαγαγεῖν,
1271 2861 1413 2915 «Καὶ
1437 2861 1597 2917 τοῦτο
1624 2865 1771 2920 ποιεῖ
1788 2868 1901 2931 τοῖς

328 2945 625 3012 αἱρετικῶς
658 2945 756 3017 τὴν
806 2946 1039 3020 πλάνην,
1073 2952 1107 3022 ἠ
1132 2950 1240 3005 τῶν
1277 2952 1557 3026 ὀνομάτων
1594 2955 1895 3024 ὲπίζευξις,

2001 503 2269 563 de'nobis
2313 517 2373 563 se
2417 502 2587 561 habet
2632 516 2742 558 res.
2783 501 3014 568 Quando
3051 500 3199 556 enim
3245 507 3569 557 naturarum

1994 605 2190 666 specto
2234 595 2633 659 dill‘erentiam,
2662 608 2875 663 .easque
2909 591 3242 664 cogitatiOue
3284 589 3566 653 discerno,

2000 685 2069 741 de
2100 694 2346 754 .utroque
2380 684 2603 755 proprie
2634 697 2982 753 ponerenon
3007 695 3253 750 possum,
3278 678 3354 732 .de
3382 676 3565 741 Patre,

2001 773 2249 844 inquam,
2279 783 2336 829 et
2367 774 2436 829 de
2470 774 2605 831 Deo.
2653 772 2813 833 Haud
2855 772 3005 833 enim
3026 770 3255 842 proprie
3274 767 3568 823 Sermonis

1992 863 2145 919 Deus
2187 872 2275 918 est
2312 864 2501 927 :Pater,
2554 879 2753 933 neque
2777 863 2997 933 proprie
3036 864 3206 919 Pater
3250 862 3438 916 carnis
3464 867 3571 914 est

1998 951 2168 1007 Deus.
2212 951 2458 1009 «Contra
2511 968 2695 1022 quam,
2725 970 2744 1004 ι
2782 952 2891 1007 hoc
2925 963 3012 1008 est
3049 966 3241 1007 rursus
3277 965 3431 1016 vero,
3480 950 3567 1004 vel

1997 1044 2277 1105 con'rario
2317 1044 2505 1110 modo,
2546 1044 2693 1114 quod
2735 1043 2997 1099 nimirum
3044 1044 3287 1113 pertinet
3335 1043 3403 1098 ad
3431 1041 3567 1096 illud

2008 1154 2026 1187 ι
2053 1136 2276 1204 pmprie
2303 1154 2322 1188 ι
2355 1143 2413 1190 et
2457 1135 2822 1205 «improprie,
2854 1151 2873 1186 ι
2913 1133 2981 1188 ad
3009 1134 3315 1189 unitionem
3348 1141 3407 1187 et
3436 1132 3568 1187 sub-

2001 1227 2216 1282 stantiae
2255 1227 2541 1294 unitatem,
2574 1226 2641 1282 ad
2673 1226 3041 1282 differentiam
3070 1234 3390 1279 naturarum
3417 1232 3473 1278 et
3497 1223 3565 1278 ad

2000 1315 2295 1379 discrimen
2332 1332 2445 1386 quo
2486 1325 2674 1377 mente
2704 1314 3062 1385 percipimus,
3084 1330 3218 1369 .cum
3248 1313 3568 1371 substantiae

1998 1405 2211 1460 unitas
2254 1405 2473 1476 proprie
2510 1404 2619 1467 dici
2678 1404 2854 1459 Deum
2890 1411 2950 1458 et
2982 1403 3229 1468 Patrem,
3291 1409 3354 1458 ut
3405 1401 3569 1463 unius

1998 1495 2225 1561 Christi,
2275 1495 2346 1550 de
2386 1510 2562 1551 causa
2611 1493 2875 1564 praedicta
2902 1494 3081 1557 Deum
3110 1492 3385 1555 admittat,
3415 1507 3571 1546 cum-

1999 1601 2105 1657 que
2155 1602 2349 1641 rursus
2394 1585 2707 1642 essentialis
2762 1592 3087 1649 naturarum
3118 1584 3431 1641 diﬂ‘erentia
3457 1585 3570 1646 im.-

1879 1726 1894 1750 ,
1929 1740 1967 1750 _
1998 1675 2225 1747 proprie
2263 1676 2375 1731 dici
2414 1676 2666 1746 recipiat,
2698 1674 3163 1746 quemadmodum
3212 1674 3270 1730 in
3315 1674 3477 1733 nobis
3510 1688 3570 1729 se

2001 1782 2089 1823 res
2133 1768 2323 1831 habet.
2368 1767 2571 1824 Noster
2618 1767 2771 1823 enim
2818 1765 3043 1837 proprie
3094 1766 3242 1825 Deus
3278 1772 3364 1820 est
3398 1765 3567 1829 Deus,

2000 1865 2062 1913 ut
2098 1858 2265 1913 etiam
2305 1858 2588 1917 Sermonis
2610 1857 2815 1924 carnis,
2844 1856 2942 1914 sed
2964 1871 3076 1912 non
3106 1856 3348 1927 proprie,
3382 1857 3567 1919 Pater,

1994 1958 2061 2013 ut
2081 1963 2184 2009 nec
2207 1947 2489 2011 Sermonis
2518 1948 2721 2011 carnis.
2742 1947 2985 2005 Invicem
3009 1949 3156 2008 enim
3184 1957 3352 2018 atque
3376 1954 3571 2003 mutuo

1999 2054 2122 2109 qua:
2148 2038 2324 2097 totius
2372 2047 2503 2103 sunt
2536 2039 2808 2103 debemus
2847 2041 3120 2112 partibus,
3161 2054 3392 2111 quaeque
3442 2053 3573 2108 pro-

1999 2130 2244 2201 priarum
2278 2141 2368 2187 est
2391 2130 2767 2200 partiumtoti
2793 2131 3063 2193 debemus
3106 2131 3373 2195 tribuere,
3405 2138 3570 2199 atque

1998 2222 2179 2277 facilis
2196 2222 2309 2278 erit
2333 2231 2390 2276 et
2416 2222 2710 2297 perspicua
2737 2237 2928 2280 eorum
2957 2239 3079 2294 qua:
3101 2231 3406 2279 tractantur
3424 2236 3574 2276 com-
3635 2265 3641 2269 .

1993 2313 2315 2386 prehensio.
2334 2314 2402 2368 Et
2421 2329 2531 2383 quo
2556 2314 2727 2384 magis
2752 2316 3107 2385 perspicuum
3142 2314 3238 2373 ﬁat
3259 2312 3406 2384 quod
3423 2311 3567 2375 dico,

2001 2405 2219 2475 quando
2266 2413 2328 2459 ut
2377 2404 2741 2469 substantiam
2805 2406 3243 2475 contemplamur
3290 2403 3570 2458 Christum

2002 2494 2138 2550 illud
2183 2515 2200 2548 ι
2234 2496 2458 2566 proprie
2501 2495 2569 2550 de
2626 2504 2918 2565 utroque,»
2957 2494 3025 2557 de
3058 2496 3191 2557 Deo.
3231 2494 3478 2564 inquam,
3518 2500 3575 2547 et

2001 2588 2183 2652 Patre,
2211 2587 2564 2659 ponendum;
2599 2587 2821 2659 quando
2858 2597 3041 2645 autem
3073 2603 3173 2657 per
3198 2583 3571 2649 etsistentiam

2003 2679 2349 2736 inconfusam
2374 2695 2569 2743 eorum
2603 2681 2660 2735 in
2690 2680 2894 2752 quibus
2916 2686 2973 2734 et
2997 2695 3064 2735 ex
3092 2677 3297 2749 quibus
3318 2682 3573 2733 constant

1996 2770 2206 2828 Christi
2249 2781 2481 2837 natura},
2541 2771 2677 2827 illud
2716 2788 2741 2825 ,ι
2769 2787 2963 2828 rursus
2988 2790 3005 2822 ι
3037 2768 3384 2840 ponendum.
3423 2766 3571 2838 quod

1999 2869 2086 2919 est
2130 2876 2239 2917 non
2279 2860 2522 2932 preprie,
2566 2862 3034 2932 quemadmodan
3081 2863 3135 2917 in
3182 2861 3341 2918 nobis
3378 2877 3443 2919 se
3482 2876 3573 2915 res

2001 2952 2186 3008 habet.
2238 2952 2310 3006 Et
2352 2952 2459 3007 hoc
2494 2953 2777 3024 signiﬁcat
2823 2954 3110 3017 manifesta
3148 2954 3400 3025 magistri
3446 2970 3575 3010 ora-

328 3033 812 3141 Ξπαλλαττρμένων
836 3039 944 3093 τῶν
971 3040 1253 3111 ὀνομάτων
1274 3042 1364 3099 διὰ
1392 3044 1493 3117 τὴν
1520 3044 1840 3118 σύγκρασιν.
1870 3066 1890 3099 ι

2003 3042 2101 3110 ιίο,
2144 3057 2271 3100 cum
2320 3043 2599 3114 subjiciat,
2657 3062 2676 3095 ι
2708 3042 2888 3131 Atque
2935 3044 3041 3105 hoc
3073 3052 3159 3100 est
3205 3043 3355 3114 quod
3394 3044 3574 3100 haere-

328 3122 563 3195 Σημείον
585 3125 664 3191 δὲ,
702 3126 863 3196 ἡνίκα
914 3132 972 3185 αί
1024 3131 1323 3207 (208a)
1368 3135 1558 3206 φύσεις
1595 3135 1895 3199 διίστανται

2000 3137 2138 3193 ticos
2171 3136 2229 3190 in
2268 3151 2519 3191 errorem
2555 3126 2788 3202 inducit,
2823 3153 3024 3208 nempe
3054 3138 3342 3192 nominum
3373 3137 3572 3191 horum

329 3217 449 3277 ταῖς
468 3216 761 3287 ἐπινοίαις,
796 3218 1181 3295 συνδιῄρηνται
1209 3227 1305 3280 καὶ
1337 3226 1406 3281 τὰ
1432 3227 1691 3297 ὀνόματα.
1727 3231 1900 3284 Τουτ-

328 3305 497 3374 έστιν,
530 3307 634 3374 ἕως
674 3311 971 3368 ὑπόστασιν
997 3316 1128 3385 μίαν
1173 3322 1396 3385 σκοπεῖς
1438 3320 1531 3374 τὸν
1576 3320 1832 3392 Χριστὸν,
1861 3325 1896 3394 ἠ

328 3398 449 3452 κατ’
503 3401 815 3474 ἐπαλλαγὴν
893 3405 1001 3458 τῶν
1069 3407 1351 3476 ὀνομάτων
1425 3408 1701 3476 έπίζευξίς
1749 3412 1897 3466 ἔστιν

325 3489 652 3562 ἀδιαίρετος,
689 3492 908 3546 ἐπειδὰν
936 3492 994 3546 δὲ
1025 3497 1148 3558 ταῖς
1177 3496 1442 3562 ἐπινοίαις
1478 3499 1771 3571 διαστήσῃς
1798 3501 1898 3565 τὰς

330 3578 753 3651 συμπληρούσας
781 3577 879 3646 τὴν
918 3583 1055 3655 μίαν
1128 3586 1430 3642 ὑπόστασιν
1498 3590 1593 3643 τοῦ
1657 3591 1896 3661 Χριστοῦ

328 3670 537 3740 φύσεις,
571 3673 862 3737 συνδιεῖλες
882 3679 1005 3741 ταῖς
1039 3678 1233 3748 φύσεσι
1286 3682 1381 3736 καὶ
1428 3682 1496 3735 τὰ
1545 3684 1820 3754 ὀνόματα⁸
1861 3685 1895 3755 ἢ

327 3762 508 3827 πάλιν,
543 3765 774 3836 ἐπείπερ
803 3767 902 3839 τὴν
937 3769 1099 3840 φύσιν
1131 3771 1354 3837 διπλοῦς
1385 3774 1414 3826 ὀ
1447 3775 1701 3847 Χριστὸς,
1731 3778 1898 3848 ἄμφω

326 3858 713 3924 κατηγορεῖται
737 3858 928 3924 αὑτοῦ,
960 3860 1022 3914 τὸ
1047 3862 1177 3927 Θεὸς
1202 3866 1297 3917 καὶ
1325 3866 1536 3936 Πατὴρ,
1565 3852 1768 3939 κυρίως
1798 3868 1896 3938 μὲν

325 3946 487 4014 ἡνίκα
536 3954 960 4016 συνεκφωνείται
1007 3955 1358 4028 καταλλήλως
1410 3962 1529 4021 ταῖς
1581 3959 1777 4027 φύσεσι
1825 3960 1895 4013 τὰ

325 4037 584 4108 ὀνόματα,
617 4040 676 4092 ού
706 4043 915 4112 κυρίως
953 4043 1009 4098 δὲ
1029 4046 1158 4099 ὅταν
1186 4048 1219 4118 ὴ
1244 4049 1385 4103 κατὰ
1426 4048 1589 4117 φύσιν
1628 4051 1894 4121 ἑκατέρου

325 4128 434 4181 τῶν
467 4127 526 4191 ἐξ
550 4121 623 4181 ὧν
651 4132 711 4185 ὲν
747 4127 829 4195 οἷς
861 4150 920 4186 τε
951 4135 1045 4187 καὶ¹
1090 4134 1234 4207 ἅπερ
1275 4128 1403 4190 ἐστι
1434 4136 1650 4209 θατέρῳ
1678 4139 1767 4193 διὰ
1795 4140 1894 4211 τὴν

329 4220 456 4291 μίαν
488 4223 785 4278 ὑπόστασιν
834 4226 1261 4298 ἐπηλλαγμένως
1306 4229 1644 4284 ἁντιδίδωται
1678 4230 1892 4300 κτῆσις.

326 4310 501 4389 Ὅπερ
536 4318 705 4369 ποιεῖν
730 4316 813 4387 ,μὴ
844 4317 1231 4385 γινώσκοντες,
1284 4320 1317 4391 ἢ
1354 4319 1690 4393 κυριώτερον
1719 4325 1894 4377 εἰπεῖν

1996 3224 2333 3295 conjunctio,
2364 3225 2691 3294 permutatis
2708 3225 2971 3283 videlicet
2992 3226 3135 3283 inter
3165 3240 3224 3287 se
3249 3224 3575 3281 nominibus

2002 3323 2233 3387 propter
2267 3323 2480 3371 naturae
2537 3317 2826 3385 utriusque
2876 3316 3296 3372 connexionem.
3330 3334 3349 3367 ι
3398 3318 3574 3386 Argu-

1996 3415 2186 3464 mento
2225 3414 2310 3461 est
2344 3405 2489 3476 quod
2527 3421 2653 3460 cum
2697 3415 2914 3461 naturae
2944 3405 3133 3465 animo
3162 3405 3575 3476 etcogitatlone

1997 3498 2437 3567 distinguuntur,
2492 3497 2655 3553 simul
2690 3511 2912 3565 quoque
2963 3496 3189 3553 nomina
3219 3495 3571 3553 dividuntur.

2000 3585 2113 3640 Hoc
2165 3594 2270 3648 cst,
2312 3583 2563 3653 quandiu
2609 3583 2894 3639 Christum
2950 3600 3117 3645 unam
3180 3586 3576 3655 contemplaris

1994 3674 2385 3737 substantiam,
2437 3671 2721 3726 nominum
2768 3672 3072 3727 secundum
3106 3674 3575 3743 permutationem

1998 3763 2319 3834 conjunctio
2354 3760 2635 3817 individua
2668 3771 2774 3825 est,
2793 3761 2887 3816 ubi
2916 3771 3100 3818 autem
3143 3763 3425 3820 intellectu
3458 3764 3576 3821 dis-

2006 3852 2391 3909 criminaveris
2431 3860 2659 3906 naturas
2678 3868 2799 3922 qua:
2817 3851 3025 3907 Christi
3052 3852 3372 3908 substantiae
3390 3854 3572 3909 unita-

1999 3956 2109 4001 tem
2134 3952 2542 4009 consummant,
2575 3960 2683 4001 una
2710 3958 2836 3999 cum
2862 3945 3075 3999 naturis
3102 3944 3326 4000 nomina
3352 3960 3574 4015 quoque

1996 4036 2469 4107 discriminabisﬁ
2491 4047 2589 4089 aut
2641 4052 2854 4100 rursus,
2906 4050 3032 4091 cum
3077 4035 3332 4091 Christus
3373 4036 3575 4105 duplex

1994 4140 2196 4186 natura
2241 4128 2332 4193 sit,
2377 4136 2677 4197 utrumque
2716 4128 2785 4183 de
2829 4144 2896 4183 eo
2950 4127 3305 4198 praedicatur,
3341 4137 3399 4183 et
3426 4129 3592 4186 Deus.

1993 4224 2255 4291 etrPater,
2276 4223 2505 4292 proprie
2525 4221 2744 4292 quidem
2763 4223 2985 4292 quando
3006 4224 3226 4279 naturis
3241 4225 3581 4279 convenien~

1996 4325 2082 4372 ter
2108 4315 2334 4372 nomina
2374 4314 2541 4369 simul
2573 4315 3030 4385 pronuntiantur,
3059 4316 3360 4393 improprie
3388 4325 3573 4372 autem

326 4405 400 4476 μὴ
426 4406 765 4475 ἀνεχόμενοι,
791 4410 840 4461 οί
869 4408 990 4461 τότε
1021 4411 1115 4463 καὶΙ
1140 4412 1189 4463 oi
1213 4410 1308 4464 νῦν
1329 4412 1596 4481 αίρετικο)⁵
1615 4412 1705 4467 τὸν
1737 4431 1895 4484 μονο-

1998 4408 2220 4479 quando
2253 4406 2524 4462 naturalis
2564 4407 2858 4476 utriusque
2881 4407 3167 4476 possessio
3195 4423 3397 4463 eorum,
3425 4410 3572 4463 unde

320 4498 451 4568 γενῆ
498 4498 631 4550 Θεὸν
679 4500 849 4566 Λόγον
876 4499 1232 4571 ,βλασφημεῖν
1278 4502 1338 4555 ού
1382 4503 1794 4572 παραιτοῦνται,
1843 4508 1892 4559 οί

325 4587 421 4656 μὲν
445 4588 526 4649 είς
554 4587 759 4655 κτίσμα
788 4589 1122 4655 κατάγοντες
1159 4588 1246 4642 διὰ
1277 4588 1346 4642 τὰ
1383 4588 1725 4659 ἀνθρώπινα,
1758 4593 1805 4644 οἱ
1835 4590 1892 4644 δὲ

283 4666 416 4749 ’τὴν
448 4679 759 4749 οἰκονομίαν
796 4679 1116 4747 συγχέοντες
1166 4678 1254 4732 διὰ
1276 4679 1374 4748 τὴν
1416 4681 1642 4752 ἄρνησιν
1686 4681 1794 4734 τῶν
1832 4682 1892 4749 ἐξ

321 4763 396 4823 ὧν
428 4771 543 4822 ἐστι
567 4769 802 4835 φύσεων.
846 4769 1040 4833 Ἀλλος
1071 4769 1127 4822 δὲ
1145 4770 1283 4823 πάνυ
1314 4770 1381 4824 τὰ
1408 4769 1530 4823 θεῖα
1558 4771 1721 4840 σοφὸς
1761 4772 1889 4826 τοῦ-

318 4878 410 4914 τον
455 4861 751 4932 ἐρωτηθεὶς
805 4865 937 4933 παρ’
997 4862 1135 4931 ἐμοῦ
1170 4863 1260 4916 τὸν
1288 4863 1450 4916 τόπον
1489 4864 1628 4931 ἔφη·
1669 4864 1742 4918 Τὸ
1792 4866 1891 4934 μὲν

324 4972 343 5004 ι
367 4955 590 5025 κυρίως,
611 4974 629 5004 ι
664 4956 723 5007 τὸ
747 4955 804 5007 δὲ
844 4972 862 5004 ι
890 4955 951 5005 οὑ
990 4954 1193 5026 κυρίως
1222 4956 1307 5006 ἐπ’
1336 4957 1559 5024 ἀμφοῖν,
1596 4975 1612 5005 ο
1661 4958 1760 5025 τῆς
1790 4957 1890 5010 αὑ-

318 5045 417 5116 τῆς
437 5047 551 5098 ἐστι
584 5046 921 5117 κατηγορίας
951 5046 1049 5112 τῆς
1093 5046 1368 5114 σχετικῖκ,
1400 5047 1512 5099 εἴτε
1542 5047 1641 5117 τῆς
1673 5048 1886 5121 Πατὴρ,

316 5138 426 5193 εἴτε
452 5139 549 5208 τῆς
577 5138 729 5202 Θεὸς,
761 5137 794 5209 ἢ
820 5138 914 5191 καὶ
940 5136 1225 5208 ἑκατέρας,
1272 5136 1343 5201 ὡς
1390 5137 1475 5206 ἐφ’
1503 5139 1620 5203 ἑνὸς
1651 5139 1887 5210 Χριστοῦ

317 5230 625 5302 τιθεμένης,
682 5231 773 5284 τοῦ
815 5230 1144 5295 συνεστῶτος
1187 5233 1250 5286 ὲκ
1289 5232 1434 5286 δυοῖν
1461 5234 1571 5286 τῶν
1607 5234 1888 5300 ἐναντίων,

325 5341 343 5374 ι
362 5323 565 5393 κυρίως
586 5342 604 5373 ι
657 5323 747 5375 καὶ
786 5341 804 5372 ι
831 5322 891 5374 ού
934 5322 1159 5390 κυρίως.
1186 5341 1205 5374 t
1259 5322 1321 5376 Εί
1359 5322 1455 5392 μὲν
1481 5322 1613 5386 Θεὸς
1649 5326 1677 5377 ὀ
1699 5324 1887 5395 Πατὴρ

315 5413 409 5466 τοῦ
460 5414 698 5484 Χριστοῦ
748 5413 967 5484 λεχθείη
1018 5413 1162 5467 κατὰ
1213 5413 1312 5485 τὴν
1358 5414 1601 5467 ἐπίνοιαν
1634 5414 1743 5468 τῶν
1794 5415 1886 5470 δύο

317 5504 556 5573 φύσεων,
616 5524 634 5556 ι
660 5505 865 5575 κυρίως
889 5524 907 5555 ι
941 5504 1039 5574 μὲν
1071 5503 1165 5558 τοῦ
1221 5504 1520 5574 κτίσματος
1555 5505 1622 5559 ἂν
1649 5505 1882 5574 λέγοιτο,

321 5614 338 5641 ι
359 5596 427 5653 ,οὑ
462 5595 663 5667 κυρίως
690 5614 709 5646 ι
743 5594 800 5647 δὲ
830 5593 923 5649 τοῦ
953 5594 1087 5659 Θεοῦ
1114 5595 1311 5664 Λόγου.
1357 5593 1586 5665 Ὁμοίως
1619 5594 1674 5647 δὲ
1700 5596 1793 5648 καὶ
1822 5597 1886 5648 ὲκ

316 5682 421 5735 τῶν
452 5683 706 5769 ἐναντίων
734 5684 920 5754 Πατὴρ
965 5705 982 5738 ι
1008 5683 1209 5756 κυρίως
1238 5704 1254 5735 ι
1311 5684 1403 5737 τοῦ
1465 5684 1658 5753 Λόγου,
1694 5684 1788 5738 τοῦ
1829 5686 1885 5739 δὲ

1993 4508 2049 4553 ει
2080 4499 2134 4552 in
2171 4498 2375 4568 quibus
2394 4496 2781 4567 cxsistitquod
2809 4498 3026 4552 exsistit
3058 4499 3310 4563 alterutri
3342 4507 3591 4570 propter

1994 4593 2318 4648 substantiae
2383 4592 2649 4646 unitatem
2717 4591 2955 4646 invicem
3013 4591 3360 4645 attribuitur.
3412 4590 3570 4658 Quod

1994 4701 2119 4739 cum
2151 4685 2333 4740 facere
2376 4683 2641 4747 nesciant,
2671 4691 2785 4747 aut,
2814 4692 2873 4737 ut
2903 4683 3077 4753 magis
3108 4683 3330 4753 proprie
3365 4682 3568 4747 dicam,

1994 4792 2105 4831 non
2149 4777 2462 4841 sustineant
2518 4787 2576 4830 et
2624 4778 2992 4846 reiragentur,
3043 4782 3260 4831 veteres
3299 4782 3355 4828 et
3405 4773 3568 4830 hodie

1993 4867 2087 4937 qui
2135 4873 2351 4921 exstant
2380 4866 2625 4920 haeretici
2655 4865 2996 4936 unigenitum
3040 4865 3211 4919 Deum
3247 4864 3576 4920 Sermonem

1993 4959 2376 5029 blasphemare
2412 4974 2524 5012 non
2557 4957 2889 5023 detrectant,
2942 4972 3091 5013 nunc
3141 4956 3209 5011 ad
3256 4967 3566 5013 creaturam

1990 5065 2118 5105 eum
2147 5048 2510 5119 deprimendo
2537 5058 2765 5118 propter
2803 5049 3064 5116 humana,
3099 5063 3248 5104 nunc
3280 5046 3570 5117 dispensa-

1996 5142 2203 5196 tionem
2225 5138 2616 5195 confundenda
2644 5154 2744 5209 per
2761 5154 2954 5194 earum
2987 5138 3133 5193 unde
3159 5145 3375 5193 constat
3402 5142 3567 5195 natu-

1993 5246 2179 5286 rarum
2217 5230 2652 5300 renegationem.
2682 5229 2839 5284 Alius
2857 5243 2991 5284 vero
3032 5227 3349 5283 divinarum
3381 5241 3569 5283 rerum

1990 5320 2366 5393 peritissimus
2410 5337 2440 5375 a
2469 5335 2556 5375 me
2603 5320 2896 5375 consultus
2938 5319 2992 5383 in
3025 5319 3174 5374 hunc
3200 5318 3314 5373 fere
3342 5316 3569 5383 modum

1991 5396 2390 5482 interpretatus
2415 5420 2540 5466 est:
2572 5408 2687 5468 Hoc
2720 5429 2739 5461 ι
2768 5409 3011 5481 proprie,
3036 5429 3055 5463 ι
3103 5418 3162 5465 ει
3200 5408 3359 5475 illud,
3394 5427 3413 5461 ι
3464 5408 3571 5464 im—

1989 5504 2215 5575 proprie
2260 5521 2279 5554 ι
2327 5502 2396 5558 de
2425 5509 2681 5572 utroque,
2712 5522 2727 5553 ν
2752 5500 2998 5572 ejusdem
3052 5508 3137 5573 est
3164 5498 3573 5571 praedicationis

1991 5594 2251 5659 relativaa,
2274 5594 2398 5648 .sive
2421 5593 2622 5657 Patris,
2649 5592 2765 5647 sive
2791 5592 2909 5656 Dei,
2933 5592 3050 5647 sive
3077 5592 3244 5648 etiam
3272 5589 3567 5659 utriusque

1991 5684 2253 5750 nominis,
2276 5693 2335 5737 ut
2356 5684 2422 5739 de
2448 5699 2556 5737 uno
2572 5682 2792 5749 Christo
2819 5693 3114 5746 usurpatae,
3141 5681 3233 5751 qui
3256 5696 3323 5735 ex
3344 5680 3567 5734 duobus
