3938 6192
195 225 332 292 i2i3

1368 206 1378 214 '
1441 223 1958 287 AMBIGUORUM
1995 227 2240 288 LIBER.

3312 231 3456 298 1274

184 339 294 396 ἀπὸ
326 337 462 401 ἰδίας
495 335 670 408 ἀρχῆς
699 333 811 404 ἔχει
839 333 928 386 τὸν
966 332 1174 404 εἱρμὸν.
1205 331 1289 382 ius
1395 331 1452 383 τὸ
1487 332 1656 384 κῶλον
1677 332 1768 384 οὗ·

1893 335 2050 390 lbsit.
2078 334 2184 390 Sed
2215 353 2374 392 suum
2403 337 2832 409 unumquodque
2861 356 2888 394 a
2919 357 3021 396 suo
3047 343 3270 412 preprio
3299 344 3449 413 prin-

183 451 294 497 τως
325 429 749 502 ὁμαλιζόμενον,
793 443 810 476 ι
835 425 920 488 Ὡς
949 423 1058 494 γάρ
1089 423 1347 476 ἀδύνατον
1373 417 1508 475 εἶναι
1535 423 1764 493 λέγομεν

186 527 424 600 πονηρὸν
458 521 598 579 εἶναι
627 521 778 586 Θεὸν,
811 539 830 572 ι
859 519 954 574 καὶ
986 519 1159 583 στίξαι
1191 518 1286 572 καί
1316 518 1476 572 πάλιν
1503 517 1768 588 ἄρξασθαι

184 623 460 692 νοήματος
491 617 680 687 ἐτέρου
711 613 808 668 καὶ
834 613 1296 682 προσεπαγαγείν,
1338 611 1439 664 «Ἢ
1469 610 1544 681 μὴ
1571 605 1762 670 εἶναι.»

185 715 310 768 ἀντὶ
340 710 436 767 τοῦ
466 708 819 779 ἀνύπαρκτον
845 700 1008 758 εἴναι.

199 1065 303 1137 Ἐκ
350 1074 458 1130 τοῦ
505 1069 692 1128 αὐτοῦ
739 1067 950 1134 λόγου,
998 1068 1086 1129 εὶς
1115 1064 1205 1128 τὸ,
1247 1066 1506 1135 ιινεχεις
1533 1058 1638 1123 τὰς
1668 1055 1775 1110 τοῦ

255 1168 393 1226 υἱοῦ
451 1159 860 1233 προσηγορίας
889 1197 904 1223 ,
964 1153 1172 1220 ,βάδιζε
1233 1153 1308 1206 δι’
1347 1151 1577 1214 αὐτῶν,
1637 1149 1776 1202 ὅσαι

254 1258 491 1330 ὑψηλαὶ
523 1296 537 1319 ,
595 1251 844 1316 θετκῶς,
903 1247 1000 1302 καὶ
1053 1246 1191 1300 ὅσαι
1219 1242 1566 1314 σωματικαὶ,
1621 1257 1776 1309 συμ-

257 1349 484 1416 παθῶς,
513 1344 756 1416 μᾶλλον
779 1339 847 1394 δὲ
877 1339 1025 1394 ὅλον
1050 1335 1284 1401 omne,
1314 1336 1414 1389 ἵνα
1445 1333 1589 1404 γένῃ
1624 1332 1771 1395 Θεὸς

256 1440 524 1496 κάτωθεν
555 1430 829 1488 ἀνελθὼν
872 1427 972 1481 διὰ
996 1425 1105 1480 τὸν
1133 1425 1493 1479 κατελθόντα
1519 1421 1592 1476 δι’
1614 1418 1770 1490 ἡμᾶς

256 1531 490 1586 ἄνωθεν
528 1525 575 1597 (ἰ
587 1524 661 1594 8).
702 1541 720 1574 ι

1873 423 2022 492 cipio
2053 441 2254 480 nexum
2285 429 2472 496 habet,
2499 439 2560 483 ut
2583 431 2890 486 membrum
2922 433 3191 488 orationis
3217 434 3349 488 illud
3375 435 3448 489 ita

1877 517 2310 585 complanctur:
2349 538 2367 570 ι
2399 519 2870 586 Quemadmodum
2911 524 3059 578 enim
3111 525 3448 594 impossibile

1871 621 1993 660 esse
2024 608 2256 664 dicimus
2287 613 2488 666 malum
2515 629 2635 668 esse
2663 616 2853 680 Deum,
2883 635 2900 666 ι
2925 624 3179 686 postquae
3204 616 3449 672 inciden-

1874 697 2003 752 dum
2025 709 2127 764 est,
2164 710 2225 756 ut
2249 719 2442 758 rursus
2473 705 2707 761 alterum
2748 709 3094 763 enuntiatum
3134 707 3262 762 inde
3291 707 3449 762 addi-

1875 794 1989 840 tum
2025 788 2254 858 incipiat

2306 809 2318 842 :
2377 811 2394 843 ι
2424 791 2534 846 Aut
2576 811 2684 851 non
2705 811 2826 850 esse
2849 837 2862 862 ,
2892 815 2909 847 ι
2945 797 2998 852 id
3024 806 3109 853 est
3131 796 3450 854 exsistentia

1871 890 2083 930 carere.
2355 882 2364 889 ”

1796 993 1868 1004 -ο

1875 1055 1960 1108 Ex
1993 1057 2170 1110 eodem
2196 1073 2472 1123 sermone,
2496 1061 2550 1111 in
2587 1059 2721 1112 illud
2753 1076 2770 1114 :
2815 1079 2832 1110 ι
2873 1060 3044 1113 Habes
3076 1058 3177 1127 ﬁlii
3210 1059 3451 1128 appella-

1948 1149 2143 1215 tiones,
2178 1166 2271 1220 per
2315 1167 2403 1203 eas
2455 1151 2664 1215 incede,
2698 1168 2792 1222 per
2837 1167 2954 1214 eas,
2988 1151 3234 1220 inquam,
3271 1167 3448 1203 omnes

1945 1255 2062 1310 (luce
2100 1239 2347 1294 sublimes
2384 1249 2536 1305 sunt,
2573 1241 2774 1306 divine,
2819 1257 2914 1311 per
2954 1257 3232 1306 corporeas
3275 1251 3447 1294 autem

1949 1332 2208 1394 humane,
2235 1331 2340 1382 imo
2370 1345 2492 1382 vero
2521 1347 2736 1399 prorsus
2765 1330 2934 1382 divine
2952 1369 2966 1394 ,
2991 1337 3050 1382 ut
3079 1344 3142 1381 ea:
3168 1329 3287 1382 imis
3315 1328 3449 1380 hisce

1951 1416 2234 1470 ascendens
2273 1415 2375 1484 ﬁas
2414 1415 2552 1469 Deus
2591 1424 2804 1487 propter
2833 1433 2952 1470 eum
2990 1417 3080 1486 qui
3115 1425 3328 1486 propter
3357 1431 3449 1468 nos

1947 1506 2010 1558 de
2036 1506 2278 1575 supernis
2302 1505 2582 1558 descendit.
2616 1525 2634 1556 ι

270 1646 331 1699 '0
386 1643 479 1696 τὸν
527 1639 652 1694 νοῦν
704 1635 792 1691 διὰ
839 1637 937 1706 τῆς
980 1631 1191 1705 ὑψηλῆς
1223 1631 1458 1701 θεωρίας
1501 1628 1645 1683 κατὰ
1675 1627 1772 1698 τὴν

1947 1637 2051 1704 Qui
2093 1647 2333 1694 mentem
2373 1638 2596 1694 sublimi
2637 1637 3116 1707 contemplatione.
3131 1653 3230 1707 per
3263 1638 3454 1691 unius-

187 1740 423 1794 ἑκάστου
457 1733 566 1788 τῶν
594 1731 753 1786 θείων
782 1728 1066 1797 ὀνομάτων
1111 1725 1358 1778 ἐπίνοιαν
1387 1721 1772 1790 καταφωτίσας

187 1833 286 1885 καὶ
323 1829 460 1900 πρὸς
493 1827 582 1880 τὸν
612 1822 841 1896 ἀρχικὸν
872 1821 1107 1874 ἑκάστου
1158 1817 1254 1870 καὶ
1289 1812 1658 1884 πνευματικὸν
1685 1811 1773 1864 λό-

188 1939 287 1991 γον
323 1915 618 1986 ἀναγαγών
647 1931 708 1966 τε
753 1913 848 1966 καὶ
881 1908 1256 1980 μεταποιήσας
1279 1945 1294 1970 ,
1351 1904 1445 1957 καὶ
1488 1904 1601 1965 τοῖς
1635 1900 1776 1969 ὑπὲρ

189 2013 395 2086 ἀρετῆς
425 2009 607 2070 πόνοις
652 2005 713 2058 τὸ
745 2003 1003 2074 φρόνημα
1033 1999 1135 2066 τῆς
1164 1997 1366 2066 σαρκὸς
1393 1991 1772 2056 καθυποτάξας

187 2106 270 2176 τῷ
304 2103 609 2173 πνεύματι,
649 2096 884 2168 ὑπήκοός
910 2111 972 2147 τε
1007 2093 1170 2163 μέχρι
1198 2089 1430 2144 θανάτου
1458 2087 1770 2174 γενόμενος,

190 2167 348 2260 οὗτος
381 2167 596 2263 ἀληθῶς
628 2167 810 2260 βάδιζε
848 2205 867 2238 ς
895 2185 982 2240 διὰ
1010 2183 1120 2236 τῶν
1148 2182 1310 2236 Θείων
1336 2167 1716 2251 προσηγοριῶν
1749 2197 1766 2227 ›

192 2291 502 2360 ἀμέμπτως
552 2281 697 2337 κατά
729 2297 789 2334 τε
831 2278 1049 2348 πνεῦμα
1099 2277 1194 2329 καὶ
1228 2275 1406 2344 σάρκα
1431 2312 1446 2336 ,
1499 2271 1596 2343 τὴν
1624 2271 1774 2322 Θείαν

192 2381 292 2434 καὶ
311 2379 448 2449 πρὸς
465 2374 600 2430 Θεὸν
623 2373 862 2442 ἄγουσαν
887 2367 1112 2440 πορείαν
1130 2366 1472 2434 ποιούμενος,
1493 2383 1510 2413 ι
1523 2360 1735 2432 ὑψηλῶς
1751 2379 1768 2408 ι

195 2473 301 2546 μὲν
351 2468 491 2524 κατὰ
537 2467 640 2536 τὴν
685 2463 958 2536 μυστικὴν
1003 2461 1238 2533 θεωρίαν
1283 2459 1372 2513 διὰ
1412 2457 1521 2511 τῶν
1558 2455 1775 2525 ὑψηλῶν

192 2563 476 2632 ὀνομάτων
501 2601 516 2626 ,
579 2579 598 2612 ι
635 2555 938 2628 συμπαθῶς
970 2574 988 2606 ›
1034 2554 1092 2606 δὲ
1148 2552 1288 2606 κατὰ
1329 2551 1428 2620 τὴν
1466 2547 1775 2618 πρακτικὴν

193 2655 538 2726 φιλοσοφίαν,
577 2651 664 2706 διὰ
689 2649 796 2704 τῶν
827 2644 1164 2718 σωματικῶν
1193 2643 1328 2714 πρὸς
1356 2645 1456 2713 τὴν
1484 2642 1596 2694 ἄνω
1623 2637 1775 2710 λῆξιν

193 2747 570 2816 ἐπειγόμενος,
610 2763 628 2795 ι
661 2741 862 2814 μᾶλλον
883 2739 942 2794 δὲ
969 2737 1030 2792 τδ
1053 2737 1174 2791 ὅλον
1201 2735 1446 2799 Θεῖκῶς,»
1471 2734 1546 2797 ὡς
1571 2732 1777 2803 Θεωρη-

189 2841 356 2908 τικῆς
385 2837 554 2908 οὔσης
603 2837 698 2890 καὶ
729 2835 828 2904 τῆς
857 2831 1114 2903 πράξεως
1159 2830 1255 2882 καὶ
1297 2828 1522 2898 λογικῆς
1555 2828 1777 2898 χάριτος

1876 1729 2147 1800 cujusque
2195 1728 2512 1784 divinarum
2560 1728 2986 1798 appellationum
3038 1727 3450 1797 interpretatio-

1877 1836 2000 1875 nem
2029 1821 2328 1876 illustravit
2353 1830 2408 1874 et
2435 1820 2502 1874 ad
2532 1820 2891 1890 principalem
2920 1820 3188 1890 cujusque
3213 1827 3270 1873 et
3291 1819 3454 1888 spiri-

1877 1912 2082 1966 tualem
2118 1911 2388 1966 rationem
2424 1911 2686 1966 subduxit
2718 1922 2883 1981 atque
2917 1910 3358 1974 transformavit,
3389 1925 3454 1963 ac

1875 2002 2161 2058 laboribus
2199 2017 2299 2072 pro
2340 2003 2543 2056 virtute
2579 2003 2854 2072 susceptis
2891 2001 3238 2071 prudentiam
3273 2001 3455 2055 carnis

1877 2092 2098 2162 spiritui
2143 2093 2409 2162 subjecit,
2453 2093 2521 2146 ad
2564 2103 2799 2148 mortem
2845 2107 3022 2161 usque
3065 2091 3331 2146 obediens
3371 2091 3454 2144 fa-

1876 2196 1998 2241 ctus
2023 2195 2067 2251 ',
2096 2186 2142 2240 is
2173 2201 2302 2240 vere
2339 2185 2531 2240 incede
2572 2203 2589 2235 ι
2629 2199 2728 2254 per
2755 2183 2968 2239 divinas
3001 2184 3396 2254 appellationes
3428 2202 3446 2234 ι

1875 2287 1931 2332 et
1960 2278 2157 2348 Spiritu
2190 2275 2756 2346 irrepreliensibiliter
2779 2285 2834 2330 et
2859 2291 3046 2341 carne,
3071 2275 3317 2330 divinum
3349 2275 3455 2328 iter

1875 2377 1932 2424 et
1967 2368 2116 2438 quod
2152 2367 2220 2422 ad
2261 2369 2434 2422 Deum
2476 2367 2633 2421 ducit
2676 2367 3020 2437 ingrediens,
3065 2385 3083 2418 ι
3127 2365 3382 2420 sublimis
3430 2385 3446 2414 ι

1877 2461 2100 2532 quidem
2134 2459 2440 2516 secundum
2477 2459 2763 2529 mysticam
2799 2457 3319 2529 contemplationem
3359 2472 3458 2525 per

1877 2551 2145 2606 sublimes
2199 2549 2627 2620 appellationes,
2664 2567 2682 2600 ι
2714 2549 3014 2618 eademque
3068 2549 3284 2618 patiens
3320 2567 3336 2597 ι
3371 2563 3457 2601 se-

1879 2643 2119 2712 cundum
2158 2643 2456 2714 practicam
2491 2641 2927 2712 philosophiam,
2961 2639 3091 2693 dum
3127 2655 3225 2709 per
3255 2653 3454 2708 corpo-

1880 2737 2013 2791 ralia
2055 2735 2123 2790 ad
2163 2749 2456 2805 supernam
2503 2748 2766 2802 properas
2801 2731 3066 2801 quietem,
3110 2750 3127 2782 ι
3179 2729 3287 2782 inzo
3325 2744 3456 2782 vero

1879 2843 2107 2899 prorsus
2135 2826 2346 2890 divine,
2385 2844 2403 2876 ι
2447 2839 2571 2879 cum
2605 2823 3028 2892 contemplativa
3059 2832 3170 2875 tua
3185 2820 3349 2874 etiam
3387 2820 3458 2872 sit

193 2936 277 3005 μὴ
305 2929 664 3003 ἀμοιρούσης’
697 2926 814 2980 ἀλλ’
837 2925 958 2979 ὅτου
989 2925 1149 2994 χάριν
1181 2922 1278 2993 τὴν
1311 2921 1446 2991 πρὸς
1475 2920 1572 2991 τὴν
1600 2919 1778 2988 σάρκα

1893 2918 2028 2974 actio
2070 2925 2128 2972 et
2170 2915 2426 2972 rationali
2469 2911 2646 2985 gratia
2689 2927 2801 2967 non
2845 2911 3116 2982 indigeat;
3161 2908 3256 2964 sed
3301 2909 3460 2978 cujus

188 3025 482 3096 γνωμικὴν
536 3019 887 3092 ἀλλοτρίωσιν
947 3016 1034 3070 διὰ
1083 3015 1181 3086 τῆς
1230 3013 1442 3076 τελείας
1475 3009 1776 3082 περιτομῆς

189 3118 307 3172 τῶν
353 3116 522 3185 αὐτῆς
570 3111 820 3182 φυσικῶν
865 3109 1183 3179 κινημάτων
1235 3107 1410 3161 εἵλετο
1455 3103 1643 3174 σαφῶς
1673 3103 1776 3154 ὑπ-

189 3207 480 3280 αγορεύων
509 3205 718 3276 ὅτιπερ,
756 3202 844 3256 ἵνα
871 3201 1097 3271 γένηται
1124 3200 1216 3252 καὶ
1241 3196 1403 3262 αὐτὸς
1423 3197 1604 3267 χάριτι
1623 3193 1774 3257 θεὸς,

191 3305 342 3375 ὑπὲρ
369 3301 470 3372 τὴν
499 3299 630 3370 ὓλην
665 3297 806 3351 κατὰ
835 3296 1015 3366 σάρκα
1045 3287 1132 3346 διὰ
1159 3294 1256 3361 τῆς
1281 3289 1594 3361 aperiam“
1614 3326 1628 3350 ,
1687 3286 1778 3375 καὶ

193 3369 341 3448 κατά
365 3369 489 3446 νοῧν
513 3369 603 3445 διὰ
629 3387 862 3458 θεωρίας
893 3385 1034 3454 ὑπὲρ
1065 3383 1123 3436 τὸ
1149 3379 1308 3446 εἶδος,
1343 3379 1526 3451 (209
1546 3379 1598 3447 b)
1625 3378 1682 3442 ἐξ
1705 3369 1779 3430 ὧν

197 3491 235 3560 ὴ
275 3487 381 3540 τῶν
407 3485 579 3538 ὅντων
611 3481 845 3549 ὖπαρξις
878 3478 1186 3546 ὑφέστηκεν
1211 3512 1226 3530 .
1286 3471 1476 3524 ἑαυτὸν
1505 3468 1780 3538 καταστή-

199 3596 339 3646 σας,
395 3577 490 3632 καὶ
519 3577 580 3629 τὸ
607 3575 728 3627 ὅλον
755 3572 928 3624 εἰπεῖν
947 3609 962 3632 ,
1021 3567 1162 3622 κατὰ
1189 3568 1293 3636 τὴν.
1313 3565 1426 3631 ἕξιν
1455 3564 1551 3634 τῆς
1582 3562 1781 3634 ἀρετῆς

197 3673 296 3726 καὶ
344 3669 444 3738 τῆς
491 3665 745 3735 γνώσεως
787 3660 949 3724 asto;
1002 3657 1100 3712 καὶ
1145 3656 1382 3718 ἀνείδεος
1417 3653 1593 3722 πάντη
1625 3653 1782 3719 γενό-

202 3779 364 3831 μενος
388 3799 403 3821 ,
455 3759 544 3812 διὰ
571 3755 663 3810 τὸν
691 3754 758 3806 δι’
787 3751 932 3821 ἡμᾶς
982 3748 1170 3820 ὲνλῦλῃ
1201 3748 1295 3801 καὶ
1319 3748 1448 3800 εῖδει
1485 3745 1609 3798 καθ’
1634 3745 1781 3812 ἡμᾶς

199 3852 419 3924 ἀληθῶς
448 3849 508 3914 ἐξ
530 3847 687 3920 ἡμῶν
715 3843 1012 3914 γενόμενον
1033 3840 1166 3894 Θεὸν
1190 3838 1384 3906 Λόγον,
1409 3836 1501 3890 τὸν
1524 3835 1664 3888 κατᾶ
1686 3834 1784 3901 φύ-

201 3960 291 3998 σιν
342 3942 546 4012 κυρίως
589 3937 751 3993 ἄϋλον
786 3934 882 3988 καὶ
927 3931 1183 3986 ἀνείδεον.
1227 3929 1300 3981 ’Ἡ
1347 3927 1443 3982 καὶ
1488 3926 1648 3980 πάλιν
1678 3924 1736 3977 τό
1763 3942 1778 3956 ·

211 4059 229 4088 ι
258 4034 474 4090 Μᾶλλον
496 4031 553 4083 δὲ
581 4030 699 4084 ὅλον
727 4026 978 4088 θεῖκῶς,ι
1013 4021 1102 4076 διὰ
1127 4021 1225 4091 τὴν
1248 4018 1610 4088 ἐγγενομένην
1636 4015 1783 4086 αὑτῷ

205 4120 616 4194 κατορθώσαντι
669 4116 768 4188 τὴν
819 4114 1046 4194 ἐφικτὴν
1097 4109 1404 4183 ἀνθρώποις
1446 4108 1648 4180 ἀρετὴν
1693 4108 1786 4161 καὶ

204 4214 410 4285 γνῶσιν
429 4250 443 4274 ,
482 4213 546 4263 ἑκ
575 4210 674 4278 τῆς
708 4207 846 4279 πρὸς
872 4205 966 4258 τὸν
987 4205 1120 4258 Θεὸν
1152 4203 1248 4256 καὶ
1275 4202 1366 4254 τὸν
1392 4200 1621 4270 πλησίον
1647 4216 1786 4268 συμ-

1879 3008 2054 3083 gratia
2109 3005 2412 3062 voluntatis
2467 3021 2498 3058 a
2551 3018 2720 3058 carne
2773 3001 3163 3058 alienationem
3216 2999 3460 3069 perfecta

1879 3101 2002 3172 ejus
2044 3097 2382 3154 naturalium
2431 3096 2736 3150 motionum
2785 3092 3208 3148 circumcisione
3251 3089 3458 3160 ceperit

1879 3205 2069 3266 aperte
2107 3194 2336 3258 indicat,
2361 3193 2624 3247 nimirum
2663 3201 2724 3246 ut
2755 3191 2920 3246 etiam
2962 3189 3076 3260 ipse
3111 3189 3282 3259 gratia
3317 3189 3462 3241 Deus

1879 3287 2060 3351 ﬁeret,
2083 3301 2250 3354 super
2269 3283 2554 3337 materiam
2585 3283 2639 3336 in
2663 3296 2827 3335 carne
2851 3295 2950 3350 per
2975 3280 3268 3342 actionem,
3292 3279 3459 3346 inque

1883 3387 2064 3434 incute
2095 3392 2196 3446 per
2225 3374 2743 3443 contemplationem
2777 3388 2943 3442 super
2968 3372 3221 3434 formam,
3247 3385 3314 3424 ex
3342 3369 3464 3438 qui-

1881 3473 1986 3526 bus
2022 3484 2205 3523 rerum
2239 3477 2437 3521 natura
2471 3473 2687 3521 constat
2708 3505 2722 3528 ,
2756 3479 2875 3518 sese
2910 3465 3284 3525 constituens,
3312 3470 3370 3516 et
3404 3463 3471 3514 ut'

1885 3571 2058 3616 totum
2083 3559 2319 3624 edicam,
2344 3555 2650 3612 secundum
2677 3553 2930 3608 habitum
2955 3553 3178 3608 virtutis
3203 3560 3258 3610 et
3280 3551 3464 3621 cogni-

1889 3653 2054 3708 tionis
2100 3649 2480 3706 immaterialis
2524 3656 2580 3703 et
2625 3647 2813 3702 formae
2852 3661 3047 3715 expers
3089 3645 3246 3715 plane
3287 3644 3465 3696 factus

1885 3761 1982 3815 per
2011 3743 2180 3798 Deum
2214 3741 2534 3796 Sermonem
2567 3738 2660 3806 qui
2690 3743 2914 3807 propter
2936 3751 3036 3790 nos
3065 3735 3119 3789 iu
3147 3733 3376 3788 materia
3409 3741 3464 3787 et

1883 3835 2060 3890 forma
2096 3847 2287 3888 revera
2317 3831 2383 3886 ad
2415 3845 2516 3884 nos
2546 3828 2612 3883 de
2647 3828 2808 3882 nobis
2843 3827 3114 3896 pervenit,
3145 3825 3236 3894 qui
3271 3833 3462 3878 natura

1889 3943 1989 3983 sua
2020 3927 2245 3996 proprie
2275 3933 2359 3979 est
2386 3919 2768 3977 immaterialis
2797 3918 3092 3988 formaeque
3127 3932 3342 3985 expers.
3370 3916 3462 3970 γει

1887 4017 2056 4072 etiam
2093 4029 2305 4079 rursus,
2331 4011 2466 4067 illud
2505 4029 2518 4064 :
2567 4029 2582 4060 ι
2623 4011 2737 4064 lmo
2767 4023 2900 4064 vero
2935 4021 3160 4077 prorsus
3193 4005 3400 4068 divine,
3439 4024 3459 4056 ι

1888 4105 2028 4162 dixit
2077 4113 2303 4176 propter
2347 4105 2498 4173 ejus,
2543 4101 2638 4170 qui
2681 4101 2937 4154 virtutem
2988 4114 3052 4153 ac
3098 4097 3465 4164 cognitionem

1889 4207 2124 4271 quantas
2181 4177 2501 4250 hominibus
2562 4193 2755 4246 liceret
2805 4190 3088 4254 exercuit,
3138 4206 3204 4244 ex
3264 4189 3357 4243 Dei
3411 4197 3468 4242 et

495 4263 792 4364 άπάόειαν,
819 4263 958 4370 νπὲρ
983 4297 1084 4368 τῆς
1109 4296 1220 4350 τῶν
1244 4295 1419 4350 ἄλλων
1443 4263 1664 4362 bipedi};
1690 4263 1779 4345 πά·

1893 4287 2128 4360 proximi
2161 4299 2370 4347 amore,
2398 4283 2632 4336 liberum
2669 4280 2736 4334 ab
2773 4277 2972 4332 aﬂ‘ectu
3009 4287 3233 4341 Statum,
3259 4293 3368 4346 quo
3399 4278 3467 4331 de

208 4414 358 4472 σχειν
392 4397 486 4450 καὶ
517 4393 614 4464 τὴν
644 4390 822 4461 ψυχὴν
855 4387 1087 4458 ἑτοίμως
1116 4385 1422 4456 προΐεσθαι,
1457 4383 1533 4446 ὡς
1554 4383 1785 4454 κηλίδων

207 4489 555 4546 παντάπασιν
592 4483 852 4554 ὑπάρχων
878 4478 1183 4550 ἐλεύθερος.

214 4759 326 4814 Τοῦ
346 4755 554 4818 αὑτοῦ,
583 4755 650 4808 ἐκ
678 4751 785 4822 τοῦ
814 4752 901 4816 είς
925 4749 998 4803 τὰ
1022 4747 1315 4804 Γενέθλια
1343 4750 1554 4817 λόγου,
1581 4751 1668 4815 εἰς
1693 4751 1782 4814 τὸ,

278 4853 464 4920 Νόμοι
511 4851 750 4918 φύσεως
803 4843 1240 4898 καταλύονταιο
1275 4841 1662 4910 πληρωθῆναι
1695 4842 1792 4896 δεῖ

279 4943 384 4998 τὸν
419 4941 542 4995 ἄνω
575 4941 830 5008 κόσμον.
875 4933 1137 5004 ’Χριστὸς
1180 4934 1413 4987 κελεύει
1436 4951 1450 4965 ·
1495 4933 1580 5002 μὴ
1619 4935 1784 4988 ἀντι-

279 5033 582 5100 τείνωμεν.
623 5049 641 5080 ι

285 5143 444 5198 Κατὰ
467 5141 728 5212 ἀλήθειαν
757 5143 806 5194 οἱ
841 5139 997 5212 νόμοι
1029 5142 1126 5211 τῆς
1158 5138 1372 5208 φύσεως
1395 5137 1790 5200 καταλυθέντες
1861 5132 1869 5136 ’

211 5235 310 5306 τὴν
336 5233 430 5290 τοῦ
473 5233 588 5287 ἄνω
633 5235 840 5302 κόσμου
877 5232 1160 5302 πλήρωσιν
1206 5231 1551 5302 εἰργάσαντο.
1593 5227 1791 5297 Anio:-

287 5362 310 5392 ι
346 5348 587 5420 Philipp.
619 5363 677 5412 ιι,
704 5346 754 5400 8.

1890 4383 2126 4437 aliorum
2159 4377 2348 4432 debito
2381 4374 2623 4446 patiatur
2653 4372 3004 4440 animamque
3033 4370 3272 4425 libenter
3300 4371 3469 4440 proji-

1891 4474 2031 4534 ciat,
2063 4479 2252 4540 utpote
2293 4467 2362 4522 ab
2403 4465 2662 4522 omnibus
2698 4463 2922 4520 omnino
2953 4461 3122 4517 naevis
3151 4471 3208 4517 et
3241 4462 3469 4516 maculis

1889 4565 2052 4621 liber.

1893 4747 2151 4818 Ejusdem
2207 4760 2270 4797 ea:
2320 4759 2559 4796 sermone
2619 4742 2674 4794 in
2727 4740 3103 4804 Nativitatem,
3156 4741 3208 4793 in
3265 4739 3398 4792 illud
3452 4756 3471 4794 :

1971 4859 1988 4889 ι
2033 4837 2192 4907 Leges
2224 4845 2432 4890 natura:
2467 4831 2772 4896 salvantur;
2803 4831 3011 4902 impleri
3043 4840 3241 4901 Oportet
3269 4841 3314 4884 et
3350 4849 3474 4884 con-

1951 4945 2224 4984 summas:
2267 4925 2527 4979 mumlmr
2563 4939 2872 5000 supernum.
2905 4922 3140 4978 Christus
3169 4923 3316 4993 jubet
3355 4941 3371 4978 :
3409 4941 3475 4976 ne

1967 5021 2301 5075 obsistamus.
2337 5035 2354 5066 ι

1967 5132 2140 5202 Leges
2165 5138 2378 5183 naturae
2412 5141 2602 5180 revera
2636 5127 2828 5180 solutae
2859 5127 3084 5196 superni
3115 5126 3304 5180 mundi
3341 5142 3470 5180 eon-

1900 5223 2322 5280 surmnatiouem
2359 5219 2686 5274 cll‘ecerunt.
2719 5219 2989 5273 Nimirum
3027 5234 3133 5272 non
3171 5218 3364 5274 εμιυιὶε
3393 5217 3472 5274 eis

1496 5408 1730 5464 VARMS
1771 5404 2174 5461 LECTIONES.

286 5511 330 5544 ³³
363 5511 420 5565 ln
449 5508 764 5601 apographo
806 5516 982 5560 exstat
1021 5507 1160 5575 ὑπὲρ
1191 5505 1286 5574 τὴν
1321 5503 1509 5574 ὑλικὴν
1541 5503 1677 5555 κατὰ
1709 5499 1886 5569 σάρκα
1913 5499 2010 5566 τῆς
2041 5493 2317 5565 πράξεως.
2347 5508 2468 5560 qum.
2502 5490 2750 5560 suppleri
2783 5500 2840 5546 et
2867 5491 3174 5562 emendavi.

217 5694 254 5748 Ρ
289 5623 400 5746 (18d)
433 5621 576 5675 Idem
609 5637 726 5690 cap.
787 5619 877 5684 9.],
910 5634 1029 5687 pag.
1089 5618 1212 5681 556,
1262 5626 1395 5673 tant.
1451 5617 1469 5670 l
1508 5615 1644 5683 Opp.
1699 5611 1786 5666 ed.

239 5706 359 5748 zenc
405 5734 416 5746 .

239 5706 416 5748 zencu.

1973 5611 2081 5675 (19)
2113 5607 2271 5679 (ἦνθε.
2300 5606 2436 5679 bas.
2459 5601 2633 5679 0r._in
2662 5603 2955 5674 Thmpfmu.
2993 5619 3110 5678 cap.
3155 5607 3211 5672 ‘2,
3263 5624 3318 5679 p.
3351 5609 3488 5670 (ἕως,

1905 5672 2030 5734 eum.
2067 5672 2091 5732 Vl
2123 5672 2257 5747 Opp.
2286 5675 2373 5729 ed.
2401 5672 2606 5757 Bened.

2529 5817 2562 5839 δ
