3938 6192
470 215 625 277 127-5

1640 213 1702 273 S.
1744 213 2031 272 MAXIM!
2070 211 2585 275 CUNFESSORIS

3590 212 3748 278 1276

466 342 745 399 supernus
778 326 1017 383 mundus
1051 324 1410 395 imperfectus
1448 322 1742 378 mansisset
1772 332 1936 393 atque
1968 324 2057 377 in-

2185 341 2236 376 τι
2283 323 2360 395 μὴ
2391 324 2807 379 καταλυθέντων
2837 323 2882 356 ³⁸
2925 323 3153 395 ἐλλιπὴς
3188 324 3254 379 ἂν
3305 325 3334 378 ὁ
3377 326 3488 381 ἅνω
3540 327 3759 394 κόσμος

468 426 906 470 consummatus.
932 413 1191 479 Quzenam
1237 423 1365 467 sunt
1398 420 1586 467 autem
1624 413 1741 467 ista:
1780 429 1902 482 quae
1942 412 2053 467 sol-

467 513 679 559 vuntur
712 505 861 573 leges
896 504 1144 557 natura?
1178 503 1273 557 Est
1303 504 1594 572 conceptio
1632 519 1729 572 per
1761 505 2054 565 sationem.

469 604 526 652 et
561 613 658 665 per
692 595 997 656 interitum,
1033 603 1093 647 ut
1129 603 1284 663 puto,
1318 595 1622 664 generatio,
1650 610 1882 662 quarum
1921 611 2057 648 neu-

2155 414 2394 484 διέμεινε
2431 416 2527 469 καὶ
2570 417 2920 487 ἀπλήρωτος.
2956 419 3116 479 Τίνες
3148 418 3205 470 δὲ
3246 418 3295 469 οἱ
3342 415 3752 484 καταλυόμενοι

2155 506 2312 574 νόμοι
2347 507 2448 576 τῆς
2494 506 2708 576 φύσεώς
2744 510 2922 575 είσιν;
2982 509 3049 562 Ἢ
3105 508 3194 561 διὰ
3240 511 3448 577 σπορᾶς
3484 507 3752 577 σύλληψις

2159 597 2255 649 καὶ
2293 599 2324 666 ἡ
2356 597 2443 653 διὰ
2471 598 2679 667 φθορᾶς
2718 601 2893 664 ἐστιν,
2926 599 3002 663 ὡς
3027 597 3205 668 οἶμαι,
3242 601 3525 667 γέννησις,
3555 594 3633 653 ῶν
3665 604 3753 653 οὖα

473 702 554 743 tra
577 703 763 741 veram
796 687 886 739 Dei
917 687 1352 741 incarnationem
1386 687 1798 756 perfectamque
1828 686 2057 741 humani

2181 687 2377 756 ἕετερον
2427 687 2528 756 τὴν
2565 687 2827 759 ἀληθινὴν
2871 690 2965 742 τοῦ
3007 688 3144 743 Θεοῦ
3200 691 3480 759 σάρκωσιν
3521 691 3621 745 καὶ
3666 707 3756 741 τε·

471 780 722 848 corporis
768 778 1199 848 assumptionem
1249 779 1407 846 plene
1452 779 1780 848 designavit.
1817 778 2059 833 Sationis

471 872 622 925 enim
648 887 775 923 vere
804 870 907 923 fuit
936 871 1246 939 conceptio,
1271 880 1326 923 et
1356 870 1616 924 interitus
1641 870 1868 923 omnino
1894 885 2063 938 gene-

476 963 645 1023 ratio,
697 977 833 1030 pura
889 972 1053 1030 atque
1107 962 1481 1025 immaculata,
1526 971 1925 1031 proptereaque
1973 962 2058 1015 vel

474 1063 595 1122 post
617 1046 862 1122 genera‘ti
897 1062 1112 1121 partum
1145 1054 1296 1121 virgo
1325 1063 1520 1117 mater,
1550 1069 1674 1107 cum
1704 1071 1802 1123 per
1830 1054 1883 1107 id
1910 1053 2061 1123 quod

475 1146 690 1214 peperit
727 1146 909 1215 potius
950 1146 1073 1198 sine
1117 1146 1370 1213 passione
1410 1154 1781 1214 permaneret,
1812 1146 1866 1199 id
1910 1146 2058 1215 quod

476 1238 640 1291 etiam
673 1238 875 1291 mirum
903 1247 960 1291 et
986 1246 1185 1306 prieter
1208 1253 1427 1292 omnem
1454 1247 1666 1292 uatum
1696 1239 1868 1307 legem
1894 1249 2061 1309 atque.

478 1326 747 1379 rationem
787 1326 989 1379 factum
1024 1336 1131 1387 est,
1160 1327 1239 1379 uti
1276 1326 1420 1379 Deus
1452 1327 1543 1395 qui
1579 1342 1647 1380 ex
1682 1328 1770 1380 illa
1806 1328 1862 1380 in
1894 1343 2061 1383 carne

476 1416 627 1471 nasci
668 1417 925 1485 dignatus
967 1426 1070 1479 est,
1103 1419 1198 1485 qui
1239 1417 1569 1487 virginitatis
1608 1420 1826 1473 vincula
1869 1420 1969 1483 illi,
2002 1428 2064 1473 ut

477 1508 675 1572 matri,
711 1509 893 1577 potius
928 1509 1187 1561 astrinxit
1222 1524 1320 1577 per
1354 1510 1788 1577 generationem.
1819 1511 1878 1564 Id
1915 1511 2062 1581 quod

478 1601 625 1654 factu
676 1616 784 1653 non
836 1601 1018 1653 minus
1059 1616 1223 1669 quam
1271 1602 1460 1654 auditu
1508 1617 1632 1655 vere
1678 1603 2061 1657 admirandum

2160 776 2310 829 λείαν
2356 778 2772 846 ὲνανθρώπηςιν
2819 780 3104 843 παντελῶς
3156 782 3585 851 ὲχαρακτήρισε.
3626 781 3757 832 Σπο-

2167 870 2267 937 ρᾶς
2321 869 2431 939 γὰρ
2486 869 2702 939 ἀληθῶς
2761 872 2794 940 ἡ
2826 871 3125 938 σύλληψις,
3170 872 3263 923 καὶ
3296 872 3505 941 φθορᾶς
3560 873 3754 939 γέγονε

2160 961 2398 1029 πάμπαν
2434 962 2466 1029 ἠ
2509 960 2787 1031 γέννησις,
2823 962 3042 1031 καθαρά
3072 963 3166 1014 καὶ
3202 963 3508 1029 ἀνέπαῳς,
3547 966 3648 1014 καὶ
3673 963 3757 1015 διὰ

2160 1052 2321 1104 τοῦτο
2355 1052 2633 1122 Παρθένος
2665 1055 2761 1106 καὶ
2797 1054 2937 1122 μετὰ
2963 1054 3053 1107 τὸν
3083 1054 3239 1105 τόκον
3269 1054 3365 1106 τοῦ
3391 1053 3755 1122 γεννηθέντος

2163 1144 2197 1214 ἡ
2228 1144 2450 1214 Μήτηρ,
2488 1144 2579 1197 διὰ
2623 1146 2717 1197 τοῦ
2771 1145 2994 1198 τοκετοῦ
3047 1145 3251 1216 μᾶλλον
3284 1145 3505 1215 ἀπαθὴς
3551 1145 3759 1213 διαμεξ-

2162 1250 2328 1296 νασα,
2368 1234 2397 1287 ὃ
2440 1235 2537 1287 καὶ
2578 1235 2881 1305 παράδοξον
2912 1237 3008 1288 καὶ
3037 1236 3214 1288 πάντα
3252 1237 3467 1302 φύσεως
3496 1236 3669 1304 νόμον
3702 1253 3757 1286 τε

2167 1325 2263 1378 καὶ
2290 1326 2449 1394 λόγον
2477 1326 2800 1396 ἐκϐεϐηκὸς,
2832 1328 2924 1381 καὶ
2952 1326 3083 1389 θεὸς
3105 1329 3133 1379 6
3164 1327 3222 1390 ἐξ
3250 1327 3416 1395 αὐτῆς
3445 1328 3615 1395 σαρκὶ
3633 1344 3758 1390 γεν-

2169 1416 2401 1488 νηθῆναι
2454 1416 2820 1482 καταξιώσας,
2872 1410 3203 1484 διὰσςρίγξας
3254 1419 3395 1486 αὐτῇ
3440 1417 3652 1485 μᾶλλον
3690 1419 3759 1480 ὡς

2169 1507 2337 1577 μητρὶ
2368 1507 2436 1560 τὰ
2459 1509 2557 1576 τῆς
2576 1508 2878 1577 παρθενίας
2910 1508 3164 1577 (210a)
3190 1507 3364 1576 δεσμά
3388 1507 3481 1559 διὰ
3514 1507 3615 1576 τῆς
3646 1525 3761 1574 γεν-

2167 1600 2400 1670 νήσεως.
2427 1600 2501 1651 Τὸ
2530 1599 2847 1669 θαυμαστὸν
2875 1600 3045 1665 ὅντως
3072 1601 3167 1651 καὶ
3197 1602 3429 1669 πρᾶγμα
3454 1603 3557 1651 καὶ
3594 1600 3760 1650 ἄκουε

478 1700 585 1755 est,
614 1693 863 1762 generari
903 1693 1163 1745 nimirum
1201 1693 1465 1748 infantem
1499 1704 1553 1747 et
1584 1704 1742 1763 partu
1775 1695 1887 1759 edi,
1916 1696 2068 1767 geni-

2181 1706 2307 1760 σμα.
2340 1689 2595 1760 γέννησιν
2654 1690 2907 1757 γενέσθαι
2946 1690 3180 1761 βρέφους
3226 1692 3318 1742 καὶ
3366 1692 3625 1760 πρόοδον,
3660 1693 3763 1745 τῶν

478 1782 684 1835 talibus
724 1782 984 1835 claustris
1028 1781 1220 1835 matris
1264 1799 1373 1835 non
1415 1785 1642 1852 apertis.
1676 1785 1909 1839 Necesse
1952 1797 2073 1840 erat

477 1872 627 1926 enim
668 1889 883 1937 revera,
919 1887 1143 1926 necesse
1186 1881 1305 1926 erat
1344 1882 1403 1927 ut
1440 1884 1648 1929 natura:
1687 1876 1941 1931 conditor
1974 1894 2074 1947 per

479 1963 837 2032 semetipsum
908 1973 1164 2017 naturam
1232 1965 1536 2020 emendans
1595 1970 1801 2035 primas
1863 1977 2074 2025 natura:

480 2053 631 2124 leges
661 2056 1023 2120 dissolveret,
1056 2056 1261 2125 quibus
1296 2068 1584 2125 peccatum
1623 2071 1851 2129 propter
1886 2061 2075 2115 inube-

480 2146 744 2200 dientiatn
815 2163 999 2215 parem
1062 2163 1186 2200 cum
1255 2148 1671 2203 irrationalibus
1735 2151 2068 2207 animalibus

481 2236 734 2291 homines
768 2237 1121 2291 damnaverat
1152 2238 1357 2293 habere
1396 2256 1464 2293 ex
1502 2241 1818 2310 semetipsis
1852 2259 2075 2297 succes-

480 2326 693 2381 sionem
753 2329 1138 2385 continuandae
1193 2330 1409 2401 stirpis,
1463 2340 1519 2385 et
1568 2332 1761 2401 prium
1815 2336 1955 2387 adeo
2006 2350 2072 2389 ac

486 2434 675 2473 revera
719 2419 920 2474 divina:
965 2421 1269 2475 creationis
1306 2423 1455 2493 leges
1498 2423 1808 2487 innovaret,
1834 2433 1894 2478 ut
1926 2425 2072 2494 quod

486 2511 653 2565 homo
684 2526 751 2565 ex
791 2511 1143 2583 negligentia,
1177 2523 1236 2567 ut
1270 2513 1542 2579 inﬁrmus,
1575 2516 1933 2585 perdidisset,
1970 2517 2076 2573 hoc

486 2604 635 2659 Deus
672 2604 741 2658 de
781 2606 1075 2660 clementia
1122 2622 1242 2672 sua,
1276 2616 1335 2660 ut
1375 2617 1591 2677 potens,
1625 2617 1984 2664 restauraret.
2017 2610 2074 2666 Si

486 2696 655 2765 igitur
685 2696 833 2766 leges
864 2707 1078 2753 natura:
1101 2699 1169 2753 de
1206 2709 1434 2769 peccato
1463 2701 1734 2771 imposita:
1766 2702 1823 2756 in
1854 2702 2076 2759 Christo

487 2784 683 2839 solutae
712 2795 862 2848 sunt,
888 2795 947 2841 et
972 2788 1154 2841 omnis
1180 2789 1477 2843 aﬂ'ectuum
1504 2790 1722 2845 servilis
1744 2790 2076 2849 insurrectio

488 2870 557 2926 de
599 2871 885 2927 Sermonis
926 2873 1167 2929 adventu
1206 2877 1430 2946 penitus
1465 2887 1674 2933 remota
1710 2888 1816 2945 est,
1848 2896 2074 2937 necesse

485 2970 574 3017 est
605 2965 831 3018 omnino
866 2974 926 3019 ut
958 2958 1233 3035 supernus
1266 2969 1508 3023 mundus
1539 2980 1978 3037 consummetur,
2011 2981 2073 3027 ut

2181 1781 2521 1851 γεννητικῶν
2564 1781 2830 1853 κλείθρων
2872 1783 2965 1852 τῆς
2999 1782 3263 1852 τεκούσης
3296 1782 3369 1853 μὴ
3406 1784 3778 1850 ἀνοιγέντωνί

2179 1872 2328 1925 Ἔδει
2376 1874 2484 1942 γὰρ
2525 1872 2696 1935 ὅντως
2724 1916 2738 1938 ,
2777 1873 2883 1926 ἔδει
2915 1873 3006 1925 τὸν
3038 1873 3267 1943 ποιητὴν
3296 1873 3397 1941 τῆς
3439 1872 3669 1942 φύσεως
3702 1872 3763 1924 δι’

2174 1961 2371 2015 ἑαυτοῦ
2414 1963 2511 2032 τὴν
2538 1962 2699 2032 φύσιν
2723 1962 3194 2034 ἐπανορθούμενον
3226 1964 3472 2033 πρώτους
3518 1963 3761 2015 καταλῦ-

2177 2070 2266 2106 σαι
2297 2054 2425 2115 τοὺς
2457 2054 2660 2123 νόμους
2692 2054 2788 2123 τῆς
2820 2053 3059 2121 φύσεως,
3088 2048 3170 2115 οἷς
3193 2055 3227 2123 ἡ
3258 2056 3508 2122 ἁμαρτία
3549 2056 3645 2107 διὰ
3676 2057 3767 2123 τῆς

2174 2147 2458 2216 παρακοῆς
2491 2145 2588 2216 τὴν
2613 2146 2783 2215 αὐτὴν
2812 2149 2924 2209 τοῖς
2957 2146 3173 2213 ἀλόγοις
3197 2145 3357 2210 ζώοις
3380 2149 3511 2209 τοὺς
3550 2148 3768 2217 ἀνθρώ-

2175 2256 2309 2300 πονς
2338 2238 2483 2306 ἔχειν
2516 2237 2612 2306 τῆς
2642 2235 2700 2300 ἐξ
2743 2235 2988 2306 ἀλλήλων
3040 2237 3295 2305 διαδοχῆς
3343 2238 3586 2307 ἰδιότητα
3637 2255 3767 2289 κατ-

2175 2329 2422 2389 εδίκασε.
2453 2329 2545 2380 καὶ
2586 2326 2730 2379 οὕτω
2772 2329 2871 2397 τῆς
2901 2327 3124 2398 πρώτης
3152 2329 3247 2380 καὶ
3280 2327 3446 2390 ὅντως
3481 2327 3646 2385 θείας
3678 2330 3768 2396 δη-

2178 2417 2472 2489 μιουργίας
2525 2418 2654 2481 τοὺς
2701 2417 2903 2487 νόμους
2944 2410 3373 2481 ἀνανεώσασθαι,
3410 2419 3502 2472 ἴνα
3552 2421 3705 2489 ὅπερ
3746 2422 3774 2472 6

2173 2509 2465 2581 ἄνθρωπος
2505 2510 2566 2574 ἐξ
2589 2509 2922 2580 ἀπροσεξίας
2955 2508 3031 2572 ὡς
3057 2509 3290 2579 ἀσθενὴς
3321 2511 3583 2581 ἠφάνισε,
3609 2509 3774 2565 τοῦτο

2174 2600 2264 2654 διὰ
2284 2599 2702 2669 φιλανθρωπίαν
2725 2601 2754 2653 6
2775 2598 2910 2662 Θεὸς
2933 2598 3009 2661 ώς
3036 2599 3262 2661 δυνατὸς
3289 2600 3772 2671 ἐπανορθώσηται.

2177 2691 2241 2744 El
2268 2691 2451 2746 τοίνυν
2488 2673 2537 2744 oi
2573 2691 2669 2745 ’διὰ
2705 2690 2804 2762 τὴν
2837 2691 3117 2762 ἁμαρτίαν
3148 2692 3307 2762 νόμοι
3333 2692 3434 2762 τῆς
3458 2693 3691 2761 φύσεως
3714 2696 3775 2748 ἓν

2175 2781 2401 2852 Χριστῷ
2434 2780 2838 2849 κατελύθησαν,
2891 2781 2989 2834 καὶ
3041 2782 3193 2834 πᾶσα
3242 2782 3629 2854 δουλοπρεπὴς
3664 2785 3775 2839 τῶν

2177 2871 2367 2925 παθῶν
2402 2870 2775 2933 ἐπανάστασις
2823 2870 2912 2924 διὰ
2958 2869 3061 2939 τῆς
3113 2871 3419 2943 παρουσίας
3459 2873 3557 2927 τοῦ
3592 2876 3772 2943 Λόγου

2180 2963 2462 3027 παντελῶς
2495 2963 2797 3031 ἀπεγένετο
2821 3004 2838 3029 ,
2873 2962 3234 3035 πληρωθῆναι
3286 2964 3366 3017 δεῖ
3411 2966 3642 3031 πάντως
3684 2969 3777 3021 τόν

490 3055 568 3110 ait
602 3059 887 3128 magister.
921 3058 989 3112 Et
1021 3068 1217 3114 contra
1251 3059 1360 3115 hoc
1394 3076 1464 3114 ne
1499 3061 1908 3133 obstrepamus.
1940 3062 2076 3118 Nam

2182 3055 2294 3109 ἀνω
2321 3055 2550 3125 κόσμον.
2579 3053 2655 3118 ὥς
2681 3071 2848 3125 φησιν
2872 3056 2901 3109 6
2928 3053 3269 3118 διδάσκαλος.
3298 3057 3416 3109 Καὶ
3440 3058 3582 3124 πρὸς
3613 3059 3780 3114 τοῦτο

490 3153 537 3204 si
570 3158 749 3215 vetus,
778 3151 872 3220 qui
913 3158 1141 3221 peccato
1179 3152 1517 3222 subjacebat,
1545 3153 1717 3208 Adam
1756 3154 1990 3225 simplex
2026 3165 2084 3211 et

491 3241 650 3294 exilis
682 3242 866 3304 homo,
896 3242 1102 3312 primas
1138 3243 1194 3296 in
1235 3244 1432 3313 spiritu
1470 3245 1621 3315 leges
1653 3254 1865 3301 natura:
1891 3246 2083 3302 inobev

493 3331 701 3386 dientia
737 3333 1013 3397 dissolvit,
1052 3332 1482 3405 infcriorcmque
1519 3336 1783 3391 mundum
1812 3338 1966 3407 prole
1998 3353 2087 3394 re-

488 3424 665 3495 plevit
689 3425 756 3480 de
784 3441 885 3481 suo
911 3429 1121 3482 semine
1150 3437 1206 3483 et
1235 3429 1290 3482 in
1319 3444 1484 3484 carne
1524 3439 1642 3485 sata
1680 3431 1736 3485 in
1772 3432 2082 3499 interitum,

496 3516 957 3585 transgressionis
1007 3533 1121 3573 suae
1167 3518 1535 3575 similitudine
1585 3521 1845 3593 princeps
1884 3522 2082 3589 factus,

496 3612 553 3658 et
584 3620 747 3659 nemo
778 3606 1134 3676 obloquetur,
1164 3610 1339 3663 multo
1369 3612 1545 3681 magis
1576 3613 1672 3681 qui
1704 3614 1821 3668 sine
1850 3623 2085 3685 peccato

497 3706 584 3749 est
613 3683 786 3751 novus
815 3698 986 3751 Adam
1013 3698 1267 3754 Christus
1291 3702 1439 3755 Deus
1465 3703 1616 3773 leges
1643 3683 2088 3761 irrationalitatis

503 3796 711 3842 natura:
737 3788 805 3842 de
834 3798 1061 3859 peccato
1090 3792 1271 3846 illatas
1296 3792 1633 3858 dissolverit,
1658 3804 1717 3848 ut
1743 3795 1902 3860 ratio,
1928 3811 2090 3866 supe-

501 3879 816 3950 rioremque
846 3882 1111 3935 mundum
1147 3894 1294 3937 recte
1330 3885 1397 3937 iis
1423 3885 1719 3954 repleverit
1754 3902 1895 3956 quos
1926 3904 1993 3941 ex
2030 3904 2089 3943 se

504 3969 559 4024 in
607 3971 807 4041 spiritu
861 3982 1090 4041 generat
1136 3974 1393 4029 interitus
1438 3986 1723 4046 expertes,
1764 3978 2090 4035 obedientize

504 4078 615 4117 sum
666 4063 1031 4117 similitudine
1081 4065 1338 4136 princeps
1378 4067 1576 4123 l‘actus.
1609 4070 1677 4123 Et
1719 4086 1884 4125 nemo
1927 4072 2089 4127 tidem

505 4154 740 4224 deneget
771 4169 963 4208 eorum
990 4156 1084 4225 qui
1112 4158 1195 4210 vel
1224 4160 1504 4227 paululum
1538 4174 1833 4218 senserunt
1858 4165 1955 4221 Dei
1990 4166 2094 4220 im-

508 4243 720 4312 perium
753 4244 982 4313 ejusque
1016 4237 1446 4317 magnitudinem
1475 4264 1840 4321 agnoverunt.
1873 4254 1962 4309 Sic
1992 4255 2092 4325 igi-

2187 3147 2262 3218 μὴ
2294 3148 2710 3216 ἀντιτείνωμεν.
2751 3148 2814 3200 Εἰ
2837 3146 2949 3217 γὰρ
2972 3148 3004 3199 ό
3044 3146 3278 3210 παλαιδς
3309 3148 3417 3200 ὑπὸ
3457 3150 3563 3219 τὴν
3588 3151 3779 3221 ἁμαρ-

2182 3239 2305 3293 τίαν
2341 3239 2386 3271 ⁸⁵
2436 3238 2609 3309 ’Δδὰμ
2635 3238 2792 3310 ψιλὸς
2837 3238 3126 3309 ἄνθρωπος
3159 3239 3235 3292 ὢν
3261 3241 3389 3303 τοὺς
3422 3242 3693 3311 πρώτους
3720 3244 3786 3297 ἐν

2186 3330 2459 3402 πνεύματι
2491 3332 2692 3402 νόμους
2719 3329 2820 3401 τῆς
2856 3331 3074 3399 φύσεως
3096 3331 3184 3384 διὰ
3214 3332 3311 3402 τῆς
3347 3335 3647 3404 παρακοῆς
3678 3353 3786 3389 κα-

2185 3422 2426 3486 ταλύσας
2452 3423 2545 3476 τὸν
2575 3425 2725 3476 κάτω
2754 3423 2960 3494 κόσμον
3002 3423 3291 3493 ἐπλήρωσε
3321 3424 3431 3476 τῶν
3461 3427 3590 3478 κατ’
3614 3426 3790 3479 αὐτὸν

2190 3513 2354 3584 σαρκὶ
2400 3514 2778 3584 γεννηθέντων
2815 3515 2898 3577 είς
2946 3513 3155 3585 φθορὰν
3180 3555 3194 3575 .
3332 3513 3656 3585 ὁμοιώματι
3688 3519 3790 3587 τῆς

2187 3603 2354 3660 αὐτοῦ
2390 3605 2760 3677 παραϐάσεως
2795 3606 3089 3675 γενόμενος
3140 3606 3406 3676 ἀρχηγὸς,
3456 3609 3557 3660 καὶ
3604 3609 3788 3671 οὐδεὶς

2188 3697 2424 3769 ἀντερεῖ,
2448 3697 2628 3768 πολλῷ
2663 3697 2864 3769 μᾶλλον
2888 3700 2916 3751 ὁ
2945 3699 3336 3768 ἀναμάρτητος
3357 3697 3501 3763 νέος,
3530 3701 3563 3750 6
3608 3701 3787 3770 Ἀδὰμ

2190 3787 2428 3859 Χριστὸς
2453 3788 2482 3839 6
2520 3786 2654 3850 Θεὸς
2688 3788 2817 3850 τοὺς
2846 3786 2935 3840 διά
2962 3787 3062 3858 τὴν
3094 3787 3369 3856 ἁμαρτίαν
3415 3790 3784 3859 ἐπεισαχθέν-

2188 3897 2289 3943 τας
2330 3883 2398 3951 τῇ
2446 3880 2605 3951 φύσει
2649 3881 2847 3952 νόμους
2898 3883 2996 3950 τῆς
3045 3879 3269 3946 ἀλογίας
3321 3880 3677 3945 καταλύσας,
3709 3884 3781 3945 ὡς

2191 3971 2369 4040 λόγος,
2411 3970 2505 4024 τὸν
2551 3972 2665 4026 ἄνω
2702 3972 2907 4042 κόσμον
2936 3969 3280 4042 πληρώσειεν
3317 3971 3381 4024 ἂν
3411 3972 3655 4037 δικαίως
3687 3976 3787 4026 τῶν

2190 4063 2313 4117 κατ’
2340 4062 2504 4116 αὐτὸν
2533 4064 2614 4126 είς
2643 4063 2953 4135 ἀφθαρσίαν
2984 4061 3257 4131 πνεύματι
3281 4066 3683 4131 γεννωμένων,
3717 4065 3787 4135 τῷ

2191 4154 2501 4226 ὁμοιώματι
2538 4154 2640 4224 τῆς
2686 4153 2854 4207 αὑτοῦ
2890 4153 3136 4223 ὑπακοῆς
3180 4154 3470 4221 γενόμενος
3504 4155 3785 4223 ἀρχηγός.

2192 4246 2302 4300 Καὶ
2332 4244 2631 4300 ἀπιστείτω
2662 4244 2851 4315 μηδεὶς
2875 4243 2983 4297 τῶν
3009 4244 3115 4295 κᾶν
3149 4243 3343 4314 μικρὸς
3370 4244 3592 4314 ὲπῃσθη
3608 4246 3794 4313 μένω-θ

509 4343 601 4387 tur
628 4336 883 4404 superior
912 4336 1153 4392 mundus
1182 4340 1429 4408 repletur
1460 4341 1527 4395 iis
1556 4343 1649 4411 qui
1683 4344 1751 4400 de
1781 4344 2004 4401 Christo
2034 4348 2076 4401 ir

2193 4339 2292 4409 τῆς
2320 4337 2413 4391 τοῦ
2460 4336 2598 4390 Θεοῦ
2637 4335 2958 4398 δυναστείας
2991 4334 3171 4388 καὶτὸ
3215 4334 3442 4404 μέγεθος
3478 4336 3670 4404 αὐτῆς
3722 4340 3793 4407 μή

507 4425 708 4496 spiritu
751 4435 1107 4496 generantur,
1130 4438 1185 4481 et
1210 4429 1288 4483 sic
1315 4429 1477 4485 linem
1506 4432 1736 4487 sortitur
1757 4436 2090 4490 convenien-

510 4525 619 4571 tem
664 4517 899 4570 carnalis
939 4525 995 4571 et
1036 4518 1318 4574 inferioris
1361 4520 1527 4591 hujus
1569 4525 1941 4592 generationis
1982 4526 2090 4592 lex,

2194 4428 2553 4496 ἀγνοούντων.
2596 4424 2753 4479 Οὕτω
2784 4426 2884 4494 μὲν
2906 4420 3002 4478 οὖν
3026 4426 3055 4477 ό
3084 4424 3195 4478 ἀνω
3232 4426 3435 4494 κόσμος
3472 4426 3793 4496 πληροῦται

2196 4520 2383 4595 (2ιο
2407 4519 2458 4589 b)
2498 4518 2609 4571 τῶν
2638 4517 2783 4571 κατά
2830 4516 3067 4587 Χριστὸν
3098 4518 3156 4569 ὲν
3183 4517 3453 4586 πνεύματι
3501 4520 3795 4586 γεννωμέ-

504 4601 575 4661 et
599 4607 665 4661 ad
706 4610 1048 4677 superiorem
1087 4610 1356 4665 mundum
1388 4613 1647 4683 aequabili
1681 4617 1864 4670 omnia
1900 4617 2076 4674 ordint

2195 4628 2301 4664 νων
2325 4651 2342 4676 ,
2388 4610 2480 4663 καὶ
2534 4608 2677 4662 οὕτω
2713 4610 2895 4678 πέρας
2932 4606 3148 4676 δέχεται
3195 4607 3508 4677 πρόσφορον
3538 4610 3591 4661 νό
3648 4610 3795 4663 κατὰ

504 4697 939 4771 dispunguntur.

932 4998 1057 5054 Alia
1094 5000 1148 5055 in
1191 5001 1331 5056 idem
1369 5002 1678 5057 observatio.

580 5110 721 5168 Cum
746 5128 879 5168 vero
906 5114 1071 5169 aliam
1097 5128 1317 5186 quoque
1344 5115 1592 5187 magistri
1620 5130 1802 5171 sermo
1830 5114 2101 5186 interpre-

508 5202 782 5261 tationem
816 5204 1109 5262 admittere
1142 5206 1278 5261 mihi
1304 5207 1578 5270 videatur,
1607 5209 1723 5262 haec
1752 5222 1970 5277 quoque
1999 5220 2099 5277 pro

515 5296 729 5352 viribus
772 5297 912 5353 meis
952 5299 1062 5354 erit
1103 5299 1492 5371 proponenda,
1526 5300 1642 5354 Deo
1688 5299 1742 5353 in
1789 5299 2102 5371 Evangeliis

517 5385 642 5457 ipso
674 5403 983 5447 sermonem
1008 5391 1302 5463 dirigente.
1331 5391 1456 5448 Sola
1484 5401 1542 5448 et
1566 5376 1730 5446 unica
1762 5400 1947 5447 rerum
1978 5393 2101 5447 uni-

2198 4700 2377 4771 σάρκα
2422 4700 2588 4770 νόμος
2637 4698 2732 4753 καὶ
2783 4697 2883 4767 τῆς
2920 4699 3072 4751 κάτω
3106 4699 3446 4765 γεννήσεως,
3495 4699 3600 4751 καὶ
3660 4701 3795 4772 πρὸς

2198 4790 2293 4846 τὸν
2326 4791 2440 4848 ἄνω
2463 4791 2670 4862 κόσμον
2700 4789 2879 4843 πάντα
2922 4788 3410 4860 ἀναρρυθμίζεται.

2545 5004 2743 5069 Ἀλλη
2772 5001 3024 5069 ἐπιϐολὴ
3050 5003 3137 5069 είς
3165 5000 3232 5054 τὸ
3271 5000 3439 5054 αὐτό.

2284 5113 2502 5186 Ἐπειδὴ
2535 5113 2591 5167 δὲ
2635 5113 2729 5167 καὶ
2755 5111 2916 5167 ἄλλον
2947 5108 3073 5164 νοῦν
3103 5109 3240 5182 πρὸς
3269 5108 3483 5172 τούτοις
3519 5112 3550 5164 6
3588 5112 3699 5165 τοῦ
3723 5113 3803 5165 δι-

2202 5204 2473 5259 δασκάλου
2497 5204 2653 5271 λόγος
2683 5201 2821 5273 ἔχων
2851 5217 2942 5271 μοι
2986 5198 3256 5269 φαίνεται,
3286 5198 3509 5252 λεκτέον
3536 5201 3643 5253 καὶ
3678 5201 3803 5255 τοῦ·

2202 5313 2296 5350 τον
2327 5295 2403 5359 ώς
2431 5295 2553 5349 καθ’
2588 5296 2734 5365 ἡμᾶς
2766 5296 2883 5347 ἐστι
2913 5290 3161 5354 δυνατὸν,
3202 5290 3337 5343 Θεοῦ
3362 5290 3454 5342 τὸν
3477 5290 3657 5359 λόγον
3692 5291 3777 5348 ἱθῦ

2208 5403 2390 5449 νοντος
2424 5386 2483 5441 ἐν
2515 5387 2628 5449 τοῖς
2657 5381 3035 5452 Εὑαγγελίοις.
3078 5380 3139 5433 'H
3169 5382 3305 5452 μόνη
3328 5380 3627 5438 τῶνιόλων
3655 5384 3808 5441 αἰτία

1826 5526 2066 5583 γΑῐιιΑῑ
2107 5519 2518 5579 LECTIONES.

601 5634 646 5666 “
674 5635 1059 5710 Apographum
1094 5645 1507 5712 καταλυθέντες.
1587 5649 1630 5680 ³³
1660 5647 1703 5702 Α
1728 5646 1903 5717 prima
1936 5660 2098 5700 manu
2130 5641 2397 5713 scriptum
2434 5646 2517 5696 est
2545 5637 2644 5709 τῆς
2677 5633 2952 5707 ἁμαρτίας
2980 5633 3037 5689 in
3066 5630 3188 5690 cod.
3213 5631 3355 5689 Gud.
