3938 6192
141 235 271 302 1277

1366 199 1892 305 AMBIGUORUM
1930 247 2187 311 uasa.

3258 253 3398 322 1278

137 351 225 405 καὶ
277 347 410 411 Θεὸς
465 343 674 417 Ἰησοῦς
729 347 758 398 6
796 347 929 419 épb;
980 347 1037 401 ἐν
1076 348 1412 420 παραϐολαῖς
1463 351 1708 422 κρυφίως

1831 369 2100 416 ret-sarum
2137 373 2306 416 causa
2347 369 2514 432 atque
2555 363 2702 419 Deus
2742 380 2900 422 meus
2937 366 3096 422 Jesus
3137 369 3193 422 in
3238 384 3400 438 para-

133 439 392 494 διδάσκων
430 437 707 508 πρόϐατον
733 436 884 502 θείας
919 438 1278 502 ἐκατοντάδος
1307 440 1708 510 ἀποφοιτῆσαν,

133 531 226 586 καὶ
251 531 504 600 δραχμὴν
527 529 678 592 θείας
709 531 934 593 δεκάδος
965 533 1446 602 παραπολομένην,
1477 531 1572 586 καὶ
1598 531 1712 587 υἰδν

131 623 338 676 ἄσωτον
384 620 642 689 ἀφραδῶς
669 620 713 652 ³⁸
751 621 845 672 τοῦ
889 623 1098 693 πατρὸς
1147 623 1578 693 ἀποπηδήσαντα
1617 622 1713 673 καὶ

136 713 433 783 ἀδελφικῆς
474 712 623 775 θείας
674 713 862 776 δυάδος
903 714 1002 783 τὴν
1056 715 1311 784 ὁμόνοιαν
1344 716 1583 767 λύσαντα
1622 715 1714 766 τὸν

132 805 420 877 ἄνθρωπον
499 805 726 858 ἐκάλεσε
782 805 1058 877 πρόϐατον
1097 807 1193 878 μὲν
1240 808 1316 870 ὡς
1375 806 1713 877 προνοητὸν,

131 895 315 967 οἳμαι,
361 898 457 950 καὶ¹
510 897 812 966 ἀγόμενον,
871 898 965 950 καὶ
993 897 1348 967 ταττόμενον,
1395 897 1490 952 καὶ
1533 898 1714 969 τριῶν

134 987 406 1059 χρειωδῶν
431 987 510 1058 τῷ
540 990 865 1058 κεκτημένῳ
895 989 1246 1061 παρεκτικδν,
1265 989 1463 1061 μαλλοῦ
1489 991 1584 1043 καί⁹
1608 992 1707 1061 άμ-

135 1079 225 1133 νοῦ
251 1081 344 1134 καὶ
373 1080 668 1148 γάλακτος,
702 1081 778 1142 ὡς
812 1080 1152 1150 τρεφόμενόν
1187 1097 1247 1133 τε
1295 1083 1387 1135 καὶ
1421 1082 1714 1151 τρέφοντα,

135 1177 212 1247 τῷ
251 1177 394 1247 λόγῳ
441 1193 499 1230 τε
556 1177 654 1230 καὶ
697 1177 773 1247 τῷ
820 1177 1010 1248 τρόπῳ
1039 1177 1140 1246 τῆς
1185 1182 1422 1250 φυσικῆς
1457 1178 1717 1250 θεωρίας,

135 1269 228 1322 καὶ
261 1267 578 1337 ἐνδυόμενον
629 1267 724 1320 καὶ
758 1267 1014 1337 ἐνδύοντα
1058 1267 1137 1339 τῷ
1175 1269 1362 1338 τρόπῳ
1391 1270 1492 1338 τῆς
1520 1269 1721 1340 ἠθικῆς

135 1360 453 1429 φιλοσοφίας
477 1399 490 1422 ,
546 1359 640 1412 καὶ
695 1359 1028 1412 πλουτοῦντα
1067 1361 1160 1413 καὶ
1192 1359 1546 1422 πλουτίζοντα
1581 1361 1722 1413 κατὰ

133 1453 232 1522 τὴν
267 1451 361 1504 τοῦ
405 1452 596 1520 όμοίου
633 1451 888 1522 γέννησιν
919 1452 995 1522 τῷ
1033 1452 1316 1522 μυστηρίῳ
1351 1453 1448 1522 τῆς
1485 1451 1722 1521 ἀληθοῦς

136 1544 391 1613 ἐποψίας·
423 1543 677 1614 δραχμὴν
699 1544 777 1611 δὲ,
805 1544 880 1607 ὡς
911 1527 1164 1613 λέιμπρδν
1193 1546 1284 1596 καὶ
1305 1543 1602 1614 βασιλικὸν,
1631 1543 1724 1596 καὶ

133 1633 212 1703 τῷ
239 1632 350 1701 τῆς
375 1634 587 1695 εἰκόνος
613 1635 758 1703 λόγῳ
792 1637 1297 1704 χαρακτηριστικδν
1323 1637 1426 1701 τῆς
1452 1635 1602 1696 Θείας
1627 1636 1724 1702 ἀρ-

136 1724 428 1796 χετυπίας,
463 1726 558 1778 καὶ
588 1726 716 1794 ὅλης
745 1727 1066 1796 ὑπάρχοντα
1093 1727 1188 1796 τῆς
1231 1725 1420 1794 θεῖκῆς
1448 1725 1720 1794 ὡραιότη-

134 1834 229 1880 τος
261 1817 336 1882 ὼς
385 1815 606 1884 ἐφικτὸν
649 1816 934 1869 δεκτικόν*
985 1817 1099 1868 υἰδν
1132 1815 1223 1874 δὲ,
1267 1816 1342 1879 ὡς
1387 1815 1721 1884 κληρονόμον

135 1910 249 1962 τῶν
274 1908 556 1977 πατρικῶν
589 1907 810 1974 ἀγαθῶν
856 1910 948 1961 καὶ
983 1908 1228 1977 ἰσότιμον
1263 1905 1340 1976 τῷ
1377 1907 1548 1976 πατρὶ
1581 1903 1726 1958 κατά

136 1999 238 2070 τὴν
269 2001 334 2052 ἐκ
360 2000 584 2070 χάριτος
617 1999 853 2071 δωρεάν,
885 1998 1089 2052 Τοῦτον
1116 1998 1173 2052 δὲ
1215 1999 1306 2051 τὸν
1337 1996 1623 2068 ἄνθρωπον
1650 1995 1725 2059 ὡς

142 2091 246 2161 μὲν
279 2089 554 2161 πρόϐατον
593 2091 938 2162 πλανηθέντα
977 2093 1005 2145 6
1041 2091 1348 2162 προνοητὴς
1385 2089 1518 2153 Θεὸς
1559 2089 1726 2160 ζητή-

145 2197 247 2245 σας
277 2183 352 2246 ῶς
383 2181 586 2254 ποιμὴν
629 2178 776 2255 εὗρε,
806 2183 900 2238 καὶ
930 2186 1039 2246 τοῖς
1070 2183 1294 2246 οἰκείοις
1325 2181 1494 2251 ὥμοις
1518 2181 1726 2244 ἐπιθεὶς

142 2273 282 2343 πρὸς
311 2273 409 2343 τὴν
432 2272 542 2324 τῶν
577 2273 864 2344 συννόμων
905 2259 1222 2344 ἐπανήγαγε
1272 2271 1535 2341 μάνδραψ
1570 2271 1645 2333 ὡς
1671 2269 1726 2323 δὲ

139 2363 329 2417 εἰκόνα
363 2362 776 2433 συγχωσθείσαν
811 2365 990 2434 (211
1039 2364 1096 2434 a)
1149 2366 1262 2425 τοῖς
1297 2363 1496 2416 πάθεσι
1533 2361 1628 2414 καὶ
1665 2361 1727 2414 τὸ

140 2455 370 2527 ἀρχικὸν
404 2457 601 2519 κάλλος
635 2456 1022 2528 ἀχρειὼσαντα
1060 2455 1134 2519 ὡς
1178 2455 1342 2524 σοφία
1383 2454 1484 2526 τὴν
1528 2451 1724 2508 ἐαυτοῦ

142 2551 326 2619 σάρκα
356 2550 552 2620 λύχνου
599 2551 799 2620 τρόπον
847 2550 1051 2618 ἐξάψας
1091 2550 1168 2620 τῷ
1214 2549 1353 2617 φωτὶ
1399 2549 1499 2619 τῆς
1531 2545 1724 2602 ἐαυτοῦ

139 2643 398 2710 θεότητος
441 2643 469 2696 6
493 2643 663 2710 Λόγος
691 2635 841 2714 εὗρε,
870 2643 962 2696 καὶ
993 2645 1169 2713 χαρᾶς
1200 2641 1458 2696 ὑπόθεσιν
1483 2640 1726 2710 μεγάλης

141 2736 382 2788 ποιεῖται
425 2735 524 2804 τὴν
573 2733 813 2806 εὕρεσιν,
851 2735 918 2788 δι’
951 2730 1020 2808 ἦς
1064 2734 1164 2802 τῆς
1200 2735 1350 2798 θείας
1381 2733 1605 2796 δεκάδος
1627 2731 1726 2804 τὴν

137 2825 382 2896 ελλειψιν
431 2825 840 2896 ἀνεπλήρωσεν.
903 2826 992 2890 Ὡς
1034 2825 1090 2878 δὲ
1131 2825 1248 2879 υἱὸν
1290 2824 1633 2895 νεκρωθέντα
1657 2825 1723 2894 τῇ

141 2919 390 2990 ἁμαρτία
423 2920 517 2972 καὶ
549 2917 888 2987 ἀπολόμενον
919 2921 986 2989 τῇ
1034 2919 1164 2987 περί
1194 2919 1287 2970 τὸν
1319 2919 1452 2971 Θεὸν
1480 2917 1726 2986 ἀγνωσία

1756 1692 1798 1746 Β

1812 447 1955 502 bolis
1994 451 2212 506 occulte
2253 451 2459 507 docens
2485 453 2554 508 de
2584 469 2685 509 ove
2713 471 2836 524 quae
2865 456 2933 512 de
2962 457 3151 513 divino
3177 473 3398 514 centum

1814 554 2046 596 numero
2079 541 2431 609 aberravit‘,
2458 553 2514 599 et
2545 544 2615 600 de
2652 546 2916 601 drachma
2953 564 3076 617 quae
3110 549 3179 604 de
3213 549 3401 605 divina

1815 629 2020 685 decade
2073 633 2272 688 amissa
2318 644 2498 699 est“,
2537 646 2594 690 et
2642 637 2710 694 de
2761 639 2874 692 lilio
2922 639 3154 711 prodigo
3200 641 3292 710 qui
3343 651 3402 696 et

1815 732 2025 790 patrem
2061 724 2466 783 inconsiderate
2497 729 2794 800 dereliquit
2827 740 2883 785 et
2909 732 3170 788 fraternae
3202 732 3403 789 divino:

1816 813 2009 884 dyadis
2027 817 2376 874 concordiam
2398 820 2560 874 solvit
2574 831 2618 886 ν,
2636 822 2913 878 hominem
2932 825 3226 894 appellavit
3242 840 3404 880 ovem

1816 907 2064 976 quidem,
2090 919 2153 964 ut
2181 911 2338 980 cujus
2363 928 2494 966 cura
2524 914 2780 979 habetur,
2807 924 2960 984 puto,
2989 917 3194 986 quique
3224 918 3403 987 agitur

1817 1009 1874 1056 et
1926 1001 1983 1056 in
2037 1002 2290 1064 ordinem
2345 1004 2616 1074 redigitur
2670 1008 3086 1076 possessorique
3144 1025 3244 1063 suo
3300 1011 3404 1064 tria

1819 1093 2133 1148 necessaria
2173 1103 2427 1164 pnestat,
2457 1096 2636 1150 lanam
2669 1106 2724 1152 et
2755 1113 2953 1167 agnum
2989 1108 3045 1153 et
3077 1100 3190 1166 lac,
3221 1110 3282 1154 ut
3310 1102 3404 1170 qui

1819 1185 1987 1239 alitur
2011 1195 2068 1239 et
2096 1185 2222 1250 alit,
2249 1186 2464 1240 ratione
2493 1196 2549 1242 et
2578 1188 2743 1242 modo
2772 1190 3040 1244 naturalis
3069 1193 3408 1261 contempla—

1823 1275 2015 1339 tionis,
2044 1288 2100 1331 et
2129 1277 2221 1345 qui
2251 1278 2487 1332 vestitur
2514 1287 2571 1333 et
2597 1281 2761 1335 vestit
2785 1282 2950 1335 modo
2976 1283 3202 1336 moralis
3231 1282 3409 1351 philo-

1823 1353 2055 1436 sophiae,
2078 1376 2134 1421 et
2157 1368 2250 1438 qui
2277 1369 2486 1423 ditatur
2510 1379 2566 1424 et
2589 1371 2729 1426 ditat
2748 1372 3050 1427 secundum
3077 1374 3224 1442 paris
3245 1389 3411 1444 gene-

1825 1458 2096 1511 rationem
2120 1459 2382 1528 mysterio
2398 1475 2542 1513 vera:
2560 1460 2892 1514 intuitionis.
2911 1461 3043 1516 Item
3066 1461 3406 1527 drachmam,

1825 1558 2015 1618 utpote
2049 1549 2280 1603 nitidam
2316 1559 2371 1604 et
2403 1551 2640 1620 regalem
2679 1551 3042 1621 iniaginisque
3071 1552 3240 1607 verbo
3269 1553 3412 1607 divi-

1826 1658 1951 1696 nam
1992 1641 2262 1712 originem
2297 1642 2721 1710 exprimentem.
2751 1651 2806 1696 et
2844 1644 3022 1697 omnis
3055 1643 3253 1698 divina:
3289 1645 3412 1712 pul-

1825 1734 2162 1789 chritudinis
2189 1751 2355 1804 quam
2389 1743 2571 1804 potest
2600 1735 2718 1790 ﬁeri
2749 1752 3026 1805 capacem.
3051 1737 3186 1791 ltem
3211 1736 3406 1799 lilium,

1825 1837 1883 1880 ut
1905 1836 2259 1896 paternorum
2284 1827 2556 1882 bonorum
2584 1828 2854 1884 haeredem
2880 1831 3076 1899 etpari
3101 1845 3228 1884 eum
3251 1837 3426 1898 patre

1827 1917 2036 1970 honore
2089 1917 2364 1970 fruentem
2418 1917 2487 1972 de
2539 1918 2727 1987 gratia:
2778 1933 3028 1972 munere.
3073 1918 3230 1972 Hunc
3274 1932 3410 1972 vero

1826 2005 2107 2060 hominem
2141 2014 2400 2076 tanquam
2434 2022 2595 2061 ovem
2629 2016 2908 2064 errantem
2941 2009 3088 2062 Deus
3112 2006 3412 2076 providen-

1828 2098 1902 2152 tia
1932 2113 2029 2151 sua
2057 2099 2380 2169 vestigatam
2411 2106 2472 2152 ut
2497 2109 2685 2170 pastor
2712 2099 2942 2162 invenit,
2965 2100 3190 2168 suisque
3217 2099 3410 2152 hume-

1827 2188 1902 2242 ris
1937 2188 2194 2259 injectam
2234 2189 2302 2242 ad
2339 2191 2680 2245 consortium
2719 2192 2862 2245 ovile
2899 2191 3140 2246 reduxit.
3173 2190 3246 2246 Ut
3277 2191 3413 2246 ima-

1826 2279 2006 2348 ginem
2032 2293 2165 2332 vero
2193 2277 2488 2332 affectibus
2516 2288 2938 2350 conspurcatam
2963 2288 3019 2332 et
3040 2279 3208 2348 regali
3233 2277 3408 2332 forma

1827 2369 2077 2424 orbatam
2125 2369 2353 2436 Sermo,
2386 2379 2447 2424 ut
2477 2371 2748 2440 sapientia
2779 2353 2863 2426 sui
2899 2371 3070 2439 ipsius
3101 2385 3322 2425 carnem
3357 2370 3412 2424 in

1827 2461 2067 2516 lucernae
2091 2461 2314 2517 modum
2345 2461 2624 2518 incensam
2652 2463 2776 2517 luce
2799 2461 3104 2517 divinitatis
3125 2477 3237 2516 suae
3263 2461 3413 2516 inve—

1827 2554 1928 2616 nit,
1959 2564 2016 2610 et
2041 2556 2222 2626 magni
2251 2553 2438 2627 gaudii
2469 2555 2820 2610 occasionem
2861 2555 3004 2610 hanc
3039 2554 3413 2610 inventionem

1829 2646 1992 2710 facit,
2023 2663 2130 2716 qua
2173 2647 2376 2703 divina:
2419 2649 2644 2704 deeadis
2686 2648 2964 2706 defectum
3012 2646 3309 2717 supplevit.
3338 2645 3414 2702 .Ut

1829 2739 2001 2794 illium
2034 2755 2166 2793 vero
2196 2747 2426 2810 peccato
2455 2739 2847 2795 mortiﬁcatum
2883 2749 2942 2794 et
2971 2739 3068 2794 Dei
3109 2737 3412 2808 ignorantia

1828 2829 2108 2900 perditum
2153 2839 2214 2884 ut
2253 2841 2412 2902 pater
2450 2833 2634 2888 bonus
2677 2833 2937 2888 reducem
2980 2831 3218 2900 recepit,
3250 2830 3414 2900 eique

1827 2921 2075 2992 pristinae
2116 2921 2402 2992 dignitatis
2444 2922 2680 2994 insignia
2721 2923 2882 2992 plene
2921 2936 3114 2978 rursus
3151 2919 3322 2984 indit,
3355 2930 3412 2975 et

137 3009 216 3072 ὡς
261 3009 440 3080 πατὴρ
461 3008 678 3077 ἀγαθός
707 3009 1110 3080 ἐπιστρέφοντα
1142 3010 1476 3080 προσήκατο,
1499 3007 1594 3061 καὶ
1621 3007 1723 3078 τῆς

1831 3011 1972 3081 quod
2001 3011 2298 3064 maximum
2330 3010 2578 3065 omnium
2615 3027 2750 3066 sane
2785 3017 2870 3065 est
2901 3010 3103 3080 cuique
3137 3024 3413 3064 summum

139 3101 418 3172 προτέρας
454 3099 612 3164 ἀξίας
641 3099 913 3170 ἐπιτίθησι
945 3099 1108 3154 πάλιν
1147 3098 1452 3162 ἀνελλιπῶς
1481 3099 1548 3152 τὰ
1585 3115 1725 3167 γνω-

141 3195 414 3266 ρίσματα,
442 3193 536 3246 καὶ
565 3192 626 3247 τὸ
660 3193 724 3264 δὴ
767 3193 1024 3262 μέγιστον
1059 3193 1278 3247 πάντων
1317 3193 1412 3247 καὶ
1445 3190 1723 3264 μυστικώ-

135 3303 329 3350 τατον,
357 3284 448 3336 τδν
483 3285 678 3355 μόσχον
702 3284 820 3336 θύει
849 3284 942 3338 τὸν
971 3284 1238 3349 σιτευτὸν,
1265 3284 1415 3347 ὅστις
1445 3285 1576 3338 ποτέ
1610 3279 1676 3354 ἦν
1697 3285 1726 3336 6

141 3378 349 3448 μόσχος
372 3368 526 3436 οὗτος
555 3377 648 3430 καὶ
676 3379 710 3448 ἡ
733 3376 928 3430 τούτου
949 3376 1254 3447 παράδοξος
1284 3375 1448 3429 θυσία
1469 3371 1644 3445 (οἶμαι
1669 3375 1726 3428 δὲ

139 3470 230 3522 ὅτι
259 3469 286 3520 ό
309 3467 608 3538 ἀκρότατός
647 3471 766 3521 ἐστι
798 3467 896 3522 τοῦ
929 3467 1071 3521 κατά
1105 3467 1204 3537 τὴν
1241 3467 1393 3520 θείαν
1422 3467 1516 3520 καὶ
1549 3467 1726 3538 appu-

141 3577 242 3614 τον
261 3559 519 3631 πρόνοιαν
549 3559 914 3631 ἀπερινοήτου
947 3559 1042 3612 καὶ
1065 3558 1344 3626 ἀγνώστου
1373 3559 1575 3629 τρόπου
1597 3574 1730 3628 κρυ-

143 3650 415 3721 φιώτατός
446 3669 506 3706 τε
546 3653 638 3705 καὶ
670 3651 1079 3720 ἁγνωστότατος
1118 3651 1312 3719 Λόγος,
1359 3651 1452 3706 καὶ
1481 3653 1512 3720 ἡ
1539 3650 1726 3704 τούτου

143 3743 458 3814 θεοπρεπὴς
492 3746 601 3805 τοῖς
633 3739 752 3796 οῦσι
787 3741 1120 3813 μετάδοσις),
1157 3745 1252 3795 καὶ
1282 3743 1457 3812 χαρᾶς
1487 3743 1729 3813 ἀρρήτου

141 3839 384 3890 ποιεῖται
413 3836 710 3904 κεφάλαιον
735 3834 827 3888 τοῦ
861 3833 987 3914 υἱοῦ.
1011 3835 1107 3904 τὴν
1132 3834 1408 3894 ἐπάνοδον,
1437 3834 1542 3904 πλη
1555 3832 1732 3904 ρὼσα-

141 3944 252 3983 σαν
304 3927 663 3997 μεγαλοφυῶς
718 3926 826 3980 τῶν
877 3927 1008 3979 υἱῶν
1058 3927 1152 3997 τὴν
1199 3926 1387 3989 δυάδα,
1433 3927 1553 3996 ἥτις
1603 3926 1731 3978 ποτε

140 4023 300 4075 ἐστιν
333 4019 498 4090 αῦτη,
529 4021 630 4071 ,καὶ
671 4021 705 4089 ἡ
735 4019 849 4090 πρὸ
888 4019 1058 4088 αὐτῆς
1100 4018 1263 4081 δεκὰς
1295 4017 1406 4072 τῶν
1446 4017 1728 4088 δραχμῶν,

142 4112 247 4164 καὶ
281 4113 314 4181 ἡ
360 4112 464 4180 πρὸ
500 4111 722 4180 ἐκείκης
746 4111 856 4163 τῶν
895 4111 1188 4182 προϐάτιον
1235 4110 1554 4176 ἐκατοντάς.
1597 4111 1733 4183 ῌερὶ
1769 4141 1774 4147 -

142 4199 226 4258 ὧν
257 4203 352 4256 νῦν
399 4204 598 4271 λέγειν,
639 4206 687 4256 εἰ
735 4206 901 4269 δοκεῖ,
951 4202 1396 4275 παραλείψωμεν,
1428 4205 1735 4272 εὐκαιρότε-

145 4315 247 4370 ρον
307 4298 366 4350 ὲν
403 4297 590 4360 ἄλλοις
654 4297 770 4368 μετ’
814 4295 1090 4366 ἐμμελοῦς
1145 4296 1472 4366 ἐξεργασίας
1519 4295 1607 4347 τὸν
1648 4293 1732 4362 ἐφ’

143 4391 370 4461 ἑκάστῳ
402 4389 620 4459 ἀριθμῷ
673 4389 952 4460 μυστικῶς
997 4388 1132 4440 Θεοῦ
1160 4388 1394 4450 διδόντος
1429 4388 1473 4419 ³⁷
1506 4387 1732 4456 συνοψό·
1773 4358 1814 4412 D

150 4499 310 4552 μενοι
343 4482 524 4550 λόγον.
573 4483 632 4534 Εἰ
665 4481 842 4533 τοίνυν
871 4480 967 4556 ,ὡς
1025 4480 1124 4550 μὲν
1171 4479 1444 4551 πρόϐατον
1493 4481 1540 4556 ό-
1574 4479 1737 4541 καλδς

63 4625 78 4645 ⁸
148 4573 360 4642 ποιμὴν
395 4561 508 4634 τὸῖς
539 4569 710 4640 ὤμοις
742 4570 950 4634 ἐπιθεὶς
985 4571 1120 4642 πρὸς
1153 4571 1218 4623 τὰ
1248 4570 1492 4638 σύννομα
1523 4569 1614 4621 τὸν
1645 4569 1737 4622 ἄν·

150 4666 374 4734 θρωπον
400 4664 744 4734 ἐπανήγαγε,
770 4665 864 4716 καὶ
887 4662 963 4724 ὡς
993 4661 1248 4732 δραχμὴν
1285 4660 1377 4713 διὰ
1400 4661 1496 4729 τῆς
1531 4659 1740 4722 εἰκόνος

148 4757 252 4826 τὴν
293 4755 580 4826 βασιλικὴν
613 4753 926 4808 ὲκτῦπωσιν
960 4753 1155 4824 ἔχοντα
1212 4751 1304 4806 τὸν
1352 4750 1638 4820 ἄνθρωπον
1665 4751 1740 4814 ὡς

152 4847 322 4914 σοφία
349 4847 442 4901 τοῦ
465 4846 600 4900 Θεοῦ
629 4851 726 4915 καὶ
759 4847 970 4917 Πατρδς
1001 4846 1094 4898 καὶ
1122 4845 1350 4916 δύναμις
1373 4843 1459 4896 διὰ
1483 4844 1581 4914 τῆς
1611 4859 1742 4914 σαρ-

127 4927 384 5001 ’κῶσεως
413 4935 572 5009 εὗρεν
601 4941 626 4990 6
657 4938 857 5009 Κύριος
889 4938 981 4990 καὶ
1005 4936 1217 5010 Σωτὴρ,
1252 4937 1348 4989 καὶ
1372 4934 1452 4996 ὼς
1477 4935 1592 4988 υἰδν
1621 4936 1743 4988 ἐπι--

154 5029 470 5099 στρέφοντα
511 5031 830 5102 προσήκατο
875 5030 904 5082 6
957 5028 1159 5096 ἀγαθὸς
1201 5029 1296 5080 καὶ
1331 5026 1742 5096 πανοικτίρμων

155 5122 382 5192 Πατὴρ,
421 5123 515 5174 καί
543 5126 656 5185 ταῖς
695 5122 818 5175 κατ’
849 5121 1079 5192 οὐρανὸν
1117 5120 1382 5188 δυνάμεσι
1407 5117 1743 5190 συναριθμή·

156 5225 266 5272 σας
312 5206 713 5277 ἐγκατέταξεν,
743 5211 990 5265 ἑκάστου
1051 5207 1162 5262 τῶν
1215 5210 1274 5261 ἐν
1329 5212 1443 5273 τοῖς
1494 5210 1743 5279 οὐρανοῖς

155 5299 407 5372 ἀριθμοῦ
451 5301 748 5374 πληρώσας
781 5301 878 5374 τὴν
913 5300 1154 5370 ἔλλειψιν
1201 5299 1290 5354 διὰ
1326 5301 1420 5354 τοῦ
1475 5301 1742 5366 σωθέντος

244 5422 261 5456 ι
281 5417 426 5474 :Luc.
449 5435 541 5484 xv,
574 5420 626 5475 4.
691 5431 727 5461 λι
758 5419 889 5477 ibid.
915 5419 950 5474 8
1047 5429 1074 5458 τ
1109 5419 1241 5476 ibid.
1269 5420 1356 5475 '12.

1831 3101 1977 3156 inest
2005 3101 2328 3172 mysterium
2347 3133 2364 3166 ,-
2387 3101 2622 3156 vitulum
2661 3109 2862 3158 mactat
2892 3100 3231 3171 saginatum,
3260 3099 3419 3169 quis-

1831 3191 1958 3266 quis
1983 3201 2104 3246 erat
2128 3191 2338 3246 vitulus
2369 3192 2470 3248 iste
2497 3199 2554 3247 et
2585 3191 2881 3247 mirificum
2923 3193 3046 3264 ejus
3084 3190 3416 3246 sacriﬁcium

1834 3281 1975 3352 (erat
1995 3297 2150 3346 vero,
2172 3291 2231 3338 ut
2255 3282 2388 3336 mihi
2415 3283 2655 3348 videtur,
2674 3299 2924 3338 summus
2947 3281 3016 3336 de
3040 3281 3226 3337 div-ina
3251 3288 3418 3350 atque

1834 3372 2100 3427 ineﬂ'abili
2147 3372 2498 3442 providentia
2549 3373 3006 3444 imperceptibilis
3051 3381 3108 3427 et
3153 3370 3418 3441 incogniti

1832 3464 1983 3518 modi
2019 3458 2214 3519 Ser'mo
2247 3465 2654 3522 oceultissimus
2687 3473 2853 3529 atque
2889 3463 3048 3532 plane
3085 3461 3418 3532 incognitus.

1833 3556 2064 3625 ejusque
2105 3569 2229 3610 cum
2267 3557 2350 3612 eis
2385 3557 2480 3626 qui
2523 3555 2796 3609 exsistunt
2831 3554 3018 3609 divina
3051 3553 3424 3607 communica-

1839 3647 1960 3716 tio),
1985 3654 2042 3701 et
2078 3662 2178 3717 pro
2215 3647 2398 3718 gaudii
2439 3645 2740 3701 iueﬂ'abilis
2783 3659 3000 3700 summa
3039 3643 3137 3697 ﬁlii
3179 3642 3420 3696 reditum

1837 3740 2025 3804 habet,
2051 3756 2157 3809 qua
2187 3739 2423 3793 ﬁliorum
2461 3738 2594 3810 dyas
2628 3736 2917 3807 magniﬁce
2953 3735 3170 3804 expleta
3204 3743 3261 3788 et
3292 3748 3422 3788 con-

1837 3841 2107 3888 summota
2137 3839 2240 3894 est,
2266 3831 2522 3900 quisquis
2549 3839 2633 3884 est
2654 3828 2868 3884 reditus
2899 3827 3022 3891 iste,
3048 3837 3106 3881 et
3133 3825 3423 3880 drachma-

1837 3940 1961 3980 rum
1999 3939 2120 3993 quae
2155 3939 2281 3978 eum
2317 3937 2620 3992 przegressa
2657 3930 2742 3976 est
2775 3919 2970 3984 deoas,
2995 3927 3051 3972 et
3079 3917 3265 3972 ovium
3296 3930 3424 3969 cen-

1839 4025 1956 4071 tum
1999 4029 2265 4068 numerus
2306 4023 2433 4067 ante
2474 4013 2618 4066 hanc
2662 4017 3150 4065 eommemoratus.
3181 4007 3258 4062 De
3299 4006 3422 4076 qui-

1839 4107 1974 4170 bus,
2001 4106 2046 4160 si
2075 4104 2259 4180 lubet,
2290 4118 2439 4158 nunc
2467 4102 2652 4157 dicere
2681 4101 3030 4164 omittamus,
3058 4095 3424 4168 opportunius

1839 4197 1895 4252 in
1927 4197 2197 4252 aliiscum
2225 4204 2488 4248 accurato
2519 4191 2705 4246 studio
2733 4190 2962 4263 mystice
3001 4189 3054 4243 in
3095 4199 3424 4256 unoquoque

1841 4305 1964 4359 qua:
2015 4287 2146 4342 insit
2194 4300 2458 4350 numero,
2502 4283 2548 4338 si
2599 4285 2748 4338 Deus
2793 4280 3046 4344 dederit,
3080 4275 3424 4333 observaturi

1848 4381 2137 4436 rationem.
2173 4379 2229 4433 Si
2266 4377 2434 4448 igitur
2461 4385 2521 4430 ut
2551 4390 2709 4430 ovem
2744 4373 2926 4427 bonus
2957 4379 3145 4442 pastor
3179 4367 3428 4426 humeris

1843 4473 2102 4542 injectam
2145 4469 2212 4524 ad
2261 4477 2550 4524 consortes
2590 4465 2871 4521 hominem
2913 4462 3244 4534 reportavit,
3277 4468 3333 4514 et
3369 4465 3430 4514 ut

1843 4563 2164 4617 drachmam
2203 4561 2442 4630 regalem
2485 4561 2542 4614 in
2581 4559 2819 4629 imagine
2860 4555 3092 4627 eﬂigiem
3131 4554 3428 4610 habentem

1845 4653 2126 4708 hominem
2168 4659 2229 4707 ut
2261 4651 2536 4721 sapientia
2572 4651 2668 4706 Dei
2711 4666 2776 4705 ac
2816 4648 2991 4706 Patris
3027 4656 3084 4702 et
3118 4648 3294 4702 virtus
3333 4660 3436 4716 per

1846 4745 2320 4802 carnificationem
2350 4745 2618 4799 Dominus
2645 4753 2703 4798 et
2731 4742 2985 4798 Salvator
3013 4740 3252 4802 invenit,
3281 4747 3337 4796 et
3371 4745 3434 4798 ut

1849 4839 2024 4894 ﬁlium
2059 4837 2320 4892 reducem
2361 4837 2542 4892 bonus
2575 4843 2632 4891 et
2667 4851 2886 4905 semper
2922 4832 3239 4889 misericors
3271 4832 3434 4887 Pater

1848 4939 2132 5005 receptum
2199 4929 2520 4984 cmlestibus
2584 4927 2956 4998 potestatibus
3011 4922 3432 4986 annumeravit,

1851 5024 2290 5094 uniuscujusque
2325 5021 2569 5077 caelestis
2601 5020 2823 5075 numeri
2860 5017 3079 5074 defectu
3115 5033 3216 5086 per
3251 5015 3432 5085 hqmi.

1849 5131 1976 5170 nem
2005 5113 2274 5169 salvatum
2303 5113 2582 5182 suppleto,
2607 5111 2962 5168 manifestum
2988 5117 3072 5164 est
3097 5107 3245 5178 quod
3273 5105 3436 5163 (Ἀπί-ο

1850 5215 1968 5264 stus
1991 5207 2138 5261 Deus
2165 5204 2508 5274 superiorem
2533 5203 2800 5258 mundum
2825 5199 3142 5271 complevit,
3167 5198 3354 5256 divine
3375 5196 3440 5256 in'

1850 5299 2148 5370 semetipso
2178 5298 2294 5368 ipse
2319 5309 2646 5354 cunctorum
2671 5295 2905 5353 salutem
2934 5300 3214 5364 operatus.

1451 5531 1690 5588 \‘ABIIE
1723 5529 2134 5588 LECTIONES.
2197 5565 2203 5571 -

247 5627 298 5658 ³⁸
335 5627 721 5700 Apographum
756 5627 1026 5691 αὐθαδῶς.

1119 5628 1162 5659 ³⁷
1195 5627 1395 5683 Eadem
1429 5642 1620 5683 manus
1644 5625 1884 5682 correxit
1917 5627 2176 5697 μυστικὸν
2207 5623 2282 5689 ὡς
2315 5621 2450 5678 Θεοῦ
2481 5620 2734 5689 διδόντος,
2763 5629 2872 5677 etc.
