3938 6192
214 322 376 389 .1281

1477 310 2010 405 auersum).qu
2035 313 2285 373 LIBER.

3348 316 3486 381 198?.

233 436 299 501 τῇ
338 427 467 482 κατ’
497 422 695 496 ἀρετὴν
727 420 986 492 ἐγγύτητι
1033 420 1132 494 τὴν
1178 417 1491 496 πρέπουσαν
1536 419 1684 489 αὑτῷ
1727 420 1807 473 θέ-

1915 422 2171 491 quodque
2211 420 2518 475 membrum
2551 435 2651 488 pro
2682 419 2903 475 virtutis
2934 436 3046 476 suae
3074 425 3484 495 prnpiaquitaze

233 540 319 576 σιν
368 519 454 572 διὰ
478 516 576 585 τῆς
623 512 1038 584 ἀρχιτεκτονίας
1079 510 1172 564 τοῦ
1232 509 1538 579 πνεύματος
1576 512 1810 580 ἐναρμο-

231 613 367 672 vlo);
398 605 768 677 λαμϐάνοντος
804 602 895 654 καὶ
927 598 1371 671 συμπληροῦντος
1406 598 1501 650 τοῦ
1534 598 1600 650 τὰ
1634 601 1812 652 πάντα

233 703 288 753 ὲν
320 699 463 752 πᾶσι
497 692 869 765 πληρουμένου
892 690 951 742 τὸ
980 690 1136 759 σῶμα
1158 690 1220 744 τὸ
1250 688 1425 742 πάντα
1455 687 1693 757 πληροῦν
1719 688 1813 761 κα),

230 792 296 843 ἐκ
326 789 553 842 πάντων
582 781 977 854 πληρούμενον.
1006 780 1130 833 Ehe
1155 779 1270 844 οὖν,
1294 779 1369 842 ὡς
1400 778 1640 849 εἴρηται,
1671 780 1813 832 κατὰ

231 880 331 950 τὴν
383 876 754 945 πνευματικὴν
815 872 1172 939 ἀναγέννησιν
1232 870 1340 923 τῶν
1395 869 1534 922 κατὰ
1579 870 1812 940 Χριστὸν

237 969 613 1039 γεννωμένων,
654 964 764 1017 εἴτε
801 965 942 1016 κατὰ
971 962 1068 1033 τὴν
1099 965 1155 1014 ὲν
1182 962 1401 1032 Χριστῷ
1429 963 1520 1014 καὶ
1558 962 1644 1015 διὰ
1677 964 1811 1031 Χρι-

240 1063 369 1116 στοῦ
396 1057 766 1128 γεγενημένην
791 1054 898 1108 τῶν
930 1058 1043 1117 τοῖς
1090 1055 1336 1123 οὐρανοῖς
1372 1053 1645 1123 μυστικῶν
1690 1054 1813 1123 ἀρι-

241 1155 395 1224 θμῶν
427 1150 830 1219 ἀναπλήρωσιν,
866 1147 965 1214 τῆς
1001 1163 1058 1197 τε
1098 1145 1247 1209 Θείας
1281 1145 1420 1216 φημὶ
1446 1145 1554 1198 τῶν
1582 1145 1813 1212 λογικῶν

242 1245 533 1313 προῦἀτων
588 1237 961 1303 ἑκατοντάδας,
1014 1237 1107 1290 καὶ
1156 1237 1255 1305 τῆς
1295 1237 1403 1288 τῶν
1445 1237 1644 1306 νοερῶν
1687 1238 1817 1306 δρα-

244 1332 397 1403 χμῶν
440 1329 709 1400 μυστικῆς
743 1326 985 1388 δεκάδος,
1036 1326 1126 1377 καὶ
1158 1325 1256 1394 τῆς
1280 1322 1389 1376 τῶν
1437 1325 1568 1377 υἱῶν
1624 1325 1812 1394 τιμίας

233 1421 447 1484 δυάδος,
481 1419 589 1471 εἴτε
620 1415 760 1469 κατὰ
787 1416 886 1485 τὴν
925 1414 1033 1467 τῶν
1063 1413 1241 1483 μελῶν
1272 1414 1363 1467 τοῦ
1393 1412 1641 1484 σώματος
1676 1414 1813 1485 πρὸς

233 1512 334 1581 τὴν
369 1510 573 1563 οἰκείαν
600 1506 838 1575 κεφαλὴν
871 1505 962 1558 καὶ
995 1505 1130 1574 πρὸς
1155 1504 1252 1574 τὴν
1285 1505 1420 1556 ίδίαν
1441 1504 1692 1575 ἀπαρχὴν
1719 1504 1812 1557 τοῦ

232 1603 559 1672 φυράματος
588 1597 1024 1665 ἐπισυναγωγὴν,
1063 1598 1091 1649 6
1122 1596 1234 1650 ἄνω
1281 1596 1483 1666 κόσμος
1522 1596 1811 1666 πληρωθή-

232 1709 390 1744 σεται
436 1690 655 1751 πάντως
696 1689 840 1740 κατὰ
876 1688 967 1739 τὸν
996 1686 1333 1746 διδάσκαλον,
1366 1685 1677 1756 πληρωθεὶς
1710 1686 1807 1755 μὲν

228 1785 331 1853 ἤδη
366 1785 422 1834 ὲν
464 1781 705 1853 Χριστῷ,
752 1778 1246 1850 πληρωθησόμενος
1292 1778 1349 1831 δὲ
1396 1780 1455 1831 ὲν
1504 1780 1615 1840 τοῖς
1669 1777 1811 1830 κατὰ

230 1874 470 1944 Χριστὸν
496 1870 650 1934 αὖθις
678 1870 904 1942 ὕστερον
929 1910 942 1934 ,
981 1871 1141 1940 ἡνίκα
1179 1870 1446 1940 σύμφυτοι
1490 1871 1809 1939 γενήσονται

231 1966 325 2016 καὶ
363 1963 460 2032 τῆς
495 1961 842 2023 ἀναστάσεως
889 1959 1054 2014 αὑτοῦ
1105 1960 1149 1992 ⁸⁸
1200 1960 1315 2027 οἵγε
1364 1961 1441 2030 τῷ
1499 1960 1805 2029 ὁμοιώματι

230 2054 329 2106 τοῦ
367 2053 596 2106 θανάτου
634 2051 795 2104 αὐτοῦ
832 2051 918 2104 διὰ
946 2050 1057 2104 τῶν
1100 2049 1280 2103 αὐτῶν
1325 2050 1662 2120 παθημάτων
1711 2051 1810 2121 ἤδη

232 2147 542 2212 γεγονότες.

240 2415 349 2465 Ἐκ
381 2410 486 2465 τοῦ
518 2410 704 2464 αὐτοῦ
729 2412 932 2479 λόγου,
956 2413 1036 2476 είς
1076 2410 1143 2467 τό
1165 2425 1176 2441 ·
1199 2428 1217 2462 ι
1252 2409 1498 2463 Παιδίον
1520 2410 1811 2479 ἐγεννήθη

306 2502 452 2570 ἡμῖν
485 2502 611 2568 Υἱὸς
655 2501 753 2555 καὶ
804 2501 981 2569 ἐδόθη
1024 2503 1188 2572 ἡμῖν,
1225 2498 1299 2558 οὗ
1349 2501 1504 2569 ἀρχὴ
1551 2501 1649 2554 ἐπὶ
1704 2502 1811 2555 τοῦ

306 2594 470 2662 ὤμου
490 2592 675 2647 αὑτοῦ
701 2609 714 2623 ·
733 2590 811 2657 τῷ
825 2592 934 2662 γὰρ
948 2589 1186 2660 σταυρῷ
1200 2592 1622 2659 avrum/petat
1641 2592 1770 2662 (‘20).
1788 2611 1805 2642 ι

307 2705 470 2767 Ὃλος
511 2705 597 2757 διὰ
627 2704 719 2757 τοῦ
752 2704 914 2773 λόγου
940 2706 1018 2775 τῷ
1051 2704 1250 2775 πρώτῳ
1270 2704 1415 2775 λόγῳ
1444 2705 1810 2776 προσθέμενος

230 2800 377 2849 κατὰ
406 2796 560 2862 λόγον
608 2796 699 2848 τὸν
739 2799 867 2866 περὶ
908 2798 1002 2848 τοῦ
1058 2795 1233 2863 Λόγου
1295 2794 1450 2861 λόγον
1507 2794 1563 2847 ὃν
1635 2796 1808 2865 μέγας

229 2888 523 2959 προφήτης
570 2885 800 2950 ἰισαῖας
831 2889 1085 2956 ποιεῖται,
1115 2886 1240 2956 περὶ
1273 2886 1380 2938 ’τοῦ
1436 2885 1808 2957 σαρκωθέντος

1915 510 2333 564 convenientem
2387 509 2491 562 sibi
2530 510 2709 563 locum
2762 526 2858 578 per
2890 511 3118 579 Spiritus
3147 514 3475 568 architecto-

1915 600 2061 654 niam
2110 609 2480 670 congruenter
2540 599 2812 662 obtineat,
2868 608 3032 669 atque
3081 602 3201 671 ejus
3255 605 3348 672 qui
3388 621 3487 673 per

1916 690 2171 745 universa
2210 691 2265 744 in
2308 690 2585 745 universis
2634 691 2939 758 completus
2969 701 3024 745 et
3070 704 3482 751 consummatus

1912 789 1998 833 est
2040 796 2260 849 corpus,
2308 780 2457 849 quod
2504 781 2760 834 universa
2799 781 2982 849 explet
3026 791 3081 835 et
3114 798 3181 835 ex
3209 784 3486 837 universis

1913 870 2164 939 expletur
2191 871 2481 938 compleat.
2528 871 2714 938 Itaque
2745 871 2880 929 sive,
2929 878 2990 946 ut
3026 871 3232 925 dictum
3263 882 3367 937 est,
3397 890 3484 928 σοι

1913 959 2155 1023 cundum
2191 960 2533 1028 spiritualem
2575 975 2765 1012 eorum
2795 961 2888 1029 qui
2931 977 3029 1029 per
3072 960 3351 1017 Christum
3388 979 3484 1033 ge-

1912 1060 2178 1103 nerantur
2202 1051 2694 1119 regenerationem,
2721 1052 2835 1104 sive
2868 1052 3168 1105 secundum
3200 1055 3484 1125 mysticam

1914 1155 2036 1209 qum
2076 1140 2130 1193 in
2176 1139 2398 1195 Christo
2437 1149 2494 1195 et
2534 1157 2634 1209 per
2655 1139 2937 1194 Christum
2970 1142 3111 1197 facta
3140 1152 3224 1197 cst
3262 1145 3314 1197 in
3346 1147 3486 1200 caelo

1914 1246 2273 1285 numerorum
2306 1232 2693 1299 repletioncm,
2727 1231 2779 1285 id
2809 1240 2891 1285 est
2928 1232 3098 1287 divini
3134 1234 3484 1288 rationalium

1914 1321 2103 1375 ovium
2132 1322 2459 1384 centuriam,
2496 1331 2551 1375 et
2592 1321 3050 1375 iutelleetualium
3095 1324 3484 1379 drachmarum

1912 1414 2156 1483 mystica:
2201 1410 2445 1473 decadis,
2507 1420 2563 1464 ct
2600 1411 2835 1463 ﬁliorum
2897 1413 3216 1467 honoriﬁca:
3272 1414 3483 1484 dyadis,

1914 1503 2027 1557 sive
2053 1502 2353 1556 secundum
2391 1502 2767 1554 membrorum
2803 1503 3052 1571 corporis
3095 1504 3161 1557 ad
3200 1504 3485 1572 proprium

1914 1601 2080 1661 caput
2127 1606 2183 1645 et
2236 1593 2301 1645 ad
2347 1594 2621 1662 propriam
2674 1592 3068 1647 delibationem
3116 1610 3306 1649 massa:
3358 1611 3489 1650 con-

1915 1684 2311 1753 gregationem,
2359 1684 2611 1752 superior
2650 1684 2890 1739 mundus
2919 1685 3290 1753 complebitur
3322 1686 3486 1754 plane

1844 1765 1882 1819 Β
1916 1774 2221 1827 secundum
2261 1775 2609 1844 magistrum,
2664 1776 2971 1845 completus
3008 1776 3120 1846 jam
3171 1777 3392 1845 quidem
3430 1780 3485 1830 in

1917 1863 2157 1928 Christo,
2211 1865 2569 1934 complendus
2620 1882 2750 1919 vero
2806 1883 3002 1920 rursus
3050 1877 3239 1936 postea
3292 1867 3346 1921 in
3405 1868 3488 1921 eis

1910 1956 2003 2025 qui
2052 1956 2359 2010 secundant
2405 1956 2688 2011 Christum
2723 1963 2870 2020 sunt,
2906 1958 2997 2011 ubi
3026 1960 3335 2013 coalescent
3359 1975 3485 2014 cum

1909 2064 1974 2102 eo
2004 2055 2080 2111 et,
2117 2048 2210 2117 qui
2265 2051 2466 2105 mortis
2517 2051 2637 2119 ejus
2695 2049 3061 2105 similitudine
3096 2051 3317 2105 easdem
3364 2067 3487 2120 pas—

1909 2140 2095 2195 siones
2113 2142 2224 2211 jam
2266 2149 2394 2195 sunt
2423 2141 2657 2211 experti,
2694 2140 2861 2195 etiam
2918 2140 3340 2196 resurrectionis
3369 2141 3487 2210 ejus

1911 2229 2045 2285 ﬁent
2097 2231 2413 2302 participes.

1920 2413 2002 2467 Ea:
2041 2414 2217 2467 eodem
2238 2427 2493 2473 sermone,
2522 2413 2575 2464 in
2603 2411 2736 2463 illud
2764 2428 2780 2465 :
2824 2430 2841 2460 ι
2873 2411 3010 2465 Puer
3035 2411 3177 2463 nobis
3204 2418 3358 2463 natus
3384 2421 3477 2477 est,

1985 2515 2033 2557 et
2063 2504 2205 2573 ﬁlius
2242 2505 2397 2556 datus
2435 2511 2509 2555 est
2555 2503 2721 2565 nobis,
2771 2503 2919 2572 cujus
2960 2503 3282 2571 principatus
3331 2518 3488 2571 suprr

1986 2596 2261 2647 humerum
2300 2595 2445 2663 ejus;
2488 2610 2606 2647 cum
2647 2608 2800 2645 crure
2846 2593 2982 2644 enim
3016 2591 3305 2645 extollitur.
3340 2612 3356 2642 ι

1985 2707 2151 2760 Plane
2182 2723 2282 2777 per
2322 2724 2635 2762 sermonem
2663 2707 2952 2760 sententia:
2974 2705 3144 2775 priori
3184 2705 3488 2776 adjungcns

1915 2797 2216 2853 secundum
2261 2799 2509 2852 ordinem
2539 2798 2671 2851 illud
2701 2797 2769 2851 de
2807 2796 3070 2851 Sermone
3101 2798 3306 2851 dictum
3341 2797 3487 2866 quod

1916 2905 2149 2960 magnus
2207 2891 2480 2960 propheta
2542 2890 2709 2943 lsaias
2759 2889 2825 2942 de
2895 2888 3163 2944 Sermone
3218 2890 3309 2960 qui
3360 2907 3490 2943 eam

227 2979 434 3046 Λόγου,
472 2978 749 3047 μυστικῶς
787 2980 986 3049 φήσας,
1016 2973 1098 3033 Οὗ
1153 2979 1190 3046 ἥ
1244 2978 1288 3010 ³⁹
1340 2978 1496 3047 ἀρχὴ
1547 2978 1645 3032 ἐπὶ
1700 2978 1805 3033 τοῦ

1913 2980 2089 3036 lactus
2124 2991 2207 3035 est
2256 2981 2486 3051 profert,
2522 2981 2749 3051 mystice
2797 2980 3034 3035 (licens:
3086 2983 3249 3052 Cujus
3289 2985 3488 3052 niuri-

223 3069 396 3138 ὤμου
435 3068 642 3134 αὐτοῦ,
682 3068 1042 3135 συνοπτικῶς,
1080 3068 1151 3133 ὼς
1194 3067 1313 3134 ἔθος
1344 3070 1490 3141 αὑτῴ
1515 3072 1653 3133 ἐστι,
1686 3069 1804 3122 τίνα

222 3164 334 3230 τὴν
367 3162 540 3230 ἀρχὴν
565 3161 765 3232 ταύτην
813 3162 923 3216 δεῖν
986 3161 1190 3215 οἴεσθαι
1241 3160 1395 3232 θέμις
1447 3161 1803 3232 διετράνωσεν

225 3252 422 3323 (212
472 3250 523 3320 θ)
579 3253 607 3304 ὁ
654 3252 826 3321 μέγας
878 3247 1032 3316 οὗτος
1065 3251 1401 3318 διδάσκαλος,
1430 3251 1620 3306 εἰπών’
1659 3273 1676 3304 ι
1714 3252 1804 3323 Τῷ

221 3343 301 3410 γὲι
314 3358 346 3411 ρ
382 3343 601 3413 σταυρῷ
633 3344 1040 3415 συνεπαίρεται.
1079 3363 1097 3396 ι
1142 3345 1279 3397 Ἀλλ’
1322 3345 1510 3413 ἐπειδὴ
1548 3345 1746 3409 πολλὰς
1777 3348 1805 3399 6

222 3434 472 3504 σταυρὸς
522 3437 639 3498 ταῖς
686 3436 817 3511 περὶ
855 3436 1016 3489 αὑτὸν
1044 3436 1308 3498 ἐπινοίαις
1332 3436 1637 3505 ἐπιδέχεται
1668 3437 1803 3489 θεω-

223 3527 380 3596 ρίας,
430 3522 577 3589 ἄξιόν
623 3528 736 3579 ἐστι
786 3526 1019 3595 ζητῆσαι
1059 3525 1202 3578 κατά
1239 3525 1398 3578 ποίαν
1435 3525 1676 3578 ἐπίνοιαν
1715 3527 1805 3577 τὸν

224 3614 472 3685 σταυρὸν
514 3615 607 3666 ἐπὶ
638 3612 729 3666 τοῦ
761 3614 1029 3684 παρόντος
1059 3612 1230 3684 ἀρχὴν
1267 3615 1295 3666 ὁ
1319 3612 1635 3674 διδάσκαλος
1663 3602 1802 3668 εἷπε.

221 3706 531 3776 Θεωρεῖται
573 3704 681 3775 γὰρ
719 3706 747 3757 6
780 3704 1012 3774 σταυρὸς
1030 3703 1174 3756 κατὰ
1206 3702 1415 3773 σχῆμα,
1449 3702 1588 3756 κατὰ
1615 3701 1804 3754 σύνθε-

222 3814 344 3861 σιν,
383 3796 521 3850 κατὰ
549 3797 651 3867 τὴν
695 3795 804 3849 τῶν
842 3806 1022 3866 μερῶν
1069 3794 1327 3864 ίδιότητα,
1367 3792 1461 3847 καὶ
1500 3792 1620 3846 κατ’
1651 3792 1803 3866 ἐνέρ-

220 3907 282 3958 γε
306 3906 389 3942 ιαν
421 3889 515 3943 καὶ
547 3889 668 3942 κατ’
705 3888 869 3951 ἄλλας
907 3886 1108 3950 πολλὰς
1140 3885 1401 3949 ἐπινοίας,
1445 3885 1502 3939 αἳ
1547 3886 1658 3949 τοῖς
1696 3884 1806 3939 τῶν

221 3980 395 4034 θείων
421 3978 803 4050 φιλοθεάμοσίν
831 3980 968 4031 εἰσιν
1014 3976 1226 4049 ὁραταί.
1275 3975 1429 4028 Κατὰ
1460 3976 1640 4047 σχῆμα
1683 3976 1803 4047 μὲν,

221 4070 311 4132 ὡς
331 4069 455 4122 ὅταν
482 4068 579 4139 τὴν
598 4066 664 4121 τὰ
690 4067 807 4130 ὅλα,
844 4066 913 4120 τά
942 4082 998 4119 τε
1030 4067 1141 4121 ἄνω
1170 4064 1264 4119 καὶ
1288 4065 1354 4118 τὰ
1384 4063 1535 4117 κάτω
1565 4066 1651 4134 ἐφ’
1677 4065 1806 4119 έκά-

222 4179 388 4231 τερα,
412 4164 525 4226 τοῖς
552 4162 673 4216 καθ’
703 4162 843 4216 αὐτὰ
872 4161 1069 4232 πέρασι
1100 4159 1568 4230 διαλαμϐάνουσαν
1589 4163 1616 4212 6
1645 4176 1805 4212 σταυ-

232 4255 330 4326 ρὸς
361 4252 756 4324 θεωρούμενος,
786 4251 1137 4322 ὑποσημαίνῃ
1184 4250 1411 4321 δύναμιν
1448 4266 1462 4281 ·
1507 4250 1649 4304 κατὰ
1683 4250 1805 4304 σύν-

230 4347 384 4399 θεσιν
404 4346 480 4411 δὲ,
514 4344 589 4409 ὡς
620 4346 748 4399 ὅταν
791 4343 982 4399 οὐσίαν
1021 4343 1117 4396 καὶ
1164 4343 1419 4412 πρόνοιαν
1459 4342 1552 4395 καὶ
1597 4342 1800 4412 κρίσιν,

230 4438 405 4505 {now
425 4435 521 4498 τὰς
542 4435 746 4489 τούτων
773 4437 1087 4504 ὲκφάνσεις.
1126 4432 1318 4501 σοφίαν
1352 4432 1493 4503 φημὶ
1527 4433 1621 4484 καὶ
1658 4432 1799 4499 γνῶ-

232 4543 321 4580 σιν
353 4526 444 4580 καὶ
464 4527 664 4596 ἀρετὴν
691 4526 792 4596 τῆς
828 4526 889 4579 τὸ
937 4527 1046 4579 πᾶν
1092 4524 1383 4593 διεπούσης
1406 4506 1674 4595 ’ὲμφαίνῃ
1714 4524 1804 4576 δυ-

231 4616 475 4686 νάμεως,
506 4616 603 4687 τὴν
627 4616 725 4686 μὲν
746 4616 933 4669 οὐσίαν
961 4616 1055 4668 καὶ
1076 4614 1172 4685 τὴν
1205 4615 1396 4682 σοφίαν
1420 4613 1493 4676 ὡς
1518 4614 1805 4685 ποιητικὴν

230 4707 323 4760 διὰ
344 4708 441 4777 τῆς
466 4706 748 4776 ὑψιτενοῦς
772 4706 1057 4777 γραμμῆς,
1098 4704 1196 4774 τὴν
1222 4704 1277 4757 δὲ
1308 4703 1562 4774 πρόνοιαν
1588 4705 1680 4756 καὶ
1705 4704 1804 4772 τὴν

231 4797 435 4864 γνῶσιν
470 4796 547 4860 ὡς
575 4796 994 4869 περιποιητικὴν
1022 4795 1112 4849 διὰ
1146 4796 1241 4865 τῆς
1272 4794 1589 4865 ἐγκαρσίας,
1622 4794 1720 4865 τὴν
1743 4796 1800 4847 δὲ

234 4888 416 4956 κρίσιν
450 4889 546 4942 καὶ
593 4888 686 4959 τὴν
721 4888 921 4959 ἀρετὴν
972 4888 1047 4949 ὡς
1082 4887 1277 4949 κακίας
1308 4886 1678 4957 ἀναιρετικὴν,
1712 4887 1806 4939 καὶ

232 4977 335 5047 τῆς
368 4979 478 5032 τῶν
528 4980 912 5050 πεποιημένων
961 4979 1055 5031 καὶ
1112 4977 1628 5048 περιπεποιημένων
1669 4977 1805 5043 πρδς

232 5067 336 5135 τὴν
371 5068 506 5123 ίδίαν
537 5072 710 5142 ἀρχὴν
743 5070 833 5125 καὶ
867 5069 1046 5123 αἰτίαν
1069 5068 1383 5139 συνδετικὴν
1412 5068 1499 5121 διὰ
1532 5068 1624 5121 τοῦ
1657 5069 1801 5122 ὅλουο

234 5159 379 5211 κατὰ
404 5158 459 5211 δὲ
486 5160 583 5230 τὴν
611 5162 720 5214 τῶν
758 5161 938 5232 μερῶν
977 5160 1233 5232 ἰδιότητα,
1274 5161 1402 5213 ὅταν
1436 5160 1523 5213 διὰ
1569 5160 1668 5229 μὲν
1706 5159 1804 5230 τῆς

1910 3082 2063 3143 palus
2100 3090 2259 3148 super
2300 3074 2574 3127 humerum
2616 3074 2728 3143 ejus
2772 3086 2818 3137 κ,
2864 3074 3178 3143 perspicue,
3224 3085 3284 3128 ut
3325 3075 3477 3132 solet.

1909 3164 2001 3218 hic
2035 3179 2264 3233 magnus
2304 3163 2586 3233 magister,
2635 3163 2857 3233 quinam
2890 3164 3236 3233 principatus
3272 3163 3479 3219 intelli—

1908 3256 2119 3326 gendus
2139 3265 2285 3311 esset
2313 3254 2602 3326 explicuit,
2636 3255 2829 3310 dicens
2864 3274 2875 3309 :
2922 3260 2945 3305 ι’
2978 3255 3116 3310 Cum
3147 3273 3312 3311 cruce
3339 3259 3487 3311 enim

1906 3347 2207 3401 extollitur.
2244 3346 2351 3401 Sed
2376 3363 2498 3402 cum
2524 3347 2728 3401 multas
2751 3362 2886 3401 crux
2925 3347 3086 3403 nobis
3114 3329 3489 3420 cogitantibus

1907 3436 2406 3505 contemplationes
2436 3436 2710 3496 admittat,
2753 3436 2979 3506 dignum
3018 3453 3198 3506 operae
3248 3439 3486 3508 pretium

1908 3526 2016 3578 erit
2056 3541 2306 3593 qmercre
2356 3541 2462 3594 qua
2519 3525 2923 3593 signiﬁcatione
2966 3528 3225 3595 magister
3260 3529 3312 3581 in
3349 3545 3489 3598 pra:-

1910 3613 2054 3668 seuti
2096 3628 2314 3667 crucem
2357 3614 2731 3683 principatum
2779 3615 3000 3669 dixerit.
3036 3615 3489 3686 Contemplamur

1910 3704 2057 3757 enim
2109 3719 2331 3758 erucem
2353 3703 2661 3759 secundum
2706 3704 2967 3770 formam,
2998 3707 3302 3760 secundum
3339 3723 3487 3761 eom-

1909 3794 2265 3865 positionem,
2306 3794 2613 3850 secundum
2663 3796 2901 3865 partium
2950 3796 3363 3866 proprietatem,
3395 3814 3484 3852 se-

1908 3886 2148 3941 cundum
2183 3887 2477 3950 actionem,
2531 3886 2833 3941 secundum
2879 3887 3016 3941 alias
3058 3889 3257 3944 multas
3282 3890 3487 3960 cogita-

1911 3977 2125 4031 tionum
2175 3978 2441 4042 rationes,
2496 3993 2633 4048 quas
2675 3978 2768 4048 qui
2824 3993 2913 4032 res
2961 3979 3178 4034 divinas
3233 3992 3483 4050 spectare

1908 4078 2091 4123 amant
2148 4054 2435 4139 percipere
2474 4076 2728 4141 possunt.
2768 4068 2946 4139 Atque
2986 4072 3225 4139 primum
3261 4072 3483 4141 quidem

1909 4160 2214 4215 secundum
2262 4150 2516 4225 formam,
2559 4164 2642 4217 vel
2698 4170 2758 4216 ut
2802 4175 2925 4233 cum
2973 4179 3109 4218 crux
3154 4172 3481 4234 potestatem

1908 4267 2031 4321 qua:
2078 4252 2358 4315 universa,
2406 4261 2512 4307 tam
2555 4269 2676 4322 quae
2708 4269 2871 4324 supra
2900 4271 3062 4325 quam
3093 4271 3214 4325 qua:
3249 4255 3387 4311 infra
3428 4265 3484 4311 et

1908 4357 2030 4411 quae
2045 4342 2113 4397 ad
2134 4351 2365 4412 utraque
2383 4345 2554 4398 latera
2574 4345 2688 4399 suis
2708 4360 2939 4415 qumque
2960 4347 3212 4401 terminis
3236 4364 3485 4417 compre-

1908 4433 2105 4488 hendit
2146 4433 2456 4504 signiﬁcat;
2508 4435 2808 4489 secundum
2842 4436 3296 4505 compositionem
3326 4453 3479 4499 vero,

1906 4525 2059 4578 velut
2101 4540 2227 4579 eum
2260 4526 2557 4580 essentiam
2593 4533 2648 4580 et
2677 4527 3078 4596 providentiam
3107 4535 3161 4581 et
3184 4528 3477 4597 judicium,

1909 4617 1963 4672 id
1996 4627 2078 4673 est
2108 4617 2581 4672 manifestationes
2612 4632 2824 4684 earum,
2851 4619 3201 4687 sapientiam,
3231 4619 3476 4687 inquam,

1908 4709 2349 4779 etcognitionem
2385 4716 2440 4764 et
2471 4709 2729 4763 virtutem
2753 4710 3038 4777 potestatis
3063 4708 3479 4762 universitatem

1908 4792 2243 4854 moderantis
2286 4800 2534 4863 denotat,
2578 4800 2871 4853 essentiam
2923 4790 3145 4869 quidem
3176 4807 3230 4853 et
3259 4799 3479 4868 sapien-

1910 4889 2037 4941 tiam
2068 4897 2127 4941 ut
2148 4887 2426 4941 factricem
2450 4903 2549 4957 per
2568 4897 2810 4942 erectam
2831 4888 3054 4952 lineam,
3077 4887 3479 4956 providentiam

1905 4984 1961 5031 et
1981 4975 2351 5045 cognitionem
2378 4983 2438 5029 ut
2464 4976 2925 5031 conservatricem
2952 4992 3051 5045 per
3072 4976 3477 5045 obliquitatem,

1900 5065 2172 5138 judicium
2221 5065 2459 5135 denique
2506 5076 2562 5120 et
2587 5066 2848 5120 virtutem
2882 5076 2943 5121 ut
2974 5067 3260 5136 pravitatis
3289 5073 3345 5118 et
3379 5076 3481 5119 ne-'

1905 5158 2093 5228 quitire
2135 5157 2606 5227 expugnatricem,
2650 5172 2772 5227 qua:
2803 5173 2865 5212 ea
2921 5173 3043 5227 quae
3090 5156 3228 5211 facta
3254 5165 3310 5210 ct
3340 5170 3483 5210 con-’

2286 5478 2331 5509 ⁸⁹
2365 5476 2645 5531 Articulus
2692 5476 2925 5531 debetur
2976 5474 3231 5529 secundis
3262 5472 3475 5527 librarii

321 5308 345 5336 ι
365 5293 466 5349 lsa.
499 5309 573 5358 ix,
603 5295 636 5350 6

1496 5384 1727 5440 VARi/E
1768 5382 2170 5439 LECTIONES.

318 5481 363 5563 ’ξ
394 5479 451 5536 Si
472 5480 698 5558 scheda?
727 5495 837 5534 non
869 5479 1081 5543 fallunt,
1106 5478 1227 5533 cod.
1268 5476 1410 5533 Gud.
1456 5476 1621 5530 habet
1652 5475 1830 5529 αὐτῶν
1860 5491 1959 5545 pro
1994 5476 2178 5531 αὑτοῦ.

238 5564 410 5607 curis.

312 5665 418 5735 (:20)
449 5665 598 5721 Idem
625 5665 749 5719 ibid.
788 5679 906 5746 cap.
949 5664 1003 5729 2,
1036 5679 1088 5733 p.
1122 5663 1244 5725 664,
1280 5671 1410 5717 tom.
1446 5660 1622 5731 i0pp.
1658 5659 1745 5715 ed.
1780 5657 1985 5714 Bened.
