3938 6192
481 230 619 330 i283

1676 262 1737 323 S.
1772 259 2059 321 ΜΑΧΙΜΙ
2100 260 2609 324 CONFESSORIS

3610 265 3754 334 1285

471 395 689 442 servata
712 396 845 447 sunt
870 386 936 441 ad
971 386 1218 455 ipsorum
1244 383 1582 454 principium
1626 389 1794 452 atque
1827 396 2049 436 causam

2161 380 2439 449 ὄψιτενοῢς
2469 383 2735 455 γραμμῆς
2771 384 2860 453 τὸν
2892 385 2978 439 ἀεὶ
3004 385 3267 451 ὡσαύτως
3298 387 3490 458 ἔχοντα
3523 392 3620 442 καὶ
3646 391 3747 453 τῖς

471 480 761 549 astringat,
796 494 895 549 per
924 488 1135 544 totum;
1170 477 1475 533 secundum
1512 476 1750 546 partium
1798 475 2052 546 proprie-

473 579 663 633 tatem,
701 586 823 624 cum
850 586 949 641 per
974 580 1215 626 erectam
1239 570 1466 640 quidem
1499 569 1701 622 lineam
1732 568 1926 631 Deum,
1956 567 2051 637 qui

470 678 690 734 semper
716 665 824 719 sibi
847 673 1063 720 constat
1093 665 1426 734 propriaque
1460 663 1742 719 soliditate
1769 676 2050 729 nunquam

468 756 698 820 excidit,
733 764 961 826 propter
992 757 1246 810 stabilem
1282 766 1337 811 et
1368 754 1772 810 immutabilem
1813 753 2053 806 colloca-

471 846 705 911 tionem,
754 864 853 918 per
891 849 1280 918 obliquitatem
1332 864 1467 901 vero
1520 857 1690 901 totam
1726 847 1822 900 Dei
1860 845 2055 901 condi-

473 941 677 995 tionem
702 942 909 1010 ubique
940 957 1263 1010 suspensam
1290 957 1423 995 crux
1456 940 1749 1010 signiﬁcat,
1798 955 1918 1007 quae
1946 938 2050 991 alia

469 1034 807 1088 exsistentiaa
831 1034 1101 1103 principia
1126 1042 1221 1087 aut
1256 1028 1675 1087 fundamentum
1700 1043 1855 1085 extra
1881 1032 2050 1084 Deum

472 1139 578 1177 non
649 1124 847 1184 habet;
906 1125 1214 1178 secundum
1274 1125 1544 1178 actionem
1605 1124 1865 1194 denique,
1926 1139 2051 1177 cum

470 1232 661 1270 eorum
710 1216 801 1285 qui
845 1217 995 1270 cruci
1023 1216 1199 1270 suﬂixi
1228 1224 1359 1270 sunt
1393 1215 1791 1270 inactivitatem
1821 1223 1875 1268 et
1906 1230 2053 1267 mor-

472 1308 829 1362 tiﬁcationem
871 1308 1136 1373 denotat;
1187 1324 1296 1377 quo
1342 1307 1825 1376 contemplationis
1865 1305 2048 1371 modo,

472 1400 552 1452 uti
596 1400 729 1452 mihi
772 1400 1014 1462 videtur,
1043 1400 1330 1469 prophetae
1357 1415 1505 1453 nunc
1544 1400 1756 1453 dictum
1791 1400 2052 1468 magister

470 1490 709 1558 excepit.
738 1489 1212 1554 Quemadmodum
1248 1490 1414 1559 igitur
1441 1490 1875 1558 uniuscujusque
1901 1489 2049 1558 prin-

472 1580 688 1649 cipatus
736 1582 1020 1645 (convertit
1084 1582 1229 1635 enim
1278 1573 1346 1634 de
1385 1582 1590 1636 nostris
1636 1581 1803 1635 rebus
1861 1588 2051 1650 petere

470 1673 719 1741 exempla
756 1672 959 1740 quibus
993 1672 1280 1726 veritatem
1316 1688 1501 1726 rerum
1534 1687 1898 1741 supernarum
1928 1686 2055 1738 pro-

468 1763 685 1832 bemus)
716 1763 967 1833 quaedam
1007 1772 1137 1818 sunt
1173 1764 1408 1833 insignia
1434 1764 1636 1832 quibus
1656 1763 1750 1831 qui
1776 1762 2054 1830 accipiunt

468 1855 727 1909 omnibus
758 1864 1058 1909 noscantur
1079 1855 1225 1925 quod
1260 1856 1400 1910 alter
1422 1855 1644 1924 quidem
1665 1872 1813 1909 nunc
1834 1855 1902 1909 ab
1927 1870 2052 1925 rege

469 1956 653 2002 teneat
702 1948 1109 2018 magistratum,
1158 1949 1237 2003 uti
1289 1949 1509 2017 praasidi
1560 1957 1689 2002 sunt
1736 1962 1876 2018 quos
1912 1946 2052 2001 diei-

465 2054 593 2094 mus
631 2039 892 2103 codicilli,
925 2040 1064 2093 alter
1098 2054 1230 2093 vero
1260 2039 1434 2106 illum,
1462 2040 1542 2094 uti
1592 2041 1853 2103 duciano,
1887 2054 2051 2109 quem

467 2131 727 2196 dicimus,
778 2132 991 2203 gladius
1040 2131 1255 2203 insigne
1300 2141 1405 2198 est,
1436 2140 1602 2202 atque
1634 2132 1759 2187 aliis
1789 2131 1894 2186 alia
1924 2138 2053 2186 sunt

465 2225 724 2295 insignia,
767 2241 890 2295 qua:
923 2224 1026 2295 ipsi
1078 2225 1148 2279 ab
1200 2239 1324 2295 rege
1371 2224 1653 2294 accipiunt
1699 2223 2052 2294 propriisque

405 2322 409 2327 '
464 2314 724 2389 manibus
750 2313 1071 2383 praeferunt,
1100 2329 1227 2369 cum
1255 2324 1440 2368 autem
1473 2313 1639 2368 domo
1665 2313 2049 2384 egrediuntur,

464 2408 788 2464 domesticis
820 2406 1048 2463 tradunt
1075 2406 1347 2478 portanda
1374 2406 1639 2471 servitiis,
1680 2407 1736 2460 in
1759 2405 1909 2460 hunc
1931 2420 2053 2460 mo-

463 2501 596 2556 dum
635 2500 802 2556 etiam
835 2500 1102 2555 Dominus
1129 2509 1320 2555 noster
1362 2498 1526 2555 Jesus
1562 2497 1820 2554 Christus
1858 2497 2054 2552 huma-

461 2594 655 2648 nitatis
678 2597 941 2663 respectu'
954 2591 1167 2663 proprii
1194 2591 1352 2662 regni
1374 2590 1627 2662 symbola
1649 2606 1871 2645 crucem
1896 2604 2051 2644 suam

463 2683 677 2753 accepit
707 2691 763 2738 et
809 2698 1067 2754 egressus
1110 2682 1165 2736 in
1200 2682 1456 2737 humeris
1480 2682 1745 2752 portavit,
1786 2681 2052 2751 primum-

463 2789 573 2845 que
632 2773 747 2844 ipse
788 2773 1076 2845 bajulavit,
1129 2772 1331 2826 deinde
1375 2772 1538 2827 alteri
1601 2772 1776 2837 dedit,
1834 2772 1936 2826 hac
1993 2786 2052 2825 re

464 2867 783 2939 signiﬁcans
838 2883 966 2922 cum
1017 2866 1105 2922 cui
1159 2866 1456 2937 imperium
1519 2866 1816 2921 mandetur
1850 2866 2051 2921 debere

461 2962 705 3031 primum
748 2962 945 3031 praeire
973 2963 1055 3015 eis
1077 2960 1173 3029 qui
1207 2975 1274 3015 eo
1303 2959 1543 3029 imperio
1571 2959 1849 3014 ducantur
1877 2969 2044 3029 atque

2155 476 2365 540 οἰκείας
2406 477 2772 547 μονιμότητος
2816 477 3070 547 οὐδαμῶς
3112 481 3464 550 ἐξιστάμενον
3515 482 3609 534 διὰ
3647 483 3746 551 τὴν

2158 567 2436 638 σταθηραν
2467 569 2559 621 καὶ
2588 569 2990 641 ἀμετακίνητον
3023 566 3239 641 ἵδρυσιν
3262 573 3396 625 Θεὸν
3435 574 3485 625 ὁ’
3509 575 3747 642 σταυρές

2116 672 2134 688 '
2156 658 2327 728 δηλοῖ,
2362 660 2449 712 διὰ
2476 662 2533 713 δὲ
2563 661 2662 731 τῆς
2691 663 2992 732 ἐγκαρσίας
3022 663 3120 732 τὴν
3150 663 3369 717 ἃπασαν
3401 665 3581 718 κτίσιν
3607 665 3747 717 Θεο]

2157 753 2440 815 παντελῶς
2479 755 2800 825 ἡρτημένην
2848 756 3148 827 ὑποφαίνῃ,
3202 757 3363 821 ἄλλας
3417 759 3597 828 ἀρχὰς
3654 758 3747 811 το]

2156 840 2297 898 εἷναι
2339 844 2475 897 Θεοῦ
2518 846 2686 916 χωρὶς
2723 848 2755 917 ἢ
2790 846 2947 915 βάσιν
2977 850 3075 900 οὑκ
3109 847 3336 918 ἔχουσαν
3374 867 3389 879 ·
3433 850 3560 903 κατ’
3591 851 3748 920 ἐνέρ-

2154 954 2307 1005 γειαν
2350 938 2427 1003 δὲ,
2485 940 2613 992 ὅταν
2686 940 2795 992 τῶν
2858 941 2951 994 ὑπ’
3016 941 3161 1011 αὑτῷ
3227 945 3593 1014 πηγνυμένων
3653 946 3749 1015 τὴν

2155 1030 2429 1101 ἀπραξίαν
2482 1030 2633 1100 δηλοῖ
2664 1032 2758 1084 καὶ
2787 1032 2881 1103 τὴν
2921 1032 3213 1104 νέκρωσιν,
3250 1037 3373 1089 καθ’
3410 1039 3599 1092 ὅντινα
3626 1041 3750 1109 τρό-

2156 1143 2255 1177 πον
2288 1125 2522 1194 θεωρίας
2556 1125 2672 1183 νῦν.
2704 1125 2779 1187 ὡς
2821 1122 2996 1195 οἷααι,
3034 1128 3124 1180 τὸν
3157 1131 3494 1199 προφητικὸν
3538 1135 3569 1185 6
3599 1133 3724 1186 διδά

2158 1216 2355 1280 σκαλος
2388 1216 2643 1288 ἐξείληςεε
2675 1218 2855 1286 λόγον.
2902 1220 3115 1291 Ὤρσπερ
3151 1217 3243 1274 οὖν
3288 1223 3530 1291 ἑκάστης
3568 1226 3749 1294 ἀρχῆς

2157 1309 2342 1377 (καλὸν
2376 1310 2487 1381 γὰρ
2523 1314 2635 1373 τοῖς
2680 1311 2805 1390 καθ’.
2840 1312 2987 1380 ἡμᾶς
3018 1312 3428 1382 παραδείγμασι
3456 1316 3572 1367 τῶν
3602 1316 3752 1386 ὑπὲρ

2156 1401 2304 1470 ἡμᾶς
2357 1402 2702 1471 πραγμάτων
2762 1401 3106 1468 ἐνδείξασθαι
3150 1403 3245 1474 τὴν
3292 1404 3575 1475 ἀλήθειαν)
3646 1410 3754 1459 εἰσὶ

2157 1491 2448 1559 σήμαντρά
2475 1509 2595 1543 τινα
2635 1490 2703 1544 δι’
2736 1485 2811 1543 ὧν
2850 1493 2899 1542 οἱ
2932 1492 3305 1561 λαμϐάνοντες
3352 1495 3573 1565 ἔκδηλοι
3615 1502 3754 1552 πὶτι

2155 1582 2395 1651 γίνονται
2441 1584 2522 1636 ὅτι
2553 1586 2580 1636 6
2615 1584 2712 1652 μὲν
2742 1575 2911 1654 τήνδε
2953 1584 3129 1657 ἀρχὴν
3158 1590 3311 1658 παρὰ
3339 1589 3436 1641 τοῦ
3478 1590 3755 1656 βασιλέως

2156 1674 2401 1744 εἴληφεν,
2428 1669 2539 1728 οἷον
2571 1676 2599 1726 ὀ
2629 1675 2813 1746 ἄρχων
2838 1678 2961 1739 τοὺς
2985 1677 3308 1747 λεγομένους
3338 1679 3525 1751 (213
3555 1688 3616 1747 α)
3649 1700 3757 1735 κω-

2162 1767 2453 1831 δικίλλους,
2501 1769 2529 1820 6
2555 1768 2611 1822 δὲ
2641 1768 2731 1822 διὰ
2757 1769 2850 1821 τοῦ
2896 1769 3085 1837 ξίφους
3107 1771 3207 1840 τὴν
3234 1770 3539 1843 λεγομένην
3563 1773 3750 1828 66th-

2162 1860 2257 1931 νὴν
2276 1860 2344 1926 ³ο,
2372 1862 2465 1914 καὶ
2492 1862 2650 1925 ἄλλος
2674 1862 2839 1934 ἄλλην
2862 1863 2951 1917 διά
2981 1880 3127 1926 τινος
3152 1854 3342 1935 ἑτέρου
3374 1866 3753 1936 συνθήματος,

2164 1953 2259 2006 καλ⁹
2294 1953 2449 2024 παρὰ
2489 1953 2589 2024 μὲν
2611 1953 2704 2007 τοῦ
2739 1954 3006 2024 βασιλέως
3048 1955 3202 2009 αὐτοὶ
3235 1956 3485 2027 δέχονται
3519 1957 3625 2011 καὶ
3663 1960 3755 2027 9.4.-

2165 2058 2318 2113 ρουσι
2359 2042 2518 2094 τοῦτο
2554 2045 2676 2105 ταῖς
2726 2042 2886 2106 ἰδίαις
2920 2044 3132 2115 χερσὶν,
3178 2044 3491 2110 ἐξελθόντες
3540 2048 3602 2100 δὲ
3637 2052 3751 2112 τοῖς

2159 2130 2382 2194 οἰκείοις
2397 2130 2600 2185 διδόασι
2616 2130 2777 2185 τοῦτο
2793 2131 3061 2203 κομίζειν,
3091 2135 3281 2188 τοῦτον
3306 2134 3400 2189 τὸν
3416 2137 3627 2206 τρόπον
3660 2140 3751 2191 καὶ

2160 2220 2189 2272 6
2220 2220 2497 2291 Δεσπότης
2525 2220 2685 2290 ἡμῶν
2727 2222 2936 2291 Ἰησοῦς
2959 2224 2986 2274 6
3030 2224 3268 2295 Χριστὸς
3302 2227 3442 2280 κατὰ
3485 2228 3593 2300 τὴν
3639 2230 3753 2282 ἐςτί-

2163 2330 2312 2367 νοιαν
2338 2307 2440 2382 τῆς
2471 2311 2569 2366 ἀνθ
2579 2312 2891 2384 ρωπότητος
2914 2312 2983 2367 τὰ
3013 2314 3260 2386 σύμϐολα
3282 2318 3380 2386 τῆς
3409 2319 3547 2383 ἰδίας
3574 2321 3754 2391 ἀρχῆς

2160 2405 2251 2458 τὸν
2279 2405 2447 2459 αὑτοῦ
2486 2406 2717 2477 σταυρὸν
2752 2406 3043 2479 δεξάμενος
3068 2410 3159 2462 ἐπὶ
3184 2410 3292 2462 τῶν
3332 2410 3501 2481 ὤμων
3523 2412 3754 2481 ἐξῆλθεν

2166 2497 2328 2568 ἔχων,
2361 2498 2577 2569 πρῶτος
2606 2499 2769 2563 αὐτὸς
2795 2500 3100 2570 βαστάσας,
3135 2499 3328 2555 ἔπειτα
3351 2503 3541 2556 τοῦτον
3572 2506 3752 2576 ἑτέρῳ

2158 2591 2307 2654 δοὺς,
2342 2590 2431 2643 διὰ
2465 2590 2671 2645 τούτων
2701 2593 2986 2663 ἐμφαίνων
3015 2594 3100 2646 ὅτι
3133 2592 3216 2646 δεῖ
3243 2592 3336 2647 τὸν
3365 2594 3541 2664 ἀρχὴν
3572 2597 3756 2666 ἐγχει-

2162 2681 2450 2752 ριζόμενον
2472 2681 2690 2752 πρῶτον
2722 2682 3082 2754 καθηγεῖσθαι
3119 2682 3229 2735 τῶν
3256 2682 3323 2735 δι’
3357 2683 3531 2753 αὑτῆς
3553 2686 3756 2754 ἀγομέ-

2160 2791 2266 2827 νων
2292 2775 2389 2827 καὶ
2411 2774 2734 2844 ἀντέχεσθαι
2764 2775 2872 2827 τῶν
2906 2776 2997 2828 ὑπ’
3021 2774 3194 2845 αὑτῆς
3217 2775 3757 2845 ὑττειγορευομὲνοον1η

2161 2867 2326 2936 (οὕτω
2362 2867 2473 2939 γὰρ
2500 2866 2565 2920 ἂν
2604 2866 3013 2938 εὑπαράδεκτος
3050 2868 3110 2919 ὲν
3145 2867 3267 2930 ταῖς
3307 2867 3619 2937 ὑποθήκαις
3661 2885 3754 2937 γει

2157 2959 2553 3029 νήσηται),κα“ι
2590 2959 2714 3012 τότε
2763 2958 3131 3031 προστάσσειν
3170 2962 3283 3021 τοῖς
3324 2959 3755 3031 ἐγχειρισθεῐσιν

463 3054 612 3109 tueri
658 3070 755 3109 eos
786 3053 881 3124 qui
929 3052 1010 3108 illi
1050 3053 1388 3108 addicuntur
1424 3051 1523 3124 (ita
1553 3052 1704 3107 enim
1728 3052 1899 3122 jussis
1934 3053 2053 3122 ejus

2162 3052 2311 3121 αὑτῴ
2336 3052 2437 3122 τὴν
2470 3050 2781 3119 ταυτότητα
2807 3050 2963 3121 δρᾷν.
2998 3051 3063 3103 Εἰ
3100 3049 3156 3103 δὲ
3200 3052 3260 3104 τὸ
3300 3052 3618 3123 σήμαντρον
3656 3055 3759 3122 τῆς

463 3154 520 3213 et
543 3146 1033 3201 adhortationibus
1063 3145 1325 3200 lubenter
1353 3143 1675 3215 parebunt),
1699 3160 1763 3199 ac
1795 3145 2057 3213 deinceps

465 3254 564 3294 cos
612 3239 709 3309 qui
758 3237 866 3293 sibi
930 3236 1174 3291 mandati
1238 3246 1370 3290 sunt
1418 3236 1566 3291 idem
1602 3234 1784 3290 facere
1835 3235 2054 3305 jubere.

466 3328 625 3397 Quod
650 3330 693 3384 si
718 3328 934 3383 Domini
964 3329 1139 3384 nostri
1170 3329 1301 3384 Jesu
1333 3326 1539 3383 Christi
1590 3327 1806 3398 insigne
1839 3328 2057 3397 imperii

466 3438 602 3477 crux
628 3432 734 3487 est,
763 3437 925 3491 quam
972 3423 1027 3475 in
1065 3420 1313 3479 humeris
1341 3420 1633 3491 bajulavit,
1666 3420 1810 3475 scire
1839 3428 2059 3490 oportet

466 3514 597 3584 quid
628 3530 726 3583 per
753 3529 850 3567 eos
878 3510 1220 3580 signiﬁcasse
1250 3512 1483 3581 cupiens
1528 3522 1638 3565 tam
1683 3514 1912 3583 mystice
1942 3511 2059 3566 haec

467 3602 809 3673 disposuerit
857 3611 1024 3672 atque
1074 3601 1427 3657 sustinuerit.
1483 3600 1873 3673 Symbolorum
1901 3603 2056 3671 gnari

466 3696 758 3750 humerum
780 3695 974 3749 dicunt
990 3696 1229 3750 actionis
1252 3711 1374 3750 esse
1393 3694 1810 3759 documentum,
1837 3710 2058 3751 erucem

466 3806 599 3845 vero
624 3789 1114 3859 impassibilitatis,
1139 3797 1330 3859 utpote
1362 3788 1789 3843 mortiﬁcatione
1816 3787 2057 3843 allicien-

468 3889 601 3936 tem.
647 3879 744 3935 llis
788 3880 960 3950 igitur
994 3880 1307 3950 aenigmatis
1346 3879 1616 3933 Dominus
1661 3888 1856 3933 noster
1893 3890 2058 3949 atque

468 3973 652 4036 Deus,
703 3980 939 4040 utraque
979 3978 1275 4025 exsecutus
1328 3986 1564 4039 quorum
1610 3979 1741 4026 sunt
1768 3972 2059 4043 tenigmata

472 4064 750 4135 (actionis,
776 4062 1023 4131 inquam,
1044 4069 1098 4117 et
1119 4062 1629 4134 impassibilitatis‘),
1656 4080 1721 4118 ne
1749 4065 1895 4119 actio
1920 4081 2059 4119 vana

471 4156 650 4226 gloria
691 4153 1066 4224 perimeretur
1097 4167 1192 4207 eas
1225 4152 1498 4209 indicavit
1535 4155 1774 4210 virtutes
1802 4173 1902 4226 per
1924 4173 2061 4227 quas

474 4262 708 4301 munere
750 4260 851 4300 suo
894 4245 1220 4314 perfunctus
1254 4247 1326 4302 sit
1350 4262 1451 4316 pro
1480 4247 1563 4301 eis
1584 4248 1677 4317 qui
1707 4248 1763 4301 in
1791 4249 2060 4319 obsequio

471 4338 579 4393 sibi
618 4353 682 4393 ac
728 4336 834 4392 ﬁde
868 4338 1124 4401 haberet,
1170 4337 1289 4394 fere
1330 4340 1482 4393 clara
1526 4339 1837 4394 vociferans
1881 4357 2054 4396 voce:

2159 3145 2252 3198 τοῦ
2317 3145 2526 3214 Κυρίου
2580 3143 2736 3214 ἡμῶν
2790 3142 2967 3213 Ἰησοῦ
3024 3142 3265 3212 Χριστοῦ
3306 3143 3480 3213 ἀρχῆς
3523 3135 3684 3197 ἔστιν
3730 3147 3758 3198 6

2161 3237 2412 3304 σταυρὸς,
2448 3235 2507 3289 ὂν
2544 3236 2639 3287 ἐπὶ
2667 3235 2775 3288 τῶν
2816 3233 2983 3305 ὤμων
3020 3234 3204 3305 φέρων
3244 3235 3490 3305 ἐκόμισε,
3542 3237 3763 3304 γνῶναι

2160 3328 2408 3399 προσῆκε
2433 3327 2483 3380 τί
2515 3326 2602 3380 διὰ
2627 3325 2833 3379 τούτων
2856 3326 3100 3398 ἐμφῆναι
3120 3326 3443 3397 βουλόμενος
3461 3329 3765 3397 μυστικῶς

2158 3414 2303 3469 οὑτω
2349 3413 2525 3469 ταῦτα
2562 3414 2781 3486 διέθηκέ
2818 3431 2878 3468 τε
2916 3416 3013 3469 καὶ
3035 3415 3348 3484 ὑπέμεινεν.
3372 3417 3546 3469 Φασὶν
3566 3420 3621 3470 οἱ
3650 3419 3766 3471 τῶν

2162 3506 2453 3579 συμϐόλων
2475 3508 2843 3577 ἐπιστήμονες
2877 3505 2968 3559 τὸν
2999 3506 3096 3577 μὲν
3132 3499 3282 3575 ὦμον
3317 3503 3573 3577 πράξεως
3594 3504 3765 3562 ἐἶναι

2159 3604 2481 3672 τεκμήριον,
2510 3603 2601 3655 τὸν
2638 3602 2695 3654 δὲ
2735 3602 2968 3672 σταυρὸν
2998 3601 3293 3664 ἀπαθείας,
3336 3596 3426 3655 οἷα
3474 3604 3761 3672 νέκρωσιν

2162 3693 2515 3764 ἐμποιοῦντα.
2547 3693 2645 3747 Διὰ
2685 3693 2891 3747 τούτων
2917 3689 3010 3747 οὖν
3042 3693 3152 3746 τῶν
3198 3690 3542 3763 αἰνιγμάτων
3580 3695 3613 3746 6
3649 3695 3764 3748 Κὺο

2165 3804 2280 3857 pta;
2321 3786 2482 3856 ἡμῶν
2520 3786 2613 3838 καὶ
2657 3784 2811 3852 Θεὸς,
2862 3785 3151 3855 ἀμφότερα
3190 3784 3473 3851 διεξελθὼν
3517 3785 3636 3838 τῶν
3690 3781 3763 3839 ὧν

2160 3880 2268 3931 εἰσι
2325 3877 2393 3930 τα
2454 3877 2755 3948 αἰνίγματα
2796 3876 3072 3950 (πράξεώς
3111 3877 3169 3929 τέ
3214 3895 3356 3947 φημι
3404 3878 3501 3931 καὶ
3538 3879 3760 3941 τελείας

2163 3970 2479 4035 ἀπαθείας),
2514 3974 2658 4022 ὥστε
2696 3971 2770 4040 μὴ
2804 3968 3286 4041 παραφθείρεσθαι
3322 3970 3414 4023 διὰ
3439 3970 3761 4037 κενοδοξίας

2159 4059 2260 4131 τὴν
2285 4058 2509 4130 πρᾶξιν,
2542 4058 2712 4123 ἔδειξε
2755 4059 2821 4113 δι’
2857 4054 2931 4112 ὦν
2970 4060 3133 4123 αὐτὸς
3188 4060 3601 4130 κατεπράξατο,
3648 4064 3764 4124 ’τοῖς

2163 4153 2447 4223 ὑπηκόοις,
2495 4154 2783 4223 μονονουχὶ
2824 4153 3165 4225 διαπρυσίως
3211 4154 3350 4225 βοῶν
3375 4155 3481 4219 ὅτι,
3522 4174 3542 4207 r
3580 4156 3764 4209 Τοῦτο

2165 4246 2438 4315 σύμϐολον
2469 4246 2704 4315 ὑπάρχει
2726 4246 2826 4315 τῆς
2849 4246 3021 4316 ἀρχῆς
3063 4262 3167 4317 μου
3208 4264 3220 4275 ·
3254 4265 3272 4297 ι
3327 4249 3436 4310 πᾶς
3471 4244 3570 4301 οὖν
3600 4250 3766 4313 ὅστις

2164 4336 2224 4400 ἐξ
2246 4335 2401 4405 ὑμῶν
2436 4334 2847 4405 ἐπιθυμητικῶς
2877 4336 2991 4406 ἔχει
3023 4336 3160 4406 πρὸς
3182 4336 3391 4408 ταύτην
3412 4337 3520 4408 τὴν
3552 4339 3762 4410 ἀρχὴν,

472 4431 589 4486 Hoc
628 4431 938 4502 symbolum
986 4431 1097 4486 mei
1129 4431 1347 4500 imperii
1380 4440 1465 4486 est
1495 4450 1507 4485 :
1537 4432 1855 4502 quicunque
1886 4433 2054 4503 igitur

2162 4426 2618 4496 ἀπαρνησάσθω
2664 4427 2905 4491 ἑαυτὸν,
2951 4426 3050 4480 καὶ
3099 4427 3297 4496 ἀράτω
3344 4428 3449 4481 τὸν
3479 4433 3765 4498 σταυρὸν

472 4522 541 4578 de
560 4523 719 4577 vobis
748 4522 927 4593 diligit
954 4523 1061 4578 hoc
1085 4520 1405 4593 imperium,
1445 4524 1488 4577 is
1521 4540 1576 4577 se
1609 4525 1786 4594 ipsum
1814 4525 2053 4597 abneget,

473 4626 523 4668 et
556 4615 710 4669 tollat
746 4632 951 4669 crucem
997 4632 1151 4669 suam
1198 4625 1246 4668 et
1289 4632 1371 4669 me
1418 4623 1674 4684 sequatur
1718 4624 1769 4679 Υ,
1813 4616 1920 4671 hoc
1974 4628 2058 4672 est

473 4708 747 4762 actionem
793 4707 1111 4777 passionum
1152 4706 1602 4772 interfectricem,
1636 4707 1967 4776 probitatem
2003 4717 2059 4764 et

475 4800 721 4854 animum
786 4799 1079 4854 honestum
1125 4806 1177 4851 et
1215 4797 1285 4853 ab
1332 4798 1483 4852 omni
1524 4798 1736 4853 invidia
1774 4800 2054 4855 liberum:

476 4892 681 4962 quibus
718 4890 910 4946 verbis
967 4889 1239 4961 signiﬁcat
1290 4905 1349 4944 se
1402 4905 1598 4946 omnes
1644 4891 1751 4946 sibi
1802 4893 2059 4949 similiter

478 5000 682 5056 cupere
716 4985 825 5040 hoc
865 4983 1098 5054 imperio
1124 4983 1432 5055 impertire.
1475 4982 1634 5050 Quod
1671 4985 1844 5049 enim,
1883 4986 2057 5043 «Cum

478 5092 648 5133 cruce
689 5077 1036 5144 contollitur,
1073 5095 1091 5127 ι
1134 5076 1273 5130 dicit
1318 5076 1605 5147 magister,
1645 5093 1717 5133 eo
1757 5078 1864 5132 hoc
1900 5080 2065 5135 nobis

478 5169 684 5225 docere
736 5170 979 5234 videtur,
1015 5168 1163 5239 quod
1191 5184 1319 5224 cum
1353 5169 1611 5224 rationali
1652 5171 1938 5227 hominum
1962 5189 2063 5228 na-

480 5270 608 5318 tura
652 5277 754 5333 per
788 5262 1063 5318 actionem
1110 5269 1169 5317 et
1218 5277 1340 5333 quae
1390 5261 1443 5318 ei
1491 5264 1788 5335 conjuncta
1826 5272 1912 5321 est
1963 5266 2068 5320 im-

547 5402 582 5448 !
609 5395 803 5463 Matth.
837 5412 945 5460 xw,
976 5396 1065 5451 24.

2163 4518 2374 4583 αὑτοῦ,
2400 4518 2497 4572 καὶ
2524 4519 2927 4573 ἀκολουθείτω
2946 4536 3070 4587 μοι,
3097 4519 3375 4572 τουτέστιν
3401 4520 3500 4591 τὴν
3538 4538 3762 4594 νεκρω-

2163 4612 2325 4679 «nam
2369 4609 2483 4663 τῶν
2508 4609 2701 4662 παθῶν
2747 4610 2965 4680 πρᾶξιν,
3002 4609 3101 4680 τὴν
3131 4610 3445 4681 ἀγαθότητα
3473 4615 3570 4665 καὶ
3608 4612 3661 4646 ⁸⁸
3703 4615 3765 4667 τὸ

2164 4702 2265 4770 τῆς
2292 4701 2556 4771 ἀφθονίας
2585 4700 2772 4765 καλὸν,
2806 4701 2894 4754 διὰ
2923 4701 3128 4756 τούτων
3175 4704 3457 4773 ἐμφαίνων
3501 4706 3582 4757 ὅτι
3642 4707 3764 4774 γλίο

2166 4811 2319 4867 χεται
2349 4792 2558 4855 πάντας
2585 4793 2788 4862 ὁμοίως
2817 4792 2998 4863 ἑαυτῷ
3022 4793 3229 4865 ταύτην
3268 4796 3764 4865 μεταχειρίζεσθαι

2164 4891 2264 4961 τὴν
2294 4888 2491 4959 ἀρχήν.
2528 4886 2601 4938 Τὸ
2631 4885 2741 4956 γὰρ
2780 4888 2956 4940 εἰπεῖν
2998 4887 3089 4941 τὸν
3132 4886 3391 4957 θεοφόρον
3427 4888 3767 4944 διδάσκαλον

2165 4985 2247 5038 ὅτι
2281 5001 2298 5034 ι
2335 4982 2427 5053 Τῷ
2452 4979 2673 5051 σταυρῷ
2695 4979 3106 5050 συνεπαίρεται,
3149 4999 3168 5032 ι
3217 4975 3373 5053 οἶμαι
3413 4980 3504 5034 διὰ
3544 4981 3769 5036 τούτων

2167 5076 2405 5147 ἔμφασιν
2441 5073 2574 5143 ἡμῖν
2607 5070 2817 5126 τοιάνδε
2843 5070 3125 5141 παρέχειν,
3150 5073 3232 5125 ὅτι
3261 5072 3358 5143 τῆς
3389 5071 3624 5140 λογικῆς
3660 5072 3768 5141 φύ-

2172 5185 2310 5231 σεως
2334 5167 2443 5219 τῶν
2479 5161 2787 5235 ἀνθρώπων
2819 5162 2909 5217 διὰ
2931 5164 3184 5235 πράξεως
3216 5164 3313 5217 καὶ
3334 5164 3435 5233 τῆς
3456 5164 3601 5236 αὐτῇ
3626 5181 3771 5219 συν-

2170 5260 2507 5331 εζευγμένης
2538 5256 2810 5320 ἀπαθείας
2847 5254 3163 5327 ὑψουμένης
3190 5256 3374 5327 (213
3420 5254 3473 5327 ι’)
3517 5257 3697 5321 αὐτὸς
3738 5259 3770 5309 6

1788 5510 2026 5568 vanus
2062 5508 2472 5567 LECTIONES.
2513 5493 2525 5504 '

551 5625 712 5703 “_Cl‘.
746 5626 882 5703 God.
933 5627 1144 5703 The_0d_.
1194 5628 1310 5690 Vll,
1356 5629 1422 5703 4,⁸
1446 5627 1537 5690 30,
1574 5627 1650 5703 de
1681 5643 1834 5701 erog.
1865 5630 2004 5703 _mi_l.
2036 5645 2255 5703 _annon.
2298 5627 2415 5692 XV,
2463 5628 2550 5693 ll,
2600 5631 2683 5703 2,_
2718 5627 2786 5703 de
2855 5633 3037 5703 venat.
3098 5626 3289 5703 fer_ar._,
3340 5626 3433 5703 _Xl,
3470 5629 3569 5697 25,
3608 5632 3671 5703 1,
3706 5637 3775 5694 de

482 5697 755 5769 quadrim.
792 5698 943 5752 brev.
1022 5699 1065 5730 δι
1098 5698 1350 5754 Fortasse
1399 5697 1809 5768 ὑπαγομένωνῖ
1860 5700 1906 5733 ⁸³
1939 5700 2143 5755 Eadem
2174 5714 2368 5755 manus
2412 5697 2800 5769 superseripsit
2826 5700 2967 5751 κατὰ
3000 5698 3054 5752 in
3086 5698 3209 5753 cod.
3239 5698 3378 5754 Gud.
