3938 6192
201 221 357 332 128's

1438 248 1962 319 AMBIGUORUM
1999 252 2255 321 LIBER.

3323 265 3463 333 1286

187 379 429 454 Χριστὸς
470 375 716 450 δηλονότι
759 370 1126 445 συνοδψοῦσθαι
1152 368 1396 439 λέγεται,
1432 365 1713 419 τουτέστιν
1736 366 1769 434 ὴ

1881 367 2315 434 passibilitatem
2363 368 2581 428 sublata
2610 367 2727 444 ipse
2759 368 3021 430 videlicet
3069 373 3321 431 Christus
3351 394 3463 435 una

186 483 247 532 ὲν
271 474 596 544 ἀνθρώποις
633 471 986 543 Χριστοειδὴς
1024 466 1384 529 κατάστασις,
1421 462 1546 516 καθ’
1582 462 1775 533 εἱρμὸν

187 569 283 624 καί
306 564 468 629 τάξιν
509 563 811 633 ὑψουμένη,
847 562 935 615 διὰ
967 559 1221 627 πράξεως
1254 555 1501 618 ἀποθοῦς
1531 555 1610 618 είς
1640 554 1775 606 θεωο

193 659 314 727 ρίαν
368 656 467 725 τῆς
523 654 736 722 φύσεως
782 652 1094 722 γνωστικὴν
1145 651 1238 704 καὶ
1281 648 1389 701 ἀπὸ
1441 646 1646 716 ταύτης
1696 646 1776 707 είς

191 746 518 817 θεολογικὴν
555 742 945 814 μυσταγωγίαν
980 732 1509 810 κινουμένηςὍπερ
1540 735 1777 806 μάλιστά

195 854 287 908 μοι
345 837 594 906 φαίνεται
643 833 818 905 δηλῶν
851 834 879 885 ὁ
933 833 1090 900 ἅγιος
1150 829 1547 902 Ἀρεοπαγίτης
1602 828 1776 897 μέγας

197 926 478 988 Διονύσιος
515 926 571 976 ὲν
615 920 696 986 οἷς
734 938 920 993 φησιν’
984 942 1001 973 ι
1047 922 1191 975 Ἀλλ’
1243 922 1475 990 ἐπείπερ
1523 918 1775 982 εὐταξίας

196 1016 349 1069 ἐστὶν
377 1016 521 1086 ἀρχὴ
553 1015 615 1066 τὸ
643 1014 784 1066 θεῖον
811 1015 982 1083 ἱερᾶς,
1023 1013 1146 1066 καθ’
1186 1015 1253 1083 ἦν
1297 1013 1509 1065 ἑαυτῶν
1547 1010 1779 1078 ἐπιγνώ-

198 1122 363 1173 μονες
395 1106 442 1156 oi
488 1105 622 1173 ἱεροὶ
651 1104 892 1171 γίνονται
922 1105 1062 1168 νόες,
1097 1102 1126 1153 6
1159 1102 1293 1172 πρὸς
1337 1102 1396 1154 τὸ
1437 1102 1639 1153 ὠκεῖαι
1678 1102 1777 1171 τῆς

193 1196 413 1264 φύσεως
452 1196 646 1265 ὁρατὸν
685 1195 1002 1266 ἀνατρέχων
1044 1197 1101 1247 ἐν
1149 1194 1289 1264 ἀρχῇ
1329 1194 1425 1263 μὲν
1450 1194 1595 1257 ὅστις
1644 1194 1777 1246 ποτέ

194 1291 346 1342 ἐστιν
393 1289 553 1353 αὐτὸς
600 1289 824 1358 ὄψεται,
885 1290 980 1341 καὶ
1032 1287 1263 1357 λήψεται
1317 1286 1533 1356 πρῶτον
1573 1287 1637 1339 ἐκ
1679 1286 1777 1355 τῆς

190 1380 331 1451 πρδς
359 1383 421 1435 τὸ
454 1382 571 1448 φῶς
603 1382 945 1444 ἁνανεύσεως
993 1381 1137 1451 ἱερὸν
1175 1378 1349 1448 δῶρον
1376 1394 1388 1406 ·
1445 1379 1475 1431 6
1510 1379 1566 1431 δὲ
1604 1378 1674 1431 τὰ
1708 1382 1780 1431 οἱ·

188 1474 315 1524 κεία
367 1472 546 1534 καλῶς
703 1472 968 1526 ἀπαθέσιν
1016 1467 1317 1537 ὀφθαλμοῖς
1376 1468 1776 1536 ἐπισκοπήσας,

186 1557 300 1611 τῶν
336 1556 606 1626 ἀλαμπῶν
634 1559 732 1627 μὲν
754 1557 1115 1626 ἁποφοιτήσει
1153 1558 1249 1625 τῆς
1293 1554 1517 1622 ἀγνοίας
1569 1554 1775 1624 μυχῶν,

186 1647 287 1714 τῆς
320 1648 380 1700 δὲ
411 1646 547 1699 Θεοῦ
596 1647 936 1716 τελεωτάτης
980 1644 1301 1715 ἐλλάμψεως
1352 1645 1448 1697 καὶ
1500 1644 1776 1715 μεθέξεως

1883 457 2114 522 tollitur,
2141 459 2249 516 hoc
2270 469 2355 516 est
2375 470 2551 517 status
2574 463 2630 517 in
2661 463 2977 519 hominibus
2991 465 3215 520 Christo
3245 468 3462 534 similis,

1878 552 2185 605 secundum
2242 553 2495 608 ordinem
2555 565 2610 609 et
2665 556 2843 625 legem
2901 558 3199 622 exaltatus,
3250 574 3315 614 ac
3368 576 3467 630 per

1878 642 2150 697 actionem
2196 642 2590 714 impassibilem
2629 646 2684 700 in
2729 649 3034 717 gnosticam
3088 658 3303 705 natura
3335 666 3468 705 con-

1880 733 2320 800 templationem,
2344 744 2401 790 et
2428 737 2556 791 inde
2592 737 2649 790 in
2682 737 3046 808 theologicam
3074 742 3464 811 mystagogiam

1877 835 2186 893 promotus.
2226 827 2283 881 Id
2310 829 2456 897 quod
2484 830 2718 883 maxime
2745 831 2877 884 mihi
2909 832 3217 902 signiﬁcare
3246 834 3466 888 videtur

1879 922 2105 970 sanclus
2154 916 2492 987 Areopagita
2534 933 2762 987 magnus
2818 921 3135 992 Dionysrus,
3184 923 3274 976 ubi
3335 926 3413 978 ait
3444 942 3462 979 τ

1886 1025 1904 1057 ι
1934 1005 2041 1061 Sed
2082 1023 2206 1062 cum
2259 1024 2428 1064 sacrae
2472 1009 2777 1079 disciplimc
2814 1013 3145 1082 principium
3194 1016 3341 1070 Deus
3368 1017 3461 1083 sit,
3541 1008 3545 1012 ’

1879 1113 1984 1166 qua
2021 1108 2226 1153 sancite
2268 1112 2482 1155 mentes
2516 1102 2571 1154 in
2620 1102 2703 1155 sui
2739 1103 3042 1160 deveniunt
3070 1110 3460 1176 cognitionem,

1879 1189 2131 1259 quisquis
2155 1192 2221 1244 ad
2245 1191 2474 1245 insilum
2508 1201 2717 1247 natura:
2741 1194 2925 1247 lumen
2961 1198 3282 1258 recurret-it,
3312 1200 3463 1267 prin-

1880 1282 2027 1350 cipio
2071 1283 2295 1351 quidem
2338 1284 2462 1353 quis
2491 1285 2713 1338 tandem
2752 1285 2868 1354 ipse
2900 1287 2969 1341 sit
3006 1288 3121 1356 ipse
3144 1288 3374 1350 videbit,
3405 1299 3463 1344 et

1881 1373 1988 1427 hoc
2022 1374 2260 1442 primum
2291 1376 2527 1444 accipiet
2562 1392 2777 1430 sacrum
2811 1378 2878 1430 de
2914 1394 3009 1431 sua
3059 1378 3123 1431 ad
3157 1380 3335 1433 lucem
3371 1396 3459 1433 ac~

1883 1464 2134 1518 cessione
2178 1481 2418 1518 munus:
2475 1467 2567 1535 qui
2610 1476 2793 1522 autem
2826 1469 3001 1522 oculis
3050 1470 3205 1523 nullo
3258 1470 3458 1524 all'ectu

1882 1554 2117 1608 turbatis
2153 1556 2375 1624 propria
2423 1572 2520 1609 sua
2569 1557 2741 1626 probe
2777 1574 2833 1613 ct
2876 1570 3021 1615 recte
3068 1561 3459 1622 considerarit,
3526 1548 3529 1551 ’

1884 1647 1931 1701 is
1989 1647 2242 1699 obscuris
2281 1649 2604 1716 ignorantia
2646 1649 2876 1703 latebris
2925 1651 3157 1713 relictis,
3206 1652 3301 1705 sed
3361 1652 3458 1705 Dei

186 1739 391 1808 ἀτελὴς
439 1738 513 1790 ὢν
563 1739 724 1803 αὐτὸς
770 1740 869 1791 οὐκ
929 1736 1159 1791 αὐτόθεν
1216 1736 1571 1806 ἐπιθυμήσει,
1633 1737 1771 1790 κατὰ

1881 1735 2297 1806 perfectissimae
2334 1736 2767 1791 ‘illuminationis
2822 1748 2988 1808 atque
3054 1741 3465 1806 communionis

188 1830 371 1901 βραχὺ
402 1830 457 1882 δὲ
484 1829 571 1882 διὰ
592 1829 700 1881 τῶν
725 1828 891 1881 αὑτοῦ
917 1828 1147 1897 πρῶτων
1184 1829 1279 1879 ἐπὶ
1304 1829 1370 1880 τὰ
1398 1828 1477 1880 ἔτι
1509 1828 1769 1899 πρότερα,

186 1922 284 1972 καὶ
307 1918 619 1982 τελειωθεὶς
648 1919 736 1972 ἐπὶ
760 1920 857 1989 τὴν
881 1919 1196 1988 ἀκροτάτην
1217 1918 1520 1989 θεαρχικὴν
1544 1923 1599 1970 ὲν
1624 1919 1773 1982 τάξει

185 2010 285 2063 καὶ
321 2011 482 2080 ἱερῶς
511 2011 873 2081 ἀναχθήσεται
921 2010 1204 2063 κοινωνίαν
1247 2011 1381 2082 (21).
1425 2029 1442 2062 ι
1487 2009 1643 2063 Οὕτω
1675 2012 1773 2081 μὲν

185 2097 280 2154 οὖν
318 2101 705 2172 συνεπαίρεται
748 2101 826 2171 τῷ
861 2101 1086 2172 σταυρῷ¹
1113 2102 1254 2155 κατὰ
1300 2101 1392 2154 τὸν
1448 2102 1624 2170 μέγαν
1679 2101 1773 2154 καὶ

187 2193 458 2264 θεόφρονα
499 2195 691 2248 τοῦτον
733 2194 1050 2248 διδάσκαλον
1096 2195 1162 2249 δι’
1205 2194 1362 2265 ἡμῶν
1401 2197 1459 2249 ὲν
1502 2195 1774 2268 πνεύματι

164 2288 501 2367 ,κατάὺτὺν
537 2288 859 2358 ὑψουμένων
892 2289 920 2341 6
983 2289 1143 2358 μόνον
1195 2286 1443 2357 ὕψιστος,
1502 2287 1589 2342 διὰ
1638 2289 1778 2361 πράη

75 2417 81 2421 -
182 2377 324 2444 ξεως
353 2382 447 2433 καὶ
474 2381 575 2450 τῆς
602 2381 740 2451 αὐτῇ
767 2380 1120 2451 συνημμένης
1150 2380 1424 2445 ἀπαθείας
1455 2383 1537 2444 εἰς
1573 2381 1774 2450 γνῶσιν

181 2471 554 2540 ἑναγομένων,
583 2471 678 2524 καὶ
710 2470 779 2525 δι’
802 2473 1017 2542 ἐκείνης
1052 2474 1109 2524 ὲν
1132 2472 1281 2542 ἁΰλῳ
1307 2471 1384 2543 τῷ
1412 2473 1488 2543 νῷ
1512 2472 1646 2544 πρὸς
1673 2472 1773 2544 τὴν

184 2564 467 2634 μυστικὴν
520 2563 840 2634 θψουμένων
888 2565 998 2618 τῶν
1058 2564 1217 2618 θείων
1278 2565 1513 2635 θεωρίαν
1567 2582 1627 2618 τε
1679 2566 1775 2619 καὶ

182 2655 420 2727 μύησιν,
447 2657 743 2729 προσθήσω
774 2658 831 2710 δὲ
859 2656 1081 2729 θαρρῶν
1108 2658 1192 2711 ὅτι
1226 2657 1319 2712 καὶ
1347 2659 1668 2729 μετουσίαν.

177 3047 292 3108 Ἕκ
356 3050 462 3105 τοῦ
506 3049 693 3105 αὐτοῦ
733 3050 919 3118 λόγου
965 3052 1054 3114 εἰς
1232 3069 1251 3101 ι
1274 3047 1341 3103 '0
1365 3052 1549 3120 λόγος
1581 3056 1777 3124 παχύ-

798 3156 957 3194 νεῖαι
1142 3160 1161 3193 ι

244 3283 293 3336 Π
312 3278 608 3350 αχύνεσθαι
639 3280 666 3331 6
695 3278 854 3346 λόγος
883 3280 1096 3349 εἴρηται
1130 3278 1209 3347 τῷ
1237 3278 1486 3349 θεοφόρῳ
1512 3280 1776 3336 διδασκά-

167 3374 250 3443 λῳ
284 3372 440 3425 κατὰ
468 3370 644 3441 τήνδε,
695 3371 769 3432 ὼς
799 3367 973 3440 οἶμαι,
1024 3368 1122 3440 τὴν
1154 3368 1397 3434 ἔννοιαν,
1441 3370 1474 3440 ἢ
1506 3372 1587 3424 ὅτι
1618 3372 1777 3441 λόγος

169 3462 247 3517 ὢν
311 3462 513 3525 ἁπλοῦς
555 3478 614 3513 τε
666 3461 762 3513 καὶ
801 3462 1128 3528 ἀσώματος,
1184 3459 1279 3510 καὶ
1325 3458 1504 3523 πάσας
1537 3460 1775 3531 καθεξῆς

172 3545 580 3628 πνευματικῶς
610 3556 826 3625 τρέφων
855 3554 951 3616 τὰς
982 3556 1040 3605 ὲν
1067 3548 1283 3623 οὐρανῷ
1316 3553 1465 3615 θείας
1492 3549 1773 3625 δυνάμεις,

170 3653 497 3722 κατηξίωσε
550 3649 645 3702 καὶ
686 3648 776 3700 διὰ
813 3648 913 3717 τῆς
959 3646 1222 3716 ὲνσάρκου
1261 3645 1426 3698 αὐτοῦ
1471 3647 1776 3718 παρουσίας

165 3744 231 3810 ἐξ
280 3743 452 3814 ’ἡμῶν
505 3742 571 3796 δι’
596 3742 741 3812 ἡμᾶς
795 3740 1084 3811 καθ’ήμᾶς
1135 3740 1408 3809 ἁμαρτίας
1454 3743 1623 3810 χωρίς
1665 3756 1773 3794 πα-

165 3837 468 3908 χυνεῒῆναι,
502 3837 595 3888 καὶ
616 3837 747 3905 ἡμῖν
769 3834 1063 3906 προσφυῶς
1088 3835 1292 3900 φωναῖς
1313 3849 1372 3884 τε
1404 3830 1655 3905 (214α)
1682 3834 1774 3887 καὶ

165 3928 598 4001 παραδείγμασι
646 3927 744 3997 τὴν
790 3927 917 3996 περὶ
947 3923 1055 3977 τῶν
1084 3925 1414 3996 ἀπορρήτων
1450 3927 1543 3978 καὶ
1573 3926 1773 3988 παντὸς

165 4024 349 4092 λόγου
389 4022 620 4090 δύναμιν
670 4018 1105 4091 ὑπερδαίνουσαν
1137 4016 1396 4070 ἐκθέσθαι
1423 4017 1774 4072 διδασκαλίαν

168 4117 303 4187 (διὰ
327 4111 655 4182 παραϐολῶν
684 4111 793 4181 γὰρ
821 4111 1038 4181 εἴρηται
1073 4110 1250 4163 πάντα
1273 4109 1654 4180 λελαληκέναι,
1679 4112 1773 4164 καὶ

170 4207 360 4281 χωρὶς
376 4194 691 4275 παραϐολῆς
708 4202 872 4273 μηδὲν
901 4201 1177 4266 διεξιέναι·
1199 4199 1312 4272 (25)
1331 4201 1483 4270 φίλον
1510 4202 1618 4272 γὰρ
1631 4201 1773 4255 οὕτω

171 4303 300 4361 τοῖς
325 4294 667 4358 διδασκάλοις
692 4294 953 4367 χρῆσθαι,
981 4294 1119 4345 ἐπὰν
1144 4293 1192 4344 οί
1215 4293 1481 4363 ἀκροαταὶ
1522 4294 1599 4364 μὴ
1638 4310 1773 4365 παρα

172 4385 527 4444 ακολουθῶσι
570 4387 681 4448 τοῖς
712 4383 1083 4455 πρωτοτύπως
1125 4382 1441 4452 λεγομένοις
1467 4424 1482 4448 ,
1542 4385 1638 4437 καὶ
1692 4387 1771 4449 είς

1802 3137 1850 3198 G

1880 1828 2061 1882 adhuc
2093 1844 2302 1891 exsors,
2327 1829 2493 1899 hujus
2519 1829 2796 1884 desiderio
2821 1840 3016 1900 sponte
3041 1847 3149 1885 non
3170 1831 3461 1897 aﬂicictur,

1881 1921 1978 1975 sed
2026 1922 2229 1975 sensim
2260 1938 2360 1991 per
2397 1923 2581 1991 prima
2613 1938 2712 1976 sua
2740 1922 2806 1976 ad
2838 1923 3022 1992 priora
3064 1924 3231 1977 etiam
3261 1941 3325 1980 ac
3364 1944 3463 1997 po-

1882 2013 2047 2076 tiora,
2087 2021 2143 2067 et
2174 2013 2464 2067 absolutus
2488 2014 2555 2069 ad
2598 2031 2867 2070 summam
2897 2014 3119 2069 demum
3155 2016 3328 2071 divini
3358 2018 3464 2073 im-

1879 2103 2016 2173 perii
2054 2103 2110 2157 in
2137 2102 2335 2157 ordine
2358 2113 2414 2158 et
2440 2115 2625 2159 sancte
2648 2106 2915 2160 evehetur
2948 2107 3412 2166 communionem.
3437 2130 3455 2161 ι

1882 2194 1975 2251 Sic
2008 2196 2175 2265 igitur
2205 2197 2509 2250 secundum
2541 2213 2797 2266 magnum
2836 2206 3001 2268 atque
3033 2199 3281 2257 divinum
3314 2203 3465 2259 hunc

1881 2287 2204 2356 magistrum
2247 2289 2575 2342 contollitur
2617 2304 2742 2343 cum
2783 2302 2949 2345 cruce
2993 2307 3091 2361 per
3118 2308 3220 2347 nos
3248 2292 3305 2347 in
3345 2294 3463 2364 spi-

1880 2377 1991 2432 ritu
2027 2376 2095 2432 ad
2136 2377 2312 2448 ipsius
2340 2380 2516 2434 instar
2542 2380 2809 2435 exaltatos
2842 2382 2994 2437 solus
3027 2398 3297 2449 summus,
3329 2386 3460 2439 dum

1879 2485 1980 2541 per
2028 2471 2307 2527 actionem
2339 2480 2395 2526 et
2431 2488 2554 2542 qua:
2587 2473 2637 2527 ei
2675 2473 2919 2528 adha3ret
2961 2475 3456 2544 impassibilitatem

1878 2577 1982 2617 nos
2034 2563 2090 2616 in
2154 2563 2531 2633 cognitionem
2579 2563 3013 2630 introducimur,
3062 2582 3271 2636 perque
3319 2568 3463 2624 hanc

1879 2652 1936 2707 in
1996 2653 2347 2709 immateriali
2416 2663 2634 2710 mentes
2684 2656 2752 2710 ad
2813 2659 3102 2730 mysticam
3153 2660 3462 2734 exaltamur

1877 2743 2195 2799 divinorum
2253 2747 2787 2816 contemplationem
2842 2759 3009 2819 atque
3054 2742 3493 2818 'initiationem,’

1786 2856 1808 2871 ε
1879 2834 2058 2891 audeo
2103 2835 2310 2893 addere
2347 2837 2517 2892 etiam
2562 2839 3032 2896 communionem.

1884 3060 1972 3116 Ea:
2014 3059 2193 3115 eodem
2232 3074 2492 3126 sermone,
2536 3060 2596 3113 in
2627 3058 2805 3115 illud:
2839 3079 2859 3112 ι
2888 3059 3072 3116 Sermo
3111 3072 3403 3119 crassatur.
3432 3084 3452 3119 ι

1947 3289 2102 3356 Quod
2153 3304 2337 3346 sermo
2363 3297 2668 3354 crassatur,
2703 3289 2927 3346 divinus
2959 3292 3222 3363 magister
3250 3293 3374 3358 hac,
3401 3294 3456 3348 ni

1876 3382 2062 3447 fallor,
2098 3382 2238 3436 dixit
2278 3381 2578 3445 sententia,
2612 3382 2699 3436 vel
2732 3387 2880 3451 quod
2930 3398 3134 3449 sermo,
3169 3400 3293 3438 cum
3328 3385 3459 3439 sim-

1877 3474 2000 3543 plex
2059 3482 2223 3543 atque
2260 3473 2629 3542 incorporalis
2682 3473 2755 3527 sit
2793 3489 3095 3543 omnesque
3142 3489 3207 3529 ex
3260 3476 3456 3531 ordine

1878 3563 2241 3633 spiritualiter
2295 3561 2513 3616 divinas
2560 3562 2615 3614 in
2674 3561 2814 3616 cmlo
2870 3570 3173 3631 potestates
3221 3562 3453 3625 nutriat,

1876 3670 1976 3724 per
2008 3669 2170 3709 suum
2220 3656 2441 3724 quoque
2502 3651 2557 3707 in
2631 3668 2797 3708 carne
2833 3652 3127 3707 adventum
3174 3653 3242 3708 de
3291 3653 3455 3708 nobis

1875 3755 2102 3815 propter
2151 3760 2253 3799 nos
2299 3752 2360 3798 ut
2416 3760 2539 3808 nos,
2576 3744 2688 3799 sed
2734 3746 2854 3799 sine
2904 3752 3154 3815 peccato,
3218 3745 3454 3799 crassari

1875 3837 2136 3908 dignatus
2176 3836 2270 3902 sit,
2318 3836 2591 3904 nobisque
2632 3847 3006 3906 congruenter
3034 3847 3090 3890 et
3140 3836 3369 3890 vocibus
3398 3844 3455 3891 et

1874 3931 2142 3999 exemplis
2188 3944 2465 4000 exponere
2500 3929 2814 3983 doctrinam
2869 3928 2938 3984 de
2990 3928 3161 3983 rebus
3213 3928 3456 3983 infandis

1875 4022 2166 4093 omnisque
2209 4021 2364 4077 verbi
2404 4021 2515 4074 vim
2577 4017 2931 4091 superantem
2969 4020 3270 4091 (parabolis
3306 4021 3453 4075 enim

1876 4114 2115 4169 traditur
2152 4115 2336 4168 omnia
2371 4128 2660 4171 enarrasse
2704 4121 2761 4168 et
2810 4122 2964 4167 extra
3000 4112 3272 4183 parabolae
3317 4112 3457 4182 ﬁgu-

1875 4219 1995 4258 ram
2038 4219 2152 4258 non
2192 4203 2495 4274 quidquam
2545 4203 2904 4271 explanasse;
2948 4218 3159 4256 amasse
3202 4203 3347 4257 enim
3380 4202 3454 4258 ita

1875 4295 2165 4365 discipulis
2210 4295 2324 4349 suis
2370 4295 2471 4359 uti,
2528 4294 2751 4363 quando
2795 4294 3078 4348 auditores
3112 4295 3459 4364 originaliter

1874 4387 2025 4442 dicta
2071 4387 2262 4442 minus
2301 4394 2755 4455 assequerentur,
2805 4385 3054 4454 adeoque
3088 4400 3187 4439 eos
3242 4386 3296 4440 in
3337 4400 3428 4440 ser

172 4481 544 4550 συναίσθησιν
575 4478 770 4539 αὐτοὺς
801 4477 955 4545 ἄγειν
982 4476 1090 4530 τῶν
1115 4475 1471 4547 λεγομένων)’
1503 4473 1641 4546 ῆὸτι
1661 4479 1768 4538 τοῖς

1881 4493 2102 4533 menum
2149 4476 2574 4548 intelligentiam
2605 4492 2669 4532 ac
2708 4492 2931 4531 sensum
2976 4474 3279 4545 deducere)
3324 4477 3455 4531 ταγοὶ

170 4572 297 4627 τῶν
324 4571 494 4624 ὄντων
528 4570 720 4623 ἑαυτὸν
749 4568 817 4621 δι’
840 4570 986 4638 ἡμᾶς
1016 4569 1344 4639 ἀπορῤήτως
1373 4566 1659 4636 ἐγκρύψας
1685 4566 1770 4620 λό-

174 4680 306 4734 γοις
322 4662 599 4731 ἀναλόγως
623 4660 687 4714 δι’
711 4663 943 4714 ἑκάστου
970 4657 1386 4727 τῶνδρωμένων
1409 4656 1481 4718 ὡς
1503 4657 1591 4709 διά
1606 4674 1769 4711 τινων

170 4752 535 4823 γραμμάτων
562 4750 1015 4820 ὑποσημαίνεται,
1041 4748 1161 4810 ὅλος
1186 4750 1242 4800 ὲν
1266 4746 1406 4809 ὅλοις
1432 4747 1546 4816 ἅμα
1564 4746 1769 4818 πληρέ-

177 4861 384 4908 στατος
407 4884 423 4907 ,
484 4843 580 4898 καὶ
625 4843 686 4896 τὸ
734 4839 856 4895 καθ’
893 4840 1126 4893 ἕκαστον
1149 4838 1473 4909 ὁλόκληρος,
1525 4837 1645 4902 ὅλος
1676 4841 1771 4893 καὶ⁸

174 4933 594 5002 ἁνελάττωτος,
653 4935 711 4988 ὲν
761 4935 873 4996 τοῖς
920 4932 1201 5002 διαφόροις
1255 4931 1284 4984 6
1328 4930 1619 5002 ἀδιάφορος
1677 4933 1775 4985 καὶ

176 5026 457 5090 ὡσαύτως
496 5028 583 5080 ἀεὶ
615 5027 753 5098 ἔχων
777 5064 792 5089 ,
848 5026 907 5077 ὲν
937 5027 1051 5087 τοῖς
1082 5020 1357 5086 συνθέτοις
1386 5023 1415 5077 6
1443 5021 1647 5088 ἁπλοῦς
1680 5025 1776 5078 καὶ

174 5116 484 5182 ἁσύνθετος
506 5157 522 5184 ,
579 5120 673 5172 καὶ
726 5119 785 5172 ἐν
811 5119 922 5179 τοῖς
954 5116 1059 5168 ὐπδ
1087 5115 1264 5187 ἀρχὴν
1293 5117 1321 5168 6
1350 5114 1586 5185 ἄναρχος
1606 5155 1620 5181 ,
1677 5116 1772 5168 καὶ

173 5214 210 5266 ὁ
243 5208 478 5282 ἀόρατος
527 5213 585 5265 ὲν
626 5214 738 5275 τοῖς
776 5209 1116 5281 ὁρωμένοις,
1178 5207 1273 5261 καὶ
1321 5207 1379 5260 ὲν
1421 5210 1535 5271 τοῖς
1577 5207 1774 5272 ἁπτοῖς

169 5308 211 5363 ὸ
244 5305 494 5378 ἀναφὴς·
528 5306 562 5379 ἦ
591 5306 672 5359 ὅτι
703 5304 769 5357 δι’
794 5304 970 5373 ἡμᾶς,
1002 5300 1130 5364 τοὺς
1162 5296 1356 5371 παχεῖς
1385 5300 1485 5367 τὴν
1509 5298 1772 5369 διάνοιαν,

175 5399 599 5471 σωματωθῆναί
647 5416 705 5453 τε
757 5398 996 5468 δι’ήμᾶς
1043 5395 1138 5448 καὶ
1177 5393 1471 5465 γράμμασι
1511 5394 1607 5447 καὶ
1641 5392 1772 5446 συλ-

358 5539 384 5606 .)
413 5536 634 5607 Dionys.
667 5536 808 5590 Areo
846 5550 876 5588 a
919 5576 930 5588 .
967 5532 1046 5587 De
1072 5532 1272 5589 Eccles.
1331 5530 1608 5587 Hierarclt.
1644 5545 1766 5601 cap.

358 5609 391 5660 ι.
415 5622 469 5660 n.
508 5607 632 5660 ΠΙ.
658 5549 1000 5660 ωηιῗᾶυο.
1024 5604 1113 5659 ed.
1143 5603 1282 5658 Ven.

911 5620 943 5673 Ρ

271 5536 384 5607 (2L)
413 5536 634 5607 Dionys.
667 5536 808 5590 Areo
846 5550 876 5588 a
919 5576 930 5588 .
967 5536 1046 5587 De
1072 5536 1272 5589 Eccles.

177 5609 248 5677 ²⁷
266 5605 391 5732 (ξέν’
415 5607 571 5732 isi}
580 5549 845 5732 ἰιέιέφὸῗ
862 5549 1282 5732 (ξενιὲἔυῖἕῖ

266 5671 380 5752 (9.2)
415 5671 579 5749 Greg.
608 5676 741 5733 Naz.
767 5673 858 5730 0r.
889 5671 1273 5745 iit—Theophan.
1297 5687 1419 5743 cap.
1463 5671 1518 5741 2,
1545 5686 1602 5743 p.
1638 5671 1763 5739 664,

1877 4570 2024 4641 quod
2067 4569 2124 4624 in
2153 4585 2338 4623 rerum
2377 4584 2501 4640 quae
2538 4566 2997 4622 suntrationibus
3022 4568 3288 4623 ineil'abili
3319 4583 3459 4637 quo-

1876 4661 2000 4715 dam
2045 4660 2211 4715 modo
2242 4668 2471 4731 propter
2508 4675 2609 4714 nos
2634 4675 2754 4713 sese
2786 4658 2964 4728 ipsum
3005 4659 3287 4713 occultans
3320 4673 3458 4713 con-

1876 4762 2139 4826 gruenter
2200 4769 2299 4823 per
2359 4752 2797 4822 unumquodque
2866 4766 3059 4805 eorum
3104 4767 3225 4819 quae
3278 4753 3458 4808 oculis

1876 4845 2138 4900 videntur
2174 4853 2437 4916 tanquam
2476 4861 2576 4916 per
2603 4845 2817 4915 aliquas
2844 4846 3148 4914 scripturas
3182 4844 3458 4913 signiﬁca-

1878 4947 1990 5003 tur,
2032 4945 2182 4993 totus
2215 4937 2273 4991 in
2313 4937 2447 4992 totis
2489 4936 2656 4992 simul
2714 4935 3092 5006 plenissimus,
3139 4945 3195 4990 et
3240 4936 3295 4989 in
3343 4936 3458 4989 sin-

1874 5029 2020 5099 gulis
2068 5027 2382 5100 quibusque
2416 5029 2651 5100 integer,
2700 5033 2852 5082 totus
2888 5035 2945 5082 et
2978 5041 3087 5080 non
3126 5025 3453 5089 diminutus,

1875 5122 1933 5176 in
1978 5120 2214 5177 diversis
2232 5122 2348 5191 ipse
2379 5122 2472 5193 qui
2494 5137 2605 5176 non
2629 5119 2886 5175 diversus
2905 5118 3213 5187 eodemque
3238 5132 3454 5186 semper

1875 5209 2150 5266 exsistens
2193 5209 2383 5277 modo,
2429 5209 2483 5265 in
2533 5208 2856 5279 compositis
2900 5208 2994 5277 qui
3037 5206 3273 5275 simplex
3337 5206 3455 5278 ipse

1877 5309 2042 5372 atque
2069 5301 2491 5373 incompositus,
2524 5310 2582 5356 et
2611 5302 2668 5355 in
2712 5300 2795 5356 eis
2848 5312 2971 5368 quae
3003 5295 3285 5367 principio
3325 5304 3457 5351 sunt

1878 5395 2127 5466 subjecta
2158 5394 2276 5465 ipse
2314 5395 2410 5465 qui
2463 5394 2584 5450 sine
2623 5386 2922 5463 principio,
2961 5400 3019 5445 et
3057 5387 3356 5444 invisibilis
3395 5388 3454 5442 in

1877 5536 2012 5585 tom.
2044 5530 2068 5586 Ι
2104 5527 2245 5600 Opp.
2278 5530 2368 5585 ed.
2399 5529 2605 5587 Bened.

1951 5593 2244 5671 (25)]ᾶὲιῷ
2271 5600 2397 5657 ibid.
2464 5614 2585 5671 cap.
2616 5599 2672 5667 7,
2708 5611 2832 5668 pag.
2883 5596 3011 5665 667,
3063 5604 3196 5652 tom.
3231 5594 3254 5649 Ι
3310 5593 3456 5665 Opp.

1874 5669 2011 5727 edit.
2043 5669 2246 5726 Bened.
