3938 6192
249 294 383 359 ῘΞὫ

1478 282 2006 349 AMBIGUORUM
2044 283 2298 345 LIBER.

3358 281 3494 346 12⁵,ἶο

245 401 705 475 ὑποστήσασθαι,
759 401 983 472 θελῆσαι
1033 400 1127 454 καὶ
1173 399 1362 453 ἑαυτὸν
1405 397 1683 465 ἀναλόγως
1715 399 1822 457 τοῖς

1943 396 2261 449 ibundautia
2296 408 2357 449 ea
2398 408 2518 462 quae
2564 392 2833 449 exsistant
2892 408 2959 447 ex
3010 408 3121 449 non
3177 394 3498 451 exsistentia

242 497 389 560 ὅλοις
438 496 535 549 καὶ
582 494 660 563 τῷ
705 493 829 547 καθ’
863 493 1092 545 ἕκαστον
1141 490 1429 560 ἀχράντως
1480 486 1822 558 μεταδοῦναι,

241 587 347 657 τὴν
378 588 514 655 πρὸς
541 584 603 637 τὸ
628 581 766 637 εἶναι
799 585 892 637 καὶ
919 583 1192 652 διαμένειν
1217 580 1435 649 ἑκάστῳ
1465 579 1826 649 χαριζόμενον

240 679 504 745 δύναμιν,
537 676 678 729 κατὰ
703 674 794 727 τὸν
821 673 974 740 ἅγιον
1005 673 1098 727 καὶ
1124 671 1425 727 θεοείκελον
1455 669 1638 740 (215
1656 670 1710 738 a)
1739 667 1829 736 μέ-

240 783 354 836 γαν
401 763 678 817 Διονύσιον
723 762 815 814 τὸν
849 759 1245 832 Ἀρεοπαγίτην
1292 760 1609 828 φάσκοντα,
1666 756 1728 811 τὸ
1769 755 1827 808 ἓν

242 853 515 927 ὑμνητὲον
549 849 641 904 ἐπὶ
661 850 818 917 Θεοῦ,
851 851 928 921 τῷ
958 850 1177 905 πάντων
1203 847 1641 918 ὑπεξαιρεῖσθαι,
1667 848 1747 908 είς
1767 846 1829 899 τὸ

244 943 390 1001 εἶναι
440 943 737 1015 ἀγαθότητι
788 942 1181 1011 παραγαγόντα
1230 943 1329 1011 τήν
1371 957 1429 993 τε
1473 939 1584 992 τῶν
1620 936 1830 1005 νοητῶν

249 1040 435 1093 πᾶσαν
463 1035 822 1105 διακόσμησιν
860 1035 953 1088 καὶ
982 1034 1080 1104 τὴν
1106 1033 1212 1086 τῶν
1237 1031 1448 1103 ὁρατῶν
1473 1022 1827 1101 εὐπρέπειαν,

253 1130 536 1197 ἀναλόγως
584 1127 801 1196 ἑκάστῳ
850 1126 958 1178 τῶν
1005 1125 1319 1194 κτισμάτων
1354 1124 1495 1176 κατά
1521 1138 1645 1175 τινα
1673 1120 1830 1188 λόγον

252 1220 566 1292 ἀπόρρητον
596 1219 790 1287 σοφίας
819 1215 1108 1287 ἀμειώτως
1134 1215 1485 1286 ἐνυπάρχειν,
1518 1214 1614 1267 καὶ
1641 1212 1831 1283 μηδενὶ

249 1307 399 1377 λόγῳ
427 1307 460 1376 ἦ
492 1306 678 1376 τρόπῳ
702 1299 767 1358 ³ιό
792 1303 1012 1358 σύνολον
1039 1304 1200 1358 πάλιν
1222 1302 1569 1373 κατέχεσθαι,
1596 1305 1707 1366 τοῖς
1733 1302 1832 1373 μὲν

254 1398 398 1453 κατὰ
445 1399 710 1467 περιττὴν
755 1397 1102 1465 ἁγαθόδωρον
1134 1395 1290 1467 χύσιν
1316 1435 1330 1459 ,
1387 1393 1500 1458 τοῖς
1531 1394 1588 1448 δὲ
1629 1393 1831 1463 μέσως,

254 1494 371 1553 τοῖς
415 1490 472 1544 δὲ
525 1491 587 1544 τὸ
641 1489 785 1543 κατά
838 1507 891 1543 τι
942 1488 1072 1557 γοῦν
1128 1485 1481 1554 ἐξεικονίζειν
1532 1486 1694 1540 αὑτὸν
1740 1486 1834 1539 δύο

253 1581 453 1635 νασθαι
477 1580 610 1650 (25).
648 1580 761 1634 Καὶ
786 1579 947 1633 τοῦτο
974 1578 1045 1633 ἂν
1072 1579 1160 1649 εῐη
1186 1580 1370 1650 τυχὸν,
1404 1578 1548 1635 κατὰ
1571 1579 1671 1649 τὴν
1694 1579 1834 1648 ἐμὴν

249 1669 588 1741 ἀφροσύνην,
618 1666 680 1722 τὸ
704 1668 920 1739 χεῖσθαι
947 1667 1011 1720 τὸ
1038 1667 1244 1736 ἀγαθὸν
1274 1666 1369 1720 καὶ
1394 1666 1625 1733 ὁδεύειν,
1656 1665 1719 1741 τδ
1742 1663 1834 1718 τὸν

1927 487 2169 557 proferat
2198 484 2361 555 atque
2392 486 2697 540 subsistere
2735 485 2918 550 faciat,
2954 487 3194 542 voluisse
3253 487 3495 558 scipsunt

1928 594 2148 650 quoque
2172 578 2446 635 universis
2474 578 2869 633 convenienter
2890 586 2946 631 et
2969 578 3200 648 singulis
3226 578 3499 633 illibatum

1928 670 2363 734 communicare,
2399 667 2740 724 exsistentize
2794 669 3096 737 unicuique
3136 677 3193 723 et
3237 671 3498 737 perenni-

1932 762 2062 823 tatis
2098 759 2418 815 facultatem
2451 757 2758 827 largiendo.
2786 756 2946 823 Quod
2968 767 3193 812 sanctus
3218 766 3385 827 atque
3417 758 3503 812 di-

1928 851 2093 915 vinus
2126 850 2218 905 ille
2257 863 2486 919 magnus
2517 848 2810 918 Dionysius
2836 847 3165 917 Areopagita
3188 847 3502 917 signiﬁcare

1928 941 2174 1004 videtur,
2223 939 2418 994 dicens
2468 939 2737 993 unitatem
2771 954 2894 993 esse
2936 938 2991 993 in
3041 940 3154 993 Deo
3198 938 3506 1008 praedicari.

1930 1024 2078 1095 dam,
2120 1030 2251 1085 inde
2283 1029 2431 1099 quod
2476 1028 2542 1082 de
2575 1028 2851 1082 universis
2893 1029 3222 1098 excipiatur,
3275 1028 3370 1096 qui
3405 1027 3503 1082 bo-

1928 1122 2104 1178 nitate
2128 1132 2226 1175 su‘a
2258 1120 2314 1173 in
2333 1117 2710 1173 exsistentiam
2729 1117 3049 1185 produxerit
3072 1132 3291 1172 onmem
3317 1133 3502 1173 rerum

1932 1228 2054 1282 quae
2078 1211 2483 1281 intelliguntur
2507 1207 2783 1271 ordinem,
2824 1222 3056 1276 quaeque
3105 1208 3369 1262 videntur
3407 1225 3504 1264 ve-

1932 1309 2231 1367 nustatem,
2259 1310 2319 1355 ut
2368 1297 2670 1366 unicuique
2714 1306 2983 1352 creaturae
3020 1299 3327 1352 secundum
3365 1299 3505 1354 incf.

1933 1390 2154 1446 labilem
2181 1387 2475 1459 quamdam
2501 1385 2785 1455 sapientiae
2817 1386 3084 1441 rationem
3118 1387 3505 1442 indeminutus

1935 1482 2086 1546 insit,
2121 1490 2177 1535 et
2212 1488 2394 1534 tamen
2441 1478 2595 1532 nulla
2652 1478 2881 1532 omnino
2940 1478 3156 1532 ratione
3198 1489 3299 1533 aut
3344 1479 3510 1534 modo

1936 1586 2128 1627 rursus
2148 1567 2677 1639 comprehendatur,
2708 1576 2876 1637 atque
2900 1568 2989 1623 his
3013 1568 3236 1638 quidem
3264 1569 3331 1624 de
3359 1570 3512 1640 larga

1935 1660 2205 1716 bonorum
2239 1672 2465 1712 suorum
2496 1666 2555 1712 et
2583 1655 2757 1711 effusa
2790 1656 3148 1721 abundantia,
3175 1658 3366 1713 alteris
3399 1673 3514 1713 me-
3613 1714 3629 1725 ,

249 1758 351 1813 ἕνα
396 1760 528 1814 Θεὸν
578 1759 856 1828 ἀναλόγως
904 1758 1041 1829 πρὸς
1080 1757 1149 1811 τὰ
1183 1757 1405 1812 δεκτικὰ
1454 1760 1522 1830 τῇ
1554 1755 1835 1829 μεταδόσει

1943 1749 2228 1814 diocriter,
2262 1747 2388 1804 aliis
2436 1749 2490 1802 in
2546 1755 2764 1803 tantum
2811 1757 2871 1803 ut
2917 1748 3318 1818 aliquantulum
3360 1761 3513 1807 certe

249 1851 363 1903 τῶν
393 1849 617 1919 ἀγαθῶν
651 1848 1036 1919 πληθύνεσθαι.
1072 1866 1091 1899 ι

1944 1841 2121 1912 ipsius
2159 1839 2454 1909 imaginem
2494 1838 2707 1907 referre
2742 1837 2980 1909 possint.
3030 1838 3208 1909 Atque
3253 1841 3360 1897 hoc
3395 1841 3513 1895 for-

253 1950 402 1996 tasse
444 1916 551 2005 est,
588 1948 650 1994 ut
694 1916 827 1995 mea:
867 1938 1092 1993 videtur
1156 1938 1503 2010 ignorantiae,
1549 1936 1681 1992 illud
1714 1916 1861 2005 quod
1899 1933 2108 2006 bonum
2175 1928 2484 1984 eﬂ‘unditur
2516 1937 2572 1983 et
2609 1929 2986 2000 progreditur,
3019 1929 3164 2000 quod
3212 1931 3378 1997 Deus,
3414 1930 3510 2002 qui

252 2050 403 2089 unus
441 2042 547 2098 est,
580 2032 926 2103 prout.quis
971 2047 1141 2103 capax
1181 2040 1286 2098 est,
1330 2032 1605 2087 bonorum
1650 2026 2052 2098 multiplicatur
2105 2021 2632 2081 communicatione.

264 2211 378 2265 Ἐκ·
397 2210 502 2264 τοῦ
527 2208 714 2262 αὐτοῦ
735 2210 946 2292 λόγου,
976 2211 1064 2275 εὶς
1088 2207 1173 2275 τὸ,
1209 2226 1228 2260 ι
1252 2207 1545 2277 Δευτέραν
1573 2207 1842 2262 κοινωνεῖ

326 2301 651 2354 κοινωνίαν
676 2340 691 2366 ,
748 2300 907 2354 πολὺ
953 2299 1063 2369 τῆς
1106 2299 1398 2369 προτέρας
1441 2298 1840 2367 παραδοξοτέ-

320 2410 441 2464 par
467 2393 601 2461 (26).
656 2413 672 2444 ι

331 2484 448 2538 Οὐκ
477 2478 545 2554 ἦν
587 2481 922 2553 θαυμαστὸν,
957 2482 1033 2546 ὡς
1058 2477 1248 2551 οἶμαι,
1300 2478 1582 2542 τοσοῦτον,
1634 2478 1840 2548 καίπερ

253 2571 317 2631 δν
343 2572 685 2646 τηλικοῦτον,
720 2572 782 2626 τὸ
811 2570 952 2625 κατὰ
978 2572 1079 2643 τὴν
1106 2571 1332 2643 πρώτην
1363 2570 1562 2624 πλάσιν
1590 2568 1842 2640 καθαρὰν

250 2663 427 2724 οὖσαν
459 2666 558 2737 τὴν
584 2664 750 2736 φύσιν
776 2663 886 2718 τῶν
912 2663 1249 2736 ἀνθρώπων,
1307 2662 1402 2719 ἅτε
1434 2663 1498 2735 δὴ
1536 2664 1679 2733 χειρὶ⁵
1706 2656 1841 2714 Θεοῦ

250 2756 618 2830 τιμηθείσαν,
671 2754 807 2826 πρὸς
838 2755 1124 2809 κοινωνίαν
1153 2753 1349 2809 ἑαυτοῦ
1375 2753 1462 2809 διὰ
1486 2754 1583 2823 τῆς
1605 2751 1845 2824 ἐμπνεύ-

250 2865 398 2913 σεως
430 2848 659 2916 ἀγαγεῖν
686 2846 782 2899 τὸν
810 2845 943 2898 Θεὸν
968 2884 983 2910 ,
1035 2844 1112 2916 τῷ
1143 2846 1316 2916 ὁμοίῳ
1356 2844 1705 2916 μεταδιδόντα
1736 2843 1837 2914 τῆς

247 2938 378 2992 κατ’
401 2938 585 2992 εἰκόνα
635 2935 787 2999 θείας
823 2923 1187 3006 ὡξωαιότητος,
1236 2935 1358 2989 ὅσον
1398 2933 1459 2988 τδ
1494 2932 1840 3006 ρυπωθεῖσαν

245 3028 462 3096 ταύτην
523 3027 617 3080 καὶ
663 3024 797 3078 Θεοῦ
828 3024 1304 3096 δραπετεύσασαν,
1338 3023 1404 3077 δι’
1430 3016 1504 3078 ὧν
1535 3019 1841 3091 ἀνεμάξατο
1886 3036 1893 3043 ‘

1946 2204 2029 2262 Ex
2055 2204 2231 2258 eodem
2266 2218 2528 2266 sermone,
2578 2202 2633 2255 in
2658 2199 2793 2254 illud
2826 2217 2842 2256 :
2892 2219 2908 2252 ι
2933 2200 3172 2256 Alteram
3218 2201 3520 2262 communiv

2015 2299 2278 2353 cntionem
2312 2296 2684 2359 communicat,
2725 2295 2899 2365 priore
2947 2293 3115 2348 multo
3152 2290 3518 2347 admirabilio-

2014 2406 2143 2443 rem.
2166 2407 2183 2440 ι
2487 2408 2493 2418 “
2858 2368 2867 2383 κ

2012 2479 2134 2536 Non
2164 2478 2238 2533 ita
2280 2474 2666 2532 admirandum
2693 2482 2835 2539 erat,
2873 2483 2937 2529 ut
2973 2481 3128 2544 puto,
3160 2473 3519 2544 quantumvis

1944 2585 2202 2643 magnum
2256 2570 2349 2636 sit,
2409 2569 2556 2639 quod
2595 2569 2739 2624 Deus
2796 2568 3094 2622 humanam
3141 2575 3395 2621 naturam
3450 2565 3519 2621 de

1942 2662 2119 2730 prima
2183 2661 2467 2716 creatione
2525 2674 2747 2730 puram,
2792 2659 2997 2730 quippe
3020 2674 3143 2729 qua:
3205 2657 3303 2713 Dei
3342 2672 3518 2723 manu

1942 2754 2211 2810 honorata
2235 2761 2375 2813 erat,
2408 2752 2475 2806 ad
2507 2752 2589 2806 sui
2637 2733 3083 2806 communionem
3141 2749 3298 2803 duxit
3333 2748 3521 2803 inﬂato

1945 2844 2178 2915 Spiritu,
2212 2858 2398 2914 parem
2424 2843 2608 2897 divina
2645 2842 2900 2913 imaginis
2953 2840 3369 2911 pulchritudine
3421 2840 3524 2895 im-

1941 2937 2206 3008 pertiens,
2239 2949 2404 3005 quam
2433 2934 2580 3005 quod
2612 2934 2886 2989 maculata
2912 2932 3014 2987 hac
3054 2933 3264 3002 Deique
3294 2931 3522 3005 fugitiva

1940 3025 2084 3081 facta
2130 3027 2447 3098 passionum
2523 3025 2989 3096 conspurcatione
3063 3032 3260 3078 natura
3312 3026 3550 3079 versari,

248 3120 451 3176 παθῶν
472 3159 488 3183 ,
531 3119 703 3195 ταύτῃ
738 3117 1137 3188 προσομιλῆσαι
1164 3115 1582 3182 καταδέξασθαι,
1619 3113 1715 3167 καὶ
1744 3111 1835 3165 τοῦ

1948 3118 2195 3183 indulsit,
2231 3118 2545 3188 pejorisque
2567 3117 3016 3172 communionem
3051 3132 3161 3171 non
3215 3116 3519 3183 aversavit,

246 3211 505 3283 χείρονος
537 3211 865 3280 μετασχεῖψ,
925 3209 1017 3263 καὶ
1046 3206 1125 3278 τῷ
1150 3208 1326 3277 πάντη
1361 3208 1471 3259 τῶν
1499 3205 1838 3277 πραγμάτων

246 3307 288 3359 ἀ
301 3303 482 3372 μίκτῳ
504 3304 569 3372 τῇ
595 3298 885 3372 παραδόξῳ
911 3299 1102 3352 ἐνώσει
1123 3299 1534 3377 προσεπιτεῖναι
1555 3297 1615 3350 τὸ
1633 3295 1834 3365 θαῦμα.

246 3395 533 3465 Πρότερον
562 3393 659 3463 μὲν
685 3393 795 3460 γὰρ
825 3392 943 3443 κατ’
969 3390 1158 3443 οὐδένα
1184 3389 1385 3459 τρόπον
1413 3388 1445 3461 ἢ
1472 3387 1629 3456 λόγον
1652 3388 1838 3449 οὐσίας

240 3486 287 3557 ’ἢ
325 3482 694 3543 ὑποστάσεως,
739 3479 847 3533 τῶν
880 3481 937 3531 ὲν
964 3473 1046 3541 οἶς
1077 3477 1145 3531 τὰ
1171 3479 1300 3532 ὄντα
1330 3478 1507 3531 πάντα
1535 3476 1840 3538 καθολικῶς

236 3576 591 3646 θεωρεῖται,
648 3569 709 3622 τὸ
747 3568 805 3621 ἓν
855 3568 992 3639 πρὸς
1032 3568 1124 3620 τὸν
1163 3567 1294 3622 Θεὸν
1342 3569 1374 3638 ἡ
1408 3566 1572 3636 φύσις
1606 3566 1837 3636 εἰλήφει,

247 3665 357 3721 νῦν
409 3662 467 3716 δὲ
520 3660 581 3713 τὸ
630 3658 752 3712 καθ’
794 3657 1092 3711 ὑπόστασιν
1145 3657 1203 3709 ἓν
1251 3656 1387 3727 πρὸς
1418 3656 1582 3711 αὑτὸν
1622 3655 1710 3709 διὰ
1741 3655 1840 3721 τῆς

248 3753 546 3823 ἀφράστου
577 3748 822 3810 ὲνώσεως
854 3745 1012 3799 ἔλαϐε
1034 3787 1049 3812 ,
1104 3745 1195 3800 τὸν
1225 3746 1423 3801 οἰκεῖον
1452 3745 1651 3816 δηλαδὴ
1701 3743 1840 3797 κατὰ

244 3846 363 3917 τὴν
398 3842 588 3897 οὐσίαν
623 3837 1003 3900 ἀναλλοιώτως
1034 3836 1172 3909 πρὸς
1201 3836 1301 3908 τὴν
1331 3837 1481 3890 θείαν
1511 3836 1699 3891 οὐσίαν
1722 3834 1838 3889 διά⁶

253 3952 432 4007 φορον
481 3931 919 4002 διαφυλάττουσα
965 3928 1121 3997 λόγον
1143 3970 1158 3995 ,
1214 3928 1351 3998 πρὸς
1380 3929 1448 3998 ῆν
1482 3927 1592 3998 ἔχει
1624 3927 1711 3981 διὰ
1741 3928 1839 3997 τῆς

253 4027 511 4088 ὲνώσεως
562 4025 623 4077 τὸ
669 4022 791 4076 καθ’
833 4020 1132 4075 ὑπόστασιν
1183 4020 1240 4074 ἓν
1286 4022 1378 4074 καὶ
1408 4020 1700 4092 διάφορον,
1752 4020 1838 4072 ἵνα

257 4117 347 4190 τῷ
377 4118 475 4189 μὲν
508 4115 601 4168 τοῦ
634 4110 774 4167 εἶναι
803 4112 969 4183 λόγῳ,
1012 4111 1135 4165 καθ’
1157 4112 1218 4166 ὃν
1251 4113 1540 4183 γεγένηται
1575 4113 1669 4165 καὶ
1697 4110 1835 4176 ἔστι,

260 4210 510 4278 διαμένοι
535 4206 595 4259 τὸ
619 4204 823 4274 ἑαυτῆς
845 4204 904 4258 ὃν
927 4204 1131 4275 κυρίως
1154 4203 1350 4274 ἔχουσα
1370 4204 1510 4259 κατὰ
1528 4203 1705 4258 πάντα
1723 4202 1840 4273 τρόο

262 4316 369 4357 πον
397 4297 669 4368 ἀμείωτον
693 4335 708 4360 ,
760 4294 838 4365 τῷ
867 4295 925 4349 δὲ
954 4294 1049 4347 τοῦ
1085 4312 1200 4357 πως
1231 4295 1422 4367 (215
1443 4296 1502 4366 b)
1531 4290 1670 4347 εῖναι
1694 4294 1838 4364 λόγῳ

263 4392 330 4444 τὸ
360 4386 658 4457 ὑφεστάναι
688 4386 882 4449 θεῖκῶς
908 4384 1150 4438 λαϐοῦσα
1178 4390 1275 4456 τῆς
1306 4387 1432 4457 περί
1457 4403 1510 4438 τι
1537 4386 1663 4441 ἄλλο
1684 4387 1838 4454 κινή-

1945 3220 2000 3264 ει
2023 3210 2077 3264 in
2132 3224 2260 3263 eum
2300 3223 2475 3278 usque
2522 3208 2617 3279 qui
2673 3208 3023 3279 negotiorum
3076 3207 3281 3277 ubique
3336 3207 3523 3279 dispar

1945 3310 2106 3372 atque
2137 3300 2352 3356 alienus
2378 3308 2463 3355 est
2507 3300 2821 3354 admirabili
2878 3301 3127 3363 unitioue
3163 3299 3399 3356 intendit
3422 3301 3523 3353 mi-

1947 3392 2215 3446 raculum.
2256 3392 2417 3446 Prius
2469 3392 2616 3446 enim
2653 3392 2809 3446 nullo
2848 3392 3010 3446 modo
3037 3402 3132 3446 aut
3174 3393 3389 3447 ratione
3434 3407 3522 3446 e5<

1948 3483 2138 3536 sentiae
2172 3482 2599 3545 substantiagve;
2620 3482 2675 3536 in
2706 3483 2907 3552 quibus
2942 3484 3203 3537 universa
3236 3500 3358 3553 qure
3391 3494 3522 3542 sunt

1947 3570 2274 3641 generaliter
2300 3568 2742 3638 conspiciuntur,
2804 3570 3069 3625 unitatem
3104 3585 3228 3624 cum
3270 3572 3382 3626 Deo
3418 3585 3519 3626 na-

1946 3671 2071 3715 tura
2118 3661 2288 3729 cepit,
2311 3674 2459 3713 nunc
2488 3674 2622 3713 vero
2648 3660 2971 3715 substantia:
2999 3674 3123 3715 cum
3151 3675 3218 3715 eo
3246 3660 3518 3715 unitatem

1948 3748 2211 3804 ineffabili
2244 3748 2497 3803 unitione
2535 3758 2692 3803 nacta
2721 3758 2826 3814 est,
2853 3750 2926 3803 ita
2950 3758 3009 3803 ut
3052 3750 3329 3819 propriam
3366 3749 3521 3805 vide-

1945 3841 2074 3897 licet
2098 3840 2468 3895 essentialiter
2494 3839 2835 3894 immutatam
2859 3848 2914 3894 et
2957 3855 2987 3894 a
3038 3840 3223 3894 divina
3276 3841 3519 3899 essentia

1946 3934 2222 3990 diversam
2263 3930 2572 3987 custodiret
2632 3931 2938 3997 rationem,
2984 3947 3115 3987 cum
3171 3947 3277 4002 qua
3328 3933 3516 3990 divina

1944 4024 2184 4082 essentia
2209 4025 2361 4080 unita
2391 4023 2559 4079 habet
2586 4034 2643 4080 et
2684 4026 2955 4080 unitatem
3001 4034 3059 4082 et
3113 4025 3510 4091 diversitatem,

1947 4125 2007 4172 ut
2039 4116 2373 4171 exsistentiae
2417 4115 2650 4182 ratione,
2715 4132 2822 4184 qua
2864 4116 3005 4173 facta
3055 4126 3139 4172 est
3192 4126 3248 4172 et
3275 4118 3510 4185 exsistit,

1945 4208 2092 4278 quod
2123 4208 2401 4278 peculiare
2463 4208 2567 4262 sibi
2614 4209 2782 4263 habet
2816 4216 3104 4278 perservet
3160 4208 3313 4265 nulla
3357 4220 3514 4280 parte

1945 4301 2312 4365 deminutum,
2352 4316 2454 4356 nec
2503 4301 2787 4371 qualitatis
2834 4302 3044 4356 ratione
3091 4303 3334 4357 divinam
3370 4304 3516 4369 exsi-

1949 4391 2203 4448 stentiam
2242 4400 2398 4446 nacta
2423 4392 2683 4446 motionis
2713 4392 2861 4446 circa
2900 4392 3048 4447 aliud
3107 4393 3240 4462 quid
3271 4394 3516 4449 libratio-

268 4496 410 4543 σεως
458 4480 557 4548 τὴν
606 4478 779 4549 ῥοπὴν
833 4476 1114 4540 παντελῶς
1171 4477 1307 4548 μήτε
1354 4478 1636 4549 γινώσκῃ,
1703 4477 1835 4547 μήτε

1946 4498 2070 4538 nem
2101 4482 2305 4537 sentiat
2336 4484 2450 4538 ullo
2479 4482 2643 4537 modo
2687 4491 2783 4538 aut
2817 4483 3093 4538 admittat.
3145 4483 3260 4540 Hoc
3291 4485 3515 4555 quidem

267 4570 584 4643 προσίηται.
630 4569 815 4641 Ταύτῃ
843 4567 974 4637 γοῦν
1006 4568 1140 4621 πολὺ
1172 4569 1273 4639 τῆς
1303 4569 1574 4641 προτέρας
1600 4569 1835 4640 παραδο-

1946 4572 2109 4627 modo
2143 4587 2330 4627 sermo
2356 4572 2799 4627 communionem
2845 4574 3028 4643 priore
3059 4574 3233 4628 multo
3279 4574 3520 4630 admira-

270 4662 499 4734 ξοτέραν
542 4661 640 4732 τὴν
673 4660 807 4730 πρὸς
837 4659 936 4730 τὴν
966 4659 1129 4729 ιρὺσιν
1163 4660 1272 4714 τῶν
1301 4661 1603 4731 ἀνθρώπων
1633 4664 1661 4714 ὁ
1684 4661 1835 4726 λόγος

1950 4664 2202 4719 biliorem
2238 4680 2362 4720 cum
2393 4664 2679 4721 hominum
2709 4674 2903 4722 natura
2939 4667 3142 4732 ell‘ccit,
3175 4683 3299 4721 cum
3345 4667 3520 4738 ipsam

264 4753 567 4822 ἐποιήσατο
621 4750 944 4817 κοινωνίαν,
1003 4749 1174 4820 αὑτὴν
1223 4750 1322 4820 τὴν
1367 4750 1529 4819 φύσιν
1571 4749 1835 4813 οὐσῐωδῶς

1949 4764 2204 4810 naturam
2253 4758 2622 4813 essentialiter
2649 4757 2756 4813 sibi
2812 4759 3115 4815 secundum
3151 4760 3519 4816 substantiam

266 4843 449 4915 ἑαυτῷ
485 4842 605 4896 καθ’
631 4841 928 4895 ὑπόστασιν
954 4839 1168 4903 ἑνώσας
1242 4848 1243 4851 ‘

1950 4847 2253 4917 copularet.

285 5027 389 5082 Ἐκ
431 5026 539 5081 τοῦ
575 5025 763 5081 αὐτοῦ
786 5063 802 5087 ,
846 5027 933 5091 είς
954 5024 1024 5080 τὸ
1045 5065 1059 5090 ,
1121 5025 1308 5080 «Νυνὶ
1334 5020 1400 5080 δέ
1431 5043 1533 5095 μοι
1551 5021 1718 5090 δέξαι
1745 5027 1835 5093 τὴς

1961 5027 2043 5082 Ea:
2086 5026 2287 5092 eodem,
2312 5028 2367 5079 in
2400 5025 2575 5082 illud:
2607 5027 2787 5083 «Nunc
2813 5034 2992 5082 autem
3021 5036 3327 5100 conceptum
3351 5031 3530 5103 accipe

346 5116 587 5184 κύησιν,
614 5117 710 5171 καὶ
741 5118 1208 5186 προσκίρτησον,
1237 5117 1334 5172 καὶ
1360 5120 1412 5172 ει
1435 5116 1519 5187 μὴ
1550 5118 1630 5184 ὡς
1662 5118 1835 5172 Ἰωάνη

2024 5116 2382 5188 acprwsutta,
2420 5120 2537 5171 etsi
2562 5135 2667 5172 non
2717 5126 2774 5171 ut
2805 5117 3035 5173 Joannes
3078 5135 3141 5173 ea:
3180 5129 3349 5186 utero,
3392 5132 3529 5176 certe

343 5214 459 5273 νηι-
508 5208 626 5263 duo
668 5208 966 5278 γαστρός,
1022 5210 1262 5274 ἀλλ’ὡς
1304 5207 1484 5263 Δαόὶδ
1523 5209 1621 5263 ἐπὶ
1653 5207 1725 5277 τῇ
1753 5225 1835 5263 και

2023 5218 2081 5261 ut
2102 5207 2271 5261 David
2296 5208 2355 5261 ob
2384 5225 2523 5263 arere
2544 5212 2932 5279 repositionem.
2957 5229 2975 5261 ι

345 5297 643 5350 amatiost
672 5297 781 5366 τῆς
802 5298 1054 5353 κιϐωτοῦ
1078 5298 1248 5369 (ΞἸ).›
1286 5284 1293 5289 ’

361 5387 612 5459 Ἰωάννης
664 5390 693 5441 ό
743 5389 917 5460 μέγας
972 5391 1033 5444 οὑ
1082 5391 1244 5461 μόνον
1289 5390 1579 5461 μετανοίας
1628 5390 1721 5444 καὶ
1756 5390 1835 5460 rip

2015 5370 2266 5444 .Jonnnes
2298 5403 2531 5459 magnus
2563 5403 2670 5443 non
2720 5390 2896 5445 solum
2934 5392 3274 5460 paenitentiae
3302 5402 3357 5448 et
3404 5409 3532 5464 pra-

348 5545 462 5619 {25)
493 5544 576 5602 Cf.
603 5546 824 5619 Dionys.
845 5549 1111 5619 Are0pag.
1139 5550 1213 5604 De
1226 5552 1387 5605 divin.
1414 5567 1614 5604 nomm.
1635 5564 1757 5619 cap.
1783 5549 1838 5613 2,

280 5617 306 5685 ξ
352 5608 587 5693 ᾗξλξριξε.
635 5608 931 5693 5223:1011“.
990 5608 1210 5693 1:03p.
1261 5622 1347 5674 ed.
1384 5608 1835 5693 Venetneta'libi:

1951 5608 1997 5693 '_
2030 5608 2314 5693 (ﬂ7l'ldem
2350 5608 2622 5688 ibidfcap.
2654 5619 2738 5687 17,
2777 5635 2830 5688 p.
2874 5622 2998 5685 671,
3032 5628 3164 5679 tom.
3201 5622 3240 5676 Ι.
3270 5621 3407 5693 Opp.
3437 5621 3532 5685 ed.

346 5658 855 5756 (éé)"c°r'eg".'i\ia'£
882 5658 978 5741 ὃν.
996 5658 1600 5759 ‘;-.."'t7.2,.;};;m‘.“c‘;;;.’
1628 5658 1835 5745 ETW"

1961 5658 2163 5742 Belteti.

597 5780 863 5840 ΡΑτιιοι..
914 5781 1025 5843 Gn.
1090 5783 1244 5845 XCI.
1314 5808 1318 5812 λ
1766 5864 1781 5871 α

3147 5783 3217 5847 ιιι
3568 5829 3604 5847 ι

1950 5565 2003 5619 p.
2040 5548 2322 5619 672,7tom.
2359 5548 2399 5602 l.
2428 5547 2565 5619 Opp.
2599 5549 2686 5603 ed.
2724 5548 2926 5604 Bcned.
