3938 6192
444 311 582 374 1231

1584 288 1644 348 S.
1681 281 1976 346 MAXIMl
2009 282 2523 349 CONFESSORIS

3568 285 3708 358 1292

437 415 964 494 Clicu‘pltilOSOpltitB
989 404 1451 483 impassibilitatis
1497 410 1551 459 et
1588 402 1848 474 gnosticae
1882 414 2014 454 con-

2137 400 2266 494 ιατὰ,
2297 400 2395 471 τὴν
2429 400 2739 494 πρακτικὴν
2780 400 3103 471 φιλοσοφίαν
3134 400 3402 464 ἀπαθείας
3438 401 3530 454 καὶ
3559 417 3706 469 γνω-

444 491 820 580 teniplationis
855 507 1033 575 imago
1055 511 1161 567 est,
1194 499 1361 569 hujus
1394 504 1455 551 ut
1483 508 1660 565 praeco
1681 500 1735 546 et
1757 491 2015 560 baptista,

431 608 668 662 alterius
705 611 764 657 ut
789 599 1023 655 eremita
1051 605 1107 651 et
1136 611 1166 649 a
1202 590 1410 649 mundo
1435 588 1657 659 penitus
1679 591 2015 655 segregatus,

443 698 589 751 illius
620 707 753 747 vero
815 692 875 744 ut
912 687 1101 743 Levita
1132 692 1189 739 et
1240 680 1502 737 sacerdos
1545 684 1601 733 et
1633 674 1807 731 divini
1863 672 2016 727 verbi

440 803 773 861 prmcursor,
802 784 899 839 sed
931 783 1097 838 etiam
1125 781 1245 851 ejus
1272 792 1393 847 quae
1418 775 1473 828 in
1513 773 1602 826 his
1646 766 2019 840 deprehendi-

442 859 533 937 tur
561 877 858 935 habitualis
882 873 1201 929 constantiae
1239 886 1303 925 ac
1349 864 1667 923 stabilitatis
1710 859 2018 933 symbolum

444 984 634 1045 utpote
666 972 761 1042 qui
790 986 858 1025 ex
886 978 1048 1023 utero
1090 966 1177 1019 vel
1212 977 1385 1032 usque
1416 960 1487 1014 ad
1541 966 1777 1012 mortem
1822 954 2019 1008 anima;

444 1068 496 1123 in
524 1067 610 1120 his
640 1074 891 1118 tenorem
927 1058 1219 1112 infractum
1240 1050 1606 1108 conservavit.
1633 1047 1805 1103 David
1832 1054 2017 1101 autem

444 1156 846 1220 confessionis,
906 1152 1140 1208 actionis
1195 1156 1359 1216 atque
1415 1140 1899 1211 contemplationis
1962 1145 2018 1192 et

443 1257 559 1325 ipse
586 1253 764 1320 imago
797 1257 899 1310 cst,
926 1254 984 1298 ut
1012 1241 1253 1298 Judaica:
1279 1237 1456 1293 tribus
1486 1245 1540 1290 et
1569 1239 1756 1302 pastor
1778 1230 2017 1301 primum

444 1357 499 1399 et
527 1351 713 1415 postea
741 1356 854 1397 rex.
881 1346 937 1391 et
989 1332 1404 1402 Allophylorum
1459 1326 1762 1390 confector,
1790 1332 1873 1378 ‘at
1907 1338 2016 1376 non

445 1414 579 1493 item
607 1432 905 1490 habitualis
931 1430 1145 1484 illarum
1199 1420 1513 1479 stabilitatis
1552 1417 1884 1489 symbolum.
1911 1414 2019 1469 Ex-

446 1530 584 1587 cidit
624 1526 772 1582 enini
827 1531 952 1593 post
1003 1517 1337 1589 agnitionem
1368 1553 1382 1578 ,
1449 1512 1750 1565 humanum
1809 1504 2019 1574 aliquid

387 1667 391 1672 .
447 1634 664 1691 passus,
696 1623 752 1670 et
778 1611 1004 1666 virtutis
1027 1614 1191 1676 atque
1224 1600 1553 1673 cognitionis
1606 1597 1860 1652 habitum
1907 1608 2021 1647 non

447 1708 691 1765 servavit
724 1707 1093 1759 immutatum.
1126 1695 1494 1765 Quamobrem
1537 1692 1770 1746 fortasse
1820 1703 1924 1742 nec
1952 1686 2020 1740 de

447 1801 627 1858 Verbi
648 1806 826 1861 utero,
863 1792 1141 1864 quomodo
1166 1803 1395 1860 magnus
1423 1786 1682 1847 Joannes,
1722 1780 2026 1835 exsultasse

447 1900 730 1955 narratur,
759 1888 855 1943 sed
887 1891 1010 1957 post
1035 1882 1334 1954 perfectam
1380 1875 1794 1946 Allophylorum
1854 1871 2028 1925 inter-

447 1987 742 2043 necionem
763 1994 1015 2049 arcazque
1046 1962 1474 2035 restitutionem,
1524 1970 1630 2023 hoc
1661 1978 1747 2022 est
1781 1972 1905 2036 post
1938 1977 2026 2018 re-

448 2089 667 2149 pressas
691 2070 977 2143 passiones
1002 2076 1391 2131 reversamque
1413 2072 1609 2114 rursus
1629 2055 2023 2126 cognitionem.

450 2170 633 2238 Imago
660 2165 827 2235 igitur
851 2158 1077 2217 Joannis
1103 2155 1327 2227 quidem
1357 2160 1443 2208 est
1465 2151 1714 2205 omnium
1742 2147 1946 2202 virtute
1972 2152 2028 2199 et

450 2258 762 2331 cognitione
797 2269 896 2325 per
924 2248 1307 2321 paenitentiam
1328 2246 1384 2300 in
1407 2243 1607 2315 spiritu
1637 2246 2027 2309 generatorum

450 2353 817 2418 habitumque
844 2345 901 2399 in
926 2343 1016 2397 his
1036 2342 1385 2395 immutatum
1419 2335 1489 2390 ad
1532 2333 1695 2387 finem
1720 2344 1895 2398 usque
1928 2341 2028 2396 per

451 2455 812 2518 progressum
861 2430 1323 2507 perservantium.
1359 2425 1531 2482 David
1587 2437 1726 2477 vero
1779 2419 2025 2475 omnium

452 2545 577 2609 post
600 2531 938 2605 agnitionem
988 2521 1449 2593 delinquentium,
1491 2528 1794 2583 rursusque
1841 2508 2028 2582 gaudii

454 2627 625 2685 divini
651 2619 1079 2680 exsultationem
1106 2615 1173 2670 de
1201 2615 1407 2670 virtute
1432 2606 1809 2679 etcognitione
1831 2602 2028 2657 animae

453 2736 553 2791 per
584 2714 964 2788 paenitentiam
995 2706 1402 2767 reducentium.
1445 2703 1635 2771 Itaque
1690 2696 1875 2752 brevis
1907 2708 2029 2749 esse

454 2810 685 2868 studens
716 2821 948 2877 magnus
973 2802 1255 2874 magister,
1281 2808 1339 2854 et
1367 2793 1639 2853 sermonis
1660 2792 1771 2847 vim
1796 2790 1854 2843 in
1901 2786 2028 2867 lati-

455 2899 703 2957 tudinem
736 2910 965 2966 pronam
993 2891 1189 2962 spiritu
1240 2887 1574 2956 restringere
1608 2880 1862 2951 cupiens,
1903 2890 2027 2930 cum

452 2992 663 3047 Joanne
692 2998 750 3044 ct
773 2985 1003 3050 Davide,
1031 2982 1244 3055 magnis
1264 2976 1595 3039 duumviris,
1622 2990 1722 3045 per
1740 2972 2029 3040 utriusque

455 3083 706 3138 habitum
761 3076 1100 3149 comparavit
1157 3073 1330 3128 divini
1377 3068 1582 3139 eloquii
1609 3065 2028 3127 auscultatores,

455 3187 718 3245 tanquam
745 3169 1000 3227 alterutri
1028 3169 1229 3222 horum
1261 3162 1507 3225 omnino,
1537 3158 1615 3213 uti
1676 3155 1918 3220 videtur,
1965 3169 2032 3208 eo

454 3268 551 3339 qui
580 3266 892 3321 luculenter
911 3262 979 3317 de
1007 3268 1242 3328 utroque
1283 3255 1691 3309 demonstratus
1719 3255 1805 3302 est
1843 3246 2028 3319 modo,

457 3359 841 3430 unusquisque
909 3370 1105 3412 eorum
1153 3351 1249 3422 qui
1284 3349 1373 3421 pie
1432 3348 1624 3401 vivunt
1680 3341 2029 3412 respondeat,

452 3454 610 3531 quasi
640 3453 847 3508 diserte
878 3449 1149 3504 clamans:
1174 3442 1499 3511 Quicunque
1527 3422 1776 3491 divinum
1813 3431 2035 3487 virtutis

462 3527 513 3599 et
539 3543 873 3617 cognitionis
912 3540 970 3594 in
996 3537 1156 3593 vobis
1184 3550 1283 3605 per
1310 3528 1691 3603 pmnitentiam
1739 3527 2033 3596 ingenera-

459 3648 574 3693 tum
620 3635 911 3706 recepistis
938 3643 1275 3692 sermonem,
1310 3626 1424 3681 sive
1467 3625 1523 3678 in
1560 3620 1742 3691 magni
1804 3617 2033 3674 Joannis

459 3731 683 3788 modum
714 3745 782 3784 ex
822 3723 1096 3797 principio
1131 3735 1306 3789 usque
1337 3718 1405 3772 ad
1442 3716 1603 3770 linem
1637 3729 1736 3783 per
1770 3724 2032 3781 progres-

456 3837 580 3878 sum
635 3818 867 3874 ﬁrmiter
914 3810 1288 3870 conservastis
1345 3804 1683 3861 habitualcm
1732 3801 1926 3856 anima:
1966 3799 2034 3853 de

457 3912 579 3982 ipso
629 3906 1062 3965 exsultationem
1115 3901 1382 3963 divinam,
1424 3895 1574 3950 nulla
1615 3893 1839 3948 omnino
1873 3889 2034 3945 mali-

458 4002 687 4074 gnitatis
718 3996 903 4069 specie
942 4002 998 4050 et
1022 3991 1329 4064 ignorantia
1353 3985 1645 4043 subactivi.
1684 3984 1798 4038 sive
1825 3982 1881 4036 in
1915 3996 2036 4036 mo-

458 4091 591 4146 dum
642 4086 789 4143 beati
838 4082 1081 4145 Davidis,
1135 4079 1299 4133 etiam
1343 4076 1389 4130 si
1434 4072 1739 4130 secundum
1789 4071 2037 4125 divinum

462 4188 685 4238 cursum
715 4176 874 4231 vobis
927 4172 1062 4243 quid
1106 4186 1269 4242 grave
1305 4165 1594 4231 acciderit,
1647 4162 1897 4234 gnaviter
1934 4177 2035 4231 per

463 4270 844 4347 paenitentiam
864 4280 1087 4338 cperam
1121 4263 1246 4318 date
1281 4269 1341 4315 ut
1379 4260 1734 4337 virtutem-et
1765 4253 2038 4326 cognitio-

463 4328 481 4347 ⁸
512 4328 541 4329 η
900 4328 916 4338 ’
1659 4328 1668 4337 .

463 4378 590 4419 nem
648 4358 968 4415 constantiae
1022 4354 1207 4409 nervis
1266 4361 1322 4407 et
1358 4349 1674 4412 divinorum
1720 4359 2040 4401 sermonum

2128 493 2317 564 στικῆς
2346 493 2582 564 θεωρίας
2604 493 2751 546 ἐστὶν
2782 493 2947 546 εἰκὼν
2967 534 2981 559 ,
3034 494 3133 564 τῆς
3167 493 3266 565 μὲν
3297 493 3372 556 ὼς
3401 492 3580 562 κῆρυξ
3616 495 3709 546 καὶ

2128 583 2469 654 βαπτιστὴς,
2525 586 2621 656 τῆς
2669 585 2725 638 δὲ
2777 584 2854 648 ὡς
2892 584 3160 656 ἐρημίτης
3214 584 3307 637 καὶ
3351 583 3447 637 τοῦ
3493 584 3712 654 κόσμου

2128 675 2305 745 πάντη
2334 675 2777 747 κεχωρισμένος,
2814 678 2912 747 τῆς
2941 675 2995 728 δὲ
3031 675 3107 737 ὡς
3136 675 3368 743 Λευῖτης
3402 674 3497 727 καὶ
3524 676 3712 744 ἱερεὺς

2126 768 2219 848 καλζ
2251 766 2386 819 Θεοῦ
2416 765 2593 835 Λόγου
2627 766 2953 837 πρόδρομος,
2990 764 3126 819 ἀλλὰ
3158 765 3253 816 καὶ
3282 763 3382 835 τῆς
3413 766 3474 817 ἐν
3494 764 3713 827 τούτοις

2126 862 2269 917 κατὰ
2298 862 2397 934 τὴν
2426 861 2539 927 ἕξιν
2566 862 2832 933 άτρεψίας
2860 861 3128 931 σύμϐολον
3154 900 3168 925 ,
3227 861 3301 924 ὡς
3333 861 3440 914 ἀπὸ
3466 862 3714 929 γαστρὸς

2127 956 2222 1009 καὶ
2274 955 2435 1025 μέχρι
2479 953 2708 1008 θανάτου
2759 955 2851 1008 τὸν
2886 956 2944 1008 ἐν
2971 953 3184 1016 τούτοις
3220 953 3322 1024 τῆς
3349 952 3526 1023 ψυχῆς
3558 953 3716 1005 τόνον

2125 1047 2438 1117 ἀμείλικτον
2480 1045 2835 1117 διατηρήσας.
2884 1045 2945 1097 ’0
2971 1043 3029 1097 δὲ
3059 1044 3225 1097 Δαϐὶδ
3266 1043 3716 1112 ἐξομολογήσεως

2126 1133 2378 1207 πράξεώς
2424 1153 2481 1189 τε
2542 1136 2638 1190 καὶ
2682 1135 2918 1206 θεωρίας
2976 1134 3068 1189 καὶ
3116 1133 3277 1197 αὐτός
3333 1135 3481 1185 ἐστιν
3521 1130 3714 1197 εἰκὼν,

2126 1229 2201 1291 ὡς
2233 1228 2333 1297 τῆς
2365 1227 2662 1298 Ἰουδαϊκῆς
2712 1227 2884 1296 φυλῆς
2931 1226 3027 1279 καὶ
3074 1225 3276 1297 ποιμὴν
3304 1224 3573 1294 πρότερον
3617 1225 3717 1276 καὶ

2128 1321 2353 1393 ὕστερον
2410 1320 2697 1390 βασιλεὺς,
2758 1321 2852 1374 καὶ
2904 1318 3013 1373 τῶν
3044 1316 3357 1389 ἀλλοφύλων
3397 1316 3717 1386 άναιρέτης,

2126 1416 2185 1467 οὐ
2242 1415 2348 1485 μὴν
2381 1412 2439 1466 δὲ
2491 1413 2585 1466 καὶ
2632 1412 2731 1483 τῆς
2767 1412 2973 1465 τούτων
3006 1409 3153 1464 κατὰ
3178 1409 3277 1481 τὴν
3302 1408 3415 1473 ἕξιν
3445 1408 3717 1480 άτρεψίας

2128 1504 2191 1557 σύ
2202 1506 2417 1585 μϐολον.
2447 1503 2734 1576 Παρέπεσε
2752 1503 2860 1574 γὰρ
2887 1502 3025 1573 μετὰ
3048 1502 3147 1571 τὴν
3170 1497 3719 1570 ἐπίγνωσιν,άνθρώ-

2130 1596 2285 1651 πινόν
2329 1613 2383 1649 τι
2434 1594 2625 1650 παθὼν
2648 1635 2663 1659 ,
2721 1594 2814 1647 καὶ
2851 1593 2951 1664 τὴν
2977 1592 3089 1659 ’ἐξιν
3116 1593 3217 1663 τῆς
3244 1590 3449 1661 ἀρετῆς
3480 1589 3586 1644 καὶ
3611 1589 3719 1656 τῆς

2128 1688 2382 1756 γνώσεως
2436 1688 2537 1742 οὒκ
2587 1685 2852 1756 ἐφύλαξεν
2902 1676 3192 1755 ἄτρεπτον.
3251 1683 3342 1736 Διδ
3385 1682 3551 1753 τυχὸν
3592 1681 3721 1734 οὐδὲ

2061 1757 2100 1811 Β
2129 1779 2237 1832 ἀπὸ
2286 1778 2523 1849 γαστρὸς
2576 1776 2669 1830 τοῦ
2718 1776 2881 1843 λόγου
2942 1773 3346 1846 προσκιρτῆσαι
3394 1770 3718 1842 γέγραπται

2130 1871 2271 1924 κατὰ
2321 1870 2413 1923 τὸν
2463 1870 2634 1940 μέγαν
2669 1869 2921 1945 Ἰωάννην
2945 1908 2959 1931 ,
3012 1854 3148 1922 ἀλλὰ
3186 1864 3324 1935 μετὰ
3352 1864 3449 1933 τὴν
3479 1863 3591 1915 τῶν
3618 1863 3719 1914 άλ-

2129 1963 2374 2032 λοφύλων
2402 1962 2614 2015 τελείαν
2641 1960 2923 2031 ἀναίρεσιν
2953 1959 3046 2012 καὶ
3072 1957 3170 2029 τὴν
3196 1957 3293 2026 τῆς
3320 1953 3555 2007 κιϐωτοῦ
3580 1956 3722 2009 ἁπο-

2129 2056 2493 2141 κατὸιστασιν,
2551 2054 2813 2111 τουτέστι
2835 2052 2973 2124 μετὰ
3004 2051 3101 2122 τὴν
3130 2051 3241 2103 τῶν
3272 2047 3462 2103 παθῶν
3490 2045 3721 2116 ὑποχώ-

2134 2138 2291 2221 ρησιν
2339 2149 2435 2202 καὶ
2465 2148 2565 2221 τὴν
2598 2148 2697 2217 τῆς
2730 2143 2986 2215 γνώσεως
3029 2138 3185 2204 αὖθις
3216 2140 3494 2193 ἐπάνοδον.
3531 2138 3722 2199 Τύπος

2131 2235 2225 2295 οὗν
2255 2242 2405 2294 ἐστιν
2453 2240 2482 2293 ὁ
2531 2239 2627 2309 μὲν
2664 2237 2918 2307 Ἰωάννης
2966 2234 3184 2289 πάντων
3226 2231 3336 2285 τῶν
3367 2230 3488 2285 κατ’
3510 2230 3721 2299 ἀρετὴν

2130 2332 2225 2388 καὶ
2258 2332 2459 2402 γνῶσιν
2493 2330 2580 2386 διὰ
2617 2329 2907 2402 μετανοίας
2939 2327 2998 2381 ἐν
3024 2324 3299 2396 πνεύματι
3328 2321 3718 2391 γεννωμένων,

2131 2424 2227 2478 καὶ
2263 2423 2426 2494 μέχρι
2462 2422 2650 2485 τέλους
2700 2420 2789 2474 διὰ
2829 2418 3114 2491 προκοπῆς
3145 2416 3244 2488 τὴν
3274 2415 3332 2469 ἐν
3360 2411 3573 2474 τούτοις
3598 2410 3722 2475 ἕξιν

2131 2517 2402 2588 ἄτρεπτον
2459 2513 2900 2586 διατηρούντων,
2967 2513 2995 2565 ὁ
3027 2511 3083 2563 δὲ
3130 2506 3296 2563 Δαϐὶδ
3351 2506 3573 2559 πάντων
3605 2503 3720 2556 τῶν

2135 2609 2275 2681 μετὰ
2335 2608 2435 2679 τὴν
2494 2608 2791 2676 ἐπίγνωσιν
2843 2590 3343 2676 παραπιπτόντων.,
3409 2600 3504 2654 καὶ
3551 2599 3718 2652 πάλιν

2129 2700 2219 2753 διὰ
2248 2698 2540 2771 μετανοίας
2582 2698 2641 2753 τὸ
2671 2699 2792 2751 κατ’
2813 2696 3019 2769 ἀρετὴν
3049 2695 3143 2749 καὶ
3169 2693 3370 2762 γνῶσιν
3406 2690 3719 2758 ἐπαναγόν-

2132 2809 2240 2845 των
2266 2792 2362 2862 τῆς
2387 2791 2564 2862 ψυχῆς
2588 2791 2686 2860 τῆς
2706 2789 2858 2853 θείας
2880 2790 3054 2859 χαρᾶς
3077 2786 3412 2856 άγαλλίαμα.
3440 2784 3721 2852 Σύντομος

2135 2882 2321 2954 (216
2342 2882 2396 2955 a)
2426 2878 2519 2936 οὖν
2546 2882 2826 2952 ὑπάρχων,
2856 2879 3048 2950 καὶτῷ
3070 2879 3340 2947 πνεύματι
3364 2876 3461 2947 τὴν
3485 2877 3565 2937 είς
3582 2875 3720 2929 πλά-

2132 2994 2225 3040 τος
2270 2975 2364 3029 τοῦ
2406 2976 2568 3044 λόγου
2619 2974 2851 3045 δύναμιν
2899 2971 3102 3042 νοερῶς
3150 2970 3435 3033 συστείλας
3478 2971 3507 3022 ὁ
3543 2967 3721 3037 μέγας

2057 3096 2103 3155 c
2137 3068 2479 3133 διδάσκαλος,
2523 3054 2747 3138 Ἰωάννῃ
2783 3066 2875 3119 καὶ
2900 3064 3062 3118 Δαϐὶδ
3093 3066 3208 3127 τοῖς
3235 3062 3493 3133 μεγάλοις
3525 3059 3724 3130 παρεξ-

2138 3178 2273 3215 κασε
2329 3159 2417 3212 διὰ
2465 3159 2562 3229 τῆς
2610 3157 2733 3213 καθ’
2756 3158 3016 3226 ἑκάτερον
3060 3154 3229 3219 ἕξεως
3266 3155 3393 3216 τοὺς
3423 3151 3531 3205 τῶν
3558 3150 3725 3203 θείων

2133 3253 2327 3321 λογίων
2360 3249 2634 3321 ἀκροατὰς
2654 3291 2668 3313 ,
2719 3248 2793 3311 ὡς
2821 3248 2902 3300 ἐνί
2933 3246 3149 3307 πάντως
3177 3244 3410 3309 τούτων,
3465 3242 3729 3312 καθάπερ

2134 3339 2288 3413 οἶμαι
2310 3384 2324 3407 ,
2376 3342 2517 3396 κατὰ
2540 3341 2631 3394 τὸν
2666 3342 2747 3408 ἐφ’
2776 3339 2993 3410 ἑκάστῳ
3023 3336 3201 3399 καλῶς
3228 3335 3561 3389 ἁποδοθέντα
3592 3333 3728 3403 τρό-

2138 3450 2269 3496 πον,
2323 3432 2555 3485 ἑκάστου
2585 3430 2696 3484 τῶν
2725 3431 2842 3483 κατ’
2862 3429 3145 3481 εὐσέϐειαν
3175 3426 3394 3490 ζώντων
3424 3424 3729 3494 ἐνισχημέ-

2136 3543 2248 3589 νου,
2300 3523 2464 3578 οἱονεὶ
2508 3521 2800 3592 διαρρήδην
2857 3518 2995 3595 βοῶν
3012 3518 3057 3549 ⁸³
3109 3518 3302 3585 ὅτιπερ
3353 3514 3561 3575 Πάντες
3609 3514 3734 3566 ὅσοι

2135 3619 2224 3671 τὸν
2252 3617 2394 3670 θεῖον
2425 3615 2521 3685 τῆς
2548 3613 2746 3685 ἀρετῆς
2777 3596 2994 3680 καὶτῆς
3015 3606 3267 3678 γνώσεως
3302 3607 3357 3659 ἐν
3388 3606 3607 3667 ἑαυτοῖς
3644 3604 3739 3657 διὰ

2140 3708 2425 3781 μετανοίας
2471 3705 2826 3775 κυῖσκόμενον
2874 3701 3125 3768 ἐδέξασθε
3155 3698 3348 3767 Λόγον,
3392 3697 3425 3766 ἦ
3460 3696 3609 3749 κατὰ
3640 3695 3741 3748 τὸν

2141 3802 2314 3872 μέγαν
2347 3798 2602 3868 Ἰωάννην
2631 3795 2692 3860 ἐξ
2720 3794 2896 3868 ἀρχῆς
2928 3791 3087 3864 μέχρι
3112 3789 3298 3851 τέλους
3325 3787 3412 3840 διὰ
3440 3784 3742 3857 προκοπῆς

2135 3895 2198 3948 τὸ
2248 3890 2509 3961 ἐπάύτῷ
2554 3889 2655 3959 τῆς
2698 3885 2877 3957 ψυχῆς
2938 3881 3082 3937 κατὰ
3128 3881 3229 3952 τὴν
3278 3878 3392 3943 ἕξιν
3435 3876 3743 3946 ἀτρέπτως

2143 3986 2285 4039 θεῖον
2333 3981 2703 4053 διετηρήσατε
2752 3968 3072 4046 σκίρτημα,
3125 3972 3315 4043 μηδενὶ
3361 3968 3424 4022 τὸ
3465 3965 3743 4035 παράπαν

2141 4075 2479 4144 ὑπαγόμενοι
2524 4069 2723 4131 κακίας
2764 4066 2894 4120 εῖδει
2944 4065 3041 4118 καὶ
3077 4058 3344 4131 ἀγνωσία,
3393 4059 3425 4127 ἢ
3463 4054 3613 4109 κατὰ
3645 4055 3746 4106 τὸν

2142 4169 2413 4240 μακάριον
2456 4163 2658 4224 Δαϐὶδ,
2716 4159 2819 4214 κᾶν
2878 4160 2926 4211 εἰ
2987 4151 3304 4226 συμϐέϐηκέ
3350 4168 3403 4202 τι
3452 4146 3604 4201 κατὰ
3646 4146 3750 4199 τὸν

2141 4238 2280 4314 θεῖον
2300 4238 2499 4329 δρόμον
2526 4256 2653 4324 ὑμῖν
2675 4250 2991 4320 ἀϐούλητον,
3010 4245 3312 4315 φιλοπόνως
3332 4239 3419 4293 διὰ
3440 4238 3752 4309 μετανοίας

2143 4350 2471 4415 σπουδάζετε
2501 4347 2633 4418 πρὸς
2657 4344 2881 4404 ἑαυτοὺς
2902 4337 3001 4410 τὴν
3018 4336 3217 4407 ἀρετὴν
3242 4330 3617 4398 ἐπαναγαγεῖν
3646 4327 3754 4380 καὶ

463 4449 953 4511 exercitationibus
980 4447 1048 4501 ad
1074 4461 1173 4501 vos
1204 4442 1501 4507 reducatis,
1540 4451 1704 4510 atque
1731 4454 1800 4493 ne
1825 4436 2029 4508 ignavia

2147 4448 2247 4517 τὴν
2276 4444 2478 4512 γνῶσιν
2507 4437 2787 4510 ὑπομονῆς
2829 4434 3001 4496 τόνοις
3037 4434 3129 4485 καὶ
3159 4429 3333 4497 λόγων
3360 4426 3522 4479 θείων
3554 4423 3753 4486 ἀσκή-

465 4556 561 4604 aut
587 4542 837 4602 socordia
892 4541 1134 4594 divinam
1193 4538 1338 4591 hanc
1374 4535 1430 4609 in
1460 4533 1641 4595 vobis,
1667 4530 1912 4595 virtutis,
1953 4530 2040 4583 in-

464 4656 651 4713 quam,
680 4648 736 4692 et
764 4632 1114 4705 cognitionis,
1146 4645 1328 4684 arcam
1361 4626 1728 4682 destituentes
1755 4638 1817 4676 ac
1838 4620 2044 4676 deden-

466 4743 552 4790 tes
574 4731 691 4786 lleli
718 4726 1024 4784 sacerdotis
1074 4723 1216 4777 malo
1261 4717 1657 4780 succumbatis,
1709 4725 1764 4769 et
1812 4715 2044 4777 humero

468 4823 702 4882 actionis
749 4818 999 4892 percussi
1055 4822 1333 4869 retrorsus
1370 4811 1629 4865 cadentes
1671 4809 1816 4864 circa
1860 4806 2047 4876 templi

471 4918 526 4972 in
558 4917 740 4972 Selom
764 4919 952 4983 portas
980 4904 1386 4962 interﬁciamiui
1414 4914 1457 4955 ι.

544 5109 600 5164 ld
623 5105 792 5178 quod,
826 5112 884 5157 ut
935 5099 1072 5155 mihi
1099 5098 1339 5161 videtur,
1381 5095 1625 5166 apertius
1666 5094 2053 5157 demonstrans

472 5202 669 5256 hcatus
691 5195 782 5251 hic
810 5196 971 5250 Pater
996 5192 1051 5246 in
1081 5187 1336 5245 oratione
1376 5189 1431 5242 in
1470 5187 1677 5243 Novam
1706 5185 2048 5241 Dominicam

476 5293 694 5348 habita:
736 5288 986 5344 «Canere
1014 5299 1167 5346 vero,
1224 5283 1431 5352 inquit,
1468 5280 1703 5335 Domino
1740 5295 1942 5334 novum
1970 5280 2053 5347 iu-

474 5388 673 5442 bemur
701 5390 946 5443 cantum,
984 5378 1100 5432 sive
1130 5376 1223 5446 qui
1256 5376 1309 5429 in
1339 5374 1695 5444 Babylonem
1746 5374 2054 5444 malamque

552 5512 574 5539 ³
611 5501 629 5555 1
664 5500 799 5566 Reg.
833 5511 907 5558 tv,
943 5494 1028 5547 17,

2154 4514 2310 4609 μασι,
2348 4537 2443 4589 καὶ
2481 4532 2555 4605 μὴ
2584 4534 2650 4602 τῇ
2685 4526 2932 4599 ῥᾳθυμίᾳ
2960 4526 3075 4585 τοῖς
3100 4520 3328 4574 πάθεσιν
3360 4516 3575 4571 ἔκδοτον
3606 4514 3752 4568 ταύο

2148 4605 2247 4699 την
2295 4631 2394 4698 τὴν
2441 4628 2497 4681 ἐν
2540 4625 2669 4693 ὑμῖν
2716 4620 2865 4674 θείαν
2891 4658 2905 4681 ,
2960 4615 3061 4683 τῆς
3105 4610 3309 4681 ἀρετῆς
3331 4609 3475 4676 λέγω
3514 4606 3614 4658 καὶ
3642 4605 3754 4673 τῆς

2150 4724 2445 4793 γνώσεως,
2507 4717 2764 4774 ἐάσαντες
2815 4709 3049 4762 κιϐωτὸν
3099 4706 3162 4758 τὸ
3207 4703 3301 4756 τοῦ
3349 4700 3536 4770 ἱερέως
3573 4697 3755 4749 ’Πλει

2158 4789 2467 4883 ύπομένητε
2496 4808 2696 4868 πάθος,
2755 4803 2848 4855 καὶ
2894 4798 3157 4859 ὀπισθίως
3190 4794 3451 4854 πεσόντες
3481 4789 3621 4856 περὶ
3648 4789 3759 4852 τὰς

2124 4980 2129 4986 ⁸
2158 4908 2330 4969 πύλας
2360 4904 2450 4958 τοῦ
2482 4900 2612 4955 ναοῦ
2641 4898 2736 4951 τοῦ
2766 4898 2823 4949 ἐν
2849 4892 3051 4965 Σηλὼμ
3078 4874 3386 4957 amomis:
3405 4925 3420 4947 ,
3463 4884 3555 4936 τὸν
3587 4876 3763 4953 ὦμον

2156 5001 2251 5067 τῆς
2280 4994 2533 5073 πράξεως
2564 4988 2961 5059 συντριϐέντες.

2229 5067 2429 5159 Ὅπερ,
2464 5086 2537 5149 ὡς
2568 5080 2744 5153 οἶμαι,
2790 5078 3126 5146 σαφέστερον
3165 5072 3436 5125 διδάσκων
3487 5067 3515 5118 ὁ
3554 5068 3771 5135 μακά-

2161 5200 2274 5255 ριος
2325 5157 2480 5239 οὗτος
2520 5173 2710 5241 Πατὴρ
2754 5172 2811 5221 ἐν
2849 5166 2927 5236 τῷ
2956 5162 3163 5233 είςτὴν
3191 5158 3403 5228 Καινὴν
3446 5157 3771 5225 Κυριακὴν

2164 5247 2309 5343 λόγῳ
2346 5272 2538 5340 φησιν’
2595 5284 2613 5316 ι
2646 5264 2827 5335 ’ᾼδειν
2873 5260 2928 5312 δέ
2976 5257 3053 5326 τῷ
3112 5253 3302 5323 Κυρίῳ
3346 5247 3502 5323 ᾆσμα
3553 5249 3775 5301 καινὸν

2162 5338 2524 5431 κελευόμεθα,
2564 5357 2674 5409 εἴτε
2714 5354 2764 5405 οἱ
2795 5354 2873 5413 εἰς
2904 5346 3204 5403 Βαϐυλῶνα
3229 5344 3325 5397 καὶ
3357 5342 3453 5411 τὴν
3495 5338 3777 5410 πονηρὰν

1750 5556 1984 5611 ἾΑΙΗΑΞ
2029 5550 2441 5611 LECTIONES.

549 5666 593 5696 ⁸⁸
622 5662 757 5718 Cod.
790 5658 956 5721 Gud.,
988 5657 1031 5710 si
1068 5652 1283 5707 sehedae
1313 5665 1422 5704 non
1454 5650 1669 5713 fallunt,
1705 5650 1869 5704 habet
1898 5650 2050 5703 νοῶν.

554 5776 664 5847 (ΞΒ)
701 5775 861 5841 Greg.
900 5770 1027 5852 Naz‘.
1061 5769 1113 5820 in
1155 5765 1283 5819 Nov.
1329 5765 1562 5832 Domin.,
1605 5780 1723 5834 cap.
1758 5765 1807 5831 'l,
1832 5781 1887 5835 p.
1925 5765 2049 5831 855,
2093 5771 2220 5817 tom.
2244 5761 2284 5814 l.
2308 5757 2447 5827 Opp.
2471 5751 2558 5809 ed.
2587 5747 2788 5807 Bened.
