3938 6192
272 269 409 334 1293

1512 260 2030 321 AMBIGUORUM
2069 257 2320 319 LIBER.

3392 250 3526 316 1291

269 379 542 445 σύγχυσιν
592 371 994 443 κατασυρέντες
1037 368 1142 423 ὑπὸ
1182 368 1281 438 τῆς
1330 367 1624 439 ἁμαρτίας,
1670 369 1861 421 ἔπειτα

1972 370 2344 425 confusionem
2392 376 2615 437 peccato
2682 380 2874 420 sumus
2922 365 3174 431 detracti,
3221 365 3420 422 deinde
3473 368 3531 421 in

268 470 409 540 πρὸς
460 463 819 537 Ἰερουσαλὴμ
845 462 1241 524 ἀνασωθέντες,
1278 461 1440 513 κάκεῖ
1472 460 1571 530 μὲν
1592 462 1654 512 ού
1689 460 1852 513 δυνά-

269 575 427 630 μενοι
459 555 557 627 τὴν
608 554 762 608 θείαν
804 552 951 630 ᾅδειν
996 549 1139 620 ᾠδὴν
1172 549 1246 611 ὡς
1294 548 1387 601 ἐπὶ
1419 548 1519 617 γῆς
1544 547 1853 617 ἀλλοτρίας,

267 628 515 704 ἐνταῦθα
542 645 756 707 δὲγνέαν
784 628 925 715 ᾠδὴν
957 641 1052 695 καλ⁵
1087 639 1366 693 πολιτείαν
1401 639 1705 709 ἱστάμενοι,
1748 637 1856 689 εἴτε

268 744 318 794 οἱ
365 739 649 809 μείναντες
688 740 745 788 ὲν
784 732 861 805 τῷ
886 730 1037 801 καλῷ
1069 732 1163 783 καὶ
1209 729 1632 800 προκόπτοντες,
1671 728 1764 779 καὶ
1797 724 1859 809 το

274 832 377 905 μὲν
418 826 842 898 κατωρθωκότες
886 823 1012 893 ἤδη,
1056 821 1117 875 τὸ
1162 821 1219 877 δὲ
1269 817 1663 890 κατορθοῦντες
1707 815 1859 885 παρά

272 918 368 974 τοῦ
396 913 715 971 καινοποιοῦ
748 910 1090 981 Ιίνεύματος.
1115 926 1133 959 ι
1174 907 1361 960 Ταῦτα
1412 907 1611 976 (216
1639 905 1701 975 b)
1736 921 1858 957 στο-

275 1005 554 1084 χαστικῶς
585 1002 726 1057 κατά
772 1001 869 1071 τὴν
902 999 1040 1070 ἐμὴν
1075 1000 1390 1068 ἀφροσύνην
1429 996 1729 1066 νενοηκότα
1760 993 1853 1048 τὸν

275 1096 598 1153 διδάσκαλον
631 1094 798 1164 φάναι
856 1090 1088 1160 νομίζω·
1125 1108 1143 1140 ι
1171 1090 1309 1142 Νυνὶ
1344 1087 1400 1141 δέ
1441 1104 1530 1158 μοι
1577 1086 1728 1152 δέξαι
1758 1087 1860 1157 τὴν
1886 1128 1901 1141 .

279 1189 475 1259 κύησιν
518 1187 614 1238 καὶ
653 1180 1083 1254 προσκίρτησον,
1132 1181 1181 1233 εί
1226 1180 1319 1231 καὶ
1358 1178 1433 1250 μὴ
1482 1178 1559 1240 ὡς
1608 1176 1862 1247 Ἰωάννης

277 1280 388 1338 ἀπὸ
423 1276 688 1348 γαστρὸς,
722 1275 836 1329 ἀλλ’
860 1274 935 1335 Cu;
968 1272 1136 1325 Δαόὶδ
1174 1271 1267 1324 ἐπὶ
1300 1273 1366 1341 τῇ
1399 1270 1740 1323 καταπαύσει
1765 1268 1864 1339 τῆς

278 1369 540 1436 κιϐωτοῦ,
574 1366 653 1438 τῷ
685 1365 804 1420 κατ’
831 1364 987 1429 ἀξίαν
1018 1362 1113 1415 καὶ
1143 1362 1299 1430 γένος
1337 1362 1437 1429 τῆς
1471 1360 1699 1431 θεωρίας
1732 1360 1860 1429 τρό·

280 1481 370 1534 πῳ
401 1459 750 1531 συνῃρηκότα
781 1456 881 1531 τὴν
934 1454 1043 1507 τῶν
1084 1448 1397 1523 εἰρημένων
1442 1452 1698 1524 θεωρίαν.
1729 1451 1867 1505 Φασὶ

277 1555 391 1628 γὰρ
418 1554 466 1605 οἱ
496 1551 606 1605 τῶν
636 1549 893 1603 τοιούτων
922 1545 1169 1616 ἀκριϐεῖς
1194 1544 1520 1615 ἐπιμεληταὶ
1554 1542 1865 1615 μυστηρίων

277 1645 374 1699 καὶ
418 1642 529 1696 τῶν
558 1643 643 1695 ἐπ’
674 1640 860 1701 αὐτοῖς
887 1633 1278 1704 πνευματικῶν
1303 1632 1479 1700 λόγων
1519 1631 1747 1703 ἐρασταὶ
1772 1630 1866 1682 καὶ

280 1732 700 1806 φιλοθεάμονες,
732 1727 824 1781 τὸν
867 1725 1101 1779 καθόλου
1154 1724 1253 1793 τῆς
1309 1722 1591 1793 Γραφικῆς
1640 1719 1867 1791 θεωρίας

214 1828 223 1837 ‘
276 1821 459 1889 λόγον,
495 1817 592 1870 ἕνα
625 1814 985 1886 τυγχάνοντα,
1014 1810 1258 1881 δεκαχῶς
1296 1809 1704 1880 πλατυνόμενον
1730 1807 1866 1861 θεω-

284 1904 520 1986 ρεῖσθαι,
552 1909 723 1977 τόπῳ,
755 1905 955 1978 χρόνῳ,
975 1903 1148 1973 γένει,
1173 1903 1474 1974 προσώπῳ,
1512 1900 1661 1971 ἀξίᾳ,
1698 1901 1867 1971 ἤγουν

285 1999 704 2072 ἐπιτηδεύματι,
739 2000 1041 2069 πρακτικῇ,
1072 2001 1301 2069 φυσικῇ,
1329 1998 1612 2068 θεολογικῇ
1645 1997 1864 2066 φιλοσο-

286 2094 408 2165 φίᾳ,
457 2089 737 2156 ἐνεστῶτι,
775 2090 872 2142 καὶ
926 2074 1402 2159 μέλλονταῇγουν
1432 2089 1587 2161 τύπῳ
1619 2090 1711 2141 καὶ
1739 2087 1872 2160 ἀλη-

206 2174 213 2180 ”
285 2182 430 2253 θείᾳ,
463 2181 556 2235 καὶ
584 2180 740 2244 αὖθις
774 2181 1140 2249 συναγόμενον
1172 2179 1299 2243 τοὺς
1336 2180 1496 2234 πέντε
1525 2179 1674 2249 τρισὶ
1709 2196 1869 2249 περιο

283 2274 518 2345 γράφειν
549 2272 794 2344 τρόποις,
818 2271 915 2324 καὶ
943 2270 1107 2324 πάλιν
1135 2270 1256 2325 δυσὶ
1281 2271 1406 2333 τοὺς
1434 2274 1604 2342 τρεῖς,
1634 2271 1727 2323 καὶ
1748 2270 1872 2334 τοὺς

282 2364 379 2419 δύο
412 2364 493 2417 ἑνὶ
521 2361 831 2431 συγκλείειν
862 2361 1139 2424 παντελῶς
1170 2361 1245 2430 μὴ
1275 2360 1667 2432 ἀριθμουμένῳ
1691 2360 1868 2433 λόγῳ⁹

282 2448 396 2510 οἷον
425 2454 550 2517 τοὺς
575 2453 715 2506 κατά
737 2453 925 2522 χρόνον
948 2452 1044 2506 καὶ
1085 2452 1248 2505 τόπον
1280 2452 1375 2506 καὶ
1415 2452 1571 2521 γένος
1594 2452 1688 2505 καὶ
1714 2453 1875 2522 πρόσ-

280 2564 432 2601 ωπον
459 2546 553 2600 καὶ
578 2545 757 2609 ἀξίαν,
780 2544 940 2599 πέντε
958 2544 1342 2615 τυγχάνοντας,
1357 2544 1431 2607 εἰς
1449 2546 1596 2615 τρεῖς
1623 2545 1873 2612 συνάγειν

281 2640 414 2702 τοὺς
433 2638 529 2709 τῆς
556 2636 864 2709 πρακτικῆς
887 2637 979 2691 καὶ
1016 2638 1251 2707 φυσικῆς
1282 2637 1376 2689 κα)⁵
1395 2636 1729 2706 θεολογικῆς,
1752 2635 1876 2689 τούς

278 2744 415 2794 τους
444 2729 500 2783 δὲ
531 2728 692 2782 πάλιν
724 2730 877 2799 τρεῖς
914 2726 1093 2792 ὄντας,
1119 2727 1198 2790 είς
1217 2726 1330 2792 δύο,
1355 2727 1480 2791 τοὺς
1504 2727 1565 2780 τὸ
1598 2728 1771 2799 παρόν
1815 2745 1871 2782 τε

281 2818 385 2875 καὶ
415 2817 474 2871 τὸ
494 2818 686 2887 μέλλον
703 2818 1090 2888 σημαίνοντας,
1126 2819 1220 2870 καὶ
1243 2816 1466 2876 τούτους
1500 2819 1581 2882 εἰς
1606 2819 1695 2873 τὸν
1728 2819 1876 2874 τελε-

284 2909 478 2963 στικὸν
505 2910 600 2963 καὶ
626 2908 850 2971 ἁπλοῦν,
889 2907 965 2972 ῶς
994 2925 1147 2977 φασι,
1200 2909 1295 2963 καὶ
1342 2909 1558 2965 πάντων
1592 2927 1874 2983 περιεκτι-

281 2999 387 3054 κόν
429 2998 668 3072 ἄρρητον
705 2998 884 3068 λόγον,
932 2997 992 3063 ἐξ
1038 2992 1101 3051 οῦ
1156 2998 1305 3052 κατά
1327 2999 1553 3073 πρόοδον
1583 3001 1806 3069 γέγονεν
1839 3003 1871 3072 ή

286 3088 558 3162 καθολικὴ
606 3088 713 3143 τῶν
755 3089 861 3143 ὑπὸ
897 3089 1134 3161 θεωρίαν
1159 3093 1257 3160 τῆς
1279 3090 1506 3162 Γραφῆς
1538 3092 1757 3161 τρόπων
1786 3090 1873 3147 δε-

294 3182 421 3244 κάς,
463 3181 554 3234 καὶ
582 3182 661 3244 εἰς
689 3180 748 3234 ὃν
790 3183 867 3247 ὡς
896 3180 1071 3252 ἀρχὴν
1101 3180 1242 3237 κατά
1279 3182 1625 3253 περιγραφὴν
1664 3184 1695 3253 ή
1731 3183 1871 3255 αὐτὴ

291 3272 459 3335 δεκὰς
497 3271 837 3335 ἀνατατικῶς
868 3272 947 3334 εἰς
986 3271 1192 3341 μονάδα
1228 3272 1390 3325 πάλιν
1414 3272 1731 3345 συνάγεται,
1763 3275 1872 3327 Καὶ

293 3362 440 3416 κατά
485 3362 584 3432 μὲν
636 3362 826 3433 χρόνον
874 3363 901 3414 ὁ
939 3362 1037 3430 τῆς
1087 3361 1311 3431 Γραφῆς
1361 3362 1646 3431 θεωρεῖται
1692 3362 1870 3429 λόγος,

290 3451 458 3524 ἡνίκα
486 3453 546 3504 τὸ
570 3452 729 3516 Ποτὲ,
759 3450 821 3503 τὸ
846 3447 976 3513 Ἦν,
1016 3448 1078 3501 τὸ
1116 3451 1291 3515 Ἐστι,
1322 3450 1383 3501 τὸ
1415 3451 1629 3512 Ἔσται,
1660 3451 1721 3503 τὸ
1758 3450 1873 3521 Πρὸ

294 3543 471 3605 τοῦδε,
498 3543 560 3594 τὸ
596 3542 794 3611 Παρὸν,
834 3540 895 3591 τὸ
918 3538 1074 3592 Μετὰ
1107 3539 1246 3604 τόδε,
1275 3540 1369 3592 καὶ
1412 3540 1537 3592 Ἐπὶ
1562 3540 1739 3605 τοῦδε,
1778 3542 1871 3593 καὶ

307 3634 633 3706 Ἀπ’ἀρχῆς,
651 3633 710 3686 τὸ
734 3632 1026 3703 Παρελθὸν,
1051 3632 1109 3685 τὸ
1131 3630 1359 3694 Μέλλον,
1392 3630 1672 3694 ἐνιαυτούς
1696 3648 1754 3684 τε
1781 3634 1876 3685 καὶ

298 3730 521 3799 καιροὺς
566 3726 659 3780 καὶ
709 3728 882 3797 μῆνας
931 3725 1026 3777 καὶ
1069 3722 1369 3792 ἑϐδομάδας
1415 3723 1507 3775 καὶ
1536 3723 1748 3793 ἡμέρας
1783 3723 1875 3795 καὶ

298 3818 496 3882 νύκτας
518 3819 610 3872 καὶ
630 3819 696 3891 τὰ
719 3816 920 3871 τούτων
944 3816 1008 3887 μέ
1018 3814 1223 3887 prima!
1243 3814 1426 3877 ἁπλῶς
1445 3816 1545 3867 ὅσα
1569 3816 1873 3885 ἐμφαντικά

302 3908 494 3981 (217
528 3908 597 3978 α)
630 3909 846 3980 χρόνου,
896 3906 1080 3978 δηλοῖσ
1118 3904 1260 3958 κατά
1309 3904 1371 3958 δὲ
1416 3905 1602 3969 τόπον,
1630 3905 1756 3958 ὅταν
1785 3898 1875 3958 ού-

274 4001 464 4069 ρανον
498 4000 591 4052 καὶ
625 3999 728 4069 γῆν
763 3997 857 4052 καὶ
903 3997 1041 4069 ἀέρα
1077 3997 1171 4059 καὶ
1197 3994 1495 4060 θάλασσαν,
1525 3997 1871 4068 οἰκουμένην,

302 4087 535 4160 πέρατα,
606 4086 812 4158 χώρας,
878 4087 1098 4159 νήσους,
1154 4084 1361 4147 πόλεις,
1422 4085 1604 4148 ναοὺς,
1658 4083 1871 4155 κώμας,

301 4181 526 4248 ἀγροὺς,
562 4179 685 4250 ὅρη,
723 4180 1035 4250 φάραγγας,
1065 4179 1238 4244 ὀδοὺς,
1283 4179 1577 4245 ποταμοὺς,
1612 4177 1870 4249 ἐρήμους,

301 4271 516 4342 ληνοὺς,
548 4270 781 4335 ἅλωνας,
833 4269 1186 4339 ἀμπελῶνας,
1229 4269 1324 4322 καὶ
1361 4267 1546 4332 ἀπλῶς
1575 4270 1674 4322 ὅσα
1711 4270 1874 4322 τόπον

1957 461 2257 514 Jerusalem
2307 475 2498 513 rursus
2530 457 2719 514 salvati
2785 462 2971 529 (atque
3012 458 3124 511 illic
3160 456 3382 526 quidem
3422 474 3473 511 ιιι
3496 477 3530 518 ιι

1958 553 2241 619 potuimus
2264 550 2513 606 divinum
2536 566 2779 615 carmen,
2808 559 2869 603 ut
2899 550 2954 603 in
2984 559 3126 604 terra
3177 551 3380 614 aliena,
3430 566 3525 605 ca-

1957 653 2111 702 nere,
2139 639 2228 694 hic
2251 649 2435 694 autem
2467 656 2669 694 novum
2697 655 2920 694 carmen
2952 638 3261 709 novamque
3295 641 3421 696 vitae
3447 656 3536 694 ra-

1958 728 2167 782 tionem
2240 728 2604 799 inchoamus),
2665 729 2781 783 sive
2829 730 2923 800 qui
2977 730 3277 802 mansimus
3332 730 3388 784 in
3428 730 3532 785 ho-

1960 829 2117 873 nesto
2141 828 2303 889 atque
2334 821 2608 893 progressi
2655 836 2864 884 sumus,
2916 821 3112 891 partim
3138 823 3246 890 jam
3285 838 3344 877 re
3387 823 3532 878 bene

1960 917 2133 981 gesta.
2154 911 2351 980 partim
2380 921 2633 982 gerentes
2656 912 2838 965 adhuc
2866 913 3108 982 Spiritus
3147 914 3533 972 instauratoris

1961 1015 2084 1071 ope.
2112 1020 2128 1051 ι
2155 1000 2281 1055 Harc
2304 1001 2607 1056 secundum
2654 1018 2828 1056 meam
2880 1002 3240 1072 ignorantiam
3285 1005 3535 1075 suspicor

1963 1091 2283 1162 magistrum
2312 1092 2366 1146 in
2398 1093 2581 1147 animo
2605 1092 2864 1146 habuisse
2887 1108 3011 1146 cum
3057 1093 3294 1150 diceret:
3342 1096 3535 1153 «Nune

1964 1193 2146 1240 autem
2197 1180 2522 1254 conccpt’um
2569 1185 2754 1254 accipe
2777 1194 2831 1238 et
2856 1186 3134 1253 priesulta,
3171 1196 3228 1242 ct
3265 1188 3308 1241 si
3338 1204 3449 1243 non
3475 1198 3537 1251 ut

1962 1274 2202 1329 Joannes
2230 1274 2296 1328 de
2328 1283 2506 1338 utero,
2545 1283 2721 1328 tamen
2762 1282 2821 1327 ut
2849 1274 3017 1327 David
3049 1276 3120 1328 ob
3145 1277 3538 1345 repositionem

1966 1380 2126 1429 arere,
2157 1384 2174 1416 ι
2230 1372 2285 1418 et
2319 1364 2801 1434 contemplationis
2846 1365 3153 1421 secundum
3215 1367 3536 1437 dignitatem

1967 1464 2132 1525 atque
2157 1469 2332 1524 genus
2362 1454 2527 1508 modo
2556 1454 2831 1508 dictorum
2875 1456 3395 1525 contemplationem
3432 1475 3542 1520 una

1967 1545 2475 1615 comprehendisse.
2508 1544 2611 1610 Qui
2661 1544 2805 1598 enim
2834 1561 2960 1599 cum
3008 1547 3189 1601 studio
3222 1557 3277 1602 et
3322 1564 3453 1604 cura
3485 1550 3542 1611 in

1964 1635 2283 1706 hujusmodi
2315 1635 2591 1706 mysteriis
2617 1645 2927 1698 versantur,
2974 1637 3542 1709 spiritualiumquein
3590 1622 3595 1627 γ

1970 1724 2053 1781 eis
2080 1726 2355 1780 rationum
2398 1732 2671 1779 amatores
2732 1732 2788 1778 et
2836 1735 3191 1797 spectatores,
3225 1730 3544 1803 generalem

1971 1817 2200 1872 tradunt
2250 1816 2552 1885 Scripturze
2597 1816 3030 1886 contemplandm
3084 1820 3378 1883 rationem,
3413 1837 3541 1877 cum

1969 1925 2078 1963 una
2111 1909 2204 1974 sit,
2231 1908 2556 1978 dcccmplici
2587 1891 2751 1963 modo
2803 1908 3060 1963 ditl‘usam
3105 1911 3365 1978 spectari,
3397 1911 3540 1977 loco,

1971 2010 2237 2073 tempore,
2266 2017 2487 2073 genere,
2513 2016 2774 2073 persona,
2826 1999 3118 2071 dignitate,
3167 2000 3281 2055 sive
3332 2002 3540 2067 studio,

1969 2093 2170 2157 activa,
2196 2093 2456 2157 naturali,
2501 2092 2807 2163 theologica
2838 2092 3209 2162 phi1050phia,
3249 2094 3545 2162 praesentia

1971 2200 2035 2240 ac
2061 2183 2242 2238 futura
2263 2225 2277 2250 ,
2311 2184 2424 2239 sive
2458 2183 2633 2254 figura
2651 2191 2707 2238 et
2752 2182 3007 2247 veritate,
3059 2192 3114 2237 et
3140 2198 3355 2247 ,rursus
3381 2184 3548 2239 colle-v

1973 2283 2115 2330 ctam
2146 2275 2391 2345 quinque
2452 2273 2636 2328 tribus
2680 2272 3154 2343 comprehendere
3196 2273 3394 2340 modis,
3425 2289 3550 2327 rur-

1973 2382 2177 2437 susque
2203 2367 2419 2421 duabus
2450 2372 2562 2419 tres
2591 2374 2650 2420 et
2677 2363 2816 2419 duas
2846 2379 2956 2417 una
2985 2363 3270 2423 includere
3319 2365 3548 2420 omnino

1974 2460 2208 2524 ratione,
2263 2475 2387 2530 quae
2419 2474 2530 2512 non
2564 2465 2922 2511 numeretur:
2975 2455 3055 2510 sic
3096 2456 3380 2526 temporis,
3410 2456 3540 2519 loci,

1974 2551 2489 2624 generis,pcrson:e,
2519 2549 2819 2620 dignitatis,
2866 2562 2994 2603 cum
3042 2546 3286 2616 quinque
3320 2547 3449 2612 sint,
3492 2536 3552 2611 in

1973 2653 2088 2698 tres
2112 2642 2371 2712 colligere
2401 2641 2591 2695 activae
2622 2648 2678 2693 et
2706 2638 2973 2693 naturalis
2998 2648 3055 2693 et
3080 2638 3419 2709 theologicae,
3452 2640 3552 2699 bas

1976 2748 2104 2787 vero
2138 2747 2351 2796 rursus,
2389 2746 2511 2785 cum
2532 2739 2642 2786 tres
2666 2730 2795 2793 sint,
2821 2729 3037 2784 induas
3065 2744 3186 2797 qua:
3210 2728 3276 2782 ad
3315 2745 3554 2798 praesen.

1979 2825 2107 2882 tiam
2163 2836 2327 2894 atque
2375 2824 2620 2877 futurum
2673 2828 2956 2893 spectant,
3004 2829 3059 2875 ct
3099 2819 3199 2874 has
3239 2820 3459 2875 demunt
3495 2821 3552 2881 in

1976 2917 2498 2971 consummatoriam
2518 2923 2574 2969 et
2594 2914 2921 2983 simplicem,
2949 2922 3010 2967 ut
3037 2912 3212 2979 aiunt,
3248 2914 3550 2982 omniaque

1926 3051 1944 3070 ,
1980 3007 2539 3077 comprehcndcntem
2574 3004 2907 3060 ineffabilem
2947 3003 3237 3068 rationem,
3277 3004 3420 3063 unde
3454 3019 3553 3073 per

1976 3100 2414 3169 progressionem
2439 3098 2713 3173 generalis
2751 3096 3042 3151 modorum
3079 3096 3181 3151 sub
3209 3096 3553 3166 contempla-

1974 3191 2123 3246 tione
2148 3191 2448 3261 Scriptura:
2507 3190 2670 3244 decas
2699 3188 2839 3244 facta
2872 3198 3012 3252 erat,
3057 3198 3117 3243 et
3171 3188 3232 3242 in
3259 3205 3446 3260 quam,
3490 3198 3553 3253 ut

1974 3282 2327 3355 principium,
2354 3269 2873 3350 circumscriptione
2904 3279 3098 3334 eadem
3134 3279 3300 3335 dccas
3330 3296 3553 3344 reversa

1976 3375 2030 3427 in
2083 3372 2343 3427 unionem
2399 3386 2593 3426 rursus
2644 3370 2946 3441 colligitur.
3010 3369 3191 3438 Atque
3244 3368 3553 3430 secundant
3620 3398 3627 3407 ο

1977 3472 2192 3531 tempus
2219 3461 2519 3529 Scriptura:
2544 3459 2683 3513 ratio
2725 3466 3027 3527 spectatur,
3054 3473 3178 3512 cum
3221 3457 3551 3527 Aliquando,

1976 3550 2125 3613 Erat,
2158 3551 2272 3613 Est,
2304 3548 2446 3612 Erit,
2478 3546 2620 3602 Ante
2669 3547 2797 3610 hoc,
2831 3547 3099 3610 Praesens,
3136 3546 3266 3600 Post
3319 3546 3445 3610 hoc,
3498 3555 3555 3603 et

1978 3638 2091 3694 Sub
2120 3639 2245 3703 hoc,
2282 3648 2337 3694 ct
2368 3638 2451 3692 Ab
2481 3638 2658 3702 initio,
2700 3636 3065 3700 Prin-teritum,
3109 3621 3403 3707 Futurum,
3450 3652 3554 3690 an-

1977 3747 2078 3786 nos
2111 3741 2165 3787 et
2196 3740 2551 3803 tempestates
2605 3737 2662 3784 et
2712 3743 2931 3784 menses
2979 3738 3035 3783 et
3086 3728 3465 3783 hebdomades
3498 3735 3555 3785 et

1976 3820 2095 3875 dies
2126 3828 2181 3873 et
2224 3829 2416 3873 noctes
2467 3819 2775 3887 horumque
2822 3825 3026 3887 partes,
3091 3826 3149 3871 et
3183 3817 3553 3887 quodcunque

1977 3911 2299 3981 simpliciter
2333 3921 2551 3979 tempus
2584 3908 2828 3972 denotat,
2888 3905 3193 3978 signiﬁcat;
3247 3907 3555 3967 secundum

1976 4005 2180 4067 locum,
2215 4016 2339 4056 cum
2375 4001 2575 4055 emtum
2613 4007 2671 4055 et
2702 3999 2953 4055 tellurem
2987 4005 3044 4053 et
3072 4012 3257 4052 acrem
3289 4005 3344 4051 et
3378 4012 3552 4066 mare,

1978 4083 2201 4158 terram,
2240 4092 2530 4156 terminos,
2569 4090 2849 4160 regiones,
2901 4088 3130 4153 insulas,
3166 4088 3352 4153 urbes,
3403 4087 3551 4156 fana,

1976 4187 2150 4249 vicos,
2195 4199 2381 4253 agros,
2410 4190 2646 4247 montes,
2678 4180 2867 4243 valles,
2893 4180 3028 4243 vias,
3055 4178 3270 4243 ﬂuvios,
3311 4178 3552 4244 deserta,

1978 4280 2152 4341 lacus,
2211 4290 2402 4338 arcas,
2452 4274 2635 4327 vineta
2690 4282 2747 4325 et
2805 4271 3132 4340 simpliciter
3185 4271 3555 4340 quodcunque

304 4362 729 4438 χαρακτηρίζειν
771 4360 1015 4424 δύναται,
1067 4360 1343 4431 σημαίνῃ·
1395 4358 1537 4412 κατά
1587 4358 1743 4427 γένος
1794 4357 1871 4423 δὲ,

1980 4366 2158 4421 locum
2206 4364 2495 4433 exprimat,
2538 4360 2833 4432 signiﬁcat:
2873 4359 3174 4414 secundum
3202 4375 3373 4431 genus
3399 4373 3552 4427 vero,

303 4454 607 4517 καθολικῶς
648 4455 745 4523 μὲν
783 4454 995 4508 ὁπόταν.
1037 4454 1322 4522 ἀγγέλους,
1372 4455 1532 4525 ῆὸσα
1572 4449 1671 4523 τῆς
1703 4456 1756 4506 ὲν
1784 4455 1875 4505 ού-

307 4548 486 4616 ρανοίς
517 4545 633 4597 ἔστι
672 4545 779 4597 τῶν
807 4561 893 4597 νοε
903 4544 1011 4615 ρῶν
1040 4543 1239 4598 ούσιῶν
1268 4545 1701 4618 διακοσμήσεως,
1740 4546 1876 4621 πρὸς

302 4638 359 4691 δὲ
389 4638 481 4691 καὶ
524 4638 675 4708 ἥλιον
716 4638 811 4692 καὶ
860 4635 1113 4706 σελήνην,
1151 4636 1412 4705 ἀστέρας,
1462 4636 1596 4708 πῦρ,
1645 4637 1739 4690 καὶ
1777 4638 1876 4690 ὅσα

304 4734 362 4785 ἐν
406 4730 550 4800 ἀέρι,
584 4731 641 4781 ὲν
677 4730 768 4799 γῇ,
804 4730 862 4780 ἐν
907 4727 1154 4801 θαλάσσῃ
1192 4728 1448 4798 τυγχάνει
1487 4728 1635 4790 ὄντα,
1669 4728 1701 4796 ἥ
1737 4727 1874 4797 ζῶα,

303 4818 337 4890 ἢ
370 4818 642 4887 ζῳόφυτα,
673 4818 706 4886 ἢ
728 4815 907 4883 φυτὰ,
950 4815 1044 4869 καὶ
1092 4817 1194 4883 ὅσα
1232 4816 1297 4869 ἐκ
1334 4816 1438 4885 γῆς
1490 4815 1878 4886 μεταλλεύεται

307 4909 400 4962 καὶ
450 4907 666 4977 τέχναις
709 4904 1011 4976 ἀνθρώπων
1059 4906 1376 4970 ὑποπίπτει,
1425 4906 1521 4959 καὶ
1563 4905 1664 4959 ὅσα
1715 4905 1881 4974 ’ἐτερα

305 4999 553 5062 τοιαῦτα,
588 4998 760 5070 δηλοῖ,
802 4998 1121 5067 ἰδιοτρόπως
1154 4996 1211 5050 δὲ
1255 4997 1438 5063 πάλιν,
1493 4997 1620 5050 ὅταν
1669 4995 1880 5067 ἀνθρώ-

307 5106 460 5152 πους,
515 5088 664 5158 ἔθνη,
712 5089 896 5152 λαοὺς,
944 5087 1218 5155 γλώσσας,
1258 5088 1451 5159 φυλὰς,
1484 5088 1741 5159 πατριὰς,
1785 5089 1879 5140 καὶ

304 5180 405 5232 ὅσα
432 5179 678 5245 τοιαῦτα,
714 5180 809 5232 σὺν
836 5179 1054 5251 ἀριθμῷ
1090 5179 1121 5250 ἣ
1158 5178 1395 5249 ἀριθμοῦ
1421 5180 1589 5248 χωρὶς
1613 5179 1876 5250 ὀνομάζῃ·

307 5274 449 5326 κατὰ
476 5272 764 5343 πρόσωπον
790 5271 867 5334 δὲ,
904 5272 1032 5324 ὅταν
1074 5270 1222 5324 τόνδε
1253 5270 1342 5323 τὸν
1372 5271 1622 5337 ἄγγελον,
1729 5269 1879 5321 τόνδε

305 5362 399 5415 τὸν
428 5361 788 5435 ἀρχάγγελον,
819 5363 851 5431 ἢ
899 5363 1170 5432 Σερατρὶμ,
1208 5361 1239 5431 ἥ
1271 5364 1369 5415 ὅσα
1399 5361 1508 5413 τῶν
1542 5364 1598 5412 ἐν
1630 5362 1879 5431 οὐρανοῖς

306 5455 682 5522 διαιτωμένων
725 5452 927 5524 νοερῶν
967 5454 1187 5517 οὐσιῶν,
1230 5452 1288 5516 ἐξ
1322 5452 1587 5521 ὀνόματος
1634 5452 1793 5521 καλῇ,
1846 5453 1877 5521 ἢ

323 5545 652 5617 Ἀϐραὰμ,ἦ
699 5547 904 5608 Ἰσαὰκ,
936 5546 969 5616 ἢ
1017 5542 1231 5610 Ἰακὼϐ,
1264 5545 1294 5615 ἢ
1324 5545 1510 5614 ἕτερόν
1542 5562 1662 5597 τινα
1693 5545 1798 5596 τῶν
1824 5547 1881 5597 ἐν

277 5638 515 5718 ,ἐπαίνῳ
555 5638 587 5708 ἢ
631 5637 784 5708 ψόγῳ
822 5639 889 5714 τῇ
935 5638 1126 5708 Γραφῇ
1169 5635 1460 5708 κειμένοιν,
1516 5635 1586 5688 δι’
1618 5636 1882 5707 ὀνόματος

1979 4453 2310 4526 generaliter
2337 4448 2575 4522 primum
2605 4466 2728 4504 cum
2764 4449 2988 4519 angelos
3019 4447 3101 4501 vel
3145 4447 3414 4516 quidquid
3442 4462 3555 4502 cos-ﬁ

1979 4545 2131 4599 lestis
2191 4552 2276 4597 est
2339 4539 2797 4596 intellectualium
2866 4538 3232 4592 essentiarum
3306 4537 3554 4606 ordinis,

1979 4636 2176 4691 deinde
2204 4650 2335 4691 vero
2354 4635 2518 4689 etiam
2546 4634 2717 4688 solem
2740 4640 2796 4685 et
2824 4624 3028 4693 lunam,
3051 4629 3256 4694 stellas,
3276 4629 3478 4699 ignem,
3502 4637 3558 4691 et,

1979 4726 2345 4796 quodcunque
2379 4725 2437 4778 in
2468 4739 2616 4787 aere,
2650 4723 2705 4775 in
2729 4730 2895 4783 terra,
2931 4720 2987 4773 in
3036 4718 3173 4772 mari
3202 4726 3400 4783 exstat,
3440 4717 3555 4773 sive

1976 4818 2255 4881 animalia,
2285 4817 2400 4871 sive
2432 4815 2725 4885 zoophyta,
2751 4814 2875 4866 sive
2916 4812 3135 4889 plantae,
3176 4822 3231 4866 ct
3271 4810 3558 4881 quodcum

1980 4926 2086 4978 que
2111 4924 2179 4962 ex
2208 4917 2352 4961 terra
2382 4906 2644 4961 cil'oditur
2672 4904 2997 4974 artibusque
3023 4903 3310 4957 hominum
3338 4902 3558 4974 subjici-

1984 5012 2093 5062 tur,
2119 5009 2175 5053 et
2209 5011 2550 5068 qumcunque
2580 4997 2688 5050 alia
2713 4996 3008 5066 ejusmodi,
3034 4996 3300 5061 ostendit,
3344 4997 3561 5066 specia-

1981 5094 2109 5149 liter
2142 5106 2273 5144 vero
2296 5104 2510 5153 rursus,
2534 5104 2660 5142 cum
2687 5088 2960 5152 homines,
3002 5088 3275 5151 nationes,
3300 5089 3555 5157 populos.

1982 5185 2234 5255 linguas,
2270 5180 2468 5243 tribus,
2523 5187 2735 5249 gentes,
2787 5186 2842 5231 et
2876 5194 2997 5247 qua:
3029 5187 3157 5232 sunt
3206 5179 3426 5249 generis
3452 5179 3557 5232 hu-

1979 5269 2243 5337 jnsmodi,
2271 5283 2394 5320 cum
2420 5281 2655 5320 numero
2697 5274 2793 5319 aut
2836 5266 2956 5319 sine
2998 5281 3234 5320 numero
3281 5267 3556 5336 appellat;

1986 5360 2290 5414 secundum
2324 5374 2612 5428 personam
2641 5373 2795 5421 vero,
2829 5373 2953 5412 cum
2980 5357 3137 5412 hunc
3161 5360 3440 5427 angelum,
3467 5358 3557 5413 vel

1989 5452 2139 5513 hunc.
2165 5450 2577 5519 archangelum,
2607 5448 2691 5501 vel
2729 5448 3041 5518 Seraphim,
3083 5448 3167 5502 vel
3220 5464 3560 5517 qurccunque

1988 5541 2445 5597 intellectualium
2500 5541 2556 5594 in
2589 5539 2745 5595 'cmlo
2778 5542 3166 5604 essentiarum,
3204 5541 3428 5595 nomine
3463 5556 3561 5610 (ψη

1989 5634 2189 5706 pellat,
2232 5633 2317 5688 vel
2369 5632 2668 5701 Abraham,
2729 5632 2816 5687 vel
2858 5632 3030 5702 lsaac,
3088 5632 3175 5688 vel
3232 5632 3421 5700 Jacob,
3475 5632 3564 5696 vel
