  <div class='ocr_page' id='page_1' title='image "/cluster/home/n/w/nwhite01/storage/ocr_20150623/91/hvd.32044052742962/651.png"; bbox 0 0 3938 6192; ppageno 0'>
   <div class='ocr_carea' id='block_1_1' title="bbox 418 225 553 293">
    <p class='ocr_par' dir='ltr' id='par_1_1' title="bbox 418 225 553 293">
     <span class='ocr_line' id='line_1_1' title="bbox 418 225 553 293; baseline -0.015 0"><span class='ocrx_word' id='word_1_1' title='bbox 418 225 553 293; x_wconf 76' lang='grc'>[295</span> 
     </span>
    </p>
   </div>
   <div class='ocr_carea' id='block_1_2' title="bbox 1590 223 2526 287">
    <p class='ocr_par' dir='ltr' id='par_1_2' title="bbox 1590 223 2526 287">
     <span class='ocr_line' id='line_1_2' title="bbox 1590 223 2526 287; baseline -0.003 0"><span class='ocrx_word' id='word_1_2' title='bbox 1590 227 1651 287; x_wconf 92' lang='lat' dir='ltr'><strong>S.</strong></span> <span class='ocrx_word' id='word_1_3' title='bbox 1694 226 1981 287; x_wconf 78' lang='grc' dir='ltr'><strong>ΜΑΧΙΜΙ</strong></span> <span class='ocrx_word' id='word_1_4' title='bbox 2015 223 2526 287; x_wconf 74' lang='lat' dir='ltr'><strong>CONFESSORIS</strong></span> 
     </span>
    </p>
   </div>
   <div class='ocr_carea' id='block_1_3' title="bbox 3535 227 3682 295">
    <p class='ocr_par' dir='ltr' id='par_1_3' title="bbox 3535 227 3682 295">
     <span class='ocr_line' id='line_1_3' title="bbox 3535 227 3682 295; baseline 0.027 -4"><span class='ocrx_word' id='word_1_5' title='bbox 3535 227 3682 295; x_wconf 69' lang='lat'><strong>1296</strong></span> 
     </span>
    </p>
   </div>
   <div class='ocr_carea' id='block_1_4' title="bbox 414 334 1986 431">
    <p class='ocr_par' dir='ltr' id='par_1_4' title="bbox 414 359 1986 431">
     <span class='ocr_line' id='line_1_4' title="bbox 414 359 1986 431; baseline -0.004 -14"><span class='ocrx_word' id='word_1_6' title='bbox 414 364 581 418; x_wconf 89' lang='lat' dir='ltr'><strong>alium</strong></span> <span class='ocrx_word' id='word_1_7' title='bbox 608 360 919 431; x_wconf 81' lang='lat' dir='ltr'><strong>quempiam</strong></span> <span class='ocrx_word' id='word_1_8' title='bbox 942 374 1135 415; x_wconf 90' lang='lat' dir='ltr'><strong>eorum</strong></span> <span class='ocrx_word' id='word_1_9' title='bbox 1168 360 1264 429; x_wconf 98' lang='lat' dir='ltr'><strong>qui</strong></span> <span class='ocrx_word' id='word_1_10' title='bbox 1319 360 1375 414; x_wconf 90' lang='lat' dir='ltr'><strong>in</strong></span> <span class='ocrx_word' id='word_1_11' title='bbox 1405 359 1689 430; x_wconf 79' lang='lat' dir='ltr'><strong>Scriptura</strong></span> <span class='ocrx_word' id='word_1_12' title='bbox 1739 367 1834 413; x_wconf 90' lang='lat' dir='ltr'><strong>aut</strong></span> <span class='ocrx_word' id='word_1_13' title='bbox 1874 360 1986 412; x_wconf 91' lang='lat' dir='ltr'><strong>lau-</strong></span> 
     </span>
    </p>
   </div>
   <div class='ocr_carea' id='block_1_5' title="bbox 2088 334 3687 431">
    <p class='ocr_par' dir='ltr' id='par_1_5' title="bbox 2098 334 3687 416">
     <span class='ocr_line' id='line_1_5' title="bbox 2098 334 3687 416; baseline 0.005 -26"><span class='ocrx_word' id='word_1_14' title='bbox 2098 337 2438 410; x_wconf 79' lang='grc' dir='ltr'>παραδηλοῖ·</span> <span class='ocrx_word' id='word_1_15' title='bbox 2473 336 2595 391; x_wconf 80' lang='grc' dir='ltr'>κατ’</span> <span class='ocrx_word' id='word_1_16' title='bbox 2632 334 2791 403; x_wconf 82' lang='grc' dir='ltr'>ἀξίαν</span> <span class='ocrx_word' id='word_1_17' title='bbox 2817 337 2897 402; x_wconf 82' lang='grc' dir='ltr'><strong>δέ,</strong></span> <span class='ocrx_word' id='word_1_18' title='bbox 2928 338 3090 410; x_wconf 77' lang='grc' dir='ltr'>ἡνίκα</span> <span class='ocrx_word' id='word_1_19' title='bbox 3120 339 3423 411; x_wconf 83' lang='grc' dir='ltr'>βασιλείαν,</span> <span class='ocrx_word' id='word_1_20' title='bbox 3454 345 3490 416; x_wconf 78' lang='grc' dir='ltr'><strong>ἢ</strong></span> <span class='ocrx_word' id='word_1_21' title='bbox 3523 346 3687 415; x_wconf 66' lang='lat' dir='ltr'><strong>pas:-</strong></span> 
     </span>
    </p>
   </div>
   <div class='ocr_carea' id='block_1_6' title="bbox 394 440 1994 518">
    <p class='ocr_par' dir='ltr' id='par_1_6' title="bbox 394 440 1994 518">
     <span class='ocr_line' id='line_1_6' title="bbox 394 440 1994 518; baseline -0.001 -14"><span class='ocrx_word' id='word_1_22' title='bbox 394 440 621 505; x_wconf 77' lang='lat' dir='ltr'><strong>dantur</strong></span> <span class='ocrx_word' id='word_1_23' title='bbox 637 457 731 503; x_wconf 91' lang='lat' dir='ltr'><strong>aut</strong></span> <span class='ocrx_word' id='word_1_24' title='bbox 748 448 1156 518; x_wconf 92' lang='lat' dir='ltr'><strong>vituperantur,</strong></span> <span class='ocrx_word' id='word_1_25' title='bbox 1173 449 1397 503; x_wconf 90' lang='lat' dir='ltr'><strong>nomine</strong></span> <span class='ocrx_word' id='word_1_26' title='bbox 1414 449 1666 515; x_wconf 87' lang='lat' dir='ltr'><strong>denotat;</strong></span> <span class='ocrx_word' id='word_1_27' title='bbox 1692 449 1994 505; x_wconf 86' lang='lat' dir='ltr'><strong>secundum</strong></span> 
     </span>
    </p>
   </div>
   <div class='ocr_carea' id='block_1_7' title="bbox 432 539 1995 612">
    <p class='ocr_par' dir='ltr' id='par_1_7' title="bbox 432 539 1995 612">
     <span class='ocr_line' id='line_1_7' title="bbox 432 539 1995 612; baseline 0 -17"><span class='ocrx_word' id='word_1_28' title='bbox 432 539 758 612; x_wconf 84' lang='lat' dir='ltr'><strong>dignitatem</strong></span> <span class='ocrx_word' id='word_1_29' title='bbox 795 541 1241 610; x_wconf 84' lang='lat' dir='ltr'><strong>autem,quando</strong></span> <span class='ocrx_word' id='word_1_30' title='bbox 1270 556 1524 612; x_wconf 79' lang='lat' dir='ltr'><strong>regnum,</strong></span> <span class='ocrx_word' id='word_1_31' title='bbox 1550 551 1645 597; x_wconf 79' lang='lat' dir='ltr'><strong>aut</strong></span> <span class='ocrx_word' id='word_1_32' title='bbox 1678 557 1881 612; x_wconf 87' lang='lat' dir='ltr'><strong>regem,</strong></span> <span class='ocrx_word' id='word_1_33' title='bbox 1900 548 1995 596; x_wconf 90' lang='lat' dir='ltr'><strong>aut</strong></span> 
     </span>
    </p>
   </div>
   <div class='ocr_carea' id='block_1_8' title="bbox 414 631 1996 701">
    <p class='ocr_par' dir='ltr' id='par_1_8' title="bbox 414 631 1996 701">
     <span class='ocr_line' id='line_1_8' title="bbox 414 631 1996 701; baseline 0.001 -15"><span class='ocrx_word' id='word_1_34' title='bbox 414 639 717 701; x_wconf 74' lang='lat' dir='ltr'><strong>pastorem,</strong></span> <span class='ocrx_word' id='word_1_35' title='bbox 738 639 831 697; x_wconf 85' lang='lat' dir='ltr'><strong>aut</strong></span> <span class='ocrx_word' id='word_1_36' title='bbox 850 647 1091 701; x_wconf 78' lang='lat' dir='ltr'><strong>gregem,</strong></span> <span class='ocrx_word' id='word_1_37' title='bbox 1123 641 1218 686; x_wconf 92' lang='lat' dir='ltr'><strong>aut</strong></span> <span class='ocrx_word' id='word_1_38' title='bbox 1242 632 1609 697; x_wconf 78' lang='lat' dir='ltr'><strong>sacerdotem,</strong></span> <span class='ocrx_word' id='word_1_39' title='bbox 1628 640 1722 687; x_wconf 90' lang='lat' dir='ltr'><strong>aut</strong></span> <span class='ocrx_word' id='word_1_40' title='bbox 1740 631 1996 688; x_wconf 87' lang='lat' dir='ltr'><strong>sacerdo-</strong></span> 
     </span>
    </p>
   </div>
   <div class='ocr_carea' id='block_1_9' title="bbox 417 723 1990 792">
    <p class='ocr_par' dir='ltr' id='par_1_9' title="bbox 417 723 1990 792">
     <span class='ocr_line' id='line_1_9' title="bbox 417 723 1990 792; baseline -0.003 -12"><span class='ocrx_word' id='word_1_41' title='bbox 417 725 687 788; x_wconf 90' lang='lat' dir='ltr'><strong>tium,aut</strong></span> <span class='ocrx_word' id='word_1_42' title='bbox 705 723 1023 790; x_wconf 80' lang='lat' dir='ltr'><strong>agricolam,</strong></span> <span class='ocrx_word' id='word_1_43' title='bbox 1044 732 1139 777; x_wconf 90' lang='lat' dir='ltr'><strong>aut</strong></span> <span class='ocrx_word' id='word_1_44' title='bbox 1160 732 1471 792; x_wconf 67' lang='lat' dir='ltr'><strong>praetorem,</strong></span> <span class='ocrx_word' id='word_1_45' title='bbox 1491 732 1586 778; x_wconf 86' lang='lat' dir='ltr'><strong>aut</strong></span> <span class='ocrx_word' id='word_1_46' title='bbox 1603 723 1990 785; x_wconf 84' lang='lat' dir='ltr'><strong>architectum,</strong></span> 
     </span>
    </p>
   </div>
   <div class='ocr_carea' id='block_1_10' title="bbox 414 813 1993 885">
    <p class='ocr_par' dir='ltr' id='par_1_10' title="bbox 414 813 1993 885">
     <span class='ocr_line' id='line_1_10' title="bbox 414 813 1993 885; baseline -0.003 -13"><span class='ocrx_word' id='word_1_47' title='bbox 414 825 471 872; x_wconf 90' lang='lat' dir='ltr'><strong>et</strong></span> <span class='ocrx_word' id='word_1_48' title='bbox 506 815 835 885; x_wconf 87' lang='lat' dir='ltr'><strong>simpliciter</strong></span> <span class='ocrx_word' id='word_1_49' title='bbox 864 813 909 869; x_wconf 90' lang='lat' dir='ltr'><strong>si</strong></span> <span class='ocrx_word' id='word_1_50' title='bbox 928 814 1060 884; x_wconf 90' lang='lat' dir='ltr'><strong>quid</strong></span> <span class='ocrx_word' id='word_1_51' title='bbox 1086 814 1238 869; x_wconf 80' lang='lat' dir='ltr'><strong>aliud</strong></span> <span class='ocrx_word' id='word_1_52' title='bbox 1254 830 1448 869; x_wconf 91' lang='lat' dir='ltr'><strong>eorum</strong></span> <span class='ocrx_word' id='word_1_53' title='bbox 1469 814 1673 883; x_wconf 86' lang='lat' dir='ltr'><strong>quibus</strong></span> <span class='ocrx_word' id='word_1_54' title='bbox 1692 814 1993 868; x_wconf 89' lang='lat' dir='ltr'><strong>humanum</strong></span> 
     </span>
    </p>
   </div>
   <div class='ocr_carea' id='block_1_11' title="bbox 414 905 1992 980">
    <p class='ocr_par' dir='ltr' id='par_1_11' title="bbox 414 905 1992 980">
     <span class='ocr_line' id='line_1_11' title="bbox 414 905 1992 980; baseline -0.001 -19"><span class='ocrx_word' id='word_1_55' title='bbox 414 922 587 980; x_wconf 89' lang='lat' dir='ltr'><strong>genus</strong></span> <span class='ocrx_word' id='word_1_56' title='bbox 620 905 892 960; x_wconf 81' lang='lat' dir='ltr'><strong>dividitur</strong></span> <span class='ocrx_word' id='word_1_57' title='bbox 926 905 1252 961; x_wconf 90' lang='lat' dir='ltr'><strong>studiorum</strong></span> <span class='ocrx_word' id='word_1_58' title='bbox 1298 914 1354 960; x_wconf 93' lang='lat' dir='ltr'><strong>et</strong></span> <span class='ocrx_word' id='word_1_59' title='bbox 1381 906 1805 976; x_wconf 83' lang='lat' dir='ltr'><strong>professionum.</strong></span> <span class='ocrx_word' id='word_1_60' title='bbox 1832 905 1992 972; x_wconf 63' lang='lat' dir='ltr'><strong>Que-</strong></span> 
     </span>
    </p>
   </div>
   <div class='ocr_carea' id='block_1_12' title="bbox 412 995 1994 1069">
    <p class='ocr_par' dir='ltr' id='par_1_12' title="bbox 412 995 1994 1069">
     <span class='ocr_line' id='line_1_12' title="bbox 412 995 1994 1069; baseline -0.004 -15"><span class='ocrx_word' id='word_1_61' title='bbox 412 1013 648 1068; x_wconf 89' lang='lat' dir='ltr'><strong>cumque</strong></span> <span class='ocrx_word' id='word_1_62' title='bbox 670 995 818 1053; x_wconf 90' lang='lat' dir='ltr'><strong>enim</strong></span> <span class='ocrx_word' id='word_1_63' title='bbox 834 996 1082 1066; x_wconf 89' lang='lat' dir='ltr'><strong>quinque</strong></span> <span class='ocrx_word' id='word_1_64' title='bbox 1104 995 1213 1050; x_wconf 88' lang='lat' dir='ltr'><strong>illis</strong></span> <span class='ocrx_word' id='word_1_65' title='bbox 1233 996 1413 1051; x_wconf 90' lang='lat' dir='ltr'><strong>modis</strong></span> <span class='ocrx_word' id='word_1_66' title='bbox 1436 997 1831 1067; x_wconf 88' lang='lat' dir='ltr'><strong>comprehensa</strong></span> <span class='ocrx_word' id='word_1_67' title='bbox 1852 995 1994 1069; x_wconf 85' lang='lat' dir='ltr'><strong>ratio</strong></span> 
     </span>
    </p>
   </div>
   <div class='ocr_carea' id='block_1_13' title="bbox 412 1086 1989 1157">
    <p class='ocr_par' dir='ltr' id='par_1_13' title="bbox 412 1086 1989 1157">
     <span class='ocr_line' id='line_1_13' title="bbox 412 1086 1989 1157; baseline -0.004 -11"><span class='ocrx_word' id='word_1_68' title='bbox 412 1088 677 1152; x_wconf 79' lang='lat' dir='ltr'><strong>ostendit,</strong></span> <span class='ocrx_word' id='word_1_69' title='bbox 715 1086 955 1141; x_wconf 85' lang='lat' dir='ltr'><strong>essentia</strong></span> <span class='ocrx_word' id='word_1_70' title='bbox 982 1093 1039 1139; x_wconf 91' lang='lat' dir='ltr'><strong>et</strong></span> <span class='ocrx_word' id='word_1_71' title='bbox 1066 1092 1337 1154; x_wconf 87' lang='lat' dir='ltr'><strong>potestate</strong></span> <span class='ocrx_word' id='word_1_72' title='bbox 1354 1093 1410 1139; x_wconf 91' lang='lat' dir='ltr'><strong>et</strong></span> <span class='ocrx_word' id='word_1_73' title='bbox 1433 1087 1673 1151; x_wconf 87' lang='lat' dir='ltr'><strong>actione,</strong></span> <span class='ocrx_word' id='word_1_74' title='bbox 1705 1086 1989 1157; x_wconf 87' lang='lat' dir='ltr'><strong>primariis</strong></span> 
     </span>
    </p>
   </div>
   <div class='ocr_carea' id='block_1_14' title="bbox 414 1174 1993 1241">
    <p class='ocr_par' dir='ltr' id='par_1_14' title="bbox 414 1174 1993 1241">
     <span class='ocr_line' id='line_1_14' title="bbox 414 1174 1993 1241; baseline -0.002 -7"><span class='ocrx_word' id='word_1_75' title='bbox 414 1179 560 1234; x_wconf 88' lang='lat' dir='ltr'><strong>circa</strong></span> <span class='ocrx_word' id='word_1_76' title='bbox 595 1192 661 1232; x_wconf 91' lang='lat' dir='ltr'><strong>ea</strong></span> <span class='ocrx_word' id='word_1_77' title='bbox 708 1174 1187 1236; x_wconf 86' lang='lat' dir='ltr'><strong>distinctionibus,</strong></span> <span class='ocrx_word' id='word_1_78' title='bbox 1222 1176 1598 1241; x_wconf 88' lang='lat' dir='ltr'><strong>consistentia,</strong></span> <span class='ocrx_word' id='word_1_79' title='bbox 1650 1191 1716 1230; x_wconf 91' lang='lat' dir='ltr'><strong>ea</strong></span> <span class='ocrx_word' id='word_1_80' title='bbox 1767 1185 1993 1231; x_wconf 90' lang='lat' dir='ltr'><strong>movent</strong></span> 
     </span>
    </p>
   </div>
   <div class='ocr_carea' id='block_1_15' title="bbox 411 1267 1993 1336">
    <p class='ocr_par' dir='ltr' id='par_1_15' title="bbox 411 1267 1993 1336">
     <span class='ocr_line' id='line_1_15' title="bbox 411 1267 1993 1336; baseline -0.005 -10"><span class='ocrx_word' id='word_1_81' title='bbox 411 1267 641 1326; x_wconf 86' lang='lat' dir='ltr'><strong>omnino</strong></span> <span class='ocrx_word' id='word_1_82' title='bbox 672 1274 767 1320; x_wconf 91' lang='lat' dir='ltr'><strong>aut</strong></span> <span class='ocrx_word' id='word_1_83' title='bbox 789 1272 1102 1328; x_wconf 84' lang='lat' dir='ltr'><strong>moventur,</strong></span> <span class='ocrx_word' id='word_1_84' title='bbox 1133 1274 1303 1335; x_wconf 85' lang='lat' dir='ltr'><strong>agunt</strong></span> <span class='ocrx_word' id='word_1_85' title='bbox 1329 1273 1426 1319; x_wconf 91' lang='lat' dir='ltr'><strong>aut</strong></span> <span class='ocrx_word' id='word_1_86' title='bbox 1456 1274 1715 1336; x_wconf 89' lang='lat' dir='ltr'><strong>aguntur,</strong></span> <span class='ocrx_word' id='word_1_87' title='bbox 1741 1272 1993 1335; x_wconf 87' lang='lat' dir='ltr'><strong>spectant</strong></span> 
     </span>
    </p>
   </div>
   <div class='ocr_carea' id='block_1_16' title="bbox 411 1353 1993 1427">
    <p class='ocr_par' dir='ltr' id='par_1_16' title="bbox 411 1353 1993 1427">
     <span class='ocr_line' id='line_1_16' title="bbox 411 1353 1993 1427; baseline -0.004 -13"><span class='ocrx_word' id='word_1_88' title='bbox 411 1366 510 1414; x_wconf 81' lang='lat' dir='ltr'><strong>aut</strong></span> <span class='ocrx_word' id='word_1_89' title='bbox 556 1361 900 1427; x_wconf 87' lang='lat' dir='ltr'><strong>spectantur,</strong></span> <span class='ocrx_word' id='word_1_90' title='bbox 956 1353 1152 1408; x_wconf 87' lang='lat' dir='ltr'><strong>dicunt</strong></span> <span class='ocrx_word' id='word_1_91' title='bbox 1206 1361 1303 1408; x_wconf 92' lang='lat' dir='ltr'><strong>aut</strong></span> <span class='ocrx_word' id='word_1_92' title='bbox 1335 1354 1619 1421; x_wconf 89' lang='lat' dir='ltr'><strong>dicuntur,</strong></span> <span class='ocrx_word' id='word_1_93' title='bbox 1663 1354 1867 1410; x_wconf 85' lang='lat' dir='ltr'><strong>docent</strong></span> <span class='ocrx_word' id='word_1_94' title='bbox 1896 1361 1993 1410; x_wconf 87' lang='lat' dir='ltr'><strong>aut</strong></span> 
     </span>
    </p>
   </div>
   <div class='ocr_carea' id='block_1_17' title="bbox 415 1445 1988 1516">
    <p class='ocr_par' dir='ltr' id='par_1_17' title="bbox 415 1445 1988 1516">
     <span class='ocr_line' id='line_1_17' title="bbox 415 1445 1988 1516; baseline -0.003 -11"><span class='ocrx_word' id='word_1_95' title='bbox 415 1447 710 1511; x_wconf 83' lang='lat' dir='ltr'><strong>docentur,</strong></span> <span class='ocrx_word' id='word_1_96' title='bbox 752 1445 1053 1500; x_wconf 85' lang='lat' dir='ltr'><strong>advertunt</strong></span> <span class='ocrx_word' id='word_1_97' title='bbox 1091 1451 1188 1498; x_wconf 89' lang='lat' dir='ltr'><strong>aut</strong></span> <span class='ocrx_word' id='word_1_98' title='bbox 1221 1454 1502 1511; x_wconf 87' lang='lat' dir='ltr'><strong>avertunt,</strong></span> <span class='ocrx_word' id='word_1_99' title='bbox 1540 1455 1596 1501; x_wconf 91' lang='lat' dir='ltr'><strong>et</strong></span> <span class='ocrx_word' id='word_1_100' title='bbox 1641 1445 1988 1516; x_wconf 87' lang='lat' dir='ltr'><strong>simpliciter,</strong></span> 
     </span>
    </p>
   </div>
   <div class='ocr_carea' id='block_1_18' title="bbox 411 1534 1993 1608">
    <p class='ocr_par' dir='ltr' id='par_1_18' title="bbox 411 1534 1993 1608">
     <span class='ocr_line' id='line_1_18' title="bbox 411 1534 1993 1608; baseline -0.003 -13"><span class='ocrx_word' id='word_1_101' title='bbox 411 1546 474 1595; x_wconf 82' lang='lat' dir='ltr'><strong>ut</strong></span> <span class='ocrx_word' id='word_1_102' title='bbox 505 1536 697 1608; x_wconf 88' lang='lat' dir='ltr'><strong>paucis</strong></span> <span class='ocrx_word' id='word_1_103' title='bbox 724 1534 927 1598; x_wconf 80' lang='lat' dir='ltr'><strong>dicam,</strong></span> <span class='ocrx_word' id='word_1_104' title='bbox 953 1534 1086 1589; x_wconf 90' lang='lat' dir='ltr'><strong>dum</strong></span> <span class='ocrx_word' id='word_1_105' title='bbox 1119 1534 1331 1589; x_wconf 89' lang='lat' dir='ltr'><strong>faciunt</strong></span> <span class='ocrx_word' id='word_1_106' title='bbox 1366 1542 1462 1589; x_wconf 80' lang='lat' dir='ltr'><strong>aut</strong></span> <span class='ocrx_word' id='word_1_107' title='bbox 1515 1536 1824 1605; x_wconf 88' lang='lat' dir='ltr'><strong>patiuntur,</strong></span> <span class='ocrx_word' id='word_1_108' title='bbox 1856 1535 1993 1591; x_wconf 86' lang='lat' dir='ltr'><strong>acti-</strong></span> 
     </span>
    </p>
   </div>
   <div class='ocr_carea' id='block_1_19' title="bbox 409 1624 1988 1696">
    <p class='ocr_par' dir='ltr' id='par_1_19' title="bbox 409 1624 1988 1696">
     <span class='ocr_line' id='line_1_19' title="bbox 409 1624 1988 1696; baseline -0.003 -11"><span class='ocrx_word' id='word_1_109' title='bbox 409 1644 533 1685; x_wconf 87' lang='lat' dir='ltr'><strong>vam</strong></span> <span class='ocrx_word' id='word_1_110' title='bbox 565 1635 622 1683; x_wconf 90' lang='lat' dir='ltr'><strong>et</strong></span> <span class='ocrx_word' id='word_1_111' title='bbox 650 1626 965 1682; x_wconf 90' lang='lat' dir='ltr'><strong>naturalem</strong></span> <span class='ocrx_word' id='word_1_112' title='bbox 992 1636 1049 1680; x_wconf 91' lang='lat' dir='ltr'><strong>et</strong></span> <span class='ocrx_word' id='word_1_113' title='bbox 1082 1624 1449 1696; x_wconf 83' lang='lat' dir='ltr'><strong>theologicam</strong></span> <span class='ocrx_word' id='word_1_114' title='bbox 1478 1624 1546 1681; x_wconf 88' lang='lat' dir='ltr'><strong>de</strong></span> <span class='ocrx_word' id='word_1_115' title='bbox 1580 1635 1773 1681; x_wconf 87' lang='lat' dir='ltr'><strong>mutuo</strong></span> <span class='ocrx_word' id='word_1_116' title='bbox 1797 1641 1988 1681; x_wconf 91' lang='lat' dir='ltr'><strong>earum</strong></span> 
     </span>
    </p>
   </div>
   <div class='ocr_carea' id='block_1_20' title="bbox 407 1716 1988 1789">
    <p class='ocr_par' dir='ltr' id='par_1_20' title="bbox 407 1716 1988 1789">
     <span class='ocr_line' id='line_1_20' title="bbox 407 1716 1988 1789; baseline -0.002 -13"><span class='ocrx_word' id='word_1_117' title='bbox 407 1728 560 1778; x_wconf 70' lang='lat' dir='ltr'><strong>inter</strong></span> <span class='ocrx_word' id='word_1_118' title='bbox 577 1735 635 1774; x_wconf 87' lang='lat' dir='ltr'><strong>se</strong></span> <span class='ocrx_word' id='word_1_119' title='bbox 656 1733 803 1773; x_wconf 87' lang='lat' dir='ltr'><strong>nexu</strong></span> <span class='ocrx_word' id='word_1_120' title='bbox 822 1717 973 1771; x_wconf 89' lang='lat' dir='ltr'><strong>varie</strong></span> <span class='ocrx_word' id='word_1_121' title='bbox 993 1717 1160 1771; x_wconf 90' lang='lat' dir='ltr'><strong>nobis</strong></span> <span class='ocrx_word' id='word_1_122' title='bbox 1175 1716 1540 1772; x_wconf 88' lang='lat' dir='ltr'><strong>introducunt</strong></span> <span class='ocrx_word' id='word_1_123' title='bbox 1554 1718 1988 1789; x_wconf 83' lang='lat' dir='ltr'><strong>philosophiam,</strong></span> 
     </span>
    </p>
   </div>
   <div class='ocr_carea' id='block_1_21' title="bbox 406 1807 1989 1880">
    <p class='ocr_par' dir='ltr' id='par_1_21' title="bbox 406 1807 1989 1880">
     <span class='ocr_line' id='line_1_21' title="bbox 406 1807 1989 1880; baseline 0 -14"><span class='ocrx_word' id='word_1_124' title='bbox 406 1825 533 1868; x_wconf 85' lang='lat' dir='ltr'><strong>cum</strong></span> <span class='ocrx_word' id='word_1_125' title='bbox 589 1807 1023 1878; x_wconf 83' lang='lat' dir='ltr'><strong>unumquodque</strong></span> <span class='ocrx_word' id='word_1_126' title='bbox 1080 1822 1278 1862; x_wconf 87' lang='lat' dir='ltr'><strong>eorum</strong></span> <span class='ocrx_word' id='word_1_127' title='bbox 1340 1808 1605 1863; x_wconf 85' lang='lat' dir='ltr'><strong>nimirum</strong></span> <span class='ocrx_word' id='word_1_128' title='bbox 1663 1825 1788 1880; x_wconf 60' lang='lat' dir='ltr'><strong>qua</strong></span> <span class='ocrx_word' id='word_1_129' title='bbox 1842 1810 1989 1866; x_wconf 88' lang='lat' dir='ltr'><strong>dicta</strong></span> 
     </span>
    </p>
   </div>
   <div class='ocr_carea' id='block_1_22' title="bbox 407 1894 1985 1972">
    <p class='ocr_par' dir='ltr' id='par_1_22' title="bbox 407 1894 1985 1972">
     <span class='ocr_line' id='line_1_22' title="bbox 407 1894 1985 1972; baseline 0 -16"><span class='ocrx_word' id='word_1_130' title='bbox 407 1912 540 1957; x_wconf 88' lang='lat' dir='ltr'><strong>sunt</strong></span> <span class='ocrx_word' id='word_1_131' title='bbox 577 1894 934 1956; x_wconf 79' lang='lat' dir='ltr'><strong>multifariam</strong></span> <span class='ocrx_word' id='word_1_132' title='bbox 985 1900 1477 1970; x_wconf 82' lang='lat' dir='ltr'><strong>contemplationis</strong></span> <span class='ocrx_word' id='word_1_133' title='bbox 1504 1900 1654 1956; x_wconf 89' lang='lat' dir='ltr'><strong>circa</strong></span> <span class='ocrx_word' id='word_1_134' title='bbox 1694 1916 1754 1958; x_wconf 88' lang='lat' dir='ltr'><strong>se</strong></span> <span class='ocrx_word' id='word_1_135' title='bbox 1804 1902 1985 1972; x_wconf 91' lang='lat' dir='ltr'><strong>ipsum</strong></span> 
     </span>
    </p>
   </div>
   <div class='ocr_carea' id='block_1_23' title="bbox 408 1988 1982 2063">
    <p class='ocr_par' dir='ltr' id='par_1_23' title="bbox 408 1988 1982 2063">
     <span class='ocr_line' id='line_1_23' title="bbox 408 1988 1982 2063; baseline -0.001 -16"><span class='ocrx_word' id='word_1_136' title='bbox 408 1990 841 2062; x_wconf 88' lang='lat' dir='ltr'><strong>cogitationibus</strong></span> <span class='ocrx_word' id='word_1_137' title='bbox 873 2004 999 2045; x_wconf 91' lang='lat' dir='ltr'><strong>cum</strong></span> <span class='ocrx_word' id='word_1_138' title='bbox 1032 1988 1195 2045; x_wconf 87' lang='lat' dir='ltr'><strong>laude</strong></span> <span class='ocrx_word' id='word_1_139' title='bbox 1222 1997 1319 2044; x_wconf 88' lang='lat' dir='ltr'><strong>aut</strong></span> <span class='ocrx_word' id='word_1_140' title='bbox 1341 1989 1619 2060; x_wconf 91' lang='lat' dir='ltr'><strong>vituperio</strong></span> <span class='ocrx_word' id='word_1_141' title='bbox 1660 1990 1982 2063; x_wconf 89' lang='lat' dir='ltr'><strong>accipiatur,</strong></span> 
     </span>
    </p>
   </div>
   <div class='ocr_carea' id='block_1_24' title="bbox 380 2079 1987 2153">
    <p class='ocr_par' dir='ltr' id='par_1_24' title="bbox 380 2079 1987 2153">
     <span class='ocr_line' id='line_1_24' title="bbox 380 2079 1987 2153; baseline -0.002 -14"><span class='ocrx_word' id='word_1_142' title='bbox 380 2097 647 2153; x_wconf 84' lang='lat' dir='ltr'><strong>suasque</strong></span> <span class='ocrx_word' id='word_1_143' title='bbox 678 2082 926 2137; x_wconf 85' lang='lat' dir='ltr'><strong>rationes</strong></span> <span class='ocrx_word' id='word_1_144' title='bbox 948 2079 1230 2136; x_wconf 84' lang='lat' dir='ltr'><strong>faciendas</strong></span> <span class='ocrx_word' id='word_1_145' title='bbox 1246 2088 1345 2135; x_wconf 91' lang='lat' dir='ltr'><strong>aut</strong></span> <span class='ocrx_word' id='word_1_146' title='bbox 1365 2096 1476 2153; x_wconf 88' lang='lat' dir='ltr'><strong>non</strong></span> <span class='ocrx_word' id='word_1_147' title='bbox 1500 2080 1795 2144; x_wconf 87' lang='lat' dir='ltr'><strong>faciendas,</strong></span> <span class='ocrx_word' id='word_1_148' title='bbox 1826 2090 1987 2135; x_wconf 89' lang='lat' dir='ltr'><strong>natu-</strong></span> 
     </span>
    </p>
   </div>
   <div class='ocr_carea' id='block_1_25' title="bbox 417 2160 1988 2241">
    <p class='ocr_par' dir='ltr' id='par_1_25' title="bbox 417 2160 1988 2241">
     <span class='ocr_line' id='line_1_25' title="bbox 417 2160 1988 2241; baseline -0.002 -12"><span class='ocrx_word' id='word_1_149' title='bbox 417 2174 563 2229; x_wconf 88' lang='lat' dir='ltr'><strong>rales</strong></span> <span class='ocrx_word' id='word_1_150' title='bbox 586 2180 682 2228; x_wconf 90' lang='lat' dir='ltr'><strong>aut</strong></span> <span class='ocrx_word' id='word_1_151' title='bbox 712 2172 1073 2236; x_wconf 87' lang='lat' dir='ltr'><strong>innaturales,</strong></span> <span class='ocrx_word' id='word_1_152' title='bbox 1110 2160 1486 2241; x_wconf 80' lang='lat' dir='ltr'><strong>intelligibiles</strong></span> <span class='ocrx_word' id='word_1_153' title='bbox 1520 2178 1618 2225; x_wconf 90' lang='lat' dir='ltr'><strong>aut</strong></span> <span class='ocrx_word' id='word_1_154' title='bbox 1646 2184 1755 2225; x_wconf 91' lang='lat' dir='ltr'><strong>non</strong></span> <span class='ocrx_word' id='word_1_155' title='bbox 1783 2171 1988 2227; x_wconf 87' lang='lat' dir='ltr'><strong>intelli-</strong></span> 
     </span>
    </p>
   </div>
   <div class='ocr_carea' id='block_1_26' title="bbox 406 2261 1984 2338">
    <p class='ocr_par' dir='ltr' id='par_1_26' title="bbox 406 2261 1984 2338">
     <span class='ocr_line' id='line_1_26' title="bbox 406 2261 1984 2338; baseline -0.001 -19"><span class='ocrx_word' id='word_1_156' title='bbox 406 2265 609 2338; x_wconf 89' lang='lat' dir='ltr'><strong>gibiles</strong></span> <span class='ocrx_word' id='word_1_157' title='bbox 628 2263 906 2321; x_wconf 89' lang='lat' dir='ltr'><strong>ostendat.</strong></span> <span class='ocrx_word' id='word_1_158' title='bbox 935 2262 1147 2334; x_wconf 80' lang='lat' dir='ltr'><strong>Duplex</strong></span> <span class='ocrx_word' id='word_1_159' title='bbox 1169 2262 1341 2327; x_wconf 89' lang='lat' dir='ltr'><strong>enim,</strong></span> <span class='ocrx_word' id='word_1_160' title='bbox 1368 2263 1449 2317; x_wconf 90' lang='lat' dir='ltr'><strong>uti</strong></span> <span class='ocrx_word' id='word_1_161' title='bbox 1472 2262 1608 2327; x_wconf 88' lang='lat' dir='ltr'><strong>dixi,</strong></span> <span class='ocrx_word' id='word_1_162' title='bbox 1625 2261 1984 2335; x_wconf 83' lang='lat' dir='ltr'><strong>uniuscujus-</strong></span> 
     </span>
    </p>
   </div>
   <div class='ocr_carea' id='block_1_27' title="bbox 413 2353 1985 2428">
    <p class='ocr_par' dir='ltr' id='par_1_27' title="bbox 413 2353 1985 2428">
     <span class='ocr_line' id='line_1_27' title="bbox 413 2353 1985 2428; baseline -0.003 -16"><span class='ocrx_word' id='word_1_163' title='bbox 413 2372 524 2428; x_wconf 86' lang='lat' dir='ltr'><strong>que</strong></span> <span class='ocrx_word' id='word_1_164' title='bbox 576 2355 809 2410; x_wconf 71' lang='lat' dir='ltr'><strong>rationis</strong></span> <span class='ocrx_word' id='word_1_165' title='bbox 852 2354 1053 2410; x_wconf 89' lang='lat' dir='ltr'><strong>modus</strong></span> <span class='ocrx_word' id='word_1_166' title='bbox 1078 2362 1184 2419; x_wconf 89' lang='lat' dir='ltr'><strong>est,</strong></span> <span class='ocrx_word' id='word_1_167' title='bbox 1234 2354 1304 2408; x_wconf 92' lang='lat' dir='ltr'><strong>ad</strong></span> <span class='ocrx_word' id='word_1_168' title='bbox 1344 2353 1663 2411; x_wconf 83' lang='lat' dir='ltr'><strong>facultatem</strong></span> <span class='ocrx_word' id='word_1_169' title='bbox 1704 2354 1826 2425; x_wconf 88' lang='lat' dir='ltr'><strong>ejus</strong></span> <span class='ocrx_word' id='word_1_170' title='bbox 1888 2353 1985 2424; x_wconf 89' lang='lat' dir='ltr'><strong>qui</strong></span> 
     </span>
    </p>
   </div>
   <div class='ocr_carea' id='block_1_28' title="bbox 405 2444 1988 2516">
    <p class='ocr_par' dir='ltr' id='par_1_28' title="bbox 405 2444 1988 2516">
     <span class='ocr_line' id='line_1_28' title="bbox 405 2444 1988 2516; baseline -0.001 -14"><span class='ocrx_word' id='word_1_171' title='bbox 405 2444 894 2516; x_wconf 84' lang='lat' dir='ltr'><strong>contemplationis</strong></span> <span class='ocrx_word' id='word_1_172' title='bbox 947 2445 1008 2500; x_wconf 88' lang='lat' dir='ltr'><strong>in</strong></span> <span class='ocrx_word' id='word_1_173' title='bbox 1061 2444 1146 2500; x_wconf 90' lang='lat' dir='ltr'><strong>eis</strong></span> <span class='ocrx_word' id='word_1_174' title='bbox 1197 2445 1636 2515; x_wconf 79' lang='lat' dir='ltr'><strong>explorationem</strong></span> <span class='ocrx_word' id='word_1_175' title='bbox 1684 2445 1988 2516; x_wconf 85' lang='lat' dir='ltr'><strong>prudenter</strong></span> 
     </span>
    </p>
   </div>
   <div class='ocr_carea' id='block_1_29' title="bbox 406 2536 1988 2611">
    <p class='ocr_par' dir='ltr' id='par_1_29' title="bbox 406 2536 1988 2611">
     <span class='ocr_line' id='line_1_29' title="bbox 406 2536 1988 2611; baseline -0.001 -16"><span class='ocrx_word' id='word_1_176' title='bbox 406 2538 669 2603; x_wconf 88' lang='lat' dir='ltr'><strong>instituit,</strong></span> <span class='ocrx_word' id='word_1_177' title='bbox 700 2545 763 2593; x_wconf 91' lang='lat' dir='ltr'><strong>ut</strong></span> <span class='ocrx_word' id='word_1_178' title='bbox 784 2552 854 2594; x_wconf 87' lang='lat' dir='ltr'><strong>ex</strong></span> <span class='ocrx_word' id='word_1_179' title='bbox 875 2536 1262 2611; x_wconf 78' lang='lat' dir='ltr'><strong>faciendorum</strong></span> <span class='ocrx_word' id='word_1_180' title='bbox 1283 2545 1342 2594; x_wconf 91' lang='lat' dir='ltr'><strong>et</strong></span> <span class='ocrx_word' id='word_1_181' title='bbox 1369 2538 1707 2592; x_wconf 81' lang='lat' dir='ltr'><strong>naturalium</strong></span> <span class='ocrx_word' id='word_1_182' title='bbox 1731 2545 1788 2593; x_wconf 90' lang='lat' dir='ltr'><strong>et</strong></span> <span class='ocrx_word' id='word_1_183' title='bbox 1824 2537 1988 2594; x_wconf 87' lang='lat' dir='ltr'><strong>intel-</strong></span> 
     </span>
    </p>
   </div>
   <div class='ocr_carea' id='block_1_30' title="bbox 405 2628 1982 2702">
    <p class='ocr_par' dir='ltr' id='par_1_30' title="bbox 405 2628 1982 2702">
     <span class='ocr_line' id='line_1_30' title="bbox 405 2628 1982 2702; baseline -0.001 -16"><span class='ocrx_word' id='word_1_184' title='bbox 405 2630 698 2702; x_wconf 78' lang='lat' dir='ltr'><strong>ligibilium</strong></span> <span class='ocrx_word' id='word_1_185' title='bbox 723 2628 1004 2684; x_wconf 86' lang='lat' dir='ltr'><strong>rationum</strong></span> <span class='ocrx_word' id='word_1_186' title='bbox 1025 2628 1327 2700; x_wconf 83' lang='lat' dir='ltr'><strong>positione,</strong></span> <span class='ocrx_word' id='word_1_187' title='bbox 1375 2638 1433 2684; x_wconf 86' lang='lat' dir='ltr'><strong>et</strong></span> <span class='ocrx_word' id='word_1_188' title='bbox 1455 2644 1526 2684; x_wconf 89' lang='lat' dir='ltr'><strong>ex</strong></span> <span class='ocrx_word' id='word_1_189' title='bbox 1562 2629 1982 2700; x_wconf 79' lang='lat' dir='ltr'><strong>phantaSiarum</strong></span> 
     </span>
    </p>
   </div>
   <div class='ocr_carea' id='block_1_31' title="bbox 406 2720 1983 2792">
    <p class='ocr_par' dir='ltr' id='par_1_31' title="bbox 406 2720 1983 2792">
     <span class='ocr_line' id='line_1_31' title="bbox 406 2720 1983 2792; baseline -0.002 -13"><span class='ocrx_word' id='word_1_190' title='bbox 406 2739 520 2779; x_wconf 90' lang='lat' dir='ltr'><strong>non</strong></span> <span class='ocrx_word' id='word_1_191' title='bbox 550 2721 941 2778; x_wconf 86' lang='lat' dir='ltr'><strong>faciendarum</strong></span> <span class='ocrx_word' id='word_1_192' title='bbox 960 2732 1018 2776; x_wconf 89' lang='lat' dir='ltr'><strong>et</strong></span> <span class='ocrx_word' id='word_1_193' title='bbox 1036 2720 1436 2776; x_wconf 87' lang='lat' dir='ltr'><strong>innaturalium</strong></span> <span class='ocrx_word' id='word_1_194' title='bbox 1466 2729 1523 2776; x_wconf 90' lang='lat' dir='ltr'><strong>et</strong></span> <span class='ocrx_word' id='word_1_195' title='bbox 1550 2737 1665 2777; x_wconf 91' lang='lat' dir='ltr'><strong>non</strong></span> <span class='ocrx_word' id='word_1_196' title='bbox 1718 2721 1983 2792; x_wconf 87' lang='lat' dir='ltr'><strong>intelligi-</strong></span> 
     </span>
    </p>
   </div>
   <div class='ocr_carea' id='block_1_32' title="bbox 406 2804 2017 2883">
    <p class='ocr_par' dir='ltr' id='par_1_32' title="bbox 406 2804 2017 2883">
     <span class='ocr_line' id='line_1_32' title="bbox 406 2804 2017 2883; baseline -0.002 -13"><span class='ocrx_word' id='word_1_197' title='bbox 406 2813 602 2871; x_wconf 90' lang='lat' dir='ltr'><strong>bilium</strong></span> <span class='ocrx_word' id='word_1_198' title='bbox 626 2811 981 2883; x_wconf 87' lang='lat' dir='ltr'><strong>ademptione</strong></span> <span class='ocrx_word' id='word_1_199' title='bbox 998 2810 1178 2867; x_wconf 80' lang='lat' dir='ltr'><strong>activa</strong></span> <span class='ocrx_word' id='word_1_200' title='bbox 1198 2821 1256 2867; x_wconf 91' lang='lat' dir='ltr'><strong>et</strong></span> <span class='ocrx_word' id='word_1_201' title='bbox 1283 2814 1563 2869; x_wconf 79' lang='lat' dir='ltr'><strong>naturalis</strong></span> <span class='ocrx_word' id='word_1_202' title='bbox 1590 2820 1646 2869; x_wconf 91' lang='lat' dir='ltr'><strong>et</strong></span> <span class='ocrx_word' id='word_1_203' title='bbox 1671 2812 1980 2881; x_wconf 83' lang='lat' dir='ltr'><strong>theologica</strong></span> <span class='ocrx_word' id='word_1_204' title='bbox 2007 2804 2017 2813; x_wconf 84' lang='grc'><em>’</em></span> 
     </span>
    </p>
   </div>
   <div class='ocr_carea' id='block_1_33' title="bbox 406 2902 1982 2978">
    <p class='ocr_par' dir='ltr' id='par_1_33' title="bbox 406 2902 1982 2978">
     <span class='ocr_line' id='line_1_33' title="bbox 406 2902 1982 2978; baseline -0.002 -18"><span class='ocrx_word' id='word_1_205' title='bbox 406 2905 657 2978; x_wconf 87' lang='lat' dir='ltr'><strong>pariatur</strong></span> <span class='ocrx_word' id='word_1_206' title='bbox 691 2903 799 2974; x_wconf 88' lang='lat' dir='ltr'><strong>piis</strong></span> <span class='ocrx_word' id='word_1_207' title='bbox 828 2902 1202 2974; x_wconf 88' lang='lat' dir='ltr'><strong>philosophia,</strong></span> <span class='ocrx_word' id='word_1_208' title='bbox 1234 2903 1320 2958; x_wconf 91' lang='lat' dir='ltr'><strong>vel</strong></span> <span class='ocrx_word' id='word_1_209' title='bbox 1352 2904 1502 2973; x_wconf 89' lang='lat' dir='ltr'><strong>quod</strong></span> <span class='ocrx_word' id='word_1_210' title='bbox 1544 2903 1690 2960; x_wconf 87' lang='lat' dir='ltr'><strong>idem</strong></span> <span class='ocrx_word' id='word_1_211' title='bbox 1719 2912 1829 2969; x_wconf 87' lang='lat' dir='ltr'><strong>est,</strong></span> <span class='ocrx_word' id='word_1_212' title='bbox 1883 2903 1982 2959; x_wconf 89' lang='lat' dir='ltr'><strong>Dei</strong></span> 
     </span>
    </p>
   </div>
   <div class='ocr_carea' id='block_1_34' title="bbox 407 2993 2055 3065">
    <p class='ocr_par' dir='ltr' id='par_1_34' title="bbox 407 2993 2055 3065">
     <span class='ocr_line' id='line_1_34' title="bbox 407 2993 2055 3065; baseline -0.003 -11"><span class='ocrx_word' id='word_1_213' title='bbox 407 3011 583 3054; x_wconf 87' lang='lat' dir='ltr'><strong>amor.</strong></span> <span class='ocrx_word' id='word_1_214' title='bbox 615 2995 746 3063; x_wconf 66' lang='lat' dir='ltr'><strong>Qua:</strong></span> <span class='ocrx_word' id='word_1_215' title='bbox 776 3010 972 3051; x_wconf 89' lang='lat' dir='ltr'><strong>rursus</strong></span> <span class='ocrx_word' id='word_1_216' title='bbox 998 2993 1323 3049; x_wconf 92' lang='lat' dir='ltr'><strong>dividuntur</strong></span> <span class='ocrx_word' id='word_1_217' title='bbox 1352 2996 1609 3065; x_wconf 68' lang='lat' dir='ltr'><strong>praesenti</strong></span> <span class='ocrx_word' id='word_1_218' title='bbox 1657 3011 1722 3051; x_wconf 89' lang='lat' dir='ltr'><strong>ac</strong></span> <span class='ocrx_word' id='word_1_219' title='bbox 1769 2996 1978 3060; x_wconf 89' lang='lat' dir='ltr'><strong>futuro,</strong></span> <span class='ocrx_word' id='word_1_220' title='bbox 2009 3004 2055 3065; x_wconf 73' lang='grc' dir='ltr'>ο</span> 
     </span>
    </p>
   </div>
   <div class='ocr_carea' id='block_1_35' title="bbox 408 3085 1985 3158">
    <p class='ocr_par' dir='ltr' id='par_1_35' title="bbox 408 3085 1985 3158">
     <span class='ocr_line' id='line_1_35' title="bbox 408 3085 1985 3158; baseline 0 -16"><span class='ocrx_word' id='word_1_221' title='bbox 408 3102 531 3143; x_wconf 82' lang='lat' dir='ltr'><strong>cum</strong></span> <span class='ocrx_word' id='word_1_222' title='bbox 550 3087 802 3140; x_wconf 88' lang='lat' dir='ltr'><strong>umbram</strong></span> <span class='ocrx_word' id='word_1_223' title='bbox 829 3094 885 3141; x_wconf 91' lang='lat' dir='ltr'><strong>ct</strong></span> <span class='ocrx_word' id='word_1_224' title='bbox 923 3085 1215 3144; x_wconf 85' lang='lat' dir='ltr'><strong>veritatem</strong></span> <span class='ocrx_word' id='word_1_225' title='bbox 1260 3085 1522 3151; x_wconf 84' lang='lat' dir='ltr'><strong>habeant,</strong></span> <span class='ocrx_word' id='word_1_226' title='bbox 1569 3095 1625 3141; x_wconf 92' lang='lat' dir='ltr'><strong>et</strong></span> <span class='ocrx_word' id='word_1_227' title='bbox 1678 3098 1865 3158; x_wconf 85' lang='lat' dir='ltr'><strong>typum</strong></span> <span class='ocrx_word' id='word_1_228' title='bbox 1927 3097 1985 3143; x_wconf 87' lang='lat' dir='ltr'><strong>et</strong></span> 
     </span>
    </p>
   </div>
   <div class='ocr_carea' id='block_1_36' title="bbox 408 3175 1983 3249">
    <p class='ocr_par' dir='ltr' id='par_1_36' title="bbox 408 3175 1983 3249">
     <span class='ocr_line' id='line_1_36' title="bbox 408 3175 1983 3249; baseline 0 -15"><span class='ocrx_word' id='word_1_229' title='bbox 408 3178 807 3248; x_wconf 80' lang='lat' dir='ltr'><strong>archetypiam.</strong></span> <span class='ocrx_word' id='word_1_230' title='bbox 846 3175 1007 3243; x_wconf 86' lang='lat' dir='ltr'><strong>Quod</strong></span> <span class='ocrx_word' id='word_1_231' title='bbox 1035 3176 1080 3231; x_wconf 91' lang='lat' dir='ltr'><strong>si</strong></span> <span class='ocrx_word' id='word_1_232' title='bbox 1107 3178 1382 3248; x_wconf 81' lang='lat' dir='ltr'><strong>egregiam</strong></span> <span class='ocrx_word' id='word_1_233' title='bbox 1418 3178 1583 3234; x_wconf 91' lang='lat' dir='ltr'><strong>homo</strong></span> <span class='ocrx_word' id='word_1_234' title='bbox 1607 3188 1773 3249; x_wconf 89' lang='lat' dir='ltr'><strong>atque</strong></span> <span class='ocrx_word' id='word_1_235' title='bbox 1804 3180 1983 3234; x_wconf 86' lang='lat' dir='ltr'><strong>subli-</strong></span> 
     </span>
    </p>
   </div>
   <div class='ocr_carea' id='block_1_37' title="bbox 408 3260 1983 3341">
    <p class='ocr_par' dir='ltr' id='par_1_37' title="bbox 408 3260 1983 3341">
     <span class='ocr_line' id='line_1_37' title="bbox 408 3260 1983 3341; baseline 0.001 -17"><span class='ocrx_word' id='word_1_236' title='bbox 408 3285 553 3324; x_wconf 87' lang='lat' dir='ltr'><strong>mem</strong></span> <span class='ocrx_word' id='word_1_237' title='bbox 585 3269 690 3323; x_wconf 91' lang='lat' dir='ltr'><strong>hoc</strong></span> <span class='ocrx_word' id='word_1_238' title='bbox 717 3268 924 3323; x_wconf 63' lang='lat' dir='ltr'><strong>saeculo</strong></span> <span class='ocrx_word' id='word_1_239' title='bbox 952 3268 1117 3322; x_wconf 89' lang='lat' dir='ltr'><strong>habet</strong></span> <span class='ocrx_word' id='word_1_240' title='bbox 1147 3260 1464 3324; x_wconf 83' lang='lat' dir='ltr'><strong>facultatem</strong></span> <span class='ocrx_word' id='word_1_241' title='bbox 1498 3286 1773 3325; x_wconf 91' lang='lat' dir='ltr'><strong>summum</strong></span> <span class='ocrx_word' id='word_1_242' title='bbox 1803 3272 1983 3341; x_wconf 78' lang='lat' dir='ltr'><strong>adipi-</strong></span> 
     </span>
    </p>
   </div>
   <div class='ocr_carea' id='block_1_38' title="bbox 407 3358 1983 3430">
    <p class='ocr_par' dir='ltr' id='par_1_38' title="bbox 407 3358 1983 3430">
     <span class='ocr_line' id='line_1_38' title="bbox 407 3358 1983 3430; baseline 0.001 -15"><span class='ocrx_word' id='word_1_243' title='bbox 407 3358 602 3416; x_wconf 86' lang='lat' dir='ltr'><strong>scendi</strong></span> <span class='ocrx_word' id='word_1_244' title='bbox 631 3359 854 3413; x_wconf 79' lang='lat' dir='ltr'><strong>virtutis</strong></span> <span class='ocrx_word' id='word_1_245' title='bbox 883 3367 940 3413; x_wconf 94' lang='lat' dir='ltr'><strong>et</strong></span> <span class='ocrx_word' id='word_1_246' title='bbox 968 3358 1302 3429; x_wconf 79' lang='lat' dir='ltr'><strong>cognitionis</strong></span> <span class='ocrx_word' id='word_1_247' title='bbox 1330 3372 1386 3414; x_wconf 90' lang='lat' dir='ltr'><strong>et</strong></span> <span class='ocrx_word' id='word_1_248' title='bbox 1433 3361 1718 3430; x_wconf 66' lang='lat' dir='ltr'><strong>sapientia:</strong></span> <span class='ocrx_word' id='word_1_249' title='bbox 1757 3362 1983 3417; x_wconf 90' lang='lat' dir='ltr'><strong>modum</strong></span> 
     </span>
    </p>
   </div>
   <div class='ocr_carea' id='block_1_39' title="bbox 406 3449 1984 3527">
    <p class='ocr_par' dir='ltr' id='par_1_39' title="bbox 406 3449 1984 3527">
     <span class='ocr_line' id='line_1_39' title="bbox 406 3449 1984 3527; baseline 0.001 -21"><span class='ocrx_word' id='word_1_250' title='bbox 406 3450 823 3520; x_wconf 84' lang='lat' dir='ltr'><strong>excellendique</strong></span> <span class='ocrx_word' id='word_1_251' title='bbox 850 3449 1080 3505; x_wconf 89' lang='lat' dir='ltr'><strong>scientia</strong></span> <span class='ocrx_word' id='word_1_252' title='bbox 1120 3466 1305 3505; x_wconf 89' lang='lat' dir='ltr'><strong>rerum</strong></span> <span class='ocrx_word' id='word_1_253' title='bbox 1351 3451 1684 3527; x_wconf 64' lang='lat' dir='ltr'><strong>divinarum,</strong></span> <span class='ocrx_word' id='word_1_254' title='bbox 1728 3453 1897 3508; x_wconf 90' lang='lat' dir='ltr'><strong>habet</strong></span> <span class='ocrx_word' id='word_1_255' title='bbox 1928 3454 1984 3507; x_wconf 90' lang='lat' dir='ltr'><strong>in</strong></span> 
     </span>
    </p>
   </div>
   <div class='ocr_carea' id='block_1_40' title="bbox 408 3541 1983 3615">
    <p class='ocr_par' dir='ltr' id='par_1_40' title="bbox 408 3541 1983 3615">
     <span class='ocr_line' id='line_1_40' title="bbox 408 3541 1983 3615; baseline 0.003 -20"><span class='ocrx_word' id='word_1_256' title='bbox 408 3550 537 3614; x_wconf 79' lang='lat' dir='ltr'><strong>typo</strong></span> <span class='ocrx_word' id='word_1_257' title='bbox 566 3551 621 3596; x_wconf 93' lang='lat' dir='ltr'><strong>et</strong></span> <span class='ocrx_word' id='word_1_258' title='bbox 647 3541 883 3613; x_wconf 86' lang='lat' dir='ltr'><strong>imagine</strong></span> <span class='ocrx_word' id='word_1_259' title='bbox 917 3542 1369 3614; x_wconf 72' lang='lat' dir='ltr'><strong>archetyporum.</strong></span> <span class='ocrx_word' id='word_1_260' title='bbox 1400 3544 1585 3615; x_wconf 83' lang='lat' dir='ltr'><strong>Typus</strong></span> <span class='ocrx_word' id='word_1_261' title='bbox 1617 3545 1765 3599; x_wconf 90' lang='lat' dir='ltr'><strong>enim</strong></span> <span class='ocrx_word' id='word_1_262' title='bbox 1790 3561 1983 3600; x_wconf 89' lang='lat' dir='ltr'><strong>revera</strong></span> 
     </span>
    </p>
   </div>
   <div class='ocr_carea' id='block_1_41' title="bbox 406 3632 1985 3701">
    <p class='ocr_par' dir='ltr' id='par_1_41' title="bbox 406 3632 1985 3701">
     <span class='ocr_line' id='line_1_41' title="bbox 406 3632 1985 3701; baseline 0.003 -13"><span class='ocrx_word' id='word_1_263' title='bbox 406 3632 589 3688; x_wconf 92' lang='lat' dir='ltr'><strong>omnis</strong></span> <span class='ocrx_word' id='word_1_264' title='bbox 639 3640 831 3686; x_wconf 89' lang='lat' dir='ltr'><strong>nostra</strong></span> <span class='ocrx_word' id='word_1_265' title='bbox 879 3646 1028 3685; x_wconf 88' lang='lat' dir='ltr'><strong>nunc</strong></span> <span class='ocrx_word' id='word_1_266' title='bbox 1050 3647 1173 3701; x_wconf 80' lang='lat' dir='ltr'><strong>quae</strong></span> <span class='ocrx_word' id='word_1_267' title='bbox 1217 3641 1476 3688; x_wconf 88' lang='lat' dir='ltr'><strong>censetur</strong></span> <span class='ocrx_word' id='word_1_268' title='bbox 1538 3636 1743 3690; x_wconf 87' lang='lat' dir='ltr'><strong>veritas</strong></span> <span class='ocrx_word' id='word_1_269' title='bbox 1790 3645 1895 3699; x_wconf 86' lang='lat' dir='ltr'><strong>est,</strong></span> <span class='ocrx_word' id='word_1_270' title='bbox 1926 3646 1985 3692; x_wconf 90' lang='lat' dir='ltr'><strong>et</strong></span> 
     </span>
    </p>
   </div>
   <div class='ocr_carea' id='block_1_42' title="bbox 408 3724 1980 3798">
    <p class='ocr_par' dir='ltr' id='par_1_42' title="bbox 408 3724 1980 3798">
     <span class='ocr_line' id='line_1_42' title="bbox 408 3724 1980 3798; baseline 0.003 -18"><span class='ocrx_word' id='word_1_271' title='bbox 408 3725 605 3780; x_wconf 89' lang='lat' dir='ltr'><strong>umbra</strong></span> <span class='ocrx_word' id='word_1_272' title='bbox 631 3724 854 3795; x_wconf 82' lang='lat' dir='ltr'><strong>majoris</strong></span> <span class='ocrx_word' id='word_1_273' title='bbox 883 3724 1117 3781; x_wconf 91' lang='lat' dir='ltr'><strong>rationis</strong></span> <span class='ocrx_word' id='word_1_274' title='bbox 1141 3735 1309 3795; x_wconf 87' lang='lat' dir='ltr'><strong>atque</strong></span> <span class='ocrx_word' id='word_1_275' title='bbox 1341 3726 1522 3798; x_wconf 87' lang='lat' dir='ltr'><strong>imago</strong></span> <span class='ocrx_word' id='word_1_276' title='bbox 1544 3737 1650 3782; x_wconf 91' lang='lat' dir='ltr'><strong>est.</strong></span> <span class='ocrx_word' id='word_1_277' title='bbox 1707 3730 1867 3784; x_wconf 84' lang='lat' dir='ltr'><strong>Ratio</strong></span> <span class='ocrx_word' id='word_1_278' title='bbox 1915 3745 1980 3784; x_wconf 91' lang='lat' dir='ltr'><strong>ea</strong></span> 
     </span>
    </p>
   </div>
   <div class='ocr_carea' id='block_1_43' title="bbox 407 3814 1982 3889">
    <p class='ocr_par' dir='ltr' id='par_1_43' title="bbox 407 3814 1982 3889">
     <span class='ocr_line' id='line_1_43' title="bbox 407 3814 1982 3889; baseline 0.003 -17"><span class='ocrx_word' id='word_1_279' title='bbox 407 3833 530 3887; x_wconf 65' lang='lat' dir='ltr'><strong>quae</strong></span> <span class='ocrx_word' id='word_1_280' title='bbox 575 3817 631 3872; x_wconf 93' lang='lat' dir='ltr'><strong>in</strong></span> <span class='ocrx_word' id='word_1_281' title='bbox 662 3816 938 3873; x_wconf 80' lang='lat' dir='ltr'><strong>universis</strong></span> <span class='ocrx_word' id='word_1_282' title='bbox 991 3818 1048 3873; x_wconf 90' lang='lat' dir='ltr'><strong>in</strong></span> <span class='ocrx_word' id='word_1_283' title='bbox 1078 3819 1369 3888; x_wconf 72' lang='lat' dir='ltr'><strong>prazsentia</strong></span> <span class='ocrx_word' id='word_1_284' title='bbox 1409 3819 1479 3874; x_wconf 86' lang='lat' dir='ltr'><strong>ad</strong></span> <span class='ocrx_word' id='word_1_285' title='bbox 1534 3835 1705 3889; x_wconf 88' lang='lat' dir='ltr'><strong>usque</strong></span> <span class='ocrx_word' id='word_1_286' title='bbox 1732 3814 1982 3877; x_wconf 80' lang='lat' dir='ltr'><strong>futurum</strong></span> 
     </span>
    </p>
   </div>
   <div class='ocr_carea' id='block_1_44' title="bbox 409 3905 1985 3979">
    <p class='ocr_par' dir='ltr' id='par_1_44' title="bbox 409 3905 1985 3979">
     <span class='ocr_line' id='line_1_44' title="bbox 409 3905 1985 3979; baseline 0 -17"><span class='ocrx_word' id='word_1_287' title='bbox 409 3906 576 3970; x_wconf 82' lang='lat' dir='ltr'><strong>inest,</strong></span> <span class='ocrx_word' id='word_1_288' title='bbox 618 3906 1007 3960; x_wconf 86' lang='lat' dir='ltr'><strong>universorum</strong></span> <span class='ocrx_word' id='word_1_289' title='bbox 1056 3905 1353 3968; x_wconf 82' lang='lat' dir='ltr'><strong>conditrix,</strong></span> <span class='ocrx_word' id='word_1_290' title='bbox 1391 3919 1516 3958; x_wconf 90' lang='lat' dir='ltr'><strong>cum</strong></span> <span class='ocrx_word' id='word_1_291' title='bbox 1570 3916 1685 3960; x_wconf 85' lang='lat' dir='ltr'><strong>tam</strong></span> <span class='ocrx_word' id='word_1_292' title='bbox 1739 3907 1795 3961; x_wconf 88' lang='lat' dir='ltr'><strong>in</strong></span> <span class='ocrx_word' id='word_1_293' title='bbox 1855 3916 1985 3979; x_wconf 79' lang='lat' dir='ltr'><strong>typo</strong></span> 
     </span>
    </p>
   </div>
   <div class='ocr_carea' id='block_1_45' title="bbox 407 3993 1982 4068">
    <p class='ocr_par' dir='ltr' id='par_1_45' title="bbox 407 3993 1982 4068">
     <span class='ocr_line' id='line_1_45' title="bbox 407 3993 1982 4068; baseline -0.001 -18"><span class='ocrx_word' id='word_1_294' title='bbox 407 4014 571 4068; x_wconf 88' lang='lat' dir='ltr'><strong>quam</strong></span> <span class='ocrx_word' id='word_1_295' title='bbox 623 3996 681 4051; x_wconf 89' lang='lat' dir='ltr'><strong>in</strong></span> <span class='ocrx_word' id='word_1_296' title='bbox 708 3994 945 4050; x_wconf 81' lang='lat' dir='ltr'><strong>veritate</strong></span> <span class='ocrx_word' id='word_1_297' title='bbox 969 3993 1124 4059; x_wconf 91' lang='lat' dir='ltr'><strong>insit,</strong></span> <span class='ocrx_word' id='word_1_298' title='bbox 1180 4003 1291 4048; x_wconf 86' lang='lat' dir='ltr'><strong>tam</strong></span> <span class='ocrx_word' id='word_1_299' title='bbox 1347 3994 1617 4049; x_wconf 78' lang='lat' dir='ltr'><strong>exsistere</strong></span> <span class='ocrx_word' id='word_1_300' title='bbox 1654 3995 1982 4066; x_wconf 88' lang='lat' dir='ltr'><strong>intelligitur</strong></span> 
     </span>
    </p>
   </div>
   <div class='ocr_carea' id='block_1_46' title="bbox 406 4083 2005 4160">
    <p class='ocr_par' dir='ltr' id='par_1_46' title="bbox 406 4083 2005 4160">
     <span class='ocr_line' id='line_1_46' title="bbox 406 4083 2005 4160; baseline -0.004 -17"><span class='ocrx_word' id='word_1_301' title='bbox 406 4105 571 4160; x_wconf 83' lang='lat' dir='ltr'><strong>quam</strong></span> <span class='ocrx_word' id='word_1_302' title='bbox 599 4087 796 4150; x_wconf 80' lang='lat' dir='ltr'><strong>videri,</strong></span> <span class='ocrx_word' id='word_1_303' title='bbox 825 4100 952 4139; x_wconf 85' lang='lat' dir='ltr'><strong>cum</strong></span> <span class='ocrx_word' id='word_1_304' title='bbox 985 4092 1097 4139; x_wconf 88' lang='lat' dir='ltr'><strong>tam</strong></span> <span class='ocrx_word' id='word_1_305' title='bbox 1150 4084 1501 4154; x_wconf 57' lang='lat' dir='ltr'><strong>praesentiam</strong></span> <span class='ocrx_word' id='word_1_306' title='bbox 1524 4099 1686 4153; x_wconf 79' lang='lat' dir='ltr'><strong>quam</strong></span> <span class='ocrx_word' id='word_1_307' title='bbox 1731 4083 2005 4148; x_wconf 80' lang='lat' dir='ltr'><strong>futurum,</strong></span> 
     </span>
    </p>
   </div>
   <div class='ocr_carea' id='block_1_47' title="bbox 409 4174 1982 4249">
    <p class='ocr_par' dir='ltr' id='par_1_47' title="bbox 409 4174 1982 4249">
     <span class='ocr_line' id='line_1_47' title="bbox 409 4174 1982 4249; baseline -0.003 -16"><span class='ocrx_word' id='word_1_308' title='bbox 409 4189 521 4234; x_wconf 87' lang='lat' dir='ltr'><strong>tam</strong></span> <span class='ocrx_word' id='word_1_309' title='bbox 569 4187 757 4249; x_wconf 81' lang='lat' dir='ltr'><strong>typum</strong></span> <span class='ocrx_word' id='word_1_310' title='bbox 786 4192 949 4246; x_wconf 78' lang='lat' dir='ltr'><strong>quam</strong></span> <span class='ocrx_word' id='word_1_311' title='bbox 985 4176 1276 4230; x_wconf 84' lang='lat' dir='ltr'><strong>veritatem</strong></span> <span class='ocrx_word' id='word_1_312' title='bbox 1305 4184 1552 4245; x_wconf 88' lang='lat' dir='ltr'><strong>superet,</strong></span> <span class='ocrx_word' id='word_1_313' title='bbox 1584 4190 1657 4230; x_wconf 91' lang='lat' dir='ltr'><strong>eo</strong></span> <span class='ocrx_word' id='word_1_314' title='bbox 1672 4174 1820 4246; x_wconf 77' lang='lat' dir='ltr'><strong>quod</strong></span> <span class='ocrx_word' id='word_1_315' title='bbox 1844 4175 1982 4229; x_wconf 86' lang='lat' dir='ltr'><strong>nihil</strong></span> 
     </span>
    </p>
   </div>
   <div class='ocr_carea' id='block_1_48' title="bbox 2097 428 3687 507">
    <p class='ocr_par' dir='ltr' id='par_1_48' title="bbox 2097 428 3687 507">
     <span class='ocr_line' id='line_1_48' title="bbox 2097 428 3687 507; baseline 0.003 -25"><span class='ocrx_word' id='word_1_316' title='bbox 2097 429 2212 495; x_wconf 83' lang='grc' dir='ltr'>λέα,</span> <span class='ocrx_word' id='word_1_317' title='bbox 2258 428 2291 499; x_wconf 85' lang='grc' dir='ltr'>ἢ</span> <span class='ocrx_word' id='word_1_318' title='bbox 2343 429 2599 499; x_wconf 79' lang='grc' dir='ltr'>ποιμένα,</span> <span class='ocrx_word' id='word_1_319' title='bbox 2631 429 2663 501; x_wconf 76' lang='grc' dir='ltr'>ἢ</span> <span class='ocrx_word' id='word_1_320' title='bbox 2703 430 2958 501; x_wconf 82' lang='grc' dir='ltr'><strong>ποίμνην,</strong></span> <span class='ocrx_word' id='word_1_321' title='bbox 2996 431 3028 501; x_wconf 81' lang='grc' dir='ltr'>ἢ</span> <span class='ocrx_word' id='word_1_322' title='bbox 3065 432 3237 503; x_wconf 81' lang='grc' dir='ltr'>ἱερέα,</span> <span class='ocrx_word' id='word_1_323' title='bbox 3277 433 3309 505; x_wconf 75' lang='grc' dir='ltr'>ἢ</span> <span class='ocrx_word' id='word_1_324' title='bbox 3348 437 3687 507; x_wconf 76' lang='grc' dir='ltr'><strong>ἱερωσύνην,</strong></span> 
     </span>
    </p>
   </div>
   <div class='ocr_carea' id='block_1_49' title="bbox 2094 522 3689 595">
    <p class='ocr_par' dir='ltr' id='par_1_49' title="bbox 2094 522 3689 595">
     <span class='ocr_line' id='line_1_49' title="bbox 2094 522 3689 595; baseline 0.006 -23"><span class='ocrx_word' id='word_1_325' title='bbox 2094 522 2128 593; x_wconf 81' lang='grc' dir='ltr'>ἣ</span> <span class='ocrx_word' id='word_1_326' title='bbox 2163 523 2428 593; x_wconf 79' lang='grc' dir='ltr'><strong>γεωργὸν,</strong></span> <span class='ocrx_word' id='word_1_327' title='bbox 2464 522 2496 593; x_wconf 81' lang='grc' dir='ltr'>ἢ</span> <span class='ocrx_word' id='word_1_328' title='bbox 2527 523 2853 593; x_wconf 75' lang='grc' dir='ltr'>στρατηγὸν,</span> <span class='ocrx_word' id='word_1_329' title='bbox 2892 524 2923 594; x_wconf 86' lang='grc' dir='ltr'><strong>ἦ</strong></span> <span class='ocrx_word' id='word_1_330' title='bbox 2955 525 3340 595; x_wconf 82' lang='grc' dir='ltr'>ἀρχιτέκτονα,</span> <span class='ocrx_word' id='word_1_331' title='bbox 3370 530 3467 581; x_wconf 73' lang='grc' dir='ltr'>καὶ</span> <span class='ocrx_word' id='word_1_332' title='bbox 3490 529 3689 591; x_wconf 75' lang='grc' dir='ltr'>ἁπλῶς</span> 
     </span>
    </p>
   </div>
   <div class='ocr_carea' id='block_1_50' title="bbox 2096 605 3690 685">
    <p class='ocr_par' dir='ltr' id='par_1_50' title="bbox 2096 605 3690 685">
     <span class='ocr_line' id='line_1_50' title="bbox 2096 605 3690 685; baseline 0.004 -23"><span class='ocrx_word' id='word_1_333' title='bbox 2096 610 2149 663; x_wconf 84' lang='grc' dir='ltr'>εἰ⁹</span> <span class='ocrx_word' id='word_1_334' title='bbox 2177 627 2229 663; x_wconf 88' lang='grc' dir='ltr'><strong>τι</strong></span> <span class='ocrx_word' id='word_1_335' title='bbox 2273 610 2402 664; x_wconf 80' lang='grc' dir='ltr'>ἄλλο</span> <span class='ocrx_word' id='word_1_336' title='bbox 2449 610 2559 664; x_wconf 83' lang='grc' dir='ltr'><strong>τῶν</strong></span> <span class='ocrx_word' id='word_1_337' title='bbox 2595 605 2677 673; x_wconf 81' lang='grc' dir='ltr'>οἷς</span> <span class='ocrx_word' id='word_1_338' title='bbox 2719 611 2974 682; x_wconf 75' lang='grc' dir='ltr'>διῄρηται</span> <span class='ocrx_word' id='word_1_339' title='bbox 3019 614 3081 665; x_wconf 83' lang='grc' dir='ltr'>τὸ</span> <span class='ocrx_word' id='word_1_340' title='bbox 3135 614 3480 685; x_wconf 84' lang='grc' dir='ltr'>ἀνθρώπινον</span> <span class='ocrx_word' id='word_1_341' title='bbox 3521 616 3690 684; x_wconf 79' lang='grc' dir='ltr'>γένος</span> 
     </span>
    </p>
   </div>
   <div class='ocr_carea' id='block_1_51' title="bbox 2060 702 3690 774">
    <p class='ocr_par' dir='ltr' id='par_1_51' title="bbox 2060 702 3690 774">
     <span class='ocr_line' id='line_1_51' title="bbox 2060 702 3690 774; baseline 0.002 -18"><span class='ocrx_word' id='word_1_342' title='bbox 2060 730 2065 735; x_wconf 89' lang='grc'><strong>·</strong></span> <span class='ocrx_word' id='word_1_343' title='bbox 2095 702 2515 773; x_wconf 88' lang='grc' dir='ltr'>ἐπιτηδεύμασι.</span> <span class='ocrx_word' id='word_1_344' title='bbox 2548 702 2734 755; x_wconf 80' lang='grc' dir='ltr'>Ταῦτα</span> <span class='ocrx_word' id='word_1_345' title='bbox 2767 704 2875 774; x_wconf 78' lang='grc' dir='ltr'>γὰρ</span> <span class='ocrx_word' id='word_1_346' title='bbox 2904 704 3082 757; x_wconf 73' lang='grc' dir='ltr'>πάντα</span> <span class='ocrx_word' id='word_1_347' title='bbox 3114 705 3213 758; x_wconf 84' lang='grc' dir='ltr'>ὅσα</span> <span class='ocrx_word' id='word_1_348' title='bbox 3247 709 3359 767; x_wconf 80' lang='grc' dir='ltr'>τοῖς</span> <span class='ocrx_word' id='word_1_349' title='bbox 3385 707 3553 760; x_wconf 81' lang='grc' dir='ltr'>πέντε</span> <span class='ocrx_word' id='word_1_350' title='bbox 3589 724 3690 759; x_wconf 68' lang='grc' dir='ltr'>περ</span> 
     </span>
    </p>
   </div>
   <div class='ocr_carea' id='block_1_52' title="bbox 2097 794 3689 868">
    <p class='ocr_par' dir='ltr' id='par_1_52' title="bbox 2097 794 3689 868">
     <span class='ocr_line' id='line_1_52' title="bbox 2097 794 3689 868; baseline 0.001 -20"><span class='ocrx_word' id='word_1_351' title='bbox 2097 796 2390 868; x_wconf 82' lang='grc' dir='ltr'>ριεχόμενα</span> <span class='ocrx_word' id='word_1_352' title='bbox 2420 794 2643 866; x_wconf 77' lang='grc' dir='ltr'>τρόποις</span> <span class='ocrx_word' id='word_1_353' title='bbox 2684 794 2883 859; x_wconf 73' lang='grc' dir='ltr'>ἔδειξεν</span> <span class='ocrx_word' id='word_1_354' title='bbox 2911 798 2939 848; x_wconf 87' lang='grc' dir='ltr'>ὁ</span> <span class='ocrx_word' id='word_1_355' title='bbox 2972 797 3151 864; x_wconf 76' lang='grc' dir='ltr'>λόγος,</span> <span class='ocrx_word' id='word_1_356' title='bbox 3194 797 3350 867; x_wconf 73' lang='grc' dir='ltr'>οὐσία</span> <span class='ocrx_word' id='word_1_357' title='bbox 3382 800 3479 851; x_wconf 71' lang='grc' dir='ltr'><strong>καὶ</strong></span> <span class='ocrx_word' id='word_1_358' title='bbox 3518 799 3689 850; x_wconf 75' lang='grc' dir='ltr'>δυνά-</span> 
     </span>
    </p>
   </div>
   <div class='ocr_carea' id='block_1_53' title="bbox 2097 886 3684 960">
    <p class='ocr_par' dir='ltr' id='par_1_53' title="bbox 2097 886 3684 960">
     <span class='ocr_line' id='line_1_53' title="bbox 2097 886 3684 960; baseline -0.001 -19"><span class='ocrx_word' id='word_1_359' title='bbox 2097 892 2187 959; x_wconf 86' lang='grc' dir='ltr'><strong>μει</strong></span> <span class='ocrx_word' id='word_1_360' title='bbox 2207 888 2297 940; x_wconf 75' lang='grc' dir='ltr'><strong>καὶ</strong></span> <span class='ocrx_word' id='word_1_361' title='bbox 2326 886 2595 958; x_wconf 78' lang='grc' dir='ltr'>ἐνεργείᾳ,</span> <span class='ocrx_word' id='word_1_362' title='bbox 2617 889 2733 949; x_wconf 85' lang='grc' dir='ltr'>ταῖς</span> <span class='ocrx_word' id='word_1_363' title='bbox 2758 904 2822 938; x_wconf 88' lang='grc' dir='ltr'><strong>πε</strong></span> <span class='ocrx_word' id='word_1_364' title='bbox 2831 886 2887 957; x_wconf 78' lang='grc' dir='ltr'><strong>ρί</strong></span> <span class='ocrx_word' id='word_1_365' title='bbox 2914 887 3053 940; x_wconf 76' lang='grc' dir='ltr'>αὐτὰ</span> <span class='ocrx_word' id='word_1_366' title='bbox 3083 887 3323 958; x_wconf 83' lang='grc' dir='ltr'>πρώταις</span> <span class='ocrx_word' id='word_1_367' title='bbox 3347 889 3684 960; x_wconf 87' lang='grc' dir='ltr'>διαιρέσεσι,</span> 
     </span>
    </p>
   </div>
   <div class='ocr_carea' id='block_1_54' title="bbox 2096 977 3685 1049">
    <p class='ocr_par' dir='ltr' id='par_1_54' title="bbox 2096 977 3685 1049">
     <span class='ocr_line' id='line_1_54' title="bbox 2096 977 3685 1049; baseline -0.001 -18"><span class='ocrx_word' id='word_1_368' title='bbox 2096 978 2485 1048; x_wconf 76' lang='grc' dir='ltr'>συνιστάμενα,</span> <span class='ocrx_word' id='word_1_369' title='bbox 2512 978 2545 1048; x_wconf 77' lang='grc' dir='ltr'><strong>ἢ</strong></span> <span class='ocrx_word' id='word_1_370' title='bbox 2571 980 2710 1030; x_wconf 88' lang='grc' dir='ltr'><strong>κινεί</strong></span> <span class='ocrx_word' id='word_1_371' title='bbox 2731 978 2947 1041; x_wconf 85' lang='grc' dir='ltr'>πάντως</span> <span class='ocrx_word' id='word_1_372' title='bbox 2967 977 3000 1048; x_wconf 74' lang='grc' dir='ltr'>ἦ</span> <span class='ocrx_word' id='word_1_373' title='bbox 3033 980 3283 1039; x_wconf 74' lang='grc' dir='ltr'>κινεῖται,</span> <span class='ocrx_word' id='word_1_374' title='bbox 3306 978 3341 1049; x_wconf 77' lang='grc' dir='ltr'><strong>ἢ</strong></span> <span class='ocrx_word' id='word_1_375' title='bbox 3365 980 3685 1047; x_wconf 72' lang='grc' dir='ltr'>ἐνεργεῖται</span> 
     </span>
    </p>
   </div>
   <div class='ocr_carea' id='block_1_55' title="bbox 2091 1068 3688 1142">
    <p class='ocr_par' dir='ltr' id='par_1_55' title="bbox 2091 1068 3688 1142">
     <span class='ocr_line' id='line_1_55' title="bbox 2091 1068 3688 1142; baseline 0.001 -21"><span class='ocrx_word' id='word_1_376' title='bbox 2091 1068 2125 1139; x_wconf 76' lang='grc' dir='ltr'>ἢ</span> <span class='ocrx_word' id='word_1_377' title='bbox 2168 1071 2398 1140; x_wconf 82' lang='grc' dir='ltr'>ἐνεργεῖ,</span> <span class='ocrx_word' id='word_1_378' title='bbox 2431 1069 2464 1139; x_wconf 72' lang='grc' dir='ltr'>ἢ</span> <span class='ocrx_word' id='word_1_379' title='bbox 2499 1068 2695 1140; x_wconf 81' lang='grc' dir='ltr'>θεωρεῖ</span> <span class='ocrx_word' id='word_1_380' title='bbox 2743 1068 2776 1139; x_wconf 80' lang='grc' dir='ltr'><strong>ἦ</strong></span> <span class='ocrx_word' id='word_1_381' title='bbox 2823 1068 3186 1141; x_wconf 72' lang='grc' dir='ltr'>θεωρεῖται,η</span> <span class='ocrx_word' id='word_1_382' title='bbox 3218 1069 3370 1122; x_wconf 80' lang='grc' dir='ltr'>λαλεῖ</span> <span class='ocrx_word' id='word_1_383' title='bbox 3418 1070 3456 1142; x_wconf 79' lang='grc' dir='ltr'>ἦ</span> <span class='ocrx_word' id='word_1_384' title='bbox 3500 1069 3688 1123; x_wconf 78' lang='grc' dir='ltr'>λαλεῖ-</span> 
     </span>
    </p>
   </div>
   <div class='ocr_carea' id='block_1_56' title="bbox 2090 1154 3684 1231">
    <p class='ocr_par' dir='ltr' id='par_1_56' title="bbox 2090 1154 3684 1231">
     <span class='ocr_line' id='line_1_56' title="bbox 2090 1154 3684 1231; baseline 0.001 -17"><span class='ocrx_word' id='word_1_385' title='bbox 2090 1177 2202 1225; x_wconf 87' lang='grc' dir='ltr'>ται,</span> <span class='ocrx_word' id='word_1_386' title='bbox 2248 1159 2282 1231; x_wconf 77' lang='grc' dir='ltr'>ἢ</span> <span class='ocrx_word' id='word_1_387' title='bbox 2328 1160 2573 1215; x_wconf 76' lang='grc' dir='ltr'>διῗάσκει</span> <span class='ocrx_word' id='word_1_388' title='bbox 2619 1159 2653 1230; x_wconf 80' lang='grc' dir='ltr'>ἢ</span> <span class='ocrx_word' id='word_1_389' title='bbox 2705 1160 3038 1226; x_wconf 75' lang='grc' dir='ltr'>διδάσκεται,</span> <span class='ocrx_word' id='word_1_390' title='bbox 3071 1161 3105 1231; x_wconf 77' lang='grc' dir='ltr'><strong>ἢ</strong></span> <span class='ocrx_word' id='word_1_391' title='bbox 3133 1154 3436 1230; x_wconf 64' lang='grc' dir='ltr'>ἐπιτροέην</span> <span class='ocrx_word' id='word_1_392' title='bbox 3471 1160 3507 1230; x_wconf 75' lang='grc' dir='ltr'>ἦ</span> <span class='ocrx_word' id='word_1_393' title='bbox 3537 1163 3684 1215; x_wconf 82' lang='grc' dir='ltr'>ἀπο-</span> 
     </span>
    </p>
   </div>
   <div class='ocr_carea' id='block_1_57' title="bbox 2089 1249 3682 1324">
    <p class='ocr_par' dir='ltr' id='par_1_57' title="bbox 2089 1249 3682 1324">
     <span class='ocr_line' id='line_1_57' title="bbox 2089 1249 3682 1324; baseline 0.001 -19"><span class='ocrx_word' id='word_1_394' title='bbox 2089 1252 2301 1324; x_wconf 82' lang='grc' dir='ltr'>τροπὴν</span> <span class='ocrx_word' id='word_1_395' title='bbox 2352 1252 2587 1324; x_wconf 80' lang='grc' dir='ltr'>δέχεται,</span> <span class='ocrx_word' id='word_1_396' title='bbox 2631 1254 2727 1306; x_wconf 83' lang='grc' dir='ltr'><strong>καί</strong></span> <span class='ocrx_word' id='word_1_397' title='bbox 2772 1252 2961 1315; x_wconf 83' lang='grc' dir='ltr'>ἁπλῶς</span> <span class='ocrx_word' id='word_1_398' title='bbox 3010 1251 3099 1306; x_wconf 81' lang='grc' dir='ltr'><strong>ἴνα</strong></span> <span class='ocrx_word' id='word_1_399' title='bbox 3145 1250 3382 1304; x_wconf 85' lang='grc' dir='ltr'>συνελὼν</span> <span class='ocrx_word' id='word_1_400' title='bbox 3424 1250 3599 1317; x_wconf 83' lang='grc' dir='ltr'>εῐπω,</span> <span class='ocrx_word' id='word_1_401' title='bbox 3646 1249 3682 1322; x_wconf 69' lang='grc' dir='ltr'>ἢ</span> 
     </span>
    </p>
   </div>
   <div class='ocr_carea' id='block_1_58' title="bbox 2091 1337 3683 1413">
    <p class='ocr_par' dir='ltr' id='par_1_58' title="bbox 2091 1337 3683 1413">
     <span class='ocr_line' id='line_1_58' title="bbox 2091 1337 3683 1413; baseline -0.004 -17"><span class='ocrx_word' id='word_1_402' title='bbox 2091 1340 2352 1396; x_wconf 78' lang='grc' dir='ltr'>ποιοῦντα</span> <span class='ocrx_word' id='word_1_403' title='bbox 2381 1342 2414 1413; x_wconf 80' lang='grc' dir='ltr'>ἢ</span> <span class='ocrx_word' id='word_1_404' title='bbox 2448 1341 2728 1412; x_wconf 82' lang='grc' dir='ltr'>πάσχοντα</span> <span class='ocrx_word' id='word_1_405' title='bbox 2754 1340 2856 1408; x_wconf 81' lang='grc' dir='ltr'>τὴν</span> <span class='ocrx_word' id='word_1_406' title='bbox 2895 1338 3208 1410; x_wconf 76' lang='grc' dir='ltr'>πρακτικὴν</span> <span class='ocrx_word' id='word_1_407' title='bbox 3244 1339 3436 1409; x_wconf 73' lang='grc'><strong>(21⁸1</strong></span> <span class='ocrx_word' id='word_1_408' title='bbox 3462 1338 3528 1407; x_wconf 83' lang='lat' dir='ltr'><strong>b)</strong></span> <span class='ocrx_word' id='word_1_409' title='bbox 3578 1337 3683 1390; x_wconf 84' lang='grc' dir='ltr'>καὶ</span> 
     </span>
    </p>
   </div>
   <div class='ocr_carea' id='block_1_59' title="bbox 2088 1428 3685 1503">
    <p class='ocr_par' dir='ltr' id='par_1_59' title="bbox 2088 1428 3685 1503">
     <span class='ocr_line' id='line_1_59' title="bbox 2088 1428 3685 1503; baseline -0.004 -18"><span class='ocrx_word' id='word_1_410' title='bbox 2088 1433 2188 1503; x_wconf 75' lang='grc' dir='ltr'><strong>τὴν</strong></span> <span class='ocrx_word' id='word_1_411' title='bbox 2222 1432 2460 1502; x_wconf 83' lang='grc' dir='ltr'>φυσικὴν</span> <span class='ocrx_word' id='word_1_412' title='bbox 2508 1432 2605 1485; x_wconf 76' lang='grc' dir='ltr'>καὶ</span> <span class='ocrx_word' id='word_1_413' title='bbox 2647 1428 2746 1501; x_wconf 74' lang='grc' dir='ltr'>τὴν</span> <span class='ocrx_word' id='word_1_414' title='bbox 2790 1428 3107 1499; x_wconf 75' lang='grc' dir='ltr'>θεολογικὴν</span> <span class='ocrx_word' id='word_1_415' title='bbox 3148 1430 3291 1485; x_wconf 82' lang='grc' dir='ltr'>κατὰ</span> <span class='ocrx_word' id='word_1_416' title='bbox 3345 1428 3685 1500; x_wconf 74' lang='grc' dir='ltr'>συμπλοκὴν</span> 
     </span>
    </p>
   </div>
   <div class='ocr_carea' id='block_1_60' title="bbox 2087 1518 3680 1593">
    <p class='ocr_par' dir='ltr' id='par_1_60' title="bbox 2087 1518 3680 1593">
     <span class='ocr_line' id='line_1_60' title="bbox 2087 1518 3680 1593; baseline -0.003 -16"><span class='ocrx_word' id='word_1_417' title='bbox 2087 1522 2156 1576; x_wconf 77' lang='grc' dir='ltr'>δι’</span> <span class='ocrx_word' id='word_1_418' title='bbox 2188 1520 2436 1593; x_wconf 81' lang='grc' dir='ltr'>ἀλλήλων</span> <span class='ocrx_word' id='word_1_419' title='bbox 2479 1518 2739 1583; x_wconf 78' lang='grc' dir='ltr'><strong>ποικίλως</strong></span> <span class='ocrx_word' id='word_1_420' title='bbox 2764 1520 2899 1591; x_wconf 74' lang='grc' dir='ltr'>ἡμῖν</span> <span class='ocrx_word' id='word_1_421' title='bbox 2931 1518 3281 1591; x_wconf 77' lang='grc' dir='ltr'><strong>εἰσηγοῦνται</strong></span> <span class='ocrx_word' id='word_1_422' title='bbox 3322 1519 3680 1590; x_wconf 74' lang='grc' dir='ltr'>φιλοσοφίαν,</span> 
     </span>
    </p>
   </div>
   <div class='ocr_carea' id='block_1_61' title="bbox 2088 1598 3685 1682">
    <p class='ocr_par' dir='ltr' id='par_1_61' title="bbox 2088 1598 3685 1682">
     <span class='ocr_line' id='line_1_61' title="bbox 2088 1598 3685 1682; baseline -0.002 -16"><span class='ocrx_word' id='word_1_423' title='bbox 2088 1614 2319 1667; x_wconf 80' lang='grc' dir='ltr'><strong>ἑκάστου</strong></span> <span class='ocrx_word' id='word_1_424' title='bbox 2345 1609 2546 1682; x_wconf 78' lang='grc' dir='ltr'>δηλαδὴ</span> <span class='ocrx_word' id='word_1_425' title='bbox 2575 1610 2685 1664; x_wconf 85' lang='grc' dir='ltr'><strong>τῶν</strong></span> <span class='ocrx_word' id='word_1_426' title='bbox 2711 1609 3118 1682; x_wconf 81' lang='grc' dir='ltr'>ὠνομασμένων</span> <span class='ocrx_word' id='word_1_427' title='bbox 3167 1611 3521 1681; x_wconf 70' lang='grc' dir='ltr'>πολυτρόποις</span> <span class='ocrx_word' id='word_1_428' title='bbox 3550 1598 3685 1674; x_wconf 78' lang='grc' dir='ltr'>ταῖς</span> 
     </span>
    </p>
   </div>
   <div class='ocr_carea' id='block_1_62' title="bbox 2088 1698 3723 1773">
    <p class='ocr_par' dir='ltr' id='par_1_62' title="bbox 2088 1698 3723 1773">
     <span class='ocr_line' id='line_1_62' title="bbox 2088 1698 3723 1773; baseline 0.001 -16"><span class='ocrx_word' id='word_1_429' title='bbox 2088 1703 2218 1773; x_wconf 85' lang='grc' dir='ltr'><strong>περί</strong></span> <span class='ocrx_word' id='word_1_430' title='bbox 2247 1703 2379 1755; x_wconf 79' lang='grc' dir='ltr'>αὐτὸ</span> <span class='ocrx_word' id='word_1_431' title='bbox 2413 1700 2558 1755; x_wconf 87' lang='grc' dir='ltr'><strong>κατά</strong></span> <span class='ocrx_word' id='word_1_432' title='bbox 2585 1698 2685 1771; x_wconf 84' lang='grc' dir='ltr'>τὴν</span> <span class='ocrx_word' id='word_1_433' title='bbox 2721 1699 2956 1773; x_wconf 75' lang='grc' dir='ltr'>θεωρίαν</span> <span class='ocrx_word' id='word_1_434' title='bbox 3002 1702 3271 1767; x_wconf 86' lang='grc' dir='ltr'>ἐπινοίαις</span> <span class='ocrx_word' id='word_1_435' title='bbox 3307 1701 3621 1763; x_wconf 77' lang='grc' dir='ltr'>ἐπαινετῶς</span> <span class='ocrx_word' id='word_1_436' title='bbox 3642 1703 3682 1771; x_wconf 74' lang='grc' dir='ltr'>ἢ</span> <span class='ocrx_word' id='word_1_437' title='bbox 3704 1736 3723 1759; x_wconf 78' lang='grc' dir='ltr'><strong>ο</strong></span> 
     </span>
    </p>
   </div>
   <div class='ocr_carea' id='block_1_63' title="bbox 2087 1790 3684 1865">
    <p class='ocr_par' dir='ltr' id='par_1_63' title="bbox 2087 1790 3684 1865">
     <span class='ocr_line' id='line_1_63' title="bbox 2087 1790 3684 1865; baseline -0.015 -5"><span class='ocrx_word' id='word_1_438' title='bbox 2087 1792 2305 1864; x_wconf 78' lang='grc' dir='ltr'>ψεκτῶς</span> <span class='ocrx_word' id='word_1_439' title='bbox 2325 1790 2773 1863; x_wconf 74' lang='grc' dir='ltr'>λαμϐανομένου,</span> <span class='ocrx_word' id='word_1_440' title='bbox 2802 1793 2902 1847; x_wconf 77' lang='grc' dir='ltr'><strong>καί</strong></span> <span class='ocrx_word' id='word_1_441' title='bbox 2927 1793 3055 1858; x_wconf 79' lang='grc' dir='ltr'>τοὺς</span> <span class='ocrx_word' id='word_1_442' title='bbox 3077 1795 3167 1848; x_wconf 81' lang='grc' dir='ltr'>ἐπ’</span> <span class='ocrx_word' id='word_1_443' title='bbox 3196 1794 3349 1865; x_wconf 70' lang='grc' dir='ltr'>αὐτῷ</span> <span class='ocrx_word' id='word_1_444' title='bbox 3377 1793 3684 1865; x_wconf 71' lang='grc' dir='ltr'>ποιητέους</span> 
     </span>
    </p>
   </div>
   <div class='ocr_carea' id='block_1_64' title="bbox 2085 1883 3685 1957">
    <p class='ocr_par' dir='ltr' id='par_1_64' title="bbox 2085 1883 3685 1957">
     <span class='ocr_line' id='line_1_64' title="bbox 2085 1883 3685 1957; baseline -0.001 -18"><span class='ocrx_word' id='word_1_445' title='bbox 2085 1886 2119 1957; x_wconf 80' lang='grc' dir='ltr'><strong>ἦ</strong></span> <span class='ocrx_word' id='word_1_446' title='bbox 2150 1886 2211 1939; x_wconf 85' lang='grc' dir='ltr'><strong>ού</strong></span> <span class='ocrx_word' id='word_1_447' title='bbox 2240 1884 2553 1957; x_wconf 85' lang='grc' dir='ltr'>ποιητέους,</span> <span class='ocrx_word' id='word_1_448' title='bbox 2584 1883 2619 1956; x_wconf 76' lang='grc' dir='ltr'>ἢ</span> <span class='ocrx_word' id='word_1_449' title='bbox 2651 1886 2920 1955; x_wconf 83' lang='grc' dir='ltr'>φυσικοὺς</span> <span class='ocrx_word' id='word_1_450' title='bbox 2941 1884 2976 1956; x_wconf 75' lang='grc' dir='ltr'>ἢ</span> <span class='ocrx_word' id='word_1_451' title='bbox 3004 1886 3334 1955; x_wconf 84' lang='grc' dir='ltr'>ἀφυσίκους,</span> <span class='ocrx_word' id='word_1_452' title='bbox 3372 1885 3406 1956; x_wconf 78' lang='grc' dir='ltr'>ἢ</span> <span class='ocrx_word' id='word_1_453' title='bbox 3438 1886 3685 1956; x_wconf 66' lang='grc' dir='ltr'>νοητοὺς</span> 
     </span>
    </p>
   </div>
   <div class='ocr_carea' id='block_1_65' title="bbox 2086 1975 3683 2049">
    <p class='ocr_par' dir='ltr' id='par_1_65' title="bbox 2086 1975 3683 2049">
     <span class='ocr_line' id='line_1_65' title="bbox 2086 1975 3683 2049; baseline -0.001 -18"><span class='ocrx_word' id='word_1_454' title='bbox 2086 1978 2120 2049; x_wconf 77' lang='grc' dir='ltr'>ἢ</span> <span class='ocrx_word' id='word_1_455' title='bbox 2169 1977 2433 2047; x_wconf 77' lang='grc' dir='ltr'><strong>ἀνοήτους</strong></span> <span class='ocrx_word' id='word_1_456' title='bbox 2487 1976 2680 2045; x_wconf 84' lang='grc' dir='ltr'>λόγους</span> <span class='ocrx_word' id='word_1_457' title='bbox 2728 1975 3098 2045; x_wconf 83' lang='grc' dir='ltr'>ἐκφαίνοντος.</span> <span class='ocrx_word' id='word_1_458' title='bbox 3146 1976 3336 2041; x_wconf 84' lang='grc' dir='ltr'>Διττδς</span> <span class='ocrx_word' id='word_1_459' title='bbox 3399 1976 3540 2045; x_wconf 85' lang='grc' dir='ltr'>γὰρ,</span> <span class='ocrx_word' id='word_1_460' title='bbox 3600 1976 3683 2039; x_wconf 86' lang='grc' dir='ltr'>ὠς</span> 
     </span>
    </p>
   </div>
   <div class='ocr_carea' id='block_1_66' title="bbox 2086 2065 3685 2139">
    <p class='ocr_par' dir='ltr' id='par_1_66' title="bbox 2086 2065 3685 2139">
     <span class='ocr_line' id='line_1_66' title="bbox 2086 2065 3685 2139; baseline -0.002 -17"><span class='ocrx_word' id='word_1_461' title='bbox 2086 2068 2248 2139; x_wconf 72' lang='grc' dir='ltr'>ἔφην,</span> <span class='ocrx_word' id='word_1_462' title='bbox 2283 2068 2312 2121; x_wconf 83' lang='grc' dir='ltr'><strong>ό</strong></span> <span class='ocrx_word' id='word_1_463' title='bbox 2348 2067 2433 2137; x_wconf 85' lang='grc' dir='ltr'>ἐφ’</span> <span class='ocrx_word' id='word_1_464' title='bbox 2459 2066 2678 2137; x_wconf 84' lang='grc' dir='ltr'>ἐκάστῳ</span> <span class='ocrx_word' id='word_1_465' title='bbox 2703 2066 2850 2137; x_wconf 73' lang='grc' dir='ltr'>λόγῳ</span> <span class='ocrx_word' id='word_1_466' title='bbox 2872 2065 3076 2138; x_wconf 85' lang='grc' dir='ltr'>τρόπος</span> <span class='ocrx_word' id='word_1_467' title='bbox 3102 2066 3243 2131; x_wconf 79' lang='grc' dir='ltr'>ἐστὶ,</span> <span class='ocrx_word' id='word_1_468' title='bbox 3276 2066 3421 2120; x_wconf 81' lang='grc' dir='ltr'>κατὰ</span> <span class='ocrx_word' id='word_1_469' title='bbox 3464 2065 3529 2119; x_wconf 82' lang='grc' dir='ltr'>τὺ</span> <span class='ocrx_word' id='word_1_470' title='bbox 3584 2066 3685 2119; x_wconf 78' lang='grc' dir='ltr'>δυο</span> 
     </span>
    </p>
   </div>
   <div class='ocr_carea' id='block_1_67' title="bbox 2085 2151 3682 2226">
    <p class='ocr_par' dir='ltr' id='par_1_67' title="bbox 2085 2151 3682 2226">
     <span class='ocr_line' id='line_1_67' title="bbox 2085 2151 3682 2226; baseline 0.001 -19"><span class='ocrx_word' id='word_1_471' title='bbox 2085 2152 2247 2208; x_wconf 83' lang='grc' dir='ltr'>νατδν</span> <span class='ocrx_word' id='word_1_472' title='bbox 2289 2151 2369 2223; x_wconf 84' lang='grc' dir='ltr'>τῷ</span> <span class='ocrx_word' id='word_1_473' title='bbox 2420 2151 2735 2224; x_wconf 81' lang='grc' dir='ltr'>ποιουμένῳ</span> <span class='ocrx_word' id='word_1_474' title='bbox 2778 2151 2878 2224; x_wconf 78' lang='grc' dir='ltr'><strong>τὴν</strong></span> <span class='ocrx_word' id='word_1_475' title='bbox 2923 2153 3014 2207; x_wconf 80' lang='grc' dir='ltr'>ἐπ’</span> <span class='ocrx_word' id='word_1_476' title='bbox 3050 2154 3237 2218; x_wconf 80' lang='grc' dir='ltr'>αὐτοῖς</span> <span class='ocrx_word' id='word_1_477' title='bbox 3277 2153 3519 2217; x_wconf 83' lang='grc' dir='ltr'>συνετῶς</span> <span class='ocrx_word' id='word_1_478' title='bbox 3574 2157 3682 2226; x_wconf 72' lang='grc' dir='ltr'>τῆς</span> 
     </span>
    </p>
   </div>
   <div class='ocr_carea' id='block_1_68' title="bbox 2091 2240 3681 2317">
    <p class='ocr_par' dir='ltr' id='par_1_68' title="bbox 2091 2240 3681 2317">
     <span class='ocr_line' id='line_1_68' title="bbox 2091 2240 3681 2317; baseline -0.001 -19"><span class='ocrx_word' id='word_1_479' title='bbox 2091 2242 2328 2314; x_wconf 76' lang='grc' dir='ltr'>θεωρίας</span> <span class='ocrx_word' id='word_1_480' title='bbox 2373 2241 2637 2310; x_wconf 82' lang='grc' dir='ltr'>ἐξέτασιν,</span> <span class='ocrx_word' id='word_1_481' title='bbox 2680 2242 2767 2297; x_wconf 82' lang='grc' dir='ltr'><strong>ἵνα</strong></span> <span class='ocrx_word' id='word_1_482' title='bbox 2806 2240 2871 2297; x_wconf 86' lang='grc' dir='ltr'><strong>ἐκ</strong></span> <span class='ocrx_word' id='word_1_483' title='bbox 2904 2260 2965 2297; x_wconf 87' lang='grc' dir='ltr'><strong>τε</strong></span> <span class='ocrx_word' id='word_1_484' title='bbox 2991 2243 3094 2314; x_wconf 83' lang='grc' dir='ltr'>τῆς</span> <span class='ocrx_word' id='word_1_485' title='bbox 3118 2245 3228 2299; x_wconf 85' lang='grc' dir='ltr'><strong>τῶν</strong></span> <span class='ocrx_word' id='word_1_486' title='bbox 3262 2245 3539 2317; x_wconf 80' lang='grc' dir='ltr'>ποιητέων</span> <span class='ocrx_word' id='word_1_487' title='bbox 3579 2247 3681 2299; x_wconf 72' lang='grc' dir='ltr'><strong>καὶ</strong></span> 
     </span>
    </p>
   </div>
   <div class='ocr_carea' id='block_1_69' title="bbox 2056 2333 3680 2407">
    <p class='ocr_par' dir='ltr' id='par_1_69' title="bbox 2056 2333 3680 2407">
     <span class='ocr_line' id='line_1_69' title="bbox 2056 2333 3680 2407; baseline 0.002 -19"><span class='ocrx_word' id='word_1_488' title='bbox 2056 2374 2059 2377; x_wconf 91' lang='grc'><strong><em>-</em></strong></span> <span class='ocrx_word' id='word_1_489' title='bbox 2086 2333 2336 2405; x_wconf 78' lang='grc' dir='ltr'>φυσικῶν</span> <span class='ocrx_word' id='word_1_490' title='bbox 2369 2335 2463 2388; x_wconf 84' lang='grc' dir='ltr'><strong>καί</strong></span> <span class='ocrx_word' id='word_1_491' title='bbox 2493 2333 2700 2406; x_wconf 83' lang='grc' dir='ltr'>νοητῶν</span> <span class='ocrx_word' id='word_1_492' title='bbox 2728 2334 2903 2404; x_wconf 88' lang='grc' dir='ltr'>λόγων</span> <span class='ocrx_word' id='word_1_493' title='bbox 2933 2334 3156 2401; x_wconf 83' lang='grc' dir='ltr'>θέσεως,</span> <span class='ocrx_word' id='word_1_494' title='bbox 3186 2337 3282 2390; x_wconf 79' lang='grc' dir='ltr'><strong>καί</strong></span> <span class='ocrx_word' id='word_1_495' title='bbox 3322 2338 3387 2390; x_wconf 90' lang='grc' dir='ltr'><strong>ἐκ</strong></span> <span class='ocrx_word' id='word_1_496' title='bbox 3414 2336 3517 2407; x_wconf 82' lang='grc' dir='ltr'>τῆς</span> <span class='ocrx_word' id='word_1_497' title='bbox 3562 2336 3680 2390; x_wconf 85' lang='grc' dir='ltr'><strong>τῶν</strong></span> 
     </span>
    </p>
   </div>
   <div class='ocr_carea' id='block_1_70' title="bbox 2084 2425 3680 2498">
    <p class='ocr_par' dir='ltr' id='par_1_70' title="bbox 2084 2425 3680 2498">
     <span class='ocr_line' id='line_1_70' title="bbox 2084 2425 3680 2498; baseline -0.001 -18"><span class='ocrx_word' id='word_1_498' title='bbox 2084 2427 2146 2480; x_wconf 84' lang='grc' dir='ltr'><strong>ού</strong></span> <span class='ocrx_word' id='word_1_499' title='bbox 2187 2425 2461 2498; x_wconf 78' lang='grc' dir='ltr'>ποιητέων</span> <span class='ocrx_word' id='word_1_500' title='bbox 2497 2425 2594 2480; x_wconf 84' lang='grc' dir='ltr'><strong>καί</strong></span> <span class='ocrx_word' id='word_1_501' title='bbox 2626 2425 2931 2497; x_wconf 70' lang='grc' dir='ltr'>ἀφυσίκων’</span> <span class='ocrx_word' id='word_1_502' title='bbox 2945 2426 3040 2480; x_wconf 83' lang='grc' dir='ltr'><strong>καὶ</strong></span> <span class='ocrx_word' id='word_1_503' title='bbox 3084 2427 3327 2498; x_wconf 82' lang='grc' dir='ltr'>ἀνοήτων</span> <span class='ocrx_word' id='word_1_504' title='bbox 3351 2427 3680 2496; x_wconf 80' lang='grc' dir='ltr'>φαντασιῶν</span> 
     </span>
    </p>
   </div>
   <div class='ocr_carea' id='block_1_71' title="bbox 2084 2514 3683 2588">
    <p class='ocr_par' dir='ltr' id='par_1_71' title="bbox 2084 2514 3683 2588">
     <span class='ocr_line' id='line_1_71' title="bbox 2084 2514 3683 2588; baseline -0.001 -16"><span class='ocrx_word' id='word_1_505' title='bbox 2084 2516 2450 2588; x_wconf 68' lang='grc' dir='ltr'>ἀφαιρέσεως,</span> <span class='ocrx_word' id='word_1_506' title='bbox 2477 2516 2515 2586; x_wconf 79' lang='grc' dir='ltr'><strong>ἡ</strong></span> <span class='ocrx_word' id='word_1_507' title='bbox 2541 2515 2822 2587; x_wconf 77' lang='grc' dir='ltr'>πρακτικὴ</span> <span class='ocrx_word' id='word_1_508' title='bbox 2852 2515 2949 2568; x_wconf 74' lang='grc' dir='ltr'>καὶ</span> <span class='ocrx_word' id='word_1_509' title='bbox 2986 2516 3021 2585; x_wconf 78' lang='grc' dir='ltr'><strong>η</strong></span> <span class='ocrx_word' id='word_1_510' title='bbox 3054 2515 3260 2587; x_wconf 80' lang='grc' dir='ltr'>φυσικὴ</span> <span class='ocrx_word' id='word_1_511' title='bbox 3289 2516 3383 2569; x_wconf 76' lang='grc' dir='ltr'><strong>καὶ</strong></span> <span class='ocrx_word' id='word_1_512' title='bbox 3423 2517 3460 2586; x_wconf 77' lang='grc' dir='ltr'><strong>ἡ</strong></span> <span class='ocrx_word' id='word_1_513' title='bbox 3493 2514 3683 2570; x_wconf 80' lang='grc' dir='ltr'>θεολο-</span> 
     </span>
    </p>
   </div>
   <div class='ocr_carea' id='block_1_72' title="bbox 2085 2604 3681 2677">
    <p class='ocr_par' dir='ltr' id='par_1_72' title="bbox 2085 2604 3681 2677">
     <span class='ocr_line' id='line_1_72' title="bbox 2085 2604 3681 2677; baseline 0 -17"><span class='ocrx_word' id='word_1_514' title='bbox 2085 2607 2218 2677; x_wconf 79' lang='grc' dir='ltr'>γικὴ</span> <span class='ocrx_word' id='word_1_515' title='bbox 2251 2605 2591 2677; x_wconf 73' lang='grc' dir='ltr'>περιποιηθῇ</span> <span class='ocrx_word' id='word_1_516' title='bbox 2619 2607 2734 2670; x_wconf 78' lang='grc' dir='ltr'>τοῖς</span> <span class='ocrx_word' id='word_1_517' title='bbox 2764 2604 3017 2660; x_wconf 72' lang='grc' dir='ltr'>εὐσεϐέσι</span> <span class='ocrx_word' id='word_1_518' title='bbox 3048 2605 3359 2676; x_wconf 77' lang='grc' dir='ltr'>φιλοσοφία,</span> <span class='ocrx_word' id='word_1_519' title='bbox 3383 2605 3592 2660; x_wconf 79' lang='grc' dir='ltr'>ταύτδν</span> <span class='ocrx_word' id='word_1_520' title='bbox 3618 2605 3681 2660; x_wconf 75' lang='grc' dir='ltr'><strong>δέ</strong></span> 
     </span>
    </p>
   </div>
   <div class='ocr_carea' id='block_1_73' title="bbox 2088 2693 3678 2768">
    <p class='ocr_par' dir='ltr' id='par_1_73' title="bbox 2088 2693 3678 2768">
     <span class='ocr_line' id='line_1_73' title="bbox 2088 2693 3678 2768; baseline 0.001 -17"><span class='ocrx_word' id='word_1_521' title='bbox 2088 2699 2239 2753; x_wconf 86' lang='grc' dir='ltr'>ἐστιν</span> <span class='ocrx_word' id='word_1_522' title='bbox 2286 2698 2487 2764; x_wconf 76' lang='grc' dir='ltr'>εἰπεῖν,</span> <span class='ocrx_word' id='word_1_523' title='bbox 2544 2695 2817 2767; x_wconf 83' lang='grc' dir='ltr'>φιλοθεῖα.</span> <span class='ocrx_word' id='word_1_524' title='bbox 2864 2697 2976 2752; x_wconf 75' lang='grc' dir='ltr'><strong>Καὶ</strong></span> <span class='ocrx_word' id='word_1_525' title='bbox 3026 2693 3189 2754; x_wconf 68' lang='grc' dir='ltr'>αὗται</span> <span class='ocrx_word' id='word_1_526' title='bbox 3217 2697 3463 2753; x_wconf 77' lang='grc' dir='ltr'>δέπάλιν</span> <span class='ocrx_word' id='word_1_527' title='bbox 3488 2696 3575 2768; x_wconf 72' lang='grc' dir='ltr'>τῷ</span> <span class='ocrx_word' id='word_1_528' title='bbox 3610 2713 3678 2752; x_wconf 79' lang='grc' dir='ltr'>τι</span> 
     </span>
    </p>
   </div>
   <div class='ocr_carea' id='block_1_74' title="bbox 2084 2785 3681 2860">
    <p class='ocr_par' dir='ltr' id='par_1_74' title="bbox 2084 2785 3681 2860">
     <span class='ocr_line' id='line_1_74' title="bbox 2084 2785 3681 2860; baseline -0.002 -17"><span class='ocrx_word' id='word_1_529' title='bbox 2084 2788 2316 2859; x_wconf 81' lang='grc' dir='ltr'>παρόντι</span> <span class='ocrx_word' id='word_1_530' title='bbox 2347 2788 2446 2843; x_wconf 79' lang='grc' dir='ltr'>καί.</span> <span class='ocrx_word' id='word_1_531' title='bbox 2462 2785 2541 2859; x_wconf 83' lang='grc' dir='ltr'>τῷ</span> <span class='ocrx_word' id='word_1_532' title='bbox 2566 2786 2814 2860; x_wconf 86' lang='grc' dir='ltr'>μέλλοντι</span> <span class='ocrx_word' id='word_1_533' title='bbox 2839 2786 3193 2859; x_wconf 79' lang='grc' dir='ltr'>διαιροῦνται,</span> <span class='ocrx_word' id='word_1_534' title='bbox 3221 2788 3298 2853; x_wconf 82' lang='grc' dir='ltr'>ὡς</span> <span class='ocrx_word' id='word_1_535' title='bbox 3326 2788 3487 2842; x_wconf 70' lang='grc' dir='ltr'>σκιὰν</span> <span class='ocrx_word' id='word_1_536' title='bbox 3505 2788 3681 2858; x_wconf 68' lang='grc' dir='ltr'>ἐχου-</span> 
     </span>
    </p>
   </div>
   <div class='ocr_carea' id='block_1_75' title="bbox 2086 2881 3674 2955">
    <p class='ocr_par' dir='ltr' id='par_1_75' title="bbox 2086 2881 3674 2955">
     <span class='ocr_line' id='line_1_75' title="bbox 2086 2881 3674 2955; baseline -0.004 -16"><span class='ocrx_word' id='word_1_537' title='bbox 2086 2901 2178 2938; x_wconf 88' lang='grc' dir='ltr'><strong>σαι</strong></span> <span class='ocrx_word' id='word_1_538' title='bbox 2210 2884 2306 2939; x_wconf 80' lang='grc' dir='ltr'>καὶ</span> <span class='ocrx_word' id='word_1_539' title='bbox 2355 2882 2640 2955; x_wconf 82' lang='grc' dir='ltr'>ἀλήθειαν,</span> <span class='ocrx_word' id='word_1_540' title='bbox 2687 2883 2783 2937; x_wconf 67' lang='grc' dir='ltr'><strong>καὶ</strong></span> <span class='ocrx_word' id='word_1_541' title='bbox 2822 2882 2993 2937; x_wconf 82' lang='grc' dir='ltr'>τύπον</span> <span class='ocrx_word' id='word_1_542' title='bbox 3026 2883 3121 2936; x_wconf 79' lang='grc' dir='ltr'><strong>καὶ</strong></span> <span class='ocrx_word' id='word_1_543' title='bbox 3161 2881 3529 2954; x_wconf 81' lang='grc' dir='ltr'>ἀρχετυπίαν.</span> <span class='ocrx_word' id='word_1_544' title='bbox 3580 2882 3674 2943; x_wconf 78' lang='grc' dir='ltr'>Ὠς</span> 
     </span>
    </p>
   </div>
   <div class='ocr_carea' id='block_1_76' title="bbox 2086 2972 3685 3048">
    <p class='ocr_par' dir='ltr' id='par_1_76' title="bbox 2086 2972 3685 3048">
     <span class='ocr_line' id='line_1_76' title="bbox 2086 2972 3685 3048; baseline -0.003 -18"><span class='ocrx_word' id='word_1_545' title='bbox 2086 2977 2132 3030; x_wconf 87' lang='grc' dir='ltr'>δ’</span> <span class='ocrx_word' id='word_1_546' title='bbox 2171 2976 2236 3030; x_wconf 84' lang='grc' dir='ltr'>ἂν</span> <span class='ocrx_word' id='word_1_547' title='bbox 2267 2974 2565 3048; x_wconf 83' lang='grc' dir='ltr'>ὑπερφυῶς</span> <span class='ocrx_word' id='word_1_548' title='bbox 2608 2990 2669 3028; x_wconf 86' lang='grc' dir='ltr'><strong>τε</strong></span> <span class='ocrx_word' id='word_1_549' title='bbox 2716 2975 2812 3029; x_wconf 83' lang='grc' dir='ltr'><strong>καί</strong></span> <span class='ocrx_word' id='word_1_550' title='bbox 2862 2973 3085 3045; x_wconf 73' lang='grc' dir='ltr'>ὑψηλῶς</span> <span class='ocrx_word' id='word_1_551' title='bbox 3124 2973 3347 3027; x_wconf 88' lang='grc' dir='ltr'>δυνατόν</span> <span class='ocrx_word' id='word_1_552' title='bbox 3378 2972 3495 3025; x_wconf 87' lang='grc' dir='ltr'>ἐστι</span> <span class='ocrx_word' id='word_1_553' title='bbox 3522 2972 3685 3025; x_wconf 70' lang='grc' dir='ltr'>κατὰ</span> 
     </span>
    </p>
   </div>
   <div class='ocr_carea' id='block_1_77' title="bbox 2083 3062 3685 3137">
    <p class='ocr_par' dir='ltr' id='par_1_77' title="bbox 2083 3062 3685 3137">
     <span class='ocr_line' id='line_1_77' title="bbox 2083 3062 3685 3137; baseline -0.002 -17"><span class='ocrx_word' id='word_1_554' title='bbox 2083 3067 2176 3120; x_wconf 83' lang='grc' dir='ltr'><strong>τὸν</strong></span> <span class='ocrx_word' id='word_1_555' title='bbox 2222 3066 2395 3120; x_wconf 89' lang='grc' dir='ltr'>αἰῶνα</span> <span class='ocrx_word' id='word_1_556' title='bbox 2438 3066 2627 3120; x_wconf 85' lang='grc' dir='ltr'>τοῦτον</span> <span class='ocrx_word' id='word_1_557' title='bbox 2669 3066 2749 3137; x_wconf 84' lang='grc' dir='ltr'>τῷ</span> <span class='ocrx_word' id='word_1_558' title='bbox 2800 3064 3076 3137; x_wconf 80' lang='grc' dir='ltr'>ἀνθρώπῳ</span> <span class='ocrx_word' id='word_1_559' title='bbox 3103 3064 3165 3118; x_wconf 78' lang='grc' dir='ltr'>τὸ</span> <span class='ocrx_word' id='word_1_560' title='bbox 3194 3064 3493 3137; x_wconf 79' lang='grc' dir='ltr'>ἀκρότατον</span> <span class='ocrx_word' id='word_1_561' title='bbox 3529 3062 3685 3131; x_wconf 82' lang='grc' dir='ltr'>φθά-</span> 
     </span>
    </p>
   </div>
   <div class='ocr_carea' id='block_1_78' title="bbox 2088 3154 3679 3228">
    <p class='ocr_par' dir='ltr' id='par_1_78' title="bbox 2088 3154 3679 3228">
     <span class='ocr_line' id='line_1_78' title="bbox 2088 3154 3679 3228; baseline -0.003 -19"><span class='ocrx_word' id='word_1_562' title='bbox 2088 3173 2284 3219; x_wconf 85' lang='grc' dir='ltr'>σαντες</span> <span class='ocrx_word' id='word_1_563' title='bbox 2315 3156 2515 3227; x_wconf 78' lang='grc' dir='ltr'>μέτρον</span> <span class='ocrx_word' id='word_1_564' title='bbox 2540 3157 2639 3226; x_wconf 83' lang='grc' dir='ltr'>τῆς</span> <span class='ocrx_word' id='word_1_565' title='bbox 2667 3156 2871 3228; x_wconf 80' lang='grc' dir='ltr'>ἀρετῆς</span> <span class='ocrx_word' id='word_1_566' title='bbox 2899 3156 2996 3209; x_wconf 70' lang='grc' dir='ltr'>καὶ</span> <span class='ocrx_word' id='word_1_567' title='bbox 3024 3158 3121 3227; x_wconf 79' lang='grc' dir='ltr'><strong>τῆς</strong></span> <span class='ocrx_word' id='word_1_568' title='bbox 3157 3156 3414 3224; x_wconf 69' lang='grc' dir='ltr'>γνώσεως</span> <span class='ocrx_word' id='word_1_569' title='bbox 3437 3154 3538 3207; x_wconf 69' lang='grc' dir='ltr'><strong>καὶ</strong></span> <span class='ocrx_word' id='word_1_570' title='bbox 3570 3154 3679 3222; x_wconf 75' lang='grc' dir='ltr'>τῆς</span> 
     </span>
    </p>
   </div>
   <div class='ocr_carea' id='block_1_79' title="bbox 2087 3247 3687 3319">
    <p class='ocr_par' dir='ltr' id='par_1_79' title="bbox 2087 3247 3687 3319">
     <span class='ocr_line' id='line_1_79' title="bbox 2087 3247 3687 3319; baseline -0.001 -18"><span class='ocrx_word' id='word_1_571' title='bbox 2087 3249 2279 3319; x_wconf 87' lang='grc' dir='ltr'>σοφίας</span> <span class='ocrx_word' id='word_1_572' title='bbox 2327 3247 2713 3319; x_wconf 79' lang='grc' dir='ltr'>περιγενέσθαι</span> <span class='ocrx_word' id='word_1_573' title='bbox 2750 3250 2850 3317; x_wconf 71' lang='grc' dir='ltr'>τὴν</span> <span class='ocrx_word' id='word_1_574' title='bbox 2889 3247 3001 3301; x_wconf 85' lang='grc' dir='ltr'><strong>τῶν</strong></span> <span class='ocrx_word' id='word_1_575' title='bbox 3043 3247 3215 3305; x_wconf 72' lang='grc' dir='ltr'>θείων,</span> <span class='ocrx_word' id='word_1_576' title='bbox 3245 3248 3585 3316; x_wconf 71' lang='grc' dir='ltr'>ἐπιστήμην,</span> <span class='ocrx_word' id='word_1_577' title='bbox 3618 3249 3687 3302; x_wconf 85' lang='grc' dir='ltr'><strong>ἐν</strong></span> 
     </span>
    </p>
   </div>
   <div class='ocr_carea' id='block_1_80' title="bbox 2084 3336 3681 3411">
    <p class='ocr_par' dir='ltr' id='par_1_80' title="bbox 2084 3336 3681 3411">
     <span class='ocr_line' id='line_1_80' title="bbox 2084 3336 3681 3411; baseline -0.001 -19"><span class='ocrx_word' id='word_1_578' title='bbox 2084 3339 2241 3411; x_wconf 85' lang='grc' dir='ltr'>τύπῳ</span> <span class='ocrx_word' id='word_1_579' title='bbox 2284 3341 2379 3393; x_wconf 74' lang='grc' dir='ltr'>καὶ</span> <span class='ocrx_word' id='word_1_580' title='bbox 2423 3338 2593 3392; x_wconf 84' lang='grc' dir='ltr'>εἰκόνι</span> <span class='ocrx_word' id='word_1_581' title='bbox 2638 3339 2745 3392; x_wconf 88' lang='grc' dir='ltr'><strong>τῶν</strong></span> <span class='ocrx_word' id='word_1_582' title='bbox 2784 3339 3112 3410; x_wconf 85' lang='grc' dir='ltr'>ἀρχετύπων</span> <span class='ocrx_word' id='word_1_583' title='bbox 3157 3336 3296 3392; x_wconf 84' lang='grc' dir='ltr'>ἐστί.</span> <span class='ocrx_word' id='word_1_584' title='bbox 3338 3337 3522 3400; x_wconf 85' lang='grc' dir='ltr'>Τύπος</span> <span class='ocrx_word' id='word_1_585' title='bbox 3564 3338 3681 3409; x_wconf 74' lang='grc' dir='ltr'>γάρ</span> 
     </span>
    </p>
   </div>
   <div class='ocr_carea' id='block_1_81' title="bbox 2084 3425 3682 3502">
    <p class='ocr_par' dir='ltr' id='par_1_81' title="bbox 2084 3425 3682 3502">
     <span class='ocr_line' id='line_1_81' title="bbox 2084 3425 3682 3502; baseline -0.001 -17"><span class='ocrx_word' id='word_1_586' title='bbox 2084 3434 2232 3486; x_wconf 86' lang='grc' dir='ltr'>ἐστιν</span> <span class='ocrx_word' id='word_1_587' title='bbox 2270 3429 2344 3495; x_wconf 86' lang='grc' dir='ltr'><strong>ῶς</strong></span> <span class='ocrx_word' id='word_1_588' title='bbox 2401 3428 2621 3502; x_wconf 83' lang='grc' dir='ltr'>ἀληθῶς</span> <span class='ocrx_word' id='word_1_589' title='bbox 2664 3430 2815 3484; x_wconf 77' lang='grc' dir='ltr'>πᾶσα</span> <span class='ocrx_word' id='word_1_590' title='bbox 2846 3430 2980 3501; x_wconf 88' lang='grc' dir='ltr'>παρ’</span> <span class='ocrx_word' id='word_1_591' title='bbox 3019 3428 3177 3499; x_wconf 75' lang='grc' dir='ltr'>ἡμῶν</span> <span class='ocrx_word' id='word_1_592' title='bbox 3212 3428 3307 3483; x_wconf 76' lang='grc' dir='ltr'>νῦν</span> <span class='ocrx_word' id='word_1_593' title='bbox 3339 3425 3478 3482; x_wconf 77' lang='grc' dir='ltr'>εἶναι</span> <span class='ocrx_word' id='word_1_594' title='bbox 3509 3447 3682 3501; x_wconf 78' lang='grc' dir='ltr'>νομι-</span> 
     </span>
    </p>
   </div>
   <div class='ocr_carea' id='block_1_82' title="bbox 2086 3520 3684 3595">
    <p class='ocr_par' dir='ltr' id='par_1_82' title="bbox 2086 3520 3684 3595">
     <span class='ocr_line' id='line_1_82' title="bbox 2086 3520 3684 3595; baseline 0.001 -20"><span class='ocrx_word' id='word_1_595' title='bbox 2086 3523 2290 3595; x_wconf 82' lang='grc' dir='ltr'>ζομένη</span> <span class='ocrx_word' id='word_1_596' title='bbox 2335 3521 2585 3593; x_wconf 82' lang='grc' dir='ltr'>ἀλήθεια,</span> <span class='ocrx_word' id='word_1_597' title='bbox 2624 3522 2719 3574; x_wconf 80' lang='grc' dir='ltr'>καὶ</span> <span class='ocrx_word' id='word_1_598' title='bbox 2770 3521 2900 3575; x_wconf 83' lang='grc' dir='ltr'><strong>σκιά</strong></span> <span class='ocrx_word' id='word_1_599' title='bbox 2945 3520 3040 3574; x_wconf 80' lang='grc' dir='ltr'>τοῦ</span> <span class='ocrx_word' id='word_1_600' title='bbox 3086 3520 3334 3589; x_wconf 69' lang='grc' dir='ltr'>μείζονος</span> <span class='ocrx_word' id='word_1_601' title='bbox 3376 3520 3544 3589; x_wconf 78' lang='grc' dir='ltr'>λόγου</span> <span class='ocrx_word' id='word_1_602' title='bbox 3581 3523 3684 3576; x_wconf 73' lang='grc' dir='ltr'><strong>καὶ</strong></span> 
     </span>
    </p>
   </div>
   <div class='ocr_carea' id='block_1_83' title="bbox 2085 3614 3685 3687">
    <p class='ocr_par' dir='ltr' id='par_1_83' title="bbox 2085 3614 3685 3687">
     <span class='ocr_line' id='line_1_83' title="bbox 2085 3614 3685 3687; baseline -0.002 -15"><span class='ocrx_word' id='word_1_603' title='bbox 2085 3618 2271 3683; x_wconf 68' lang='grc' dir='ltr'>εἰκών.</span> <span class='ocrx_word' id='word_1_604' title='bbox 2316 3616 2376 3670; x_wconf 84' lang='grc' dir='ltr'>ὐ</span> <span class='ocrx_word' id='word_1_605' title='bbox 2409 3618 2467 3670; x_wconf 91' lang='grc' dir='ltr'><strong>ἐν</strong></span> <span class='ocrx_word' id='word_1_606' title='bbox 2502 3616 2832 3681; x_wconf 76' lang='grc' dir='ltr'>ὄλοιςοκατά</span> <span class='ocrx_word' id='word_1_607' title='bbox 2866 3614 2926 3670; x_wconf 80' lang='grc' dir='ltr'><strong>τὸ</strong></span> <span class='ocrx_word' id='word_1_608' title='bbox 2972 3616 3151 3687; x_wconf 80' lang='grc' dir='ltr'>παρὸν</span> <span class='ocrx_word' id='word_1_609' title='bbox 3194 3614 3330 3685; x_wconf 74' lang='grc' dir='ltr'>πρὸς</span> <span class='ocrx_word' id='word_1_610' title='bbox 3377 3616 3440 3670; x_wconf 78' lang='grc' dir='ltr'>τὸ</span> <span class='ocrx_word' id='word_1_611' title='bbox 3471 3615 3685 3685; x_wconf 75' lang='grc' dir='ltr'>μέλλον</span> 
     </span>
    </p>
   </div>
   <div class='ocr_carea' id='block_1_84' title="bbox 2086 3707 3685 3777">
    <p class='ocr_par' dir='ltr' id='par_1_84' title="bbox 2086 3707 3685 3777">
     <span class='ocr_line' id='line_1_84' title="bbox 2086 3707 3685 3777; baseline -0.003 -12"><span class='ocrx_word' id='word_1_612' title='bbox 2086 3711 2181 3765; x_wconf 76' lang='grc' dir='ltr'><strong>καί</strong></span> <span class='ocrx_word' id='word_1_613' title='bbox 2210 3709 2319 3762; x_wconf 84' lang='grc' dir='ltr'><strong>τῶν</strong></span> <span class='ocrx_word' id='word_1_614' title='bbox 2366 3708 2505 3763; x_wconf 82' lang='grc' dir='ltr'>ὅλων</span> <span class='ocrx_word' id='word_1_615' title='bbox 2540 3708 2823 3777; x_wconf 79' lang='grc' dir='ltr'>ποιητικὸς</span> <span class='ocrx_word' id='word_1_616' title='bbox 2854 3708 3011 3777; x_wconf 85' lang='grc' dir='ltr'>λόγος</span> <span class='ocrx_word' id='word_1_617' title='bbox 3036 3707 3477 3777; x_wconf 64' lang='grc' dir='ltr'>κατανοοῦμενός</span> <span class='ocrx_word' id='word_1_618' title='bbox 3519 3709 3685 3761; x_wconf 86' lang='grc' dir='ltr'>ἐστιν</span> 
     </span>
    </p>
   </div>
   <div class='ocr_carea' id='block_1_85' title="bbox 2085 3796 3687 3871">
    <p class='ocr_par' dir='ltr' id='par_1_85' title="bbox 2085 3796 3687 3871">
     <span class='ocr_line' id='line_1_85' title="bbox 2085 3796 3687 3871; baseline -0.001 -17"><span class='ocrx_word' id='word_1_619' title='bbox 2085 3803 2161 3866; x_wconf 80' lang='grc' dir='ltr'>ὡς</span> <span class='ocrx_word' id='word_1_620' title='bbox 2190 3802 2247 3855; x_wconf 91' lang='grc' dir='ltr'><strong>ἐν</strong></span> <span class='ocrx_word' id='word_1_621' title='bbox 2271 3799 2428 3871; x_wconf 84' lang='grc' dir='ltr'>τύπῳ</span> <span class='ocrx_word' id='word_1_622' title='bbox 2458 3801 2554 3854; x_wconf 86' lang='grc' dir='ltr'><strong>καί</strong></span> <span class='ocrx_word' id='word_1_623' title='bbox 2580 3800 2833 3870; x_wconf 75' lang='grc' dir='ltr'>ἀληθείᾳ,</span> <span class='ocrx_word' id='word_1_624' title='bbox 2859 3798 2954 3854; x_wconf 76' lang='grc' dir='ltr'>καὶ</span> <span class='ocrx_word' id='word_1_625' title='bbox 2994 3796 3070 3851; x_wconf 80' lang='grc' dir='ltr'>ὢν</span> <span class='ocrx_word' id='word_1_626' title='bbox 3099 3799 3193 3853; x_wconf 79' lang='grc' dir='ltr'>καὶ</span> <span class='ocrx_word' id='word_1_627' title='bbox 3214 3801 3573 3869; x_wconf 67' lang='grc' dir='ltr'>φαινόμενος.</span> <span class='ocrx_word' id='word_1_628' title='bbox 3605 3799 3687 3860; x_wconf 81' lang='grc' dir='ltr'>ὡς</span> 
     </span>
    </p>
   </div>
   <div class='ocr_carea' id='block_1_86' title="bbox 2086 3889 3689 3964">
    <p class='ocr_par' dir='ltr' id='par_1_86' title="bbox 2086 3889 3689 3964">
     <span class='ocr_line' id='line_1_86' title="bbox 2086 3889 3689 3964; baseline -0.004 -18"><span class='ocrx_word' id='word_1_629' title='bbox 2086 3893 2234 3964; x_wconf 69' lang='grc' dir='ltr'>ὑπὲρ</span> <span class='ocrx_word' id='word_1_630' title='bbox 2261 3892 2323 3946; x_wconf 80' lang='grc' dir='ltr'><strong>τὸ</strong></span> <span class='ocrx_word' id='word_1_631' title='bbox 2364 3891 2542 3964; x_wconf 80' lang='grc' dir='ltr'>παρὸν</span> <span class='ocrx_word' id='word_1_632' title='bbox 2575 3891 2671 3946; x_wconf 80' lang='grc' dir='ltr'><strong>καὶ</strong></span> <span class='ocrx_word' id='word_1_633' title='bbox 2704 3890 2765 3945; x_wconf 79' lang='grc' dir='ltr'><strong>τὸ</strong></span> <span class='ocrx_word' id='word_1_634' title='bbox 2793 3890 2988 3962; x_wconf 79' lang='grc' dir='ltr'>μέλλον</span> <span class='ocrx_word' id='word_1_635' title='bbox 3019 3889 3118 3955; x_wconf 83' lang='grc' dir='ltr'><strong>ῶν,</strong></span> <span class='ocrx_word' id='word_1_636' title='bbox 3168 3891 3266 3944; x_wconf 71' lang='grc' dir='ltr'>καὶ</span> <span class='ocrx_word' id='word_1_637' title='bbox 3313 3889 3458 3960; x_wconf 81' lang='grc' dir='ltr'>ὑπὲρ</span> <span class='ocrx_word' id='word_1_638' title='bbox 3492 3889 3689 3942; x_wconf 80' lang='grc' dir='ltr'>τύπον</span> 
     </span>
    </p>
   </div>
   <div class='ocr_carea' id='block_1_87' title="bbox 2085 3980 3688 4055">
    <p class='ocr_par' dir='ltr' id='par_1_87' title="bbox 2085 3980 3688 4055">
     <span class='ocr_line' id='line_1_87' title="bbox 2085 3980 3688 4055; baseline -0.002 -17"><span class='ocrx_word' id='word_1_639' title='bbox 2085 3985 2181 4039; x_wconf 72' lang='grc' dir='ltr'><strong>καὶ</strong></span> <span class='ocrx_word' id='word_1_640' title='bbox 2218 3983 2508 4055; x_wconf 72' lang='grc' dir='ltr'>ἀλήθειαν,</span> <span class='ocrx_word' id='word_1_641' title='bbox 2538 3983 2618 4053; x_wconf 85' lang='grc' dir='ltr'>τῷ</span> <span class='ocrx_word' id='word_1_642' title='bbox 2653 3982 2822 4054; x_wconf 80' lang='grc' dir='ltr'>μηδὲν</span> <span class='ocrx_word' id='word_1_643' title='bbox 2852 3980 2999 4051; x_wconf 80' lang='grc' dir='ltr'>ἐχειν</span> <span class='ocrx_word' id='word_1_644' title='bbox 3031 3980 3411 4051; x_wconf 82' lang='grc' dir='ltr'>ἀντικείμενον</span> <span class='ocrx_word' id='word_1_645' title='bbox 3436 3980 3688 4034; x_wconf 82' lang='grc' dir='ltr'>συνθεω-</span> 
     </span>
    </p>
   </div>
   <div class='ocr_carea' id='block_1_88' title="bbox 2088 4072 3684 4156">
    <p class='ocr_par' dir='ltr' id='par_1_88' title="bbox 2088 4072 3684 4156">
     <span class='ocr_line' id='line_1_88' title="bbox 2088 4072 3684 4156; baseline -0.001 -26"><span class='ocrx_word' id='word_1_646' title='bbox 2088 4076 2381 4156; x_wconf 48' lang='grc' dir='ltr'>ρούμιενον.</span> <span class='ocrx_word' id='word_1_647' title='bbox 2447 4076 2778 4130; x_wconf 81' lang='grc' dir='ltr'>’Δντίκειται</span> <span class='ocrx_word' id='word_1_648' title='bbox 2830 4074 2890 4129; x_wconf 70' lang='grc' dir='ltr'>δὲ</span> <span class='ocrx_word' id='word_1_649' title='bbox 2943 4077 3012 4146; x_wconf 79' lang='grc' dir='ltr'>τῇ</span> <span class='ocrx_word' id='word_1_650' title='bbox 3066 4073 3297 4146; x_wconf 81' lang='grc' dir='ltr'>ἀληθείᾳ</span> <span class='ocrx_word' id='word_1_651' title='bbox 3335 4072 3396 4126; x_wconf 73' lang='grc' dir='ltr'>τὸ</span> <span class='ocrx_word' id='word_1_652' title='bbox 3448 4073 3684 4142; x_wconf 78' lang='grc' dir='ltr'>ψεῦδος.</span> 
     </span>
    </p>
   </div>
   <div class='ocr_carea' id='block_1_89' title="bbox 2088 4165 3686 4240">
    <p class='ocr_par' dir='ltr' id='par_1_89' title="bbox 2088 4165 3686 4240">
     <span class='ocr_line' id='line_1_89' title="bbox 2088 4165 3686 4240; baseline -0.003 -16"><span class='ocrx_word' id='word_1_653' title='bbox 2088 4169 2291 4240; x_wconf 71' lang='grc'><strong>(218</strong></span> <span class='ocrx_word' id='word_1_654' title='bbox 2318 4167 2382 4238; x_wconf 83' lang='grc' dir='ltr'>α)</span> <span class='ocrx_word' id='word_1_655' title='bbox 2425 4166 2596 4238; x_wconf 79' lang='grc' dir='ltr'>Ὑπὲρ</span> <span class='ocrx_word' id='word_1_656' title='bbox 2656 4166 2916 4237; x_wconf 83' lang='grc' dir='ltr'>ἀλήθειαν</span> <span class='ocrx_word' id='word_1_657' title='bbox 2938 4167 3047 4239; x_wconf 79' lang='grc' dir='ltr'><strong>ἀρα</strong></span> <span class='ocrx_word' id='word_1_658' title='bbox 3084 4167 3113 4219; x_wconf 80' lang='grc' dir='ltr'><strong>ὁ</strong></span> <span class='ocrx_word' id='word_1_659' title='bbox 3140 4166 3276 4238; x_wconf 73' lang='grc' dir='ltr'>πρὸς</span> <span class='ocrx_word' id='word_1_660' title='bbox 3297 4165 3357 4218; x_wconf 79' lang='grc' dir='ltr'>ὃν</span> <span class='ocrx_word' id='word_1_661' title='bbox 3383 4165 3455 4218; x_wconf 74' lang='grc' dir='ltr'>τὰ</span> <span class='ocrx_word' id='word_1_662' title='bbox 3492 4166 3686 4235; x_wconf 72' lang='grc' dir='ltr'>πάντα</span> 
     </span>
    </p>
   </div>
   <div class='ocr_carea' id='block_1_90' title="bbox 407 4255 1986 4339">
    <p class='ocr_par' dir='ltr' id='par_1_90' title="bbox 407 4262 1983 4339">
     <span class='ocr_line' id='line_1_90' title="bbox 407 4262 1983 4339; baseline -0.002 -17"><span class='ocrx_word' id='word_1_663' title='bbox 407 4268 742 4339; x_wconf 86' lang='lat' dir='ltr'><strong>oppositum,</strong></span> <span class='ocrx_word' id='word_1_664' title='bbox 781 4264 929 4337; x_wconf 90' lang='lat' dir='ltr'><strong>quod</strong></span> <span class='ocrx_word' id='word_1_665' title='bbox 953 4280 1140 4320; x_wconf 85' lang='lat' dir='ltr'><strong>secum</strong></span> <span class='ocrx_word' id='word_1_666' title='bbox 1185 4280 1295 4320; x_wconf 80' lang='lat' dir='ltr'><strong>una</strong></span> <span class='ocrx_word' id='word_1_667' title='bbox 1320 4273 1621 4335; x_wconf 85' lang='lat' dir='ltr'><strong>spectetur,</strong></span> <span class='ocrx_word' id='word_1_668' title='bbox 1659 4264 1846 4319; x_wconf 88' lang='lat' dir='ltr'><strong>habet.</strong></span> <span class='ocrx_word' id='word_1_669' title='bbox 1873 4262 1983 4334; x_wconf 89' lang='lat' dir='ltr'><strong>0p-</strong></span> 
     </span>
    </p>
   </div>
   <div class='ocr_carea' id='block_1_91' title="bbox 2088 4255 3686 4339">
    <p class='ocr_par' dir='ltr' id='par_1_91' title="bbox 2088 4255 3686 4330">
     <span class='ocr_line' id='line_1_91' title="bbox 2088 4255 3686 4330; baseline -0.001 -17"><span class='ocrx_word' id='word_1_670' title='bbox 2088 4260 2387 4328; x_wconf 85' lang='grc' dir='ltr'>συνάγεται</span> <span class='ocrx_word' id='word_1_671' title='bbox 2418 4258 2603 4327; x_wconf 88' lang='grc' dir='ltr'>λόγος,</span> <span class='ocrx_word' id='word_1_672' title='bbox 2638 4260 2737 4314; x_wconf 79' lang='grc' dir='ltr'><strong>καί</strong></span> <span class='ocrx_word' id='word_1_673' title='bbox 2769 4255 2950 4324; x_wconf 81' lang='grc' dir='ltr'>αὖθις,</span> <span class='ocrx_word' id='word_1_674' title='bbox 2985 4260 3063 4323; x_wconf 83' lang='grc' dir='ltr'><strong>ὡς</strong></span> <span class='ocrx_word' id='word_1_675' title='bbox 3095 4258 3385 4330; x_wconf 77' lang='grc' dir='ltr'>ἄνθρωπος</span> <span class='ocrx_word' id='word_1_676' title='bbox 3415 4257 3515 4310; x_wconf 81' lang='grc' dir='ltr'><strong>καί</strong></span> <span class='ocrx_word' id='word_1_677' title='bbox 3541 4256 3686 4320; x_wconf 74' lang='grc' dir='ltr'>Θεὸς</span> 
     </span>
    </p>
   </div>
   <div class='ocr_carea' id='block_1_92' title="bbox 334 4333 1986 4429">
    <p class='ocr_par' dir='ltr' id='par_1_92' title="bbox 334 4333 1978 4429">
     <span class='ocr_line' id='line_1_92' title="bbox 334 4333 1978 4429; baseline -0.003 -17"><span class='ocrx_word' id='word_1_678' title='bbox 334 4355 345 4364; x_wconf 83' lang='grc'><strong>’</strong></span> <span class='ocrx_word' id='word_1_679' title='bbox 408 4333 646 4429; x_wconf 70' lang='lat' dir='ltr'><strong>positum</strong></span> <span class='ocrx_word' id='word_1_680' title='bbox 666 4333 852 4410; x_wconf 79' lang='lat' dir='ltr'><strong>autem</strong></span> <span class='ocrx_word' id='word_1_681' title='bbox 878 4353 1097 4408; x_wconf 71' lang='lat' dir='ltr'><strong>veritati</strong></span> <span class='ocrx_word' id='word_1_682' title='bbox 1126 4360 1212 4407; x_wconf 86' lang='lat' dir='ltr'><strong>est</strong></span> <span class='ocrx_word' id='word_1_683' title='bbox 1248 4333 1618 4408; x_wconf 88' lang='lat' dir='ltr'><strong>mendacium.</strong></span> <span class='ocrx_word' id='word_1_684' title='bbox 1657 4353 1845 4422; x_wconf 86' lang='lat' dir='ltr'><strong>Itaque</strong></span> <span class='ocrx_word' id='word_1_685' title='bbox 1885 4367 1978 4407; x_wconf 88' lang='lat' dir='ltr'><strong>ve-</strong></span> 
     </span>
    </p>
   </div>
   <div class='ocr_carea' id='block_1_93' title="bbox 2088 4333 3686 4429">
    <p class='ocr_par' dir='ltr' id='par_1_93' title="bbox 2089 4348 3686 4423">
     <span class='ocr_line' id='line_1_93' title="bbox 2089 4348 3686 4423; baseline -0.003 -18"><span class='ocrx_word' id='word_1_686' title='bbox 2089 4352 2373 4421; x_wconf 84' lang='grc' dir='ltr'>ύπάρχων,</span> <span class='ocrx_word' id='word_1_687' title='bbox 2408 4350 2502 4404; x_wconf 76' lang='grc' dir='ltr'><strong>καί</strong></span> <span class='ocrx_word' id='word_1_688' title='bbox 2526 4350 2668 4423; x_wconf 76' lang='grc' dir='ltr'>ὑπὲρ</span> <span class='ocrx_word' id='word_1_689' title='bbox 2696 4352 2878 4405; x_wconf 80' lang='grc' dir='ltr'>πᾶσαν</span> <span class='ocrx_word' id='word_1_690' title='bbox 2911 4350 2987 4405; x_wconf 74' lang='grc' dir='ltr'>ὢν</span> <span class='ocrx_word' id='word_1_691' title='bbox 3025 4349 3246 4422; x_wconf 81' lang='grc' dir='ltr'>ἀληθῶς</span> <span class='ocrx_word' id='word_1_692' title='bbox 3273 4348 3686 4419; x_wconf 67' lang='grc' dir='ltr'>ἀνθρωπότητά</span> 
     </span>
    </p>
   </div>
   <div class='ocr_carea' id='block_1_94' title="bbox 408 4442 1982 4519">
    <p class='ocr_par' dir='ltr' id='par_1_94' title="bbox 408 4442 1982 4519">
     <span class='ocr_line' id='line_1_94' title="bbox 408 4442 1982 4519; baseline -0.006 -14"><span class='ocrx_word' id='word_1_693' title='bbox 408 4451 626 4505; x_wconf 86' lang='lat' dir='ltr'><strong>ritatem</strong></span> <span class='ocrx_word' id='word_1_694' title='bbox 660 4456 884 4519; x_wconf 81' lang='lat' dir='ltr'><strong>supcrat</strong></span> <span class='ocrx_word' id='word_1_695' title='bbox 923 4460 991 4500; x_wconf 84' lang='lat' dir='ltr'><strong>ea</strong></span> <span class='ocrx_word' id='word_1_696' title='bbox 1037 4442 1104 4498; x_wconf 83' lang='lat' dir='ltr'><strong>ad</strong></span> <span class='ocrx_word' id='word_1_697' title='bbox 1132 4457 1295 4513; x_wconf 90' lang='lat' dir='ltr'><strong>quam</strong></span> <span class='ocrx_word' id='word_1_698' title='bbox 1354 4444 1611 4498; x_wconf 82' lang='lat' dir='ltr'><strong>universa</strong></span> <span class='ocrx_word' id='word_1_699' title='bbox 1645 4443 1982 4512; x_wconf 83' lang='lat' dir='ltr'><strong>colliguntur</strong></span> 
     </span>
    </p>
   </div>
   <div class='ocr_carea' id='block_1_95' title="bbox 2085 4438 2556 4508">
    <p class='ocr_par' dir='ltr' id='par_1_95' title="bbox 2085 4438 2556 4508">
     <span class='ocr_line' id='line_1_95' title="bbox 2085 4438 2556 4508; baseline 0 -14"><span class='ocrx_word' id='word_1_700' title='bbox 2085 4458 2147 4495; x_wconf 89' lang='grc' dir='ltr'><strong>τε</strong></span> <span class='ocrx_word' id='word_1_701' title='bbox 2184 4441 2278 4494; x_wconf 78' lang='grc' dir='ltr'><strong>καὶ</strong></span> <span class='ocrx_word' id='word_1_702' title='bbox 2305 4438 2556 4508; x_wconf 84' lang='grc' dir='ltr'>θεότητα.</span> 
     </span>
    </p>
   </div>
   <div class='ocr_carea' id='block_1_96' title="bbox 408 4528 3683 4612">
    <p class='ocr_par' dir='ltr' id='par_1_96' title="bbox 408 4528 3683 4612">
     <span class='ocr_line' id='line_1_96' title="bbox 408 4528 3683 4612; baseline -0.004 -15"><span class='ocrx_word' id='word_1_703' title='bbox 408 4542 569 4605; x_wconf 89' lang='lat' dir='ltr'><strong>ratio,</strong></span> <span class='ocrx_word' id='word_1_704' title='bbox 605 4540 923 4612; x_wconf 81' lang='lat' dir='ltr'><strong>pariterque</strong></span> <span class='ocrx_word' id='word_1_705' title='bbox 989 4548 1208 4599; x_wconf 86' lang='lat' dir='ltr'><strong>rursus,</strong></span> <span class='ocrx_word' id='word_1_706' title='bbox 1275 4543 1336 4589; x_wconf 91' lang='lat' dir='ltr'><strong>ut</strong></span> <span class='ocrx_word' id='word_1_707' title='bbox 1385 4534 1550 4589; x_wconf 88' lang='lat' dir='ltr'><strong>homo</strong></span> <span class='ocrx_word' id='word_1_708' title='bbox 1588 4541 1646 4589; x_wconf 93' lang='lat' dir='ltr'><strong>et</strong></span> <span class='ocrx_word' id='word_1_709' title='bbox 1688 4534 1854 4599; x_wconf 82' lang='lat' dir='ltr'><strong>Deus,</strong></span> <span class='ocrx_word' id='word_1_710' title='bbox 1889 4534 2061 4589; x_wconf 83' lang='lat' dir='ltr'><strong>etiam</strong></span> <span class='ocrx_word' id='word_1_711' title='bbox 2096 4546 2314 4587; x_wconf 85' lang='lat' dir='ltr'><strong>omnem</strong></span> <span class='ocrx_word' id='word_1_712' title='bbox 2359 4544 2554 4585; x_wconf 88' lang='lat' dir='ltr'><strong>revera</strong></span> <span class='ocrx_word' id='word_1_713' title='bbox 2610 4529 3014 4586; x_wconf 84' lang='lat' dir='ltr'><strong>humanitatem</strong></span> <span class='ocrx_word' id='word_1_714' title='bbox 3071 4538 3128 4585; x_wconf 90' lang='lat' dir='ltr'><strong>et</strong></span> <span class='ocrx_word' id='word_1_715' title='bbox 3171 4528 3523 4585; x_wconf 84' lang='lat' dir='ltr'><strong>divinitatem</strong></span> <span class='ocrx_word' id='word_1_716' title='bbox 3578 4544 3683 4585; x_wconf 80' lang='lat' dir='ltr'><strong>su-</strong></span> 
     </span>
    </p>
   </div>
   <div class='ocr_carea' id='block_1_97' title="bbox 408 4642 588 4703">
    <p class='ocr_par' dir='ltr' id='par_1_97' title="bbox 408 4642 588 4703">
     <span class='ocr_line' id='line_1_97' title="bbox 408 4642 588 4703; baseline -0.017 -14"><span class='ocrx_word' id='word_1_717' title='bbox 408 4642 588 4703; x_wconf 86' lang='lat' dir='ltr'><strong>perat.</strong></span> 
     </span>
    </p>
   </div>
   <div class='ocr_carea' id='block_1_98' title="bbox 477 4718 1980 4793">
    <p class='ocr_par' dir='ltr' id='par_1_98' title="bbox 477 4718 1980 4793">
     <span class='ocr_line' id='line_1_98' title="bbox 477 4718 1980 4793; baseline -0.006 -11"><span class='ocrx_word' id='word_1_718' title='bbox 477 4724 831 4793; x_wconf 77' lang='lat' dir='ltr'><strong>Colliguntur</strong></span> <span class='ocrx_word' id='word_1_719' title='bbox 854 4722 1024 4793; x_wconf 79' lang='lat' dir='ltr'><strong>igitur</strong></span> <span class='ocrx_word' id='word_1_720' title='bbox 1056 4722 1274 4793; x_wconf 90' lang='lat' dir='ltr'><strong>priores</strong></span> <span class='ocrx_word' id='word_1_721' title='bbox 1333 4718 1559 4789; x_wconf 81' lang='lat' dir='ltr'><strong>quidem</strong></span> <span class='ocrx_word' id='word_1_722' title='bbox 1596 4718 1839 4788; x_wconf 84' lang='lat' dir='ltr'><strong>quinque</strong></span> <span class='ocrx_word' id='word_1_723' title='bbox 1889 4734 1980 4773; x_wconf 85' lang='lat' dir='ltr'><strong>ra-</strong></span> 
     </span>
    </p>
   </div>
   <div class='ocr_carea' id='block_1_99' title="bbox 408 4796 1981 4882">
    <p class='ocr_par' dir='ltr' id='par_1_99' title="bbox 408 4796 1981 4882">
     <span class='ocr_line' id='line_1_99' title="bbox 408 4796 1981 4882; baseline -0.007 -8"><span class='ocrx_word' id='word_1_724' title='bbox 408 4819 590 4874; x_wconf 84' lang='lat' dir='ltr'><strong>tiones</strong></span> <span class='ocrx_word' id='word_1_725' title='bbox 645 4815 714 4870; x_wconf 87' lang='lat' dir='ltr'><strong>de</strong></span> <span class='ocrx_word' id='word_1_726' title='bbox 761 4812 1061 4869; x_wconf 85' lang='lat' dir='ltr'><strong>multifaria</strong></span> <span class='ocrx_word' id='word_1_727' title='bbox 1125 4812 1370 4882; x_wconf 86' lang='lat' dir='ltr'><strong>ipsarum</strong></span> <span class='ocrx_word' id='word_1_728' title='bbox 1400 4796 1864 4880; x_wconf 80' lang='lat' dir='ltr'><strong>contemplatione</strong></span> <span class='ocrx_word' id='word_1_729' title='bbox 1925 4810 1981 4863; x_wconf 90' lang='lat' dir='ltr'><strong>in</strong></span> 
     </span>
    </p>
   </div>
   <div class='ocr_carea' id='block_1_100' title="bbox 406 4901 1978 4974">
    <p class='ocr_par' dir='ltr' id='par_1_100' title="bbox 406 4901 1978 4974">
     <span class='ocr_line' id='line_1_100' title="bbox 406 4901 1978 4974; baseline -0.007 -9"><span class='ocrx_word' id='word_1_730' title='bbox 406 4909 639 4967; x_wconf 83' lang='lat' dir='ltr'><strong>activam</strong></span> <span class='ocrx_word' id='word_1_731' title='bbox 665 4914 723 4962; x_wconf 84' lang='lat' dir='ltr'><strong>et</strong></span> <span class='ocrx_word' id='word_1_732' title='bbox 737 4905 1048 4961; x_wconf 88' lang='lat' dir='ltr'><strong>naturalem</strong></span> <span class='ocrx_word' id='word_1_733' title='bbox 1069 4912 1127 4959; x_wconf 90' lang='lat' dir='ltr'><strong>et</strong></span> <span class='ocrx_word' id='word_1_734' title='bbox 1155 4902 1521 4974; x_wconf 82' lang='lat' dir='ltr'><strong>theologicam</strong></span> <span class='ocrx_word' id='word_1_735' title='bbox 1543 4901 1978 4972; x_wconf 87' lang='lat' dir='ltr'><strong>philosophiam,</strong></span> 
     </span>
    </p>
   </div>
   <div class='ocr_carea' id='block_1_101' title="bbox 407 4990 1980 5066">
    <p class='ocr_par' dir='ltr' id='par_1_101' title="bbox 407 4990 1980 5066">
     <span class='ocr_line' id='line_1_101' title="bbox 407 4990 1980 5066; baseline -0.006 -10"><span class='ocrx_word' id='word_1_736' title='bbox 407 5001 493 5056; x_wconf 64' lang='lat' dir='ltr'><strong>hic</strong></span> <span class='ocrx_word' id='word_1_737' title='bbox 516 5012 651 5054; x_wconf 88' lang='lat' dir='ltr'><strong>vero</strong></span> <span class='ocrx_word' id='word_1_738' title='bbox 698 5011 899 5052; x_wconf 84' lang='lat' dir='ltr'><strong>rursus</strong></span> <span class='ocrx_word' id='word_1_739' title='bbox 922 4996 978 5051; x_wconf 90' lang='lat' dir='ltr'><strong>in</strong></span> <span class='ocrx_word' id='word_1_740' title='bbox 1019 4994 1370 5066; x_wconf 67' lang='lat' dir='ltr'><strong>praesentiam</strong></span> <span class='ocrx_word' id='word_1_741' title='bbox 1417 5002 1583 5063; x_wconf 87' lang='lat' dir='ltr'><strong>atque</strong></span> <span class='ocrx_word' id='word_1_742' title='bbox 1618 4991 1887 5056; x_wconf 89' lang='lat' dir='ltr'><strong>futurum,</strong></span> <span class='ocrx_word' id='word_1_743' title='bbox 1924 4990 1980 5046; x_wconf 92' lang='lat' dir='ltr'><strong>id</strong></span> 
     </span>
    </p>
   </div>
   <div class='ocr_carea' id='block_1_102' title="bbox 405 5080 1984 5163">
    <p class='ocr_par' dir='ltr' id='par_1_102' title="bbox 405 5080 1984 5163">
     <span class='ocr_line' id='line_1_102' title="bbox 405 5080 1984 5163; baseline -0.008 -15"><span class='ocrx_word' id='word_1_744' title='bbox 405 5102 493 5148; x_wconf 86' lang='lat' dir='ltr'><strong>est</strong></span> <span class='ocrx_word' id='word_1_745' title='bbox 533 5099 727 5163; x_wconf 85' lang='lat' dir='ltr'><strong>typum</strong></span> <span class='ocrx_word' id='word_1_746' title='bbox 771 5097 937 5159; x_wconf 85' lang='lat' dir='ltr'><strong>atque</strong></span> <span class='ocrx_word' id='word_1_747' title='bbox 973 5085 1287 5149; x_wconf 78' lang='lat' dir='ltr'><strong>veritatem,</strong></span> <span class='ocrx_word' id='word_1_748' title='bbox 1323 5082 1615 5155; x_wconf 65' lang='lat' dir='ltr'><strong>praesentia</strong></span> <span class='ocrx_word' id='word_1_749' title='bbox 1646 5096 1779 5138; x_wconf 86' lang='lat' dir='ltr'><strong>vero</strong></span> <span class='ocrx_word' id='word_1_750' title='bbox 1810 5090 1866 5136; x_wconf 93' lang='lat' dir='ltr'><strong>et</strong></span> <span class='ocrx_word' id='word_1_751' title='bbox 1894 5080 1984 5136; x_wconf 68' lang='lat' dir='ltr'><strong>fu.</strong></span> 
     </span>
    </p>
   </div>
   <div class='ocr_carea' id='block_1_103' title="bbox 408 5172 1980 5252">
    <p class='ocr_par' dir='ltr' id='par_1_103' title="bbox 408 5172 1980 5252">
     <span class='ocr_line' id='line_1_103' title="bbox 408 5172 1980 5252; baseline -0.008 -13"><span class='ocrx_word' id='word_1_752' title='bbox 408 5196 596 5240; x_wconf 79' lang='lat' dir='ltr'><strong>turum</strong></span> <span class='ocrx_word' id='word_1_753' title='bbox 622 5183 678 5237; x_wconf 94' lang='lat' dir='ltr'><strong>in</strong></span> <span class='ocrx_word' id='word_1_754' title='bbox 696 5180 1025 5252; x_wconf 72' lang='lat' dir='ltr'><strong>principale,</strong></span> <span class='ocrx_word' id='word_1_755' title='bbox 1075 5179 1192 5234; x_wconf 91' lang='lat' dir='ltr'><strong>sive</strong></span> <span class='ocrx_word' id='word_1_756' title='bbox 1217 5178 1272 5231; x_wconf 92' lang='lat' dir='ltr'><strong>in</strong></span> <span class='ocrx_word' id='word_1_757' title='bbox 1310 5175 1604 5238; x_wconf 87' lang='lat' dir='ltr'><strong>rationem,</strong></span> <span class='ocrx_word' id='word_1_758' title='bbox 1657 5173 1712 5229; x_wconf 89' lang='lat' dir='ltr'><strong>id</strong></span> <span class='ocrx_word' id='word_1_759' title='bbox 1746 5182 1831 5229; x_wconf 90' lang='lat' dir='ltr'><strong>est</strong></span> <span class='ocrx_word' id='word_1_760' title='bbox 1855 5172 1980 5228; x_wconf 86' lang='lat' dir='ltr'><strong>Ser-</strong></span> 
     </span>
    </p>
   </div>
   <div class='ocr_carea' id='block_1_104' title="bbox 407 5264 1983 5343">
    <p class='ocr_par' dir='ltr' id='par_1_104' title="bbox 407 5264 1983 5343">
     <span class='ocr_line' id='line_1_104' title="bbox 407 5264 1983 5343; baseline -0.008 -12"><span class='ocrx_word' id='word_1_761' title='bbox 407 5291 650 5335; x_wconf 88' lang='lat' dir='ltr'><strong>monem.</strong></span> <span class='ocrx_word' id='word_1_762' title='bbox 680 5286 806 5343; x_wconf 70' lang='lat' dir='ltr'><strong>quae</strong></span> <span class='ocrx_word' id='word_1_763' title='bbox 827 5280 949 5327; x_wconf 91' lang='lat' dir='ltr'><strong>erat</strong></span> <span class='ocrx_word' id='word_1_764' title='bbox 979 5269 1034 5323; x_wconf 89' lang='lat' dir='ltr'><strong>in</strong></span> <span class='ocrx_word' id='word_1_765' title='bbox 1063 5267 1357 5339; x_wconf 87' lang='lat' dir='ltr'><strong>principio,</strong></span> <span class='ocrx_word' id='word_1_766' title='bbox 1390 5280 1516 5336; x_wconf 64' lang='lat' dir='ltr'><strong>qua</strong></span> <span class='ocrx_word' id='word_1_767' title='bbox 1567 5273 1745 5321; x_wconf 88' lang='lat' dir='ltr'><strong>semet</strong></span> <span class='ocrx_word' id='word_1_768' title='bbox 1780 5264 1896 5336; x_wconf 88' lang='lat' dir='ltr'><strong>pati</strong></span> <span class='ocrx_word' id='word_1_769' title='bbox 1925 5272 1983 5319; x_wconf 90' lang='lat' dir='ltr'><strong>et</strong></span> 
     </span>
    </p>
   </div>
   <div class='ocr_carea' id='block_1_105' title="bbox 406 5354 1981 5432">
    <p class='ocr_par' dir='ltr' id='par_1_105' title="bbox 406 5354 1981 5432">
     <span class='ocr_line' id='line_1_105' title="bbox 406 5354 1981 5432; baseline -0.008 -11"><span class='ocrx_word' id='word_1_770' title='bbox 406 5365 596 5421; x_wconf 82' lang='lat' dir='ltr'><strong>videre</strong></span> <span class='ocrx_word' id='word_1_771' title='bbox 625 5362 759 5418; x_wconf 86' lang='lat' dir='ltr'><strong>facit</strong></span> <span class='ocrx_word' id='word_1_772' title='bbox 791 5375 891 5417; x_wconf 91' lang='lat' dir='ltr'><strong>eos</strong></span> <span class='ocrx_word' id='word_1_773' title='bbox 908 5359 1002 5432; x_wconf 77' lang='lat' dir='ltr'><strong>qui</strong></span> <span class='ocrx_word' id='word_1_774' title='bbox 1035 5357 1122 5413; x_wconf 91' lang='lat' dir='ltr'><strong>sui</strong></span> <span class='ocrx_word' id='word_1_775' title='bbox 1161 5356 1312 5429; x_wconf 89' lang='lat' dir='ltr'><strong>digni</strong></span> <span class='ocrx_word' id='word_1_776' title='bbox 1354 5355 1485 5410; x_wconf 83' lang='lat' dir='ltr'><strong>facti</strong></span> <span class='ocrx_word' id='word_1_777' title='bbox 1534 5354 1763 5420; x_wconf 80' lang='lat' dir='ltr'><strong>fuerint,</strong></span> <span class='ocrx_word' id='word_1_778' title='bbox 1799 5362 1855 5409; x_wconf 92' lang='lat' dir='ltr'><strong>et</strong></span> <span class='ocrx_word' id='word_1_779' title='bbox 1882 5369 1981 5423; x_wconf 81' lang='lat' dir='ltr'><strong>per</strong></span> 
     </span>
    </p>
   </div>
   <div class='ocr_carea' id='block_1_106' title="bbox 407 5447 1985 5527">
    <p class='ocr_par' dir='ltr' id='par_1_106' title="bbox 407 5447 1985 5527">
     <span class='ocr_line' id='line_1_106' title="bbox 407 5447 1985 5527; baseline -0.01 -13"><span class='ocrx_word' id='word_1_780' title='bbox 407 5472 472 5514; x_wconf 86' lang='lat' dir='ltr'><strong>ea</strong></span> <span class='ocrx_word' id='word_1_781' title='bbox 497 5472 617 5527; x_wconf 68' lang='lat' dir='ltr'><strong>qua:</strong></span> <span class='ocrx_word' id='word_1_782' title='bbox 647 5456 792 5512; x_wconf 87' lang='lat' dir='ltr'><strong>dicta</strong></span> <span class='ocrx_word' id='word_1_783' title='bbox 827 5461 957 5509; x_wconf 90' lang='lat' dir='ltr'><strong>sunt</strong></span> <span class='ocrx_word' id='word_1_784' title='bbox 989 5465 1208 5508; x_wconf 83' lang='lat' dir='ltr'><strong>summo</strong></span> <span class='ocrx_word' id='word_1_785' title='bbox 1224 5464 1355 5508; x_wconf 89' lang='lat' dir='ltr'><strong>cum</strong></span> <span class='ocrx_word' id='word_1_786' title='bbox 1385 5447 1571 5505; x_wconf 85' lang='lat' dir='ltr'><strong>studio</strong></span> <span class='ocrx_word' id='word_1_787' title='bbox 1596 5447 1668 5504; x_wconf 86' lang='lat' dir='ltr'><strong>ad</strong></span> <span class='ocrx_word' id='word_1_788' title='bbox 1702 5462 1824 5503; x_wconf 87' lang='lat' dir='ltr'><strong>sese</strong></span> <span class='ocrx_word' id='word_1_789' title='bbox 1853 5448 1985 5512; x_wconf 89' lang='lat' dir='ltr'><strong>iter,</strong></span> 
     </span>
    </p>
   </div>
   <div class='ocr_carea' id='block_1_107' title="bbox 407 5537 1982 5616">
    <p class='ocr_par' dir='ltr' id='par_1_107' title="bbox 407 5537 1982 5616">
     <span class='ocr_line' id='line_1_107' title="bbox 407 5537 1982 5616; baseline -0.006 -15"><span class='ocrx_word' id='word_1_790' title='bbox 407 5554 465 5601; x_wconf 89' lang='lat' dir='ltr'><strong>et</strong></span> <span class='ocrx_word' id='word_1_791' title='bbox 482 5547 743 5600; x_wconf 79' lang='lat' dir='ltr'><strong>decadem</strong></span> <span class='ocrx_word' id='word_1_792' title='bbox 771 5561 869 5616; x_wconf 89' lang='lat' dir='ltr'><strong>per</strong></span> <span class='ocrx_word' id='word_1_793' title='bbox 899 5544 1047 5614; x_wconf 87' lang='lat' dir='ltr'><strong>ipsos</strong></span> <span class='ocrx_word' id='word_1_794' title='bbox 1076 5542 1274 5597; x_wconf 87' lang='lat' dir='ltr'><strong>factam</strong></span> <span class='ocrx_word' id='word_1_795' title='bbox 1331 5540 1640 5611; x_wconf 72' lang='lat' dir='ltr'><strong>peripsum</strong></span> <span class='ocrx_word' id='word_1_796' title='bbox 1694 5537 1982 5593; x_wconf 79' lang='lat' dir='ltr'><strong>eﬂ‘eeerint</strong></span> 
     </span>
    </p>
   </div>
   <div class='ocr_carea' id='block_1_108' title="bbox 410 5627 1982 5700">
    <p class='ocr_par' dir='ltr' id='par_1_108' title="bbox 410 5627 1982 5700">
     <span class='ocr_line' id='line_1_108' title="bbox 410 5627 1982 5700; baseline -0.007 -8"><span class='ocrx_word' id='word_1_797' title='bbox 410 5636 726 5700; x_wconf 78' lang='lat' dir='ltr'><strong>monadem,</strong></span> <span class='ocrx_word' id='word_1_798' title='bbox 758 5636 826 5690; x_wconf 89' lang='lat' dir='ltr'><strong>de</strong></span> <span class='ocrx_word' id='word_1_799' title='bbox 861 5634 1014 5689; x_wconf 87' lang='lat' dir='ltr'><strong>omni</strong></span> <span class='ocrx_word' id='word_1_800' title='bbox 1045 5646 1141 5688; x_wconf 87' lang='lat' dir='ltr'><strong>eos</strong></span> <span class='ocrx_word' id='word_1_801' title='bbox 1171 5633 1414 5685; x_wconf 82' lang='lat' dir='ltr'><strong>motione</strong></span> <span class='ocrx_word' id='word_1_802' title='bbox 1467 5627 1711 5698; x_wconf 85' lang='lat' dir='ltr'><strong>passioni</strong></span> <span class='ocrx_word' id='word_1_803' title='bbox 1744 5627 1982 5682; x_wconf 78' lang='lat' dir='ltr'><strong>obnoxia</strong></span> 
     </span>
    </p>
   </div>
   <div class='ocr_carea' id='block_1_109' title="bbox 2162 4708 3687 4783">
    <p class='ocr_par' dir='ltr' id='par_1_109' title="bbox 2162 4708 3687 4783">
     <span class='ocr_line' id='line_1_109' title="bbox 2162 4708 3687 4783; baseline -0.003 -17"><span class='ocrx_word' id='word_1_804' title='bbox 2162 4714 2306 4767; x_wconf 86' lang='grc' dir='ltr'>Συνά</span> <span class='ocrx_word' id='word_1_805' title='bbox 2320 4729 2499 4781; x_wconf 75' lang='grc' dir='ltr'>ίονται</span> <span class='ocrx_word' id='word_1_806' title='bbox 2544 4712 2729 4766; x_wconf 80' lang='grc' dir='ltr'>τοίνυν</span> <span class='ocrx_word' id='word_1_807' title='bbox 2762 4712 2811 4764; x_wconf 89' lang='grc' dir='ltr'><strong>οἰ</strong></span> <span class='ocrx_word' id='word_1_808' title='bbox 2848 4709 2950 4781; x_wconf 82' lang='grc' dir='ltr'><strong>μὲν</strong></span> <span class='ocrx_word' id='word_1_809' title='bbox 2984 4710 3243 4783; x_wconf 81' lang='grc' dir='ltr'>πρότεροι</span> <span class='ocrx_word' id='word_1_810' title='bbox 3277 4708 3441 4764; x_wconf 87' lang='grc' dir='ltr'>πέντε</span> <span class='ocrx_word' id='word_1_811' title='bbox 3472 4710 3687 4780; x_wconf 71' lang='grc' dir='ltr'>τρόποι</span> 
     </span>
    </p>
   </div>
   <div class='ocr_carea' id='block_1_110' title="bbox 2089 4802 3685 4875">
    <p class='ocr_par' dir='ltr' id='par_1_110' title="bbox 2089 4802 3685 4875">
     <span class='ocr_line' id='line_1_110' title="bbox 2089 4802 3685 4875; baseline -0.003 -16"><span class='ocrx_word' id='word_1_812' title='bbox 2089 4806 2234 4859; x_wconf 87' lang='grc' dir='ltr'><strong>κατά</strong></span> <span class='ocrx_word' id='word_1_813' title='bbox 2258 4805 2359 4875; x_wconf 78' lang='grc' dir='ltr'>τὴν</span> <span class='ocrx_word' id='word_1_814' title='bbox 2387 4805 2473 4858; x_wconf 85' lang='grc' dir='ltr'>ἐπ’</span> <span class='ocrx_word' id='word_1_815' title='bbox 2507 4805 2691 4868; x_wconf 81' lang='grc' dir='ltr'>αὐτοῖς</span> <span class='ocrx_word' id='word_1_816' title='bbox 2731 4802 3072 4873; x_wconf 84' lang='grc' dir='ltr'>πολύτροπον</span> <span class='ocrx_word' id='word_1_817' title='bbox 3099 4802 3334 4874; x_wconf 84' lang='grc' dir='ltr'>θεωρίαν</span> <span class='ocrx_word' id='word_1_818' title='bbox 3388 4802 3471 4864; x_wconf 82' lang='grc' dir='ltr'><strong>εἰς</strong></span> <span class='ocrx_word' id='word_1_819' title='bbox 3520 4819 3685 4875; x_wconf 83' lang='grc' dir='ltr'>πρα-</span> 
     </span>
    </p>
   </div>
   <div class='ocr_carea' id='block_1_111' title="bbox 2087 4888 3687 4970">
    <p class='ocr_par' dir='ltr' id='par_1_111' title="bbox 2087 4888 3687 4970">
     <span class='ocr_line' id='line_1_111' title="bbox 2087 4888 3687 4970; baseline 0 -19"><span class='ocrx_word' id='word_1_820' title='bbox 2087 4899 2287 4970; x_wconf 82' lang='grc' dir='ltr'>κτικὴν</span> <span class='ocrx_word' id='word_1_821' title='bbox 2308 4898 2400 4952; x_wconf 72' lang='grc' dir='ltr'>καὶ</span> <span class='ocrx_word' id='word_1_822' title='bbox 2414 4897 2649 4968; x_wconf 78' lang='grc' dir='ltr'>φυσικὴν</span> <span class='ocrx_word' id='word_1_823' title='bbox 2674 4897 2773 4950; x_wconf 70' lang='grc' dir='ltr'><strong>καί</strong></span> <span class='ocrx_word' id='word_1_824' title='bbox 2786 4894 3105 4965; x_wconf 79' lang='grc' dir='ltr'>θεολογικὴν</span> <span class='ocrx_word' id='word_1_825' title='bbox 3134 4893 3477 4964; x_wconf 83' lang='grc' dir='ltr'>φιλοσοφίαν,</span> <span class='ocrx_word' id='word_1_826' title='bbox 3503 4888 3687 4951; x_wconf 71' lang='grc' dir='ltr'>αὗται</span> 
     </span>
    </p>
   </div>
   <div class='ocr_carea' id='block_1_112' title="bbox 2088 4985 3686 5061">
    <p class='ocr_par' dir='ltr' id='par_1_112' title="bbox 2088 4985 3686 5061">
     <span class='ocr_line' id='line_1_112' title="bbox 2088 4985 3686 5061; baseline -0.003 -16"><span class='ocrx_word' id='word_1_827' title='bbox 2088 4991 2148 5045; x_wconf 77' lang='grc' dir='ltr'><strong>δέ</strong></span> <span class='ocrx_word' id='word_1_828' title='bbox 2188 4989 2355 5046; x_wconf 86' lang='grc' dir='ltr'>πάλιν</span> <span class='ocrx_word' id='word_1_829' title='bbox 2380 4992 2461 5054; x_wconf 88' lang='grc' dir='ltr'><strong>εἰς</strong></span> <span class='ocrx_word' id='word_1_830' title='bbox 2485 4989 2550 5044; x_wconf 78' lang='grc' dir='ltr'><strong>τὸ</strong></span> <span class='ocrx_word' id='word_1_831' title='bbox 2576 4987 2751 5061; x_wconf 76' lang='grc' dir='ltr'>παρὸν</span> <span class='ocrx_word' id='word_1_832' title='bbox 2780 4988 2873 5040; x_wconf 77' lang='grc' dir='ltr'>καὶ</span> <span class='ocrx_word' id='word_1_833' title='bbox 2898 4989 2980 5049; x_wconf 87' lang='grc' dir='ltr'><strong>εἰς</strong></span> <span class='ocrx_word' id='word_1_834' title='bbox 3004 4985 3068 5039; x_wconf 87' lang='grc' dir='ltr'><strong>τδ</strong></span> <span class='ocrx_word' id='word_1_835' title='bbox 3100 4986 3315 5057; x_wconf 83' lang='grc' dir='ltr'>μέλλον,</span> <span class='ocrx_word' id='word_1_836' title='bbox 3349 4986 3473 5057; x_wconf 72' lang='grc' dir='ltr'>ἦτοι</span> <span class='ocrx_word' id='word_1_837' title='bbox 3496 4986 3686 5040; x_wconf 76' lang='grc' dir='ltr'>τύπον</span> 
     </span>
    </p>
   </div>
   <div class='ocr_carea' id='block_1_113' title="bbox 2090 5076 3686 5153">
    <p class='ocr_par' dir='ltr' id='par_1_113' title="bbox 2090 5076 3686 5153">
     <span class='ocr_line' id='line_1_113' title="bbox 2090 5076 3686 5153; baseline -0.004 -16"><span class='ocrx_word' id='word_1_838' title='bbox 2090 5082 2185 5137; x_wconf 75' lang='grc' dir='ltr'>καὶ</span> <span class='ocrx_word' id='word_1_839' title='bbox 2236 5082 2519 5153; x_wconf 82' lang='grc' dir='ltr'>ἀλήθειαν,</span> <span class='ocrx_word' id='word_1_840' title='bbox 2570 5080 2632 5133; x_wconf 83' lang='grc' dir='ltr'>τὸ</span> <span class='ocrx_word' id='word_1_841' title='bbox 2677 5078 2856 5151; x_wconf 84' lang='grc' dir='ltr'>παρὸν</span> <span class='ocrx_word' id='word_1_842' title='bbox 2907 5078 2965 5131; x_wconf 83' lang='grc' dir='ltr'>δὲ</span> <span class='ocrx_word' id='word_1_843' title='bbox 3014 5078 3113 5131; x_wconf 78' lang='grc' dir='ltr'>καὶ</span> <span class='ocrx_word' id='word_1_844' title='bbox 3155 5077 3217 5131; x_wconf 82' lang='grc' dir='ltr'><strong>τὸ</strong></span> <span class='ocrx_word' id='word_1_845' title='bbox 3268 5076 3463 5147; x_wconf 85' lang='grc' dir='ltr'>μέλλον</span> <span class='ocrx_word' id='word_1_846' title='bbox 3495 5077 3589 5141; x_wconf 90' lang='grc' dir='ltr'><strong>εἰς</strong></span> <span class='ocrx_word' id='word_1_847' title='bbox 3619 5080 3686 5131; x_wconf 76' lang='grc' dir='ltr'>τὺ</span> 
     </span>
    </p>
   </div>
   <div class='ocr_carea' id='block_1_114' title="bbox 2090 5165 3690 5244">
    <p class='ocr_par' dir='ltr' id='par_1_114' title="bbox 2090 5165 3690 5244">
     <span class='ocr_line' id='line_1_114' title="bbox 2090 5165 3690 5244; baseline -0.004 -16"><span class='ocrx_word' id='word_1_848' title='bbox 2090 5172 2345 5244; x_wconf 76' lang='grc' dir='ltr'>ἀρχικὸν,</span> <span class='ocrx_word' id='word_1_849' title='bbox 2380 5172 2552 5242; x_wconf 65' lang='grc' dir='ltr'>ἡγουν</span> <span class='ocrx_word' id='word_1_850' title='bbox 2583 5169 2679 5223; x_wconf 78' lang='grc' dir='ltr'><strong>τὸν</strong></span> <span class='ocrx_word' id='word_1_851' title='bbox 2727 5170 2785 5222; x_wconf 91' lang='grc' dir='ltr'><strong>ἐν</strong></span> <span class='ocrx_word' id='word_1_852' title='bbox 2826 5170 2983 5239; x_wconf 72' lang='grc' dir='ltr'>ἀρχῇ·</span> <span class='ocrx_word' id='word_1_853' title='bbox 3024 5166 3219 5237; x_wconf 86' lang='grc' dir='ltr'>Λόγον,</span> <span class='ocrx_word' id='word_1_854' title='bbox 3262 5166 3356 5220; x_wconf 79' lang='grc' dir='ltr'><strong>τὸν</strong></span> <span class='ocrx_word' id='word_1_855' title='bbox 3406 5165 3690 5221; x_wconf 74' lang='grc' dir='ltr'>ποιοῦντα</span> 
     </span>
    </p>
   </div>
   <div class='ocr_carea' id='block_1_115' title="bbox 2090 5256 3689 5327">
    <p class='ocr_par' dir='ltr' id='par_1_115' title="bbox 2090 5256 3689 5327">
     <span class='ocr_line' id='line_1_115' title="bbox 2090 5256 3689 5327; baseline -0.006 -9"><span class='ocrx_word' id='word_1_856' title='bbox 2090 5264 2287 5318; x_wconf 82' lang='grc' dir='ltr'>παθεῐν</span> <span class='ocrx_word' id='word_1_857' title='bbox 2333 5262 2494 5316; x_wconf 76' lang='grc' dir='ltr'>αὐτὸν</span> <span class='ocrx_word' id='word_1_858' title='bbox 2540 5261 2635 5315; x_wconf 82' lang='grc' dir='ltr'>καὶ</span> <span class='ocrx_word' id='word_1_859' title='bbox 2688 5261 2820 5315; x_wconf 87' lang='grc' dir='ltr'>ἰδεῖν</span> <span class='ocrx_word' id='word_1_860' title='bbox 2851 5260 2980 5322; x_wconf 79' lang='grc' dir='ltr'>τοὺς</span> <span class='ocrx_word' id='word_1_861' title='bbox 3008 5257 3195 5323; x_wconf 77' lang='grc' dir='ltr'>ἀξίους</span> <span class='ocrx_word' id='word_1_862' title='bbox 3238 5256 3404 5311; x_wconf 82' lang='grc' dir='ltr'>αὑτοῦ</span> <span class='ocrx_word' id='word_1_863' title='bbox 3433 5257 3689 5327; x_wconf 75' lang='grc' dir='ltr'>γινομέ-</span> 
     </span>
    </p>
   </div>
   <div class='ocr_carea' id='block_1_116' title="bbox 2092 5340 3689 5423">
    <p class='ocr_par' dir='ltr' id='par_1_116' title="bbox 2092 5340 3689 5423">
     <span class='ocr_line' id='line_1_116' title="bbox 2092 5340 3689 5423; baseline -0.006 -14"><span class='ocrx_word' id='word_1_864' title='bbox 2092 5372 2237 5419; x_wconf 86' lang='grc' dir='ltr'>νους,</span> <span class='ocrx_word' id='word_1_865' title='bbox 2281 5353 2377 5409; x_wconf 74' lang='grc' dir='ltr'><strong>καὶ</strong></span> <span class='ocrx_word' id='word_1_866' title='bbox 2409 5352 2498 5407; x_wconf 78' lang='grc' dir='ltr'>διὰ</span> <span class='ocrx_word' id='word_1_867' title='bbox 2528 5352 2641 5405; x_wconf 88' lang='grc' dir='ltr'><strong>τῶν</strong></span> <span class='ocrx_word' id='word_1_868' title='bbox 2686 5349 2997 5423; x_wconf 76' lang='grc' dir='ltr'>εἰρημένων</span> <span class='ocrx_word' id='word_1_869' title='bbox 3031 5340 3336 5420; x_wconf 84' lang='grc' dir='ltr'>φιλοπόνως</span> <span class='ocrx_word' id='word_1_870' title='bbox 3383 5348 3484 5417; x_wconf 79' lang='grc' dir='ltr'>τὴν</span> <span class='ocrx_word' id='word_1_871' title='bbox 3536 5349 3689 5418; x_wconf 67' lang='grc' dir='ltr'>προς</span> 
     </span>
    </p>
   </div>
   <div class='ocr_carea' id='block_1_117' title="bbox 2090 5438 3688 5513">
    <p class='ocr_par' dir='ltr' id='par_1_117' title="bbox 2090 5438 3688 5513">
     <span class='ocr_line' id='line_1_117' title="bbox 2090 5438 3688 5513; baseline -0.004 -17"><span class='ocrx_word' id='word_1_872' title='bbox 2090 5443 2251 5496; x_wconf 78' lang='grc' dir='ltr'>αὐτὸν</span> <span class='ocrx_word' id='word_1_873' title='bbox 2269 5442 2672 5513; x_wconf 83' lang='grc' dir='ltr'>ποιησαμένους</span> <span class='ocrx_word' id='word_1_874' title='bbox 2698 5440 2942 5509; x_wconf 79' lang='grc' dir='ltr'>πορείαν,</span> <span class='ocrx_word' id='word_1_875' title='bbox 2965 5441 3059 5494; x_wconf 76' lang='grc' dir='ltr'>καὶ</span> <span class='ocrx_word' id='word_1_876' title='bbox 3082 5439 3182 5507; x_wconf 76' lang='grc' dir='ltr'>τὴν</span> <span class='ocrx_word' id='word_1_877' title='bbox 3201 5438 3270 5492; x_wconf 80' lang='grc' dir='ltr'>δι’</span> <span class='ocrx_word' id='word_1_878' title='bbox 3290 5438 3489 5500; x_wconf 71' lang='grc' dir='ltr'>αὐτοὺς</span> <span class='ocrx_word' id='word_1_879' title='bbox 3514 5453 3688 5505; x_wconf 81' lang='grc' dir='ltr'>γενο-</span> 
     </span>
    </p>
   </div>
   <div class='ocr_carea' id='block_1_118' title="bbox 2094 5530 3690 5605">
    <p class='ocr_par' dir='ltr' id='par_1_118' title="bbox 2094 5530 3690 5605">
     <span class='ocr_line' id='line_1_118' title="bbox 2094 5530 3690 5605; baseline -0.003 -19"><span class='ocrx_word' id='word_1_880' title='bbox 2094 5534 2263 5605; x_wconf 85' lang='grc' dir='ltr'>μένην</span> <span class='ocrx_word' id='word_1_881' title='bbox 2305 5532 2505 5587; x_wconf 82' lang='grc' dir='ltr'>δεκάδα</span> <span class='ocrx_word' id='word_1_882' title='bbox 2550 5534 2618 5587; x_wconf 88' lang='grc' dir='ltr'>δι⁹</span> <span class='ocrx_word' id='word_1_883' title='bbox 2655 5532 2815 5585; x_wconf 81' lang='grc' dir='ltr'>αὐτὸν</span> <span class='ocrx_word' id='word_1_884' title='bbox 2862 5532 3264 5603; x_wconf 86' lang='grc' dir='ltr'>ποιησαμένους</span> <span class='ocrx_word' id='word_1_885' title='bbox 3312 5530 3543 5600; x_wconf 78' lang='grc' dir='ltr'>μονάδα,</span> <span class='ocrx_word' id='word_1_886' title='bbox 3581 5535 3690 5601; x_wconf 75' lang='grc' dir='ltr'>τὴν</span> 
     </span>
    </p>
   </div>
   <div class='ocr_carea' id='block_1_119' title="bbox 2092 5622 3688 5694">
    <p class='ocr_par' dir='ltr' id='par_1_119' title="bbox 2092 5622 3688 5694">
     <span class='ocr_line' id='line_1_119' title="bbox 2092 5622 3688 5694; baseline -0.001 -15"><span class='ocrx_word' id='word_1_887' title='bbox 2092 5627 2289 5690; x_wconf 70' lang='grc' dir='ltr'>αὐτοὺς</span> <span class='ocrx_word' id='word_1_888' title='bbox 2323 5626 2681 5692; x_wconf 81' lang='grc' dir='ltr'>ἐκτινάξασαν</span> <span class='ocrx_word' id='word_1_889' title='bbox 2695 5622 3178 5694; x_wconf 76' lang='grc' dir='ltr'>παντδςέμπαθοῡς</span> <span class='ocrx_word' id='word_1_890' title='bbox 3208 5640 3264 5675; x_wconf 79' lang='grc' dir='ltr'><strong>τε</strong></span> <span class='ocrx_word' id='word_1_891' title='bbox 3295 5622 3390 5675; x_wconf 84' lang='grc' dir='ltr'><strong>καί</strong></span> <span class='ocrx_word' id='word_1_892' title='bbox 3435 5623 3688 5691; x_wconf 73' lang='grc' dir='ltr'>φυσικςῦ</span> 
     </span>
    </p>
   </div>
  </div>
