3938 6192
240 274 376 343 1297

1471 238 1988 345 AMBIGUORUM
2028 284 2282 345 LIBER.

3350 287 3490 355 1298

230 390 326 447 καὶ
370 406 567 461 νοητου
613 392 936 463 κινήματος,
967 394 1061 448 καὶ
1091 393 1188 465 τὴν
1220 394 1278 448 ἐν
1306 395 1493 470 χάριτι
1529 395 1682 452 θείαν
1711 397 1790 451 αὑ·

1912 404 1964 452 et
1995 396 2234 452 naturali
2263 407 2320 452 ct
2346 395 2703 453 intellectuali
2729 397 3089 456 decussnram
3134 398 3489 474 divinamque

229 483 346 547 τοῖς
377 481 518 536 κατὰ
565 483 667 551 τὴν
716 483 1010 557 ὁλόκληρον
1056 484 1171 550 ἕξιν
1230 486 1681 559 ἔμμορφώσασαν
1712 488 1813 558 τῆς

230 573 374 628 κατὰ
401 572 566 642 φύσιν
596 573 750 638 θείας
767 575 1071 647 ἁπλότητος
1103 575 1362 648 ἰδιότητα.
1408 577 1603 632 ἰστέον
1628 578 1684 631 δὲ
1714 577 1810 632 καί¹

224 661 407 728 τοῦτο,
435 662 519 716 ὅτι
554 662 653 733 τῆς
692 662 793 733 μὲν
817 662 1074 733 προνοίας
1103 666 1131 717 ό
1159 662 1318 732 λόγος
1346 667 1413 737 τῇ
1446 669 1677 736 φυσικῇ,
1717 666 1811 720 καὶ

223 753 255 805 ό
279 752 378 820 τῆς
408 752 642 824 κρίσεως
666 752 824 821 λόγος
843 755 910 823 τῇ
944 756 1220 826 πρακτικῇ
1254 755 1633 827 κατέσπαρται
1661 756 1810 825 φιλο-

226 844 411 914 σοφίᾳ,
447 844 587 897 κατὰ
615 845 742 908 τοὺς
767 846 948 908 αὐτοῖς
978 846 1293 917 πρέποντας
1324 846 1586 917 τρόπους,
1620 842 1699 910 οἷς
1722 847 1809 902 διά

221 938 321 1009 τῆς
351 939 584 1009 θεωρίας
610 939 720 993 τῶν
748 939 918 995 ὄντων
954 958 1015 994 τε
1065 941 1157 995 καὶ
1190 942 1495 1013 γινομένων
1523 943 1810 1013 ἐμφαίνον-

219 1045 334 1083 ται.
360 1030 568 1095 Ταῦτα,
611 1030 795 1095 καθὼς
829 1033 1067 1104 εἴρηται,
1103 1034 1399 1097 νενοηκότα
1424 1033 1515 1088 τὸν
1545 1034 1804 1107 θεόφρονα

219 1117 412 1173 τοῦτον
456 1119 778 1175 διδάσκαλον
824 1120 1049 1192 οἷμαιδδ
1080 1123 1410 1194 προσφόρως
1451 1124 1580 1186 τοὺς
1607 1124 1809 1193 ὀνομα-

222 1211 451 1275 σθέντας
481 1212 671 1282 ἁγίους
704 1214 770 1267 ἐκ
800 1212 897 1267 τοῦ
921 1214 1064 1268 κατὰ
1092 1215 1249 1285 γένος
1282 1216 1377 1271 καὶ
1402 1213 1560 1280 ἀξίαν
1595 1215 1803 1287 τρόπου

217 1302 319 1373 τῆς
350 1302 437 1354 ἐπ’
455 1303 641 1366 αὐτοῖς
664 1302 901 1375 θεωρίας
931 1304 1185 1372 καλέσαι,
1213 1305 1303 1360 τὸν
1326 1307 1383 1360 δὲ
1412 1306 1585 1376 μέγαν
1624 1307 1804 1360 Ἰωάν-

217 1410 317 1464 νην
364 1394 459 1448 καὶ
495 1396 559 1448 ὲκ
598 1394 694 1449 τοῦ
731 1396 920 1450 τόπου.
971 1397 1173 1469 Διόπερ
1212 1399 1240 1451 ὁ
1284 1397 1385 1468 μὲν
1429 1396 1584 1466 ἅγιος
1620 1397 1826 1451 Ἰωὰν-”

215 1501 337 1556 νης,
365 1487 439 1549 ὡς
469 1487 566 1557 μὲν
595 1486 774 1558 κῆρυξ
806 1488 1121 1558 μετανοίας,
1152 1488 1406 1560 πράξεώς
1430 1490 1580 1542 ἔστιν
1611 1488 1798 1554 είκὼν,

213 1572 291 1638 ὡς
320 1575 378 1629 δὲ
407 1575 698 1648 ὲρημίτης,
716 1576 1007 1643 ἀπαθείας,
1036 1579 1112 1641 ὡς
1133 1578 1364 1648 Λευῖτης
1389 1578 1446 1632 δὲ
1473 1578 1566 1633 καὶ
1597 1580 1797 1650 ἱερεὺς,

214 1667 529 1737 γνωστικῆς
560 1667 817 1738 Θεωρίας,
852 1668 927 1733 ὡς
973 1669 1030 1723 δὲ
1059 1669 1153 1724 τοῦ
1187 1670 1350 1740 λόγου
1383 1673 1799 1743 προσκιρτήσας

1919 488 1974 542 ἰιι
2008 487 2186 559 gratia
2224 488 2307 542 eis
2335 487 2638 544 secundum
2696 489 2969 561 integrum
3022 491 3270 546 habitum
3324 493 3494 550 infor-

1915 588 2185 633 maturam
2217 578 2417 634 divina:
2434 579 2762 634 naturaliter
2782 579 3154 651 simplicitatis
3186 585 3493 653 proprieta-

1859 674 1879 687 ⁴
1913 677 2046 723 tem.
2084 668 2382 724 Sciendum
2415 679 2599 725 autem
2629 670 2735 725 hoc
2756 686 2975 741 quoque
2998 681 3106 737 est,
3131 672 3494 742 providentiae

1912 756 2182 811 rationem
2208 757 2466 824 naturali,
2492 757 2686 829 judicii
2709 758 2976 814 rationem
3010 760 3188 815 activa
3213 775 3335 817 esse
3370 763 3494 832 phi.

1909 844 2161 916 losophia
2197 855 2393 912 satam,
2417 848 2718 902 secundum
2747 848 2941 904 modos
2982 852 3400 915 convenientes,
3435 854 3491 909 in

1908 935 2113 1007 quibus
2131 952 2233 1008 per
2258 953 2452 992 corum
2479 954 2603 1008 quae
2616 938 2890 994 exsistunt
2913 948 2970 995 et
2992 940 3132 996 ﬁunt
3154 952 3368 998 contem
3377 942 3494 1013 pla-

1908 1027 2114 1083 tionem
2144 1026 2582 1084 manifestantur.
2617 1027 2753 1094 Hoc,
2794 1028 2873 1085 uti
2905 1028 3041 1095 dixi,
3096 1031 3380 1087 intellectu
3407 1039 3492 1087 at-

1907 1130 2018 1190 que
2077 1119 2315 1175 consilio
2368 1119 2619 1174 divinum
2676 1121 2826 1176 hunc
2873 1121 3114 1177 arbitror
3161 1124 3489 1195 magistrum

1906 1218 2150 1277 sanctos,
2172 1228 2313 1283 quos
2337 1212 2656 1282 appellavit,
2675 1222 3046 1284 congruenter
3077 1230 3145 1270 ex
3172 1216 3336 1270 modo
3357 1232 3491 1270 con-

1904 1302 2274 1372 templationis
2319 1317 2513 1358 eorum
2562 1317 2791 1359 vocasse
2858 1304 3160 1360 secundum
3209 1321 3382 1376 genus
3432 1316 3489 1361 et

1905 1391 2250 1463 dignitatem,
2279 1408 2538 1465 magnum
2583 1408 2718 1449 vero
2747 1394 3016 1451 Joannem
3047 1394 3214 1452 etiam
3265 1396 3332 1450 de
3379 1396 3485 1450 loci

1903 1484 2089 1539 modo.
2114 1483 2298 1551 Quare
2324 1491 2548 1541 sanctus
2570 1483 2832 1551 Joannes,
2859 1494 2921 1540 ut
2976 1485 3321 1557 paenitentia:
3346 1502 3485 1556 pra:-

1904 1592 1992 1642 co,
2024 1576 2258 1633 actionis
2288 1585 2373 1633 est
2393 1577 2593 1649 imago,
2630 1586 2690 1633 ut
2718 1578 2968 1643 eremita,
2996 1576 3478 1648 impassibilitatis,

1902 1675 1964 1722 ut
1989 1667 2179 1723 Levita
2197 1676 2252 1723 et
2280 1668 2564 1731 sacerdos,
2590 1668 2854 1739 gnosticae
2883 1667 3389 1738 contemplationis,
3423 1674 3486 1721 ut
3560 1666 3567 1677 ‘

212 1757 324 1814 ἀπὸ
372 1758 632 1829 γαστρὸς,
674 1760 941 1832 άτρεψίας
993 1762 1088 1816 καὶ
1132 1762 1232 1833 τῆς
1284 1762 1406 1816 κατ’
1450 1762 1652 1835 ἀρετὴν
1697 1764 1790 1817 καὶ

1898 1776 2022 1815 vero
2068 1760 2298 1816 rationis
2327 1776 2395 1816 ex
2420 1769 2583 1815 utero
2609 1760 2909 1825 exsultans,
2936 1756 3257 1814 constantia:
3290 1764 3347 1813 et
3386 1758 3485 1813 ha-

212 1848 419 1917 γνῶσιν
465 1848 633 1916 agat;
679 1852 797 1904 ἐστι
848 1851 1116 1922 σύμϐολον
1140 1870 1154 1883 ·
1186 1854 1214 1907 ὁ
1240 1854 1297 1907 δὲ
1322 1853 1477 1925 ἅγιος
1504 1854 1692 1920 Δαϐὶδ,
1721 1854 1796 1918 ὡς

216 1939 319 2009 μὲν
371 1940 627 2005 Ἰουδαῖος
660 1941 861 2013 (2ι8
892 1942 955 2014 b)
984 1945 1080 1998 καὶ
1115 1946 1341 2017 ποιμὴν,
1383 1946 1483 2017 τὴν
1514 1946 1583 1999 δι’
1604 1944 1797 2015 ἐξομο-

213 2028 495 2100 λογήσεως
536 2036 848 2103 πρακτικὴν
884 2034 1206 2106 φιλοσοφίαν
1240 2036 1586 2101 εἰκονίζεται,
1622 2037 1696 2099 ὡς
1740 2034 1796 2089 δὲ

213 2120 468 2192 βασιλεὺς
510 2123 746 2194 Ἰσραὴλ,
779 2126 877 2197 τὴν
912 2126 1255 2199 θεωρητικὴν
1301 2130 1604 2199 εἰσηγεῖται
1635 2145 1798 2197 μυστ-

212 2214 478 2281 αγωγίαν.
539 2215 701 2280 Γένος
757 2215 850 2270 οὖν
905 2217 1000 2270 τοῦ
1052 2219 1151 2288 μὲν
1200 2218 1359 2287 ἁγίου
1424 2219 1672 2272 Ἰωάννου
1736 2218 1797 2271 τὸ

211 2302 366 2367 ἔθνος
392 2306 486 2359 καὶ
508 2309 540 2375 ἡ
575 2307 717 2378 φυλὴ
745 2308 802 2374 ἐξ
844 2301 918 2362 ὧν
948 2310 1183 2379 ὑπῆρχε,
1220 2310 1346 2377 ἀξία
1368 2310 1424 2363 δὲ
1450 2310 1509 2363 τὸ
1533 2312 1798 2381 κήρυγμα

211 2395 312 2449 καὶ
349 2398 646 2468 ἱερωσύνη,
689 2399 784 2453 καὶ
819 2400 983 2464 τόπος
1023 2404 1056 2472 ἡ
1090 2402 1295 2472 ἕρημος
1320 2404 1392 2456 οὲν
1479 2403 1663 2471 διῆγε·
1702 2400 1795 2455 τοῦ

208 2486 272 2542 δὶ
296 2490 453 2556 ἁγίου
491 2490 653 2543 Δαϐὶδ
681 2490 968 2557 ὡσαύτως,
1000 2494 1061 2548 τὸ
1089 2494 1188 2563 μὲν
1229 2494 1388 2562 γένος
1412 2494 1473 2546 τὸ
1496 2493 1649 2557 ἔθνος
1680 2494 1798 2546 ἐστὶ

211 2579 312 2633 καὶ
345 2582 376 2650 ή
411 2582 571 2652 φυλὴ.
605 2582 665 2636 τὸ
695 2582 752 2636 δὲ
775 2585 1137 2655 ἐπιτήδευμα,
1180 2586 1350 2656 ἤγουν
1382 2586 1414 2656 ἡ
1443 2584 1587 2652 ἀξία,
1615 2586 1648 2654 η
1679 2602 1795 2638 ποι-

214 2672 454 2743 μαντικὴ
503 2674 595 2726 καὶ
651 2675 684 2745 ἡ
731 2674 998 2745 βασιλεία.
1051 2671 1148 2741 Ai;
1184 2677 1470 2747 ἑκάτερος,
1515 2675 1796 2743 ἀναλόγως

210 2762 394 2833 ἑαυτῷ
424 2766 564 2818 κατὰ
582 2765 674 2818 τὸν
707 2766 986 2837 πρέποντα
1016 2768 1174 2836 λόγον
1201 2767 1312 2821 τῶν
1344 2768 1431 2820 ἐπ’
1461 2766 1611 2837 αὐτῷ
1640 2765 1796 2834 λεγο-

212 2853 395 2924 μένων
427 2855 646 2926 τρόπων
688 2855 1090 2927 θεωρούμενος,
1127 2857 1189 2911 τὸ
1223 2857 1291 2912 δι’
1324 2856 1491 2911 αὑτοῦ
1528 2856 1799 2928 δηλούμε-

208 2957 308 3002 νον
337 2963 358 2998 ι
376 2946 697 3013 ἀπταίστως
720 2967 740 3001 ι
773 2950 1077 3021 μυστήριον
1098 2949 1398 3008 δείκνυσιν.

1898 1851 2047 1907 bitus
2070 1851 2295 1907 virtutis
2316 1861 2372 1908 et
2400 1851 2732 1922 cognitionis
2763 1851 3079 1922 symbolum
3108 1858 3193 1906 est
3218 1867 3232 1903 :
3261 1858 3486 1904 sanctus

1898 1952 2088 1998 contra
2142 1942 2339 2009 David,
2390 1951 2453 1998 ut
2495 1942 2721 1998 Judaaus
2750 1952 2806 1998 et
2850 1949 3057 2012 pastor,
3087 1940 3319 1996 activam
3382 1956 3482 2011 per

1904 2034 2306 2090 confessionem
2376 2034 2781 2105 philosophiam
2818 2033 3031 2104 figurat,
3058 2041 3117 2086 ut
3142 2048 3239 2087 rex
3281 2031 3472 2097 Israel,

1897 2125 2374 2195 contemplativam
2410 2125 2714 2180 introducit
2739 2124 3150 2196 mystagogiam.
3173 2122 3358 2178 Genus
3378 2122 3480 2194 igi-

1902 2226 1991 2272 tur
2014 2218 2187 2271 sancti
2208 2215 2440 2271 Joannis
2474 2233 2607 2287 gens
2634 2225 2718 2271 est
2747 2224 2802 2270 et
2838 2217 3018 2271 tribus
3047 2216 3193 2271 unde
3211 2216 3480 2287 originem

1897 2305 2153 2370 ducebat,
2183 2305 2422 2376 dignitas
2444 2322 2575 2360 vero
2604 2305 2940 2375 praeconium
2971 2315 3027 2360 et
3074 2306 3479 2372 sacerdotium,

1897 2405 1954 2452 et
1982 2397 2137 2451 locus
2158 2396 2444 2455 desertum
2492 2396 2586 2450 ubi
2604 2395 2815 2451 versari
2856 2396 3107 2462 solebat;
3141 2396 3314 2451 sancti
3350 2410 3482 2450 con-

1898 2497 1980 2542 tra
2026 2487 2249 2542 Davidis
2283 2487 2403 2557 pari
2441 2487 2604 2542 modo
2657 2502 2833 2559 genus
2893 2495 2978 2543 est
3007 2503 3141 2558 gens
3176 2497 3234 2542 et
3282 2487 3480 2552 tribus,

1897 2594 2119 2643 munus,
2145 2578 2199 2633 id
2213 2588 2297 2634 est
2319 2578 2576 2649 dignitas,
2600 2578 2878 2648 pastorale
2895 2578 3134 2634 officium
3152 2588 3209 2633 et
3229 2593 3478 2648 regnum.

1897 2668 2133 2735 Quibus,
2163 2669 2541 2739 philosophia,
2598 2669 2851 2738 inquam,
2882 2669 3059 2724 activa
3111 2677 3168 2723 et
3229 2678 3479 2736 contem.

1898 2758 2100 2829 plativa
2151 2760 2508 2830 mystagogia,
2557 2759 2604 2815 si
2649 2768 2885 2829 uterque
2927 2760 3037 2815 sibi
3083 2759 3481 2815 convenienter

1898 2849 2201 2904 secundum
2231 2859 2628 2920 congruentem
2652 2850 2943 2905 modorum
2980 2850 3038 2905 in
3077 2850 3160 2907 eis
3211 2850 3486 2906 indicato-

1896 2953 2020 2994 rum
2042 2938 2310 2995 rationem
2331 2948 2633 3011 spectatur,
2661 2941 2985 3015 mysterium
3018 2956 3121 3014 per
3146 2950 3323 2998 semet
3351 2956 3475 2996 ma-

1897 3028 2218 3087 nifestatum
2247 3029 2365 3086 sine
2395 3049 2413 3083 ι
2439 3031 2609 3087 ullius
2631 3032 2937 3090 offensione
2961 3052 2980 3086 ι
3028 3032 3401 3091 demonstrat.

219 3207 328 3271 Ἐκ
360 3213 468 3269 τοῦ
493 3215 682 3271 αὐτοῦ
711 3217 920 3289 λόγου,
951 3220 1039 3288 είς
1062 3220 1130 3275 τὸ
1153 3236 1170 3252 ·
1196 3237 1215 3273 ι
1238 3220 1340 3277 Ἂν
1369 3220 1458 3288 είς
1480 3218 1787 3289 Ατγυπτον

1898 3213 1975 3270 Ea:
2004 3214 2186 3269 eodem
2210 3229 2481 3279 sermone,
2504 3213 2561 3267 in
2598 3211 2736 3268 illud
2768 3229 2785 3266 :
2817 3230 2837 3265 ι
2862 3209 2921 3268 Si
2946 3212 3002 3267 in
3033 3210 3325 3284 ﬁgyptum
3350 3230 3476 3285 pro-

278 3304 496 3373 φεύγῃ,
532 3310 849 3379 προθύμως
875 3310 1439 3381 συμφυγαδεύθητιο
1474 3309 1666 3363 καλὸν
1702 3303 1783 3372 τῷ

275 3392 512 3460 Χριστῷ
554 3397 926 3467 συμφεύγειν
965 3396 1325 3467 διωκομένῳ.
1364 3397 1467 3451 Ἂν
1506 3396 1781 3465 ἐνἈίγύ-

276 3498 408 3549 πτῳ
444 3486 752 3555 βραδύνῃ,
807 3487 1080 3542 κάλεσον
1118 3487 1307 3543 αὐτὸν
1349 3487 1418 3552 ἐξ
1454 3488 1782 3556 Αἰγύπτου,

274 3574 476 3645 καλῶς
507 3577 637 3633 ἐκεῖ
655 3578 1192 3649 προσκυνούμενον
1212 3579 1347 3651 (29).
1379 3598 1402 3632 ι

278 3768 391 3837 Δεῖ,
419 3769 673 3843 καθάπερ
699 3765 879 3842 οἶμαι,
921 3772 1059 3845 πρὸς
1083 3771 1161 3845 τῷ
1188 3772 1481 3843 γινώσκειν
1506 3775 1588 3839 είς
1609 3774 1780 3845 Αἴγυ-

202 3875 340 3912 πτον
366 3859 604 3928 φυγόντα
644 3862 736 3915 τὸν
778 3861 983 3933 Κύριον
1014 3863 1110 3917 καὶ
1136 3863 1241 3918 ὑπὸ
1280 3864 1424 3928 τίνος
1452 3863 1781 3937 διωκόμενον

199 3945 350 3999 κατὰ
375 3945 437 3999 τὸ
469 3947 762 4004 ἀκόλουθον
790 3950 1012 4006 εἰδέναι.
1040 3953 1236 4021 Φεύγει
1282 3953 1463 4009 τοίνυν
1505 3955 1535 4009 ὁ
1574 3955 1780 4029 Κύριος

198 4035 266 4089 ού
299 4036 460 4105 μόνον
487 4037 676 4102 ἁπλῶς
708 4041 790 4103 εἰς
828 4042 1127 4110 Αἴγυπτον,
1152 4043 1291 4097 ἀλλὰ
1325 4044 1418 4097 καὶ
1447 4044 1557 4098 ὑπὸ
1597 4045 1778 4118 Ἦρώτο

196 4125 295 4180 δου
346 4127 697 4197 διωκόμενος,
740 4128 842 4183 τοίὶ
893 4125 1197 4202 τηνικαῦτα
1237 4135 1337 4204 τῆς
1382 4134 1642 4201 Ἰουδαίας
1674 4139 1779 4209 γῆς

201 4216 601 4288 βασιλεύοντος.
646 4220 1045 4291 Έρμηνεύεται
1068 4224 1123 4278 δὲ
1146 4227 1174 4279 ό
1212 4224 1479 4298 Ἡρώδης,
1513 4228 1589 4292 ὥς
1616 4245 1775 4299 φασι,

198 4310 394 4374 πάθος,
445 4312 538 4364 καὶ
575 4311 923 4385 δερμάτινος,
970 4317 1068 4370 καὶ
1122 4318 1303 4387 φύσις,
1337 4321 1369 4389 ἡ
1408 4319 1467 4374 δὲ
1501 4320 1779 4389 Αἴγυπτος

197 4402 296 4452 καὶ
339 4401 476 4472 αὐτὴ
505 4403 787 4474 πολλαχῶς
823 4404 1184 4476 λαμϐάνεται,
1209 4408 1352 4462 κατὰ
1379 4408 1480 4473 τὰς
1525 4411 1621 4464 ἐπ*
1635 4412 1774 4483 αὐτῇ

196 4492 309 4546 τῶν
335 4493 690 4567 θεωρητικῶν
720 4497 936 4568 τρόπων
967 4499 1236 4564 ἐπινοίας,
1279 4501 1409 4554 ποτὲ
1437 4502 1536 4571 μὲν
1568 4503 1650 4566 είς
1683 4504 1777 4558 τὸν

1957 3305 2148 3376 fugiat,
2178 3304 2352 3360 alacri
2380 3305 2558 3359 animo
2580 3311 2631 3358 te
2650 3305 2752 3374 ipsi
2770 3303 2911 3374 fuga:
2927 3304 3171 3358 comitem
3194 3303 3434 3375 adjunge
3453 3345 3470 3371 ,

1956 3396 2277 3467 praeclarum
2306 3404 2384 3451 est
2412 3413 2531 3450 cum
2561 3395 2770 3451 Christo
2791 3397 3208 3466 persecutionem
3238 3398 3474 3467 patiente

1954 3487 2153 3559 fugere.
2186 3485 2244 3541 Si
2273 3486 2661 3539 diuturniorem
2696 3486 2754 3538 in
2779 3484 3013 3556 Eyypto
3043 3502 3251 3540 moram
3279 3488 3467 3556 faciat,

1953 3596 2018 3636 ea:
2061 3577 2290 3649 Egypto
2326 3593 2449 3631 eum
2484 3592 2651 3647 τόσα,
2684 3577 2775 3647 qui
2819 3579 2918 3630 rite
2967 3575 3081 3630 illic
3131 3576 3390 3630 adoratur
3420 3587 3479 3631 et-

1955 3671 2173 3728 colitur.
2205 3687 2225 3723 ο

1953 3783 2255 3847 Debemus,
2286 3789 2349 3837 ut
2366 3780 2586 3852 opinor,
2616 3796 2744 3837 cum
2766 3781 3065 3871 Dominum
3095 3782 3150 3838 in
3170 3781 3467 3855 Egyptum

1880 3877 2089 3950 fugisse
2117 3878 2380 3945 sciamus,
2412 3892 2578 3934 nosse
2608 3879 2779 3935 etiam
2820 3888 3231 3951 consequenter
3264 3896 3462 3950 qucum

1853 3985 2007 4026 nam
2038 3978 2452 4040 persecutOrem
2499 3969 2721 4042 fugerit.
2779 3971 2943 4043 Fugit
2978 3973 3156 4045 igitur
3189 3972 3461 4029 Dominus

1878 4076 1990 4117 non
2012 4060 2193 4117 solum
2227 4060 2560 4131 simpliciter
2590 4061 2647 4117 in
2687 4061 3006 4136 Eg‘yptum,
3055 4064 3153 4121 sed
3196 4064 3362 4120 etiam
3393 4064 3464 4120 ab

1879 4149 2116 4216 Herode,
2149 4149 2352 4206 Judmae
2382 4158 2547 4207 terrae
2578 4160 2713 4209 tunc
2759 4154 3028 4226 temporis
3071 4169 3201 4227 rege
3229 4154 3465 4225 petitus.

1879 4241 2117 4297 Herodis
2146 4255 2305 4306 vero,
2327 4241 2412 4297 uti
2448 4242 2697 4308 tradunt,
2727 4243 3116 4316 interpretatio
3137 4253 3227 4302 est
3252 4246 3460 4316 passio.

1877 4339 1934 4387 et
1959 4331 2248 4402 pelliceus.
2282 4338 2340 4386 et
2370 4339 2596 4394 natura,
2624 4330 2892 4405 Egyptus
2924 4343 3111 4389 autem
3153 4335 3270 4404 ipsa
3318 4335 3462 4390 mul-

1880 4423 2124 4479 tifariam
2169 4423 2415 4479 refertur
2454 4424 2763 4480 secundum
2795 4427 3356 4498 contemplativorum
3398 4426 3458 4484 in
3533 4446 3545 4465 ί

1879 4530 1945 4570 ea
1970 4514 2263 4570 modorum
2288 4515 2551 4582 rationes,
2600 4516 2765 4573 modo
2819 4517 2887 4573 ad
2926 4526 3254 4589 praesentem
3298 4534 3459 4574 mun-

193 4587 471 4644 ἐνεστῶτα
529 4591 759 4664 κόσμον,
807 4594 937 4648 ποτὲ
971 4594 1025 4648 δὲ
1067 4597 1147 4658 είς
1185 4595 1283 4668 τὴν
1312 4597 1516 4668 σάρκα,
1544 4599 1672 4653 ποτὲ
1715 4600 1772 4652 δὲ

1898 4606 2037 4672 lum,
2069 4607 2235 4662 modo
2261 4607 2330 4662 ad
2355 4623 2600 4675 carnem,
2639 4610 2804 4666 modo
2824 4611 2891 4666 ad
2931 4620 3244 4682 peccatum,
3290 4610 3456 4669 modo

193 4676 277 4739 εἰς
305 4679 402 4749 τὴν
447 4681 748 4752 ἁμαρτίαν,
778 4682 909 4737 ποτὲ
944 4684 999 4737 δὲ
1024 4686 1103 4747 είς
1135 4685 1234 4757 τὴν
1272 4685 1516 4753 ἄγνοιαν,
1553 4691 1686 4743 ποτὲ
1714 4690 1772 4744 δὲ

192 4768 274 4830 είς
300 4770 403 4839 τὴν
432 4772 694 4837 κάκωσιν,
730 4775 852 4828 καθ’
872 4776 940 4846 ἢν
972 4775 1209 4846 μάλιστα
1227 4777 1321 4847 νῦὶν
1349 4778 1606 4851 ἐπιϐολὴν
1635 4781 1772 4854 πρέ-

192 4875 297 4912 πον
326 4861 477 4914 ὲστὶν
510 4864 832 4930 ἐκδέξασθαι
862 4866 961 4937 τὴν
990 4869 1070 4930 είς
1095 4868 1368 4934 Αἴγυπτον
1412 4869 1509 4923 τοῦ
1562 4873 1770 4944 Κυρίου

191 4947 391 5016 φυγήν.
442 4950 623 5003 Καλὸν
681 4952 776 5006 οὖν
827 4954 943 5008 ἐστι
1010 4956 1348 5027 συμφεύγειν
1385 4960 1466 5023 είς
1496 4960 1773 5029 Αἴγυπτον

186 5036 271 5107 τῷ
300 5040 545 5112 Χριστῷ,
573 5046 822 5100 τουτέστι
863 5047 942 5118 τῷ
973 5050 1030 5101 ἐν
1065 5050 1197 5120 ἡμῖν
1229 5050 1608 5124 διαγνωστικῷ
1642 5056 1771 5132 θεέςρ

185 5129 355 5202 λόγῳ,
379 5133 471 5186 διὰ
501 5138 807 5209 νηπιότητα
832 5139 973 5205 τέως
1004 5143 1342 5217 διωκομένῳ,
1373 5146 1440 5200 δι’
1464 5149 1612 5220 ἡμᾶς
1642 5129 1770 5211 τους

186 5222 313 5308 κατ’
346 5222 513 5276 αὐτὸν
549 5227 937 5296 νηπιάζοντας,
974 5232 1079 5286 ὑπὸ
1120 5232 1214 5287 τοῦ
1245 5236 1579 5306 κρατοῦντος
1608 5239 1769 5308 ἡμῶν

185 5304 271 5361 ἔτι
312 5312 407 5365 καὶ
441 5313 820 5384 βασιλεύοντος
847 5321 936 5376 διὰ
973 5322 1082 5376 τῶν
1122 5304 1387 5395 ἐμπαθῶν
1416 5329 1515 5399 τῆς
1563 5304 1771 5400 σαρκὸς

182 5401 506 5472 κινημάτων
539 5405 827 5480 (219a)
862 5406 1061 5482 χοϊκοῦ
1105 5417 1474 5487 φρονήματος,
1534 5419 1616 5482 είς
1670 5419 1767 5491 τὴν

1878 4696 1946 4751 ad
1983 4697 2375 4768 ignorantiam,
2409 4700 2577 4756 modo
2604 4702 2672 4756 ad
2709 4700 3080 4768 vexationem,
3118 4719 3226 4769 qua
3275 4704 3453 4774 potis-
3521 4750 3529 4765 .

1877 4790 2080 4844 simum
2119 4782 2581 4862 interpretatione
2627 4795 2846 4849 Domini
2892 4795 2948 4849 in
2980 4795 3237 4866 [Egytum
3270 4796 3455 4867 fugam

1877 4897 2028 4937 nunc
2057 4883 2311 4954 accipere
2340 4884 2627 4941 debemus.
2657 4887 2991 4943 Prmclarum
3023 4895 3110 4942 est
3137 4888 3307 4958 igitur
3326 4904 3452 4943 cum

1877 4974 2175 5031 Christoin
2210 4974 2503 5049 Egyptum
2528 4978 2740 5050 fugere,
2783 4980 2838 5035 id
2876 4989 2963 5036 est
3013 4996 3140 5035 cum
3182 4980 3454 5051 dijudica-

1873 5073 1992 5118 tore
2042 5062 2099 5117 in
2136 5063 2302 5118 nobis
2335 5080 2595 5122 sermone
2630 5068 2842 5134 divino,
2898 5076 3124 5139 propter
3165 5068 3452 5124 infantiam

1870 5153 2060 5207 tandiu
2086 5155 2530 5222 persecutionem
2559 5158 2827 5227 patiente,
2855 5169 3085 5229 propter
3110 5175 3212 5215 nos
3249 5161 3346 5230 qui
3385 5177 3454 5216 eo

1871 5238 2110 5295 infantes
2141 5256 2356 5307 sumus,
2390 5245 2841 5312 persecutionem
2868 5246 3116 5316 patiente
3147 5264 3177 5301 a
3236 5256 3453 5302 terrena

1868 5344 1990 5399 quae
2022 5330 2075 5384 in
2113 5331 2277 5387 nobis
2323 5333 2509 5388 adhuc
2550 5350 2652 5405 per
2703 5344 2890 5393 motus
2939 5338 3124 5393 carnis
3159 5336 3454 5394 affectibus
3482 5370 3501 5379 ς

1868 5424 2138 5480 obnoxios
2160 5424 2482 5481 dominatur
2515 5428 2821 5495 voluntate,
2859 5428 2915 5485 in
2958 5431 3309 5488 vexationem
3349 5444 3453 5503 per

1488 5532 1719 5590 VARIE
1758 5533 2164 5593 LECTIONES.

254 5584 303 5618 “
331 5587 408 5653 ὡς
428 5584 582 5663 οἶμαι
612 5594 777 5652 habet
802 5595 944 5656 liber
962 5599 1219 5670 scriptus.

257 5676 369 5753 (29)
396 5681 558 5757 Greg.
583 5686 715 5746 Naz.
745 5688 838 5747 0r.
862 5693 917 5747 in
943 5692 1265 5767 Theophau.,
1289 5711 1409 5768 cap.
1441 5697 1529 5767 l8,
1559 5699 1738 5756 tom.l
1795 5698 1957 5771 Opp.,
1991 5716 2046 5773 p.
2080 5701 2204 5773 675,
2235 5701 2369 5761 edit.
2396 5702 2601 5761 Bcncd.
