3938 6192
241 239 369 309 1301

1470 258 1987 322 AMBIGUORUM
2024 265 2269 326 LIBER.

3385 264 3496 301 om

3385 299 3496 329 Ott-3

238 355 512 427 ὑποχωρεῖ
544 356 769 421 τελείως
801 360 1186 433 νεκροὺμενος,
1214 364 1337 421 οὐδὲ
1376 364 1520 435 ἴχνος
1548 369 1645 438 τῆς
1676 388 1798 423 ποτε

1915 375 2216 439 sauciabat,
2273 376 2367 446 qui
2408 390 2475 430 eo
2521 378 2668 447 quod
2716 378 2900 433 carnis
2935 370 3131 450 partim
3193 379 3486 437 insolentia

236 445 549 516 τυραννίδος
591 449 818 514 εἰκότως
864 451 1042 519 ἀφεὶς,
1081 454 1223 507 ὥστε
1278 454 1409 526 βοᾷν
1441 455 1530 509 διὰ
1571 458 1809 529 Χριστοῦ

237 532 494 589 δύνασθαι
518 537 644 600 τοὺς
679 539 777 607 τῆς
815 539 1128 611 ἐλευθερίας
1156 545 1544 614 τετυχηκότας,
1577 549 1670 601 καὶ
1705 549 1811 620 πρὸ

237 625 335 694 τῆς
368 626 565 699 (220
590 628 661 699 a)
693 631 918 700 γενικῆς
958 632 1309 704 ἀναστάσεως
1342 634 1431 688 διά
1458 637 1559 705 τὴν
1589 637 1687 708 ἥδη
1720 656 1808 708 γε·

238 720 545 790 γενημένην
574 722 759 784 αὐτοῖς
795 722 892 791 τῆς
927 725 1307 795 προαιρέσεως
1336 725 1647 781 ἐθελούσιον
1676 730 1809 783 ἀνά-

240 828 446 875 στασιν,
480 812 606 867 Ποῦ
635 827 776 881 σου,
831 816 1070 882 θάνατε,
1102 819 1170 872 τὸ
1201 820 1487 897 κέντροη
1520 819 1637 873 ποῦ
1668 835 1804 885 σου,

235 903 370 972 ᾔδη,
406 904 472 958 τὸ
493 905 691 983 rixae;
720 907 819 979 τὴν
844 909 1040 979 ἡδονὴν
1066 909 1317 977 λέγοντες
1342 911 1442 981 τῆς
1468 911 1669 983 σαρκὸς
1702 912 1798 965 καὶ

235 995 333 1067 τὴν
369 982 722 1069 συνημμένην
775 1000 912 1071 αὐτῇ
969 1001 1067 1070 τῆς
1114 1001 1295 1071 ψυχῆς
1326 1002 1390 1054 ἑκ
1439 982 1551 1070 τῆς
1585 1002 1806 1072 ἀγνοίας

235 1087 471 1158 ἀπάτην,
513 1089 579 1141 δι’
609 1082 685 1143 ὧν
733 1107 862 1143 ποτε
902 1092 1012 1162 πρδ
1046 1091 1139 1144 τοῦ
1190 1092 1427 1163 Χριστοῦ
1468 1094 1686 1164 κρατῶν
1708 1094 1807 1163 τῆς

233 1177 585 1251 ἀνθρωπίνης
627 1181 842 1250 φύσεως
875 1185 902 1235 ὁ
941 1184 1264 1254 παμμίαρος
1292 1183 1535 1248 διάϐολος
1571 1184 1807 1253 ἀφειδῶς

232 1270 473 1344 διετίτρα
515 1272 593 1343 τῷ
630 1274 841 1346 κέντρῳ
866 1276 963 1345 τῆς
993 1276 1185 1346 ἡδονῆς
1225 1275 1323 1345 τὴν
1363 1275 1472 1328 τῶν
1504 1275 1805 1347 ἀνθρώπων

232 1361 415 1433 φύσιν,
462 1366 556 1416 καὶ
594 1365 911 1434 φιλονείκως
946 1367 1022 1436 τῷ
1075 1367 1219 1437 ξίφει
1261 1366 1361 1437 τῆς
1406 1364 1620 1437 ἀπάτης
1672 1367 1808 1437 πρὸς

229 1453 511 1509 ἀπώλειαν
548 1456 717 1527 αὐτὴν
748 1456 1083 1528 ὑπεσύρετο.

1911 461 1980 513 de
2039 463 2215 516 activa
2264 464 2402 517 mala
2466 466 2797 521 tractatione
2848 468 3261 539 exstinguitur,
3321 470 3486 539 plane

1913 554 2276 610 mortiﬁcatus
2308 556 2537 621 recedit,
2572 557 2711 613 adeo
2744 567 2800 611 ut
2833 573 2903 612 ne
2936 560 3229 631 vestigium
3259 561 3482 630 quidem

1911 645 2167 714 pristinae
2200 647 2619 716 dominationis,
2651 657 2711 703 ut
2757 666 2856 719 par
2905 663 3010 716 est,
3071 652 3382 722 relinquat,
3425 663 3484 709 ut

1911 736 2130 791 liberati
2164 754 2260 807 per
2296 739 2579 795 Christum
2611 742 2825 811 possint
2864 744 2948 798 vel
2998 752 3123 797 ante
3169 747 3480 814 generalem

1909 832 2376 886 resurrectionem
2417 841 2643 903 propter
2673 835 2985 888 ultroneam
3020 835 3322 890 voluntatis
3362 853 3483 906 qua:

1910 922 2045 993 ipsis
2093 924 2199 994 iam
2249 923 2562 993 contingit,
2602 927 3074 981 resurrectionem
3126 927 3477 981 exclamare:

1913 1012 2007 1067 Ubi
2036 1021 2112 1067 est
2145 1020 2285 1078 tuus,
2324 1030 2352 1066 ο
2400 1030 2574 1079 mors,
2610 1016 2906 1070 stimulus?
2959 1017 3049 1070 ubi
3079 1025 3192 1083 tua,
3243 1035 3272 1071 ο
3326 1035 3476 1083 orce,

1906 1103 2127 1156 victoria
2151 1114 2168 1133 ⁸
2198 1103 2222 1155 ?
2257 1103 2441 1158 carnis
2484 1103 2819 1173 voluptatem
2851 1116 2905 1159 et
2928 1122 3050 1175 quae
3086 1122 3209 1161 cum
3257 1122 3319 1160 ea
3354 1108 3481 1178 jun-

1907 1202 1993 1247 cta
2038 1201 2121 1247 est
2159 1194 2359 1248 anima:
2406 1195 2475 1248 de
2525 1194 2832 1265 ignorantia
2884 1195 3134 1251 fraudem
3179 1197 3428 1253 dicentes
3463 1240 3477 1264 ,

1905 1286 2110 1356 quibus
2140 1287 2270 1341 olim
2297 1296 2423 1342 ante
2453 1288 2733 1343 Christum
2780 1288 2837 1342 in
2881 1289 3179 1343 humanam
3222 1299 3477 1344 naturam

1905 1378 2227 1434 dominatus
2252 1380 2623 1450 nequissimus
2649 1381 2903 1435 diabolus
2929 1381 3231 1451 voluptatis
3254 1382 3479 1436 stimulo

1904 1468 2194 1525 hominum
2214 1479 2467 1526 naturam
2491 1472 2718 1549 nimium
2734 1482 3000 1541 quantum
3023 1474 3476 1535 convulnerabat,

1906 1564 1962 1609 et
2010 1559 2363 1613 contentiose
2410 1559 2590 1630 gladio
2633 1559 2845 1616 fraudis
2893 1562 2957 1616 ad
3008 1563 3313 1632 perniciem
3368 1572 3480 1617 tra-

1907 1648 2093 1703 hcbat.

235 1831 347 1889 Τοῦ
380 1834 565 1890 αὐτοῦ
606 1834 673 1889 ἐκ
712 1834 818 1890 τοῦ
861 1838 948 1903 εὶς
989 1836 1060 1890 τὰ
1105 1834 1273 1891 Φῶτα
1323 1838 1530 1906 λόγου,
1573 1838 1659 1901 εις
1700 1831 1798 1887 τό·

1915 1827 2158 1899 Ejusdem
2196 1845 2259 1882 ea:
2289 1847 2530 1884 sermone
2556 1833 2611 1885 in
2646 1832 2891 1897 Lumina,
2922 1834 2974 1887 in
3006 1833 3143 1887 illud
3171 1850 3188 1887 :
3233 1851 3249 1883 ι
3289 1832 3345 1887 Si
3366 1833 3479 1903 qni-

302 1940 324 1975 ι
350 1922 533 1992 Εἵπερ
572 1925 815 1979 ἀσεϐεῖν
857 1926 1082 1992 αὐτοὺς
1119 1927 1240 1980 ἔδει
1279 1926 1538 1993 πάντως,
1571 1926 1669 1981 καὶ
1693 1926 1802 1995 τῆς

295 2014 405 2070 τοῦ
460 2015 609 2070 Θεοῦ
646 2016 832 2084 δόξης
869 2017 1224 2081 ἀποπεσεῖν,
1273 2020 1359 2084 είς
1403 2018 1619 2073 εἴδωλα
1668 2035 1803 2073 κατ-

292 2107 649 2175 ενεχθέντας
694 2104 807 2160 καί
843 2105 1060 2175 τέχνης
1101 2107 1245 2177 ἔργα
1277 2108 1375 2161 καὶ
1408 2107 1623 2179 χειρῶν
1651 2110 1803 2163 πλά-

293 2207 513 2266 σματα,
549 2196 634 2265 μὴ
670 2196 825 2251 ἄλλο
859 2215 914 2252 τι
942 2199 1069 2253 κατ’
1109 2199 1309 2254 αὐτῶν
1341 2200 1631 2266 εὔξασθαι
1662 2202 1801 2267 τοὺς

292 2286 447 2341 νοῦν
472 2286 751 2356 ἔχοντας,
777 2288 815 2357 ἢ
854 2292 1098 2347 τοιαῦτα
1126 2291 1496 2362 σεϐασθῆναι
1529 2294 1625 2348 καὶ
1650 2293 1802 2347 οὕτω

293 2376 540 2447 τιμῆσαι
568 2378 678 2449 (50)
688 2417 702 2431 .
736 2398 761 2432 ›

290 2489 514 2544 Τούτων
534 2490 998 2559 ἀναγνωσθέντων
1030 2493 1246 2561 εἴπατε,
1272 2495 1413 2559 τινὲς
1443 2495 1553 2549 τῶν
1583 2497 1801 2570 ἀκροω-

227 2581 405 2653 μένων
469 2582 789 2653 ἐπέσκηψαν
852 2584 930 2655 τῷ
989 2586 1313 2658 διδασκάλῳ,
1370 2589 1671 2658 φάσκοντες
1727 2592 1802 2662 μὴ

220 2672 430 2727 δίκαιον
474 2668 614 2728 εἶναι
664 2676 808 2740 τοὺς
839 2676 967 2731 νοῦν
1010 2677 1235 2755 ἔχοντας
1285 2680 1381 2735 καὶ
1430 2683 1802 2751 εὐαγγελικῶς

221 2761 327 2835 ζῇν
369 2765 741 2837 προθεμένους
784 2756 935 2824 κατά
966 2788 1114 2835 τινος
1161 2772 1420 2838 εὖξασθαι
1452 2775 1676 2830 τοιαῦτα
1715 2793 1802 2829 σε·

220 2856 491 2930 σεισθῆναι
540 2861 636 2914 καὶ
689 2860 832 2915 οὕτω
883 2863 1137 2934 τιμῆσαι.
1185 2866 1329 2937 Πρὸς
1376 2866 1471 2930 οὓς
1520 2868 1651 2939 ἐμὸν
1702 2869 1802 2940 μὲν

217 2947 393 3015 οὐδὲν,
435 2949 464 3003 ὃ
506 2950 564 3003 δὲ
613 2953 765 3023 παρά
797 2970 941 3017 τινος
970 2956 1226 3025 γέροντος
1252 2948 1321 3011 ea
1358 2958 1479 3012 θεῖα
1510 2959 1676 3028 σοφοῦ
1708 2963 1803 3014 καὶ

216 3038 321 3110 τὴν
350 3039 460 3093 τῶν
489 3043 753 3114 Πατέρων
784 3045 911 3116 περὶ
941 3046 1141 3101 πολλοῦ
1187 3050 1511 3121 ποιουμένου
1544 3051 1797 3107 διδασκα-

1974 1918 2092 1971 dem
2145 1921 2359 1972 omnino
2414 1936 2499 1973 eos
2543 1921 2812 1991 impietate
2867 1923 3156 1992 constringi
3204 1931 3361 1993 atque
3409 1922 3479 1975 ad

1973 2008 2263 2062 simulacra
2313 2019 2361 2062 et
2413 2012 2544 2063 artis
2603 2027 2765 2082 opera
2816 2028 3174 2082 manuumque
3225 2012 3477 2081 ﬁgmenta

1972 2100 2245 2171 prolapsos
2277 2118 2308 2153 a
2334 2100 2428 2154 Dei
2460 2101 2631 2172 gloria
2658 2102 2812 2172 dejici
2841 2102 3136 2173 oportebat,
3170 2102 3309 2179 nihil,
3329 2102 3479 2157 aliud

1971 2193 2099 2262 ipsis
2126 2192 2329 2246 cordati
2366 2193 2598 2247 homines
2627 2195 2910 2264 imprecari
2940 2204 3147 2265 possent
3172 2235 3186 2258 ,
3234 2212 3393 2265 quam
3423 2204 3479 2249 ut

1976 2283 2111 2337 talia
2161 2293 2540 2338 venerarentur
2572 2324 2586 2348 ,
2645 2286 2941 2356 talibusque
2998 2288 3275 2341 honoribus
3314 2289 3483 2357 afﬁce-

1976 2382 2114 2429 rent.
2164 2394 2180 2426 ι

1876 2568 1884 2576 ,
1974 2510 2071 2565 His
2093 2512 2374 2581 perlectis,
2401 2512 2649 2583 quidam,
2684 2514 2915 2583 inquitis
2945 2556 2959 2578 ,
3010 2514 3327 2568 auditorum
3359 2529 3472 2568 ma-

1904 2602 2135 2673 gistrum
2195 2604 2622 2676 improbarunt,
2679 2606 2935 2662 homines
2993 2604 3250 2660 cordatos
3313 2613 3477 2674 atque

1903 2694 2224 2764 evangelice
2258 2696 2446 2751 vivere
2478 2697 2769 2767 cupientes
2820 2697 2949 2750 talia
2996 2694 3159 2750 alicui
3190 2695 3476 2765 imprecari

1903 2791 1965 2835 ut
1993 2792 2293 2839 veneretur
2328 2786 2641 2855 talibusque
2676 2785 2985 2840 honoribus
3016 2793 3076 2838 ut
3125 2784 3325 2839 alliciat
3357 2785 3478 2854 jus-

1906 2883 2021 2930 tum
2049 2892 2174 2933 esse
2198 2886 2484 2950 negantes.
2524 2878 2808 2935 Adversus
2836 2894 2975 2948 quos
2997 2892 3099 2949 ego
3138 2877 3362 2947 quidem
3388 2877 3477 2931 ni-

1904 2968 2021 3036 hil;
2062 2968 2211 3039 quod
2252 2985 2381 3024 vero
2420 2986 2450 3024 a
2475 2986 2607 3026 sene
2632 2970 2875 3041 quodam
2930 2969 3245 3025 divinarum
3289 2985 3476 3024 rerum

1902 3061 2151 3130 sapiente
2180 3062 2515 3133 Patrumque
2543 3061 2856 3118 doctrinam
2879 3061 3105 3131 plurimi
3138 3060 3378 3117 faciente
3408 3060 3478 3116 de

216 3126 342 3181 λίαν
383 3128 664 3201 ἐδιδάχθην
718 3134 846 3202 περὶ
893 3136 1107 3200 τούτου,
1162 3139 1330 3208 φημί.
1388 3140 1447 3193 Ὀ
1495 3140 1650 3209 ἆγιος
1708 3143 1798 3196 καὶ

1915 3126 2009 3207 hoc
2034 3153 2232 3209 doctus
2260 3170 2404 3220 sum,
2424 3126 2645 3210 dicam.
2699 3126 2937 3210 Sanctus
2962 3164 3018 3209 et
3060 3155 3257 3209 beatus
3287 3160 3479 3209 noster

218 3217 491 3289 μακάριος
541 3221 730 3293 Πατὴρ
775 3226 935 3295 ἡμῶν
977 3229 1071 3280 καὶ
1110 3228 1429 3293 διδάσκαλος
1478 3231 1797 3304 Γρηγόριος,

213 3304 265 3364 ὧ
296 3304 464 3379 οὗτοι,
502 3314 599 3382 (ὡς
631 3315 741 3387 γάρ
794 3318 1063 3387 παροῦσιν
1111 3322 1292 3386 αὐτοῖς
1326 3322 1796 3396 διαλεχθήσομαι),

214 3400 555 3474 θεασάμενος
629 3408 755 3469 τοὺς
811 3408 1085 3479 ’Έλληνας
1141 3415 1572 3483 προηγουμένως
1626 3415 1800 3481 οὕτως

209 3493 428 3563 ἀλόγως
496 3497 889 3567 πλανηθέντας,
948 3501 1043 3553 καὶ
1097 3501 1196 3571 τῆς
1252 3503 1384 3573 περὶ
1438 3503 1531 3556 τοῦ
1593 3506 1797 3575 κυρίως

212 3584 370 3652 ὄντος
396 3586 532 3640 Θεοῦ
562 3588 795 3658 πάμπαν
824 3591 1034 3653 ἐννοίας
1060 3592 1425 3664 ἀπαχθέντας,
1453 3596 1794 3666 συμπαθείας

212 3677 369 3749 νόμῳ
414 3678 590 3734 ταῦτα
632 3679 907 3745 διέξεισιν,
949 3681 1036 3736 ἴνα
1066 3685 1131 3738 ἐκ
1168 3687 1268 3756 τῆς
1293 3686 1411 3741 τῶν
1434 3689 1791 3760 σεδασμάτων

212 3767 440 3836 ἀλογίας
484 3787 543 3824 τε
604 3772 697 3825 καὶ
747 3772 1045 3839 εὐτελείας,
1100 3776 1300 3846 μᾶλλον
1346 3779 1405 3833 δὲ
1463 3780 1799 3853 κυριώτερον.

214 3854 393 3907 εἰπεῖν
465 3855 789 3927 βδελυρίας,
864 3862 1036 3935 πολλῇ
1108 3866 1224 3920 τῶν
1287 3870 1791 3942 ὲπιχειρηματικῶν

211 3941 391 4036 λάγων
423 3947 607 4013 αὐτοῖς
659 3953 928 4027 γενομένῃ
973 3955 1082 4010 τῶν
1128 3941 1487 4031 σεϐασμάτων
1517 3965 1790 4036 ἀνασκευῇ

215 4035 392 4109 ῥᾴστη
439 4039 664 4111 γένηται
723 4045 906 4109 αὐτοῖς
937 4048 1075 4118 πρὸς
1121 4050 1445 4122 ὀρθοτομίαν
1490 4057 1524 4126 ἡ
1586 4035 1790 4122 ἄνοδος,

212 4128 443 4197 προσέτι
471 4148 535 4200 γε
565 4134 672 4204 μὴν
706 4136 889 4208 (220
913 4139 964 4206 b)
1006 4143 1101 4195 καὶ
1135 4144 1272 4213 μηδέ
1304 4164 1425 4201 τινα
1466 4150 1670 4204 τούτων
1698 4169 1795 4205 κα-

212 4216 433 4313 κοδοξίᾳ
456 4227 849 4313 κατασυρῆναι,
875 4229 963 4282 διὰ
979 4232 1038 4283 τὸ
1058 4233 1155 4303 τὴν
1192 4235 1410 4307 ἀπάτην
1444 4241 1508 4293 ἐκ
1531 4241 1622 4294 τοῦ
1657 4261 1792 4313 προ-

212 4305 397 4403 χείρου
419 4312 594 4403 πᾶσιν
645 4314 866 4388 εὔδηλον
912 4314 1052 4376 εἶναι
1087 4325 1181 4378 καὶ
1219 4305 1557 4400 εὐφώρατον,
1596 4305 1784 4403 μηδενὶ

211 4398 380 4470 τιμίῳ
410 4401 653 4460 δοκοῦντι
690 4411 1175 4478 συγκαλύπτουσαν
1209 4421 1269 4474 τὸ
1307 4422 1565 4477 λανθάνον
1601 4429 1785 4482 κακόν.

1904 3243 2066 3299 Pater
2084 3253 2257 3316 atque
2290 3247 2554 3317 magister
2587 3246 2908 3318 Gregorius,
2942 3263 2975 3301 ο
3008 3246 3094 3301 isti
3122 3286 3134 3310 ,
3171 3233 3479 3316 (colloq'uar

1899 3334 2045 3388 enim
2063 3349 2185 3389 cum
2198 3337 2292 3392 eis
2316 3345 2580 3406 tanquam
2596 3338 2640 3391 si
2661 3337 2844 3391 adsint
2871 3336 3093 3393 GNECOS
3122 3336 3317 3391 videns
3342 3352 3480 3406 pra:-

1896 3423 2059 3493 cipue
2088 3426 2307 3481 versari
2334 3426 2390 3480 in
2409 3436 2558 3481 tanta
2581 3428 2794 3481 erroris
2814 3428 3070 3492 stultitia,
3097 3437 3152 3482 et
3187 3444 3216 3481 a
3247 3428 3480 3483 notione.

1898 3515 2019 3584 ejus
2039 3516 2132 3584 qui
2157 3517 2379 3587 proprie
2401 3527 2485 3573 est
2520 3518 2617 3572 Dei
2640 3533 2869 3587 prorsus
2894 3519 3162 3573 abductos
3181 3520 3474 3574 commisc-

1899 3604 2131 3659 rationis
2161 3606 2279 3677 lege
2308 3606 2437 3660 talia
2461 3607 2832 3675 persequitur,
2854 3617 2914 3662 ut
2944 3608 3071 3662 inde
3095 3608 3242 3677 quod
3266 3624 3329 3662 ea
3354 3625 3478 3677 quae.

1899 3697 2157 3751 coluntur
2184 3697 2401 3752 ratione
2432 3707 2642 3765 carent,
2701 3706 2756 3753 et
2797 3715 2865 3753 ex
2912 3699 3147 3764 vilitate,
3190 3710 3281 3754 aut
3327 3700 3475 3769 quod

1899 3787 2071 3859 magis
2098 3789 2322 3858 proprie
2356 3798 2443 3842 est
2475 3787 2684 3856 dicere,
2720 3790 3061 3845 scurrilitate
3090 3805 3305 3854 eorum,
3353 3800 3477 3859 post

1900 3881 2146 3935 crebram
2192 3896 2508 3936 sermonum
2560 3881 2766 3950 quibus
2819 3882 2867 3936 is
2905 3882 3088 3938 cultus
3129 3892 3478 3953 expugnatus

1900 3980 1984 4026 est
2008 3970 2420 4036 refutationem,
2453 3970 2747 4027 facillimus
2771 3972 2851 4027 eis
2872 3973 2940 4028 ad
2962 3983 3170 4028 rectam
3203 3973 3345 4027 viam
3385 3973 3478 4027 ﬁat

1901 4058 2135 4122 reditus,
2174 4059 2402 4128 insuper
2433 4075 2565 4115 vero
2597 4061 2763 4115 etiam
2795 4078 2863 4116 ne
2903 4064 3029 4132 quis
3060 4064 3264 4117 horum
3308 4079 3473 4133 prava

1900 4150 2164 4221 opinione
2192 4151 2470 4217 trahatur,
2516 4161 2810 4222 prepterea
2839 4156 2984 4224 quod
3018 4155 3170 4211 fraus
3215 4156 3477 4211 omnibus

1902 4245 1975 4300 sit
2010 4245 2065 4298 in
2096 4254 2352 4313 promptu
2391 4253 2447 4297 et
2472 4243 2631 4299 facile
2666 4247 2732 4299 ad
2770 4246 3319 4316 deprehendendum,
3350 4265 3474 4303 cum

1891 4336 2170 4393 neminem
2204 4335 2498 4389 honestum
2523 4336 2728 4390 malum
2756 4338 2903 4405 quod
2940 4338 3229 4395 delitescat
3256 4340 3417 4394 celet.

224 4585 323 4685 Ἐκ
360 4590 465 4644 τοῦ
495 4593 682 4647 αὐτοῦ
712 4594 920 4664 λόγου,
960 4601 1047 4663 εἰς
1081 4601 1168 4665 τὸ,
1223 4623 1240 4654 ‹
1274 4601 1355 4659 Οὗ
1387 4606 1456 4659 δὲ
1483 4610 1790 4678 κάθαρσις,

1915 4614 1985 4668 Ea:
2013 4615 2191 4667 eodeni
2223 4630 2483 4678 sermone,
2522 4618 2575 4668 in
2604 4614 2745 4667 illud
2775 4631 2791 4668 :
2839 4634 2855 4664 ι
2897 4614 3061 4668 Porro
3086 4616 3171 4668 ubi
3207 4619 3471 4685 purgatio.

281 4679 605 4779 ἕξλαμψις,
659 4685 963 4756 ἕλλαιιψις
997 4691 1065 4743 δὲ
1095 4696 1283 4748 πόθου
1310 4698 1640 4767 πλήρωσις,
1672 4704 1795 4769 τοῖς

282 4775 404 4824 τῶν
424 4775 747 4843 μεγίστων,
777 4779 815 4846 ἢ
837 4780 945 4833 τοῦ
962 4784 1272 4852 μεγίστου,
1303 4786 1341 4854 ἢ
1378 4788 1538 4857 ὑπὲρ
1554 4790 1620 4843 τὸ
1640 4793 1794 4863 μέγα

285 4864 637 4936 ἐφιεμένοις.
675 4873 783 4942 (3i)
832 4894 850 4926 ι

283 5065 451 5121 Φασὶν
493 5071 542 5122 οἱ
583 5069 691 5123 τῶν
732 5072 891 5126 θείων
929 5077 1294 5150 ἐπιστήμονες
1351 5089 1667 5158 μυστηρίων
1710 5091 1791 5143 ὅτι

206 5151 342 5209 ἔνθα
390 5158 656 5231 κάθαρσις
696 5163 875 5235 ψυχῆς
914 5168 945 5236 ή
988 5167 1076 5221 διὰ
1116 5171 1226 5222 τῶν
1266 5151 1659 5244 ἀρετῶνξεκεί
1700 5181 1793 5233 καὶ

206 5245 479 5319 ελλαμψις
539 5254 793 5320 γνώσεως
853 5258 993 5326 μετά
1061 5263 1161 5331 τὴν
1209 5266 1403 5335 εὐσεϐῆ
1462 5269 1569 5321 τῶν
1624 5270 1792 5325 ὄντων

205 5336 499 5412 διάσκεψιν
527 5344 902 5415 ἀναφαίνεται,
930 5349 1063 5420 πρὸς
1085 5354 1181 5422 τὴν
1211 5354 1304 5407 τοῦ
1343 5355 1485 5408 θείου
1518 5359 1790 5430 κατανόη-

288 5484 316 5513 ι
340 5471 359 5528 1
385 5472 515 5530 Cor.
550 5491 640 5541 xv,
679 5476 764 5532 55.

425 5589 586 5676 (ξι-ες.
800 5594 890 5649 0r.
919 5600 1025 5676 fu“
1046 5597 1239 5676 Sancta
1283 5603 1528 5671 Lumina,
1573 5621 1691 5676 cap.
1729 5608 1780 5675 6,

210 5664 274 5726 Ρ.
302 5657 426 5753 68θ,
458 5657 587 5717 toni.
624 5662 663 5717 Ι,
700 5663 835 5737 Opp.
868 5667 953 5723 cd.
987 5668 1187 5726 Bencd.

1972 4705 2082 4759 illic
2110 4706 2455 4772 illuminatio,
2480 4706 2803 4761 illuminatio
2839 4717 3017 4762 autem
3047 4708 3289 4762 desiderii
3325 4724 3472 4760 sum-

1971 4818 2059 4854 ma
2097 4809 2193 4865 est,
2245 4802 2307 4854 iis
2367 4802 2544 4870 utique
2590 4800 2679 4870 qui
2727 4802 3085 4854 maximarum
3138 4816 3354 4861 rerum,
3394 4799 3475 4853 vel

1968 4892 2140 4960 potius
2184 4893 2431 4947 maxima:
2470 4894 2593 4955 rei,
2654 4900 2812 4962 atque
2870 4891 3000 4945 adeo
3056 4891 3475 4960 magnitudinem

1967 4998 2177 5035 omnem
2196 4984 2518 5053 superantis,
2553 4984 2841 5053 cupiditate
2869 4986 3124 5054 ﬂagrant.
3166 5000 3184 5033 ι

1960 5092 2284 5147 Divinorum
2317 5094 2707 5163 mysteriorum
2736 5094 2905 5164 periti
2928 5092 3199 5148 allirmant
3222 5094 3314 5146 ubi
3344 5110 3473 5162 pur—

1889 5184 2036 5253 gatio
2072 5183 2268 5238 anima:
2304 5183 2374 5237 sit
2399 5200 2497 5252 per
2527 5185 2766 5240 virtutes
2798 5185 2965 5249 facta,
3010 5184 3087 5238 ibi
3139 5184 3305 5237 etiam
3349 5183 3473 5236 illu-

1891 5273 2250 5329 minationem
2276 5273 2609 5345 cognitionis
2636 5283 2764 5345 post
2782 5276 3088 5330 institutam
3113 5276 3258 5345 piam
3280 5290 3470 5328 rerum

1893 5380 2013 5433 quae
2044 5376 2177 5420 sunt
2208 5366 2712 5421 considerationem
2741 5382 3028 5437 apparere,
3073 5383 3193 5437 quae
3228 5374 3469 5420 mentem

1888 5608 2077 5734 Bcgild)
2117 5611 2285 5667 Idem.
2315 5613 2438 5668 ibid.
2470 5629 2587 5686 cap.
2634 5614 2685 5682 8,
2720 5632 2772 5688 p.
2812 5616 2933 5684 689,
2975 5624 3105 5672 tom.
3138 5616 3180 5670 1.
3210 5616 3345 5688 Opp.
3378 5615 3470 5674 ed.
