  <div class='ocr_page' id='page_1' title='image "/cluster/home/n/w/nwhite01/storage/ocr_20150623/91/hvd.32044052742962/656.png"; bbox 0 0 3938 6192; ppageno 0'>
   <div class='ocr_carea' id='block_1_1' title="bbox 252 226 390 289">
    <p class='ocr_par' dir='ltr' id='par_1_1' title="bbox 252 226 390 289">
     <span class='ocr_line' id='line_1_1' title="bbox 252 226 390 289; baseline -0.022 0"><span class='ocrx_word' id='word_1_1' title='bbox 252 226 390 289; x_wconf 77' lang='lat'><strong>1305</strong></span> 
     </span>
    </p>
   </div>
   <div class='ocr_carea' id='block_1_2' title="bbox 1494 230 2305 294">
    <p class='ocr_par' dir='ltr' id='par_1_2' title="bbox 1494 230 2305 294">
     <span class='ocr_line' id='line_1_2' title="bbox 1494 230 2305 294; baseline 0.007 -6"><span class='ocrx_word' id='word_1_2' title='bbox 1494 230 2019 293; x_wconf 76' lang='lat' dir='ltr'><strong>AMBIGUORUM</strong></span> <span class='ocrx_word' id='word_1_3' title='bbox 2052 233 2305 294; x_wconf 82' lang='lat' dir='ltr'><strong>LIBER.</strong></span> 
     </span>
    </p>
   </div>
   <div class='ocr_carea' id='block_1_3' title="bbox 3377 228 3517 293">
    <p class='ocr_par' dir='ltr' id='par_1_3' title="bbox 3377 228 3517 293">
     <span class='ocr_line' id='line_1_3' title="bbox 3377 228 3517 293; baseline 0.014 -2"><span class='ocrx_word' id='word_1_4' title='bbox 3377 228 3517 293; x_wconf 70' lang='lat'><strong>1366</strong></span> 
     </span>
    </p>
   </div>
   <div class='ocr_carea' id='block_1_4' title="bbox 252 329 1837 410">
    <p class='ocr_par' dir='ltr' id='par_1_4' title="bbox 252 329 1833 410">
     <span class='ocr_line' id='line_1_4' title="bbox 252 329 1833 410; baseline 0.004 -24"><span class='ocrx_word' id='word_1_5' title='bbox 252 332 520 404; x_wconf 81' lang='grc' dir='ltr'>ποιηκότα</span> <span class='ocrx_word' id='word_1_6' title='bbox 556 330 666 383; x_wconf 82' lang='grc' dir='ltr'><strong>τῶν</strong></span> <span class='ocrx_word' id='word_1_7' title='bbox 712 329 882 384; x_wconf 75' lang='grc' dir='ltr'>ὄντων</span> <span class='ocrx_word' id='word_1_8' title='bbox 916 330 1171 385; x_wconf 75' lang='grc' dir='ltr'>ἁπάντων</span> <span class='ocrx_word' id='word_1_9' title='bbox 1216 331 1478 406; x_wconf 73' lang='grc' dir='ltr'>λαμπρὰν</span> <span class='ocrx_word' id='word_1_10' title='bbox 1528 338 1833 410; x_wconf 81' lang='grc' dir='ltr'>διακόσμη-</span> 
     </span>
    </p>
   </div>
   <div class='ocr_carea' id='block_1_5' title="bbox 1940 329 3559 410">
    <p class='ocr_par' dir='ltr' id='par_1_5' title="bbox 1940 337 3559 407">
     <span class='ocr_line' id='line_1_5' title="bbox 1940 337 3559 407; baseline -0.002 -10"><span class='ocrx_word' id='word_1_11' title='bbox 1940 343 2186 399; x_wconf 87' lang='lat' dir='ltr'><strong>bonitate</strong></span> <span class='ocrx_word' id='word_1_12' title='bbox 2210 340 2545 397; x_wconf 86' lang='lat' dir='ltr'><strong>fabricatum</strong></span> <span class='ocrx_word' id='word_1_13' title='bbox 2571 339 2779 394; x_wconf 89' lang='lat' dir='ltr'><strong>clarum</strong></span> <span class='ocrx_word' id='word_1_14' title='bbox 2808 352 2993 393; x_wconf 77' lang='lat' dir='ltr'><strong>rerum</strong></span> <span class='ocrx_word' id='word_1_15' title='bbox 3016 337 3398 393; x_wconf 83' lang='lat' dir='ltr'><strong>universarum</strong></span> <span class='ocrx_word' id='word_1_16' title='bbox 3420 354 3517 394; x_wconf 85' lang='lat' dir='ltr'><strong>or-</strong></span> <span class='ocrx_word' id='word_1_17' title='bbox 3554 404 3559 407; x_wconf 20' lang='grc'><em>1</em></span> 
     </span>
    </p>
   </div>
   <div class='ocr_carea' id='block_1_6' title="bbox 253 423 1838 497">
    <p class='ocr_par' dir='ltr' id='par_1_6' title="bbox 253 423 1838 497">
     <span class='ocr_line' id='line_1_6' title="bbox 253 423 1838 497; baseline 0.006 -19"><span class='ocrx_word' id='word_1_18' title='bbox 253 443 360 491; x_wconf 90' lang='grc' dir='ltr'>σιν,</span> <span class='ocrx_word' id='word_1_19' title='bbox 403 425 477 496; x_wconf 82' lang='grc' dir='ltr'>μὴ</span> <span class='ocrx_word' id='word_1_20' title='bbox 520 423 747 477; x_wconf 80' lang='grc' dir='ltr'>αὐτόθεν</span> <span class='ocrx_word' id='word_1_21' title='bbox 778 427 914 496; x_wconf 71' lang='grc' dir='ltr'>αὐτῇ</span> <span class='ocrx_word' id='word_1_22' title='bbox 956 427 1245 496; x_wconf 78' lang='grc' dir='ltr'><strong>καταφανῆ</strong></span> <span class='ocrx_word' id='word_1_23' title='bbox 1291 430 1544 497; x_wconf 85' lang='grc' dir='ltr'>γενέσθαι</span> <span class='ocrx_word' id='word_1_24' title='bbox 1588 434 1712 486; x_wconf 87' lang='grc' dir='ltr'>τινὰ</span> <span class='ocrx_word' id='word_1_25' title='bbox 1743 434 1838 487; x_wconf 76' lang='grc' dir='ltr'>καὶ</span> 
     </span>
    </p>
   </div>
   <div class='ocr_carea' id='block_1_7' title="bbox 250 510 1835 588">
    <p class='ocr_par' dir='ltr' id='par_1_7' title="bbox 250 510 1835 588">
     <span class='ocr_line' id='line_1_7' title="bbox 250 510 1835 588; baseline 0.004 -18"><span class='ocrx_word' id='word_1_26' title='bbox 250 519 434 570; x_wconf 80' lang='grc' dir='ltr'>ὁποῖον</span> <span class='ocrx_word' id='word_1_27' title='bbox 480 510 642 576; x_wconf 79' lang='grc' dir='ltr'>εῖναι,</span> <span class='ocrx_word' id='word_1_28' title='bbox 690 514 790 586; x_wconf 82' lang='grc' dir='ltr'><strong>τὴν</strong></span> <span class='ocrx_word' id='word_1_29' title='bbox 825 515 953 586; x_wconf 85' lang='grc' dir='ltr'><strong>περί</strong></span> <span class='ocrx_word' id='word_1_30' title='bbox 1000 514 1162 570; x_wconf 79' lang='grc' dir='ltr'>τοῦτο</span> <span class='ocrx_word' id='word_1_31' title='bbox 1190 516 1289 588; x_wconf 79' lang='grc' dir='ltr'><strong>τὴν</strong></span> <span class='ocrx_word' id='word_1_32' title='bbox 1334 518 1514 573; x_wconf 79' lang='grc' dir='ltr'><strong>κτίσιν</strong></span> <span class='ocrx_word' id='word_1_33' title='bbox 1568 522 1662 575; x_wconf 75' lang='grc' dir='ltr'>τοῦ</span> <span class='ocrx_word' id='word_1_34' title='bbox 1698 516 1835 577; x_wconf 73' lang='grc' dir='ltr'><strong>σεοῦ</strong></span> 
     </span>
    </p>
   </div>
   <div class='ocr_carea' id='block_1_8' title="bbox 251 606 1840 686">
    <p class='ocr_par' dir='ltr' id='par_1_8' title="bbox 251 606 1840 686">
     <span class='ocr_line' id='line_1_8' title="bbox 251 606 1840 686; baseline 0.004 -24"><span class='ocrx_word' id='word_1_35' title='bbox 251 608 632 679; x_wconf 72' lang='grc' dir='ltr'><strong>διακρίνουσαν</strong></span> <span class='ocrx_word' id='word_1_36' title='bbox 684 606 909 675; x_wconf 76' lang='grc' dir='ltr'>ἄγνοιαν</span> <span class='ocrx_word' id='word_1_37' title='bbox 956 607 1225 677; x_wconf 78' lang='grc' dir='ltr'><strong>διαίρεσιν</strong></span> <span class='ocrx_word' id='word_1_38' title='bbox 1269 608 1541 679; x_wconf 83' lang='grc' dir='ltr'>λέγοντες.</span> <span class='ocrx_word' id='word_1_39' title='bbox 1577 612 1689 683; x_wconf 79' lang='grc' dir='ltr'><strong>Τὴν</strong></span> <span class='ocrx_word' id='word_1_40' title='bbox 1731 615 1840 686; x_wconf 82' lang='grc' dir='ltr'>γὰρ</span> 
     </span>
    </p>
   </div>
   <div class='ocr_carea' id='block_1_9' title="bbox 254 696 1837 769">
    <p class='ocr_par' dir='ltr' id='par_1_9' title="bbox 254 696 1837 769">
     <span class='ocr_line' id='line_1_9' title="bbox 254 696 1837 769; baseline 0.003 -20"><span class='ocrx_word' id='word_1_41' title='bbox 254 696 500 766; x_wconf 75' lang='grc' dir='ltr'><strong>φυσικῶς</strong></span> <span class='ocrx_word' id='word_1_42' title='bbox 595 696 850 766; x_wconf 72' lang='lat' dir='ltr'><strong>(221b)</strong></span> <span class='ocrx_word' id='word_1_43' title='bbox 919 696 1163 767; x_wconf 74' lang='grc' dir='ltr'>ἀλλήλων</span> <span class='ocrx_word' id='word_1_44' title='bbox 1235 700 1411 754; x_wconf 79' lang='grc' dir='ltr'>ταῦτα</span> <span class='ocrx_word' id='word_1_45' title='bbox 1498 701 1837 769; x_wconf 80' lang='grc' dir='ltr'><strong>διαιροῦσαν,</strong></span> 
     </span>
    </p>
   </div>
   <div class='ocr_carea' id='block_1_10' title="bbox 256 788 1838 860">
    <p class='ocr_par' dir='ltr' id='par_1_10' title="bbox 256 788 1838 860">
     <span class='ocr_line' id='line_1_10' title="bbox 256 788 1838 860; baseline 0.004 -19"><span class='ocrx_word' id='word_1_46' title='bbox 256 789 525 860; x_wconf 78' lang='grc' dir='ltr'>μηδέποτε</span> <span class='ocrx_word' id='word_1_47' title='bbox 572 788 872 860; x_wconf 75' lang='grc' dir='ltr'><strong>δεχομένην</strong></span> <span class='ocrx_word' id='word_1_48' title='bbox 899 790 979 851; x_wconf 88' lang='grc' dir='ltr'><strong>εἰς</strong></span> <span class='ocrx_word' id='word_1_49' title='bbox 1016 790 1146 860; x_wconf 86' lang='grc' dir='ltr'>μίαν</span> <span class='ocrx_word' id='word_1_50' title='bbox 1171 791 1360 845; x_wconf 87' lang='grc' dir='ltr'>οὐσίαν</span> <span class='ocrx_word' id='word_1_51' title='bbox 1392 791 1607 857; x_wconf 76' lang='grc' dir='ltr'>ἕνωσιν,</span> <span class='ocrx_word' id='word_1_52' title='bbox 1642 794 1717 858; x_wconf 83' lang='grc' dir='ltr'>ὡς</span> <span class='ocrx_word' id='word_1_53' title='bbox 1746 794 1838 848; x_wconf 78' lang='grc' dir='ltr'><strong>τὸν</strong></span> 
     </span>
    </p>
   </div>
   <div class='ocr_carea' id='block_1_11' title="bbox 253 877 1839 954">
    <p class='ocr_par' dir='ltr' id='par_1_11' title="bbox 253 877 1839 954">
     <span class='ocr_line' id='line_1_11' title="bbox 253 877 1839 954; baseline 0.003 -19"><span class='ocrx_word' id='word_1_54' title='bbox 253 878 350 935; x_wconf 73' lang='grc' dir='ltr'>ἕνα</span> <span class='ocrx_word' id='word_1_55' title='bbox 374 880 469 933; x_wconf 76' lang='grc' dir='ltr'><strong>καὶ</strong></span> <span class='ocrx_word' id='word_1_56' title='bbox 499 881 589 931; x_wconf 84' lang='grc' dir='ltr'><strong>τὸν</strong></span> <span class='ocrx_word' id='word_1_57' title='bbox 625 877 789 931; x_wconf 78' lang='grc' dir='ltr'>αὐτὸν</span> <span class='ocrx_word' id='word_1_58' title='bbox 834 879 908 950; x_wconf 79' lang='grc' dir='ltr'>μὴ</span> <span class='ocrx_word' id='word_1_59' title='bbox 944 879 1254 952; x_wconf 80' lang='grc' dir='ltr'>δυναμένην</span> <span class='ocrx_word' id='word_1_60' title='bbox 1284 882 1633 948; x_wconf 79' lang='grc' dir='ltr'>ἐπιδέξασθαι</span> <span class='ocrx_word' id='word_1_61' title='bbox 1681 885 1839 954; x_wconf 86' lang='grc' dir='ltr'>λόγον</span> 
     </span>
    </p>
   </div>
   <div class='ocr_carea' id='block_1_12' title="bbox 252 970 1838 1051">
    <p class='ocr_par' dir='ltr' id='par_1_12' title="bbox 252 970 1838 1051">
     <span class='ocr_line' id='line_1_12' title="bbox 252 970 1838 1051; baseline 0.003 -27"><span class='ocrx_word' id='word_1_62' title='bbox 252 970 446 1024; x_wconf 70' lang='grc' dir='ltr'>εἴασαν</span> <span class='ocrx_word' id='word_1_63' title='bbox 480 970 743 1051; x_wconf 71' lang='grc' dir='ltr'>ἄρρητον.</span> <span class='ocrx_word' id='word_1_64' title='bbox 773 970 1043 1042; x_wconf 88' lang='grc' dir='ltr'>Δευτέραν</span> <span class='ocrx_word' id='word_1_65' title='bbox 1068 972 1145 1037; x_wconf 86' lang='grc' dir='ltr'><strong>δὲ,</strong></span> <span class='ocrx_word' id='word_1_66' title='bbox 1174 973 1300 1029; x_wconf 80' lang='grc' dir='ltr'>καθ’</span> <span class='ocrx_word' id='word_1_67' title='bbox 1336 976 1402 1045; x_wconf 82' lang='grc' dir='ltr'>ῆν</span> <span class='ocrx_word' id='word_1_68' title='bbox 1432 977 1464 1044; x_wconf 81' lang='grc' dir='ltr'>ἡ</span> <span class='ocrx_word' id='word_1_69' title='bbox 1491 975 1580 1028; x_wconf 84' lang='grc' dir='ltr'><strong>διὰ</strong></span> <span class='ocrx_word' id='word_1_70' title='bbox 1606 975 1838 1041; x_wconf 79' lang='grc' dir='ltr'>κτίσεως</span> 
     </span>
    </p>
   </div>
   <div class='ocr_carea' id='block_1_13' title="bbox 252 1058 1839 1136">
    <p class='ocr_par' dir='ltr' id='par_1_13' title="bbox 252 1058 1839 1136">
     <span class='ocr_line' id='line_1_13' title="bbox 252 1058 1839 1136; baseline 0.003 -21"><span class='ocrx_word' id='word_1_71' title='bbox 252 1062 312 1115; x_wconf 80' lang='grc' dir='ltr'><strong>τὸ</strong></span> <span class='ocrx_word' id='word_1_72' title='bbox 341 1058 480 1114; x_wconf 77' lang='grc' dir='ltr'>εἶναι</span> <span class='ocrx_word' id='word_1_73' title='bbox 507 1058 745 1114; x_wconf 76' lang='grc' dir='ltr'>λαϐοῦσα</span> <span class='ocrx_word' id='word_1_74' title='bbox 771 1060 1035 1131; x_wconf 78' lang='grc' dir='ltr'>σύμπασα</span> <span class='ocrx_word' id='word_1_75' title='bbox 1055 1063 1216 1131; x_wconf 80' lang='grc' dir='ltr'>φύσις</span> <span class='ocrx_word' id='word_1_76' title='bbox 1246 1064 1352 1118; x_wconf 82' lang='grc' dir='ltr'>ὑπὸ</span> <span class='ocrx_word' id='word_1_77' title='bbox 1376 1065 1512 1118; x_wconf 81' lang='grc' dir='ltr'>Θεοῦ</span> <span class='ocrx_word' id='word_1_78' title='bbox 1546 1066 1839 1136; x_wconf 79' lang='grc' dir='ltr'>διαιρεῖται</span> 
     </span>
    </p>
   </div>
   <div class='ocr_carea' id='block_1_14' title="bbox 253 1152 1834 1231">
    <p class='ocr_par' dir='ltr' id='par_1_14' title="bbox 253 1152 1834 1231">
     <span class='ocr_line' id='line_1_14' title="bbox 253 1152 1834 1231; baseline 0.003 -25"><span class='ocrx_word' id='word_1_79' title='bbox 253 1155 336 1215; x_wconf 83' lang='grc' dir='ltr'><strong>εἰς</strong></span> <span class='ocrx_word' id='word_1_80' title='bbox 366 1153 532 1222; x_wconf 85' lang='grc' dir='ltr'>νοητὰ</span> <span class='ocrx_word' id='word_1_81' title='bbox 563 1152 656 1205; x_wconf 78' lang='grc' dir='ltr'>καὶ</span> <span class='ocrx_word' id='word_1_82' title='bbox 703 1154 959 1223; x_wconf 85' lang='grc' dir='ltr'>αἰσθητά.</span> <span class='ocrx_word' id='word_1_83' title='bbox 1011 1156 1238 1226; x_wconf 85' lang='grc' dir='ltr'>Τρίτην,</span> <span class='ocrx_word' id='word_1_84' title='bbox 1281 1156 1403 1210; x_wconf 85' lang='grc' dir='ltr'>καθ’</span> <span class='ocrx_word' id='word_1_85' title='bbox 1449 1159 1516 1229; x_wconf 76' lang='grc' dir='ltr'>ἣν</span> <span class='ocrx_word' id='word_1_86' title='bbox 1541 1161 1574 1229; x_wconf 82' lang='grc' dir='ltr'>ἡ</span> <span class='ocrx_word' id='word_1_87' title='bbox 1600 1159 1834 1231; x_wconf 83' lang='grc' dir='ltr'>αἰσθητὴ</span> 
     </span>
    </p>
   </div>
   <div class='ocr_carea' id='block_1_15' title="bbox 252 1242 1839 1316">
    <p class='ocr_par' dir='ltr' id='par_1_15' title="bbox 252 1242 1839 1316">
     <span class='ocr_line' id='line_1_15' title="bbox 252 1242 1839 1316; baseline 0.003 -21"><span class='ocrx_word' id='word_1_88' title='bbox 252 1242 412 1312; x_wconf 82' lang='grc' dir='ltr'>φύσις</span> <span class='ocrx_word' id='word_1_89' title='bbox 426 1243 713 1311; x_wconf 80' lang='grc' dir='ltr'>διαιρεῖται</span> <span class='ocrx_word' id='word_1_90' title='bbox 730 1244 808 1305; x_wconf 86' lang='grc' dir='ltr'><strong>εἰς</strong></span> <span class='ocrx_word' id='word_1_91' title='bbox 819 1242 1049 1314; x_wconf 76' lang='grc' dir='ltr'>οὐρανὸν</span> <span class='ocrx_word' id='word_1_92' title='bbox 1071 1245 1166 1297; x_wconf 78' lang='grc' dir='ltr'>καὶ</span> <span class='ocrx_word' id='word_1_93' title='bbox 1184 1244 1594 1316; x_wconf 79' lang='grc' dir='ltr'>γῆν.Τετάρτην</span> <span class='ocrx_word' id='word_1_94' title='bbox 1613 1246 1692 1313; x_wconf 78' lang='grc' dir='ltr'><strong>δὲ,</strong></span> <span class='ocrx_word' id='word_1_95' title='bbox 1716 1246 1839 1300; x_wconf 87' lang='grc' dir='ltr'>καθ’</span> 
     </span>
    </p>
   </div>
   <div class='ocr_carea' id='block_1_16' title="bbox 252 1322 1833 1409">
    <p class='ocr_par' dir='ltr' id='par_1_16' title="bbox 252 1322 1833 1409">
     <span class='ocr_line' id='line_1_16' title="bbox 252 1322 1833 1409; baseline 0.003 -23"><span class='ocrx_word' id='word_1_96' title='bbox 252 1337 318 1406; x_wconf 80' lang='grc' dir='ltr'><strong>ῆν</strong></span> <span class='ocrx_word' id='word_1_97' title='bbox 349 1337 380 1405; x_wconf 82' lang='grc' dir='ltr'>ἡ</span> <span class='ocrx_word' id='word_1_98' title='bbox 403 1335 474 1404; x_wconf 81' lang='grc' dir='ltr'>γῆ</span> <span class='ocrx_word' id='word_1_99' title='bbox 504 1334 790 1406; x_wconf 77' lang='grc' dir='ltr'>διαιρεῖται</span> <span class='ocrx_word' id='word_1_100' title='bbox 810 1337 888 1399; x_wconf 89' lang='grc' dir='ltr'><strong>εἰς</strong></span> <span class='ocrx_word' id='word_1_101' title='bbox 905 1336 1235 1406; x_wconf 70' lang='grc' dir='ltr'>παράδεισον</span> <span class='ocrx_word' id='word_1_102' title='bbox 1254 1322 1347 1391; x_wconf 66' lang='grc' dir='ltr'><strong>καὶ</strong></span> <span class='ocrx_word' id='word_1_103' title='bbox 1366 1340 1715 1409; x_wconf 82' lang='grc' dir='ltr'>οἰκουμένην,</span> <span class='ocrx_word' id='word_1_104' title='bbox 1738 1341 1833 1392; x_wconf 79' lang='grc' dir='ltr'>καὶ</span> 
     </span>
    </p>
   </div>
   <div class='ocr_carea' id='block_1_17' title="bbox 255 1426 1837 1502">
    <p class='ocr_par' dir='ltr' id='par_1_17' title="bbox 255 1426 1837 1502">
     <span class='ocr_line' id='line_1_17' title="bbox 255 1426 1837 1502; baseline 0.003 -22"><span class='ocrx_word' id='word_1_105' title='bbox 255 1426 533 1497; x_wconf 80' lang='grc' dir='ltr'><strong>πέμπτην,</strong></span> <span class='ocrx_word' id='word_1_106' title='bbox 568 1426 690 1480; x_wconf 82' lang='grc' dir='ltr'>καθ’</span> <span class='ocrx_word' id='word_1_107' title='bbox 726 1427 792 1497; x_wconf 78' lang='grc' dir='ltr'>ἢν</span> <span class='ocrx_word' id='word_1_108' title='bbox 821 1429 849 1481; x_wconf 87' lang='grc' dir='ltr'>ὁ</span> <span class='ocrx_word' id='word_1_109' title='bbox 882 1429 975 1481; x_wconf 75' lang='grc' dir='ltr'>ἐπὶ</span> <span class='ocrx_word' id='word_1_110' title='bbox 1021 1430 1210 1493; x_wconf 82' lang='grc' dir='ltr'>πᾶσιν,</span> <span class='ocrx_word' id='word_1_111' title='bbox 1263 1429 1456 1502; x_wconf 88' lang='grc' dir='ltr'>ῶσπερ</span> <span class='ocrx_word' id='word_1_112' title='bbox 1488 1450 1541 1484; x_wconf 87' lang='grc' dir='ltr'><strong>τι</strong></span> <span class='ocrx_word' id='word_1_113' title='bbox 1564 1432 1670 1484; x_wconf 89' lang='grc' dir='ltr'><strong>τῶν</strong></span> <span class='ocrx_word' id='word_1_114' title='bbox 1700 1432 1837 1486; x_wconf 79' lang='grc' dir='ltr'>ὅλων</span> 
     </span>
    </p>
   </div>
   <div class='ocr_carea' id='block_1_18' title="bbox 257 1518 1836 1590">
    <p class='ocr_par' dir='ltr' id='par_1_18' title="bbox 257 1518 1836 1590">
     <span class='ocr_line' id='line_1_18' title="bbox 257 1518 1836 1590; baseline 0.003 -18"><span class='ocrx_word' id='word_1_115' title='bbox 257 1518 720 1573; x_wconf 79' lang='grc' dir='ltr'>συνεκτικώτατον</span> <span class='ocrx_word' id='word_1_116' title='bbox 761 1521 1144 1590; x_wconf 79' lang='grc' dir='ltr'>ἐργαστήριον,</span> <span class='ocrx_word' id='word_1_117' title='bbox 1195 1523 1289 1575; x_wconf 71' lang='grc' dir='ltr'><strong>καὶ</strong></span> <span class='ocrx_word' id='word_1_118' title='bbox 1334 1525 1467 1576; x_wconf 82' lang='grc' dir='ltr'>πᾶσι</span> <span class='ocrx_word' id='word_1_119' title='bbox 1537 1528 1648 1587; x_wconf 84' lang='grc' dir='ltr'>τοῖς</span> <span class='ocrx_word' id='word_1_120' title='bbox 1696 1524 1836 1577; x_wconf 75' lang='grc' dir='ltr'>κατὰ</span> 
     </span>
    </p>
   </div>
   <div class='ocr_carea' id='block_1_19' title="bbox 257 1611 1837 1686">
    <p class='ocr_par' dir='ltr' id='par_1_19' title="bbox 257 1611 1837 1686">
     <span class='ocr_line' id='line_1_19' title="bbox 257 1611 1837 1686; baseline 0.004 -23"><span class='ocrx_word' id='word_1_121' title='bbox 257 1613 438 1665; x_wconf 80' lang='grc' dir='ltr'>πᾶσαν</span> <span class='ocrx_word' id='word_1_122' title='bbox 460 1611 726 1682; x_wconf 81' lang='grc' dir='ltr'>διαίρεσιν</span> <span class='ocrx_word' id='word_1_123' title='bbox 753 1612 944 1682; x_wconf 82' lang='grc' dir='ltr'>ἄκροις</span> <span class='ocrx_word' id='word_1_124' title='bbox 970 1614 1037 1666; x_wconf 78' lang='grc' dir='ltr'>δι’</span> <span class='ocrx_word' id='word_1_125' title='bbox 1056 1614 1222 1668; x_wconf 75' lang='grc' dir='ltr'>αὑτοῦ</span> <span class='ocrx_word' id='word_1_126' title='bbox 1256 1615 1503 1685; x_wconf 79' lang='grc' dir='ltr'>φυσικῶς</span> <span class='ocrx_word' id='word_1_127' title='bbox 1535 1617 1837 1686; x_wconf 85' lang='grc' dir='ltr'>μεσιτεύων</span> 
     </span>
    </p>
   </div>
   <div class='ocr_carea' id='block_1_20' title="bbox 256 1693 1912 1780">
    <p class='ocr_par' dir='ltr' id='par_1_20' title="bbox 256 1693 1912 1780">
     <span class='ocr_line' id='line_1_20' title="bbox 256 1693 1912 1780; baseline 0.004 -25"><span class='ocrx_word' id='word_1_128' title='bbox 256 1702 658 1773; x_wconf 84' lang='grc' dir='ltr'>ἀγαθοπρεπῶς</span> <span class='ocrx_word' id='word_1_129' title='bbox 695 1704 840 1757; x_wconf 82' lang='grc' dir='ltr'>κατὰ</span> <span class='ocrx_word' id='word_1_130' title='bbox 894 1705 1109 1772; x_wconf 88' lang='grc' dir='ltr'>γένεσιν</span> <span class='ocrx_word' id='word_1_131' title='bbox 1153 1710 1268 1770; x_wconf 88' lang='grc' dir='ltr'>τοῖς</span> <span class='ocrx_word' id='word_1_132' title='bbox 1306 1704 1457 1761; x_wconf 77' lang='grc' dir='ltr'>οὖσιν</span> <span class='ocrx_word' id='word_1_133' title='bbox 1491 1710 1838 1780; x_wconf 74' lang='grc' dir='ltr'>ἐπεισαχθείς</span> <span class='ocrx_word' id='word_1_134' title='bbox 1871 1693 1912 1745; x_wconf 72' lang='grc' dir='ltr'><strong>Β</strong></span> 
     </span>
    </p>
   </div>
   <div class='ocr_carea' id='block_1_21' title="bbox 255 1789 1839 1868">
    <p class='ocr_par' dir='ltr' id='par_1_21' title="bbox 255 1789 1839 1868">
     <span class='ocr_line' id='line_1_21' title="bbox 255 1789 1839 1868; baseline 0.004 -24"><span class='ocrx_word' id='word_1_135' title='bbox 255 1789 541 1861; x_wconf 81' lang='grc' dir='ltr'>ἄνθρωπος</span> <span class='ocrx_word' id='word_1_136' title='bbox 596 1793 886 1864; x_wconf 85' lang='grc' dir='ltr'>διαιρεῖται</span> <span class='ocrx_word' id='word_1_137' title='bbox 936 1796 1015 1857; x_wconf 88' lang='grc' dir='ltr'><strong>εἰς</strong></span> <span class='ocrx_word' id='word_1_138' title='bbox 1066 1794 1233 1865; x_wconf 84' lang='grc' dir='ltr'>ἄρσεν</span> <span class='ocrx_word' id='word_1_139' title='bbox 1286 1798 1379 1850; x_wconf 76' lang='grc' dir='ltr'>καὶ</span> <span class='ocrx_word' id='word_1_140' title='bbox 1429 1797 1598 1868; x_wconf 81' lang='grc' dir='ltr'>θῆλυ,</span> <span class='ocrx_word' id='word_1_141' title='bbox 1658 1802 1839 1852; x_wconf 83' lang='grc' dir='ltr'>πᾶσαν</span> 
     </span>
    </p>
   </div>
   <div class='ocr_carea' id='block_1_22' title="bbox 255 1881 1838 1959">
    <p class='ocr_par' dir='ltr' id='par_1_22' title="bbox 255 1881 1838 1959">
     <span class='ocr_line' id='line_1_22' title="bbox 255 1881 1838 1959; baseline 0.006 -25"><span class='ocrx_word' id='word_1_142' title='bbox 255 1881 396 1952; x_wconf 78' lang='grc' dir='ltr'>ἔχων</span> <span class='ocrx_word' id='word_1_143' title='bbox 426 1882 625 1953; x_wconf 75' lang='grc' dir='ltr'>δηλαδὴ</span> <span class='ocrx_word' id='word_1_144' title='bbox 666 1885 911 1952; x_wconf 77' lang='grc' dir='ltr'>φυσικῶς</span> <span class='ocrx_word' id='word_1_145' title='bbox 958 1888 1078 1952; x_wconf 89' lang='grc' dir='ltr'>ταῖς</span> <span class='ocrx_word' id='word_1_146' title='bbox 1130 1888 1238 1941; x_wconf 88' lang='grc' dir='ltr'><strong>τῶν</strong></span> <span class='ocrx_word' id='word_1_147' title='bbox 1270 1890 1455 1959; x_wconf 85' lang='grc' dir='ltr'>ἄκρων</span> <span class='ocrx_word' id='word_1_148' title='bbox 1486 1891 1701 1944; x_wconf 76' lang='grc' dir='ltr'>πάντων</span> <span class='ocrx_word' id='word_1_149' title='bbox 1742 1908 1838 1959; x_wconf 78' lang='grc' dir='ltr'>με·</span> 
     </span>
    </p>
   </div>
   <div class='ocr_carea' id='block_1_23' title="bbox 258 1974 1840 2047">
    <p class='ocr_par' dir='ltr' id='par_1_23' title="bbox 258 1974 1840 2047">
     <span class='ocr_line' id='line_1_23' title="bbox 258 1974 1840 2047; baseline 0.003 -19"><span class='ocrx_word' id='word_1_150' title='bbox 258 1977 448 2044; x_wconf 84' lang='grc' dir='ltr'>σότησι</span> <span class='ocrx_word' id='word_1_151' title='bbox 504 1974 592 2028; x_wconf 74' lang='grc' dir='ltr'>διὰ</span> <span class='ocrx_word' id='word_1_152' title='bbox 651 1976 749 2046; x_wconf 83' lang='grc' dir='ltr'><strong>τῆς</strong></span> <span class='ocrx_word' id='word_1_153' title='bbox 800 1977 937 2047; x_wconf 77' lang='grc' dir='ltr'>πρὸς</span> <span class='ocrx_word' id='word_1_154' title='bbox 982 1979 1050 2030; x_wconf 77' lang='grc' dir='ltr'>τὰ</span> <span class='ocrx_word' id='word_1_155' title='bbox 1098 1979 1242 2046; x_wconf 79' lang='grc' dir='ltr'>ἄκρα</span> <span class='ocrx_word' id='word_1_156' title='bbox 1302 1981 1478 2034; x_wconf 79' lang='grc' dir='ltr'>πάντα</span> <span class='ocrx_word' id='word_1_157' title='bbox 1528 1981 1636 2033; x_wconf 84' lang='grc' dir='ltr'><strong>τῶν</strong></span> <span class='ocrx_word' id='word_1_158' title='bbox 1695 1981 1840 2034; x_wconf 79' lang='grc' dir='ltr'>ἰδίων</span> 
     </span>
    </p>
   </div>
   <div class='ocr_carea' id='block_1_24' title="bbox 260 2066 1838 2143">
    <p class='ocr_par' dir='ltr' id='par_1_24' title="bbox 260 2066 1838 2143">
     <span class='ocr_line' id='line_1_24' title="bbox 260 2066 1838 2143; baseline 0.004 -25"><span class='ocrx_word' id='word_1_159' title='bbox 260 2067 443 2137; x_wconf 82' lang='grc' dir='ltr'>μερῶν</span> <span class='ocrx_word' id='word_1_160' title='bbox 472 2066 726 2137; x_wconf 81' lang='grc' dir='ltr'>σχετικῆς</span> <span class='ocrx_word' id='word_1_161' title='bbox 754 2067 1011 2136; x_wconf 73' lang='grc' dir='ltr'>ἰδιότητος</span> <span class='ocrx_word' id='word_1_162' title='bbox 1040 2070 1140 2139; x_wconf 83' lang='grc' dir='ltr'><strong>τὴν</strong></span> <span class='ocrx_word' id='word_1_163' title='bbox 1175 2070 1311 2141; x_wconf 77' lang='grc' dir='ltr'>πρὸς</span> <span class='ocrx_word' id='word_1_164' title='bbox 1354 2072 1549 2125; x_wconf 70' lang='grc' dir='ltr'>ἕνωσιν</span> <span class='ocrx_word' id='word_1_165' title='bbox 1585 2072 1838 2143; x_wconf 82' lang='grc' dir='ltr'>δύναμιν,</span> 
     </span>
    </p>
   </div>
   <div class='ocr_carea' id='block_1_25' title="bbox 255 2152 1838 2234">
    <p class='ocr_par' dir='ltr' id='par_1_25' title="bbox 255 2152 1838 2234">
     <span class='ocr_line' id='line_1_25' title="bbox 255 2152 1838 2234; baseline 0.008 -27"><span class='ocrx_word' id='word_1_166' title='bbox 255 2157 323 2209; x_wconf 78' lang='grc' dir='ltr'>δι’</span> <span class='ocrx_word' id='word_1_167' title='bbox 352 2152 419 2230; x_wconf 80' lang='grc' dir='ltr'>ἦς</span> <span class='ocrx_word' id='word_1_168' title='bbox 450 2160 477 2211; x_wconf 88' lang='grc' dir='ltr'>ὁ</span> <span class='ocrx_word' id='word_1_169' title='bbox 516 2159 653 2212; x_wconf 85' lang='grc' dir='ltr'>κατὰ</span> <span class='ocrx_word' id='word_1_170' title='bbox 684 2158 782 2229; x_wconf 83' lang='grc' dir='ltr'><strong>τὴν</strong></span> <span class='ocrx_word' id='word_1_171' title='bbox 820 2161 998 2214; x_wconf 84' lang='grc' dir='ltr'>αἰτίαν</span> <span class='ocrx_word' id='word_1_172' title='bbox 1030 2162 1131 2230; x_wconf 80' lang='grc' dir='ltr'>τῆς</span> <span class='ocrx_word' id='word_1_173' title='bbox 1160 2162 1267 2214; x_wconf 88' lang='grc' dir='ltr'><strong>τῶν</strong></span> <span class='ocrx_word' id='word_1_174' title='bbox 1311 2154 1659 2234; x_wconf 71' lang='grc' dir='ltr'>διῃρημένων</span> <span class='ocrx_word' id='word_1_175' title='bbox 1685 2166 1838 2229; x_wconf 82' lang='grc' dir='ltr'>γενέ-</span> 
     </span>
    </p>
   </div>
   <div class='ocr_carea' id='block_1_26' title="bbox 257 2250 1839 2325">
    <p class='ocr_par' dir='ltr' id='par_1_26' title="bbox 257 2250 1839 2325">
     <span class='ocr_line' id='line_1_26' title="bbox 257 2250 1839 2325; baseline 0.006 -25"><span class='ocrx_word' id='word_1_176' title='bbox 257 2267 392 2313; x_wconf 85' lang='grc' dir='ltr'>σεως</span> <span class='ocrx_word' id='word_1_177' title='bbox 443 2250 933 2322; x_wconf 85' lang='grc' dir='ltr'>συμπληρούμενος</span> <span class='ocrx_word' id='word_1_178' title='bbox 1003 2254 1204 2325; x_wconf 85' lang='grc' dir='ltr'>τρόπος</span> <span class='ocrx_word' id='word_1_179' title='bbox 1275 2254 1467 2324; x_wconf 75' lang='grc' dir='ltr'>ἔμελλε</span> <span class='ocrx_word' id='word_1_180' title='bbox 1538 2257 1632 2309; x_wconf 81' lang='grc' dir='ltr'>τοῦ</span> <span class='ocrx_word' id='word_1_181' title='bbox 1694 2256 1839 2310; x_wconf 81' lang='grc' dir='ltr'>θείου</span> 
     </span>
    </p>
   </div>
   <div class='ocr_carea' id='block_1_27' title="bbox 242 2341 1839 2419">
    <p class='ocr_par' dir='ltr' id='par_1_27' title="bbox 242 2341 1839 2419">
     <span class='ocr_line' id='line_1_27' title="bbox 242 2341 1839 2419; baseline 0.006 -27"><span class='ocrx_word' id='word_1_182' title='bbox 242 2341 466 2393; x_wconf 58' lang='grc' dir='ltr'>ησκοποῦ</span> <span class='ocrx_word' id='word_1_183' title='bbox 528 2342 590 2395; x_wconf 78' lang='grc' dir='ltr'>τὸ</span> <span class='ocrx_word' id='word_1_184' title='bbox 657 2344 799 2413; x_wconf 83' lang='grc' dir='ltr'>μέγα</span> <span class='ocrx_word' id='word_1_185' title='bbox 873 2348 1173 2416; x_wconf 82' lang='grc' dir='ltr'>μυστήριον</span> <span class='ocrx_word' id='word_1_186' title='bbox 1237 2346 1458 2419; x_wconf 81' lang='grc' dir='ltr'>ἔκδηλον</span> <span class='ocrx_word' id='word_1_187' title='bbox 1519 2348 1588 2402; x_wconf 85' lang='grc' dir='ltr'>δι’</span> <span class='ocrx_word' id='word_1_188' title='bbox 1646 2348 1839 2403; x_wconf 75' lang='grc' dir='ltr'>ἑαυτοῦ</span> 
     </span>
    </p>
   </div>
   <div class='ocr_carea' id='block_1_28' title="bbox 260 2434 1840 2508">
    <p class='ocr_par' dir='ltr' id='par_1_28' title="bbox 260 2434 1840 2508">
     <span class='ocr_line' id='line_1_28' title="bbox 260 2434 1840 2508; baseline 0.006 -23"><span class='ocrx_word' id='word_1_189' title='bbox 260 2437 619 2504; x_wconf 72' lang='grc' dir='ltr'>καταστῆσαι,</span> <span class='ocrx_word' id='word_1_190' title='bbox 675 2434 774 2505; x_wconf 79' lang='grc' dir='ltr'>τὴν</span> <span class='ocrx_word' id='word_1_191' title='bbox 817 2436 954 2506; x_wconf 78' lang='grc' dir='ltr'>πρὸς</span> <span class='ocrx_word' id='word_1_192' title='bbox 1003 2438 1206 2508; x_wconf 77' lang='grc' dir='ltr'>ἄλληλα</span> <span class='ocrx_word' id='word_1_193' title='bbox 1258 2439 1365 2491; x_wconf 79' lang='grc' dir='ltr'><strong>τῶν</strong></span> <span class='ocrx_word' id='word_1_194' title='bbox 1420 2442 1479 2492; x_wconf 80' lang='grc' dir='ltr'><strong>ἐν</strong></span> <span class='ocrx_word' id='word_1_195' title='bbox 1526 2444 1637 2505; x_wconf 83' lang='grc' dir='ltr'>τοῖς</span> <span class='ocrx_word' id='word_1_196' title='bbox 1690 2439 1840 2494; x_wconf 72' lang='grc' dir='ltr'>οὖσιν</span> 
     </span>
    </p>
   </div>
   <div class='ocr_carea' id='block_1_29' title="bbox 260 2523 1837 2603">
    <p class='ocr_par' dir='ltr' id='par_1_29' title="bbox 260 2523 1837 2603">
     <span class='ocr_line' id='line_1_29' title="bbox 260 2523 1837 2603; baseline 0.004 -26"><span class='ocrx_word' id='word_1_197' title='bbox 260 2523 444 2593; x_wconf 72' lang='grc' dir='ltr'>ἄκρων</span> <span class='ocrx_word' id='word_1_198' title='bbox 468 2525 802 2593; x_wconf 80' lang='grc' dir='ltr'>ὲναρμονίως</span> <span class='ocrx_word' id='word_1_199' title='bbox 830 2525 940 2583; x_wconf 77' lang='grc' dir='ltr'>ἀπὸ</span> <span class='ocrx_word' id='word_1_200' title='bbox 967 2526 1074 2580; x_wconf 87' lang='grc' dir='ltr'><strong>τῶν</strong></span> <span class='ocrx_word' id='word_1_201' title='bbox 1100 2530 1382 2598; x_wconf 79' lang='grc' dir='ltr'>προσεχῶν</span> <span class='ocrx_word' id='word_1_202' title='bbox 1415 2531 1505 2582; x_wconf 71' lang='grc' dir='ltr'><strong>ἐπὶ</strong></span> <span class='ocrx_word' id='word_1_203' title='bbox 1533 2531 1603 2583; x_wconf 77' lang='grc' dir='ltr'>τὰ</span> <span class='ocrx_word' id='word_1_204' title='bbox 1628 2532 1837 2603; x_wconf 68' lang='grc' dir='ltr'>πόρρω,</span> 
     </span>
    </p>
   </div>
   <div class='ocr_carea' id='block_1_30' title="bbox 258 2614 1841 2692">
    <p class='ocr_par' dir='ltr' id='par_1_30' title="bbox 258 2614 1841 2692">
     <span class='ocr_line' id='line_1_30' title="bbox 258 2614 1841 2692; baseline 0.004 -24"><span class='ocrx_word' id='word_1_205' title='bbox 258 2617 356 2669; x_wconf 69' lang='grc' dir='ltr'><strong>καὶ</strong></span> <span class='ocrx_word' id='word_1_206' title='bbox 384 2616 489 2669; x_wconf 86' lang='grc' dir='ltr'><strong>τῶν</strong></span> <span class='ocrx_word' id='word_1_207' title='bbox 515 2618 751 2687; x_wconf 73' lang='grc' dir='ltr'>ἡττόνων</span> <span class='ocrx_word' id='word_1_208' title='bbox 796 2619 888 2671; x_wconf 75' lang='grc' dir='ltr'><strong>ἐπὶ</strong></span> <span class='ocrx_word' id='word_1_209' title='bbox 937 2620 1005 2672; x_wconf 78' lang='grc' dir='ltr'>τὰ</span> <span class='ocrx_word' id='word_1_210' title='bbox 1039 2621 1322 2690; x_wconf 80' lang='grc' dir='ltr'>κρείττονα</span> <span class='ocrx_word' id='word_1_211' title='bbox 1354 2623 1587 2692; x_wconf 72' lang='grc' dir='ltr'>καθεξῆς</span> <span class='ocrx_word' id='word_1_212' title='bbox 1639 2614 1841 2676; x_wconf 72' lang='grc' dir='ltr'>ἀνα-Ξα-</span> 
     </span>
    </p>
   </div>
   <div class='ocr_carea' id='block_1_31' title="bbox 260 2707 1837 2783">
    <p class='ocr_par' dir='ltr' id='par_1_31' title="bbox 260 2707 1837 2783">
     <span class='ocr_line' id='line_1_31' title="bbox 260 2707 1837 2783; baseline 0.004 -24"><span class='ocrx_word' id='word_1_213' title='bbox 260 2707 429 2769; x_wconf 81' lang='grc' dir='ltr'>τικῶς</span> <span class='ocrx_word' id='word_1_214' title='bbox 484 2707 802 2777; x_wconf 75' lang='grc' dir='ltr'>προϊοῦσαν,</span> <span class='ocrx_word' id='word_1_215' title='bbox 858 2712 939 2773; x_wconf 83' lang='grc' dir='ltr'><strong>εἰς</strong></span> <span class='ocrx_word' id='word_1_216' title='bbox 974 2710 1105 2763; x_wconf 71' lang='grc' dir='ltr'>Θεὸν</span> <span class='ocrx_word' id='word_1_217' title='bbox 1144 2712 1575 2783; x_wconf 75' lang='grc' dir='ltr'>ἀποπερατῶσας</span> <span class='ocrx_word' id='word_1_218' title='bbox 1624 2715 1837 2768; x_wconf 66' lang='grc' dir='ltr'>ἕνωσιν.</span> 
     </span>
    </p>
   </div>
   <div class='ocr_carea' id='block_1_32' title="bbox 262 2800 1841 2872">
    <p class='ocr_par' dir='ltr' id='par_1_32' title="bbox 262 2800 1841 2872">
     <span class='ocr_line' id='line_1_32' title="bbox 262 2800 1841 2872; baseline 0.003 -19"><span class='ocrx_word' id='word_1_219' title='bbox 262 2801 470 2854; x_wconf 82' lang='grc' dir='ltr'>Τούτου</span> <span class='ocrx_word' id='word_1_220' title='bbox 510 2800 574 2868; x_wconf 81' lang='grc' dir='ltr'>δὴ</span> <span class='ocrx_word' id='word_1_221' title='bbox 618 2801 780 2870; x_wconf 81' lang='grc' dir='ltr'>χάριν</span> <span class='ocrx_word' id='word_1_222' title='bbox 822 2801 1050 2872; x_wconf 82' lang='grc' dir='ltr'>ἔσχατος</span> <span class='ocrx_word' id='word_1_223' title='bbox 1090 2804 1440 2871; x_wconf 76' lang='grc' dir='ltr'>ὲπεισάγεται</span> <span class='ocrx_word' id='word_1_224' title='bbox 1486 2808 1595 2867; x_wconf 77' lang='grc' dir='ltr'>τοῖς</span> <span class='ocrx_word' id='word_1_225' title='bbox 1626 2802 1775 2857; x_wconf 73' lang='grc' dir='ltr'>οὖσιν</span> <span class='ocrx_word' id='word_1_226' title='bbox 1812 2808 1841 2858; x_wconf 86' lang='grc' dir='ltr'><strong>ό</strong></span> 
     </span>
    </p>
   </div>
   <div class='ocr_carea' id='block_1_33' title="bbox 258 2890 1839 2964">
    <p class='ocr_par' dir='ltr' id='par_1_33' title="bbox 258 2890 1839 2964">
     <span class='ocr_line' id='line_1_33' title="bbox 258 2890 1839 2964; baseline 0.003 -20"><span class='ocrx_word' id='word_1_227' title='bbox 258 2890 565 2963; x_wconf 77' lang='grc' dir='ltr'>ἄνθρωπος,</span> <span class='ocrx_word' id='word_1_228' title='bbox 598 2893 758 2945; x_wconf 76' lang='grc' dir='ltr'>οἰονεὶ</span> <span class='ocrx_word' id='word_1_229' title='bbox 785 2892 1080 2964; x_wconf 85' lang='grc' dir='ltr'>σύνδεσμός</span> <span class='ocrx_word' id='word_1_230' title='bbox 1112 2912 1195 2958; x_wconf 87' lang='grc' dir='ltr'><strong>τις</strong></span> <span class='ocrx_word' id='word_1_231' title='bbox 1221 2896 1449 2962; x_wconf 66' lang='grc' dir='ltr'>φυσικὸς</span> <span class='ocrx_word' id='word_1_232' title='bbox 1467 2900 1577 2959; x_wconf 85' lang='grc' dir='ltr'>τοῖς</span> <span class='ocrx_word' id='word_1_233' title='bbox 1611 2896 1839 2950; x_wconf 76' lang='grc' dir='ltr'>καθόλου</span> 
     </span>
    </p>
   </div>
   <div class='ocr_carea' id='block_1_34' title="bbox 1938 427 3519 503">
    <p class='ocr_par' dir='ltr' id='par_1_34' title="bbox 1938 427 3519 503">
     <span class='ocr_line' id='line_1_34' title="bbox 1938 427 3519 503; baseline -0.002 -14"><span class='ocrx_word' id='word_1_234' title='bbox 1938 434 2130 490; x_wconf 90' lang='lat' dir='ltr'><strong>dinem</strong></span> <span class='ocrx_word' id='word_1_235' title='bbox 2164 441 2332 503; x_wconf 90' lang='lat' dir='ltr'><strong>atque</strong></span> <span class='ocrx_word' id='word_1_236' title='bbox 2362 439 2646 495; x_wconf 87' lang='lat' dir='ltr'><strong>ornatum,</strong></span> <span class='ocrx_word' id='word_1_237' title='bbox 2684 427 2815 485; x_wconf 73' lang='lat' dir='ltr'><strong>inde</strong></span> <span class='ocrx_word' id='word_1_238' title='bbox 2842 428 2992 499; x_wconf 84' lang='lat' dir='ltr'><strong>quod</strong></span> <span class='ocrx_word' id='word_1_239' title='bbox 3017 429 3218 499; x_wconf 75' lang='lat' dir='ltr'><strong>aliquis</strong></span> <span class='ocrx_word' id='word_1_240' title='bbox 3248 439 3306 485; x_wconf 90' lang='lat' dir='ltr'><strong>et</strong></span> <span class='ocrx_word' id='word_1_241' title='bbox 3335 429 3519 499; x_wconf 83' lang='lat' dir='ltr'><strong>qualis</strong></span> 
     </span>
    </p>
   </div>
   <div class='ocr_carea' id='block_1_35' title="bbox 1937 522 3518 595">
    <p class='ocr_par' dir='ltr' id='par_1_35' title="bbox 1937 522 3518 595">
     <span class='ocr_line' id='line_1_35' title="bbox 1937 522 3518 595; baseline -0.004 -14"><span class='ocrx_word' id='word_1_242' title='bbox 1937 534 2085 581; x_wconf 89' lang='lat' dir='ltr'><strong>esset</strong></span> <span class='ocrx_word' id='word_1_243' title='bbox 2112 526 2214 595; x_wconf 90' lang='lat' dir='ltr'><strong>ipsi</strong></span> <span class='ocrx_word' id='word_1_244' title='bbox 2246 523 2660 580; x_wconf 75' lang='lat' dir='ltr'><strong>manifestatum</strong></span> <span class='ocrx_word' id='word_1_245' title='bbox 2690 537 2811 576; x_wconf 87' lang='lat' dir='ltr'><strong>esse</strong></span> <span class='ocrx_word' id='word_1_246' title='bbox 2841 561 2856 586; x_wconf 92' lang='lat'><strong>,</strong></span> <span class='ocrx_word' id='word_1_247' title='bbox 2897 529 3121 592; x_wconf 79' lang='lat' dir='ltr'><strong>negant.</strong></span> <span class='ocrx_word' id='word_1_248' title='bbox 3161 530 3217 577; x_wconf 89' lang='lat' dir='ltr'><strong>et</strong></span> <span class='ocrx_word' id='word_1_249' title='bbox 3262 522 3518 591; x_wconf 82' lang='lat' dir='ltr'><strong>ignorau-</strong></span> 
     </span>
    </p>
   </div>
   <div class='ocr_carea' id='block_1_36' title="bbox 1941 612 3517 686">
    <p class='ocr_par' dir='ltr' id='par_1_36' title="bbox 1941 612 3517 686">
     <span class='ocr_line' id='line_1_36' title="bbox 1941 612 3517 686; baseline -0.004 -13"><span class='ocrx_word' id='word_1_250' title='bbox 1941 618 2073 673; x_wconf 89' lang='lat' dir='ltr'><strong>tiam</strong></span> <span class='ocrx_word' id='word_1_251' title='bbox 2112 633 2233 672; x_wconf 88' lang='lat' dir='ltr'><strong>eam</strong></span> <span class='ocrx_word' id='word_1_252' title='bbox 2286 632 2395 686; x_wconf 86' lang='lat' dir='ltr'><strong>qua</strong></span> <span class='ocrx_word' id='word_1_253' title='bbox 2432 613 2795 670; x_wconf 32' lang='lat' dir='ltr'><strong>hic’conditio</strong></span> <span class='ocrx_word' id='word_1_254' title='bbox 2825 629 2856 669; x_wconf 93' lang='lat' dir='ltr'><strong>a</strong></span> <span class='ocrx_word' id='word_1_255' title='bbox 2901 615 3015 668; x_wconf 88' lang='lat' dir='ltr'><strong>Deo</strong></span> <span class='ocrx_word' id='word_1_256' title='bbox 3046 612 3386 668; x_wconf 78' lang='lat' dir='ltr'><strong>discernitur</strong></span> <span class='ocrx_word' id='word_1_257' title='bbox 3427 612 3517 667; x_wconf 81' lang='lat' dir='ltr'><strong>di-</strong></span> 
     </span>
    </p>
   </div>
   <div class='ocr_carea' id='block_1_37' title="bbox 1938 702 3522 777">
    <p class='ocr_par' dir='ltr' id='par_1_37' title="bbox 1938 702 3522 777">
     <span class='ocr_line' id='line_1_37' title="bbox 1938 702 3522 777; baseline -0.006 -12"><span class='ocrx_word' id='word_1_258' title='bbox 1938 709 2290 777; x_wconf 84' lang='lat' dir='ltr'><strong>stinetionem</strong></span> <span class='ocrx_word' id='word_1_259' title='bbox 2311 707 2609 777; x_wconf 86' lang='lat' dir='ltr'><strong>appellant.</strong></span> <span class='ocrx_word' id='word_1_260' title='bbox 2635 704 2766 773; x_wconf 66' lang='lat' dir='ltr'><strong>Quae</strong></span> <span class='ocrx_word' id='word_1_261' title='bbox 2781 704 2929 759; x_wconf 91' lang='lat' dir='ltr'><strong>enim</strong></span> <span class='ocrx_word' id='word_1_262' title='bbox 2945 703 3275 758; x_wconf 75' lang='lat' dir='ltr'><strong>naturaliter</strong></span> <span class='ocrx_word' id='word_1_263' title='bbox 3290 702 3522 765; x_wconf 71' lang='lat' dir='ltr'><strong>eaJnter</strong></span> 
     </span>
    </p>
   </div>
   <div class='ocr_carea' id='block_1_38' title="bbox 1939 795 3518 868">
    <p class='ocr_par' dir='ltr' id='par_1_38' title="bbox 1939 795 3518 868">
     <span class='ocr_line' id='line_1_38' title="bbox 1939 795 3518 868; baseline -0.004 -14"><span class='ocrx_word' id='word_1_264' title='bbox 1939 815 1999 854; x_wconf 88' lang='lat' dir='ltr'><strong>se</strong></span> <span class='ocrx_word' id='word_1_265' title='bbox 2025 799 2289 858; x_wconf 83' lang='lat' dir='ltr'><strong>secernit.</strong></span> <span class='ocrx_word' id='word_1_266' title='bbox 2321 814 2387 854; x_wconf 90' lang='lat' dir='ltr'><strong>ac</strong></span> <span class='ocrx_word' id='word_1_267' title='bbox 2414 813 2695 868; x_wconf 86' lang='lat' dir='ltr'><strong>nunquam</strong></span> <span class='ocrx_word' id='word_1_268' title='bbox 2726 798 2783 852; x_wconf 89' lang='lat' dir='ltr'><strong>in</strong></span> <span class='ocrx_word' id='word_1_269' title='bbox 2823 796 3120 852; x_wconf 85' lang='lat' dir='ltr'><strong>essentiam</strong></span> <span class='ocrx_word' id='word_1_270' title='bbox 3166 810 3332 850; x_wconf 89' lang='lat' dir='ltr'><strong>unam</strong></span> <span class='ocrx_word' id='word_1_271' title='bbox 3367 795 3518 849; x_wconf 92' lang='lat' dir='ltr'><strong>coire</strong></span> 
     </span>
    </p>
   </div>
   <div class='ocr_carea' id='block_1_39' title="bbox 1938 884 3521 957">
    <p class='ocr_par' dir='ltr' id='par_1_39' title="bbox 1938 884 3521 957">
     <span class='ocr_line' id='line_1_39' title="bbox 1938 884 3521 957; baseline -0.004 -13"><span class='ocrx_word' id='word_1_272' title='bbox 1938 889 2091 953; x_wconf 86' lang='lat' dir='ltr'><strong>sinit,</strong></span> <span class='ocrx_word' id='word_1_273' title='bbox 2118 904 2245 943; x_wconf 88' lang='lat' dir='ltr'><strong>cum</strong></span> <span class='ocrx_word' id='word_1_274' title='bbox 2268 903 2432 942; x_wconf 89' lang='lat' dir='ltr'><strong>unam</strong></span> <span class='ocrx_word' id='word_1_275' title='bbox 2457 887 2822 957; x_wconf 86' lang='lat' dir='ltr'><strong>eamdemque</strong></span> <span class='ocrx_word' id='word_1_276' title='bbox 2847 888 3120 941; x_wconf 84' lang='lat' dir='ltr'><strong>rationem</strong></span> <span class='ocrx_word' id='word_1_277' title='bbox 3146 884 3398 955; x_wconf 86' lang='lat' dir='ltr'><strong>recipere</strong></span> <span class='ocrx_word' id='word_1_278' title='bbox 3422 899 3521 938; x_wconf 81' lang='lat' dir='ltr'><strong>ne-</strong></span> 
     </span>
    </p>
   </div>
   <div class='ocr_carea' id='block_1_40' title="bbox 1938 975 3519 1049">
    <p class='ocr_par' dir='ltr' id='par_1_40' title="bbox 1938 975 3519 1049">
     <span class='ocr_line' id='line_1_40' title="bbox 1938 975 3519 1049; baseline -0.003 -16"><span class='ocrx_word' id='word_1_279' title='bbox 1938 986 2125 1049; x_wconf 83' lang='lat' dir='ltr'><strong>queat,</strong></span> <span class='ocrx_word' id='word_1_280' title='bbox 2153 994 2273 1033; x_wconf 87' lang='lat' dir='ltr'><strong>eam</strong></span> <span class='ocrx_word' id='word_1_281' title='bbox 2310 977 2573 1032; x_wconf 89' lang='lat' dir='ltr'><strong>indictam</strong></span> <span class='ocrx_word' id='word_1_282' title='bbox 2608 977 2910 1047; x_wconf 87' lang='lat' dir='ltr'><strong>liquerunt.</strong></span> <span class='ocrx_word' id='word_1_283' title='bbox 2940 977 3208 1041; x_wconf 86' lang='lat' dir='ltr'><strong>Alteram,</strong></span> <span class='ocrx_word' id='word_1_284' title='bbox 3250 990 3359 1046; x_wconf 90' lang='lat' dir='ltr'><strong>qua</strong></span> <span class='ocrx_word' id='word_1_285' title='bbox 3389 975 3519 1030; x_wconf 90' lang='lat' dir='ltr'><strong>uni-</strong></span> 
     </span>
    </p>
   </div>
   <div class='ocr_carea' id='block_1_41' title="bbox 1939 1065 3519 1139">
    <p class='ocr_par' dir='ltr' id='par_1_41' title="bbox 1939 1065 3519 1139">
     <span class='ocr_line' id='line_1_41' title="bbox 1939 1065 3519 1139; baseline -0.003 -15"><span class='ocrx_word' id='word_1_286' title='bbox 1939 1084 2097 1125; x_wconf 86' lang='lat' dir='ltr'><strong>versa</strong></span> <span class='ocrx_word' id='word_1_287' title='bbox 2147 1084 2269 1139; x_wconf 67' lang='lat' dir='ltr'><strong>quae</strong></span> <span class='ocrx_word' id='word_1_288' title='bbox 2321 1084 2422 1139; x_wconf 91' lang='lat' dir='ltr'><strong>per</strong></span> <span class='ocrx_word' id='word_1_289' title='bbox 2468 1068 2847 1123; x_wconf 90' lang='lat' dir='ltr'><strong>conditionem</strong></span> <span class='ocrx_word' id='word_1_290' title='bbox 2885 1083 2919 1121; x_wconf 81' lang='grc' dir='ltr'><strong>ιι</strong></span> <span class='ocrx_word' id='word_1_291' title='bbox 2970 1067 3083 1122; x_wconf 89' lang='lat' dir='ltr'><strong>Deo</strong></span> <span class='ocrx_word' id='word_1_292' title='bbox 3138 1065 3519 1122; x_wconf 82' lang='lat' dir='ltr'><strong>exsistentiam</strong></span> 
     </span>
    </p>
   </div>
   <div class='ocr_carea' id='block_1_42' title="bbox 1940 1158 3519 1230">
    <p class='ocr_par' dir='ltr' id='par_1_42' title="bbox 1940 1158 3519 1230">
     <span class='ocr_line' id='line_1_42' title="bbox 1940 1158 3519 1230; baseline -0.001 -15"><span class='ocrx_word' id='word_1_293' title='bbox 1940 1160 2154 1230; x_wconf 91' lang='lat' dir='ltr'><strong>accepit</strong></span> <span class='ocrx_word' id='word_1_294' title='bbox 2184 1168 2379 1215; x_wconf 87' lang='lat' dir='ltr'><strong>natura</strong></span> <span class='ocrx_word' id='word_1_295' title='bbox 2411 1159 2725 1214; x_wconf 87' lang='lat' dir='ltr'><strong>secernitur</strong></span> <span class='ocrx_word' id='word_1_296' title='bbox 2757 1158 2813 1213; x_wconf 93' lang='lat' dir='ltr'><strong>in</strong></span> <span class='ocrx_word' id='word_1_297' title='bbox 2853 1158 3220 1229; x_wconf 86' lang='lat' dir='ltr'><strong>intelligibilia</strong></span> <span class='ocrx_word' id='word_1_298' title='bbox 3257 1168 3315 1215; x_wconf 84' lang='lat' dir='ltr'><strong>et</strong></span> <span class='ocrx_word' id='word_1_299' title='bbox 3339 1159 3519 1215; x_wconf 70' lang='lat' dir='ltr'><strong>scnsi~</strong></span> 
     </span>
    </p>
   </div>
   <div class='ocr_carea' id='block_1_43' title="bbox 1939 1250 3519 1321">
    <p class='ocr_par' dir='ltr' id='par_1_43' title="bbox 1939 1250 3519 1321">
     <span class='ocr_line' id='line_1_43' title="bbox 1939 1250 3519 1321; baseline -0.001 -14"><span class='ocrx_word' id='word_1_300' title='bbox 1939 1253 2093 1308; x_wconf 87' lang='lat' dir='ltr'><strong>bilia.</strong></span> <span class='ocrx_word' id='word_1_301' title='bbox 2128 1253 2395 1316; x_wconf 88' lang='lat' dir='ltr'><strong>Tertiam,</strong></span> <span class='ocrx_word' id='word_1_302' title='bbox 2423 1268 2530 1321; x_wconf 89' lang='lat' dir='ltr'><strong>qua</strong></span> <span class='ocrx_word' id='word_1_303' title='bbox 2554 1250 2838 1306; x_wconf 85' lang='lat' dir='ltr'><strong>sensibilis</strong></span> <span class='ocrx_word' id='word_1_304' title='bbox 2877 1260 3076 1305; x_wconf 88' lang='lat' dir='ltr'><strong>natura</strong></span> <span class='ocrx_word' id='word_1_305' title='bbox 3113 1250 3425 1307; x_wconf 85' lang='lat' dir='ltr'><strong>secernitur</strong></span> <span class='ocrx_word' id='word_1_306' title='bbox 3460 1253 3519 1306; x_wconf 90' lang='lat' dir='ltr'><strong>in</strong></span> 
     </span>
    </p>
   </div>
   <div class='ocr_carea' id='block_1_44' title="bbox 1940 1339 3518 1409">
    <p class='ocr_par' dir='ltr' id='par_1_44' title="bbox 1940 1339 3518 1409">
     <span class='ocr_line' id='line_1_44' title="bbox 1940 1339 3518 1409; baseline -0.004 -10"><span class='ocrx_word' id='word_1_307' title='bbox 1940 1345 2141 1400; x_wconf 64' lang='lat' dir='ltr'><strong>caelum</strong></span> <span class='ocrx_word' id='word_1_308' title='bbox 2194 1358 2259 1398; x_wconf 89' lang='lat' dir='ltr'><strong>ac</strong></span> <span class='ocrx_word' id='word_1_309' title='bbox 2304 1351 2530 1396; x_wconf 87' lang='lat' dir='ltr'><strong>terram.</strong></span> <span class='ocrx_word' id='word_1_310' title='bbox 2570 1340 2837 1407; x_wconf 85' lang='lat' dir='ltr'><strong>Quartam</strong></span> <span class='ocrx_word' id='word_1_311' title='bbox 2887 1339 3161 1409; x_wconf 90' lang='lat' dir='ltr'><strong>denique,</strong></span> <span class='ocrx_word' id='word_1_312' title='bbox 3205 1355 3314 1409; x_wconf 91' lang='lat' dir='ltr'><strong>qua</strong></span> <span class='ocrx_word' id='word_1_313' title='bbox 3373 1349 3518 1394; x_wconf 88' lang='lat' dir='ltr'><strong>terra</strong></span> 
     </span>
    </p>
   </div>
   <div class='ocr_carea' id='block_1_45' title="bbox 1940 1431 3519 1503">
    <p class='ocr_par' dir='ltr' id='par_1_45' title="bbox 1940 1431 3519 1503">
     <span class='ocr_line' id='line_1_45' title="bbox 1940 1431 3519 1503; baseline -0.004 -12"><span class='ocrx_word' id='word_1_314' title='bbox 1940 1436 2249 1492; x_wconf 86' lang='lat' dir='ltr'><strong>secernitur</strong></span> <span class='ocrx_word' id='word_1_315' title='bbox 2275 1435 2331 1488; x_wconf 89' lang='lat' dir='ltr'><strong>in</strong></span> <span class='ocrx_word' id='word_1_316' title='bbox 2380 1433 2698 1503; x_wconf 87' lang='lat' dir='ltr'><strong>paradisum</strong></span> <span class='ocrx_word' id='word_1_317' title='bbox 2731 1441 2787 1488; x_wconf 90' lang='lat' dir='ltr'><strong>et</strong></span> <span class='ocrx_word' id='word_1_318' title='bbox 2819 1432 3011 1491; x_wconf 82' lang='lat' dir='ltr'><strong>orbem</strong></span> <span class='ocrx_word' id='word_1_319' title='bbox 3051 1440 3323 1488; x_wconf 90' lang='lat' dir='ltr'><strong>terrarum</strong></span> <span class='ocrx_word' id='word_1_320' title='bbox 3361 1431 3519 1486; x_wconf 85' lang='lat' dir='ltr'><strong>habi-</strong></span> 
     </span>
    </p>
   </div>
   <div class='ocr_carea' id='block_1_46' title="bbox 1942 1523 3519 1596">
    <p class='ocr_par' dir='ltr' id='par_1_46' title="bbox 1942 1523 3519 1596">
     <span class='ocr_line' id='line_1_46' title="bbox 1942 1523 3519 1596; baseline -0.004 -13"><span class='ocrx_word' id='word_1_321' title='bbox 1942 1528 2188 1591; x_wconf 88' lang='lat' dir='ltr'><strong>tabilem,</strong></span> <span class='ocrx_word' id='word_1_322' title='bbox 2219 1536 2275 1583; x_wconf 86' lang='lat' dir='ltr'><strong>et</strong></span> <span class='ocrx_word' id='word_1_323' title='bbox 2307 1527 2580 1596; x_wconf 88' lang='lat' dir='ltr'><strong>quintam,</strong></span> <span class='ocrx_word' id='word_1_324' title='bbox 2626 1542 2734 1595; x_wconf 87' lang='lat' dir='ltr'><strong>qua</strong></span> <span class='ocrx_word' id='word_1_325' title='bbox 2768 1526 2936 1579; x_wconf 88' lang='lat' dir='ltr'><strong>homo</strong></span> <span class='ocrx_word' id='word_1_326' title='bbox 2980 1525 3036 1579; x_wconf 91' lang='lat' dir='ltr'><strong>in</strong></span> <span class='ocrx_word' id='word_1_327' title='bbox 3091 1523 3352 1578; x_wconf 91' lang='lat' dir='ltr'><strong>omnibus</strong></span> <span class='ocrx_word' id='word_1_328' title='bbox 3399 1531 3519 1578; x_wconf 88' lang='lat' dir='ltr'><strong>tan-</strong></span> 
     </span>
    </p>
   </div>
   <div class='ocr_carea' id='block_1_47' title="bbox 1941 1615 3521 1689">
    <p class='ocr_par' dir='ltr' id='par_1_47' title="bbox 1941 1615 3521 1689">
     <span class='ocr_line' id='line_1_47' title="bbox 1941 1615 3521 1689; baseline -0.003 -15"><span class='ocrx_word' id='word_1_329' title='bbox 1941 1637 2105 1689; x_wconf 87' lang='lat' dir='ltr'><strong>quam</strong></span> <span class='ocrx_word' id='word_1_330' title='bbox 2138 1619 2354 1675; x_wconf 80' lang='lat' dir='ltr'><strong>ollicina</strong></span> <span class='ocrx_word' id='word_1_331' title='bbox 2378 1619 2561 1689; x_wconf 89' lang='lat' dir='ltr'><strong>aliqua</strong></span> <span class='ocrx_word' id='word_1_332' title='bbox 2589 1616 2906 1672; x_wconf 88' lang='lat' dir='ltr'><strong>arctissimo</strong></span> <span class='ocrx_word' id='word_1_333' title='bbox 2954 1616 3038 1670; x_wconf 87' lang='lat' dir='ltr'><strong>sui</strong></span> <span class='ocrx_word' id='word_1_334' title='bbox 3088 1616 3331 1679; x_wconf 88' lang='lat' dir='ltr'><strong>vinculo,</strong></span> <span class='ocrx_word' id='word_1_335' title='bbox 3392 1615 3521 1669; x_wconf 89' lang='lat' dir='ltr'><strong>uni-</strong></span> 
     </span>
    </p>
   </div>
   <div class='ocr_carea' id='block_1_48' title="bbox 1941 1708 3520 1775">
    <p class='ocr_par' dir='ltr' id='par_1_48' title="bbox 1941 1708 3520 1775">
     <span class='ocr_line' id='line_1_48' title="bbox 1941 1708 3520 1775; baseline -0.004 -8"><span class='ocrx_word' id='word_1_336' title='bbox 1941 1730 2101 1769; x_wconf 87' lang='lat' dir='ltr'><strong>versa</strong></span> <span class='ocrx_word' id='word_1_337' title='bbox 2141 1713 2457 1774; x_wconf 89' lang='lat' dir='ltr'><strong>continens.</strong></span> <span class='ocrx_word' id='word_1_338' title='bbox 2499 1720 2558 1765; x_wconf 88' lang='lat' dir='ltr'><strong>et</strong></span> <span class='ocrx_word' id='word_1_339' title='bbox 2588 1710 2884 1775; x_wconf 90' lang='lat' dir='ltr'><strong>omnibus,</strong></span> <span class='ocrx_word' id='word_1_340' title='bbox 2930 1708 3239 1763; x_wconf 88' lang='lat' dir='ltr'><strong>secundum</strong></span> <span class='ocrx_word' id='word_1_341' title='bbox 3297 1722 3520 1762; x_wconf 88' lang='lat' dir='ltr'><strong>omnent</strong></span> 
     </span>
    </p>
   </div>
   <div class='ocr_carea' id='block_1_49' title="bbox 1942 1800 3520 1872">
    <p class='ocr_par' dir='ltr' id='par_1_49' title="bbox 1942 1800 3520 1872">
     <span class='ocr_line' id='line_1_49' title="bbox 1942 1800 3520 1872; baseline -0.005 -11"><span class='ocrx_word' id='word_1_342' title='bbox 1942 1806 2359 1861; x_wconf 85' lang='lat' dir='ltr'><strong>distinctionem</strong></span> <span class='ocrx_word' id='word_1_343' title='bbox 2410 1803 2859 1859; x_wconf 83' lang='lat' dir='ltr'><strong>extremitatibus</strong></span> <span class='ocrx_word' id='word_1_344' title='bbox 2906 1817 3003 1872; x_wconf 90' lang='lat' dir='ltr'><strong>per</strong></span> <span class='ocrx_word' id='word_1_345' title='bbox 3062 1817 3120 1856; x_wconf 92' lang='lat' dir='ltr'><strong>se</strong></span> <span class='ocrx_word' id='word_1_346' title='bbox 3188 1800 3520 1855; x_wconf 86' lang='lat' dir='ltr'><strong>naturaliter</strong></span> 
     </span>
    </p>
   </div>
   <div class='ocr_carea' id='block_1_50' title="bbox 1943 1892 3519 1969">
    <p class='ocr_par' dir='ltr' id='par_1_50' title="bbox 1943 1892 3519 1969">
     <span class='ocr_line' id='line_1_50' title="bbox 1943 1892 3519 1969; baseline -0.005 -16"><span class='ocrx_word' id='word_1_347' title='bbox 1943 1900 2264 1969; x_wconf 84' lang='lat' dir='ltr'><strong>interjeetus</strong></span> <span class='ocrx_word' id='word_1_348' title='bbox 2294 1896 2692 1951; x_wconf 79' lang='lat' dir='ltr'><strong>convenienter</strong></span> <span class='ocrx_word' id='word_1_349' title='bbox 2744 1894 3050 1949; x_wconf 88' lang='lat' dir='ltr'><strong>secundum</strong></span> <span class='ocrx_word' id='word_1_350' title='bbox 3100 1892 3519 1963; x_wconf 73' lang='lat' dir='ltr'><strong>generationem</strong></span> 
     </span>
    </p>
   </div>
   <div class='ocr_carea' id='block_1_51' title="bbox 1942 1984 3519 2046">
    <p class='ocr_par' dir='ltr' id='par_1_51' title="bbox 1942 1984 3519 2046">
     <span class='ocr_line' id='line_1_51' title="bbox 1942 1984 3519 2046; baseline -0.006 -1"><span class='ocrx_word' id='word_1_351' title='bbox 1942 1992 2111 2046; x_wconf 87' lang='lat' dir='ltr'><strong>rebus</strong></span> <span class='ocrx_word' id='word_1_352' title='bbox 2166 1988 2562 2044; x_wconf 84' lang='lat' dir='ltr'><strong>exsistentibus</strong></span> <span class='ocrx_word' id='word_1_353' title='bbox 2631 1988 2816 2041; x_wconf 88' lang='lat' dir='ltr'><strong>illatus</strong></span> <span class='ocrx_word' id='word_1_354' title='bbox 2882 1985 3192 2041; x_wconf 88' lang='lat' dir='ltr'><strong>secernitur</strong></span> <span class='ocrx_word' id='word_1_355' title='bbox 3271 1984 3323 2037; x_wconf 93' lang='lat' dir='ltr'><strong>in</strong></span> <span class='ocrx_word' id='word_1_356' title='bbox 3400 2000 3519 2037; x_wconf 88' lang='lat' dir='ltr'><strong>ma-</strong></span> 
     </span>
    </p>
   </div>
   <div class='ocr_carea' id='block_1_52' title="bbox 1942 2072 3516 2145">
    <p class='ocr_par' dir='ltr' id='par_1_52' title="bbox 1942 2072 3516 2145">
     <span class='ocr_line' id='line_1_52' title="bbox 1942 2072 3516 2145; baseline -0.008 -8"><span class='ocrx_word' id='word_1_357' title='bbox 1942 2083 2220 2137; x_wconf 89' lang='lat' dir='ltr'><strong>sculinum</strong></span> <span class='ocrx_word' id='word_1_358' title='bbox 2252 2088 2308 2134; x_wconf 91' lang='lat' dir='ltr'><strong>et</strong></span> <span class='ocrx_word' id='word_1_359' title='bbox 2360 2077 2891 2141; x_wconf 87' lang='lat' dir='ltr'><strong>femininum,omni</strong></span> <span class='ocrx_word' id='word_1_360' title='bbox 2942 2076 3193 2145; x_wconf 76' lang='lat' dir='ltr'><strong>proferto</strong></span> <span class='ocrx_word' id='word_1_361' title='bbox 3249 2072 3516 2127; x_wconf 77' lang='lat' dir='ltr'><strong>extremi-</strong></span> 
     </span>
    </p>
   </div>
   <div class='ocr_carea' id='block_1_53' title="bbox 1944 2167 3517 2235">
    <p class='ocr_par' dir='ltr' id='par_1_53' title="bbox 1944 2167 3517 2235">
     <span class='ocr_line' id='line_1_53' title="bbox 1944 2167 3517 2235; baseline -0.008 -5"><span class='ocrx_word' id='word_1_362' title='bbox 1944 2184 2118 2231; x_wconf 88' lang='lat' dir='ltr'><strong>tatum</strong></span> <span class='ocrx_word' id='word_1_363' title='bbox 2171 2172 2417 2227; x_wconf 88' lang='lat' dir='ltr'><strong>omnium</strong></span> <span class='ocrx_word' id='word_1_364' title='bbox 2450 2169 2844 2225; x_wconf 84' lang='lat' dir='ltr'><strong>medietatibus</strong></span> <span class='ocrx_word' id='word_1_365' title='bbox 2892 2168 3221 2223; x_wconf 88' lang='lat' dir='ltr'><strong>naturaliter</strong></span> <span class='ocrx_word' id='word_1_366' title='bbox 3264 2167 3335 2221; x_wconf 89' lang='lat' dir='ltr'><strong>de</strong></span> <span class='ocrx_word' id='word_1_367' title='bbox 3387 2181 3517 2235; x_wconf 85' lang='lat' dir='ltr'><strong>pro-</strong></span> 
     </span>
    </p>
   </div>
   <div class='ocr_carea' id='block_1_54' title="bbox 1941 2257 3516 2337">
    <p class='ocr_par' dir='ltr' id='par_1_54' title="bbox 1941 2257 3516 2337">
     <span class='ocr_line' id='line_1_54' title="bbox 1941 2257 3516 2337; baseline -0.009 -17"><span class='ocrx_word' id='word_1_368' title='bbox 1941 2266 2190 2337; x_wconf 87' lang='lat' dir='ltr'><strong>priarum</strong></span> <span class='ocrx_word' id='word_1_369' title='bbox 2240 2262 2305 2317; x_wconf 92' lang='lat' dir='ltr'><strong>ad</strong></span> <span class='ocrx_word' id='word_1_370' title='bbox 2347 2276 2542 2315; x_wconf 88' lang='lat' dir='ltr'><strong>omnes</strong></span> <span class='ocrx_word' id='word_1_371' title='bbox 2590 2259 2968 2315; x_wconf 82' lang='lat' dir='ltr'><strong>extremitates</strong></span> <span class='ocrx_word' id='word_1_372' title='bbox 3002 2257 3242 2326; x_wconf 87' lang='lat' dir='ltr'><strong>partium</strong></span> <span class='ocrx_word' id='word_1_373' title='bbox 3295 2270 3516 2319; x_wconf 68' lang='lat' dir='ltr'><strong>suarum</strong></span> 
     </span>
    </p>
   </div>
   <div class='ocr_carea' id='block_1_55' title="bbox 1943 2343 3519 2418">
    <p class='ocr_par' dir='ltr' id='par_1_55' title="bbox 1943 2343 3519 2418">
     <span class='ocr_line' id='line_1_55' title="bbox 1943 2343 3519 2418; baseline -0.009 -10"><span class='ocrx_word' id='word_1_374' title='bbox 1943 2354 2171 2410; x_wconf 89' lang='lat' dir='ltr'><strong>relativa</strong></span> <span class='ocrx_word' id='word_1_375' title='bbox 2223 2351 2486 2407; x_wconf 85' lang='lat' dir='ltr'><strong>facultate</strong></span> <span class='ocrx_word' id='word_1_376' title='bbox 2550 2349 2815 2418; x_wconf 59' lang='lat' dir='ltr'><strong>praeditus</strong></span> <span class='ocrx_word' id='word_1_377' title='bbox 2880 2346 3108 2401; x_wconf 90' lang='lat' dir='ltr'><strong>uniendi</strong></span> <span class='ocrx_word' id='word_1_378' title='bbox 3174 2343 3519 2411; x_wconf 82' lang='lat' dir='ltr'><strong>coeundique</strong></span> 
     </span>
    </p>
   </div>
   <div class='ocr_carea' id='block_1_56' title="bbox 1942 2437 3521 2515">
    <p class='ocr_par' dir='ltr' id='par_1_56' title="bbox 1942 2437 3521 2515">
     <span class='ocr_line' id='line_1_56' title="bbox 1942 2437 3521 2515; baseline -0.009 -16"><span class='ocrx_word' id='word_1_379' title='bbox 1942 2452 2248 2515; x_wconf 86' lang='lat' dir='ltr'><strong>potestate,</strong></span> <span class='ocrx_word' id='word_1_380' title='bbox 2285 2458 2395 2511; x_wconf 84' lang='lat' dir='ltr'><strong>qua</strong></span> <span class='ocrx_word' id='word_1_381' title='bbox 2439 2440 2639 2495; x_wconf 87' lang='lat' dir='ltr'><strong>modus</strong></span> <span class='ocrx_word' id='word_1_382' title='bbox 2690 2437 2995 2494; x_wconf 86' lang='lat' dir='ltr'><strong>secundum</strong></span> <span class='ocrx_word' id='word_1_383' title='bbox 3030 2451 3249 2496; x_wconf 86' lang='lat' dir='ltr'><strong>causam</strong></span> <span class='ocrx_word' id='word_1_384' title='bbox 3293 2449 3521 2505; x_wconf 83' lang='lat' dir='ltr'><strong>genera-</strong></span> 
     </span>
    </p>
   </div>
   <div class='ocr_carea' id='block_1_57' title="bbox 1945 2523 3517 2600">
    <p class='ocr_par' dir='ltr' id='par_1_57' title="bbox 1945 2523 3517 2600">
     <span class='ocr_line' id='line_1_57' title="bbox 1945 2523 3517 2600; baseline -0.009 -11"><span class='ocrx_word' id='word_1_385' title='bbox 1945 2535 2110 2589; x_wconf 89' lang='lat' dir='ltr'><strong>tionis</strong></span> <span class='ocrx_word' id='word_1_386' title='bbox 2139 2547 2332 2587; x_wconf 89' lang='lat' dir='ltr'><strong>eorum</strong></span> <span class='ocrx_word' id='word_1_387' title='bbox 2361 2545 2483 2600; x_wconf 63' lang='lat' dir='ltr'><strong>quae</strong></span> <span class='ocrx_word' id='word_1_388' title='bbox 2516 2530 2781 2585; x_wconf 85' lang='lat' dir='ltr'><strong>distincta</strong></span> <span class='ocrx_word' id='word_1_389' title='bbox 2810 2538 2938 2583; x_wconf 87' lang='lat' dir='ltr'><strong>sunt</strong></span> <span class='ocrx_word' id='word_1_390' title='bbox 2982 2528 3291 2597; x_wconf 83' lang='lat' dir='ltr'><strong>completus</strong></span> <span class='ocrx_word' id='word_1_391' title='bbox 3342 2523 3517 2578; x_wconf 78' lang='lat' dir='ltr'><strong>divini</strong></span> 
     </span>
    </p>
   </div>
   <div class='ocr_carea' id='block_1_58' title="bbox 1942 2614 3518 2689">
    <p class='ocr_par' dir='ltr' id='par_1_58' title="bbox 1942 2614 3518 2689">
     <span class='ocr_line' id='line_1_58' title="bbox 1942 2614 3518 2689; baseline -0.004 -16"><span class='ocrx_word' id='word_1_392' title='bbox 1942 2634 2199 2689; x_wconf 83' lang='lat' dir='ltr'><strong>magnum</strong></span> <span class='ocrx_word' id='word_1_393' title='bbox 2228 2617 2442 2672; x_wconf 87' lang='lat' dir='ltr'><strong>consilii</strong></span> <span class='ocrx_word' id='word_1_394' title='bbox 2477 2617 2802 2688; x_wconf 79' lang='lat' dir='ltr'><strong>mysterium</strong></span> <span class='ocrx_word' id='word_1_395' title='bbox 2848 2633 2947 2686; x_wconf 89' lang='lat' dir='ltr'><strong>per</strong></span> <span class='ocrx_word' id='word_1_396' title='bbox 2975 2631 3097 2670; x_wconf 89' lang='lat' dir='ltr'><strong>sese</strong></span> <span class='ocrx_word' id='word_1_397' title='bbox 3143 2614 3518 2684; x_wconf 84' lang='lat' dir='ltr'><strong>patefacturus</strong></span> 
     </span>
    </p>
   </div>
   <div class='ocr_carea' id='block_1_59' title="bbox 1941 2705 3517 2779">
    <p class='ocr_par' dir='ltr' id='par_1_59' title="bbox 1941 2705 3517 2779">
     <span class='ocr_line' id='line_1_59' title="bbox 1941 2705 3517 2779; baseline -0.006 -15"><span class='ocrx_word' id='word_1_398' title='bbox 1941 2719 2082 2774; x_wconf 87' lang='lat' dir='ltr'><strong>erat,</strong></span> <span class='ocrx_word' id='word_1_399' title='bbox 2115 2709 2209 2779; x_wconf 91' lang='lat' dir='ltr'><strong>qui</strong></span> <span class='ocrx_word' id='word_1_400' title='bbox 2245 2718 2490 2763; x_wconf 87' lang='lat' dir='ltr'><strong>mutuam</strong></span> <span class='ocrx_word' id='word_1_401' title='bbox 2521 2708 2576 2762; x_wconf 92' lang='lat' dir='ltr'><strong>in</strong></span> <span class='ocrx_word' id='word_1_402' title='bbox 2604 2709 2771 2763; x_wconf 89' lang='lat' dir='ltr'><strong>rebus</strong></span> <span class='ocrx_word' id='word_1_403' title='bbox 2800 2723 2922 2777; x_wconf 66' lang='lat' dir='ltr'><strong>quae</strong></span> <span class='ocrx_word' id='word_1_404' title='bbox 2953 2707 3227 2761; x_wconf 81' lang='lat' dir='ltr'><strong>exsistunt</strong></span> <span class='ocrx_word' id='word_1_405' title='bbox 3258 2705 3517 2759; x_wconf 83' lang='lat' dir='ltr'><strong>extremi-</strong></span> 
     </span>
    </p>
   </div>
   <div class='ocr_carea' id='block_1_60' title="bbox 1943 2798 3519 2870">
    <p class='ocr_par' dir='ltr' id='par_1_60' title="bbox 1943 2798 3519 2870">
     <span class='ocr_line' id='line_1_60' title="bbox 1943 2798 3519 2870; baseline -0.005 -15"><span class='ocrx_word' id='word_1_406' title='bbox 1943 2810 2117 2855; x_wconf 88' lang='lat' dir='ltr'><strong>tatum</strong></span> <span class='ocrx_word' id='word_1_407' title='bbox 2168 2808 2543 2870; x_wconf 83' lang='lat' dir='ltr'><strong>congruenter</strong></span> <span class='ocrx_word' id='word_1_408' title='bbox 2586 2816 2614 2853; x_wconf 91' lang='lat' dir='ltr'><strong>a</strong></span> <span class='ocrx_word' id='word_1_409' title='bbox 2657 2799 2926 2869; x_wconf 75' lang='lat' dir='ltr'><strong>proximis</strong></span> <span class='ocrx_word' id='word_1_410' title='bbox 2968 2799 3034 2853; x_wconf 90' lang='lat' dir='ltr'><strong>ad</strong></span> <span class='ocrx_word' id='word_1_411' title='bbox 3087 2798 3392 2858; x_wconf 80' lang='lat' dir='ltr'><strong>ulteriora,</strong></span> <span class='ocrx_word' id='word_1_412' title='bbox 3435 2811 3519 2864; x_wconf 87' lang='lat' dir='ltr'><strong>pe-</strong></span> 
     </span>
    </p>
   </div>
   <div class='ocr_carea' id='block_1_61' title="bbox 1936 2885 3515 2964">
    <p class='ocr_par' dir='ltr' id='par_1_61' title="bbox 1936 2885 3515 2964">
     <span class='ocr_line' id='line_1_61' title="bbox 1936 2885 3515 2964; baseline -0.007 -17"><span class='ocrx_word' id='word_1_413' title='bbox 1936 2895 2232 2964; x_wconf 89' lang='lat' dir='ltr'><strong>jorumque</strong></span> <span class='ocrx_word' id='word_1_414' title='bbox 2260 2892 2325 2945; x_wconf 92' lang='lat' dir='ltr'><strong>ad</strong></span> <span class='ocrx_word' id='word_1_415' title='bbox 2363 2891 2590 2946; x_wconf 90' lang='lat' dir='ltr'><strong>meliora</strong></span> <span class='ocrx_word' id='word_1_416' title='bbox 2626 2890 2890 2958; x_wconf 88' lang='lat' dir='ltr'><strong>deinceps</strong></span> <span class='ocrx_word' id='word_1_417' title='bbox 2918 2897 2974 2943; x_wconf 90' lang='lat' dir='ltr'><strong>et</strong></span> <span class='ocrx_word' id='word_1_418' title='bbox 3010 2902 3109 2958; x_wconf 91' lang='lat' dir='ltr'><strong>per</strong></span> <span class='ocrx_word' id='word_1_419' title='bbox 3132 2885 3515 2941; x_wconf 83' lang='lat' dir='ltr'><strong>ascensionem</strong></span> 
     </span>
    </p>
   </div>
   <div class='ocr_carea' id='block_1_62' title="bbox 257 2966 1837 3082">
    <p class='ocr_par' dir='ltr' id='par_1_62' title="bbox 257 2966 1837 3058">
     <span class='ocr_line' id='line_1_62' title="bbox 257 2966 1837 3058; baseline 0.003 -23"><span class='ocrx_word' id='word_1_420' title='bbox 257 2982 349 3035; x_wconf 84' lang='grc' dir='ltr'><strong>διὰ</strong></span> <span class='ocrx_word' id='word_1_421' title='bbox 373 2983 481 3035; x_wconf 87' lang='grc' dir='ltr'><strong>τῶν</strong></span> <span class='ocrx_word' id='word_1_422' title='bbox 521 2966 737 3037; x_wconf 75' lang='grc' dir='ltr'>οἰκείων</span> <span class='ocrx_word' id='word_1_423' title='bbox 771 2984 954 3056; x_wconf 83' lang='grc' dir='ltr'>μερῶν</span> <span class='ocrx_word' id='word_1_424' title='bbox 982 2985 1282 3052; x_wconf 83' lang='grc' dir='ltr'>μεσιτεύων</span> <span class='ocrx_word' id='word_1_425' title='bbox 1308 2988 1518 3058; x_wconf 82' lang='grc' dir='ltr'>ἄκροις,</span> <span class='ocrx_word' id='word_1_426' title='bbox 1553 2988 1645 3040; x_wconf 72' lang='grc' dir='ltr'><strong>καὶ</strong></span> <span class='ocrx_word' id='word_1_427' title='bbox 1674 2991 1752 3051; x_wconf 84' lang='grc' dir='ltr'><strong>εἰς</strong></span> <span class='ocrx_word' id='word_1_428' title='bbox 1781 2988 1837 3040; x_wconf 82' lang='grc' dir='ltr'>ἓν</span> 
     </span>
    </p>
   </div>
   <div class='ocr_carea' id='block_1_63' title="bbox 1940 2966 3515 3082">
    <p class='ocr_par' dir='ltr' id='par_1_63' title="bbox 1943 2970 3515 3053">
     <span class='ocr_line' id='line_1_63' title="bbox 1943 2970 3515 3053; baseline -0.005 -16"><span class='ocrx_word' id='word_1_429' title='bbox 1943 2983 2386 3053; x_wconf 81' lang='lat' dir='ltr'><strong>progredientem</strong></span> <span class='ocrx_word' id='word_1_430' title='bbox 2432 2981 2489 3035; x_wconf 90' lang='lat' dir='ltr'><strong>in</strong></span> <span class='ocrx_word' id='word_1_431' title='bbox 2546 2983 2717 3036; x_wconf 91' lang='lat' dir='ltr'><strong>Deum</strong></span> <span class='ocrx_word' id='word_1_432' title='bbox 2773 2980 3082 3036; x_wconf 89' lang='lat' dir='ltr'><strong>unitionem</strong></span> <span class='ocrx_word' id='word_1_433' title='bbox 3154 2970 3515 3033; x_wconf 88' lang='lat' dir='ltr'><strong>determinat.</strong></span> 
     </span>
    </p>
   </div>
   <div class='ocr_carea' id='block_1_64' title="bbox 257 3073 1839 3149">
    <p class='ocr_par' dir='ltr' id='par_1_64' title="bbox 257 3073 1839 3149">
     <span class='ocr_line' id='line_1_64' title="bbox 257 3073 1839 3149; baseline 0.003 -20"><span class='ocrx_word' id='word_1_434' title='bbox 257 3073 410 3141; x_wconf 80' lang='grc' dir='ltr'>ἄγων</span> <span class='ocrx_word' id='word_1_435' title='bbox 436 3076 495 3127; x_wconf 81' lang='grc' dir='ltr'><strong>ἐν</strong></span> <span class='ocrx_word' id='word_1_436' title='bbox 526 3075 705 3144; x_wconf 79' lang='grc' dir='ltr'>ἐαυτῷ</span> <span class='ocrx_word' id='word_1_437' title='bbox 749 3075 816 3129; x_wconf 78' lang='grc' dir='ltr'>τὰ</span> <span class='ocrx_word' id='word_1_438' title='bbox 849 3077 1030 3147; x_wconf 79' lang='grc' dir='ltr'>πολλῷ</span> <span class='ocrx_word' id='word_1_439' title='bbox 1073 3078 1216 3132; x_wconf 83' lang='grc' dir='ltr'>κατὰ</span> <span class='ocrx_word' id='word_1_440' title='bbox 1265 3079 1360 3148; x_wconf 82' lang='grc' dir='ltr'><strong>τὴν</strong></span> <span class='ocrx_word' id='word_1_441' title='bbox 1392 3079 1553 3149; x_wconf 75' lang='grc' dir='ltr'>φύσιν</span> <span class='ocrx_word' id='word_1_442' title='bbox 1594 3079 1839 3148; x_wconf 78' lang='grc' dir='ltr'><strong>ἀλλήλων</strong></span> 
     </span>
    </p>
   </div>
   <div class='ocr_carea' id='block_1_65' title="bbox 256 3167 1840 3242">
    <p class='ocr_par' dir='ltr' id='par_1_65' title="bbox 256 3167 1840 3242">
     <span class='ocr_line' id='line_1_65' title="bbox 256 3167 1840 3242; baseline 0.002 -21"><span class='ocrx_word' id='word_1_443' title='bbox 256 3168 579 3237; x_wconf 72' lang='grc' dir='ltr'>διεστηκότα</span> <span class='ocrx_word' id='word_1_444' title='bbox 620 3167 697 3238; x_wconf 80' lang='grc' dir='ltr'><strong>τῷ</strong></span> <span class='ocrx_word' id='word_1_445' title='bbox 735 3167 1084 3241; x_wconf 82' lang='grc' dir='ltr'>διαστήματι,</span> <span class='ocrx_word' id='word_1_446' title='bbox 1128 3170 1217 3224; x_wconf 75' lang='grc' dir='ltr'><strong>ἵνα</strong></span> <span class='ocrx_word' id='word_1_447' title='bbox 1248 3173 1346 3241; x_wconf 81' lang='grc' dir='ltr'>τῆς</span> <span class='ocrx_word' id='word_1_448' title='bbox 1391 3172 1529 3242; x_wconf 70' lang='grc' dir='ltr'>πρὸς</span> <span class='ocrx_word' id='word_1_449' title='bbox 1577 3172 1729 3235; x_wconf 73' lang='grc' dir='ltr'>θεὸν,</span> <span class='ocrx_word' id='word_1_450' title='bbox 1764 3171 1840 3235; x_wconf 83' lang='grc' dir='ltr'>ὡς</span> 
     </span>
    </p>
   </div>
   <div class='ocr_carea' id='block_1_66' title="bbox 256 3258 1841 3334">
    <p class='ocr_par' dir='ltr' id='par_1_66' title="bbox 256 3258 1841 3334">
     <span class='ocr_line' id='line_1_66' title="bbox 256 3258 1841 3334; baseline 0.001 -19"><span class='ocrx_word' id='word_1_451' title='bbox 256 3262 452 3323; x_wconf 80' lang='grc' dir='ltr'>αἴτιον,</span> <span class='ocrx_word' id='word_1_452' title='bbox 498 3258 566 3312; x_wconf 78' lang='grc' dir='ltr'>τὰ</span> <span class='ocrx_word' id='word_1_453' title='bbox 628 3260 808 3314; x_wconf 83' lang='grc' dir='ltr'>πάντα</span> <span class='ocrx_word' id='word_1_454' title='bbox 870 3260 1242 3332; x_wconf 39' lang='grc' dir='ltr'>συναγούσηςα</span> <span class='ocrx_word' id='word_1_455' title='bbox 1262 3262 1444 3334; x_wconf 76' lang='grc'>(222</span> <span class='ocrx_word' id='word_1_456' title='bbox 1467 3263 1520 3334; x_wconf 87' lang='grc' dir='ltr'>α)</span> <span class='ocrx_word' id='word_1_457' title='bbox 1594 3262 1841 3328; x_wconf 79' lang='grc' dir='ltr'>ἐνώσεως</span> 
     </span>
    </p>
   </div>
   <div class='ocr_carea' id='block_1_67' title="bbox 253 3351 1833 3424">
    <p class='ocr_par' dir='ltr' id='par_1_67' title="bbox 253 3351 1833 3424">
     <span class='ocr_line' id='line_1_67' title="bbox 253 3351 1833 3424; baseline 0.001 -19"><span class='ocrx_word' id='word_1_458' title='bbox 253 3353 319 3405; x_wconf 83' lang='grc' dir='ltr'>ἐκ</span> <span class='ocrx_word' id='word_1_459' title='bbox 351 3352 449 3421; x_wconf 84' lang='grc' dir='ltr'>τῆς</span> <span class='ocrx_word' id='word_1_460' title='bbox 496 3351 632 3415; x_wconf 86' lang='grc' dir='ltr'>ίδίας</span> <span class='ocrx_word' id='word_1_461' title='bbox 682 3352 946 3422; x_wconf 84' lang='grc' dir='ltr'>πρότερον</span> <span class='ocrx_word' id='word_1_462' title='bbox 977 3352 1281 3424; x_wconf 74' lang='grc' dir='ltr'>ἀρξάμενος</span> <span class='ocrx_word' id='word_1_463' title='bbox 1304 3354 1641 3423; x_wconf 82' lang='grc' dir='ltr'>διαιρέσεως,</span> <span class='ocrx_word' id='word_1_464' title='bbox 1698 3354 1833 3407; x_wconf 67' lang='lat' dir='ltr'><strong>x10-</strong></span> 
     </span>
    </p>
   </div>
   <div class='ocr_carea' id='block_1_68' title="bbox 254 3442 1841 3516">
    <p class='ocr_par' dir='ltr' id='par_1_68' title="bbox 254 3442 1841 3516">
     <span class='ocr_line' id='line_1_68' title="bbox 254 3442 1841 3516; baseline 0.004 -20"><span class='ocrx_word' id='word_1_465' title='bbox 254 3446 380 3509; x_wconf 71' lang='grc' dir='ltr'>εξῆς</span> <span class='ocrx_word' id='word_1_466' title='bbox 435 3443 524 3497; x_wconf 65' lang='grc' dir='ltr'>διὰ</span> <span class='ocrx_word' id='word_1_467' title='bbox 574 3442 685 3495; x_wconf 86' lang='grc' dir='ltr'><strong>τῶν</strong></span> <span class='ocrx_word' id='word_1_468' title='bbox 739 3442 922 3509; x_wconf 81' lang='grc' dir='ltr'>μέσων</span> <span class='ocrx_word' id='word_1_469' title='bbox 973 3444 1150 3515; x_wconf 87' lang='grc' dir='ltr'>εἰρμῷ</span> <span class='ocrx_word' id='word_1_470' title='bbox 1198 3447 1291 3498; x_wconf 75' lang='grc' dir='ltr'>καὶ</span> <span class='ocrx_word' id='word_1_471' title='bbox 1324 3444 1476 3509; x_wconf 73' lang='grc' dir='ltr'>τάξει</span> <span class='ocrx_word' id='word_1_472' title='bbox 1528 3445 1841 3516; x_wconf 75' lang='grc' dir='ltr'>προϐαίνων</span> 
     </span>
    </p>
   </div>
   <div class='ocr_carea' id='block_1_69' title="bbox 253 3533 1841 3605">
    <p class='ocr_par' dir='ltr' id='par_1_69' title="bbox 253 3533 1841 3605">
     <span class='ocr_line' id='line_1_69' title="bbox 253 3533 1841 3605; baseline 0 -15"><span class='ocrx_word' id='word_1_473' title='bbox 253 3539 334 3600; x_wconf 78' lang='grc' dir='ltr'><strong>είς</strong></span> <span class='ocrx_word' id='word_1_474' title='bbox 370 3536 460 3589; x_wconf 77' lang='grc' dir='ltr'><strong>τὸν</strong></span> <span class='ocrx_word' id='word_1_475' title='bbox 503 3534 633 3586; x_wconf 69' lang='grc' dir='ltr'>Θεὸν</span> <span class='ocrx_word' id='word_1_476' title='bbox 673 3533 814 3605; x_wconf 74' lang='grc' dir='ltr'><strong>λάϐῃ</strong></span> <span class='ocrx_word' id='word_1_477' title='bbox 859 3534 919 3586; x_wconf 80' lang='grc' dir='ltr'><strong>τὸ</strong></span> <span class='ocrx_word' id='word_1_478' title='bbox 970 3536 1144 3604; x_wconf 85' lang='grc' dir='ltr'>πέρας</span> <span class='ocrx_word' id='word_1_479' title='bbox 1180 3536 1279 3604; x_wconf 80' lang='grc' dir='ltr'><strong>τῆς</strong></span> <span class='ocrx_word' id='word_1_480' title='bbox 1312 3537 1401 3589; x_wconf 77' lang='grc' dir='ltr'><strong>διὰ</strong></span> <span class='ocrx_word' id='word_1_481' title='bbox 1439 3537 1652 3589; x_wconf 69' lang='grc' dir='ltr'>πάντων</span> <span class='ocrx_word' id='word_1_482' title='bbox 1698 3537 1841 3590; x_wconf 83' lang='grc' dir='ltr'>κατὰ</span> 
     </span>
    </p>
   </div>
   <div class='ocr_carea' id='block_1_70' title="bbox 252 3620 1842 3698">
    <p class='ocr_par' dir='ltr' id='par_1_70' title="bbox 252 3620 1842 3698">
     <span class='ocr_line' id='line_1_70' title="bbox 252 3620 1842 3698; baseline 0 -20"><span class='ocrx_word' id='word_1_483' title='bbox 252 3629 354 3698; x_wconf 76' lang='grc' dir='ltr'><strong>τὴν</strong></span> <span class='ocrx_word' id='word_1_484' title='bbox 385 3627 581 3678; x_wconf 71' lang='grc' dir='ltr'>ἕνωσιν</span> <span class='ocrx_word' id='word_1_485' title='bbox 628 3623 921 3694; x_wconf 74' lang='grc' dir='ltr'>γινομένης</span> <span class='ocrx_word' id='word_1_486' title='bbox 952 3624 1162 3697; x_wconf 79' lang='grc' dir='ltr'><strong>ὑψηλῆς</strong></span> <span class='ocrx_word' id='word_1_487' title='bbox 1212 3625 1554 3689; x_wconf 76' lang='grc' dir='ltr'>ἀναϐάσεως,</span> <span class='ocrx_word' id='word_1_488' title='bbox 1591 3628 1650 3679; x_wconf 82' lang='grc' dir='ltr'>ἐν</span> <span class='ocrx_word' id='word_1_489' title='bbox 1673 3620 1716 3693; x_wconf 80' lang='grc' dir='ltr'><strong>ᾧ</strong></span> <span class='ocrx_word' id='word_1_490' title='bbox 1741 3627 1842 3679; x_wconf 84' lang='grc' dir='ltr'><strong>οὐκ</strong></span> 
     </span>
    </p>
   </div>
   <div class='ocr_carea' id='block_1_71' title="bbox 254 3713 1841 3790">
    <p class='ocr_par' dir='ltr' id='par_1_71' title="bbox 254 3713 1841 3790">
     <span class='ocr_line' id='line_1_71' title="bbox 254 3713 1841 3790; baseline -0.001 -20"><span class='ocrx_word' id='word_1_491' title='bbox 254 3717 370 3770; x_wconf 77' lang='grc' dir='ltr'>ἔστι</span> <span class='ocrx_word' id='word_1_492' title='bbox 421 3715 708 3785; x_wconf 74' lang='grc' dir='ltr'>διαίρεσις,</span> <span class='ocrx_word' id='word_1_493' title='bbox 768 3714 868 3784; x_wconf 82' lang='grc' dir='ltr'>τὴν</span> <span class='ocrx_word' id='word_1_494' title='bbox 934 3713 1202 3784; x_wconf 82' lang='grc' dir='ltr'>μηδαμῶς</span> <span class='ocrx_word' id='word_1_495' title='bbox 1266 3716 1582 3790; x_wconf 78' lang='grc' dir='ltr'>ἠρτημένην</span> <span class='ocrx_word' id='word_1_496' title='bbox 1639 3715 1841 3787; x_wconf 82' lang='grc' dir='ltr'>δηλαδὴ</span> 
     </span>
    </p>
   </div>
   <div class='ocr_carea' id='block_1_72' title="bbox 255 3803 1841 3879">
    <p class='ocr_par' dir='ltr' id='par_1_72' title="bbox 255 3803 1841 3879">
     <span class='ocr_line' id='line_1_72' title="bbox 255 3803 1841 3879; baseline -0.001 -17"><span class='ocrx_word' id='word_1_497' title='bbox 255 3806 396 3862; x_wconf 76' lang='grc' dir='ltr'>κατὰ</span> <span class='ocrx_word' id='word_1_498' title='bbox 424 3807 513 3859; x_wconf 63' lang='grc' dir='ltr'><strong>τὸν</strong></span> <span class='ocrx_word' id='word_1_499' title='bbox 552 3803 959 3875; x_wconf 77' lang='grc' dir='ltr'>προηγούμενον</span> <span class='ocrx_word' id='word_1_500' title='bbox 992 3805 1150 3872; x_wconf 84' lang='grc' dir='ltr'>λόγον</span> <span class='ocrx_word' id='word_1_501' title='bbox 1191 3806 1291 3875; x_wconf 84' lang='grc' dir='ltr'><strong>τῆς</strong></span> <span class='ocrx_word' id='word_1_502' title='bbox 1324 3806 1451 3878; x_wconf 85' lang='grc' dir='ltr'><strong>περί</strong></span> <span class='ocrx_word' id='word_1_503' title='bbox 1482 3807 1581 3879; x_wconf 84' lang='grc' dir='ltr'><strong>τὴν</strong></span> <span class='ocrx_word' id='word_1_504' title='bbox 1626 3808 1841 3877; x_wconf 88' lang='grc' dir='ltr'>γένεσιν</span> 
     </span>
    </p>
   </div>
   <div class='ocr_carea' id='block_1_73' title="bbox 252 3896 1842 3969">
    <p class='ocr_par' dir='ltr' id='par_1_73' title="bbox 252 3896 1842 3969">
     <span class='ocr_line' id='line_1_73' title="bbox 252 3896 1842 3969; baseline -0.001 -15"><span class='ocrx_word' id='word_1_505' title='bbox 252 3899 350 3954; x_wconf 80' lang='grc' dir='ltr'>τοῦ</span> <span class='ocrx_word' id='word_1_506' title='bbox 404 3896 694 3967; x_wconf 81' lang='grc' dir='ltr'>ἀνθρώπου</span> <span class='ocrx_word' id='word_1_507' title='bbox 747 3896 898 3960; x_wconf 80' lang='grc' dir='ltr'>θείας</span> <span class='ocrx_word' id='word_1_508' title='bbox 943 3897 1259 3966; x_wconf 75' lang='grc' dir='ltr'>προθέσεως</span> <span class='ocrx_word' id='word_1_509' title='bbox 1295 3898 1436 3951; x_wconf 84' lang='grc' dir='ltr'>κατὰ</span> <span class='ocrx_word' id='word_1_510' title='bbox 1477 3898 1549 3952; x_wconf 69' lang='grc' dir='ltr'>τὰ</span> <span class='ocrx_word' id='word_1_511' title='bbox 1585 3899 1716 3969; x_wconf 81' lang='grc' dir='ltr'>θῆλυ</span> <span class='ocrx_word' id='word_1_512' title='bbox 1748 3900 1842 3953; x_wconf 79' lang='grc' dir='ltr'><strong>καὶ</strong></span> 
     </span>
    </p>
   </div>
   <div class='ocr_carea' id='block_1_74' title="bbox 254 3986 1841 4060">
    <p class='ocr_par' dir='ltr' id='par_1_74' title="bbox 254 3986 1841 4060">
     <span class='ocr_line' id='line_1_74' title="bbox 254 3986 1841 4060; baseline -0.001 -15"><span class='ocrx_word' id='word_1_513' title='bbox 254 3994 315 4045; x_wconf 77' lang='grc' dir='ltr'>τὸ</span> <span class='ocrx_word' id='word_1_514' title='bbox 349 3990 515 4060; x_wconf 84' lang='grc' dir='ltr'>ἄρσεν</span> <span class='ocrx_word' id='word_1_515' title='bbox 547 3987 785 4058; x_wconf 86' lang='grc' dir='ltr'>ἰδιότητα</span> <span class='ocrx_word' id='word_1_516' title='bbox 822 3990 888 4057; x_wconf 84' lang='grc' dir='ltr'>τῇ</span> <span class='ocrx_word' id='word_1_517' title='bbox 935 3987 1065 4056; x_wconf 82' lang='grc' dir='ltr'><strong>περί</strong></span> <span class='ocrx_word' id='word_1_518' title='bbox 1105 3986 1205 4057; x_wconf 82' lang='grc' dir='ltr'><strong>τὴν</strong></span> <span class='ocrx_word' id='word_1_519' title='bbox 1240 3987 1391 4041; x_wconf 86' lang='grc' dir='ltr'>θείαν</span> <span class='ocrx_word' id='word_1_520' title='bbox 1441 3989 1644 4059; x_wconf 81' lang='grc' dir='ltr'>ἀρετὴν</span> <span class='ocrx_word' id='word_1_521' title='bbox 1696 3991 1841 4044; x_wconf 84' lang='grc' dir='ltr'>ἀπα-</span> 
     </span>
    </p>
   </div>
   <div class='ocr_carea' id='block_1_75' title="bbox 257 4076 1838 4151">
    <p class='ocr_par' dir='ltr' id='par_1_75' title="bbox 257 4076 1838 4151">
     <span class='ocr_line' id='line_1_75' title="bbox 257 4076 1838 4151; baseline 0 -15"><span class='ocrx_word' id='word_1_522' title='bbox 257 4082 490 4151; x_wconf 79' lang='grc' dir='ltr'>θεστάτῃ</span> <span class='ocrx_word' id='word_1_523' title='bbox 540 4079 723 4150; x_wconf 79' lang='grc' dir='ltr'>σχέσει</span> <span class='ocrx_word' id='word_1_524' title='bbox 763 4079 940 4148; x_wconf 82' lang='grc' dir='ltr'>πάντη</span> <span class='ocrx_word' id='word_1_525' title='bbox 986 4076 1087 4146; x_wconf 83' lang='grc' dir='ltr'>τῆς</span> <span class='ocrx_word' id='word_1_526' title='bbox 1129 4077 1345 4146; x_wconf 74' lang='grc' dir='ltr'>φύσεως</span> <span class='ocrx_word' id='word_1_527' title='bbox 1393 4080 1838 4151; x_wconf 75' lang='grc' dir='ltr'>ἐκτιναξάμενος,</span> 
     </span>
    </p>
   </div>
   <div class='ocr_carea' id='block_1_76' title="bbox 256 4169 1840 4243">
    <p class='ocr_par' dir='ltr' id='par_1_76' title="bbox 256 4169 1840 4243">
     <span class='ocr_line' id='line_1_76' title="bbox 256 4169 1840 4243; baseline -0.001 -17"><span class='ocrx_word' id='word_1_528' title='bbox 256 4175 397 4226; x_wconf 77' lang='grc' dir='ltr'>ὥστε</span> <span class='ocrx_word' id='word_1_529' title='bbox 449 4169 729 4239; x_wconf 79' lang='grc' dir='ltr'>δειχθῆναι</span> <span class='ocrx_word' id='word_1_530' title='bbox 775 4186 835 4222; x_wconf 88' lang='grc' dir='ltr'><strong>τε</strong></span> <span class='ocrx_word' id='word_1_531' title='bbox 886 4169 981 4223; x_wconf 72' lang='grc' dir='ltr'><strong>καὶ</strong></span> <span class='ocrx_word' id='word_1_532' title='bbox 1032 4170 1286 4237; x_wconf 88' lang='grc' dir='ltr'>γενέσθαι</span> <span class='ocrx_word' id='word_1_533' title='bbox 1347 4172 1489 4225; x_wconf 77' lang='grc' dir='ltr'>κατὰ</span> <span class='ocrx_word' id='word_1_534' title='bbox 1541 4172 1642 4243; x_wconf 87' lang='grc' dir='ltr'>τὴν</span> <span class='ocrx_word' id='word_1_535' title='bbox 1691 4173 1840 4228; x_wconf 89' lang='grc' dir='ltr'>θείαν</span> 
     </span>
    </p>
   </div>
   <div class='ocr_carea' id='block_1_77' title="bbox 258 4259 1841 4335">
    <p class='ocr_par' dir='ltr' id='par_1_77' title="bbox 258 4259 1841 4335">
     <span class='ocr_line' id='line_1_77' title="bbox 258 4259 1841 4335; baseline 0.001 -21"><span class='ocrx_word' id='word_1_536' title='bbox 258 4262 516 4331; x_wconf 77' lang='grc' dir='ltr'>πρόθεσιν</span> <span class='ocrx_word' id='word_1_537' title='bbox 538 4260 826 4335; x_wconf 79' lang='grc' dir='ltr'>ἄνθρωπον</span> <span class='ocrx_word' id='word_1_538' title='bbox 853 4259 899 4291; x_wconf 69' lang='grc'>⁸⁸</span> <span class='ocrx_word' id='word_1_539' title='bbox 950 4259 1134 4330; x_wconf 87' lang='grc' dir='ltr'>μόνον,</span> <span class='ocrx_word' id='word_1_540' title='bbox 1177 4262 1242 4330; x_wconf 82' lang='grc' dir='ltr'>τῇ</span> <span class='ocrx_word' id='word_1_541' title='bbox 1272 4261 1412 4315; x_wconf 69' lang='grc' dir='ltr'>κατὰ</span> <span class='ocrx_word' id='word_1_542' title='bbox 1441 4262 1503 4315; x_wconf 81' lang='grc' dir='ltr'>τὸ</span> <span class='ocrx_word' id='word_1_543' title='bbox 1544 4263 1712 4333; x_wconf 85' lang='grc' dir='ltr'>ἄρσεν</span> <span class='ocrx_word' id='word_1_544' title='bbox 1746 4264 1841 4318; x_wconf 71' lang='grc' dir='ltr'><strong>καὶ</strong></span> 
     </span>
    </p>
   </div>
   <div class='ocr_carea' id='block_1_78' title="bbox 1942 3067 3519 3133">
    <p class='ocr_par' dir='ltr' id='par_1_78' title="bbox 1942 3067 3519 3133">
     <span class='ocr_line' id='line_1_78' title="bbox 1942 3067 3519 3133; baseline -0.008 0"><span class='ocrx_word' id='word_1_545' title='bbox 1942 3076 2153 3133; x_wconf 86' lang='lat' dir='ltr'><strong>Idcirco</strong></span> <span class='ocrx_word' id='word_1_546' title='bbox 2180 3075 2439 3131; x_wconf 83' lang='lat' dir='ltr'><strong>videlicet</strong></span> <span class='ocrx_word' id='word_1_547' title='bbox 2470 3074 2637 3129; x_wconf 91' lang='lat' dir='ltr'><strong>homo</strong></span> <span class='ocrx_word' id='word_1_548' title='bbox 2665 3073 2722 3128; x_wconf 91' lang='lat' dir='ltr'><strong>in</strong></span> <span class='ocrx_word' id='word_1_549' title='bbox 2756 3082 3041 3128; x_wconf 88' lang='lat' dir='ltr'><strong>creaturas</strong></span> <span class='ocrx_word' id='word_1_550' title='bbox 3071 3070 3300 3125; x_wconf 86' lang='lat' dir='ltr'><strong>ultimus</strong></span> <span class='ocrx_word' id='word_1_551' title='bbox 3350 3067 3519 3122; x_wconf 87' lang='lat' dir='ltr'><strong>infer-</strong></span> 
     </span>
    </p>
   </div>
   <div class='ocr_carea' id='block_1_79' title="bbox 1943 3165 3519 3241">
    <p class='ocr_par' dir='ltr' id='par_1_79' title="bbox 1943 3165 3519 3241">
     <span class='ocr_line' id='line_1_79' title="bbox 1943 3165 3519 3241; baseline -0.007 -15"><span class='ocrx_word' id='word_1_552' title='bbox 1943 3180 2059 3234; x_wconf 88' lang='lat' dir='ltr'><strong>tur,</strong></span> <span class='ocrx_word' id='word_1_553' title='bbox 2095 3182 2352 3241; x_wconf 88' lang='lat' dir='ltr'><strong>Ianquam</strong></span> <span class='ocrx_word' id='word_1_554' title='bbox 2404 3169 2670 3224; x_wconf 90' lang='lat' dir='ltr'><strong>naturalis</strong></span> <span class='ocrx_word' id='word_1_555' title='bbox 2725 3167 2975 3239; x_wconf 74' lang='lat' dir='ltr'><strong>quaedam</strong></span> <span class='ocrx_word' id='word_1_556' title='bbox 3018 3165 3372 3237; x_wconf 77' lang='lat' dir='ltr'><strong>generalibus</strong></span> <span class='ocrx_word' id='word_1_557' title='bbox 3419 3178 3519 3232; x_wconf 68' lang='lat' dir='ltr'><strong>per</strong></span> 
     </span>
    </p>
   </div>
   <div class='ocr_carea' id='block_1_80' title="bbox 1941 3254 3517 3333">
    <p class='ocr_par' dir='ltr' id='par_1_80' title="bbox 1941 3254 3517 3333">
     <span class='ocr_line' id='line_1_80' title="bbox 1941 3254 3517 3333; baseline -0.009 -15"><span class='ocrx_word' id='word_1_558' title='bbox 1941 3274 2128 3333; x_wconf 83' lang='lat' dir='ltr'><strong>partes</strong></span> <span class='ocrx_word' id='word_1_559' title='bbox 2163 3278 2289 3317; x_wconf 76' lang='lat' dir='ltr'><strong>suas</strong></span> <span class='ocrx_word' id='word_1_560' title='bbox 2310 3260 2756 3316; x_wconf 82' lang='lat' dir='ltr'><strong>extremitatibus</strong></span> <span class='ocrx_word' id='word_1_561' title='bbox 2788 3260 3005 3328; x_wconf 83' lang='lat' dir='ltr'><strong>cepula,</strong></span> <span class='ocrx_word' id='word_1_562' title='bbox 3037 3264 3204 3327; x_wconf 88' lang='lat' dir='ltr'><strong>atque</strong></span> <span class='ocrx_word' id='word_1_563' title='bbox 3234 3254 3288 3308; x_wconf 90' lang='lat' dir='ltr'><strong>in</strong></span> <span class='ocrx_word' id='word_1_564' title='bbox 3315 3259 3517 3308; x_wconf 87' lang='lat' dir='ltr'><strong>semet-</strong></span> 
     </span>
    </p>
   </div>
   <div class='ocr_carea' id='block_1_81' title="bbox 1942 3342 3513 3421">
    <p class='ocr_par' dir='ltr' id='par_1_81' title="bbox 1942 3342 3513 3421">
     <span class='ocr_line' id='line_1_81' title="bbox 1942 3342 3513 3421; baseline -0.008 -15"><span class='ocrx_word' id='word_1_565' title='bbox 1942 3352 2060 3421; x_wconf 88' lang='lat' dir='ltr'><strong>ipso</strong></span> <span class='ocrx_word' id='word_1_566' title='bbox 2099 3350 2417 3406; x_wconf 90' lang='lat' dir='ltr'><strong>coadunans</strong></span> <span class='ocrx_word' id='word_1_567' title='bbox 2444 3363 2510 3402; x_wconf 88' lang='lat' dir='ltr'><strong>ea</strong></span> <span class='ocrx_word' id='word_1_568' title='bbox 2542 3364 2665 3417; x_wconf 66' lang='lat' dir='ltr'><strong>qua:</strong></span> <span class='ocrx_word' id='word_1_569' title='bbox 2699 3347 3031 3402; x_wconf 88' lang='lat' dir='ltr'><strong>naturaliter</strong></span> <span class='ocrx_word' id='word_1_570' title='bbox 3084 3344 3318 3399; x_wconf 91' lang='lat' dir='ltr'><strong>multum</strong></span> <span class='ocrx_word' id='word_1_571' title='bbox 3366 3342 3513 3396; x_wconf 89' lang='lat' dir='ltr'><strong>inter</strong></span> 
     </span>
    </p>
   </div>
   <div class='ocr_carea' id='block_1_82' title="bbox 1942 3424 3515 3506">
    <p class='ocr_par' dir='ltr' id='par_1_82' title="bbox 1942 3424 3515 3506">
     <span class='ocr_line' id='line_1_82' title="bbox 1942 3424 3515 3506; baseline -0.007 -9"><span class='ocrx_word' id='word_1_572' title='bbox 1942 3458 1999 3497; x_wconf 86' lang='lat' dir='ltr'><strong>se</strong></span> <span class='ocrx_word' id='word_1_573' title='bbox 2024 3443 2250 3504; x_wconf 87' lang='lat' dir='ltr'><strong>distant,</strong></span> <span class='ocrx_word' id='word_1_574' title='bbox 2279 3448 2339 3494; x_wconf 93' lang='lat' dir='ltr'><strong>ut</strong></span> <span class='ocrx_word' id='word_1_575' title='bbox 2372 3439 2641 3494; x_wconf 84' lang='lat' dir='ltr'><strong>unitionis</strong></span> <span class='ocrx_word' id='word_1_576' title='bbox 2677 3454 2801 3493; x_wconf 89' lang='lat' dir='ltr'><strong>cum</strong></span> <span class='ocrx_word' id='word_1_577' title='bbox 2837 3438 2971 3497; x_wconf 86' lang='lat' dir='ltr'><strong>Deo.</strong></span> <span class='ocrx_word' id='word_1_578' title='bbox 3022 3424 3285 3506; x_wconf 85' lang='lat' dir='ltr'><strong>tanquam</strong></span> <span class='ocrx_word' id='word_1_579' title='bbox 3326 3449 3515 3497; x_wconf 88' lang='lat' dir='ltr'><strong>causa,</strong></span> 
     </span>
    </p>
   </div>
   <div class='ocr_carea' id='block_1_83' title="bbox 1943 3528 3518 3603">
    <p class='ocr_par' dir='ltr' id='par_1_83' title="bbox 1943 3528 3518 3603">
     <span class='ocr_line' id='line_1_83' title="bbox 1943 3528 3518 3603; baseline -0.005 -16"><span class='ocrx_word' id='word_1_580' title='bbox 1943 3533 2201 3587; x_wconf 87' lang='lat' dir='ltr'><strong>universa</strong></span> <span class='ocrx_word' id='word_1_581' title='bbox 2248 3530 2515 3603; x_wconf 85' lang='lat' dir='ltr'><strong>cogentis,</strong></span> <span class='ocrx_word' id='word_1_582' title='bbox 2560 3529 2629 3583; x_wconf 90' lang='lat' dir='ltr'><strong>de</strong></span> <span class='ocrx_word' id='word_1_583' title='bbox 2684 3529 2909 3598; x_wconf 85' lang='lat' dir='ltr'><strong>propria</strong></span> <span class='ocrx_word' id='word_1_584' title='bbox 2945 3528 3307 3582; x_wconf 87' lang='lat' dir='ltr'><strong>distinctione</strong></span> <span class='ocrx_word' id='word_1_585' title='bbox 3357 3536 3518 3595; x_wconf 82' lang='lat' dir='ltr'><strong>capto</strong></span> 
     </span>
    </p>
   </div>
   <div class='ocr_carea' id='block_1_84' title="bbox 1943 3612 3532 3691">
    <p class='ocr_par' dir='ltr' id='par_1_84' title="bbox 1943 3612 3532 3691">
     <span class='ocr_line' id='line_1_84' title="bbox 1943 3612 3532 3691; baseline -0.006 -13"><span class='ocrx_word' id='word_1_586' title='bbox 1943 3624 2121 3687; x_wconf 91' lang='lat' dir='ltr'><strong>initio,</strong></span> <span class='ocrx_word' id='word_1_587' title='bbox 2176 3621 2439 3691; x_wconf 88' lang='lat' dir='ltr'><strong>deinceps</strong></span> <span class='ocrx_word' id='word_1_588' title='bbox 2491 3620 2635 3673; x_wconf 90' lang='lat' dir='ltr'><strong>serie</strong></span> <span class='ocrx_word' id='word_1_589' title='bbox 2680 3627 2737 3672; x_wconf 93' lang='lat' dir='ltr'><strong>et</strong></span> <span class='ocrx_word' id='word_1_590' title='bbox 2781 3618 2976 3672; x_wconf 89' lang='lat' dir='ltr'><strong>ordine</strong></span> <span class='ocrx_word' id='word_1_591' title='bbox 3016 3632 3115 3686; x_wconf 91' lang='lat' dir='ltr'><strong>per</strong></span> <span class='ocrx_word' id='word_1_592' title='bbox 3167 3612 3532 3684; x_wconf 23' lang='lat' dir='ltr'><strong>mediagpro4</strong></span> 
     </span>
    </p>
   </div>
   <div class='ocr_carea' id='block_1_85' title="bbox 1941 3707 3519 3785">
    <p class='ocr_par' dir='ltr' id='par_1_85' title="bbox 1941 3707 3519 3785">
     <span class='ocr_line' id='line_1_85' title="bbox 1941 3707 3519 3785; baseline -0.006 -18"><span class='ocrx_word' id='word_1_593' title='bbox 1941 3728 2165 3785; x_wconf 79' lang='lat' dir='ltr'><strong>gressus</strong></span> <span class='ocrx_word' id='word_1_594' title='bbox 2204 3711 2366 3765; x_wconf 82' lang='lat' dir='ltr'><strong>finem</strong></span> <span class='ocrx_word' id='word_1_595' title='bbox 2408 3708 2755 3765; x_wconf 86' lang='lat' dir='ltr'><strong>ascensionis</strong></span> <span class='ocrx_word' id='word_1_596' title='bbox 2807 3708 2862 3761; x_wconf 90' lang='lat' dir='ltr'><strong>in</strong></span> <span class='ocrx_word' id='word_1_597' title='bbox 2904 3707 3340 3765; x_wconf 84' lang='lat' dir='ltr'><strong>sublimitatem.</strong></span> <span class='ocrx_word' id='word_1_598' title='bbox 3396 3719 3519 3773; x_wconf 68' lang='lat' dir='ltr'><strong>quas</strong></span> 
     </span>
    </p>
   </div>
   <div class='ocr_carea' id='block_1_86' title="bbox 1942 3794 3516 3872">
    <p class='ocr_par' dir='ltr' id='par_1_86' title="bbox 1942 3794 3516 3872">
     <span class='ocr_line' id='line_1_86' title="bbox 1942 3794 3516 3872; baseline -0.008 -12"><span class='ocrx_word' id='word_1_599' title='bbox 1942 3802 2208 3861; x_wconf 89' lang='lat' dir='ltr'><strong>unitionis</strong></span> <span class='ocrx_word' id='word_1_600' title='bbox 2235 3800 2411 3872; x_wconf 86' lang='lat' dir='ltr'><strong>gratia</strong></span> <span class='ocrx_word' id='word_1_601' title='bbox 2455 3800 2517 3854; x_wconf 82' lang='lat' dir='ltr'><strong>fit</strong></span> <span class='ocrx_word' id='word_1_602' title='bbox 2543 3814 2642 3864; x_wconf 90' lang='lat' dir='ltr'><strong>per</strong></span> <span class='ocrx_word' id='word_1_603' title='bbox 2676 3798 2957 3863; x_wconf 85' lang='lat' dir='ltr'><strong>universa,</strong></span> <span class='ocrx_word' id='word_1_604' title='bbox 3006 3796 3252 3872; x_wconf 87' lang='lat' dir='ltr'><strong>inveniat</strong></span> <span class='ocrx_word' id='word_1_605' title='bbox 3286 3794 3341 3849; x_wconf 89' lang='lat' dir='ltr'><strong>in</strong></span> <span class='ocrx_word' id='word_1_606' title='bbox 3380 3795 3516 3858; x_wconf 82' lang='lat' dir='ltr'><strong>Deo,</strong></span> 
     </span>
    </p>
   </div>
   <div class='ocr_carea' id='block_1_87' title="bbox 1943 3870 3516 3966">
    <p class='ocr_par' dir='ltr' id='par_1_87' title="bbox 1943 3870 3516 3966">
     <span class='ocr_line' id='line_1_87' title="bbox 1943 3870 3516 3966; baseline -0.008 -15"><span class='ocrx_word' id='word_1_607' title='bbox 1943 3897 1998 3952; x_wconf 89' lang='lat' dir='ltr'><strong>in</strong></span> <span class='ocrx_word' id='word_1_608' title='bbox 2023 3910 2133 3966; x_wconf 88' lang='lat' dir='ltr'><strong>quo</strong></span> <span class='ocrx_word' id='word_1_609' title='bbox 2157 3870 2309 3948; x_wconf 81' lang='lat' dir='ltr'><strong>nulla</strong></span> <span class='ocrx_word' id='word_1_610' title='bbox 2335 3901 2420 3947; x_wconf 89' lang='lat' dir='ltr'><strong>est</strong></span> <span class='ocrx_word' id='word_1_611' title='bbox 2453 3890 2761 3954; x_wconf 88' lang='lat' dir='ltr'><strong>distinctio,</strong></span> <span class='ocrx_word' id='word_1_612' title='bbox 2795 3889 2925 3943; x_wconf 89' lang='lat' dir='ltr'><strong>dum</strong></span> <span class='ocrx_word' id='word_1_613' title='bbox 2954 3870 3248 3959; x_wconf 46' lang='lat' dir='ltr'><strong>sexualem&#39;</strong></span> <span class='ocrx_word' id='word_1_614' title='bbox 3262 3884 3516 3941; x_wconf 88' lang='lat' dir='ltr'><strong>feminini</strong></span> 
     </span>
    </p>
   </div>
   <div class='ocr_carea' id='block_1_88' title="bbox 1942 3977 3520 4056">
    <p class='ocr_par' dir='ltr' id='par_1_88' title="bbox 1942 3977 3520 4056">
     <span class='ocr_line' id='line_1_88' title="bbox 1942 3977 3520 4056; baseline -0.01 -9"><span class='ocrx_word' id='word_1_615' title='bbox 1942 4000 1997 4048; x_wconf 92' lang='lat' dir='ltr'><strong>et</strong></span> <span class='ocrx_word' id='word_1_616' title='bbox 2040 3986 2333 4044; x_wconf 89' lang='lat' dir='ltr'><strong>masculini</strong></span> <span class='ocrx_word' id='word_1_617' title='bbox 2391 3985 2783 4056; x_wconf 88' lang='lat' dir='ltr'><strong>proprietatem</strong></span> <span class='ocrx_word' id='word_1_618' title='bbox 2807 4024 2822 4049; x_wconf 92' lang='lat'><strong>,</strong></span> <span class='ocrx_word' id='word_1_619' title='bbox 2866 3999 2988 4053; x_wconf 80' lang='lat' dir='ltr'><strong>qua:</strong></span> <span class='ocrx_word' id='word_1_620' title='bbox 3021 3997 3089 4037; x_wconf 86' lang='lat' dir='ltr'><strong>ex</strong></span> <span class='ocrx_word' id='word_1_621' title='bbox 3122 3977 3417 4052; x_wconf 89' lang='lat' dir='ltr'><strong>principali</strong></span> <span class='ocrx_word' id='word_1_622' title='bbox 3452 3991 3520 4031; x_wconf 85' lang='lat' dir='ltr'><strong>ac</strong></span> 
     </span>
    </p>
   </div>
   <div class='ocr_carea' id='block_1_89' title="bbox 1942 4065 3516 4151">
    <p class='ocr_par' dir='ltr' id='par_1_89' title="bbox 1942 4065 3516 4151">
     <span class='ocr_line' id='line_1_89' title="bbox 1942 4065 3516 4151; baseline -0.009 -16"><span class='ocrx_word' id='word_1_623' title='bbox 1942 4079 2221 4151; x_wconf 90' lang='lat' dir='ltr'><strong>primitiva</strong></span> <span class='ocrx_word' id='word_1_624' title='bbox 2265 4078 2479 4132; x_wconf 87' lang='lat' dir='ltr'><strong>ratione</strong></span> <span class='ocrx_word' id='word_1_625' title='bbox 2518 4089 2866 4146; x_wconf 89' lang='lat' dir='ltr'><strong>nequaquam</strong></span> <span class='ocrx_word' id='word_1_626' title='bbox 2909 4088 3176 4143; x_wconf 87' lang='lat' dir='ltr'><strong>suspensa</strong></span> <span class='ocrx_word' id='word_1_627' title='bbox 3211 4078 3297 4125; x_wconf 89' lang='lat' dir='ltr'><strong>est</strong></span> <span class='ocrx_word' id='word_1_628' title='bbox 3340 4085 3372 4125; x_wconf 87' lang='lat' dir='ltr'><strong>a</strong></span> <span class='ocrx_word' id='word_1_629' title='bbox 3417 4065 3516 4122; x_wconf 88' lang='lat' dir='ltr'><strong>Dei</strong></span> 
     </span>
    </p>
   </div>
   <div class='ocr_carea' id='block_1_90' title="bbox 1942 4157 3515 4239">
    <p class='ocr_par' dir='ltr' id='par_1_90' title="bbox 1942 4157 3515 4239">
     <span class='ocr_line' id='line_1_90' title="bbox 1942 4157 3515 4239; baseline -0.01 -14"><span class='ocrx_word' id='word_1_630' title='bbox 1942 4172 2089 4226; x_wconf 90' lang='lat' dir='ltr'><strong>circa</strong></span> <span class='ocrx_word' id='word_1_631' title='bbox 2140 4166 2572 4239; x_wconf 79' lang='lat' dir='ltr'><strong>generationem</strong></span> <span class='ocrx_word' id='word_1_632' title='bbox 2631 4165 2875 4220; x_wconf 89' lang='lat' dir='ltr'><strong>hominis</strong></span> <span class='ocrx_word' id='word_1_633' title='bbox 2933 4163 3257 4234; x_wconf 86' lang='lat' dir='ltr'><strong>proposito,</strong></span> <span class='ocrx_word' id='word_1_634' title='bbox 3323 4157 3515 4213; x_wconf 89' lang='lat' dir='ltr'><strong>habitu</strong></span> 
     </span>
    </p>
   </div>
   <div class='ocr_carea' id='block_1_91' title="bbox 1941 4250 3518 4324">
    <p class='ocr_par' dir='ltr' id='par_1_91' title="bbox 1941 4250 3518 4324">
     <span class='ocr_line' id='line_1_91' title="bbox 1941 4250 3518 4324; baseline -0.01 -8"><span class='ocrx_word' id='word_1_635' title='bbox 1941 4263 2087 4317; x_wconf 87' lang='lat' dir='ltr'><strong>circa</strong></span> <span class='ocrx_word' id='word_1_636' title='bbox 2120 4258 2366 4313; x_wconf 88' lang='lat' dir='ltr'><strong>divinam</strong></span> <span class='ocrx_word' id='word_1_637' title='bbox 2394 4257 2654 4310; x_wconf 88' lang='lat' dir='ltr'><strong>virtutem</strong></span> <span class='ocrx_word' id='word_1_638' title='bbox 2685 4257 2847 4324; x_wconf 90' lang='lat' dir='ltr'><strong>plane</strong></span> <span class='ocrx_word' id='word_1_639' title='bbox 2880 4252 3176 4324; x_wconf 88' lang='lat' dir='ltr'><strong>impatibili</strong></span> <span class='ocrx_word' id='word_1_640' title='bbox 3218 4250 3423 4318; x_wconf 87' lang='lat' dir='ltr'><strong>ubique</strong></span> <span class='ocrx_word' id='word_1_641' title='bbox 3460 4252 3518 4301; x_wconf 89' lang='lat' dir='ltr'><strong>et</strong></span> 
     </span>
    </p>
   </div>
   <div class='ocr_carea' id='block_1_92' title="bbox 255 4342 1837 4429">
    <p class='ocr_par' dir='ltr' id='par_1_92' title="bbox 255 4348 1835 4421">
     <span class='ocr_line' id='line_1_92' title="bbox 255 4348 1835 4421; baseline 0.001 -15"><span class='ocrx_word' id='word_1_642' title='bbox 255 4355 320 4406; x_wconf 78' lang='grc' dir='ltr'>τὸ</span> <span class='ocrx_word' id='word_1_643' title='bbox 356 4351 489 4421; x_wconf 83' lang='grc' dir='ltr'>θῆλυ</span> <span class='ocrx_word' id='word_1_644' title='bbox 524 4350 868 4421; x_wconf 78' lang='grc' dir='ltr'>προσηγορίᾳ</span> <span class='ocrx_word' id='word_1_645' title='bbox 920 4348 994 4420; x_wconf 81' lang='grc' dir='ltr'>μὴ</span> <span class='ocrx_word' id='word_1_646' title='bbox 1044 4349 1441 4420; x_wconf 84' lang='grc' dir='ltr'>διαιρούμενον,</span> <span class='ocrx_word' id='word_1_647' title='bbox 1477 4353 1598 4405; x_wconf 79' lang='grc' dir='ltr'>καθ’</span> <span class='ocrx_word' id='word_1_648' title='bbox 1630 4353 1689 4406; x_wconf 83' lang='grc' dir='ltr'>ὃν</span> <span class='ocrx_word' id='word_1_649' title='bbox 1742 4354 1835 4409; x_wconf 77' lang='grc' dir='ltr'>καὶ</span> 
     </span>
    </p>
   </div>
   <div class='ocr_carea' id='block_1_93' title="bbox 1940 4342 3515 4429">
    <p class='ocr_par' dir='ltr' id='par_1_93' title="bbox 1940 4342 3515 4411">
     <span class='ocr_line' id='line_1_93' title="bbox 1940 4342 3515 4411; baseline -0.012 -2"><span class='ocrx_word' id='word_1_650' title='bbox 1940 4366 2139 4409; x_wconf 87' lang='lat' dir='ltr'><strong>natura</strong></span> <span class='ocrx_word' id='word_1_651' title='bbox 2166 4348 2395 4411; x_wconf 86' lang='lat' dir='ltr'><strong>excutit,</strong></span> <span class='ocrx_word' id='word_1_652' title='bbox 2428 4348 2567 4403; x_wconf 87' lang='lat' dir='ltr'><strong>adeo</strong></span> <span class='ocrx_word' id='word_1_653' title='bbox 2595 4356 2655 4401; x_wconf 92' lang='lat' dir='ltr'><strong>ut</strong></span> <span class='ocrx_word' id='word_1_654' title='bbox 2689 4344 2996 4401; x_wconf 88' lang='lat' dir='ltr'><strong>secundum</strong></span> <span class='ocrx_word' id='word_1_655' title='bbox 3029 4342 3279 4398; x_wconf 89' lang='lat' dir='ltr'><strong>divinum</strong></span> <span class='ocrx_word' id='word_1_656' title='bbox 3309 4353 3515 4410; x_wconf 86' lang='lat' dir='ltr'><strong>propo-</strong></span> 
     </span>
    </p>
   </div>
   <div class='ocr_carea' id='block_1_94' title="bbox 257 4442 1833 4515">
    <p class='ocr_par' dir='ltr' id='par_1_94' title="bbox 257 4442 1833 4515">
     <span class='ocr_line' id='line_1_94' title="bbox 257 4442 1833 4515; baseline 0.002 -18"><span class='ocrx_word' id='word_1_657' title='bbox 257 4443 682 4515; x_wconf 81' lang='grc' dir='ltr'>προηγουμένως</span> <span class='ocrx_word' id='word_1_658' title='bbox 706 4442 1000 4511; x_wconf 84' lang='grc' dir='ltr'>γεγένηται</span> <span class='ocrx_word' id='word_1_659' title='bbox 1044 4442 1203 4511; x_wconf 87' lang='grc' dir='ltr'>λόγον</span> <span class='ocrx_word' id='word_1_660' title='bbox 1238 4446 1347 4506; x_wconf 83' lang='grc' dir='ltr'>τοῖς</span> <span class='ocrx_word' id='word_1_661' title='bbox 1379 4444 1472 4498; x_wconf 82' lang='grc' dir='ltr'>νῦν</span> <span class='ocrx_word' id='word_1_662' title='bbox 1509 4446 1637 4512; x_wconf 82' lang='grc' dir='ltr'><strong>περί</strong></span> <span class='ocrx_word' id='word_1_663' title='bbox 1670 4446 1833 4502; x_wconf 75' lang='grc' dir='ltr'>αὐτὸν</span> 
     </span>
    </p>
   </div>
   <div class='ocr_carea' id='block_1_95' title="bbox 254 4532 1834 4608">
    <p class='ocr_par' dir='ltr' id='par_1_95' title="bbox 254 4532 1834 4608">
     <span class='ocr_line' id='line_1_95' title="bbox 254 4532 1834 4608; baseline 0 -17"><span class='ocrx_word' id='word_1_664' title='bbox 254 4533 373 4591; x_wconf 70' lang='grc' dir='ltr'>οὖσι</span> <span class='ocrx_word' id='word_1_665' title='bbox 407 4537 660 4605; x_wconf 83' lang='grc' dir='ltr'>τμήμασι</span> <span class='ocrx_word' id='word_1_666' title='bbox 687 4534 761 4604; x_wconf 81' lang='grc' dir='ltr'>μὴ</span> <span class='ocrx_word' id='word_1_667' title='bbox 796 4532 1173 4605; x_wconf 76' lang='grc' dir='ltr'>μεριζόμενον,</span> <span class='ocrx_word' id='word_1_668' title='bbox 1210 4534 1299 4588; x_wconf 82' lang='grc' dir='ltr'>διὰ</span> <span class='ocrx_word' id='word_1_669' title='bbox 1328 4534 1424 4606; x_wconf 80' lang='grc' dir='ltr'><strong>τὴν</strong></span> <span class='ocrx_word' id='word_1_670' title='bbox 1455 4537 1666 4592; x_wconf 78' lang='grc' dir='ltr'>τελείαν</span> <span class='ocrx_word' id='word_1_671' title='bbox 1697 4538 1834 4608; x_wconf 71' lang='grc' dir='ltr'>πρὸς</span> 
     </span>
    </p>
   </div>
   <div class='ocr_carea' id='block_1_96' title="bbox 251 4615 1833 4695">
    <p class='ocr_par' dir='ltr' id='par_1_96' title="bbox 251 4615 1833 4695">
     <span class='ocr_line' id='line_1_96' title="bbox 251 4615 1833 4695; baseline 0.001 -14"><span class='ocrx_word' id='word_1_672' title='bbox 251 4629 343 4681; x_wconf 81' lang='grc' dir='ltr'><strong>τὸν</strong></span> <span class='ocrx_word' id='word_1_673' title='bbox 376 4628 527 4689; x_wconf 87' lang='grc' dir='ltr'>ίδιον,</span> <span class='ocrx_word' id='word_1_674' title='bbox 555 4627 630 4688; x_wconf 84' lang='grc' dir='ltr'>ὡς</span> <span class='ocrx_word' id='word_1_675' title='bbox 656 4625 814 4695; x_wconf 76' lang='grc' dir='ltr'>ἔφην,</span> <span class='ocrx_word' id='word_1_676' title='bbox 847 4625 1003 4691; x_wconf 88' lang='grc' dir='ltr'>λόγον</span> <span class='ocrx_word' id='word_1_677' title='bbox 1031 4615 1152 4677; x_wconf 65' lang='grc' dir='ltr'><strong>καο³</strong></span> <span class='ocrx_word' id='word_1_678' title='bbox 1178 4625 1237 4678; x_wconf 81' lang='grc' dir='ltr'>ὃν</span> <span class='ocrx_word' id='word_1_679' title='bbox 1265 4626 1414 4680; x_wconf 72' lang='grc' dir='ltr'>ἐστιν</span> <span class='ocrx_word' id='word_1_680' title='bbox 1445 4628 1645 4695; x_wconf 89' lang='grc' dir='ltr'>γνῶσιν</span> <span class='ocrx_word' id='word_1_681' title='bbox 1664 4644 1678 4658; x_wconf 82' lang='lat'><strong><em>°</em></strong></span> <span class='ocrx_word' id='word_1_682' title='bbox 1713 4625 1833 4683; x_wconf 87' lang='grc' dir='ltr'>εἷτα</span> 
     </span>
    </p>
   </div>
   <div class='ocr_carea' id='block_1_97' title="bbox 253 4716 1834 4790">
    <p class='ocr_par' dir='ltr' id='par_1_97' title="bbox 253 4716 1834 4790">
     <span class='ocr_line' id='line_1_97' title="bbox 253 4716 1834 4790; baseline 0.001 -19"><span class='ocrx_word' id='word_1_683' title='bbox 253 4720 345 4771; x_wconf 69' lang='grc' dir='ltr'>τὸν</span> <span class='ocrx_word' id='word_1_684' title='bbox 375 4718 705 4787; x_wconf 84' lang='grc' dir='ltr'>παράδεισον</span> <span class='ocrx_word' id='word_1_685' title='bbox 737 4717 830 4769; x_wconf 76' lang='grc' dir='ltr'>καὶ</span> <span class='ocrx_word' id='word_1_686' title='bbox 868 4716 968 4785; x_wconf 77' lang='grc' dir='ltr'>τὴν</span> <span class='ocrx_word' id='word_1_687' title='bbox 1007 4718 1335 4787; x_wconf 87' lang='grc' dir='ltr'>οἰκουμένην</span> <span class='ocrx_word' id='word_1_688' title='bbox 1374 4719 1461 4772; x_wconf 77' lang='grc' dir='ltr'><strong>διὰ</strong></span> <span class='ocrx_word' id='word_1_689' title='bbox 1492 4720 1592 4790; x_wconf 78' lang='grc' dir='ltr'>τῆς</span> <span class='ocrx_word' id='word_1_690' title='bbox 1625 4721 1834 4785; x_wconf 82' lang='grc' dir='ltr'>οἰκείας</span> 
     </span>
    </p>
   </div>
   <div class='ocr_carea' id='block_1_98' title="bbox 252 4806 1831 4878">
    <p class='ocr_par' dir='ltr' id='par_1_98' title="bbox 252 4806 1831 4878">
     <span class='ocr_line' id='line_1_98' title="bbox 252 4806 1831 4878; baseline -0.001 -17"><span class='ocrx_word' id='word_1_691' title='bbox 252 4807 628 4876; x_wconf 82' lang='grc' dir='ltr'>ἁγιοπρεποῦς</span> <span class='ocrx_word' id='word_1_692' title='bbox 666 4807 891 4877; x_wconf 79' lang='grc' dir='ltr'>ἀγωγῆς</span> <span class='ocrx_word' id='word_1_693' title='bbox 927 4806 1137 4870; x_wconf 82' lang='grc' dir='ltr'>ἑνώσας</span> <span class='ocrx_word' id='word_1_694' title='bbox 1170 4807 1300 4877; x_wconf 89' lang='grc' dir='ltr'>μίαν</span> <span class='ocrx_word' id='word_1_695' title='bbox 1335 4811 1577 4875; x_wconf 71' lang='grc' dir='ltr'>ποιήσειε</span> <span class='ocrx_word' id='word_1_696' title='bbox 1603 4812 1724 4877; x_wconf 78' lang='grc' dir='ltr'>γῆν,</span> <span class='ocrx_word' id='word_1_697' title='bbox 1756 4811 1831 4878; x_wconf 81' lang='grc' dir='ltr'>μὴ</span> 
     </span>
    </p>
   </div>
   <div class='ocr_carea' id='block_1_99' title="bbox 252 4897 1823 4970">
    <p class='ocr_par' dir='ltr' id='par_1_99' title="bbox 252 4897 1823 4970">
     <span class='ocr_line' id='line_1_99' title="bbox 252 4897 1823 4970; baseline 0.002 -20"><span class='ocrx_word' id='word_1_698' title='bbox 252 4897 639 4968; x_wconf 82' lang='grc' dir='ltr'>διαιρουμένην</span> <span class='ocrx_word' id='word_1_699' title='bbox 672 4898 819 4968; x_wconf 75' lang='grc' dir='ltr'>αὐτῷ</span> <span class='ocrx_word' id='word_1_700' title='bbox 847 4901 986 4951; x_wconf 77' lang='grc' dir='ltr'>κατὰ</span> <span class='ocrx_word' id='word_1_701' title='bbox 1012 4900 1109 4969; x_wconf 79' lang='grc' dir='ltr'><strong>τὴν</strong></span> <span class='ocrx_word' id='word_1_702' title='bbox 1154 4902 1263 4952; x_wconf 85' lang='grc' dir='ltr'><strong>τῶν</strong></span> <span class='ocrx_word' id='word_1_703' title='bbox 1298 4901 1480 4970; x_wconf 83' lang='grc' dir='ltr'>μερῶν</span> <span class='ocrx_word' id='word_1_704' title='bbox 1526 4903 1692 4968; x_wconf 69' lang='grc' dir='ltr'>αὐτῆς</span> <span class='ocrx_word' id='word_1_705' title='bbox 1717 4902 1823 4955; x_wconf 77' lang='grc' dir='ltr'>διαο</span> 
     </span>
    </p>
   </div>
   <div class='ocr_carea' id='block_1_100' title="bbox 256 4987 1832 5063">
    <p class='ocr_par' dir='ltr' id='par_1_100' title="bbox 256 4987 1832 5063">
     <span class='ocr_line' id='line_1_100' title="bbox 256 4987 1832 5063; baseline 0.004 -24"><span class='ocrx_word' id='word_1_706' title='bbox 256 4987 451 5057; x_wconf 80' lang='grc' dir='ltr'>φορὰν,</span> <span class='ocrx_word' id='word_1_707' title='bbox 511 4988 649 5039; x_wconf 75' lang='grc' dir='ltr'><strong>ἀλλὰ</strong></span> <span class='ocrx_word' id='word_1_708' title='bbox 707 4988 906 5058; x_wconf 83' lang='grc' dir='ltr'>μᾶλλον</span> <span class='ocrx_word' id='word_1_709' title='bbox 970 4992 1368 5063; x_wconf 81' lang='grc' dir='ltr'>συναγομένην,</span> <span class='ocrx_word' id='word_1_710' title='bbox 1421 4992 1496 5056; x_wconf 84' lang='grc' dir='ltr'><strong>ῶς</strong></span> <span class='ocrx_word' id='word_1_711' title='bbox 1562 4993 1832 5062; x_wconf 74' lang='grc' dir='ltr'>μηδεμίαν</span> 
     </span>
    </p>
   </div>
   <div class='ocr_carea' id='block_1_101' title="bbox 256 5078 1829 5154">
    <p class='ocr_par' dir='ltr' id='par_1_101' title="bbox 256 5078 1829 5154">
     <span class='ocr_line' id='line_1_101' title="bbox 256 5078 1829 5154; baseline 0.004 -23"><span class='ocrx_word' id='word_1_712' title='bbox 256 5078 390 5148; x_wconf 78' lang='grc' dir='ltr'>πρὸς</span> <span class='ocrx_word' id='word_1_713' title='bbox 445 5080 610 5148; x_wconf 79' lang='grc' dir='ltr'>μηδὲν</span> <span class='ocrx_word' id='word_1_714' title='bbox 658 5079 767 5132; x_wconf 88' lang='grc' dir='ltr'><strong>τῶν</strong></span> <span class='ocrx_word' id='word_1_715' title='bbox 814 5080 982 5149; x_wconf 76' lang='grc' dir='ltr'>αὐτῆς</span> <span class='ocrx_word' id='word_1_716' title='bbox 1017 5082 1319 5154; x_wconf 80' lang='grc' dir='ltr'>ὑπαγωγὴν</span> <span class='ocrx_word' id='word_1_717' title='bbox 1345 5083 1570 5137; x_wconf 81' lang='grc' dir='ltr'>παθόντι</span> <span class='ocrx_word' id='word_1_718' title='bbox 1608 5084 1792 5154; x_wconf 86' lang='grc' dir='ltr'>μερῶν</span> <span class='ocrx_word' id='word_1_719' title='bbox 1816 5101 1829 5118; x_wconf 73' lang='grc' dir='ltr'>ν</span> 
     </span>
    </p>
   </div>
   <div class='ocr_carea' id='block_1_102' title="bbox 254 5164 1832 5246">
    <p class='ocr_par' dir='ltr' id='par_1_102' title="bbox 254 5164 1832 5246">
     <span class='ocr_line' id='line_1_102' title="bbox 254 5164 1832 5246; baseline 0.003 -24"><span class='ocrx_word' id='word_1_720' title='bbox 254 5164 373 5222; x_wconf 81' lang='grc' dir='ltr'>εἶτα</span> <span class='ocrx_word' id='word_1_721' title='bbox 394 5170 621 5240; x_wconf 73' lang='grc' dir='ltr'>οὐρανὸν</span> <span class='ocrx_word' id='word_1_722' title='bbox 655 5171 749 5224; x_wconf 77' lang='grc' dir='ltr'>καὶ</span> <span class='ocrx_word' id='word_1_723' title='bbox 780 5172 883 5241; x_wconf 80' lang='grc' dir='ltr'><strong>γῆν</strong></span> <span class='ocrx_word' id='word_1_724' title='bbox 928 5171 1138 5236; x_wconf 81' lang='grc' dir='ltr'>ὲνώσας</span> <span class='ocrx_word' id='word_1_725' title='bbox 1157 5174 1246 5226; x_wconf 81' lang='grc' dir='ltr'>διὰ</span> <span class='ocrx_word' id='word_1_726' title='bbox 1272 5174 1372 5239; x_wconf 80' lang='grc' dir='ltr'><strong>τὴν</strong></span> <span class='ocrx_word' id='word_1_727' title='bbox 1408 5175 1541 5246; x_wconf 80' lang='grc' dir='ltr'>πρὸς</span> <span class='ocrx_word' id='word_1_728' title='bbox 1566 5176 1832 5243; x_wconf 84' lang='grc' dir='ltr'>ἀγγέλους</span> 
     </span>
    </p>
   </div>
   <div class='ocr_carea' id='block_1_103' title="bbox 251 5259 1831 5334">
    <p class='ocr_par' dir='ltr' id='par_1_103' title="bbox 251 5259 1831 5334">
     <span class='ocr_line' id='line_1_103' title="bbox 251 5259 1831 5334; baseline 0.003 -21"><span class='ocrx_word' id='word_1_729' title='bbox 251 5262 351 5330; x_wconf 80' lang='grc' dir='ltr'>τῆς</span> <span class='ocrx_word' id='word_1_730' title='bbox 405 5259 549 5331; x_wconf 78' lang='grc' dir='ltr'>ζωῆς</span> <span class='ocrx_word' id='word_1_731' title='bbox 597 5262 760 5314; x_wconf 70' lang='grc' dir='ltr'>παντὶ</span> <span class='ocrx_word' id='word_1_732' title='bbox 811 5262 999 5333; x_wconf 82' lang='grc' dir='ltr'>τρόπῳ</span> <span class='ocrx_word' id='word_1_733' title='bbox 1046 5265 1163 5317; x_wconf 82' lang='grc' dir='ltr'>κατ’</span> <span class='ocrx_word' id='word_1_734' title='bbox 1210 5264 1433 5334; x_wconf 78' lang='grc' dir='ltr'>ἀρετὴν,</span> <span class='ocrx_word' id='word_1_735' title='bbox 1484 5265 1558 5327; x_wconf 82' lang='grc' dir='ltr'>ὡς</span> <span class='ocrx_word' id='word_1_736' title='bbox 1609 5264 1831 5332; x_wconf 70' lang='grc' dir='ltr'>ἐφικτὸν</span> 
     </span>
    </p>
   </div>
   <div class='ocr_carea' id='block_1_104' title="bbox 251 5351 1830 5426">
    <p class='ocr_par' dir='ltr' id='par_1_104' title="bbox 251 5351 1830 5426">
     <span class='ocr_line' id='line_1_104' title="bbox 251 5351 1830 5426; baseline 0.003 -20"><span class='ocrx_word' id='word_1_737' title='bbox 251 5351 580 5425; x_wconf 78' lang='grc' dir='ltr'>ἀνθρώποις,</span> <span class='ocrx_word' id='word_1_738' title='bbox 637 5354 942 5423; x_wconf 78' lang='grc' dir='ltr'>ταύτότητα</span> <span class='ocrx_word' id='word_1_739' title='bbox 1008 5357 1137 5425; x_wconf 78' lang='grc' dir='ltr'>μίαν</span> <span class='ocrx_word' id='word_1_740' title='bbox 1194 5357 1469 5425; x_wconf 80' lang='grc' dir='ltr'>ποιήσειεν</span> <span class='ocrx_word' id='word_1_741' title='bbox 1523 5357 1830 5426; x_wconf 79' lang='grc' dir='ltr'>ἀδιαίρετον</span> 
     </span>
    </p>
   </div>
   <div class='ocr_carea' id='block_1_105' title="bbox 1938 4438 3520 4508">
    <p class='ocr_par' dir='ltr' id='par_1_105' title="bbox 1938 4438 3520 4508">
     <span class='ocr_line' id='line_1_105' title="bbox 1938 4438 3520 4508; baseline -0.012 0"><span class='ocrx_word' id='word_1_742' title='bbox 1938 4450 2107 4508; x_wconf 84' lang='lat' dir='ltr'><strong>situm</strong></span> <span class='ocrx_word' id='word_1_743' title='bbox 2141 4448 2308 4503; x_wconf 89' lang='lat' dir='ltr'><strong>homo</strong></span> <span class='ocrx_word' id='word_1_744' title='bbox 2333 4447 2484 4501; x_wconf 88' lang='lat' dir='ltr'><strong>solus</strong></span> <span class='ocrx_word' id='word_1_745' title='bbox 2530 4443 2858 4499; x_wconf 89' lang='lat' dir='ltr'><strong>ostendatur</strong></span> <span class='ocrx_word' id='word_1_746' title='bbox 2894 4457 2958 4497; x_wconf 90' lang='lat' dir='ltr'><strong>ac</strong></span> <span class='ocrx_word' id='word_1_747' title='bbox 2991 4440 3107 4505; x_wconf 87' lang='lat' dir='ltr'><strong>ﬁat,</strong></span> <span class='ocrx_word' id='word_1_748' title='bbox 3166 4438 3417 4495; x_wconf 78' lang='lat' dir='ltr'><strong>feminini</strong></span> <span class='ocrx_word' id='word_1_749' title='bbox 3458 4443 3520 4491; x_wconf 93' lang='lat' dir='ltr'><strong>et</strong></span> 
     </span>
    </p>
   </div>
   <div class='ocr_carea' id='block_1_106' title="bbox 1937 4526 3519 4609">
    <p class='ocr_par' dir='ltr' id='par_1_106' title="bbox 1937 4526 3519 4609">
     <span class='ocr_line' id='line_1_106' title="bbox 1937 4526 3519 4609; baseline -0.009 -13"><span class='ocrx_word' id='word_1_750' title='bbox 1937 4539 2229 4596; x_wconf 85' lang='lat' dir='ltr'><strong>masculini</strong></span> <span class='ocrx_word' id='word_1_751' title='bbox 2264 4535 2633 4609; x_wconf 86' lang='lat' dir='ltr'><strong>appellatione</strong></span> <span class='ocrx_word' id='word_1_752' title='bbox 2679 4550 2791 4589; x_wconf 87' lang='lat' dir='ltr'><strong>non</strong></span> <span class='ocrx_word' id='word_1_753' title='bbox 2826 4532 3144 4595; x_wconf 81' lang='lat' dir='ltr'><strong>distinctus,</strong></span> <span class='ocrx_word' id='word_1_754' title='bbox 3192 4544 3303 4584; x_wconf 89' lang='lat' dir='ltr'><strong>non</strong></span> <span class='ocrx_word' id='word_1_755' title='bbox 3345 4526 3519 4598; x_wconf 84' lang='lat' dir='ltr'><strong>magis</strong></span> 
     </span>
    </p>
   </div>
   <div class='ocr_carea' id='block_1_107' title="bbox 1935 4617 3517 4703">
    <p class='ocr_par' dir='ltr' id='par_1_107' title="bbox 1935 4617 3517 4703">
     <span class='ocr_line' id='line_1_107' title="bbox 1935 4617 3517 4703; baseline -0.011 -17"><span class='ocrx_word' id='word_1_756' title='bbox 1935 4631 2301 4703; x_wconf 69' lang='lat' dir='ltr'><strong>pnesentibus</strong></span> <span class='ocrx_word' id='word_1_757' title='bbox 2335 4629 2479 4684; x_wconf 87' lang='lat' dir='ltr'><strong>circa</strong></span> <span class='ocrx_word' id='word_1_758' title='bbox 2516 4643 2643 4683; x_wconf 91' lang='lat' dir='ltr'><strong>eum</strong></span> <span class='ocrx_word' id='word_1_759' title='bbox 2672 4624 3018 4689; x_wconf 85' lang='lat' dir='ltr'><strong>sectionibus</strong></span> <span class='ocrx_word' id='word_1_760' title='bbox 3056 4623 3113 4677; x_wconf 90' lang='lat' dir='ltr'><strong>in</strong></span> <span class='ocrx_word' id='word_1_761' title='bbox 3147 4630 3335 4693; x_wconf 89' lang='lat' dir='ltr'><strong>partes</strong></span> <span class='ocrx_word' id='word_1_762' title='bbox 3370 4617 3517 4674; x_wconf 63' lang='grc' dir='ltr'><strong>ἀὶνίρ</strong></span> 
     </span>
    </p>
   </div>
   <div class='ocr_carea' id='block_1_108' title="bbox 1935 4713 3515 4794">
    <p class='ocr_par' dir='ltr' id='par_1_108' title="bbox 1935 4713 3515 4794">
     <span class='ocr_line' id='line_1_108' title="bbox 1935 4713 3515 4794; baseline -0.01 -12"><span class='ocrx_word' id='word_1_763' title='bbox 1935 4743 2029 4782; x_wconf 86' lang='lat' dir='ltr'><strong>sus</strong></span> <span class='ocrx_word' id='word_1_764' title='bbox 2055 4739 2220 4794; x_wconf 86' lang='lat' dir='ltr'><strong>quam</strong></span> <span class='ocrx_word' id='word_1_765' title='bbox 2247 4738 2355 4792; x_wconf 90' lang='lat' dir='ltr'><strong>qua</strong></span> <span class='ocrx_word' id='word_1_766' title='bbox 2379 4730 2465 4776; x_wconf 91' lang='lat' dir='ltr'><strong>est</strong></span> <span class='ocrx_word' id='word_1_767' title='bbox 2491 4730 2651 4775; x_wconf 82' lang='lat' dir='ltr'><strong>antea</strong></span> <span class='ocrx_word' id='word_1_768' title='bbox 2681 4719 2918 4783; x_wconf 88' lang='lat' dir='ltr'><strong>ratione,</strong></span> <span class='ocrx_word' id='word_1_769' title='bbox 2945 4724 3170 4788; x_wconf 90' lang='lat' dir='ltr'><strong>propter</strong></span> <span class='ocrx_word' id='word_1_770' title='bbox 3212 4713 3515 4786; x_wconf 83' lang='lat' dir='ltr'><strong>perfectam</strong></span> 
     </span>
    </p>
   </div>
   <div class='ocr_carea' id='block_1_109' title="bbox 1935 4808 3512 4884">
    <p class='ocr_par' dir='ltr' id='par_1_109' title="bbox 1935 4808 3512 4884">
     <span class='ocr_line' id='line_1_109' title="bbox 1935 4808 3512 4884; baseline -0.007 -15"><span class='ocrx_word' id='word_1_771' title='bbox 1935 4817 2000 4869; x_wconf 81' lang='lat' dir='ltr'><strong>ad</strong></span> <span class='ocrx_word' id='word_1_772' title='bbox 2032 4815 2332 4884; x_wconf 86' lang='lat' dir='ltr'><strong>propriam,</strong></span> <span class='ocrx_word' id='word_1_773' title='bbox 2384 4813 2463 4867; x_wconf 87' lang='lat' dir='ltr'><strong>uti</strong></span> <span class='ocrx_word' id='word_1_774' title='bbox 2496 4812 2632 4878; x_wconf 85' lang='lat' dir='ltr'><strong>dixi,</strong></span> <span class='ocrx_word' id='word_1_775' title='bbox 2680 4813 2954 4867; x_wconf 89' lang='lat' dir='ltr'><strong>rationem</strong></span> <span class='ocrx_word' id='word_1_776' title='bbox 3004 4808 3310 4864; x_wconf 89' lang='lat' dir='ltr'><strong>secundum</strong></span> <span class='ocrx_word' id='word_1_777' title='bbox 3346 4819 3512 4874; x_wconf 89' lang='lat' dir='ltr'><strong>quam</strong></span> 
     </span>
    </p>
   </div>
   <div class='ocr_carea' id='block_1_110' title="bbox 1935 4896 3515 4973">
    <p class='ocr_par' dir='ltr' id='par_1_110' title="bbox 1935 4896 3515 4973">
     <span class='ocr_line' id='line_1_110' title="bbox 1935 4896 3515 4973; baseline -0.006 -14"><span class='ocrx_word' id='word_1_778' title='bbox 1935 4916 2019 4959; x_wconf 67' lang='lat' dir='ltr'><strong>est</strong></span> <span class='ocrx_word' id='word_1_779' title='bbox 2045 4906 2411 4973; x_wconf 80' lang='lat' dir='ltr'><strong>cognitionem</strong></span> <span class='ocrx_word' id='word_1_780' title='bbox 2446 4921 2461 4969; x_wconf 88' lang='lat'><strong>;</strong></span> <span class='ocrx_word' id='word_1_781' title='bbox 2497 4904 2697 4958; x_wconf 85' lang='lat' dir='ltr'><strong>deinde</strong></span> <span class='ocrx_word' id='word_1_782' title='bbox 2723 4902 3039 4973; x_wconf 84' lang='lat' dir='ltr'><strong>paradisum</strong></span> <span class='ocrx_word' id='word_1_783' title='bbox 3067 4916 3192 4956; x_wconf 87' lang='lat' dir='ltr'><strong>eum</strong></span> <span class='ocrx_word' id='word_1_784' title='bbox 3220 4908 3381 4953; x_wconf 70' lang='lat' dir='ltr'><strong>terra:</strong></span> <span class='ocrx_word' id='word_1_785' title='bbox 3417 4896 3515 4950; x_wconf 57' lang='lat' dir='ltr'><strong>hae</strong></span> 
     </span>
    </p>
   </div>
   <div class='ocr_carea' id='block_1_111' title="bbox 1937 4990 3513 5065">
    <p class='ocr_par' dir='ltr' id='par_1_111' title="bbox 1937 4990 3513 5065">
     <span class='ocr_line' id='line_1_111' title="bbox 1937 4990 3513 5065; baseline -0.006 -14"><span class='ocrx_word' id='word_1_786' title='bbox 1937 4997 2181 5051; x_wconf 82' lang='lat' dir='ltr'><strong>bitabilis</strong></span> <span class='ocrx_word' id='word_1_787' title='bbox 2204 4996 2339 5051; x_wconf 86' lang='lat' dir='ltr'><strong>orbe</strong></span> <span class='ocrx_word' id='word_1_788' title='bbox 2384 5011 2484 5065; x_wconf 89' lang='lat' dir='ltr'><strong>per</strong></span> <span class='ocrx_word' id='word_1_789' title='bbox 2519 5005 2724 5052; x_wconf 86' lang='lat' dir='ltr'><strong>castam</strong></span> <span class='ocrx_word' id='word_1_790' title='bbox 2776 4994 3251 5051; x_wconf 87' lang='lat' dir='ltr'><strong>conversationem</strong></span> <span class='ocrx_word' id='word_1_791' title='bbox 3295 4990 3513 5045; x_wconf 85' lang='lat' dir='ltr'><strong>unitum</strong></span> 
     </span>
    </p>
   </div>
   <div class='ocr_carea' id='block_1_112' title="bbox 1938 5081 3511 5157">
    <p class='ocr_par' dir='ltr' id='par_1_112' title="bbox 1938 5081 3511 5157">
     <span class='ocr_line' id='line_1_112' title="bbox 1938 5081 3511 5157; baseline -0.006 -15"><span class='ocrx_word' id='word_1_792' title='bbox 1938 5105 2102 5143; x_wconf 88' lang='lat' dir='ltr'><strong>unam</strong></span> <span class='ocrx_word' id='word_1_793' title='bbox 2138 5097 2341 5143; x_wconf 86' lang='lat' dir='ltr'><strong>terram</strong></span> <span class='ocrx_word' id='word_1_794' title='bbox 2372 5087 2593 5152; x_wconf 79' lang='lat' dir='ltr'><strong>elliciat,</strong></span> <span class='ocrx_word' id='word_1_795' title='bbox 2626 5103 2747 5157; x_wconf 81' lang='lat' dir='ltr'><strong>quae</strong></span> <span class='ocrx_word' id='word_1_796' title='bbox 2788 5086 3090 5142; x_wconf 85' lang='lat' dir='ltr'><strong>secundum</strong></span> <span class='ocrx_word' id='word_1_797' title='bbox 3119 5084 3358 5154; x_wconf 86' lang='lat' dir='ltr'><strong>partium</strong></span> <span class='ocrx_word' id='word_1_798' title='bbox 3391 5081 3511 5147; x_wconf 78' lang='lat' dir='ltr'><strong>eius</strong></span> 
     </span>
    </p>
   </div>
   <div class='ocr_carea' id='block_1_113' title="bbox 1937 5174 3509 5244">
    <p class='ocr_par' dir='ltr' id='par_1_113' title="bbox 1937 5174 3509 5244">
     <span class='ocr_line' id='line_1_113' title="bbox 1937 5174 3509 5244; baseline -0.006 -13"><span class='ocrx_word' id='word_1_799' title='bbox 1937 5179 2314 5233; x_wconf 86' lang='lat' dir='ltr'><strong>diversitatem</strong></span> <span class='ocrx_word' id='word_1_800' title='bbox 2341 5178 2445 5232; x_wconf 86' lang='lat' dir='ltr'><strong>sibi</strong></span> <span class='ocrx_word' id='word_1_801' title='bbox 2478 5193 2587 5230; x_wconf 92' lang='lat' dir='ltr'><strong>non</strong></span> <span class='ocrx_word' id='word_1_802' title='bbox 2624 5178 2696 5232; x_wconf 90' lang='lat' dir='ltr'><strong>sit</strong></span> <span class='ocrx_word' id='word_1_803' title='bbox 2721 5176 3002 5239; x_wconf 88' lang='lat' dir='ltr'><strong>distincta,</strong></span> <span class='ocrx_word' id='word_1_804' title='bbox 3034 5175 3127 5229; x_wconf 88' lang='lat' dir='ltr'><strong>sed</strong></span> <span class='ocrx_word' id='word_1_805' title='bbox 3160 5174 3343 5244; x_wconf 89' lang='lat' dir='ltr'><strong>potius</strong></span> <span class='ocrx_word' id='word_1_806' title='bbox 3375 5185 3509 5224; x_wconf 90' lang='lat' dir='ltr'><strong>cou—.</strong></span> 
     </span>
    </p>
   </div>
   <div class='ocr_carea' id='block_1_114' title="bbox 1937 5261 3516 5337">
    <p class='ocr_par' dir='ltr' id='par_1_114' title="bbox 1937 5261 3516 5337">
     <span class='ocr_line' id='line_1_114' title="bbox 1937 5261 3516 5337; baseline -0.006 -16"><span class='ocrx_word' id='word_1_807' title='bbox 1937 5277 2178 5337; x_wconf 80' lang='lat' dir='ltr'><strong>gregata,</strong></span> <span class='ocrx_word' id='word_1_808' title='bbox 2224 5266 2404 5336; x_wconf 91' lang='lat' dir='ltr'><strong>utqui</strong></span> <span class='ocrx_word' id='word_1_809' title='bbox 2456 5266 2784 5321; x_wconf 84' lang='lat' dir='ltr'><strong>ad&#39;nullam</strong></span> <span class='ocrx_word' id='word_1_810' title='bbox 2819 5267 2954 5336; x_wconf 85' lang='lat' dir='ltr'><strong>ejus</strong></span> <span class='ocrx_word' id='word_1_811' title='bbox 3000 5264 3235 5335; x_wconf 89' lang='lat' dir='ltr'><strong>partium</strong></span> <span class='ocrx_word' id='word_1_812' title='bbox 3275 5261 3516 5332; x_wconf 86' lang='lat' dir='ltr'><strong>patiatur</strong></span> 
     </span>
    </p>
   </div>
   <div class='ocr_carea' id='block_1_115' title="bbox 1937 5356 3508 5429">
    <p class='ocr_par' dir='ltr' id='par_1_115' title="bbox 1937 5356 3508 5429">
     <span class='ocr_line' id='line_1_115' title="bbox 1937 5356 3508 5429; baseline -0.003 -17"><span class='ocrx_word' id='word_1_813' title='bbox 1937 5359 2177 5429; x_wconf 88' lang='lat' dir='ltr'><strong>aliquam</strong></span> <span class='ocrx_word' id='word_1_814' title='bbox 2208 5356 2634 5416; x_wconf 85' lang='lat' dir='ltr'><strong>subductionem</strong></span> <span class='ocrx_word' id='word_1_815' title='bbox 2665 5375 2677 5412; x_wconf 88' lang='lat'><strong>:</strong></span> <span class='ocrx_word' id='word_1_816' title='bbox 2731 5357 2933 5413; x_wconf 88' lang='lat' dir='ltr'><strong>deinde</strong></span> <span class='ocrx_word' id='word_1_817' title='bbox 2971 5357 3173 5412; x_wconf 69' lang='lat' dir='ltr'><strong>cmlum</strong></span> <span class='ocrx_word' id='word_1_818' title='bbox 3213 5364 3269 5411; x_wconf 91' lang='lat' dir='ltr'><strong>et</strong></span> <span class='ocrx_word' id='word_1_819' title='bbox 3304 5361 3508 5415; x_wconf 83' lang='lat' dir='ltr'><strong>terram</strong></span> 
     </span>
    </p>
   </div>
   <div class='ocr_carea' id='block_1_116' title="bbox 1507 5512 2195 5571">
    <p class='ocr_par' dir='ltr' id='par_1_116' title="bbox 1507 5512 2195 5571">
     <span class='ocr_line' id='line_1_116' title="bbox 1507 5512 2195 5571; baseline 0.009 -7"><span class='ocrx_word' id='word_1_820' title='bbox 1507 5512 1738 5569; x_wconf 70' lang='lat' dir='ltr'><strong>VARUE</strong></span> <span class='ocrx_word' id='word_1_821' title='bbox 1780 5513 2195 5571; x_wconf 84' lang='lat' dir='ltr'><strong>LECTIONES.</strong></span> 
     </span>
    </p>
   </div>
   <div class='ocr_carea' id='block_1_117' title="bbox 343 5597 1523 5673">
    <p class='ocr_par' dir='ltr' id='par_1_117' title="bbox 343 5597 1523 5673">
     <span class='ocr_line' id='line_1_117' title="bbox 343 5597 1523 5673; baseline 0.003 -18"><span class='ocrx_word' id='word_1_822' title='bbox 343 5597 388 5632; x_wconf 77' lang='lat'>“</span> <span class='ocrx_word' id='word_1_823' title='bbox 424 5598 481 5655; x_wconf 85' lang='lat' dir='ltr'><strong>In</strong></span> <span class='ocrx_word' id='word_1_824' title='bbox 516 5600 827 5670; x_wconf 82' lang='lat' dir='ltr'><strong>apograpbo</strong></span> <span class='ocrx_word' id='word_1_825' title='bbox 853 5615 975 5656; x_wconf 91' lang='lat' dir='ltr'><strong>meo</strong></span> <span class='ocrx_word' id='word_1_826' title='bbox 1005 5600 1185 5655; x_wconf 83' lang='lat' dir='ltr'><strong>inveni</strong></span> <span class='ocrx_word' id='word_1_827' title='bbox 1218 5601 1523 5673; x_wconf 76' lang='grc' dir='ltr'>ἀνθρώπου.</span> 
     </span>
    </p>
   </div>
  </div>
