3938 6192
368 246 502 313 1307

1530 245 1592 305 S.
1639 243 1929 305 MAXIMI
1968 241 2485 306 CONFESSORIS

3499 234 3657 303 130$

365 359 688 416 eoadunans
701 374 801 429 per
829 358 1093 413 vitaaeum
1117 356 1327 427 angelis
1349 355 1772 411 similitudinem
1796 355 1943 411 omni

2060 356 2227 426 πάντη
2304 357 2442 428 πρὸς
2512 355 2712 427 ἑαυτὴν
2771 355 2871 427 τὴν
2960 352 3235 425 αἰσθητὴν
3285 352 3499 412 κτίσιν.
3566 348 3642 421 μὴ

367 450 539 505 modo
556 449 623 505 de
646 449 988 518 virtute,pro
1012 447 1549 518 hominumviribns,
1569 455 1782 517 partam
1814 461 1943 501 sen-

362 540 584 597 sibilem
613 540 985 595 conditionem
1040 556 1205 594 unam
1232 548 1289 594 et
1331 556 1361 594 a
1404 540 1699 608 semetipsa
1743 537 1941 592 nullibi

362 630 757 688 secernendam
782 629 1004 693 efﬁciat,
1027 646 1149 700 quze
1169 631 1423 685 localiter
1447 631 1608 700 plane
1624 630 1693 684 ab
1716 629 1811 684 illo
1832 645 1942 685 non

364 723 552 784 distet,
593 721 685 791 qui
718 721 917 791 spiritu
968 722 1106 776 levis
1152 722 1333 778 factus
1375 731 1480 788 est,
1518 723 1782 792 nullaque
1820 737 1944 777 cor—

364 812 541 879 porali
571 806 839 881 gravitate
878 812 944 866 ad
976 821 1178 867 terram
1219 813 1555 877 detrahitur,
1614 823 1711 868 aut
1740 813 1810 867 ab
1852 828 1945 868 as-

364 904 627 958 censione
661 904 714 957 in
742 904 912 959 cmlos
939 904 1267 973 prohibetur
1304 905 1375 959 ob
1394 905 1694 975 perfectam
1727 906 1795 959 ad
1828 906 1945 960 hate

363 995 566 1050 mentis
617 996 869 1065 gnaviter
925 996 992 1049 ad
1018 997 1190 1049 Deum
1225 997 1944 1066 properantisinvisibilita-

366 1094 497 1149 tem,
543 1094 599 1141 et
624 1086 965 1141 extensionis
993 1087 1058 1140 ad
1088 1102 1215 1140 eum
1249 1088 1512 1157 deinceps
1544 1089 1947 1158 sapienteriter

367 1178 709 1234 instituentis
740 1180 814 1233 ita
844 1186 921 1243 ut,
952 1180 1417 1248 quemadmodum
1442 1181 1496 1233 in
1522 1183 1801 1235 communi
1835 1183 1943 1246 via,

365 1269 695 1324 naturaliter
729 1269 798 1323 de
830 1284 897 1323 eo
935 1271 1081 1338 quod
1115 1279 1245 1324 ante
1283 1283 1366 1324 est
1409 1272 1476 1325 ad
1520 1273 1573 1325 id
1625 1274 1771 1342 quod
1823 1283 1946 1344 post

367 1366 454 1415 est
487 1359 754 1429 procedat
790 1378 802 1412 :
839 1359 1040 1414 deinde
1067 1360 1436 1433 intelligibilia
1463 1372 1518 1416 et
1559 1364 1846 1418 sensibilia
1876 1365 1941 1418 ad

369 1452 488 1506 haec
534 1452 858 1507 coadunans
910 1468 1009 1521 per
1049 1453 1471 1506 similitudinem
1514 1454 1580 1509 de
1632 1456 1944 1526 cognitione

367 1558 493 1599 cum
511 1544 719 1614 angelis
745 1559 906 1597 unam
930 1543 1135 1598 efﬁciat
1164 1552 1331 1598 totam
1364 1546 1761 1611 conditionem,
1782 1563 1946 1616 quam

369 1632 746 1688 indistinctam
813 1634 919 1688 sibi
972 1633 1176 1688 habeat
1224 1635 1527 1688 secundum
1572 1636 1943 1704 cognitionem

367 1734 422 1780 et
447 1725 859 1796 ignorantiam,
916 1742 1043 1780 cum
1080 1726 1196 1795 pari
1253 1741 1379 1781 cum
1429 1728 1641 1797 angelis
1684 1739 1739 1782 et
1789 1730 1946 1799 plene

367 1817 616 1873 imbutus
660 1818 733 1871 sit
790 1833 975 1871 rerum
1023 1834 1144 1887 qua:
1197 1827 1326 1872 sunt
1373 1819 1652 1874 rationum
1700 1822 1948 1891 gnostiea

366 1908 621 1964 doctrina
648 1951 662 1975 ,
702 1925 808 1979 qua
852 1925 995 1964 verre
1052 1910 1341 1978 sapientia:
1396 1911 1704 1980 largissima
1752 1912 1949 1966 eﬁ‘usio

368 1999 687 2062 subsecuta,
728 2008 787 2051 ut
821 2014 919 2067 par
949 2004 1054 2060 est,
1100 1998 1169 2052 de
1214 2000 1431 2068 reliquo
1471 2002 1688 2056 sincere
1726 2003 1809 2056 eis
1850 2009 1946 2072 qui

366 2090 517 2160 digni
556 2098 684 2142 sunt
720 2098 775 2143 et
809 2089 1124 2144 immediate
1164 2090 1261 2144 Dei
1294 2092 1537 2160 praebeat
1562 2094 1839 2147 notionem
1878 2096 1945 2149 ad

368 2181 806 2251 pernoscendum
834 2180 1117 2236 difﬁcilem
1142 2189 1309 2250 atque
1342 2182 1681 2238 ineffabilem
1710 2201 1724 2237 :
1760 2195 1817 2240 et
1851 2185 1951 2246 de-

367 2273 537 2341 nique
581 2272 648 2325 ad
686 2272 803 2326 haec
830 2271 1016 2326 omnia
1042 2311 1055 2333 ,
1106 2272 1390 2326 conditam
1429 2288 1649 2344 quoque
1695 2286 1950 2332 naturam

368 2380 492 2419 cum
520 2364 799 2419 incondita
821 2380 917 2434 per
938 2364 1265 2419 ebaritatem
1285 2366 1673 2439 eoadunans(o
1701 2385 1817 2423 rem
1853 2387 1952 2425 no-

369 2473 493 2512 vam
517 2467 573 2514 et
600 2458 984 2513 admirandam
1008 2458 1214 2512 divina:
1248 2458 1394 2513 circa
1425 2475 1527 2514 nos
1572 2459 1883 2516 clementize
1910 2463 1951 2533 l)

371 2565 540 2604 unum
582 2558 747 2620 atque
798 2549 942 2604 idem
982 2565 1083 2618 per
1131 2550 1322 2619 gratize
1369 2549 1620 2604 habitum
1660 2552 1951 2618 ostendat,

369 2639 499 2695 dum
535 2649 707 2695 totum
744 2640 800 2694 in
826 2648 1002 2694 totum
1055 2656 1177 2695 sese
1225 2641 1393 2695 Deum
1446 2657 1509 2696 ac
1560 2643 1720 2711 plene
1777 2652 1957 2699 trans—-

370 2731 572 2796 fundit,
624 2739 680 2785 et
710 2730 978 2801 quidquid
1029 2739 1115 2785 est
1156 2731 1302 2785 Deus
1327 2733 1438 2802 jam
1472 2732 1588 2801 ipse
1638 2732 1718 2797 ﬁt,
1755 2744 1958 2803 praeter

371 2837 534 2877 unam
580 2821 835 2876 essentia:
883 2821 1226 2876 identitatem
1260 2862 1273 2885 ,
1317 2832 1373 2876 et
1422 2831 1599 2877 totum
1652 2824 1832 2894 ipsum
1857 2842 1956 2895 pro

372 2928 431 2968 se
484 2913 602 2983 ipso
654 2913 826 2966 Deum
858 2912 1102 2982 accipit,
1154 2912 1609 2981 ascensionisque
1666 2914 1734 2968 ad
1784 2916 1955 2971 Deum

2044 451 2432 521 διαιρουμένην
2458 449 2605 520 αὐτῷ
2624 448 2959 512 τοπικῶς¹τδ
2983 446 3246 518 παράπαν
3281 447 3393 506 τοῖς
3415 444 3657 513 διαστή-

2048 558 2205 611 μασι,
2261 540 2450 612 κούφῳ
2504 541 2783 611 γενομένῳ
2835 539 2916 609 τῷ
2966 538 3239 609 πνεύματι
3293 539 3388 591 καὶ
3445 538 3663 609 μηδενὶ-

2047 632 2203 704 βάρει
2248 632 2547 702 σωματικῷ
2594 631 2947 703 κατεχομένῳ
3004 630 3144 702 πρὸς
3204 630 3331 698 γῆν,
3379 630 3482 706 ,καὶ
3537 628 3667 698 τῆἷ

2047 727 2183 797 πρὸς
2217 710 2483 797 οὐρανοὺς
2533 725 2855 787 ἀναϐάσεως
2897 722 3207 794 εἰργομένῳ
3239 721 3330 775 διὰ
3370 721 3469 791 τὴν
3500 720 3646 790 πρδς

2044 815 2218 868 ταῦτα
2248 815 2343 868 τοῦ
2389 814 2482 868 νοῦ
2528 815 2746 868 τελείαν
2792 813 3060 884 ἀορασίαν
3091 812 3334 879 γνησίως
3367 810 3509 880 πρὸς
3544 810 3665 861 τὸντ

2044 908 2179 962 Θεὸν
2202 908 2585 979 ἐπειγομένου,
2643 908 2738 961 καὶ
2784 907 2967 977 σοφῶς
3014 908 3340 977 ποιουμένου
3371 903 3474 972 τῆς
3499 903 3667 969 πρὸς

2045 998 2209 1052 αὑτὸν
2237 999 2555 1060 ἀνατάσεως
2585 997 2802 1067 ἐφεξῆς,
2830 997 2906 1059 ὡς
2940 999 2997 1050 ἐν
3023 997 3125 1067 ὁδῷ
3173 997 3347 1063 κοινῇ,
3387 990 3655 1059 φυσικῶς

2045 1090 2139 1143 τοῦ
2175 1091 2217 1122 ⁸⁷
2274 1090 2380 1161 πρὸ
2430 1089 2596 1144 αὑτοῦ
2648 1090 2710 1142 τδ
2768 1088 2982 1157 φθάσαν
3043 1087 3331 1140 ὲιιιτίϐοισιν⁸
3384 1079 3508 1136 εἶτα
3570 1081 3643 1133 τὰ

2045 1182 2212 1251 νοητὰ
2267 1182 2365 1236 καὶ
2396 1181 2467 1235 τὰ
2500 1180 2737 1250 αἰσθητά
2767 1180 2903 1251 πρὸς
2928 1178 3141 1240 τούτοις
3171 1176 3378 1238 ὲνώσας
3403 1174 3496 1227 διὰ
3538 1172 3645 1241 τὴν

2047 1273 2183 1344 πρὸς
2220 1273 2487 1341 ἀγγέλους
2521 1275 2660 1349 κατά
2702 1270 2801 1341 τὴν
2842 1270 3045 1338 γνῶσιν
3087 1269 3309 1338 ἰσότητα
3370 1265 3557 1335 (222
3588 1264 3644 1331 θ)

2050 1368 2178 1439 μίαν
2206 1370 2407 1441 ποιήσῃ
2436 1369 2613 1421 κτίσιν
2646 1368 2744 1436 τὴν
2803 1367 3022 1421 ἃπασαν
3058 1366 3258 1427 κτίσιν,
3294 1363 3369 1435 μὴ
3393 1363 3642 1430 διαιρουο

2049 1460 2221 1531 μένην
2271 1460 2420 1529 αὑτῷ
2464 1459 2607 1512 κατά
2658 1459 2759 1528 τὴν
2808 1458 3009 1525 γνῶσιν
3045 1457 3138 1508 καὶ
3186 1454 3284 1523 τὴν
3333 1450 3640 1521 ἀγνωσίαν,

2050 1552 2172 1622 ῐσης
2201 1550 2349 1621 αὐτῷ
2377 1551 2518 1616 πρὸς
2551 1549 2677 1612 τοὺς
2712 1549 2978 1616 ἀγγέλους
3011 1545 3311 1605 ἀνελλιπῶς
3334 1540 3644 1611 γενομένης

2049 1642 2158 1693 τῶν
2187 1644 2245 1694 ἐν
2276 1644 2388 1705 τοῖς
2416 1636 2535 1693 οὖσι
2583 1641 2758 1705 λόγων
2803 1637 3117 1706 γνωστικῆς
3143 1636 3480 1703 ἐπιστήμης,
3513 1629 3643 1685 καθ’

2052 1735 2118 1805 ἦν
2145 1737 2178 1803 ἡ
2209 1736 2309 1805 τῆς
2348 1732 2585 1804 ἀληθοῦς
2627 1732 2821 1802 σοφίας
2845 1730 3216 1800 ἀπειρόδωρος
3246 1727 3403 1798 χύσις
3450 1729 3643 1791 ὲπιγε·

2052 1826 2251 1897 νομένη
2280 1826 2421 1880 κατά
2460 1824 2520 1878 τὸ
2554 1823 2774 1893 θεμιτὸν
2806 1820 3124 1893 ἀκραιφνῶς
3167 1817 3353 1872 λοιπὸν
3378 1816 3478 1887 τὴν
3512 1816 3651 1885 περὶ

2051 1917 2185 1971 Θεοῦ
2217 1918 2310 1971 καὶ
2350 1916 2727 1985 ἀμεσιτεύτως
2759 1914 3062 1985 παρέχεται
3104 1915 3219 1975 τοῖς
3275 1909 3450 1976 ἀξίοις
3488 1906 3647 1960 dati-

2052 2027 2294 2077 γνωστον
2332 2010 2427 2063 καὶ
2462 2009 2865 2080 ἀνερμήνευτον
2914 2006 3122 2059 ἔννοιαν
3148 2020 3162 2033 ·
3195 2003 3293 2057 καὶ
3338 2000 3495 2063 τέλος
3547 1999 3647 2050 ἐπὶ

2053 2104 2187 2155 πᾶσι
2240 2100 2480 2175 τούτοις,
2534 2102 2629 2153 xal
2671 2098 2895 2170 κτιστὴν
2945 2097 3109 2167 φύσιν
3158 2098 3225 2166 τῇ
3276 2094 3524 2160 ἀκτίστῳ
3573 2089 3647 2143 δι’

2052 2195 2275 2264 aram};
2301 2192 2507 2256 ἑνώσας
2538 2191 2602 2263 (ὢ
2635 2191 2732 2245 τοῦ
2763 2188 3042 2260 θαύματος
3070 2190 3170 2259 τῆς
3196 2186 3325 2257 περὶ
3371 2184 3520 2252 ἡμᾶς
3543 2179 3647 2234 τοῦ

2053 2287 2190 2341 Θεοῦ
2224 2284 2662 2356 φιλανθρωπίαὲ)
2708 2283 2766 2337 ἓν
2801 2284 2896 2337 καὶ
2927 2280 3126 2337 ταύτὸν
3151 2277 3346 2344 δείξειε
3380 2274 3518 2329 κατὰ
3539 2273 3647 2342 τὴν

2057 2376 2165 2446 ἕξιν
2208 2379 2309 2449 τῆς
2333 2379 2577 2448 χάριτος,
2611 2378 2732 2441 ὅλος
2765 2378 2871 2447 ὅλῳ
2901 2373 3291 2447 περιχωρήσας
3330 2368 3527 2429 ὑλικῶς
3565 2365 3651 2434 τῷ

2056 2471 2197 2542 Θεῷ,
2255 2471 2349 2524 καὶ
2399 2470 2693 2539 γενόμενος
2738 2470 2848 2522 πᾶν
2901 2467 2954 2520 εί
2977 2466 3029 2518 τι
3075 2465 3185 2535 πέρ
3237 2466 3389 2517 ἐστιν
3416 2461 3446 2513 ὁ
3483 2458 3644 2520 Θεὸς.

2057 2562 2225 2634 χωρὶς
2274 2561 2375 2630 τῆς
2414 2559 2534 2614 κατ’
2564 2559 2756 2613 οὐσίαν
2796 2543 3150 2627 ταύτότητος,
3182 2553 3280 2608 καὶ
3317 2551 3441 2606 ὅλον
3481 2548 3650 2603 αύτὶν

2056 2652 2359 2707 ἀντιλαϐὼν
2402 2650 2600 2704 ἑαυτοῦ
2630 2650 2723 2704 τὸν
2764 2648 2921 2711 Θεὸν,
2962 2648 3060 2701 καὶ
3098 2646 3199 2716 τῆς
3232 2644 3321 2696 ἐπ’
3361 2641 3522 2695 αὐτὸν
3549 2640 3650 2691 τὸν

2057 2742 2190 2797 Θεδν
2257 2742 2578 2805 ἀναϐάσεως
2638 2737 2749 2795 οἷον
2819 2739 3051 2793 ἔπαθλον
3117 2736 3282 2791 αὑτὸν
3331 2735 3650 2805 μονώτατον

2060 2835 2403 2905 κτησάμενος
2426 2834 2518 2886 τὸν
2548 2834 2702 2896 Θεὸν,
2729 2833 2805 2896 ὡς
2838 2832 2992 2896 τέλος
3021 2831 3120 2902 τῆς
3153 2828 3263 2881 τῶν
3303 2824 3652 2895 κινουμένων

2059 2928 2347 2996 κινήσεως,
2378 2926 2473 2980 καὶ
2506 2927 2696 2980 στάσιν
2724 2925 2956 2996 βάσιμόν
3007 2940 3067 2977 τε
3105 2921 3203 2975 καὶ
3254 2917 3512 2987 ἀκίνητον
3534 2914 3653 2967 τῶν

372 3003 639 3060 instituta:
664 3012 921 3074 tanquam
957 3004 1242 3074 praemium
1274 3004 1453 3073 ipsum
1487 3007 1847 3075 consequitur
1893 3026 1953 3065 ac

2060 3019 2146 3070 ἐπ’
2194 3018 2358 3072 αὐτὸν
2398 3017 2741 3090 φερομένων,
2790 3018 2881 3070 καὶ
2915 3014 3117 3077 παντὸς
3142 3014 3271 3080 ὅρου
3296 3011 3390 3063 καὶ
3439 3005 3653 3077 θεσμοῦ

372 3100 549 3155 solum
576 3100 770 3164 Deum,
805 3108 865 3153 ut
908 3114 1091 3153 rerum
1144 3105 1417 3152 motarum
1453 3098 1716 3153 motionis
1762 3088 1947 3168 ﬁnem,

373 3208 437 3247 ac
466 3192 677 3247 ﬁrmam
702 3201 757 3247 et
789 3192 1040 3247 stabilem
1072 3206 1265 3245 eorum
1293 3205 1415 3259 quae
1438 3190 1505 3243 ad
1537 3205 1664 3244 eum
1696 3191 1951 3248 feruntur

2059 3110 2153 3163 ml.
2190 3108 2378 3180 νόμου,
2404 3110 2564 3178 λόγου
2608 3126 2667 3162 τε
2712 3109 2804 3162 καὶ
2833 3107 2950 3172 νοῦ,
2980 3106 3077 3160 καὶ⁵
3124 3103 3339 3173 φύσεως
3379 3100 3507 3169 ὅρον
3547 3098 3657 3150 καὶ

2059 3201 2233 3273 πέρας
2266 3202 2518 3273 ἀόριστόν
2540 3220 2599 3254 τε
2625 3203 2719 3255 καὶ
2753 3201 2980 3269 ἄπειρον
3000 3199 3150 3251 ὅντα.

373 3285 688 3349 stationem,
720 3284 1011 3354 omnisque
1066 3283 1192 3337 ﬁnis
1259 3291 1315 3337 et.
1358 3283 1560 3354 regula:
1590 3293 1646 3338 et
1691 3285 1823 3356 legis
1850 3328 1867 3353 ,
1912 3296 2190 3351 sermonis
2232 3306 2400 3367 atque
2431 3296 2633 3351 mentis
2697 3303 2755 3349 et
2781 3303 2994 3349 natum
3053 3292 3240 3355 ﬁnem,
3280 3298 3335 3344 et
3376 3282 3657 3341 inﬁnitam

357 3375 890 3446 ,interminatamque
920 3387 1142 3431 metam.

443 3466 580 3522 Cum
602 3465 1109 3537 igiturnaturaliter
1132 3465 1316 3531 homo,
1341 3476 1628 3537 postquam
1662 3467 1970 3525 fabricatus

373 3567 475 3620 est.
505 3558 648 3613 circa
679 3554 956 3612 immobile
987 3563 1046 3609 ut
1073 3555 1158 3610 sui
1189 3556 1405 3610 initium
1441 3557 1655 3626 (Deum,
1685 3558 1955 3629 inquam),

374 3663 485 3703 non
515 3657 697 3702 motus
720 3655 867 3702 esset
892 3653 1083 3701 contra
1110 3648 1258 3702 circa
1284 3648 1529 3718 subjecta
1559 3650 1685 3713 sibi,
1720 3668 1954 3721 quorum

375 3741 669 3809 imperium
717 3755 748 3793 a
782 3741 894 3794 Deo
927 3739 979 3794 ei
1024 3739 1343 3794 mandatum
1394 3750 1536 3803 erat,
1572 3742 1960 3799 innaturaliter

375 3840 570 3903 sponte
600 3846 698 3887 sua
726 3839 783 3886 et
821 3830 1147 3901 insipienter
1192 3840 1374 3886 motus
1415 3831 1506 3898 sit,
1551 3847 1674 3887 cum
1722 3835 1959 3889 naturali

376 3923 651 3988 facultate,
682 3938 805 3993 quae
848 3921 901 3977 ei
935 3923 1237 3977 secundum
1286 3922 1626 3979 nativitatem
1671 3925 1795 3980 data
1843 3937 1961 3981 erat

375 4014 443 4069 ad
474 4014 838 4069 discretorum
874 4014 1179 4067 unitionem
1216 4014 1270 4067 in
1306 4014 1588 4068 unitorum
1630 4017 1814 4084 potius
1847 4018 1959 4072 dis-

376 4107 679 4161 cretionem
727 4106 1075 4170 abuteretur,
1108 4114 1164 4159 et
1200 4106 1255 4159 in
1292 4106 1399 4160 hoc
1436 4107 1659 4177 negotio
1686 4124 1822 4176 pene
1852 4112 1955 4164 mi-

377 4213 499 4253 sere
524 4208 671 4252 esset
701 4198 753 4251 in
783 4197 1298 4252 non-exsistentiam
1328 4198 1594 4268 relapsus,
1628 4199 1837 4254 idcirco
1873 4202 1956 4255 in-

378 4296 653 4346 novantur
680 4297 911 4353 naturae,
937 4296 993 4345 et
1025 4289 1337 4345 incredibili
1366 4290 1529 4344 modo
1560 4306 1625 4345 ac
1651 4308 1815 4363 supra
1860 4309 1952 4346 na-

2143 3474 2362 3546 Ἐπειδὴ
2393 3475 2573 3529 τοίνυν
2604 3472 2866 3543 φυσικῶς,
2907 3471 2984 3533 ὡς
3025 3467 3479 3538 δεδημιούργητο,
3511 3472 3652 3539 περὶ

2065 3556 2162 3634 μὲν
2190 3565 2250 3617 τὸ
2274 3564 2552 3634 ἀκίνητον,
2582 3564 2658 3625 ὡς
2680 3561 2856 3633 ἀρχὴν
2892 3560 3030 3613 ἰδίαν
3080 3560 3245 3629 (φημὶ
3285 3559 3341 3611 δὲ
3368 3558 3458 3611 τὸν
3488 3557 3658 3628 Θεὸν)

2058 3656 2088 3707 ό
2115 3654 2400 3725 ἄνθρωπος
2427 3655 2488 3707 ού
2527 3653 2802 3723 κεκίνητο,
2849 3652 2979 3721 περὶ
3014 3650 3068 3702 δὲ
3106 3649 3173 3702 τὰ
3218 3650 3310 3701 ὑπ’
3342 3648 3526 3713 αὐτὸν,
3578 3643 3663 3702 ὧν

2067 3746 2230 3808 αὐτὸς
2282 3745 2467 3799 θεόθεν
2525 3745 2716 3816 ἄρχειν
2768 3743 3036 3811 ἐπετάγη,
3086 3741 3237 3811 παρά
3292 3740 3453 3809 φύσιν
3507 3740 3663 3792 ἑκὼν

2066 3837 2307 3907 ἀνοήτως
2337 3836 2641 3905 κεκίνηται,
2675 3837 2739 3904 τῇ
2763 3833 2901 3900 πρὸς
2929 3834 3122 3886 ἕνωσιν
3157 3829 3268 3883 τῶν
3300 3829 3667 3901 διῃρημένων

2066 3927 2284 4000 δοθείσῃ
2322 3926 2471 3998 αὐτῷ
2504 3929 2709 3997 φυσικῇ
2736 3925 2968 3995 δυνάμει
2997 3923 3139 3977 κατὰ
3177 3922 3275 3993 τὴν
3320 3922 3539 3989 γένεσιν
3578 3924 3667 3984 εἰς

2069 4017 2306 4088 τὴντῶν
2352 4018 2653 4087 ήνωμένων
2719 4015 2919 4085 μᾶλλον
2966 4014 3231 4083 διαίρεσιν
3282 4012 3668 4082 παραχρησάς

2069 4126 2252 4179 μενος,
2284 4107 2575 4179 καὶταύτῃ
2618 4103 2818 4177 μικροῦ
2861 4104 2974 4157 δεῖν
3006 4102 3256 4166 ἐλεεινῶς
3290 4104 3367 4165 εἰς
3394 4101 3456 4153 τὸ
3490 4102 3571 4171 μὴ
3604 4101 3670 4154 ὃν

2066 4201 2230 4254 πάλιν
2263 4198 2618 4259 κινδυνεύσας
2668 4196 3080 4265 μεταχωρῆσαι,
3120 4193 3208 4247 διὰ
3232 4192 3389 4245 τοῦτο
3410 4209 3669 4245 καινοτοο

2072 4292 2300 4363 μοῦνται
2338 4290 2551 4360 φύσεις,
2582 4288 2680 4340 καὶ
2713 4285 3038 4357 παραδόξως
3080 4284 3220 4355 ὑπὲρ
3253 4283 3411 4352 φύσιν
3434 4282 3574 4352 περὶ
3606 4284 3669 4334 τὸ

381 4389 556 4440 turam
578 4382 723 4437 circa
747 4383 801 4437 id
826 4383 973 4453 quod
1001 4392 1195 4438 natura
1218 4392 1473 4438 movetur
1497 4383 1872 4450 immobiliter,
1902 4393 1953 4439 ut

2069 4385 2229 4454 φύσει
2260 4381 2581 4452 κινούμενον
2609 4382 2903 4449 ἀκινήτως,
2935 4378 3006 4429 ἶν’
3025 4376 3201 4439 οὕτως
3233 4378 3392 4437 εἴπω,
3420 4378 3667 4427 κινεῖται

381 4474 452 4530 ita
501 4474 701 4540 dicam,
750 4482 1003 4530 movetur
1051 4475 1105 4529 id
1155 4475 1301 4544 quod
1348 4477 1655 4530 secundum
1703 4486 1959 4532 naturam

378 4582 533 4623 suam
565 4567 721 4637 plane
756 4567 1036 4622 immobile
1068 4574 1171 4631 est,
1201 4575 1257 4619 et
1290 4567 1434 4622 Deus
1463 4568 1627 4623 homo
1657 4568 1737 4633 ﬁt,
1767 4576 1828 4624 ut
1859 4570 1961 4623 Ιιο-

378 4657 583 4713 minem
612 4657 890 4727 perditum
921 4658 1133 4712 salvum
1160 4656 1347 4721 faciat,
1374 4667 1429 4712 et
1452 4659 1726 4727 generalis
1758 4659 1813 4712 in
1840 4659 1966 4713 uni-

377 4749 640 4805 versitate
674 4759 883 4805 naturae
914 4764 1012 4819 per
1036 4749 1391 4817 semetipsum
1422 4751 1703 4804 naturales
1728 4751 1965 4820 iungens

382 4848 661 4909 rupturas,
710 4847 766 4895 et
812 4840 1096 4911 generales
1134 4839 1551 4909 particularinm
1600 4840 1841 4911 prolatas
1874 4857 1965 4895 ra-

384 4933 585 4997 tiones,
616 4932 819 5002 quibus
848 4931 1215 4986 discretorum
1246 4933 1423 4987 unitio
1454 4933 1790 4987 instituenda
1823 4943 1964 4998 erat,

385 5024 744 5079 manifestans
776 5039 1033 5095 magnum
1065 5024 1159 5078 Dei
1207 5040 1271 5078 ac
1316 5024 1495 5079 Patris
1539 5025 1827 5080 consilium
1862 5026 1970 5079 im-

385 5116 583 5186 pleret,
636 5114 692 5169 in
743 5130 863 5169 sese
916 5115 1103 5169 omnia
1157 5116 1504 5185 recolligens,
1559 5125 1666 5169 tam
1726 5118 1969 5171 coelestia

382 5221 547 5275 quam
602 5215 843 5269 terrena,
886 5206 941 5259 in
974 5222 1085 5275 quo
1135 5206 1300 5261 etiam
1341 5207 1561 5261 condita
1608 5216 1787 5261 erant.
1838 5209 1970 5262 Pro-

384 5295 529 5353 fecto
580 5298 749 5370 igitur
793 5299 1062 5368 generalis
1107 5315 1214 5368 qua
1258 5307 1456 5353 cuncta
1502 5299 1557 5352 in
1612 5299 1968 5369 semetipsum

387 5401 684 5463 congreget
738 5391 1002 5447 unitiouis
1055 5408 1122 5447 ex
1182 5399 1369 5446 nostra
1438 5391 1772 5448 discretione
1827 5393 1969 5447 facto

2063 4476 2126 4533 τὸ
2160 4477 2338 4545 πάντη
2365 4472 2510 4527 κατά
2538 4471 2699 4541 φύσιν
2719 4470 3006 4538 ἀκίνητον,
3040 4467 3135 4521 καὶ
3164 4467 3297 4529 Θεός
3360 4465 3666 4534 ἄνθρωπος

2066 4570 2301 4637 γίνεται,
2339 4564 2425 4616 ἴνα
2462 4561 2610 4631 σώσῃ
2638 4560 2729 4614 τὸν
2756 4559 3098 4629 ἀπολόμενον
3126 4555 3172 4589 ’⁵⁸
3220 4556 3530 4626 ἄνθρωπον,
3571 4557 3668 4607 καὶ

2069 4658 2170 4727 τῆς
2237 4653 2378 4708 κατά
2427 4653 2487 4706 τὸ
2536 4652 2643 4704 πᾶν
2693 4650 2876 4720 (223
2912 4651 2966 4718 α)
3023 4647 3251 4701 καθόλου
3312 4645 3529 4713 φύσεως
3585 4645 3670 4696 δι’

2068 4746 2264 4803 ἑαυτοῦ
2307 4746 2375 4799 τὰ
2422 4744 2563 4798 κατά
2620 4741 2782 4811 φύσιν
2837 4739 3046 4803 ἑνώσας
3084 4740 3359 4809 ῥήγματα,
3403 4735 3501 4788 καὶ
3534 4737 3669 4797 τοὺς

2070 4840 2303 4894 καθόλου
2331 4835 2439 4889 τῶν
2466 4834 2563 4888 ἐπὶ
2602 4834 2803 4904 μέρους
2850 4831 3304 4902 προφερομένους
3335 4826 3551 4893 λόγους,
3583 4823 3669 4888 οἷς

2069 4937 2102 4999 ἡ
2134 4933 2243 4987 τῶν
2274 4930 2621 5002 διῃρημένων
2664 4926 2910 4996 γίνεσθαι
2959 4924 3207 4993 πέφυκεν
3232 4923 3448 4983 ἓνωσις,
3481 4920 3671 4983 δείξας

2069 5023 2170 5093 τὴν
2207 5021 2451 5092 μεγάλην
2514 5017 2711 5089 βουλὴν
2753 5013 3018 5089 πληρώσῃ
3079 5012 3173 5068 τοῦ
3226 5011 3363 5065 Θεοῦ
3391 5012 3490 5063 καὶ
3552 5011 3670 5062 Πα-

2073 5114 2331 5185 τρὸς,εί;
2384 5114 2577 5165 ἑαυτὸν
2644 5105 3141 5177 ἁνακεφαλαιώσας
3206 5104 3274 5157 τὰ
3329 5102 3532 5157 πάντα,
3603 5104 3671 5152 τὰ

2077 5208 2134 5258 ἐν
2199 5203 2277 5274 τῷ
2337 5202 2552 5271 οὐρανῷ
2629 5202 2725 5255 καὶ
2787 5199 2855 5253 τὰ
2917 5198 3029 5263 ἐπὶ,
3084 5197 3186 5266 τῆς
3252 5195 3396 5263 γῆς,
3478 5194 3535 5241 ἐ)
3629 5185 3673 5256 ᾧ

2079 5299 2173 5351 καὶ
2222 5295 2574 5366 ἐκτίσθησαν.
2646 5292 2865 5363 Ἀμέλει
2938 5308 3019 5344 τοι
3093 5290 3195 5358 τῆς
3245 5285 3476 5341 καθόλου)
3559 5285 3673 5335 τῶν

2081 5392 2298 5443 πάντων
2333 5387 2469 5454 πρὸς
2516 5385 2709 5438 ἑαυτὸν
2764 5382 3009 5446 ένώσεως
3050 5382 3113 5433 ἐκ
3164 5380 3259 5449 τῆς
3294 5375 3449 5448 ἡμῶν
3498 5374 3671 5445 3921'.-

1669 5527 1900 5581 V'AlllA'I
1942 5522 2346 5579 LECTIONES.

463 5641 508 5678 ‘7
544 5642 642 5699 llic
674 5645 933 5701 mendum
966 5644 1183 5715 aliquod
1213 5645 1365 5701 latet.
1446 5646 1489 5678 ‘3
1523 5645 1887 5715 ἀπολλὸμενον
1920 5642 2041 5695 cod.
2076 5639 2241 5705 Gud.,
2280 5656 2379 5694 nec
2411 5640 2580 5694 semel
2616 5639 2710 5693 ita.
