3938 6192
307 225 444 296 1309

1536 231 2053 295 AMBIGUORUM
2094 236 2343 299 LIBER.

3426 241 3558 304 1310

306 362 465 415 μενος
557 345 876 414 διαιρέσεως
961 344 1170 413 γίνεται
1245 343 1452 408 τέλειος
1535 346 1868 415 ἄνθρωπος,

1986 350 2269 421 principio,
2300 351 2578 422 perfectus
2605 352 2771 407 homo
2803 352 2883 417 lit,
2909 369 2975 409 ex
3012 353 3173 408 nobis
3204 362 3428 423 propter
3458 370 3560 408 nos

305 442 364 508 ἐξ
394 441 551 510 ἡμῶν
580 440 649 493 δι’
674 441 821 509 ἡμᾶς
854 439 977 492 καθ’
1014 441 1183 509 ἡμᾶς,
1231 438 1410 492 πάντα
1439 440 1508 492 τὰ
1538 440 1696 510 ἡμῶν
1721 440 1872 493 ἀνελ-

303 532 479 594 λιπῶς
506 532 667 602 ἔχων,
700 530 977 603 ἁμαρτίας
997 525 1210 599 ’χωρὶς,
1252 529 1351 599 τῆς
1379 530 1519 582 κατὰ
1556 528 1716 598 φύσιν
1754 531 1878 584 ἁκο-

304 622 523 686 λουθίας
569 621 817 691 γαμικῆς
867 621 1095 683 οὑδὸλως
1149 622 1230 684 εὶς
1271 620 1429 673 τοῦτο
1488 619 1872 690 προσδεηθεὶς·

302 713 439 785 ὁμοῦ
475 731 536 767 τε
570 714 663 766 καὶ
702 712 842 766 κατὰ
882 711 944 765 τὸ
974 712 1106 764 αὐτὸ
1142 712 1373 774 δεικνὺς,
1397 710 1472 775 ὡς
1507 706 1684 781 οἶμαι,
1717 713 1876 782 τυχὸν

304 806 380 870 ὡς
418 802 486 877 ἦν
517 806 612 858 καὶ
640 804 799 866 ἄλλος
826 803 1025 875 τρόπος
1053 802 1153 872 τῆς
1184 805 1260 864 εἰς
1298 803 1500 874 πλῆθος
1529 803 1634 858 τῶν
1663 802 1876 874 ἀνθρώο

306 906 426 952 πων
453 896 734 967 αὐξήσεως
774 892 1226 963 προεγνωσμένος
1266 891 1405 963 Θεῷ,
1451 894 1499 945 εἰ
1529 892 1627 964 τὴν
1658 892 1878 964 ἐντολὴν
1928 890 1931 893 ’

305 991 334 1043 δ
378 987 593 1057 πρῶτος
638 984 903 1054 ἐφύλαξεν
952 981 1234 1052 ἄνθρωπος
1271 982 1533 1050 καὶπρὸς
1578 983 1879 1051 κτηνωδὶαν

303 1084 498 1140 ἑαυτὸν
524 1081 603 1152 τῷ
636 1077 779 1132 κατὰ
816 1075 1169 1145 παράχρησιν
1194 1073 1379 1144 τρόπῳ
1404 1074 1510 1126 τῶν
1542 1075 1758 1127 οἰκείων
1786 1074 1880 1127 δυ-

301 1177 523 1246 νάμεων
563 1171 638 1243 μὴ
682 1167 966 1229 κατέϐαλε,
1019 1167 1116 1219 καὶ
1162 1167 1263 1234 τὴν
1302 1165 1442 1219 κατὰ
1479 1166 1539 1218 τὸ
1579 1165 1748 1236 ἄρρεν
1787 1166 1882 1220 καὶ

305 1266 445 1337 θῆλυ
484 1262 751 1333 διαφοράν
783 1278 843 1312 τε
871 1259 967 1313 καὶ
999 1259 1265 1328 διαίρεσιν
1289 1259 1387 1327 τῆς
1417 1256 1631 1324 φύσεως
1659 1257 1883 1322 agonas»

309 1373 493 1427 μενος,
519 1349 587 1426 ἦς
617 1352 754 1421 πρὸς
787 1350 848 1402 τὸ
875 1349 1152 1416 γενέσθαι,
1190 1347 1444 1416 καθάπερ
1473 1346 1632 1417 ἔφην,
1665 1346 1880 1417 ἄνθρω-

306 1462 432 1512 πος,
463 1446 695 1508 οὖδόλως
736 1439 1077 1513 προσεδεήθη
1107 1478 1120 1498 .
1153 1433 1226 1491 ὧν
1258 1437 1315 1491 δὲ
1350 1438 1476 1491 ἄνευ
1533 1433 1674 1490 εἶναι
1718 1438 1881 1507 τυχόν

308 1541 424 1592 ἔστι
464 1535 695 1592 δυνατὸν
716 1574 733 1601 ,
762 1532 933 1587 ταῦτα
963 1532 1043 1593 εἰς
1065 1531 1126 1582 τὸ
1149 1528 1396 1598 διηνεκὲς
1427 1533 1763 1599 παραμεῖναι
1782 1531 1883 1583 οὐκ

306 1630 542 1696 ἀνάγκη.
573 1627 669 1679 Ἐν
690 1641 799 1692 γαρ
821 1619 1055 1691 Χριστῷ
1083 1620 1299 1687 Ἰησοῦ,
1325 1620 1487 1688 φησὶν
1505 1622 1532 1672 ὁ
1559 1619 1700 1681 θεῖος
1727 1619 1882 1671 ’Λπόο

308 1680 900 1783 οὔτειᾶρρειο
919 1680 1059 1764 οὕτέ
1092 1680 1272 1777 θῆλυ.
1306 1680 1437 1761 ῐέῖτα
1466 1709 1564 1779 τὴν
1593 1680 1712 1762 καθ’
1735 1709 1883 1779 ἡμᾶς
1918 1680 1957 1734 Β

309 1812 548 1882 ἁγιάσας
595 1804 921 1875 οἰκουμένην
967 1802 1054 1855 διὰ
1084 1800 1182 1872 τῆς
1231 1802 1438 1864 οἰκείας
1488 1798 1885 1871 ἁνθρωποπρε-

309 1903 446 1965 ποῦς
487 1896 831 1965 ἀναστροφῆς
868 1894 1008 1965 μετὰ
1040 1893 1271 1946 θάνατον
1309 1893 1390 1956 εἰς
1418 1891 1508 1944 τὸν
1557 1893 1884 1963 παράδεισον

254 2024 258 2028 -
310 1990 765 2063 ἀπαραποδίστως
818 1987 1005 2056 χωρεῖ,
1050 1983 1231 2047 καθὼς
1283 1982 1357 2053 τῷ
1412 1982 1584 2053 λῃστῇ
1639 1982 1885 2050 ἀψευδῶς

310 2083 698 2155 ἐπηγγείλατο,
732 2078 1022 2148 Σήμερον,
1065 2078 1266 2147 φήσας,
1320 2076 1436 2143 ἔσῃ
1474 2077 1602 2142 μετ’
1641 2074 1787 2143 ἐμοῦ
1817 2075 1887 2127 ἐν

309 2175 391 2243 τῷ
418 2173 786 2243 παραδείσῳ.
838 2168 1118 2231 Ἐντεῦθεν
1144 2168 1218 2231 ὡς
1253 2168 1372 2221 κατ’
1403 2167 1567 2220 αὑτὸν
1596 2167 1780 2220 λοιπὸν
1812 2167 1884 2238 μὴ

314 2269 544 2339 ἐχούσης
590 2264 726 2335 πρὸς
771 2263 864 2316 τὸν
915 2261 1243 2333 παράδεισον
1295 2258 1558 2330 διαφορὰν
1609 2259 1710 2330 τῆς
1762 2257 1885 2312 καθ’

311 2361 461 2431 ἡμᾶς
489 2355 818 2426 οἰκουμένης
847 2354 1009 2406 πάλιν
1037 2352 1125 2405 ἐπ’
1153 2350 1324 2419 αὐτῆς
1355 2350 1529 2420 ἐφάνη
1562 2352 1676 2413 τοῖς
1709 2350 1885 2421 μαθη..

309 2454 433 2514 ταῖς
459 2445 914 2515 συνδιαιτώμενος
939 2443 1079 2513 μετά
1106 2441 1204 2512 τὴν
1232 2443 1297 2494 ἐκ
1324 2441 1535 2511 νεκρῶν
1566 2441 1884 2507 ἀνάστασιν,

311 2542 526 2604 δεικνὺς
566 2539 642 2602 ώς
696 2539 729 2608 ἡ
769 2536 843 2606 γῆ
894 2537 991 2606 μία
1041 2530 1174 2588 οὖσα
1213 2533 1471 2605 τυγχάνει
1513 2532 1649 2603 πρὸς
1688 2534 1887 2603 ἑαυτὴν

310 2634 639 2706 ἀδιαίρετος,
669 2631 763 2685 τὸν
786 2629 906 2682 καθ’
936 2629 993 2682 ὃν
1015 2630 1128 2681 ἐστι
1156 2627 1315 2694 λόγον
1342 2627 1442 2694 τῆς
1474 2625 1613 2678 κατὰ
1631 2625 1815 2695 (223
1833 2625 1884 2696 b)

311 2724 409 2797 τὴν
464 2722 730 2793 διαφορὰν
783 2718 1099 2789 διαιρέσεως
1174 2714 1461 2785 ἐλεύθερον
1521 2714 1882 2779 διασώζουσα.

313 2812 452 2870 Εἶτα
499 2815 587 2869 διὰ
641 2814 740 2882 τῆς
782 2813 860 2874 εἰς
893 2807 1124 2880 οὐρανὸν
1166 2806 1489 2877 ἀναλήψεως
1516 2805 1609 2859 τὸν
1660 2805 1888 2876 οὐρανὸν

312 2903 491 2975 ἧνωσε
514 2900 760 2970 δηλονότι
786 2898 879 2952 καὶ
907 2897 1006 2969 τὴν
1035 2898 1158 2968 γῆν,
1195 2897 1288 2950 καὶ
1326 2895 1467 2966 μετὰ
1495 2894 1684 2948 τούτου
1712 2894 1757 2927 ‘9
1793 2895 1886 2948 τοῦ

1978 438 2047 492 ad
2081 455 2200 507 nos,
2232 440 2327 509 qui
2362 442 2545 495 omnia
2572 450 2758 496 nostra
2795 442 2954 511 plene
2984 442 3204 505 habeat,
3233 442 3441 511 peccati
3468 458 3563 496 ex-

1978 544 2125 597 pers,
2158 531 2427 586 naturalis
2461 533 2703 604 coniugii
2732 534 3171 588 convenientiam
3212 550 3559 605 nequaquam

1980 620 2033 673 in
2087 622 2191 677 hoc
2245 624 2614 678 necessariam
2668 624 2880 698 habens
2933 642 2945 676 :
2999 625 3207 693 pariter
3257 634 3314 679 et
3364 625 3559 679 eodem

1979 712 2142 767 modo
2174 714 2475 767 ostendens
2520 713 2772 777 fortasse,
2827 715 2906 769 uti
2941 715 3076 768 mihi
3106 716 3346 779 videtur,
3394 715 3560 769 alium

1980 818 2202 872 quoque
2230 804 2344 856 Deo
2375 802 2546 858 fuisse
2592 804 2816 858 modum
2850 805 2906 859 in
2935 805 3343 861 multitudinem
3382 806 3562 860 lnere-
3604 860 3609 865 .

1982 895 2155 948 menti
2180 894 2467 948 hominum
2494 904 2654 951 antea
2682 896 3066 962 constitutum,
3091 898 3135 952 si
3162 897 3373 968 primus
3398 898 3566 951 homo

1982 994 2315 1055 praeceptum
2347 987 2740 1042 custodivisset
2774 1005 2955 1058 neque
2988 990 3055 1044 ad
3099 990 3392 1044 brutorum
3446 990 3565 1044 ani-

1983 1076 2208 1130 malium
2257 1077 2614 1131 stoliditatem
2664 1078 2969 1132 secundum
3009 1079 3294 1135 abusionis
3331 1080 3563 1142 faculta-

1983 1173 2099 1219 tum
2144 1182 2372 1221 suarum
2406 1167 2632 1221 modum
2664 1168 3065 1233 descendisset,
3100 1178 3154 1225 et
3189 1171 3561 1226 differentiam

1982 1258 2271 1313 masculini
2317 1275 2381 1313 ac
2428 1259 2677 1314 feminini
2711 1271 2768 1314 et
2801 1260 3156 1317 distinctione
3199 1272 3408 1318 naturae
3439 1278 3563 1319 sus—

1985 1350 2223 1415 tulisset,
2271 1366 2457 1420 quam,
2513 1351 2594 1405 uti
2644 1350 2778 1415 dixi,
2829 1351 2996 1407 homo
3042 1353 3109 1407 ad
3148 1353 3562 1423 generationem

1983 1456 2330 1511 nequaquam
2361 1444 2729 1521 necessariam
2756 1445 3040 1500 habuisset
3062 1446 3375 1515 quibusque
3405 1461 3565 1516 egere

1984 1532 2217 1587 fortasse
2247 1549 2559 1602 possumus.
2609 1536 2685 1589 Ea
2719 1535 2774 1588 in
2820 1544 3148 1606 perpetuum
3199 1537 3407 1591 servari
3456 1552 3566 1590 non

1984 1638 2211 1679 necesse
2262 1634 2367 1680 est.
2415 1624 2555 1680 Nam
2598 1628 2651 1679 in
2695 1626 2898 1681 Christo
2944 1626 3091 1692 Jcsu,
3122 1628 3310 1695 inquit
3343 1627 3567 1682 divinus

1987 1718 2304 1787 Apostolus,
2348 1717 2515 1790 neq'ue
2565 1718 2913 1773 masculinum
2960 1735 3129 1789 neque
3176 1719 3562 1789 femininum“.

1984 1810 2196 1864 Deinde
2225 1816 2416 1865 nostro
2449 1820 2716 1864 terrarum
2751 1810 2884 1864 orbe
2910 1810 3250 1865 sanctificato
3279 1826 3379 1880 per
3404 1826 3565 1864 suum

1985 1910 2108 1970 post
2140 1911 2394 1965 mortem,
2431 1911 2491 1956 ut
2520 1902 2625 1956 fert
2656 1902 2895 1957 humana
2944 1902 3210 1967 conditio,
3240 1902 3475 1957 reditum
3508 1903 3561 1957 in

1986 1992 2303 2061 paradisum
2346 1994 2597 2061 expedite
2645 1994 2989 2063 ingreditur,
3037 1994 3315 2064 quomodo
3359 1993 3562 2048 latroni

1986 2084 2256 2139 veraciter
2284 2086 2649 2150 annuntiavit,
2681 2086 2864 2150 Hodie,
2898 2087 3110 2150 dicens,
3148 2103 3345 2140 mecum
3379 2088 3481 2140 eris
3511 2088 3564 2140 in

1988 2176 2239 2244 paradiso
2270 2177 2323 2229 εἰ
2360 2176 2490 2230 lude
2538 2193 2659 2231 eum
2697 2178 2764 2230 de
2816 2178 3029 2247 reliquo
3072 2185 3263 2232 noster
3296 2185 3563 2231 terrarum

1988 2252 2141 2321 orbis
2184 2281 2214 2320 a
2257 2267 2513 2335 paradiso
2536 2268 2673 2322 nihil
2708 2269 2786 2322 illi
2833 2269 3084 2332 distaret,
3131 2284 3323 2322 rursus
3367 2269 3421 2321 in
3465 2268 3567 2321 hac

1990 2365 2135 2413 terra
2170 2359 2425 2427 apparuit
2456 2368 2512 2413 et
2540 2375 2662 2413 eum
2695 2357 2980 2431 discipulis
3012 2369 3372 2417 conversatus
3400 2368 3486 2413 est
3520 2359 3563 2423 τ,

1990 2455 2275 2521 postquam
2324 2446 2393 2501 de
2436 2449 2671 2502 mortuis
2717 2450 3077 2505 resuscitatus
3123 2458 3227 2513 est,
3256 2458 3314 2504 et
3361 2456 3562 2502 terram

1990 2553 2154 2592 unam
2186 2555 2306 2595 esse
2337 2555 2570 2609 eamque
2613 2557 2643 2594 a
2679 2557 2736 2596 se
2766 2542 2882 2607 ipsa
2927 2557 3035 2595 non
3081 2541 3375 2596 discretam
3404 2557 3564 2594 mone

1990 2628 2203 2694 stravit,
2255 2644 2377 2698 quae
2428 2645 2550 2683 eam
2598 2630 3102 2700 secundum‘quam
3157 2637 3243 2685 est
3296 2630 3566 2683 rationem

1990 2720 2340 2776 dill'erentiali
2370 2720 2713 2776 distinctioni
2744 2720 2972 2776 liberam
3006 2729 3208 2777 servet.
3254 2721 3463 2775 Deinde
3511 2723 3568 2775 in

1990 2811 2193 2867 emlum
2246 2821 2500 2881 receptus
2555 2813 2693 2867 adeo
2744 2813 2965 2877 caelum,
3017 2813 3094 2867 uti
3143 2822 3392 2881 apparet,
3442 2828 3566 2867 cum
3648 2858 3651 2859 ν

1994 2912 2140 2958 terra
2168 2903 2367 2968 univit,
2404 2918 2640 2973 cumque
2685 2912 2925 2963 terreno.
2956 2904 3114 2974 cujus
3150 2912 3207 2960 et
3246 2905 3482 2959 essentia
3512 2912 3570 2959 et

312 2997 503 3065 γηῒνου
532 2994 781 3063 σώματος
805 2989 899 3043 τοῦ
927 2991 1057 3060 ἡμῖν
1084 2986 1357 3059 ὁμοφυοῦς
1384 3004 1445 3040 τε
1472 2986 1565 3040 καὶ
1596 2986 1885 3057 ὁμοουσίου

1993 3005 2188 3051 natura
2219 2996 2411 3051 eadem
2443 3003 2528 3051 est
2571 3010 2692 3065 qua:
2742 3005 2952 3060 nostra,
2998 3007 3237 3065 corpore
3274 2996 3328 3049 in
3365 2997 3567 3051 caelum

312 3088 569 3158 χοιρῆσας
614 3089 694 3148 εἰς
751 3082 978 3154 οὐρανὸν
1034 3081 1161 3152 μίαν
1209 3080 1375 3134 οὖσαν
1420 3078 1500 3147 τῷ
1549 3078 1668 3131 κατ’
1724 3078 1889 3149 αὐτὴν

260 3193 265 3199 ‘
314 3178 731 3250 καθολικωτέρῳ
760 3176 902 3246 λόγῳ
940 3176 1119 3229 πᾶσαν
1152 3172 1249 3243 τὴν
1280 3170 1543 3241 αἰσθητὴν
1575 3170 1738 3240 φύσιν
1783 3171 1889 3223 ἀπο

315 3268 506 3336 ἐδειξε,
545 3270 643 3340 τῆς
690 3268 995 3337 τεμνούσης
1039 3264 1209 3335 αὐτὴν
1258 3266 1315 3317 ὲν
1342 3261 1522 3331 ἑαυτῷ
1571 3263 1890 3335 διαιρέσεως

309 3362 649 3432 ἀμαυρεηῦσας
683 3361 779 3430 τὴν
812 3360 1069 3428 ἰδιότητα.
1113 3358 1344 3409 Ἔπειτα
1385 3356 1520 3426 πρὸς
1552 3355 1788 3418 τούτοις,
1820 3356 1888 3407 τὰ

314 3455 550 3520 αἰσθητᾶ
580 3453 674 3507 καὶ
695 3452 762 3504 τὰ
793 3451 961 3520 νοητὰ
994 3448 1229 3517 καθεξῆς
1256 3448 1344 3500 διὰ
1381 3447 1598 3499 πάντων
1628 3446 1734 3497 τῶν
1770 3448 1888 3512 κατζ

313 3546 541 3618 οὐρανὸν
586 3544 744 3597 θείων
792 3544 884 3595 καὶ
914 3541 1122 3608 νοητῶν
1163 3539 1460 3608 ταγμάτων
1494 3537 1718 3590 διελθὼν
1749 3536 1890 3607 μετὰ

313 3642 410 3704 τῆς
455 3638 631 3708 ψυχῆς
668 3635 761 3688 καὶ
801 3634 893 3686 τοῦ
950 3631 1224 3700 σώματος,
1260 3629 1508 3683 τουτέστι
1543 3629 1754 3689 τε)είας
1791 3631 1890 3699 τῆς

314 3731 590 3798 ἡμετέρας
622 3726 857 3796 φύσεως,
888 3724 1089 3794 ἦνωσε,
1121 3722 1220 3792 τὴν
1267 3720 1405 3790 πρὸς
1448 3721 1509 3774 τὸ
1541 3720 1598 3774 ἓν
1627 3721 1723 3790 τῆς
1762 3721 1890 3790 ὅλης

314 3822 544 3883 κτίσεως
577 3819 718 3872 κατὰ
744 3817 835 3869 τὸν
863 3815 1060 3883 ἑαυτῆς
1093 3812 1462 3886 ἀρχικώτατον
1484 3829 1541 3863 τε
1561 3813 1654 3866 καὶ
1674 3811 1891 3865 καθολι-

314 3909 555 3962 κώτατον
599 3908 756 3976 λόγον
826 3906 1104 3959 σύννευσιν
1148 3903 1327 3968 δείξας
1366 3904 1425 3956 ὲν
1458 3902 1640 3973 ἑαυτῷ
1686 3920 1889 3956 παντε-

315 4001 421 4065 λῶς
450 4001 752 4071 ἀδιαίρετόν
788 4016 847 4052 τε
877 3998 985 4073 ,καὶ
1029 3996 1413 4051 ἀστασίαστον.
1458 3995 1565 4049 Καὶ
1596 3994 1748 4057 τέλος
1782 3995 1889 4047 -ὲπὶ

316 4093 449 4143 πᾶσι
482 4090 694 4153 τούτοις
739 4088 879 4142 κατὰ
909 4088 1008 4159 τὴν
1051 4088 1298 4140 ἐπίνοιαν
1340 4087 1439 4156 τῆς
1472 4085 1889 4157 ἀνθρωπὸτητος

316 4178 454 4246 πρὸς
484 4178 646 4229 αὑτὸν
673 4177 883 4244 γίνεται
908 4177 997 4229 τὸν
1021 4175 1172 4239 Θεὸν,
1189 4174 1544 4244 ἐμφανισθεὶς
1566 4173 1706 4243 ὑπὲρ
1729 4176 1761 4241 ἡ
1772 4173 1889 4243 μῶν

314 4266 574 4336 δηλονότι,
611 4268 793 4331 καθὼς
846 4268 1178 4337 γέγραπται,
1209 4265 1288 4336 τῷ
1319 4264 1596 4336 προσώπῳ
1625 4264 1719 4318 τοῦ
1751 4264 1887 4317 Θεοῦ

1992 3086 2275 3154 ingressus
2297 3086 2615 3141 sensibilem
2647 3101 2866 3140 omnem
2897 3094 3150 3141 naturam
3187 3102 3309 3140 cum
3336 3102 3566 3156 genera—

1991 3178 2113 3232 liori
2147 3195 2244 3233 sua
2277 3178 2488 3233 ratione
2515 3167 2681 3232 unam
2710 3187 2766 3232 et
2791 3177 3043 3232 eamdem
3070 3193 3191 3232 esse
3221 3177 3566 3232 demonstra-

1988 3269 2087 3333 vit,
2124 3270 2497 3325 distinctionis
2539 3285 2661 3339 quae
2696 3270 2750 3323 in
2799 3270 3095 3339 semetipso
3120 3282 3258 3323 eam
3289 3269 3570 3323 dividebat

1990 3363 2380 3431 proprietatem
2408 3363 2743 3417 obtundens.
2771 3363 2979 3416 Deinde
3018 3362 3084 3416 ad
3113 3363 3248 3421 lucc,
3285 3362 3568 3433 sensibilia

1989 3461 2045 3506 et
2090 3452 2476 3520 intelligibilia,
2503 3468 2600 3519 per
2645 3447 2838 3506 omnes
2891 3452 3154 3520 deinceps
3193 3452 3316 3506 coeli
3354 3452 3570 3505 divinos

1990 3552 2154 3612 atque
2184 3542 2557 3611 intelligibiles
2582 3542 2809 3596 ordines
2838 3550 3210 3611 transgressus
3238 3558 3359 3595 cum
3386 3542 3569 3596 anima

1989 3641 2046 3687 et
2076 3648 2325 3702 corpore.
2370 3634 2476 3686 hoc
2520 3640 2605 3686 est
2646 3632 2888 3702 perfecta
2923 3642 3109 3687 nostra
3144 3641 3341 3687 natura
3370 3631 3566 3694 univit,

1988 3731 2045 3778 et
2090 3724 2360 3779 universae
2405 3723 2738 3778 conditionis
2784 3723 3086 3778 secundum
3131 3721 3566 3792 potentissimam

1991 3829 2145 3869 suam
2167 3821 2222 3868 et
2243 3813 2713 3884 generalissimam
2745 3813 3017 3868 rationem
3048 3828 3173 3869 cum
3200 3812 3410 3866 unitate
3437 3826 3570 3865 con-

1956 3922 1957 3925 ‘
1990 3905 2345 3974 spirationem
2382 3905 2440 3959 in
2484 3903 2782 3974 semetipso
2810 3905 2971 3974 plane
2998 3904 3373 3959 indistinctam
3401 3911 3567 3972 atque

1991 3996 2241 4052 stabilem
2287 4011 2408 4052 esse
2441 3996 2787 4051 monstravit.
2820 3996 2997 4065 Atque
3032 4007 3308 4066 postremo
3337 3994 3406 4048 ad
3450 3994 3566 4048 haec

1990 4084 2204 4147 omnia,
2261 4085 2566 4139 secundum
2619 4085 2977 4139 humanitatis
3025 4082 3442 4155 cogitationem,
3496 4082 3565 4136 ad

1990 4175 2169 4245 ipsum
2194 4176 2365 4231 Deum
2400 4176 2633 4240 accedit,
2662 4177 2758 4231 Dei
2788 4185 2845 4231 et
2883 4177 3063 4231 Patris
3086 4176 3261 4243 oculis
3284 4174 3457 4229 nostri
3484 4173 3567 4226 ni-

1990 4267 2215 4331 mirum,
2248 4276 2309 4321 ut
2355 4269 2620 4336 scriptum
2667 4276 2772 4331 est,
2821 4268 2997 4337 gratia
3042 4274 3466 4336 repraesentatus
3505 4275 3566 4320 ut

315 4359 412 4412 καὶ
444 4356 657 4428 Πατρος
701 4359 776 4422 ὡς
808 4358 1117 4428 ἄνθρωπος,
1145 4359 1173 4410 ὁ
1198 4356 1320 4409 καθ’
1350 4356 1664 4427 οιονδήποτε
1685 4355 1885 4426 τρόπον

1991 4356 2178 4421 homo,
2200 4357 2295 4426 qui
2328 4357 2481 4411 nullo
2509 4372 2746 4426 unquam
2777 4356 2962 4419 modo,
2986 4364 3047 4409 ut
3073 4357 3281 4413 Sermo.
3306 4355 3375 4409 de
3404 4355 3564 4411 Patre

316 4449 584 4519 μηδέποτε
613 4449 707 4503 τοῦ
733 4449 945 4519 Πατρὺς
982 4450 1061 4511 ώς
1086 4448 1257 4516 Λόγος
1282 4448 1625 4518 χωρισθῆναι
1649 4446 1886 4517 δυνάμε-

313 4559 426 4606 νος,
463 4540 759 4612 πληρώσας
789 4541 862 4604 ὡς
890 4538 1177 4610 ἄνθρωπος
1212 4540 1358 4610 ἔργῳ
1380 4539 1477 4593 καὶ
1501 4537 1729 4620 ἀληθεία
1757 4540 1884 4603 καθ’

314 4631 563 4702 ὑπακοὴν
597 4631 955 4703 ἀπαράϐατον
984 4631 1086 4683 ὅσα
1125 4629 1433 4702 προώρισεν
1466 4629 1628 4692 αὐτὸς
1650 4629 1725 4693 ώς
1753 4629 1887 4695 Θεὸς

311 4723 590 4789 γενέσθαι,
617 4724 712 4776 καὶ
736 4721 1030 4785 τελειώσας
1066 4722 1248 4774 πᾶσαν
1279 4720 1476 4791 βουλὴν
1495 4719 1588 4773 τοῦ
1619 4719 1754 4773 Θεοῦ
1793 4722 1886 4775 καὶ¹

312 4812 526 4884 Πατρὸς
583 4813 723 4883 ὑπὲρ
761 4812 918 4882 ἡμῶν
967 4811 1076 4864 τῶν
1131 4812 1549 4883 ἀχρειωσάντων
1588 4814 1654 4883 τῇ
1706 4830 1887 4884 παρα·-

311 4907 509 4973 χρήσει
547 4903 645 4975 τὴν
677 4902 736 4968 ἐξ
779 4901 955 4974 ἀρχῆς
994 4904 1125 4972 ἡμῖν
1158 4902 1407 4979 φυσικῶς
1441 4903 1577 4974 πρὸς
1612 4905 1770 4958 τοῦτο
1798 4905 1886 4958 δο-

311 4993 497 5048 θεῖσαν
519 4994 769 5065 δύναμιν,
803 4996 895 5047 καὶ
943 4994 1159 5064 πρῶτον
1188 4994 1395 5057 ὲνώσας
1428 4996 1559 5065 ἡμῖν
1588 4996 1882 5058 ἐαυτοῦς¹⁵⁰

309 5084 369 5137 ὲν
399 5084 580 5155 ἑαυτῷ
628 5085 716 5137 διὰ
761 5087 862 5156 τῆς
907 5085 1249 5154 ἀφαιρέσεως
1300 5084 1400 5153 τῆς
1439 5085 1581 5138 κατὰ
1619 5085 1681 5139 τὸ
1717 5088 1886 5158 ἄρρεν

309 5176 406 5229 καὶ
440 5175 502 5229 τὸ
539 5177 670 5248 θῆλυ
710 5177 991 5246 διαφορᾶς,
1023 5175 1118 5228 καὶ
1149 5176 1269 5229 ἀντὶ
1297 5175 1512 5247 ἀνδρῶν
1558 5177 1652 5230 καὶ
1691 5194 1883 5245 γυναι-

307 5264 440 5328 κῶν,
473 5259 555 5328 οἷς
586 5266 614 5316 ὁ
644 5266 740 5333 τῆς
771 5266 1087 5334 διαιρέσεως
1116 5264 1463 5345 ἐνθεωρεῖται
1492 5265 1727 5335 μάλιστα
1756 5267 1882 5336 τρόε

375 5400 404 5441 ά
432 5400 606 5457 Galat.
638 5418 712 5467 ιιι,
741 5402 829 5457 28.
911 5412 934 5439 θ
960 5402 1095 5457 Luc.
1158 5419 1307 5467 χχιιι,
1347 5402 1436 5457 45.

1988 4451 2202 4505 secerni
2238 4459 2443 4521 potest,
2474 4459 2767 4519 postquam
2799 4457 2861 4503 ut
2905 4449 3070 4502 homo
3102 4462 3269 4516 Opere
3318 4454 3375 4501 et
3413 4446 3564 4501 veri~

1989 4551 2120 4607 tate,
2150 4543 2595 4612 nunquamlaaso
2641 4541 2911 4611 obsequio
2956 4554 3297 4610 quaecunque
3341 4539 3455 4593 fieri
3504 4545 3565 4593 ut

1986 4634 2134 4689 Deus
2178 4632 2665 4703 prmdestinaverat
2711 4632 2978 4702 implevit,
3014 4645 3341 4699 omnemque
3374 4629 3467 4683 Dei
3502 4644 3565 4682 ac

1988 4725 2165 4780 Patris
2193 4726 2530 4780 voluntatem
2573 4726 2746 4779 nostri
2793 4724 2964 4795 gratia
2999 4732 3293 4777 exsecutus
3325 4728 3435 4794 est,
3468 4720 3562 4788 qui

1992 4823 2318 4885 potestatem
2349 4816 2677 4869 naturaliter
2704 4814 2865 4868 nobis
2896 4829 2924 4867 a
2956 4811 3230 4882 principio
3260 4810 3313 4863 in
3340 4809 3444 4863 hoc
3471 4808 3566 4862 da-

1990 4914 2100 4960 tam
2130 4905 2395 4961 abusione
2431 4905 2642 4958 irritam
2670 4904 3106 4964 reddideramus,
3140 4910 3301 4968 atque
3329 4898 3562 4967 primum

1991 5012 2091 5051 nos
2126 5011 2248 5050 cum
2293 4994 2452 5049 nobis
2495 4995 2546 5046 in
2589 4994 2884 5061 semetipso
2917 4992 3114 5053 univit,
3148 4989 3453 5043 differentia
3484 4988 3563 5041 fe-

1990 5086 2183 5141 minini
2218 5093 2272 5139 et
2307 5084 2588 5137 masculini
2637 5082 2868 5145 sublata,
2900 5096 3108 5149 proque
3140 5077 3276 5131 viris
3318 5088 3372 5130 et
3411 5074 3565 5129 femi-

1992 5178 2098 5241 nis,
2134 5178 2187 5231 in
2218 5177 2420 5246 quibus
2450 5176 2683 5229 maxime
2718 5174 3040 5228 differentiae
3071 5171 3319 5226 cernitur
3346 5166 3561 5228 modus,

1992 5271 2246 5325 homines
2268 5266 2614 5322 solummodo
2646 5266 2866 5349 proprie
2889 5280 2953 5319 ac
2974 5278 3103 5318 vere
3131 5264 3564 5332 repraesentant,

1523 5402 1540 5440 ί
1580 5403 1814 5458 Baruch.
1850 5421 1928 5470 ιιι,
1965 5405 2053 5459 58.

1578 5545 1814 5600 VAlllr‘E
1857 5546 2266 5600 LECTIONES.

379 5631 424 5664 ⁸³
456 5631 841 5704 Apograplmm
877 5651 1053 5690 meum
1087 5636 1289 5705 praebet
1323 5636 1459 5707 puti
1500 5637 1674 5689 τοῦτο.
1751 5640 1794 5667 ⁸ο
1828 5637 2215 5707 Apograpliunt
2258 5635 2418 5690 habet
2446 5636 2676 5697 ἑαυτοῖς.
