3938 6192
374 236 505 304 1311

1537 248 1597 309 S.
1640 249 1927 310 MAXIMI
1966 249 2475 312 CONFESSORIS

3496 255 3641 320 1312
3694 217 3700 220 ’

367 346 440 402 ad
478 345 563 402 sui
611 346 785 403 instar
823 347 892 403 ab
934 349 1086 403 omni
1134 361 1290 420 parte
1334 350 1597 423 ﬁguratus
1640 356 1951 425 salvamque

2060 372 2181 419 πος,
2215 356 2537 427 ἀνθρώπους
2587 357 2747 427 μόνον
2778 357 2988 430 κυρίως
3013 376 3073 412 τε
3110 357 3205 414 καὶ
3232 358 3452 431 ἀληθῶς
3494 361 3643 414 dm-

367 438 489 509 ejus
527 452 593 493 ac
634 454 862 508 prorsus
908 440 1179 495 sinceram
1231 440 1522 511 imaginem
1554 443 1825 511 ferentes,
1861 446 1951 500 cui

367 529 689 583 nullatenus
712 529 821 582 ulla
847 529 1108 587 interitus
1129 540 1262 586 nota
1291 533 1560 596 adhmrel,
1585 550 1823 606 cumque
1856 553 1953 592 no-

368 620 455 675 bis
479 628 819 689 propterque
847 638 950 676 nos
973 639 1191 680 omnem
1216 626 1591 684 conditionem
1620 645 1720 697 per
1745 630 1952 686 medias

367 722 557 783 partes
600 722 663 768 ut
709 715 1059 784 propriarum
1106 718 1346 788 partium
1392 723 1774 778 extremitates
1805 719 1954 778 com;-

368 808 568 876 plexus
611 809 822 863 circum
853 825 974 865 sese
1019 801 1480 871 indissolubiliter
1522 816 1668 871 inter
1705 832 1764 872 se
1797 817 1954 871 inne-

337 905 527 954 .ctens
561 899 876 969 paradisum
899 910 955 956 et
986 903 1174 958 orbem
1205 914 1497 972 terrarum,
1528 908 1728 963 caelum
1762 926 1826 966 ac
1848 919 1959 966 ter-

2052 446 2234 513 δείξας
2275 448 2344 512 ⁸¹,
2380 449 2501 503 κατ’
2530 448 2696 502 αὑτὸν
2737 449 2807 503 δι’
2843 449 2966 504 ὅλου
3018 450 3500 522 μεμορφωμένους
3546 453 3650 506 καὶ

2052 536 2200 591 σώαν
2238 537 2403 591 αὑτοῦ
2448 540 2541 592 καὶ
2581 539 2862 603 παντελῶς
2907 540 3203 611 ἀκίϐδηλον
3238 542 3339 613 τὴν
3374 541 3566 614 (22‘
3589 543 3651 612 a)

2052 629 2238 683 εἰκόνα
2268 628 2555 699 φέροντας.
2595 627 2663 703 ἧς
2696 631 2820 685 κατ’
2861 630 3052 685 οὐδένα
3089 631 3293 703 τρόπον
3326 633 3487 685 οὐδὲν
3531 634 3654 686 τῶν

2053 710 2261 795 φθορᾶς
2302 726 2698 795 γνωρισμάτων
2727 726 2987 789 ἅπτεται,
3018 726 3115 781 καὶ
3148 726 3248 780 σὺν
3277 726 3409 795 ἡμῖν
3439 726 3538 779 καὶ
3577 724 3655 778 δι’

2052 819 2202 889 ἡμᾶς
2236 816 2334 888 τὴν
2369 819 2588 872 ἃπασαν
2617 818 2795 871 κτίσιν
2835 818 2923 871 διὰ
2953 817 3074 871 τῶν
3094 819 3276 888 μέσων
3324 818 3402 879 ὡς
3453 816 3654 887 μερῶν

2056 909 2203 963 ἰδίων
2250 910 2321 962 τά
2363 910 2509 980 ἄκρα
2549 909 2862 981 περιλαϐὼν
2894 911 2989 963 καὶ
3031 909 3162 981 περὶ
3198 908 3393 963 ἑαυτὸν
3426 908 3651 971 ἀλὺτως

373 1005 511 1052 ram,
535 991 822 1047 sensibilia
848 1001 905 1047 et
927 993 1319 1066 intelligibilia,
1343 1005 1404 1051 ut
1428 1012 1630 1069 corpus
1648 1008 1706 1055 et
1730 1016 1951 1056 sensum

2056 1000 2304 1071 ἀλλήλοις
2332 1000 2658 1070 διασφίγξας
2688 1001 3018 1073 παράδεισον
3048 1003 3141 1055 καὶ
3165 1002 3518 1072 οἰκουμένην,
3549 1002 3652 1053 οὑ·-

372 1089 431 1136 et
457 1082 694 1139 animam
746 1091 803 1140 et
852 1094 1097 1146 mentem
1127 1103 1238 1143 nou
1288 1088 1452 1145 aliter
1505 1105 1669 1160 quam
1711 1107 1815 1148 nos
1852 1093 1951 1164 ipsi

2056 1090 2220 1165 ρἆδν
2260 1094 2354 1147 καὶ
2401 1095 2529 1161 γῆν,
2577 1093 2813 1166 αἰσθητὰ
2863 1094 2958 1148 καὶ
3000 1095 3188 1164 νοητὰ,
3243 1094 3319 1157 ὡς
3353 1094 3517 1163 σῶμα
3550 1095 3650 1146 καὶ

370 1169 603 1236 habens,
653 1173 859 1243 quibus
906 1183 967 1230 ut
1007 1177 1263 1247 partibus
1306 1181 1685 1237 extremitates
1729 1183 1951 1253 singulis

2060 1184 2315 1257 αἴσθησιν
2342 1186 2436 1239 καὶ
2461 1185 2640 1257 ψυχὴν
2673 1186 2798 1239 καθ’
2823 1187 2972 1256 ἡμᾶς
3002 1186 3140 1256 ἔχων
3162 1186 3262 1239 καὶ
3285 1185 3433 1248 νοῦν,
3456 1181 3541 1248 οἷς
3569 1185 3649 1249 ῶς

371 1262 682 1334 quibusque
710 1280 840 1322 suas
881 1270 1215 1339 generaliter
1247 1281 1506 1342 cognatas
1535 1277 1951 1333 accommodans

2060 1276 2252 1348 μέρεσι
2296 1277 2419 1330 καθ’
2449 1276 2680 1331 ἕκαστον
2730 1277 2790 1330 τὸ
2839 1279 3057 1348 ἑκάστῳ
3099 1277 3332 1331 καθόλου
3377 1275 3649 1344 συγγενὲς

371 1352 538 1408 modo
579 1370 747 1425 supra
793 1355 1035 1413 indicato
1070 1368 1267 1416 cuncta
1315 1363 1433 1418 Deo
1460 1366 1853 1423 convenienter
1897 1369 1951 1424 in

2056 1368 2485 1439 οἰκειωσάμενος
2513 1369 2682 1440 ἄκρον
2725 1367 2869 1422 κατὰ
2902 1367 2994 1421 τὸν
3035 1368 3488 1438 προαποδοθέντα
3516 1365 3649 1434 τρό-

373 1444 733 1514 semetipsum
768 1448 1075 1520 recollegit,
1127 1467 1293 1507 unam
1341 1469 1463 1510 esse
1510 1472 1729 1513 omnem
1758 1450 1951 1516 'osten-

2056 1476 2159 1512 πον
2189 1459 2511 1530 θεοπρεπῶς
2544 1458 2609 1512 τὰ
2657 1460 2835 1514 πάντα
2876 1460 2957 1521 εἰς
3004 1459 3199 1512 ἑαυτὸν
3225 1456 3649 1526 ἀνεκεφαλαιὼ-

373 1535 510 1591 dens
536 1537 934 1603 conditionem,
959 1544 1423 1612 quemadmodum
1449 1549 1617 1607 alium
1649 1550 1951 1621 hominem,

2057 1568 2209 1616 σατο,
2249 1552 2381 1622 μίαν
2421 1552 2772 1622 ὑπάρχουσαν
2815 1550 2914 1622 τὴν
2967 1550 3186 1604 ἃπασαν
3212 1549 3392 1602 κτίσιν
3434 1548 3649 1612 δείξας,

372 1631 612 1701 partium
644 1634 985 1705 singularum
1020 1648 1212 1695 mutuo
1245 1642 1389 1696 inter
1421 1658 1481 1698 se
1510 1658 1657 1701 nexu
1699 1660 1951 1716 consum-

2060 1644 2312 1713 καθάπερ
2360 1642 2644 1714 ἄνθρωπον
2701 1642 2883 1701 ἄλλον.
2937 1644 3003 1712 τῇ
3049 1640 3161 1694 τῶν
3195 1642 3379 1712 μερῶν
3433 1638 3649 1707 ἑαυτῆς

372 1730 596 1789 malam,
634 1740 699 1781 ac
737 1726 1109 1786 subsistentiis
1141 1731 1458 1807 integritate
1504 1745 1670 1806 atque
1712 1714 1951 1807 plenitu-

2058 1732 2194 1804 πρὸς
2221 1710 2429 1801 ἄλληλα
2456 1710 2658 1801 συνόδῳ
2689 1710 3205 1802 συμπληρουμένην
3223 1710 3317 1784 καὶ
3345 1729 3485 1799 πρὸς
3512 1729 3651 1781 ἐαυ-

373 1813 502 1869 dine
532 1815 589 1870 in
614 1829 673 1874 se
704 1817 878 1887 ipsam
909 1830 1228 1893 vergentem
1255 1804 1432 1896 ﬁatque
1460 1804 1838 1896 inclinantem,
1869 1846 1951 1887 se-

2058 1825 2155 1896 τὴν
2189 1823 2450 1880 νεύουσαν
2500 1826 2567 1895 τῇ
2618 1823 2834 1895 όλότητι
2884 1823 2987 1893 τῆς
3023 1822 3334 1894 ὑπάρξεως,
3365 1822 3511 1874 κατὰ
3542 1819 3653 1892 τὴν

374 1904 615 1959 cundum
646 1922 811 1962 unam
849 1916 1014 1983 atque
1060 1912 1366 1983 simplicem
1400 1923 1567 1987 atque
1614 1918 1951 1977 indeﬂnitam

2063 1919 2191 1987 μίαν
2231 1917 2326 1971 καὶ
2356 1915 2536 1987 ἁπλῆν
2560 1915 2655 1968 καὶ
2686 1914 3159 1983 άπροσδιόριστον,
3188 1913 3289 1982 τῆς
3333 1914 3399 1965 ὲκ
3427 1910 3523 1965 τοῦ
3568 1912 3651 1982 μὴ

374 2004 430 2050 et
480 1995 889 2055 inditi‘erentem
940 2001 1009 2057 dc
1064 2006 1525 2065 non-exsistentia
1575 2011 1951 2080 productionis

2057 2009 2209 2072 δντος
2264 2007 2605 2079 παραγωγῆς
2655 2008 2750 2061 καὶ
2783 2007 3076 2078 ἀδιάφορον
3128 2006 3363 2069 ἔννοιαν,
3415 2003 3543 2057 καθ’
3577 2005 3651 2075 ἢν

374 2090 783 2159 cogitationem,
815 2110 923 2163 qua
956 2111 1116 2151 unam
1150 2088 1519 2170 eamdemque
1554 2112 1734 2173 potest
1779 2108 1951 2162 omnis

2057 2102 2153 2155 ἕνα
2183 2101 2279 2167 καὶ
2299 2101 2390 2154 τὸν
2423 2101 2586 2155 αὑτόν
2614 2103 2762 2154 πᾶσα
2813 2102 2846 2171 ἡ
2890 2100 3066 2164 κτίσις
3093 2097 3451 2162 ἐπιδέξασθαι
3480 2098 3652 2151 66v:-

376 2179 621 2236 conditio
682 2185 929 2254 recipere
988 2189 1252 2245 rationem
1326 2192 1486 2261 plane
1545 2195 1953 2266 indistinctam,

376 2271 523 2340 quod
556 2291 574 2324 ι
599 2272 719 2329 Non
742 2274 912 2331 fuisse
944 2296 962 2330 ι
996 2279 1154 2348 prius
1183 2296 1346 2350 quam
1381 2303 1400 2335 ι
1430 2285 1564 2341 Esse
1597 2306 1615 2338 ι
1653 2288 1884 2345 habens.

446 2364 656 2420 Revera
688 2368 892 2423 etenim
940 2371 1045 2426 sibi
1086 2368 1320 2427 invicem
1358 2378 1659 2432 secundum
1692 2380 1957 2450 quidquid

374 2455 620 2519 omnino,
654 2457 819 2511 etiam
853 2458 900 2513 si
943 2475 1054 2514 non
1088 2461 1312 2531 ubique,
1342 2465 1663 2522 coincidunt
1694 2485 1957 2539 quaecun-

375 2553 632 2612 que-post
656 2545 828 2600 Deum
866 2558 996 2604 sunt
1016 2550 1477 2624 exsistentiasque
1508 2571 1637 2612 suas
1670 2573 1770 2627 per
1794 2574 1960 2629 gene-

2058 2212 2147 2247 ται
2179 2194 2338 2263 λόγον
2379 2192 2660 2256 παντελῶς
2706 2193 3037 2263 ἀδιάκριτον,
3086 2191 3146 2244 τδ
3186 2210 3204 2243 ι
3239 2191 3355 2244 Οὑκ
3386 2184 3457 2259 ἦν
3488 2208 3509 2240 ι
3546 2186 3648 2245 τοῦ

2034 2280 2083 2337 ἰ
2117 2282 2256 2339 εἶναι
2300 2304 2319 2336 ι
2361 2284 2734 2355 πρεσϐύτερον
2779 2284 2998 2354 ἔχουσα.
3222 2329 3236 2343 .

2128 2378 2317 2431 Πάντα
2335 2376 2443 2447 γὰρ
2474 2378 2617 2430 κατὰ
2645 2376 2736 2429 τὸν
2761 2375 2934 2446 ἀληθῆ
2966 2376 3121 2443 λόγον
3152 2374 3403 2447 ἀλλήλοις
3435 2390 3648 2445 συνεμ-

2058 2470 2250 2522 πίπτει
2305 2468 2429 2521 καθ’
2462 2467 2642 2521 ὁτιοῦν
2679 2467 2918 2532 πάντως.
2960 2470 3008 2522 εί
3053 2470 3149 2521 καὶ
3184 2468 3258 2538 μὴ
3311 2467 3493 2537 πάντη
3520 2508 3539 2531 ,
3575 2465 3647 2519 τὰ

2060 2559 2199 2630 μετὰ
2227 2553 2359 2613 Θεὸν
2388 2559 2518 2613 δντα
2543 2559 2635 2613 καὶ
2672 2560 2738 2612 ὲκ
2779 2558 2916 2613 Θεοῦ
2966 2559 3026 2612 τὸ
3069 2555 3207 2613 εἶναι
3255 2558 3346 2612 διὰ
3370 2559 3645 2626 γενέσεως

374 2633 646 2688 rationem
682 2650 712 2689 a
742 2636 855 2693 Deo
896 2638 1121 2703 habent,
1153 2656 1278 2696 cum
1315 2660 1502 2699 rerum
1536 2662 1659 2717 quae
1684 2649 1951 2705 exsistunt

2057 2650 2268 2721 ἔχοντα,
2302 2651 2529 2721 μηδενὸς
2558 2648 2789 2703 καθόλου
2823 2650 2932 2704 τῶν
2960 2650 3152 2716 ὄντων,
3193 2650 3328 2721 μηδὲ
3360 2648 3471 2702 τῶν
3498 2648 3647 2715 ἄγαν

374 2723 525 2777 nulla
556 2726 805 2792 omnino,
833 2743 904 2783 ne
935 2729 1003 2785 iis
1031 2732 1253 2800 quidem
1297 2737 1542 2807 exceptis
1570 2755 1693 2808 quae
1732 2741 1951 2810 plurimi

2056 2743 2252 2813 τιμίων
2307 2741 2404 2796 καὶ
2470 2740 2930 2813 ὑπερϐεϐηκότων
2968 2742 3093 2813 τῆς
3161 2741 3302 2813 πρὸς
3364 2741 3430 2793 τὸ
3496 2740 3643 2808 ἄγαν

372 2815 707 2871 aestimandae
735 2827 885 2882 sunt,
937 2835 1167 2891 quaeque
1201 2836 1486 2894 superant,
1522 2843 1552 2881 a
1596 2832 1837 2899 generali
1886 2832 1951 2887 ad

2056 2834 2284 2904 ἄσχετον
2313 2822 2539 2911 γενικῆς
2575 2828 2835 2904 σχέσεως,
2860 2833 3178 2886 παντάπασι
3213 2829 3459 2900 φυσικῶς
3500 2830 3643 2883 ἀπο-

373 2923 648 2963 summum
674 2910 907 2981 gradum
936 2913 1032 2983 qui
1073 2913 1265 2970 habitu
1302 2928 1457 2974 caret
1499 2920 1768 2991 relatione
1794 2926 1951 2978 natu-

2056 2922 2371 2991 λελυμένου,
2407 2910 2547 2993 μήτε
2579 2923 2688 2995 μὴν
2714 2920 2811 2976 τοῦ
2844 2922 2903 2976 ὲν
2942 2924 3058 2985 τοῖς
3093 2920 3249 2975 οὖσιν
3311 2918 3645 2992 ἀτιμοτάτην)

372 2998 564 3055 raliter
604 3000 781 3057 libera
813 3003 914 3069 sit,
961 3019 1066 3061 nec
1099 3021 1284 3062 rerum
1322 3009 1514 3080 utique
1561 3013 1949 3071 exsistentium

2056 3015 2153 3085 τῆς
2182 3014 2322 3087 πρὸς
2347 3014 2416 3069 τὰ
2444 3014 2787 3085 άτιμιώτατα
2814 3012 2959 3068 κατὰ
2993 3012 3158 3083 φύσιν
3187 3012 3411 3081 γενικῆς
3441 3027 3643 3065 παντε-

370 3106 443 3145 ne
468 3091 734 3147 vilissima
756 3093 981 3163 quidem
1013 3096 1084 3151 ab
1110 3099 1351 3167 generali
1385 3108 1444 3155 et
1478 3108 1692 3159 natura:
1715 3119 1952 3179 consen-

374 3186 531 3235 tanea
561 3181 629 3236 ad
671 3196 736 3237 ea
762 3197 886 3252 quae
926 3183 1190 3242 vilissima
1216 3197 1347 3243 sunt
1380 3190 1652 3247 relatione
1681 3194 1952 3251 destitua-

371 3278 465 3326 tur
489 3273 714 3328 omnino
740 3285 835 3329 aut
865 3292 1064 3347 expers
1092 3280 1205 3335 liat.
1234 3280 1589 3354 Qumcunque
1630 3286 1779 3341 enim
1821 3303 1952 3359 pro-

370 3364 511 3435 priis
543 3365 898 3434 peculiariter
930 3379 1059 3425 sunt
1100 3372 1514 3432 discriminibus
1564 3377 1711 3435 inter
1748 3379 1818 3436 se
1864 3383 1953 3437 di-

371 3459 592 3525 stincta,
622 3476 685 3515 ea
717 3464 1065 3531 generalibus
1106 3476 1273 3537 atque
1308 3471 1696 3528 communibus
1727 3489 1955 3545 genera-

369 3551 499 3607 liter
539 3554 921 3613 identitatibus
951 3568 1083 3616 sunt
1131 3562 1306 3627 unita,
1355 3563 1537 3634 adque
1585 3567 1855 3622 unitatem
1898 3576 1954 3623 et

370 3651 618 3700 mutuam
660 3646 806 3704 inter
849 3660 1025 3706 semet
1067 3652 1413 3711 identitatem
1447 3657 1689 3727 generali
1718 3659 1953 3730 quadam

369 3735 582 3792 ratione
610 3746 823 3796 natura:
861 3744 1308 3813 compelluntur;
1343 3747 1424 3803 sic
1455 3762 1657 3818 genera
1687 3734 1975 3807 essentia-7

368 3825 499 3883 liter
526 3828 633 3884 sibi
662 3829 901 3887 invicem
928 3836 1084 3891 unita
1125 3837 1394 3893 unitatem
1422 3837 1631 3897 habent
1667 3848 1724 3897 et
1750 3841 1954 3897 identi-

372 3926 540 3974 tatem
586 3930 645 3976 et
686 3914 1155 3981 individuitatem.
1200 3926 1353 3982 Nihil
1390 3928 1549 3984 enim
1598 3942 1793 3984 eorum
1832 3946 1955 4002 qua:

370 4012 702 4069 universalia
735 4025 866 4071 sunt
906 4026 966 4073 et
998 4018 1527 4088 comprehendentia
1573 4030 1632 4077 et
1677 4025 1955 4095 generalia

370 4104 485 4158 ullo
528 4104 690 4160 simul
722 4121 849 4161 cum
878 4106 960 4163 eis
991 4109 1158 4164 modo
1192 4109 1530 4167 discernitur
1551 4128 1676 4184 qum
1704 4116 1953 4186 particu-

372 4195 511 4250 laria
545 4206 674 4251 sunt
711 4205 768 4252 et
802 4200 1199 4269 comprehensa
1244 4212 1301 4258 et
1327 4205 1609 4274 specialia.
1643 4207 1767 4263 Non
1804 4210 1951 4266 enim

371 4289 607 4358 amplius
630 4290 685 4345 id
711 4299 890 4361 potest
921 4294 1177 4363 generale
1207 4311 1329 4352 esse
1357 4298 1505 4367 quod
1532 4315 1599 4355 ea
1626 4316 1748 4371 qua:
1771 4318 1954 4360 secer-

2053 3105 2162 3168 λῶς
2228 3106 2744 3178 άπολιμπανομένου
2798 3106 2892 3160 καὶ
2959 3104 3319 3176 ἀμσιροῦντος
3374 3102 3638 3172 σχέσεως.

2055 3198 2242 3253 Πάντα
2284 3198 2394 3268 γὰρ
2444 3197 2515 3251 τὰ
2549 3199 2668 3259 ταῖς
2702 3197 2931 3258 οἰκείαις
2979 3196 3125 3258 ἰδίως
3162 3194 3446 3264 διαφοραῖς
3481 3192 3645 3262 ἀλλή-

2053 3288 2161 3342 λων
2191 3289 2629 3361 διακεκριμμένα
2672 3291 2791 3352 ταῖς
2823 3287 3057 3341 καθόλου
3101 3285 3199 3340 καὶ
3234 3287 3442 3348 κοιναῖς
3488 3301 3642 3352 γενιο

2056 3381 2169 3444 κῶς
2199 3381 2523 3452 ταὺτότησιν
2552 3382 2812 3451 ῆνωνται.
2847 3377 2943 3432 καὶ
2975 3379 3113 3449 πρδς
3134 3379 3194 3432 τὸ
3229 3377 3287 3430 ἓν
3312 3377 3410 3431 καὶ
3439 3374 3643 3431 ταὺτδν

2054 3473 2307 3543 ἀλλήλοις
2345 3471 2553 3542 γενικῷ
2604 3488 2711 3523 τινι
2764 3469 2911 3539 λόγῳ
2970 3467 3190 3537 φύσεως
3242 3466 3637 3527 συνωθοῦνται,

2053 3556 2166 3616 οἷον
2190 3561 2259 3613 τὰ
2284 3561 2382 3631 μὲν
2402 3560 2535 3629 γένη
2568 3561 2711 3613 κατὰ
2741 3557 3062 3628 τὴνυοὺσίαν
3092 3556 3345 3627 ἀλλήλοις
3366 3554 3643 3627 ἑνοὺμινα

2053 3651 2115 3705 τὸ
2144 3650 2329 3723 (22⁸,
2356 3650 2407 3719 b)
2438 3650 2497 3704 ἓν
2534 3648 2648 3720 ἔχει
2684 3648 2778 3703 καὶ
2802 3648 2999 3702 ταὺτὺν
3028 3647 3124 3702 καὶ
3154 3647 3484 3718 ἀδιαίρετον.
3519 3647 3636 3701 οὑ-

2052 3743 2142 3797 δὲν
2175 3744 2287 3813 γὰρ
2315 3741 2425 3795 τῶν
2449 3740 2679 3796 καθόλου
2729 3741 2824 3795 καὶ
2861 3739 3234 3812 περιεχόντων
3272 3739 3371 3793 καὶ
3398 3737 3643 3806 γενικῶν

2053 3835 2167 3897 τοϊς
2204 3832 2298 3886 ἐπὶ
2322 3833 2524 3904 μέρους
2558 3831 2653 3885 καὶ
2694 3836 3108 3903 περιεχομένοις
3139 3830 3235 3885 καὶ
3266 3829 3457 3893 temet;
3494 3846 3642 3883 παν-

2053 3921 2221 3987 τελῶς
2262 3922 2673 3993 συνδιαιρείται.
2707 3921 2783 3974 Οὐ
2812 3920 2922 3991 γὰρ
2953 3920 3033 3975 ἔτι
3058 3920 3275 3988 γενικδν
3302 3916 3445 3973 εἶναι
3471 3918 3638 3981 δύνασ-

2053 4032 2143 4069 ται
2186 4014 2250 4070 τὸ
2304 4013 2379 4085 μὴ
2421 4014 2657 4083 συνάγον
2698 4012 2770 4066 τὰ
2819 4012 3124 4086 διῃρημένα
3169 4010 3439 4080 φυσικῶς,
3494 4010 3644 4063 ἀλλὰ

2056 4102 2534 4175 συνδιαιρούμενον
2585 4104 2789 4169 αὑτοῖς,
2829 4102 3052 4172 καὶτῆς
3080 4103 3293 4166 οἰκείας
3334 4101 3645 4173 μοναδικῆς

2054 4196 2308 4267 ὲνότητος
2360 4196 2736 4266 ἐξιστάμενον.
2779 4196 2896 4249 Πᾶν
2947 4194 3058 4265 γὰρ
3103 4193 3323 4264 γενικδν
3364 4192 3508 4247 κατὰ
3543 4192 3642 4246 τὸν

2054 4290 2253 4343 οἰκεῖον
2287 4285 2446 4356 λόγον
2496 4287 2618 4340 ὅλον
2667 4286 2812 4350 ὅλοις
2847 4285 3171 4356 ἀδιαιρέτως
3205 4287 3322 4349 τοίς
3366 4285 3467 4338 ὑπ’
3501 4286 3643 4338 αὐτὸ

371 4392 581 4437 nuntur
614 4385 940 4451 naturaliter
982 4403 1177 4459 cogere
1225 4399 1484 4461 nequeat,
1529 4393 1629 4449 sed
1669 4411 1779 4450 una
1823 4411 1949 4454 cum

2056 4378 2252 4440 ἑνικῶς
2296 4377 2624 4447 ἐνυπάρχει,
2659 4377 2756 4432 καὶ
2795 4377 2857 4431 τὸ
2884 4378 2928 4411 ⁸³
2968 4377 3095 4431 καθ’
3116 4377 3348 4432 ἕκαστον
3389 4375 3511 4429 ὅλον
3548 4377 3645 4430 ὲν-

369 4470 505 4544 ipsis
535 4479 864 4545 secernitur,
889 4488 945 4535 et
986 4479 1053 4537 de
1093 4481 1470 4554 singularitate
1503 4502 1602 4543 sua
1640 4496 1697 4543 et
1738 4490 1949 4546 unitate

371 4568 619 4626 decedat.
651 4569 825 4627 Omne
861 4572 1007 4626 enim
1052 4576 1305 4645 generale
1338 4578 1644 4634 secundum
1678 4596 1832 4635 suam
1860 4598 1949 4637 ra-

372 4662 579 4714 tionem
625 4668 800 4716 totum
852 4662 1263 4722 indivisibiliter
1292 4668 1347 4724 in
1376 4669 1511 4725 totis
1548 4670 1653 4726 sibi
1685 4671 1786 4742 ipsi
1816 4673 1948 4727 sub-

366 4749 527 4823 jectis
570 4751 923 4823 singulariter
955 4755 1122 4823 inest,
1168 4767 1227 4814 ct
1273 4760 1422 4831 quod
1471 4761 1702 4833 singulis
1732 4764 1952 4841 privum

375 4849 461 4899 est
486 4850 661 4898 totum
690 4853 967 4913 Spectatur
995 4850 1346 4919 generaliter.
1377 4851 1602 4923 Species
1648 4863 1831 4910 autem
1868 4873 1953 4913 se-

372 4932 612 4988 cundum
643 4950 817 5006 genus
847 4939 1058 5009 pariter
1100 4939 1429 4997 diﬂ‘erentize
1460 4943 1728 5001 varietate
1758 4948 1949 5004 solutae

372 5030 618 5079 mutuam
657 5026 883 5096 capiunt
930 5027 1297 5085 identitatem.
1348 5031 1639 5088 Individua
1684 5050 1817 5090 vero
1863 5052 1951 5092 se-

372 5114 614 5170 cundum
643 5118 881 5187 speciem
914 5127 1161 5173 mutuam
1196 5136 1383 5176 secum
1417 5123 1552 5193 ipsis
1582 5128 1957 5198 congregatio-

373 5220 496 5261 nem
527 5207 799 5279 capientia
831 5226 999 5265 unum
1034 5210 1288 5283 idemque
1318 5229 1443 5269 cum
1488 5216 1622 5287 ipsis
1657 5218 1802 5273 inter
1834 5234 1954 5275 sese

374 5294 580 5370 ubique
601 5308 879 5367 constant,
915 5310 1124 5358 natura:
1151 5306 1544 5364 cammunitate
1588 5309 1950 5365 immutabili-

2056 4472 2346 4543 θεωρεῖται
2378 4469 2634 4534 γενικῶς.
2664 4469 2746 4522 Τὰ
2766 4468 2824 4522 δὲ
2853 4468 2966 4539 εἴδη
2997 4468 3141 4523 κατὰ
3170 4468 3233 4521 τὸ
3266 4467 3420 4535 γένος
3446 4467 3643 4520 ὡσαύ-

2054 4579 2160 4626 τως
2186 4561 2289 4633 τῆς
2329 4562 2388 4615 ὲν
2430 4563 2497 4632 τῇ
2543 4560 2780 4632 διαφορᾷ
2831 4560 3108 4623 ποικιλίας
3147 4558 3487 4613 ἁπολυθέντα
3536 4558 3643 4628 τὴν

2053 4653 2191 4726 πρὸς
2221 4652 2428 4725 ἄλληλα
2456 4652 2765 4722 ταύτότητα
2799 4653 3038 4723 δέχεται.
3063 4651 3145 4705 Τὰ
3185 4651 3364 4721 ἄτομα
3390 4650 3449 4703 δὲ
3486 4651 3641 4703 κατὰ

2056 4745 2120 4799 τό
2158 4740 2297 4807 εἶδος
2326 4745 2428 4816 τὴν
2456 4744 2591 4817 πρὸς
2626 4744 2828 4815 ἄλληλα
2861 4745 3124 4815 δεχόμενα
3151 4744 3426 4813 σύμϐασιν
3452 4742 3511 4795 ἓν
3542 4744 3641 4797 καὶ

2056 4837 2251 4890 ταύτὸν
2292 4835 2544 4906 ἀλλήλοις
2593 4836 2770 4906 πάντη
2816 4836 3145 4905 καθέστηκε,
3176 4838 3241 4905 τῇ
3283 4836 3526 4905 epos-.1;
3578 4834 3640 4888 τδ

2058 4927 2486 4997 ἀπαράλλακτον
2540 4927 2734 4997 ἔχοντα
2768 4927 2863 4981 καὶ
2904 4927 3164 4997 διαφορᾶς
3202 4926 3385 4995 πάσης
3413 4926 3640 4979 ἐλεύθε-

2057 5036 2171 5091 ρον.
2194 5020 2275 5074 Τὰ
2301 5019 2358 5072 δὲ
2392 5018 2781 5091 συμϐεϐηκότα
2822 5018 2963 5072 κατὰ
2984 5018 3043 5071 τὸ
3068 5017 3432 5087 ὑποκείμενον
3466 5017 3638 5087 ἀλλή-

2054 5111 2166 5175 λοις
2207 5110 2574 5180 συγκριθέντα
2615 5110 2675 5165 τὸ
2718 5113 2919 5165 ὲνιαῖον
2967 5110 3081 5180 ἔχει
3106 5149 3121 5173 ,
3163 5108 3242 5177 τῷ
3285 5108 3639 5176 ὑποκειμένῳ

2054 5200 2332 5264 παντελῶς
2373 5201 2449 5270 μὴ
2494 5200 2948 5271 σκεδαννύμενον.
2994 5200 3105 5252 Καὶ
3163 5198 3372 5269 μάρτυς
3422 5195 3636 5251 τούτων

2048 5292 2285 5363 ἀψευδὴς
2310 5294 2338 5346 ὁ
2358 5293 2566 5365 ἀληθὴς
2604 5292 2892 5366 θεηγόρος,
2922 5295 2951 5346 ὁ
2998 5292 3169 5363 μέγας
3201 5290 3294 5343 καὶ
3323 5289 3479 5357 ἅγιος
3510 5291 3635 5339 Διο-

1640 5466 1876 5523 νΑιιιΑῑ
1920 5451 2323 5527 LECTIONES.

452 5567 825 5662 1ξὶἣςξοίίὶᾳϐιιό.
859 5588 986 5662 am.
1020 5575 1274 5662 ptuliabet
1302 5580 1568 5662 ἀπέδειξε.
1665 5582 1712 5612 ⁸³
1745 5582 1951 5662 ln_co«l.

2056 5585 2141 5640 ud.
2183 5596 2359 5644 exstat
2405 5586 2698 5662 ἐνυπάρχει
2732 5582 3218 5659 πραγματειωδῶς,
3260 5580 3352 5635 καὶ
3383 5578 3465 5644 τὸ,
3491 5586 3631 5635 cett.

378 5634 564 5697 Delevi
594 5656 713 5697 voc.
758 5634 1239 5725 πραγματέιωδῶς,
1271 5650 1415 5725 quod
1449 5634 1717 5725 glossema
1747 5634 1965 5711 videtur
1989 5634 2129 5713 esse.
