3938 6192
292 244 427 313 1313

1536 250 1771 311 AMBIG
1782 241 2055 311 UORUM
2093 252 2345 314 LIBER.

3422 259 3564 327 13H

288 362 469 423 νύσιος
498 361 527 413 ό
557 360 973 432 Ἀρεοπαγίτης,
1005 362 1064 416 ἐν
1093 351 1168 428 τῷ
1219 362 1346 434 περῖ
1382 363 1592 417 τελείου
1633 366 1726 418 καὶ
1755 364 1870 427 ἑνὸς

1979 374 2142 419 tatem
2174 366 2367 420 sortita
2410 373 2465 418 et
2492 367 2641 421 omni
2676 381 2706 421 a
2735 366 3055 426 diversitate
3099 372 3427 431 libertatem.
3459 380 3567 433 Ac—

289 450 572 521 κεφαλαίῳ
583 454 683 521 τῆς
694 453 832 520 Περὶ
849 455 1023 507 θείων
1035 454 1340 523 ὀνομάτων
1360 458 1746 527 πραγματεῖας
1765 456 1878 527 (55)

287 542 489 605 οὑτωσὶ
518 543 767 611 φάσκωνσ
797 561 813 592 ι
844 543 975 596 Οὑδὲ
1003 544 1109 615 γάρ
1139 545 1254 596 ἐστι
1286 544 1488 615 πλῆθος
1511 545 1773 615 ἀμέτοχόν
1803 565 1878 617 πη

287 630 381 684 τοῦ
407 630 548 694 ἑνὸς,
568 631 705 685 ἀλλὰ
750 632 810 684 τὸ
847 632 945 702 μὲν
966 632 1135 685 πολλὰ
1163 637 1274 698 τοῖς
1303 634 1525 706 μέρεσιν
1553 635 1612 689 ἓν
1646 636 1723 705 τῷ
1752 635 1879 706 ὅλῳ,

289 721 385 774 καὶ
432 721 496 774 τὸ
533 721 705 775 πολλὰ
736 724 850 785 τοῖς
872 723 1290 795 συμϐεϐηκόσιν
1317 726 1374 779 ἓν
1404 726 1481 797 τῷ
1507 727 1877 798 ὑποκειμένῳ,

288 813 385 868 καὶ
412 813 472 866 τὸ
504 814 672 867 πολλὰ
694 812 774 883 τῷ
791 815 1008 885 ἀριθμῷ
1027 816 1059 887 ἢ
1078 819 1198 880 ταῖς
1213 817 1503 887 δυνάμεσιν
1535 819 1593 870 ἓν
1619 818 1696 889 τῷ
1723 819 1876 881 εἴδει,

287 905 379 957 καὶ
408 904 469 957 τὸ
495 903 663 958 πολλὰ
684 907 794 967 τοῖς
838 906 1034 975 εἴδεσιν
1082 905 1139 960 ἓν
1195 907 1273 978 τῷ
1305 909 1571 976 γένει,καὶ
1618 909 1679 963 τὸ
1710 909 1881 962 πολλὰ

287 996 409 1056 ταῖς
440 992 683 1062 προόδοις
725 993 782 1045 ἓν
809 997 874 1064 τῇ
907 994 1069 1065 ἀρχῇ,
1096 997 1190 1049 καὶ
1217 998 1368 1050 οὐδέν
1400 998 1519 1051 ἐστι
1549 998 1655 1052 τῶν
1709 999 1879 1053 ὄντων

285 1082 337 1143 ὃ,
361 1084 436 1155 μὴ
481 1085 698 1155 μετέχει
744 1101 822 1156 πη
870 1085 965 1139 τοῦ
1000 1088 1137 1149 ἑνός.
1177 1106 1196 1139 ι
1234 1089 1343 1141 Καὶ
1372 1089 1592 1155 ἁπλῶς,
1626 1090 1714 1144 ἵνα
1746 1107 1876 1144 συν-

283 1174 424 1229 ελὼν
469 1174 632 1239 είπω,
691 1176 912 1230 πάντων
954 1176 1066 1231 τῶν
1116 1177 1465 1249 διῃρημένων
1494 1178 1590 1233 κἀὶ
1637 1180 1880 1250 μερικῶν

285 1271 334 1322 οἱ
378 1268 529 1337 λόγοι
575 1270 689 1330 τοῖς
722 1267 831 1321 τῶν
857 1268 1089 1322 καθόλου
1145 1271 1237 1323 καὶ
1289 1271 1542 1338 γενικῶν,
1596 1270 1673 1335 ὥς
1720 1288 1876 1340 φασι,

286 1360 637 1431 περιέχονται
693 1359 894 1428 λόγοις,
920 1361 1015 1414 καὶ
1053 1362 1181 1425 τοὺς
1222 1362 1323 1432 μὲν
1361 1361 1471 1415 τῶν
1502 1365 1878 1435 γενικωτέρων

284 1453 379 1506 καὶ
404 1451 850 1521 καθολικωτέρων
869 1452 1060 1522 λόγους
1076 1452 1180 1505 ὑπὸ
1197 1457 1297 1524 τῆς
1322 1453 1515 1524 σοφίας
1535 1455 1875 1526 συνέχεσθαι,

282 1544 410 1605 τοὺς
428 1543 485 1595 δὲ
510 1543 617 1598 τῶν
643 1543 884 1614 μερικῶν
915 1543 1101 1615 (225
1118 1544 1173 1615 a)
1198 1545 1458 1609 ποικίλως
1482 1550 1593 1610 τοῖς
1605 1547 1712 1599 τῶν
1740 1563 1878 1615 γενι-

286 1635 401 1689 κῶν
429 1635 818 1707 ὲνισχημένους
863 1636 969 1689 ὑπὸ
1015 1637 1116 1707 τῆς
1158 1638 1477 1708 φρονήσεως
1499 1638 1874 1710 περιέχεσθαι,

285 1724 410 1779 καθ’
434 1726 501 1795 ἢν
525 1724 856 1795 ἁπλούμενοι
884 1725 1173 1798 πρότερον,
1206 1726 1300 1780 καὶ
1330 1728 1431 1798 τὴν
1452 1729 1510 1781 ὲν
1538 1730 1650 1792 τοῖς
1685 1728 1869 1799 πράγ-

289 1830 425 1887 μασι
440 1817 554 1879 τοῖς
580 1815 960 1887 ὑποκειμένοις
982 1816 1312 1883 ἀπολύοντες
1331 1818 1666 1890 συμϐολικὴν
1691 1836 1874 1872 ποικι-

280 1906 427 1971 λίαν,
454 1907 670 1980 ὑπὸτῆς
686 1908 878 1979 σοφίας
900 1909 1186 1977 ἑνίζονται,
1209 1911 1311 1981 τὴν
1333 1927 1357 1962 ε
1371 1910 1418 1974 ίς
1437 1911 1746 1981 ταύτότητα
1760 1912 1874 1974 τοῖς

282 1996 670 2069 γενικωτέροις
696 2001 977 2071 συμφυΐαν
1000 2001 1304 2073 δεξάμενοι.
1327 2002 1495 2073 Σοφία
1523 2002 1580 2056 δὲ
1608 2002 1705 2056 τοῦ
1732 2001 1872 2056 θεοῦ

281 2092 377 2147 καὶ
410 2093 621 2165 Πατρός
648 2094 747 2148 καὶ
768 2096 1033 2167 φρόνησίς
1055 2098 1203 2152 ἐστιν
1227 2100 1254 2152 ό
1275 2098 1480 2170 Κύριος
1514 2097 1866 2170 ἸησοῦςΧρι-

284 2180 429 2247 στος,
464 2181 493 2234 ό
530 2184 626 2235 καὶ
660 2184 729 2238 τὰ
759 2184 993 2240 καθόλου
1033 2188 1141 2242 τῶν
1170 2188 1343 2242 ὄντων
1396 2190 1643 2259 συνέχων
1669 2193 1736 2261 τῇ
1779 2190 1871 2243 δυ-

280 2272 445 2342 νάμει
495 2273 596 2342 τῆς
658 2276 873 2345 σοφίας,
931 2278 1024 2332 καὶ
1070 2280 1140 2333 τὰ
1195 2271 1631 2354 συμπληρωτικὰ
1661 2283 1868 2338 τούτων

283 2363 428 2436 μέρη
456 2364 728 2436 περιέχων
755 2371 821 2440 τῇ
853 2358 1115 2441 φρονήσει
1135 2370 1235 2442 τῆς
1259 2373 1528 2437 συνέσεως
1555 2374 1631 2438 ὡς
1651 2375 1871 2428 πάντων

170 2522 180 2531 _
282 2454 447 2524 φύσει
499 2456 835 2529 δημιουργὸς
865 2461 959 2515 καὶ
999 2462 1327 2534 προνοητὴς,
1353 2465 1449 2519 καὶ
1480 2464 1561 2527 είς
1608 2464 1669 2518 ἓν
1720 2467 1869 2533 ἄγων

280 2543 350 2598 τὰ
371 2544 638 2601 διεστῶτα
663 2547 731 2601 δι’
757 2549 975 2616 ἑαυτοῦ,
993 2551 1198 2605 καὶτὸν
1227 2553 1285 2606 ὲν
1302 2555 1414 2617 τοῖς
1432 2547 1552 2607 οὖσι
1581 2553 1868 2607 καταλύων

283 2636 544 2707 πόλεμον,
575 2639 837 2711 καὶπρὸς
859 2644 1147 2715 εἰρηνικὴν
1200 2644 1385 2713 φιλίαν
1428 2645 1499 2699 τὰ
1548 2646 1732 2701 πάντα
1771 2647 1867 2700 καὶ

281 2727 596 2801 ἀδιαίρετον
624 2732 862 2788 συνδέων
891 2734 1163 2806 ὁμόνοιαν,
1183 2735 1254 2791 τὰ
1284 2737 1472 2802 ἐντοῖς
1500 2738 1749 2809 οὐρανοῖς
1773 2737 1867 2791 καὶ

281 2820 350 2921 τὰ
404 2822 501 2875 ἐπὶ
531 2824 634 2895 τῆς
676 2826 800 2897 γῆς,
831 2826 1014 2892 καθώς
1053 2845 1218 2899 φησιν
1257 2832 1286 2884 ό
1341 2830 1484 2896 θεῖος
1521 2831 1864 2894 Ἀπόστολος.

1982 457 2222 511 eidentia
2276 473 2408 511 vero
2462 457 2768 512 secundum
2820 460 3127 530 subjectum
3171 463 3406 521 invicem
3457 468 3565 522 sibi

1981 555 2238 601 concreta
2270 547 2547 617 singulare
2575 548 2853 618 quoddam
2893 550 3097 607 habent
3125 554 3272 623 quod
3315 556 3569 628 subjecto

1981 639 2209 693 minime
2256 638 2576 708 dissipetur.
2631 639 2811 710 Atque
2859 644 3017 698 testis
3067 645 3266 701 borum
3319 649 3571 719 locuples

1980 744 2148 782 verax
2187 744 2252 783 ac
2277 729 2499 785 divinus
2521 739 2675 786 vates
2717 748 2947 803 magnus
2976 735 3067 791 ille
3095 745 3151 792 et
3177 748 3400 795 sanctus
3440 742 3569 796 Dio-

1979 819 2171 890 nysius
2202 820 2359 875 adest
2392 821 2741 893 Areopagita,
2789 824 2843 879 in
2876 814 3058 896 capite
3102 828 3170 885 de
3217 831 3469 899 perfecto
3509 843 3565 888 et

1983 926 2094 966 uno
2132 912 2318 981 operis
2346 912 2424 966 De
2448 915 2639 968 divinis
2673 916 2967 971 nominibus
2990 922 3287 991 conscripti
3321 923 3403 976 sic
3444 923 3562 978 dis-

1979 1011 2221 1073 putans:
2259 1020 2279 1053 ι
2312 1003 2502 1073 Neque
2542 1005 2691 1059 enim
2725 1007 3024 1063 multitudo
3066 1011 3295 1067 unitatis
3338 1013 3560 1083 quidem

1978 1109 2178 1163 expers
2208 1103 2315 1159 est,
2346 1094 2456 1148 imo
2489 1095 2638 1164 quod
2670 1097 2839 1152 multa
2872 1106 2957 1153 est
2998 1101 3249 1167 partibus
3277 1118 3447 1157 unum
3478 1114 3561 1159 est
3588 1156 3591 1163 «

1979 1183 2035 1239 in
2071 1192 2207 1249 toto,
2238 1184 2497 1255 quodque
2525 1186 2696 1241 multa
2735 1194 2821 1241 est
2848 1187 3250 1254 accidentibus,
3278 1207 3450 1247 unum
3478 1204 3563 1249 est

1979 1273 2035 1328 in
2069 1275 2342 1345 subjecto,
2390 1276 2650 1347 quodque
2694 1278 2864 1332 multa
2907 1295 3142 1335 numero
3171 1282 3287 1337 sive
3324 1293 3564 1352 potesta-

1978 1364 2148 1429 tibus,
2177 1379 2345 1419 unum
2372 1372 2456 1420 est
2487 1365 2543 1419 in
2590 1365 2798 1435 specie,
2839 1366 3098 1437 quodque
3122 1368 3293 1422 multa
3320 1377 3407 1422 est
3438 1384 3563 1439 spe-

1978 1454 2170 1511 ciebus
2202 1470 2370 1508 unum
2402 1463 2486 1508 est
2515 1455 2568 1507 in
2600 1471 2823 1526 genere,
2858 1457 3119 1526 quodque
3165 1458 3337 1512 multa
3364 1468 3449 1513 cst
3482 1461 3565 1516 in-

1977 1547 2294 1612 crementis,
2328 1561 2499 1600 unum
2528 1554 2615 1601 est
2658 1547 2713 1600 in
2755 1547 3050 1618 principio,
3096 1550 3424 1620 nullumque
3469 1567 3564 1604 eo-

1978 1652 2099 1691 rum
2134 1652 2257 1707 quae
2290 1637 2564 1693 exsistunt
2613 1652 2846 1708 usquam
2895 1646 2992 1693 aut
3042 1654 3284 1710 unquam
3338 1642 3563 1696 unitatis

1906 1712 1949 1767 Β
1976 1734 2062 1783 est
2090 1743 2308 1798 expers.
2341 1747 2360 1781 ι
2393 1727 2573 1799 Atque
2608 1728 2959 1798 simpliciter,
2991 1739 3052 1785 ut
3085 1730 3329 1786 breviter
3353 1732 3558 1797 dicam,

1974 1820 2223 1874 omnium
2275 1818 2663 1875 distinetarum
2719 1827 2777 1874 et
2835 1820 3254 1890 particularium
3319 1822 3565 1878 rationes

1974 1911 2374 1967 universalium
2400 1918 2460 1966 et
2500 1910 2860 1982 generalium,
2897 1920 2957 1967 ut
2990 1913 3202 1978 dicunt,
3249 1914 3565 1968 rationibus

1975 2002 2559 2074 comprehenduntur,
2616 2002 2693 2058 ita
2743 2002 2966 2073 quidem
3023 2012 3084 2058 ut
3149 2003 3562 2074 generaliorum

1970 2095 2252 2166 magisque
2282 2094 2675 2149 universalium
2705 2094 2947 2149 rationes
2987 2111 3017 2149 a
3054 2095 3346 2164 sapientia,
3381 2094 3556 2164 parti—

1969 2187 2236 2242 cularium
2263 2195 2452 2241 contra
2484 2186 2793 2241 rationibus
2820 2187 3157 2257 generalium
3191 2187 3341 2240 varie
3380 2169 3556 2240 inﬁtie-

1971 2279 2211 2334 rentium
2262 2278 2504 2333 rationes
2551 2294 2583 2332 a
2628 2278 2921 2348 prudentia
2974 2277 3553 2349 comprehendantur,

1971 2387 2081 2442 qua
2134 2370 2408 2441 explicita:
2470 2370 2624 2440 prius
2671 2369 3080 2441 symbolicaque
3135 2370 3192 2424 in
3241 2369 3557 2425 actionibus

1970 2464 2233 2534 subjectis
2261 2463 2530 2518 varietate
2561 2465 2740 2518 soluta
2771 2479 2803 2517 a
2846 2463 3115 2533 sapientia
3149 2463 3205 2518 in
3251 2478 3420 2518 unum
3456 2476 3552 2517 co-

1968 2563 2194 2625 guntur,
2231 2554 2287 2609 in
2319 2554 2665 2610 identitatem
2696 2570 2822 2610 cum
2869 2554 3310 2625 generalioribus
3351 2566 3555 2624 cogna-

1971 2645 2178 2700 tionem
2221 2644 2454 2715 adeptas.
2486 2645 2766 2715 Sapientia
2800 2654 2984 2700 autem
3016 2645 3113 2700 Dei
3162 2660 3227 2700 ac
3273 2637 3452 2698 Patris
3496 2650 3557 2697 et

1971 2736 2265 2807 prudentia
2306 2745 2392 2792 est
2435 2737 2700 2793 Dominus
2740 2738 2902 2794 Jesus
2946 2735 3224 2800 Christus,
3252 2735 3347 2805 qui
3387 2733 3556 2789 etiam

1972 2830 2306 2884 universalia
2352 2845 2544 2885 eorum
2591 2846 2713 2899 qum
2772 2838 2902 2885 sunt
2947 2830 3231 2899 sapientia:
3281 2837 3555 2898 potestate

282 2916 551 2994 éontinet,
581 2927 639 2973 et
661 2919 1019 2989 completivas
1049 2920 1246 2976 horum
1273 2932 1460 2992 partes
1488 2922 1863 2995 intelligentiae
1900 2921 2188 2991 prudentia
2260 2921 2698 2991 comprehendit,
2733 2934 2795 2977 ut
2861 2933 3184 2978 cunctorum
3228 2923 3557 2977 naturaliter

284 3013 483 3069 artifex
521 3021 686 3082 atque
715 3014 988 3083 provisor,
1015 3015 1182 3085 inque
1213 3031 1384 3070 unum
1441 3029 1779 3087 congregans
1838 3028 1939 3084 per
1974 3013 2330 3084 semetipsum
2356 3028 2421 3068 ea
2452 3029 2575 3083 quae
2617 3014 2843 3074 distant,
2877 3031 2942 3070 ac
2974 3015 3178 3069 bellum
3224 3015 3280 3069 in
3320 3014 3401 3068 eis
3432 3030 3554 3085 quas

283 3107 558 3162 exsistunt
591 3106 913 3178 proﬂigans,
948 3115 1005 3162 et
1072 3107 1140 3163 ad
1209 3108 1500 3178 paciﬁcum
1567 3123 1813 3164 amorem
1847 3106 2381 3176 inseparabilemque
2428 3106 2780 3163 concordiam
2814 3114 3012 3162 cuncta
3052 3115 3409 3174 connectens,
3440 3115 3552 3162 tam

287 3213 414 3270 quae
455 3200 509 3254 in
556 3200 711 3257 caelis
757 3216 920 3271 quam
961 3216 1085 3271 quae
1125 3202 1183 3256 in
1217 3210 1364 3257 terra
1402 3204 1448 3268 ⁸,
1478 3210 1541 3256 ut
1588 3201 1664 3257 ait
1695 3201 1918 3256 divinus
1956 3198 2271 3268 Apostolus.

519 3377 716 3445 ’Ἄλλη
742 3379 832 3444 εις
859 3378 925 3432 τὸ
955 3378 1101 3434 αὐτὸ
1125 3379 1355 3448 ἄπορον
1386 3380 1620 3447 θεωρία.

361 3487 831 3563 καινοτομοῦνται
858 3489 1022 3543 πάλιν
1046 3490 1103 3542 αἱ
1131 3489 1348 3557 φύσεις,
1376 3490 1475 3559 τῆς
1510 3490 1606 3558 μὲν
1631 3488 1783 3553 θείας
1802 3491 1868 3544 δι’

290 3580 605 3652 ἀγαθότητα
632 3581 729 3635 καὶ
755 3579 1170 3651 φιλανθρωπίαν
1190 3581 1430 3650 ἄμετρον
1457 3580 1557 3649 τῆς
1576 3580 1700 3633 καθ’
1724 3583 1871 3652 ἡμᾶς

291 3671 430 3724 κατὰ
457 3671 676 3741 θέλησιν
704 3670 947 3725 ἑκούσιον
974 3672 1247 3741 σαρκικῆς
1272 3670 1568 3742 ὑπερφυῶς
1595 3672 1865 3743 ἀνεχομέο

292 3777 389 3831 νης
407 3762 455 3792 ⁸³
483 3763 815 3835 γεννήσεως,
837 3765 937 3831 τῆς
968 3762 1244 3834 ἡμετέρας
1264 3764 1320 3817 δὲ
1346 3763 1668 3835 παραδόξοις
1696 3764 1868 3820 ἄσπο-

293 3867 384 3923 ρον
405 3851 482 3921 τῷ
509 3851 851 3924 σαρκωθέντι
872 3850 993 3924 Θεῷ
1021 3852 1157 3922 ξένῳ
1176 3852 1330 3925 παρὰ
1359 3853 1460 3925 τὴν
1490 3853 1653 3922 φύσιν
1679 3853 1868 3926 θεσμῷ

289 3944 390 4011 τὴν
434 3944 669 4012 λογικῶς
709 3943 1075 4016 ἐψυχωμένην
1106 3944 1464 4016 γεωργούσης
1496 3945 1698 4015 σάρκα,
1728 3945 1869 3999 κατὰ

289 4034 469 4087 πάντα
494 4034 597 4105 τὴν
629 4034 797 4105 αὑτὴν
823 4037 956 4104 ἡμῖν
975 4031 1139 4089 οὖσαν
1162 4036 1257 4088 κα)⁸
1270 4034 1869 4107 ἀπαράλλακτονχωρὶς

260 4128 265 4133 ’
289 4125 589 4194 ἁμαρτίας,
618 4126 790 4181 καὶτὸ
807 4126 872 4196 δὴ
898 4126 1351 4197 παραδοξότερον,
1383 4127 1548 4198 μηδὲν
1574 4125 1668 4180 τοῦ
1691 4126 1864 4191 νόμου

288 4215 389 4284 τῆς
422 4214 720 4286 παρθενίας
740 4216 839 4287 τῆς
869 4217 1169 4287 γενομένης
1205 4217 1414 4287 μητρὸς
1443 4217 1529 4270 διὰ
1548 4220 1643 4287 τῆς
1671 4216 1866 4287 γεννή-

291 4322 430 4368 σεως
446 4305 506 4359 τὸ
544 4306 761 4361 σύνολον
784 4307 1130 4382 μειωθέντος.
1156 4308 1492 4378 Καινοτομία
1509 4309 1565 4362 δὲ
1583 4307 1785 4378 κυρίως
1805 4307 1866 4360 οὑ

293 4398 454 4468 μόνον
472 4401 532 4452 τὸ
555 4400 884 4471 γεννηθῆναι
917 4400 1184 4470 χρονικῶς
1209 4398 1349 4453 κατὰ
1376 4400 1555 4470 σάρκα
1590 4401 1682 4453 τὸν
1701 4401 1868 4471 ἀνάρ-

289 4508 401 4563 χως
426 4491 528 4561 ήδη
543 4492 940 4561 γεγεννημένον
955 4489 1247 4559 ἀφράστως
1266 4492 1330 4543 ὲκ
1346 4489 1440 4542 τοῦ
1471 4488 1607 4543 Θεοῦ
1630 4489 1725 4544 καὶ
1751 4491 1834 4542 Πα
1848 4518 1864 4528 ε

290 4579 418 4650 τρδς
435 4581 568 4633 Θεὸν
597 4581 794 4647 Λόγον,
817 4579 952 4634 ἀλλὰ
978 4580 1073 4633 καὶ
1102 4579 1163 4632 τὸ
1198 4578 1378 4632 δοῦναι
1411 4580 1588 4651 σάρκα
1615 4580 1714 4649 τὴν
1733 4582 1869 4649 ἡμε-

287 4670 456 4740 τέραν
482 4669 644 4738 φύσιν
669 4669 798 4724 ἄνευ
821 4670 1052 4739 σπορᾶς,
1069 4668 1240 4722 καὶτὸ
1255 4671 1428 4722 τεκεῖν
1454 4668 1722 4739 παρθένον
1738 4668 1864 4722 ἄνευ

289 4739 519 4831 φθορᾶς.
573 4759 793 4813 Τούτων
845 4759 953 4830 γὰρ
1006 4759 1236 4812 ἕκαστον
1293 4758 1534 4828 φανερὰν
1588 4759 1710 4829 ἕχον
1764 4758 1862 4829 τὴν
1895 4739 1938 4794 D

289 4849 642 4920 καινοτομίαν
679 4851 771 4905 τὸν
801 4849 922 4904 καθ’
950 4849 1010 4902 ὃν
1052 4850 1278 4919 γέγονεν
1309 4849 1491 4921 (225
1526 4849 1577 4920 ὁ)
1625 4851 1861 4923 ἄρρητον

289 4955 348 4992 τε
364 4941 459 4993 καὶ
483 4929 765 5009 ἄγνωστον
797 4940 955 5009 λόγον
982 4939 1264 5004 παντελῶς
1280 4940 1691 5012 ἀποκρύπτεται
1718 4940 1860 4994 κατὰ

289 5029 489 5084 ταύτὸν
516 5032 611 5085 καὶ
654 5030 1029 5094 ἀποδείκνυσι,
1069 5029 1133 5084 τὸ
1166 5029 1265 5100 μὲν
1293 5030 1371 5102 τῷ
1397 5030 1540 5101 ὑπὲρ
1575 5029 1738 5101 φύσιν
1765 5032 1860 5085 καὶ

288 5119 493 5190 γνῶσιν
521 5123 728 5193 τρόπῳ,
764 5123 826 5176 τὸ
861 5121 916 5175 δὲ
941 5120 1178 5192 τῷλόγῳ
1201 5122 1303 5190 τῆς
1331 5122 1588 5185 πίστεως,
1622 5114 1859 5190 ᾧπάντα

288 5212 357 5267 τὰ
403 5214 545 5286 ὑπὲρ
576 5214 738 5285 φύσιν
797 5213 895 5269 καὶ
958 5213 1161 5283 γνῶσιν
1214 5215 1535 5269 ἁλίσκεσθαι
1593 5213 1861 5282 πέφυκεν.

363 5325 391 5366 ⁸
422 5322 631 5382 Coloss.
671 5342 708 5390 ι,
742 5324 832 5380 20.

1892 3319 1963 3331 —

2090 3379 2274 3434 Altera
2300 3380 2355 3432 in
2383 3377 2621 3431 eamdem
2653 3377 2992 3447 quwstiouem
3031 3373 3425 3444 contemplatio.

2039 3488 2379 3542 lunovantur
2410 3499 2603 3539 rursus
2630 3491 2865 3547 naturae,
2899 3482 3104 3545 divina,
3138 3496 3264 3535 cum
3296 3481 3364 3535 de
3394 3482 3553 3536 boni-

1970 3585 2080 3632 tate
2129 3584 2185 3631 et
2239 3576 2506 3631 cbaritate
2556 3576 2821 3629 immensa
2874 3574 3091 3644 legibus
3144 3582 3355 3628 naturae
3404 3573 3554 3627 solu-

1969 3667 2040 3723 tis
2073 3676 2269 3738 sponte
2318 3683 2417 3738 per
2459 3680 2683 3722 carnem
2730 3665 3026 3720 humanam
3065 3664 3315 3734 generari
3354 3663 3555 3729 voluit,

1967 3768 2180 3826 nostra,
2201 3775 2342 3816 cum
2387 3757 2769 3814 admirandum
2819 3757 2872 3812 in
2917 3756 3140 3811 modum
3182 3771 3401 3812 carnem
3436 3771 3549 3810 non

1967 3862 2163 3917 satam,
2210 3867 2332 3922 qua:
2370 3864 2600 3922 prorsus
2640 3864 2764 3905 cum
2799 3856 2986 3904 nostra
3022 3847 3280 3903 convenit
3308 3862 3411 3901 nec
3438 3846 3551 3902 nisi

1967 3943 2074 4000 hoc
2118 3959 2231 4000 uno
2263 3941 2332 3997 ab
2368 3958 2434 3998 ea
2476 3941 2664 3997 dill‘ert
2697 3940 2844 4011 quod
2874 3948 3159 4011 peccatum
3199 3954 3308 3993 non
3346 3938 3557 4009 capiat,

1969 4034 2312 4091 rationaliter
2350 4034 2647 4091 animatam
2694 4032 2875 4088 alieno
2912 4040 3113 4101 praeter
3144 4039 3398 4088 naturam
3425 4030 3550 4085 vin-

1967 4125 2093 4181 culo
2122 4126 2235 4179 Deo
2259 4123 2352 4193 qui
2377 4137 2507 4178 caro
2532 4127 2710 4177 laetus
2738 4112 3123 4185 est'conciliet,
3149 4121 3405 4191 quodque
3434 4136 3549 4175 ma~

1967 4216 2051 4287 gis
2080 4215 2463 4271 admirandum
2512 4224 2614 4278 est,
2666 4213 2741 4268 ita
2784 4212 3063 4277 conciliet,
3113 4220 3173 4266 ut
3215 4212 3558 4283 virginitatis

1966 4309 2088 4378 ejus
2116 4321 2237 4377 qua:
2262 4313 2436 4360 mater
2460 4321 2562 4375 per
2584 4305 2995 4376 generationem
3031 4302 3169 4358 facta
3215 4313 3300 4357 est
3340 4318 3555 4373 nequa-

1966 4411 2131 4466 quam
2160 4394 2481 4448 violaretur.
2518 4393 2802 4448 lnnovatio
2833 4400 3014 4446 autem
3049 4393 3272 4461 proprie
3308 4400 3393 4446 est
3436 4406 3552 4446 non

1968 4487 2147 4541 solum
2178 4486 2326 4555 quod
2363 4484 2409 4539 is
2439 4483 2535 4554 qui
2564 4484 2683 4539 sine
2705 4483 2977 4554 principio
3002 4482 3264 4537 ineffabili
3294 4481 3457 4537 modo
3479 4496 3554 4537 ex

1968 4578 2081 4632 Deo
2109 4593 2174 4631 ac
2202 4578 2362 4631 Patre
2395 4577 2541 4631 Deus
2567 4575 2764 4632 Sermo
2799 4577 2908 4647 jam
2939 4578 3234 4646 generatus
3257 4582 3375 4629 erat
3411 4581 3552 4630 tem-

1968 4670 2233 4740 poraliter
2261 4670 2317 4724 in
2362 4684 2526 4724 carne
2567 4676 2857 4740 generatus
2886 4676 2992 4730 est,
3036 4667 3128 4721 sed
3177 4667 3283 4722 hoc
3323 4683 3554 4737 quoque

1968 4760 2116 4830 quod
2142 4769 2328 4815 nostra
2355 4769 2550 4815 natura
2580 4775 2799 4816 carnem
2829 4759 2947 4814 sine
2972 4759 3179 4814 semine
3210 4758 3463 4829 praebuit,
3489 4764 3550 4813 et

1967 4851 2115 4923 quod
2146 4853 2301 4923 virgo
2326 4853 2584 4907 inviolata
2608 4851 2842 4922 peperit.
2869 4850 3076 4906 Horum
3108 4850 3254 4905 enim
3286 4848 3551 4919 quodque

1966 4943 2309 4999 manifestam
2342 4944 2640 5014 praeferens
2674 4928 3079 4997 innovatiouem
3117 4957 3223 5011 qua
3266 4949 3429 4995 natus
3473 4939 3546 4995 sit

1967 5035 2240 5089 rationem
2270 5049 2525 5089 arcanam
2568 5043 2732 5103 atque
2771 5033 3103 5104 incognitam
3151 5032 3374 5085 omnino
3404 5030 3548 5086 celat

1968 5125 2177 5196 pariter
2211 5133 2374 5194 atque
2411 5125 2771 5189 demonstrat,
2806 5125 3039 5179 alterum
3089 5123 3252 5177 modo
3292 5130 3550 5176 naturam

1970 5228 2137 5287 atque
2170 5216 2535 5288 cognitionem
2561 5224 2876 5287 superante,
2903 5216 3135 5271 alterum
3175 5212 3301 5270 lidei
3334 5211 3555 5269 ratione

1560 5422 1790 5479 νΑιιιΑῑ
1834 5423 2238 5481 LECTIONES.

360 5508 410 5543 ⁸³
437 5511 496 5566 lu
527 5514 839 5584 apograpbo
866 5523 1046 5571 exstat
1078 5515 1421 5586 ἀνεχόμενος.

361 5624 476 5699 (35)
508 5627 730 5702 Dionys.
766 5633 967 5703 Areop.
1007 5634 1083 5688 De
1127 5637 1292 5692 divin.
1342 5642 1567 5706 nomin.,
1623 5656 1742 5711 cap.
1769 5639 1854 5705 l3,
1883 5640 1910 5712 §
1942 5638 1998 5705 2,
2029 5656 2088 5710 p.
2115 5640 2247 5706 ‘53],
2287 5647 2418 5693 tom.
2450 5635 2635 5708 [.Opp.
2669 5635 2758 5691 ed.
2792 5634 2931 5691 Ven.
