3938 6192
415 311 550 376 1315

412 437 521 489 qua
554 430 895 489 quzecunque
941 422 1194 479 naturam
1232 419 1395 481 atque
1427 407 1802 480 cognitionem
1838 420 2001 475 supe-
2030 418 2072 473 Α

418 522 539 568 rant
600 510 950 565 evineuntur.
1017 506 1111 560 Sic
1164 505 1332 575 igitur
1390 495 1752 572 quaestionem
1807 495 1989 567 quoad

422 606 537 660 ﬁeri
609 601 787 673 potuit
869 598 1100 654 solvisse
1158 595 1294 650 mihi
1350 593 1565 659 videor,
1621 598 1677 645 et
1728 605 1836 661 qua
1894 585 2000 641 alia

419 697 632 751 ratione
676 710 797 748 eam
863 704 1117 744 enarrem
1186 688 1398 758 ignoro.
1460 683 1528 741 At
1602 691 1708 737 tuae
1771 680 2001 735 fortasse

420 786 782 859 phi1050pltire
824 783 933 838 erit
967 790 1062 836 aut
1106 792 1396 834 censuram
1442 791 1603 846 agere
1648 787 1842 828 eorum
1882 784 2005 839 qua:

422 879 719 950 disputavi,
744 885 840 932 aut
860 875 1091 931 meliora
1119 873 1187 927 de
1213 882 1307 925 tuo
1335 869 1508 939 ipsius
1537 882 1681 938 penu
1704 863 2007 935 sapientius

424 971 671 1028 invenire
693 977 749 1024 et
768 981 1068 1038 exponere,
1089 971 1146 1018 et
1166 959 1498 1031 cognitionis
1531 956 1782 1013 sublimis
1803 952 2008 1007 omnis-

424 1080 532 1135 que
558 1061 764 1118 terreni
789 1074 947 1131 purae
976 1058 1223 1111 fruct.an
1264 1068 1480 1107 meeum
1509 1048 1937 1107 communicare.

1579 300 1643 360 S.
1685 296 1971 358 MAXIMI
2011 295 2518 357 CONFESSORIS

2104 404 2261 459 Οὕτω
2318 405 2413 476 μὲν
2470 401 2603 467 οὖν,
2657 401 2774 455 κατ’
2821 398 2920 468 ἐμὲ
2984 397 3188 465 φάναι,
3247 393 3309 446 τὸ
3358 392 3565 462 ἄπορον
3606 390 3672 452 ὡς

2105 495 2332 549 δυνατὸν
2380 492 2719 556 ἐπιλέλυται,
2752 490 2852 542 καὶ
2885 488 2987 541 οὐκ
3015 481 3113 538 οἶδ’
3139 486 3285 546 ὅπως
3321 483 3525 552 ἑτέρως
3554 478 3674 532 αὐτὸ

2106 587 2209 658 χρὴ
2233 585 2539 651 διεξελθεῖν.
2564 583 2673 652 Τῆς
2704 580 2804 649 σῆς
2820 578 2863 632 δ’
2896 578 2960 631 ἂν
2984 576 3070 645 εἴη
3104 573 3474 648 φιλοσοφίαςῆ
3506 569 3680 637 ὲγκρῑο

2107 697 2196 733 ναι
2225 680 2292 733 τὰ
2327 677 2631 751 εἰρημένα,
2665 674 2698 745 ἢ
2731 674 2799 725 τὰ
2820 671 3054 743 κρείττω
3082 668 3210 738 παρ’
3258 666 3464 733 ἑαυτῆς
3510 659 3678 728 σοφώ-

2108 786 2266 841 τερον
2304 749 2545 837 ὲξενυρεῖν
2596 781 2655 817 τε
2689 762 2785 816 καὶ
2823 761 3054 831 φράσαι,
3093 758 3189 810 καὶ
3230 749 3553 824 μεταδοῦναί
3598 762 3682 816 μοι

2112 839 2323 932 καρπὸν
2352 857 2606 928 γνώσεως
2623 850 2834 923 ὑψηλῆς
2857 848 2953 903 καὶ
2985 846 3151 918 μηδὲν
3168 842 3399 915 ἐχούσης
3422 839 3679 907 ἐπίγειον.

426 1243 700 1316 Ejusdem,
763 1255 827 1293 ex
883 1237 1106 1291 secundo
1154 1237 1207 1288 in
1257 1235 1572 1303 baptismum
1623 1244 1889 1290 sermone,
1946 1227 2002 1279 in

497 1333 669 1387 illud:
712 1350 729 1382 ι
758 1327 970 1399 Triplex
1013 1326 1308 1380 nativitatis
1358 1338 1519 1393 genus
1576 1320 1809 1391 agnoscit
1862 1315 2006 1371 Scri-

502 1434 683 1495 ptura,
716 1424 944 1491 primunt
975 1434 1039 1472 ex
1071 1415 1399 1486 corporibus,
1450 1412 1683 1467 alterum
1715 1426 1778 1464 ea:
1834 1409 2007 1478 bapti-

500 1532 634 1580 smo,
690 1514 901 1566 tertiam
932 1527 1000 1564 ex
1038 1508 1436 1563 resurrectione.
1473 1525 1490 1555 ι
1531 1503 1729 1569 Quibus
1762 1502 2003 1571 deinceps
2042 1545 2082 1599 Β

503 1605 701 1658 addens
720 1599 1001 1663 nonnulla,
1024 1607 1069 1652 et
1094 1598 1394 1651 nativitates
1418 1596 1775 1663 interpretans
1794 1592 1962 1662 pergit
1990 1606 2008 1643 :

511 1716 529 1748 ι
555 1696 665 1750 Has
688 1710 847 1765 porro
869 1698 1085 1745 cunctas
1141 1688 1443 1741 nativitates
1498 1687 1693 1739 honore
1720 1700 1751 1736 a
1805 1682 2011 1737 Christo

502 1805 616 1843 meo
641 1789 853 1858 aﬂ'ectas
895 1784 1056 1854 fuisse
1108 1789 1313 1835 constat
1375 1778 1605 1848 primam
1660 1774 1870 1845 quidem
1921 1789 2013 1842 per

503 1879 736 1948 primam
766 1873 920 1928 illam
943 1869 1230 1924 etvitalem
1263 1867 1697 1938 insuﬂlationem,
1728 1862 2013 1916 secundum

504 1984 626 2023 vero
660 1982 752 2036 per
784 1962 1212 2017 incarnationem
1238 1966 1286 2010 et
1321 1956 1664 2026 baptismum,
1695 1953 1906 2005 tertiam
1928 1950 2016 2003 de-

505 2060 661 2128 nique
684 2071 774 2127 per
793 2052 1235 2107 resurrectionem
1256 2064 1415 2118 quam
1441 2048 1552 2116 ipse
1581 2044 1884 2114 auspicatus
1907 2048 2015 2105 est;

517 2151 795 2212 nimirum,
841 2147 973 2199 sicut
1028 2142 1408 2214 primogenitus
1452 2140 1507 2192 in
1544 2135 1724 2190 multis
1766 2132 2036 2204 fratribus.

509 2227 728 2304 lsstitit,
774 2239 848 2291 ita
886 2233 1261 2306 primogenitus
1288 2243 1491 2301 quoque
1534 2243 1597 2280 ea:
1644 2224 1866 2278 mortuis
1900 2222 2019 2292 ﬁeri

510 2350 613 2387 non
636 2330 970 2401 dedignatus.
996 2347 1014 2379 ι

512 2421 806 2492 Quomodo
846 2421 902 2473 in
935 2419 1060 2473 istis
1100 2416 1324 2472 divinus
1359 2413 1451 2469 liie
1479 2411 1754 2483 'magister
1801 2408 2023 2464 uberio-

442 2530 560 2571 rem
589 2510 809 2567 videtur
836 2524 1028 2564 eorum
1061 2521 1183 2577 quae
1212 2513 1373 2560 antea
1394 2502 1612 2557 dixerat
1637 2499 2023 2569 repetitionem

443 2604 787 2664 instituisse?
848 2601 1091 2671 Triplice
1141 2597 1347 2652 etenim
1410 2594 1700 2650 nativitate
1754 2591 2021 2654 indicata,

443 2696 622 2769 prima
654 2692 875 2763 quidem
912 2705 981 2743 ex
1021 2685 1370 2757 corporibus,
1397 2684 1573 2737 altera
1590 2699 1656 2737 ex
1673 2681 2023 2750 baptismate,

446 2786 609 2843 tertia
643 2801 711 2839 ex
728 2779 1161 2850 resurrectione,
1196 2786 1458 2845 tanquam
1483 2774 1710 2837 oblitus,
1736 2788 1835 2842 per
1860 2770 2027 2824 verba

2112 1217 2223 1275 Τοῦ
2253 1214 2460 1278 αὑτοῦ,
2508 1212 2577 1266 ἐκ
2624 1208 2732 1263 τοῦ
2780 1210 2865 1273 είς
2923 1204 2989 1259 τὸ
3029 1201 3353 1269 ,βάπτισμα
3378 1197 3439 1262 ,β’
3481 1195 3684 1263 λόγου,

2179 1311 2267 1373 εὶς
2302 1307 2391 1371 τὸ,
2446 1324 2464 1356 ι
2525 1301 2791 1371 Τρισσὴν
2819 1298 3110 1367 γέννησιν
3141 1291 3287 1360 ἡμῖν
3319 1286 3485 1344 οἶδεν
3515 1290 3545 1339 ὀ
3583 1287 3687 1338 Λό-

2183 1416 2310 1469 γος,
2345 1394 2458 1462 τὴν
2495 1394 2565 1447 ἐκ
2612 1388 2925 1459 σωμάτων,
2978 1384 3094 1452 τὴν
3149 1383 3219 1435 ἐκ
3252 1379 3685 1446 βαπτίσματος,

2186 1489 2302 1555 τὴν
2339 1485 2406 1550 ἐξ
2432 1482 2846 1545 ἀναστάσεως·
2888 1496 2904 1529 i
2934 1473 3062 1530 εἶτα
3085 1471 3440 1533 ἐπειπόντος
3462 1468 3693 1528 τούτοις

2182 1582 2336 1643 τινὰ,
2370 1578 2466 1632 καί
2495 1576 2602 1641 τὰς
2631 1573 2949 1642 γεννήσεις
2977 1567 3431 1639 ἐρμῃνεὺοντος,
3481 1559 3689 1629 φῆσαι,

2188 1692 2206 1724 ι
2252 1672 2480 1734 Tacitae}
2519 1666 2587 1719 δὲ
2615 1664 2723 1730 τὰς
2760 1660 3080 1733 γεννήσεις
3107 1654 3349 1719 ἁπάσας
3389 1650 3528 1717 παρ’
3560 1649 3695 1702 eav-

2184 1760 2290 1814 τοῦ
2324 1758 2581 1828 τιμήσας
2615 1753 2645 1805 ὸ
2673 1752 2815 1822 ἐμὸς
2846 1747 3098 1817 Χριστὸς
3119 1745 3411 1814 φαίνεται,
3438 1740 3557 1806 τὴν
3582 1736 3697 1806 μὲν

2183 1853 2263 1920 τῷ
2292 1848 2681 1922 ἐμφυσήματι
2736 1843 2816 1911 τῷ
2855 1842 3062 1912 πρώτῳ
3094 1840 3189 1893 καί
3217 1834 3455 1899 ζωτικῷ,
3490 1832 3607 1899 τὴν·
3633 1830 3698 1882 δὲ

2185 1944 2261 2014 τῇ
2304 1921 2609 2012 σαρκώσει
2654 1938 2749 1992 καί
2800 1934 2882 2011 τῷ
2921 1931 3298 2000 βαπτίσματι
3344 1927 3492 1994 ὅπερ
3520 1921 3699 1988 αὐτὸς

2187 2034 2570 2099 ὲΰαπτίσατο,
2618 2029 2735 2098 τὴν
2771 2025 2841 2080 δὲ
2890 2023 2967 2094 τῇ
3012 2020 3348 2079 ἀναστάσει
3393 2014 3469 2087 ἧς
3519 2014 3701 2079 αὐτὸς

2187 2119 2522 2189 ἀπήρξατο,
2549 2118 2630 2184 ὡς
2663 2115 2901 2188 ἐγένετο
2925 2098 3301 2182 πρωτότοκος
3346 2107 3416 2161 ἐν
3450 2103 3703 2168 πολλοῖς

2191 2210 2499 2281 ἀδελφοῖς,
2536 2207 2689 2263 οὕτω
2752 2206 2851 2260 καὶ
2919 2204 3308 2273 ’πρωτότοκος
3362 2198 3434 2251 ἐκ
3477 2194 3704 2260 νεκρῶν

2193 2305 2472 2377 γενέσθαι
2500 2301 2878 2366 καταξιώσας
2912 2297 3046 2369 ('56).
3087 2314 3106 2347 ι

2192 2414 2321 2478 Πῶς
2355 2415 2413 2469 ὲν
2447 2411 2658 2483 τούτοις
2695 2412 2724 2463 ὁ
2764 2407 3011 2478 θεόφρων
3056 2398 3209 2467 οὗτος
3262 2399 3590 2462 διδάσκαλος
3619 2399 3703 2451 80-

2124 2512 2213 2565 κεῖ
2262 2505 2654 2578 περιττοτέραν
2701 2504 2803 2573 τὴν
2836 2498 3175 2568 ὲπανάληψιν
3210 2494 3320 2549 τῶν
3360 2491 3706 2563 προρρηθέν-

2125 2619 2233 2656 των
2261 2598 2626 2669 πεποιηκέναι
2652 2614 2667 2663 ;
2695 2594 2936 2664 Τρισσὴν
2961 2592 3071 2662 γὰρ
3101 2588 3274 2643 εἰπὼν
3302 2588 3585 2657 γέννησιν,

2129 2696 2196 2748 ὲκ
2227 2691 2520 2763 σωμάτων,
2566 2688 2667 2759 τὴν
2709 2689 2771 2741 ὲκ
2801 2684 3202 2755 βαπτίσματος,
3234 2678 3333 2750 τὴν
3366 2677 3429 2741 ἐξ
3466 2675 3707 2730 ἀναστά-

2131 2802 2290 2851 σεως,
2323 2784 2604 2853 ἐπήγαγεν
2639 2779 2830 2848 ὥσπερ
2858 2774 3253 2843 ἐπιλαθόμενος
3282 2768 3373 2823 διὰ
3400 2768 3503 2838 τῆς
3526 2765 3713 2821 δοκού-

445 2893 569 2949 (ιυιε
601 2872 1054 2945 superabundare
1092 2868 1387 2922 videantur
1406 2873 1464 2921 et.
1489 2872 1739 2938 quartam
1788 2861 2022 2928 addidit,

2144 2892 2230 2944 της
2263 2852 2526 2944 περιττῆς
2557 2864 2697 2922 εἶναι
2720 2866 2980 2937 φράσεως
3020 2861 3118 2915 καὶ
3155 2859 3448 2928 τετάρτην,
3478 2855 3570 2908 διὰ
3612 2852 3711 2906 τοῦ

446 2966 666 3023 dicens:
705 2964 988 3019 «Primam
1034 2957 1257 3028 quidem
1318 2971 1418 3025 per
1469 2954 1699 3025 primam
1751 2951 1901 3005 illam
1962 2965 2026 3004 ac

447 3057 670 3114 vitalem
707 3051 1158 3109 insuﬂlationem.
1188 3066 1205 3098 ι
1250 3045 1421 3116 Cujus
1476 3044 1625 3098 enim
1670 3057 1795 3096 cum
1849 3040 2028 3095 tribus

446 3148 679 3219 reliquis
704 3160 815 3200 non
840 3143 1165 3197 meminerat
1206 3134 1613 3198 nativitatibus,
1659 3133 1727 3187 de
1749 3147 1835 3195 ea,
1871 3130 2027 3200 quasi

447 3255 615 3311 supra
643 3236 1028 3307 signiﬁcasset,
1056 3230 1271 3285 addidit
1294 3228 1485 3282 dicens
1517 3244 1530 3280 :
1574 3245 1591 3277 ι
1616 3224 1857 3280 Primam
1892 3223 2018 3293 qui-

458 3330 583 3386 dem
605 3344 705 3399 per
739 3324 974 3395 primam
996 3323 1141 3376 illam
1173 3336 1236 3374 ac
1256 3319 1480 3373 vitalem
1519 3315 1969 3371 insuﬂlationem.
2003 3333 2021 3366 ι

450 3419 571 3490 ρυο
608 3421 776 3491 igitur
802 3416 967 3472 modo
996 3413 1257 3483 magister
1309 3410 1362 3465 id
1420 3425 1612 3465 revera
1660 3408 1867 3463 dixerit
1895 3408 2032 3462 sciet

453 3514 614 3584 plane
643 3503 987 3580 quivirtute‘
1033 3504 1191 3558 illum
1222 3500 1545 3572 mquaverit,
1597 3515 1701 3555 nec
1756 3499 1949 3569 procul
2001 3514 2030 3553 a

460 3604 711 3674 sapiente
742 3601 861 3671 ejus
888 3612 1076 3653 rerum
1127 3595 1439 3649 divinarum
1476 3592 1675 3665 peritia
1730 3592 2027 3649 abstiterit.

455 3695 561 3751 Sed
587 3704 861 3764 quatenus
903 3707 1003 3760 ego
1040 3687 1287 3758 intelligo
1326 3701 1427 3757 pro
1466 3685 1668 3739 infirmi
1721 3684 2033 3739 intellectus

455 3788 564 3842 mei
586 3785 894 3848 debilitate,
922 3799 1031 3836 non
1056 3780 1230 3835 otiosa
1265 3778 1488 3833 videtur
1514 3793 1635 3831 esse
1696 3785 1892 3847 quarta
1940 3776 2032 3831 illa

454 3894 577 3949 qua:
598 3873 949 3945 superaddita
978 3870 1353 3934 estnativitas,
1396 3868 1508 3921 imo
1537 3868 1722 3937 potius
1757 3866 2033 3936 complere

456 3984 622 4038 supra
648 3967 849 4021 dictam
879 3963 1023 4016 illam
1074 3977 1141 4014 ex
1173 3959 1502 4028 corporibus
1539 3956 1905 4018 nativitatem,
1948 3954 2032 4007 in-

458 4053 861 4125 terpretarique
889 4049 1106 4102 divinas
1137 4048 1191 4101 in
1238 4063 1302 4101 ea
1338 4047 1584 4099 rationes
1606 4061 1667 4098 ac
1695 4044 1908 4097 modos.
1929 4043 2033 4108 Qui
2071 4063 2081 4072 ·

457 4145 606 4199 enim
643 4146 869 4210 prepter
923 4137 1149 4189 factum.
1178 4134 1419 4203 primum
1466 4132 1638 4186 Adam
1693 4127 1858 4184 lt'omo
1917 4131 2032 4184 licri

2129 2943 2316 3032 φάναι,
2341 2943 2367 3013 γι
2413 2961 2525 3030 Τὴν
2556 2958 2655 3030 μὲν
2682 2956 2761 3026 τῷ
2801 2954 3160 3024 ὲμφυσήματι
3196 2949 3297 3018 -τῷ
3350 2945 3558 3018 πρώτῳ
3617 2943 3718 2997 καὶ

2128 3049 2364 3122 ζωτικῷ.
2398 3068 2419 3103 ι
2457 3042 2564 3111 Ἧς
2592 3046 2701 3117 γὰρ
2728 3046 2870 3116 μετὰ
2894 3042 3001 3096 τῶν
3019 3039 3186 3112 τριῶν
3204 3039 3307 3092 οὐκ
3330 3035 3718 3107 ἐμνημόνευσα

2128 3144 2439 3214 γεννήσεων
2475 3140 2552 3203 ὡς
2600 3140 2729 3209 περὶ
2759 3134 3150 3207 προλεχθείσης
3197 3131 3482 3199 ἐπήγαγεν
3509 3122 3717 3190 εἰπὼν,

2137 3256 2156 3288 ι
2197 3235 2310 3301 Τὴν
2346 3231 2446 3301 μὲν
2474 3229 2551 3300 τῷ
2585 3227 2944 3298 ὲμφυσὴματι
2972 3222 3051 3293 τῷ
3077 3220 3279 3292 πρώτῳ
3308 3218 3402 3271 καὶ
3431 3216 3625 3288 (226
3655 3218 3719 3286 a)

2132 3322 2370 3392 ζωτικῷ.
2410 3339 2427 3371 ι
2470 3319 2597 3380 Πῶς
2637 3317 2730 3370 οὖν
2761 3315 2919 3370 τοῦτο
2959 3312 3083 3366 κατ’
3123 3310 3387 3381 ἀλήθειαν
3423 3310 3661 3379 εἷρηκεν
3692 3306 3727 3360 6

2130 3413 2473 3476 διδάσκαλος,
2504 3408 2612 3465 οἶδε
2663 3409 2880 3472 πάντως
2908 3408 2937 3459 ὁ
2967 3405 3088 3459 κατ’
3120 3402 3325 3475 ἀρετὴν
3371 3399 3522 3469 αὑτῷ
3551 3416 3730 3467 γεγοο

2133 3506 2237 3570 νὼς
2265 3504 2671 3575 παραπλήσιος,
2710 3501 2803 3555 καὶ
2832 3497 2907 3569 μὴ
2946 3496 3137 3568 πόρρω
3158 3496 3258 3564 τῆς
3289 3490 3458 3546 αὑτοῦ
3484 3490 3627 3562 περὶ
3651 3488 3734 3543 τὰ

2134 3598 2249 3652 θεῖα
2284 3598 2456 3667 σοφῆς
2502 3594 2816 3662 ἐπιστήμης
2854 3587 3177 3661 διεστῃκώς.
3212 3586 3376 3639 Ὅσον
3410 3583 3456 3635 δ’
3487 3579 3591 3635 οὖν
3620 3582 3733 3649 ἐμὲ

2133 3689 2430 3760 γινώσκειν
2464 3686 2606 3741 κατὰ
2631 3686 2692 3738 τὸ
2712 3685 2814 3753 τῆς
2838 3684 2975 3753 ἐμῆς
3003 3677 3264 3742 ἀσθενοῦς
3288 3676 3531 3738 διανοίας
3553 3674 3736 3745 ἀϐλη-

2134 3785 2288 3857 χρδν,
2324 3782 2426 3837 οὐκ
2470 3775 2623 3851 οἶμαι
2654 3776 2914 3848 περιττὴν
2952 3770 3092 3831 εἷναι
3135 3772 3235 3843 τὴν
3265 3768 3605 3840 ἐπαχθεῖσαν
3633 3784 3736 3821 τε-

2134 3879 2341 3948 τάρτην
2382 3873 2659 3943 γέννησιν,
2708 3867 2846 3922 ἀλλὰ
2878 3866 3080 3938 μᾶλλον
3113 3859 3590 3934 συμπληρωτικὴν
3620 3858 3735 3930 τῆς

2136 3969 2199 4018 ὲκ
2234 3964 2509 4035 σωμάτων
2538 3958 2893 4031 προτεθείσης
2926 3955 3253 4024 γεννήσεως,
3277 3951 3369 4004 καὶ
3396 3952 3744 4021 ἑρμηνευτι-

2136 4056 2238 4127 κὴν
2267 4056 2376 4107 τῶν
2406 4052 2495 4107 ἐπ’
2539 4051 2678 4120 αὐτῇ
2732 4048 2892 4100 θείων
2921 4045 3096 4113 λόγων
3138 4060 3199 4095 τε
3244 4041 3338 4095 καὶ
3378 4040 3625 4109 τρόπων.
3677 4039 3743 4090 Ὀ

2138 4148 2245 4217 γὰρ
2297 4145 2392 4215 τῆς
2434 4143 2703 4212 γενέσεως
2758 4139 2945 4192 ἕνεκεν
2995 4135 3091 4193 τοῦ
3148 4134 3369 4206 πρώτου
3410 4131 3594 4200 Ἀδὰμ.
3640 4131 3748 4183 ἇν-

461 4232 742 4301 (Ῐίῧηῧιυευ
770 4227 1001 4296 ejusque
1043 4227 1253 4294 Ρθθεθίί
1302 4222 1476 4293 εηιιίει
1511 4220 1761 4291 generari
1795 4236 1904 4274 που
1940 4221 2033 4275 (10·
2069 4226 2111 4282 ί)
2141 4241 2358 4310 Optem;
2386 4234 2639 4303 γενέσθαι
2671 4230 3128 4300 καταδεξάμενος,
3154 4229 3252 4279 καὶ
3272 4224 3614 4294 γεννηθῆναι
3631 4224 3748 4293 τῆς

462 4323 722 4394 dignatus
737 4328 842 4386 est,
874 4334 972 4392 per
997 4317 1396 4371 factitationcm
1430 4315 1476 4369 is
1516 4330 1670 4369 suam
1695 4315 1761 4368 ad
1797 4314 2034 4383 eumqui

462 4413 664 4472 cecidit
707 4411 1258 4473 condescensione"),
1315 4424 1412 4477 per
1446 4409 1856 4477 generationem
1904 4422 2037 4462 vero

463 4507 831 4565 voluntariam
856 4519 1009 4559 suam
1044 4501 1477 4556 exinanitionetn
1518 4501 1573 4552 in
1615 4500 1735 4569 ejus
1772 4499 1867 4568 qni
1902 4514 2038 4553 con-

300 4620 309 4629 ‘
378 4671 385 4677 ι
464 4603 756 4658 demnatus
785 4606 869 4651 est
897 4595 1124 4666 gratiam
1162 4593 1502 4662 designavit:
1542 4592 1888 4646 factitationc
1910 4591 2037 4659 qui-

465 4696 592 4751 dem
628 4689 958 4746 naturaliter
1002 4684 1246 4748 in,idem
1299 4699 1425 4738 cum
1470 4683 1693 4738 homine
1729 4682 2039 4737 secundum

464 4785 687 4842 vitalem
716 4779 1141 4835 insutilationem
1173 4774 1465 4837 deductus,
1522 4774 1669 4828 unde
1703 4774 1801 4827 Dei
1843 4772 2039 4843 imagi-

465 4895 595 4935 nem
624 4884 841 4949 nactus,
876 4882 940 4927 ut
969 4872 1157 4935 homo,
1186 4868 1497 4922 iuvenalem
1528 4852 1771 4921 servavit
1816 4881 2036 4936 semper

465 4974 777 5030 libertatem
796 4977 851 5021 et
869 4962 1287 5035 impeccantiam
1314 4960 1633 5014 inviolatam
1653 4976 1666 5023 ;
1684 4958 2043 5028 generatione

466 5075 653 5121 autem
689 5059 991 5117 secundum
1046 5054 1484 5110 incarnationem
1515 5051 1758 5106 hominis
1788 5050 2041 5105 interitui

379 5151 391 5164 “
467 5155 695 5213 obnoxii
742 5149 1160 5209 similitudinem
1209 5156 1406 5216 sponte
1454 5147 1511 5199 in
1565 5145 1767 5212 servili,
1798 5142 2041 5213 suscepit

470 5252 644 5307 forma
667 5238 1310 5312 eisdemqueeumnobis
1352 5237 1648 5291 alfectibus
1691 5234 2039 5289 naturalibus

472 5338 758 5407 subjacere
787 5340 992 5402 praeter
1015 5334 1305 5397 peccatum
1333 5334 1594 5395 tanquam
1627 5323 1926 5387 obnoxius,
1948 5323 2043 5393 qui

474 5429 593 5483 sine
618 5432 847 5497 peccato
871 5429 1014 5487 erat,
1047 5418 1194 5472 ultro
1222 5432 1417 5487 passus
1439 5424 1542 5470 est.
1567 5415 1842 5495 Bipartito
1895 5416 2044 5468 enim

477 5523 784 5577 secundum
835 5526 1130 5585 utrumque
1164 5528 1232 5569 ex
1276 5512 1529 5582 partibus
1555 5520 1640 5566 est
1684 5510 2044 5579 compositus,

2143 4328 2308 4383 αὑτοῦ
2342 4323 2706 4395 παραϐάσεως
2745 4321 2905 4391 χάριν
2942 4321 3044 4372 οὐκ
3095 4317 3440 4380 ἀπαξιώσας,
3485 4313 3588 4366 διὰ
3634 4315 3752 4383 μὲν

2144 4420 2241 4488 τῆς
2269 4418 2537 4485 γενέσεως
2568 4413 2667 4485 τὴν
2703 4413 2837 4483 πρὸς
2866 4412 2954 4464 τὸν
3001 4409 3239 4462 πεσόντα
3288 4405 3748 4473 συγκατάὅασιν.

2143 4511 2231 4564 διὰ
2262 4508 2317 4561 δὲ
2347 4508 2446 4576 τῆς
2480 4506 2789 4577 γεννήσεως
2822 4502 2921 4572 τὴν
2972 4501 3108 4570 πρὸς
3139 4502 3231 4552 τὸν
3262 4495 3757 4566 καταδεδικασμέ-

2141 4616 2231 4653 νον
2253 4595 2503 4650 ἑκούσιον
2528 4593 2760 4649 κένωσιν
2791 4590 3103 4653 ἐπεδείξατο
3124 4607 3137 4618 ·
3169 4590 3236 4657 τῇ
3263 4588 3360 4656 μὲν
3383 4587 3612 4653 γενέσει
3642 4604 3758 4655 φυ-

2146 4688 2313 4749 σικῶς
2364 4688 2444 4749 εἰς
2490 4684 2689 4738 ταύτὸν
2727 4683 2805 4753 τῷ
2844 4681 3118 4752 ἀνθρώπῳ
3167 4678 3309 4732 κατὰ
3342 4678 3441 4748 τὴν
3487 4676 3763 4749 ζωτικὴν

2145 4779 2410 4849 ἀγόμενος
2442 4777 2761 4848 ἐμπνευσιν,
2793 4774 2853 4838 ἐξ
2877 4768 2945 4845 ἦς
2980 4772 3041 4825 τὸ
3077 4771 3198 4826 κατ’
3226 4770 3409 4823 εἰκόνα
3440 4767 3637 4820 λαϐὼν
3676 4769 3767 4831 ὡς

2148 4869 2430 4938 ἄνθρωπος
2464 4865 3017 4938 ἄπρατον-διέμεινεν
3060 4862 3200 4931 ἔχων
3242 4860 3342 4929 τῆς
3386 4860 3769 4931 ἐλευθερξας,

2148 4934 2263 5031 τῆς-
2290 4934 2737 5030 ἅναμαρτήσίαί
2763 4934 2858 5010 καί
2915 4955 3183 5025 ἄχραντον
3205 4970 3219 4983 ⁸
3253 4957 3319 5023 τῇ
3367 4952 3424 5004 δὲ
3477 4955 3772 5022 γεννήσει

2149 5052 2291 5105 κατὰ
2343 5050 2442 5121 τὴν
2496 5049 2776 5118 σάρκωσιν
2833 5047 2932 5116 τὴν
2981 5049 3117 5116 προς
3159 5045 3250 5097 τὸν
3281 5044 3583 5115 ἄνθρωπον
3650 5046 3772 5112 τῆς

2151 5142 2359 5213 φθορᾶς
2379 5141 2638 5212 ὁμοίωσιν
2678 5141 2940 5202 ἑκουσίως
2971 5138 3059 5191 διὰ
3094 5136 3194 5205 τῆς
3227 5136 3480 5199 δουλικῆς
3519 5138 3779 5207 μορ-θεῆς

2149 5233 2347 5297 ὑποδὺς
2375 5235 2489 5296 τοῖς
2524 5232 2711 5295 αὐτοῖς
2745 5229 3146 5301 παραπλησεως
3170 5231 3303 5298 ἡμῖν
3339 5228 3481 5280 κατᾶ
3516 5227 3781 5298 θέλησιν

2150 5325 2477 5380 ὑποκεῖσθαι
2514 5326 2767 5395 φυσικοῖς
2798 5323 3086 5393 παθήμασι
3123 5322 3291 5392 χωρὶς
3328 5322 3653 5391 ἁμαρτίας,
3690 5321 3785 5381 ὡς

2149 5421 2444 5480 ὑπεύθυνος
2473 5420 2502 5471 ὁ
2530 5418 2933 5489 ἀναμάρτητος,
2962 5415 3238 5486 ἠνέσχετο.
3273 5412 3408 5467 Κατ’
3440 5415 3630 5481 ἄμφω
3650 5415 3786 5482 γὰρ

2147 5514 2319 5567 ταῦτα
2365 5512 2509 5583 μέρη
2553 5512 2737 5581 τεμὼν
2770 5511 2834 5563 ἐκ
2878 5508 3060 5580 μερῶν
3096 5505 3377 5576 συνετέθη,
3420 5506 3518 5557 καὶ
3553 5505 3793 5577 γέγονα

548 5680 662 5753 (SC)
683 5674 1025 5745 Greg.,Na1..
1054 5670 1176 5725 012!
1204 5673 1257 5725 in
1279 5679 1520 5723 sanctum
1542 5670 1837 5743 Baptisma,
1862 5687 1981 5743 cap.
2006 5674 2060 5737 9.,
2103 5689 2155 5743 p.
2189 5671 2313 5741 692.
2351 5681 2483 5726 tom.
2520 5671 2560 5727 Ι.
2588 5668 2730 5738 Opp.
2762 5626 2896 5724 edit.
2927 5666 3131 5726 Bened.
