3938 6192
256 268 405 341 “³Ῑ317

1430 231 1437 236 ’
1500 261 2019 322 AMBIGUORUM
2058 263 2310 323 LIBER.

3383 270 3518 337 1318

271 390 483 451 τελείως
507 385 624 449 νέος
662 383 856 453 Ἀδὰμ,
890 380 978 435 τὸν
1013 375 1227 450 πρῶτον
1251 378 1361 455 τοῖς
1396 375 1516 429 κατ’
1543 377 1709 445 ἄμφω
1743 376 1834 445 μέ-

1945 384 2137 444 estquc
2165 375 2407 444 perfecte
2439 375 2616 431 factus
2638 393 2812 432 novus
2848 378 3040 443 Adam,
3085 382 3321 450 primum
3376 384 3519 441 Ada-

276 497 417 554 ρεσιν
456 477 629 547 Ἀδὰμ
680 478 739 528 ἐν
794 472 972 542 ἐαυτῷ
1025 470 1206 541 φέρων
1239 468 1533 538 ἁμείωτον.
1578 468 1688 537 Τῆς
1727 469 1837 536 γὰρ

270 571 369 641 πρὸ
421 569 522 637 τῆς
577 564 948 637 παραϐάσεως
998 560 1092 612 τοῦ
1128 559 1299 630 Ἀδὰμ
1356 557 1623 625 γενέσεως
1686 557 1837 626 νόμῳ

272 655 730 727 συγκαταῦάσεως
777 651 1143 720 ἀνασχόμενος
1195 647 1337 701 κατά
1380 646 1478 717 τὴν
1526 645 1725 699 πλάσιν
1777 645 1838 697 τὸ

187 769 192 773 ·
270 749 650 817 ἀναμάρτητον
695 742 940 811 φυσικῶς
974 738 1155 793 λαϐὼν
1204 738 1289 790 διὰ
1331 737 1429 806 τῆς
1463 735 1833 806 ἐμπνεύσεως,

180 874 185 877 -
269 838 325 890 τὸ
354 836 627 905 ἄφθαρτον
658 834 716 884 οὐ
757 828 1079 902 προσέλαϐε.
1124 828 1321 899 (226
1356 827 1420 896 ὁ)
1453 826 1564 895 Τῆς
1609 825 1666 879 δὲ
1700 825 1839 895 μετά

268 925 359 996 τὴν
408 923 722 993 παράϐασιν
763 923 828 974 ὲκ
885 919 1183 989 καταδίκης
1215 920 1523 988 γεννήσεως
1568 915 1707 969 κατά
1740 915 1840 980 τὴν

268 1016 508 1069 ἑκούσιον
559 1015 793 1067 κένωσιν
839 1014 901 1065 τὸ
951 1011 1189 1081 παθητὸν
1229 1008 1476 1077 φυσικῶς
1508 1007 1747 1076 εἰληφὼς
1779 1007 1839 1059 τὸ

269 1109 641 1179 ἁμαρτητικὸν
673 1108 733 1160 οὐ
770 1105 1234 1176 προσείληφε,κα“ι
1262 1104 1469 1170 γίνεται
1500 1103 1617 1165 νέος
1647 1099 1837 1170 Ἀδάμ,

266 1192 474 1268 γένεσιν
505 1197 800 1267 λαμϐάνων
835 1197 933 1267 τὴν
982 1196 1150 1266 αὐτὴν
1185 1193 1569 1263 ἀναμάρτητον
1595 1190 1689 1243 καὶ
1718 1206 1840 1257 γεν-

266 1293 469 1363 νήσεως
501 1293 598 1360 τῆς
629 1290 800 1359 αὐτῆς
830 1287 1081 1357 παθητῆς
1118 1285 1463 1356 ἀνεχόμενος.
1503 1284 1705 1352 Ἀμφω
1733 1280 1841 1352 γὰρ

270 1383 531 1453 ἀλλήλαις
576 1380 797 1444 τελείως
842 1381 971 1449 περὶ
1032 1377 1224 1430 ἑαυτὸν
1274 1375 1501 1441 ἐναλλὰξ
1549 1376 1662 1439 τοῖς
1716 1374 1837 1426 κατ’

269 1474 432 1543 ἄμφω
486 1473 708 1545 μέρεσιν
760 1469 1074 1541 συμπλέξας
1129 1466 1298 1537 ἄμφω
1344 1467 1415 1520 δι’
1470 1466 1717 1535 ἀλλήλων
1769 1467 1837 1535 τῇ

265 1566 501 1635 ἐλλείψει
533 1564 626 1618 τοῦ
659 1565 786 1634 περὶ
810 1562 1079 1631 ἑκατέραν
1101 1560 1272 1630 ἄκρου
1294 1558 1535 1621 δυνατῶς
1563 1556 1836 1622 ὲξιάσατο,

265 1659 360 1728 τῆς
394 1657 492 1728 μὲν
525 1657 747 1728 πρώτης
775 1656 869 1709 καὶ
895 1653 1080 1723 τιμίας
1105 1650 1204 1721 τὴν
1232 1650 1491 1720 δευτέραν
1523 1651 1616 1702 καὶ
1645 1649 1840 1717 ἄτιμον

267 1749 584 1819 ποιούμενος
634 1746 906 1815 σωστικήν
958 1761 1019 1798 τε
1073 1744 1167 1797 καὶ
1214 1741 1606 1811 ἀνανεωτικὴν,
1654 1741 1753 1809 τῆς
1781 1738 1855 1817 δὲ’.

263 1841 520 1911 δευτέρας
558 1839 655 1908 τὴν
682 1837 909 1908 πρώτην
949 1834 1282 1903 συστατικήν
1312 1849 1370 1885 τε
1400 1833 1496 1884 καὶ
1539 1846 1833 1902 περιποιη-

262 1930 420 1998 τικὴν
443 1929 810 1997 καταστήσας.
843 1926 1022 1995 Ἀκρα
1046 1922 1104 1976 δέ
1130 1938 1274 1991 φημι
1303 1919 1403 1990 τῆς
1443 1920 1541 1990 μὲν
1567 1918 1832 1988 γενέσεως

263 2018 484 2091 πρώτης
532 2017 628 2071 καλ⁸
676 2016 863 2086 τιμίας
914 2014 1267 2084 ὑπαρχούσης
1310 2012 1370 2066 τὸ
1411 2011 1706 2082 ἄφθαρτον,
1759 2011 1836 2072 ὡς

264 2109 681 2183 ἀναμαρτησίας
713 2106 878 2178 ἀρχὴ,
902 2107 1003 2176 τῆς
1037 2106 1091 2159 δὲ
1129 2107 1431 2177 γεννήσεως
1464 2104 1539 2166 ὡς
1571 2103 1833 2174 δευτέρας

263 2198 426 2270 οὔσης
458 2201 551 2253 καὶ
577 2200 774 2269 ἀτίμου
798 2198 858 2251 τὸ
881 2198 1277 2268 ἁμαρτητικὸν,
1306 2190 1381 2259 ὦς
1401 2195 1599 2257 παντὸς
1628 2195 1835 2257 πάθους

261 2288 433 2346 αἴτιον
461 2290 559 2344 καὶ
605 2290 831 2360 φθορᾶς’.
869 2289 1046 2360 "Amp
1076 2290 1155 2352 είς
1179 2287 1369 2342 ἑαυτὸν
1407 2285 1549 2341 κατά
1575 2285 1676 2356 τὴν
1708 2286 1828 2353 σάρ-

260 2386 427 2433 κωσιν
456 2362 721 2448 μηδαμῶς
750 2375 988 2446 εἰληφὼς
1011 2378 1039 2430 6
1055 2377 1245 2447 Σωτὴρ
1273 2376 1365 2428 καὶ
1393 2375 1458 2429 τά
1481 2373 1547 2427 δι’
1570 2372 1709 2426 αὺτά
1730 2389 1833 2428 xa-

258 2469 619 2538 ταδεξάμενος
649 2467 748 2536 τῆς
783 2467 884 2538 μὲν
914 2467 1181 2536 γενέσεως
1212 2467 1312 2537 τὴν
1338 2467 1593 2537 γέννησιν
1640 2482 1834 2518 σωστι-

261 2559 361 2631 κὴν
390 2558 707 2627 ἐποιήσατο,
733 2557 808 2625 τῷ
833 2558 955 2609 κατ’
986 2556 1153 2628 αὐτὴν
1182 2556 1346 2611 πάθει
1386 2556 1709 2627 παραδόξως
1736 2554 1833 2625 τὴν

263 2651 362 2720 τῆς
409 2650 676 2719 γενέσεως
728 2649 1038 2719 ἀφθαρσίαν
1073 2638 1492 2720 ἀνανεούμενος,
1549 2650 1648 2719 τῆς
1695 2648 1738 2701 δ’
1763 2647 1833 2701 αὖ

266 2747 428 2801 πάλιν
477 2746 798 2815 γεννήσεως
839 2744 936 2813 τὴν
986 2744 1198 2813 γένεσιν
1240 2743 1658 2814 περιποιητικὴν
1700 2760 1833 2796 κατ-

262 2839 552 2910 εστήσατο,
585 2838 649 2907 τῇ
683 2835 805 2888 κατ’
833 2833 1005 2905 αὐτὴν
1047 2834 1432 2904 ἀναμαρτησίᾳ
1466 2835 1563 2904 τὴν
1589 2837 1688 2904 τῆς
1715 2850 1837 2902 γεν-

259 2932 467 3001 νήσεως
507 2924 859 2996 καθαγιάζων
900 2926 1225 2996 ὲμπάθειαν,
1256 2925 1342 2993 ἵνα
1366 2925 1463 2996 τὴν
1495 2927 1593 2996 μὲν
1619 2926 1834 2994 γένεσιν

1938 476 2087 517 mum
2124 464 2245 519 istis
2268 464 2573 519 secundum
2606 474 2904 537 utrumque
2933 470 3184 538 partibus
3230 474 3285 527 in
3316 486 3487 530 semet

1938 552 2059 623 ipso
2090 554 2489 609 circumferens
2520 557 2896 613 imminutum.
2948 561 3328 620 Factitationis
3360 570 3499 622 enin
3594 594 3605 605 ι

1938 660 2061 713 quae
2092 653 2220 699 ante
2261 645 2455 700 Adami
2507 648 2721 716 lapsum
2750 650 2981 719 conligit
3008 653 3125 723 lege
3170 654 3516 726 ﬁgurationis

1939 735 2224 790 sustinens
2252 738 2781 794 condescensionem
2841 741 2894 795 id
2926 744 3149 811 quidem
3185 749 3520 804 naturaliter

1939 840 2040 894 per
2099 826 2529 883 insumationem
2558 833 2773 902 recepit
2810 842 2870 888 ut
2899 835 3019 891 sine
3070 848 3298 907 peccato
3346 853 3514 907 esset,

1939 915 2036 969 sed
2076 916 2662 987 incorruptibilitatem
2696 923 2843 977 haud
2877 926 3103 993 pariter.
3132 927 3516 989 Generationis

1941 1016 2124 1062 autem
2138 1016 2260 1077 post
2296 1010 2509 1079 lapsum
2535 1011 2604 1066 de
2628 1014 2983 1071 damnatione
3021 1019 3289 1076 instituta:
3316 1025 3517 1079 volun-

1941 1097 2079 1151 taria
2107 1114 2205 1152 sua
2231 1099 2609 1156 exinanitione
2658 1104 2890 1160 aﬁ‘ectus
2923 1111 3252 1166 naturaliter
3278 1128 3401 1168 cum
3429 1132 3513 1171 re-
3555 1104 3568 1157 ί

1941 1188 2200 1257 cepisset,
2242 1193 2509 1260 peccandi
2539 1194 2855 1262 facultatem
2898 1214 3005 1251 non
3064 1199 3227 1256 simul
3286 1208 3514 1276 recepit,

1940 1288 1996 1334 et
2019 1278 2079 1332 fit
2111 1296 2289 1336 novus
2322 1282 2586 1350 Adamus,
2622 1287 2872 1341 eamdem
2919 1289 3179 1345 videlicet
3216 1293 3516 1351 factitatio-

1939 1387 2067 1426 nem
2095 1373 2325 1428 sortitus
2372 1387 2599 1452 peccato
2641 1378 2908 1445 liberam,
2970 1382 3246 1453 simulque
3281 1402 3516 1457 genera-

1942 1463 2150 1518 tionem
2175 1466 2426 1521 eamdem
2453 1483 2576 1522 cum
2614 1469 2709 1523 illo
2738 1486 2935 1539 passus
2956 1473 3176 1529 aﬂ‘ectui
3196 1476 3513 1535 obnoxiam.

1942 1553 2243 1625 Utramque
2277 1558 2485 1611 etenim
2506 1558 2654 1613 circa
2678 1569 2850 1615 semet
2893 1572 3058 1632 atque
3082 1566 3326 1621 vicissim
3351 1571 3517 1637 parti~

1943 1645 2045 1700 bus
2068 1649 2355 1719 utriusque
2377 1650 2618 1719 perfecte
2648 1663 2984 1708 connectens
3012 1656 3284 1713 ambabus
3307 1675 3407 1728 per
3426 1666 3514 1716 Se-

1941 1737 2091 1806 ipsas
2126 1741 2415 1811 utriusque
2478 1744 2845 1798 extremitatis
2892 1746 3111 1801 defectu
3159 1759 3408 1804 mutuam
3458 1760 3514 1806 et

1935 1829 2291 1885 fortissimam
2316 1833 2500 1887 attulit
2528 1834 2824 1900 medelam,
2863 1839 3031 1893 unius
3075 1848 3130 1893 et
3172 1840 3515 1897 honorabilis

1936 1919 2169 1975 alteram
2206 1930 2260 1977 et
2285 1923 2668 1980 inhonoratam
2713 1926 2925 1983 faciens
2961 1931 3426 1987 conservatricem
3457 1943 3514 1987 et

1937 2013 2368 2078 renovatricem,
2399 2016 2773 2072 alteriusvero
2793 2019 3037 2088 priorem
3072 2023 3511 2079 constitutricem

1935 2112 1991 2157 et
2040 2104 2315 2160 vindicem
2366 2107 2662 2163 collocans.
2711 2109 3102 2166 Extremitates
3145 2124 3330 2168 autem
3372 2130 3514 2171 voco

1936 2193 2127 2263 prima
2161 2197 2496 2253 conditionis
2524 2207 2581 2253 et
2607 2200 2950 2256 honorabilis
3012 2203 3512 2274 incorruptibilita-

1938 2295 2069 2352 tem,
2101 2297 2162 2342 ut
2187 2304 2310 2359 qua:
2354 2289 2733 2359 impeccantiae
2765 2293 3099 2363 principium
3138 2305 3244 2360 est,
3277 2312 3510 2367 genera-

1936 2380 2104 2435 tionis
2126 2396 2279 2445 vero,
2332 2389 2393 2436 ut
2424 2383 2682 2438 secunda:
2709 2393 2765 2438 et
2801 2384 3227 2452 inhonorabilis,
3269 2387 3511 2445 indolem

1936 2473 2222 2540 peccandi,
2252 2474 2455 2544 quippe
2478 2491 2600 2544 quae
2636 2476 2818 2531 omnis
2846 2478 3122 2546 passionis
3168 2489 3333 2550 atque
3365 2481 3509 2537 inte-

1936 2561 2077 2617 ritus
2105 2579 2270 2619 causa
2300 2573 2405 2619 est.
2432 2565 2643 2631 Quibus
2673 2582 2703 2621 a
2738 2569 3022 2625 Salvatore
3048 2586 3171 2625 eum
3207 2587 3336 2627 caro
3357 2573 3513 2628 ﬁeret

1936 2669 2281 2724 nequaquam
2342 2658 2603 2727 receptis,
2640 2666 2699 2713 et
2743 2660 2826 2715 eis
2870 2677 2992 2731 quae
3016 2677 3116 2731 per
3149 2677 3210 2717 ea
3253 2674 3383 2718 sunt
3408 2664 3510 2720 ad-

1935 2744 2140 2811 missis,
2167 2746 2504 2801 conditionis
2526 2747 2748 2815 quidem
2773 2751 3186 2818 generationem
3214 2750 3347 2805 fecit
3381 2766 3513 2806 con-

1936 2834 2317 2899 servatricem,
2375 2836 2575 2891 affectu
2619 2838 2739 2907 ejus
2790 2838 3055 2892 nimirum
3107 2838 3400 2908 quemdam
3454 2840 3512 2894 in

1936 2926 2161 2981 modum
2185 2928 2546 3005 factitation‘is
2573 2944 2846 2983 renovans
2887 2929 3465 2998 incorruptibilitalcm
3493 2949 3509 2999 ;

259 3021 543 3082 παντελῶς
572 3020 943 3091 ἀνασὼσηται,
974 3019 1053 3089 τῷ
1083 3016 1397 3088 κατ’ναύτὴν
1423 3016 1662 3070 θεοτελεῖ
1693 3017 1834 3088 λόγῳ

1939 3016 2069 3072 item
2118 3018 2493 3088 generationis
2556 3034 2751 3075 rursus
2806 3019 3176 3073 conditionem
3226 3020 3514 3075 constituit

259 3111 360 3181 τὴν
393 3113 555 3179 φύσιν
581 3111 997 3181 διακρατοῦσαν,
1028 3110 1129 3181 τῆς
1158 3110 1215 3164 δὲ
1245 3112 1556 3179 γεννήσεως
1584 3108 1681 3182 τὴν
1714 3113 1838 3166 ὑπο-

268 3202 539 3257 πεσοῦσαν
587 3204 724 3274 αὐτῇ
770 3202 932 3273 φύσιν
971 3203 1059 3256 διὰ
1102 3201 1200 3272 τὴν
1237 3200 1511 3273 ἁμαρτίαν
1553 3202 1835 3266 παντελῶς

261 3292 627 3365 ἐλευθερώσῃ,
686 3294 761 3363 τῷ
800 3295 923 3347 κατ’
966 3294 1135 3363 αὐτὴν
1172 3294 1303 3355 ἴσως
1331 3295 1444 3356 τοῖς
1475 3293 1684 3357 λοιποῖς
1743 3296 1836 3348 ἐπὶ

261 3383 369 3452 γῆς
402 3382 559 3447 ζώοις
594 3383 875 3454 ὲπιῤῥύτῳ
903 3384 1002 3452 τῆς
1037 3384 1246 3453 σπορᾶς
1267 3383 1453 3452 τρόπῳ
1489 3382 1565 3453 μὴ
1598 3382 1833 3454 κρατου-

262 3475 449 3544 μένην.
484 3474 733 3543 Συνάψας
762 3473 854 3526 οὖν
885 3473 1098 3539 γένεσιν
1142 3473 1236 3525 καὶ
1263 3473 1460 3525 πλάσιν
1486 3474 1576 3524 καὶ
1600 3473 1836 3543 ἔμπνευ-

261 3579 347 3616 σιν
392 3562 642 3633 φυσικῶς
688 3565 753 3632 τῇ
789 3562 985 3632 (227
1016 3561 1087 3630 a)
1118 3560 1390 3629 σαρκώσει
1418 3559 1512 3612 καὶ
1541 3562 1605 3630 τῇ
1642 3562 1834 3631 γεννή-

262 3670 368 3717 σει,
407 3654 549 3707 κατά
590 3653 758 3723 μόνην
788 3653 1030 3705 ἐπίνοιαν
1076 3650 1322 3719 ἀλλήλων
1351 3649 1513 3714 δίελε,
1543 3651 1637 3705 καὶ
1665 3652 1834 3723 εὑρή-

260 3760 374 3808 σεις
405 3745 546 3799 κατὰ
588 3744 677 3797 τὸν
734 3743 908 3814 μέγαν
937 3740 1256 3796 διδάσκαλον
1282 3740 1380 3810 τὴν
1406 3741 1672 3811 τετάρτην
1705 3743 1832 3810 γέν·

256 3853 436 3904 νησιν,
483 3834 911 3904 συμπληροῦσαν
962 3833 1065 3901 τὴν
1110 3832 1174 3885 ἐκ
1224 3832 1513 3900 σωμάτων,
1556 3834 1649 3886 καὶ
1696 3834 1833 3907 μόνῃ

254 3926 471 3995 ἐπινοίᾳ⁵
503 3929 596 3995 την
627 3925 720 3977 ἀπ’
758 3923 930 3993 αὐτῆς
956 3922 1251 3994 δεχομένην
1279 3921 1547 3992 διάκρισιν
1578 3923 1718 3976 κατά
1741 3924 1832 3976 τὸν

258 4016 594 4069 ἀποδοθέντα
622 4014 841 4084 τρόπον.
879 4013 1037 4082 Λέγω
1071 4013 1128 4067 δὲ
1164 4011 1358 4066 ταύτὸν
1384 4007 1523 4066 εἶναι
1554 4014 1652 4084 τὴν
1680 4015 1831 4082 γένε-

258 4122 348 4157 σιν
397 4104 898 4176 προεπινοουμένην
942 4103 1189 4173 φυσικῶς
1220 4102 1321 4173 τῆς
1350 4103 1676 4157 ἐπεισάκτου
1707 4122 1832 4173 γεν-

258 4198 491 4266 νήσεως,
520 4193 587 4267 ἧς
623 4197 750 4249 ἴδιόν
783 4198 900 4248 ἐστι
938 4196 999 4249 τὸ
1048 4194 1353 4266 ἐμφύσημα
1401 4195 1464 4249 τὸ
1492 4195 1710 4265 πρῶτον
1738 4197 1832 4250 καὶ

258 4289 509 4353 ζωτικὸν.

1939 3110 2234 3172 vindicem,
2291 3110 2657 3180 impeccantia
2708 3112 2830 3180 ejus
2881 3118 3085 3165 statum
3138 3111 3514 3183 generationis

1937 3201 2158 3256 all‘ectui
2224 3202 2525 3255 obnoxium
2585 3203 2955 3267 sanctiﬁcans,
3017 3211 3075 3257 ut
3133 3203 3513 3257 conditionem

1935 3292 2097 3361 plene
2144 3291 2347 3345 salvam
2396 3292 2622 3357 faceret,
2651 3293 2850 3347 divinae
2876 3308 2974 3347 sua
3022 3293 3381 3361 perfectionis
3422 3308 3512 3347 ra-

1938 3381 2086 3434 tione
2119 3390 2539 3453 conservantem
2588 3389 2869 3446 naturam,
2908 3398 2938 3435 a
2983 3382 3340 3452 generatione
3378 3398 3512 3438 vero

1936 3478 2191 3524 naturam
2224 3470 2355 3523 huic
2407 3479 2634 3540 propter
2688 3472 2952 3525 delictum
3002 3472 3301 3541 subjectam
3348 3473 3513 3542 plane

1934 3558 2479 3625 liberaret,’sationis
2507 3560 2692 3625 modo,
2738 3561 2865 3615 inde
2913 3561 3146 3616 fortasse
3189 3562 3421 3632 reliquis
3454 3566 3511 3620 in

1936 3656 2082 3703 terra
2109 3650 2439 3703 animalibus
2469 3649 2791 3715 adventitio,
2817 3666 2925 3705 non
2953 3652 3240 3705 domitam.
3277 3651 3433 3717 Quod
3463 3654 3511 3709 si

1936 3740 2314 3796 conditionem
2348 3751 2405 3796 et
2446 3741 2826 3810 ﬁgurationem
2857 3751 2914 3795 et
2950 3741 3374 3796 insuﬂlationem
3407 3758 3511 3798 na-

1937 3833 2191 3887 turaliter
2224 3847 2352 3887 cum
2413 3832 2794 3887 incarnatione
2856 3840 2910 3886 et
2966 3848 3092 3886 cum
3151 3833 3509 3902 generatione

1934 3925 2307 3995 conjunxeris,
2335 3924 2612 3994 distingue
2637 3924 2736 3978 has
2756 3923 2899 3977 inter
2920 3940 2978 3979 se
3008 3923 3124 3989 sola
3152 3924 3505 3994 cogitatione,

1935 4024 1991 4073 et
2018 4017 2291 4080 invenies,
2322 4015 2629 4070 secundum
2653 4030 2906 4085 magnum
2940 4016 3285 4085 magistrum,
3338 4031 3507 4085 quar-

1933 4117 2042 4162 tam
2076 4107 2508 4177 generationem,
2546 4106 2821 4174 complere
2848 4120 2967 4159 eam
3011 4122 3133 4174 quae
3153 4121 3219 4159 ex
3262 4105 3529 4175 corporii
3584 4120 3626 4143 κ

1932 4198 2039 4252 hus
2061 4196 2139 4260 fit,
2176 4197 2402 4263 solaque
2429 4194 2762 4264 cogitatione
2798 4196 3103 4262 capientem
3152 4193 3311 4248 istam
3349 4194 3417 4247 ab
3448 4207 3508 4247 se

1934 4292 2053 4359 ipsa
2089 4286 2501 4341 distinctionem
2525 4301 2592 4339 eo
2626 4299 2789 4354 quem
2820 4284 3071 4338 enarravi
3103 4285 3286 4338 modo.
3320 4284 3507 4340 Status

257 4390 443 4434 autem
491 4380 629 4435 nihil
662 4379 885 4435 diﬂ'erre
956 4379 1331 4436 conditionem
1403 4393 1531 4451 qua;
1569 4381 1899 4436 naturaliter
1934 4388 2060 4436 ante
2127 4376 2605 4447 superaddititiam
2665 4375 2813 4429 illam
2858 4374 3291 4445 generationem,
3346 4374 3506 4446 cujus

255 4469 537 4539 peculiare
566 4477 650 4524 cst
684 4470 979 4525 insuﬂlatio
1009 4470 1184 4539 prima
1220 4476 1384 4538 atque
1419 4468 1619 4534 vitalis,
1655 4471 1838 4525 animo
1879 4469 2206 4539 concipitur.

1856 4593 1926 4606 —-

254 4656 483 4723 Θεωρία
507 4657 592 4719 είς
626 4654 713 4718 τὸ,
754 4674 771 4706 ι
814 4655 1085 4722 Τρισσὴν
1113 4654 1401 4723 γέννησιν
1425 4655 1569 4725 ἡμῖν
1610 4652 1774 4710 οἶδεν
1804 4659 1834 4709 ὀ

1940 4656 2329 4729 Contemplatio
2375 4660 2429 4711 in
2477 4655 2653 4710 illud:
2696 4671 2714 4704 ι
2742 4651 2954 4721 Triplex
3010 4653 3303 4706 nativitatis
3338 4666 3506 4718 genus

909 4747 1120 4811 Λόγος.
1170 4764 1189 4797 ι

330 4839 441 4889 Καὶ
470 4824 767 4909 συλλήϐδην
813 4836 1008 4899 εἰπεῖν,
1044 4837 1093 4888 εί
1123 4836 1330 4906 βούλοιο
1359 4836 1563 4904 γνῶναι
1592 4838 1698 4891 τῶν
1734 4837 1826 4890 τοῦ

253 4927 580 4980 διδασκάλου
642 4927 816 4995 λόγων
867 4927 968 4997 τὴν
1021 4926 1330 4996 ἀκρίϐειαν,
1357 4929 1512 4997 ζήτει
1538 4929 1622 4990 τίς
1649 4929 1675 4980 6
1705 4929 1828 4980 κατ’

253 5018 439 5070 αἰτίαν
468 5019 875 5088 προηγούμενος
903 5019 1002 5089 τῆς
1045 5016 1333 5089 ἀνθρώπου
1364 5018 1627 5085 γενέσεως
1672 5019 1826 5087 λόγος

251 5111 428 5175 ἐστὶνς
481 5112 509 5163 6
566 5113 661 5182 τῆς
716 5111 854 5173 ἰδίας
896 5111 1044 5173 ὲντδς
1100 5111 1275 5180 μένων
1338 5112 1424 5164 ἀεὶ
1471 5112 1830 5181 μονιμότητος

251 5199 684 5267 ἀνεκφοιτήτως,
723 5199 815 5252 καὶ
847 5199 928 5261 τίς
957 5201 985 5249 6
1012 5198 1151 5253 κατά
1176 5199 1275 5267 τὴν
1304 5199 1651 5269 παιδευτικὴν
1682 5202 1829 5253 οἰκο-

250 5290 452 5356 νομίαν
484 5290 580 5357 τῆς
605 5290 911 5358 γεννήσεως
958 5289 1121 5343 αὐτοῦ
1148 5290 1234 5344 διὰ
1266 5289 1364 5359 τὴν
1402 5291 1680 5359 ἁμαρτίαν
1703 5292 1830 5355 τρο·

251 5394 381 5444 πος,
417 5381 444 5432 6
474 5380 625 5443 τέλος
660 5380 798 5450 ἔχων
836 5381 933 5450 τὴν
985 5381 1077 5434 τοῦ
1124 5382 1647 5451 παιδαγωγουμένου
1683 5383 1831 5452 διόρ-

252 5468 427 5524 θωσιν
458 5475 550 5524 καὶ
583 5473 719 5541 πρὸς
748 5473 838 5525 τὸν
888 5473 1045 5542 λόγον
1084 5474 1180 5543 τῆς
1222 5472 1387 5525 αὑτοῦ
1422 5472 1686 5539 γενέσεως
1731 5474 1831 5541 τὴν

247 5562 471 5615 τελείαν
514 5564 793 5624 ἐπάνοδον,
843 5564 937 5631 καὶ
996 5563 1216 5633 μαθήσῃ
1267 5562 1458 5630 σαφῶς
1493 5562 1608 5626 πῶς
1641 5564 1669 5615 6
1702 5562 1834 5625 Θεὸς

250 5653 551 5724 γενόμενος
607 5652 893 5724 ἄνθρωπος
947 5656 1070 5708 κατ’
1124 5655 1291 5724 ἄμφω
1339 5653 1558 5717 τελείως
1626 5652 1830 5720 γέγονε,

2322 4750 2466 4801 nobis
2499 4744 2735 4816 agnoscit
2779 4742 3108 4813 Scriptura.»

2002 4843 2181 4911 thue
2210 4840 2401 4910 paucis
2427 4838 2726 4900 absolvam,
2759 4835 2804 4890 si
2845 4834 3093 4904 magistri
3116 4842 3427 4889 accuratam
3449 4834 3504 4887 in

1935 4931 2269 5001 disputando
2300 4930 2638 5000 diligentiam
2664 4941 3000 4997 cognoscere
3030 4925 3135 4989 vis,
3154 4941 3336 4995 quaere
3359 4941 3505 4994 qua:-

1935 5041 2060 5079 nam
2086 5024 2157 5079 sit
2186 5024 2275 5078 illa
2301 5022 2544 5076 hominis
2568 5019 2977 5091 generationem
3030 5020 3323 5073 causaliter
3369 5034 3508 5088 prae-

1936 5117 2138 5172 cedens
2160 5116 2317 5179 ratio,
2352 5129 2473 5184 quae
2498 5114 2553 5167 in
2577 5129 2674 5168 sua
2696 5111 2995 5166 stabilitate
3018 5120 3335 5179 perseverat
3365 5126 3508 5164 nun-

1936 5220 2098 5274 quam
2133 5219 2439 5274 egressura.
2481 5211 2537 5257 et
2592 5202 2717 5272 quis
2753 5201 2824 5255 sit
2854 5199 3226 5271 generationis
3272 5201 3394 5271 ejus
3439 5216 3508 5255 ex

1937 5294 2144 5347 delicto
2180 5291 2489 5346 secundum
2523 5289 2924 5345 institutorium
2952 5288 3039 5342 vel
3089 5288 3505 5357 castigatorium

1938 5384 2033 5438 Dei
2063 5383 2354 5438 consilium
2381 5382 2599 5445 modus,
2631 5382 2788 5452 cujus
2833 5380 2959 5434 finis
3011 5388 3096 5433 est
3142 5378 3261 5449 ejus
3290 5379 3381 5447 qui
3416 5376 3505 5434 in-

1931 5474 2180 5528 stituitur
2228 5471 2539 5527 emendatio
2600 5471 2783 5541 adque
2840 5470 3109 5525 rationem
3167 5466 3500 5526 conditionis

1932 5580 2044 5618 suae
2085 5564 2363 5633 perfectus
2405 5563 2638 5628 reditus,
2672 5571 2729 5618 et
2777 5563 3088 5617 luculenter
3133 5560 3313 5615 disces
3367 5571 3503 5628 quo-

1933 5655 2095 5711 modo
2118 5656 2263 5712 Deus
2302 5672 2425 5712 cum
2444 5658 2609 5711 homo
2646 5655 2803 5712 ﬁeret
2841 5671 2905 5711 ex
2959 5664 3198 5726 utroque
3230 5651 3509 5723 perfectus
