3938 6192
543 294 677 362 1319

1659 297 1722 357 s.
1761 297 2047 356 MAXIMI
2088 296 2597 365 coxrnssoms
3603 322 3696 387 1399

539 407 717 465 factus
740 407 833 473 sit,
866 406 934 462 ad
961 422 1088 461 eum
1110 422 1273 477 quem
1311 408 1550 463 habebat
1585 423 1780 463 revera
1836 409 2109 463 conditiu-

2229 415 2347 483 πρὸς
2378 416 2438 467 ὃν
2469 413 2613 487 εἶχεν
2646 418 2860 486 ἀληθῶς
2912 421 3009 489 τῆς
3048 423 3308 489 γενέσεως
3347 427 3486 496 λόγον
3512 432 3586 485 τδν
3614 439 3696 491 κατ’

543 498 634 553 nis
660 498 926 552 rationem
949 496 1120 551 divini
1138 498 1354 552 consilii
1385 498 1609 552 modum
1639 500 1922 568 sapienter
1946 500 2113 555 redu-

546 603 676 644 cens
697 594 755 642 et
787 596 902 642 tum
914 588 1037 659 jure
1070 588 1434 654 admiraberis
1461 589 1530 645 de
1560 589 1807 660 magistri
1835 591 2111 655 acumine,

544 676 693 747 quod
722 692 786 731 ea
828 692 950 746 quae
994 670 1322 733 naturaliter
1356 679 1637 734 cohaarent
1661 679 1999 750 cogitatione
2025 695 2114 734 se-

543 785 774 842 gregans
802 779 972 825 totam
989 771 1237 842 mysterii
1270 772 1317 827 si
1348 772 1499 841 qt‘tod
1527 771 1679 825 aliud
1723 770 1897 824 divini
1925 770 1983 823 in
2012 785 2117 823 no-

542 860 631 915 bis
654 865 837 915 oculte
871 861 1241 916 manifestavit
1266 860 1558 914 rationem.
1583 858 1939 928 Corporalem
1967 857 2117 910 enim

542 951 955 1023 generationem
980 952 1137 1007 vitali
1171 952 1540 1006 insumatione
1563 960 1620 1005 et
1651 949 2030 1005 incarnatione
2061 948 2118 1001 in

543 1051 729 1098 mente
769 1042 1110 1113 distinguens
1135 1043 1469 1114 generatorii
1501 1041 1652 1096 modi
1696 1055 1732 1094 a
1780 1036 2120 1096 conditionis

545 1135 763 1190 ratione
785 1134 1155 1190 diﬁ‘erentiam
1183 1136 1418 1191 obscure
1448 1132 1795 1213 significavit.
1829 1131 1977 1198 Quas
2021 1145 2121 1184 no-

546 1235 662 1283 stra
689 1242 855 1282 causa
882 1228 1027 1281 Deus
1053 1234 1263 1282 natura;
1298 1236 1615 1290 renovatur,
1661 1225 1847 1279 verius
1884 1222 2121 1277 dixerint

545 1319 1300 1388 novator,assumpsit,adque
1321 1319 1615 1388 pristinum
1632 1318 1899 1371 honorem
1923 1316 2113 1369 incor-

548 1409 931 1480 ruptibilitatis
955 1412 1104 1465 illam
1137 1410 1367 1465 adduxit
1391 1425 1489 1480 per
1530 1418 1771 1463 sanctam
1809 1423 1963 1462 suam
2001 1420 2123 1475 qua:

547 1501 617 1556 de
660 1502 821 1557 nobis
877 1511 1095 1572 sumpta
1157 1511 1214 1557 et
1255 1501 1662 1556 rationabiliter
1707 1500 1948 1554 animata
2001 1507 2123 1553 erat

549 1607 793 1657 carnem,
837 1607 1067 1662 eamque
1114 1592 1422 1648 liberaliter
1483 1592 1710 1661 insuper
1771 1589 2121 1644 deiﬁcationc

549 1685 788 1749 ornavit,
814 1678 893 1750 de.
937 1700 1046 1753 qua
1076 1684 1144 1738 ad
1176 1685 1375 1739 anima:
1406 1685 1582 1739 instar
1605 1685 1659 1738 in
1702 1697 1933 1752 corpore
1961 1681 2121 1734 inha-

2219 506 2529 576 οἰκονομίαν
2581 509 3102 593 σοφῶςκὲπανάγων
3152 516 3362 583 τρόπον,
3394 522 3477 573 καὶ
3505 523 3603 576 τότε
3643 526 3699 579 δι-

2221 597 2393 661 καίως
2421 599 2724 668 θαυμάσεις
2753 605 2851 673 τῆς
2892 604 3160 668 συνέσεως
3192 607 3281 660 τὸν
3301 608 3595 677 διδάσκαλον,
3619 616 3700 680 in};

2222 687 2290 739 τὰ
2321 689 2461 742 κατὰ
2491 689 2589 760 τὴν
2623 691 2785 758 φύσιν
2832 696 3157 763 συνημμένα
3191 698 3307 750 κατ’
3336 699 3547 755 ἐπίνοιαν
3566 703 3702 758 διελὼν

2221 778 2312 832 τὸν
2344 780 2465 831 ὅλον
2493 781 2587 833 τοῦ
2621 783 2707 851 ἐφ’
2737 785 2867 854 ἡμῖν
2896 784 3176 841 θειοτάτου
3215 791 3491 861 μυστηρίου
3518 795 3702 864 κρυφίως

2222 870 2549 941 διετράνωσε
2590 873 2767 942 λόγον.
2804 875 2918 946 Τὴν
2970 879 3083 948 γὰρ
3108 881 3176 954 ὲκ
3224 881 3472 949 σωμάτων
3515 884 3703 954 γέννησιν

2223 961 2301 1030 τῷ
2333 962 2549 1033 ζωτικῷ
2580 965 2937 1036 ὲμφυσήματι
2972 968 3065 1020 καὶ
3092 953 3182 1038 ’τῇ
3216 969 3471 1039 σαρκώσει
3496 973 3597 1024 κατ’
3618 953 3703 1026 ἐπί-

2224 1067 2376 1106 νοιαν
2406 1054 2732 1125 ἐπιμερίσας
2765 1058 2865 1126 τὴν
2911 1057 3047 1129 πρὸς
3065 1059 3156 1112 τὸν
3181 1059 3317 1111 κατά
3338 1058 3425 1130 τὴν
3448 1061 3626 1127 γένεσιν
3643 1065 3704 1116 λό-

2226 1161 2320 1212 γον
2353 1145 2444 1199 τοῦ
2484 1147 2626 1201 κατά
2670 1149 2770 1219 τὴν
2803 1150 3057 1220 γέννησιν
3115 1151 3315 1220 τρόπον
3354 1151 3584 1221 διαφορὰν
3608 1172 3705 1223 παρ-

2225 1237 2467 1308 ῃνίξατο.
2496 1232 2596 1293 Ὧν
2638 1240 3028 1311 ὲπιλαὸόμενος
3081 1242 3148 1296 δι’
3200 1245 3343 1312 ἡμᾶς
3394 1247 3419 1296 ὀ
3462 1243 3546 1314 τὴν
3594 1246 3707 1312 φύσιν

2225 1327 2578 1391 ἀνακαινίσας
2608 1329 2761 1394 Θεὸς,
2797 1330 2998 1400 μᾶλλον
3027 1330 3085 1384 δὲ
3115 1332 3363 1395 καινίσας
3393 1333 3546 1385 εἰπεῖν
3568 1334 3707 1401 ἀληθέ-

2229 1426 2442 1485 στερον,
2473 1419 2566 1471 καὶ
2599 1419 2735 1487 πρὸς
2767 1417 2828 1470 τὸ
2858 1420 3081 1488 ἀρχαῖον
3123 1420 3317 1483 κάλλος
3349 1420 3499 1489 αὐτὴν
3535 1421 3612 1489 τῆς
3636 1421 3708 1488 ἀο-

2203 1506 2457 1575 ,θαρσίας
2482 1506 2775 1575 ἐπαγαγὼν
2795 1507 2883 1561 διὰ
2910 1508 3009 1577 τῆς
3036 1508 3232 1577 (227
3266 1508 3330 1579 b)
3357 1509 3413 1573 ἐξ
3439 1508 3572 1578 ἡμῶν
3594 1508 3707 1573 avlai

2228 1594 2394 1649 αὑτοῦ
2443 1595 2534 1648 καὶ
2563 1595 2796 1663 λογικῶς
2832 1595 3191 1666 ὲψυχωμένης
3240 1595 3451 1665 σαρκὸς,
3482 1596 3563 1648 καὶ
3598 1594 3711 1647 πλέον

2229 1685 2641 1755 παρασχόμενος
2672 1686 2809 1756 αὐτῇ
2838 1685 3147 1757 φιλοδώρως
3192 1686 3295 1756 τὴν
3343 1684 3533 1746 θέωσιν,
3560 1679 3614 1752 ἧς
3643 1698 3709 1751 ps-

549 1773 761 1829 bitante
789 1774 894 1844 ipsi
925 1774 1019 1844 qui
1051 1773 1369 1829 incarnatus
1392 1782 1479 1828 est
1529 1774 1640 1828 Deo
1685 1773 1942 1827 excidere
1975 1768 2122 1824 haud

2229 1779 2481 1829 ταπεσεῑν
2522 1774 2801 1839 παντελῶς
2857 1777 3139 1846 ἀμήχανον
3177 1773 3327 1844 αὺτῷ
3353 1772 3425 1843 τῷ
3453 1771 3710 1842 σαρωθένῖι

548 1863 764 1930 liceret,
789 1879 913 1935 qua:
930 1874 1108 1920 t0tum
1134 1865 1423 1920 inconfuse
1463 1863 1770 1920 secundum
1816 1862 2122 1916 unitionem

548 1955 888 2022 circumiret,
926 1972 1135 2027 proque
1158 1957 1335 2028 ipsius
1363 1972 1463 2028 per
1500 1972 1622 2012 eam
1685 1953 2125 2010 manifestatione

552 2046 610 2103 in
641 2055 851 2119 tantum
883 2048 1150 2103 occultari
1179 2049 1451 2119 reciperet
1489 2049 1546 2102 in
1572 2055 1840 2117 quantum
1878 2044 1995 2114 ipse
2028 2057 2126 2111 per

551 2151 673 2192 eam
698 2138 1081 2194 manilestatus
1112 2146 1170 2194 et
1195 2138 1628 2194 occultationem
1683 2150 1840 2191 suam
1873 2145 2127 2203 egressus

551 2243 673 2285 esse
696 2237 923 2299 putatus
954 2239 1075 2286 est:
1108 2238 1166 2285 et
1216 2231 1349 2301 quid
1374 2226 1940 2301 quodadmirabilius?
1979 2220 2127 2293 quod

552 2322 881 2377 naturaliter
908 2322 1056 2377 Deus
1080 2323 1375 2388 exsistens,
1394 2330 1452 2376 et
1494 2321 1660 2374 homo
1683 2330 1871 2375 tamen
1901 2324 2129 2370 natura-

552 2412 682 2468 liter
708 2413 827 2468 ﬁeri
858 2414 1135 2485 dignatus,
1160 2413 1413 2469 neutrius
1433 2421 1647 2467 natura;
1697 2408 1977 2465 naturales
2015 2422 2130 2461 omo

554 2505 687 2561 nino
743 2504 882 2561 ﬁnes
911 2521 1009 2575 per
1053 2506 1284 2561 alteram
1335 2503 1613 2575 migravit,
1654 2501 1751 2557 sed
1802 2509 1953 2556 totus
1980 2500 2129 2554 Deus

551 2595 825 2651 exsistens
853 2602 1001 2650 totus
1029 2595 1195 2650 homo
1216 2595 1397 2649 factus
1419 2590 1835 2664 perseveravit?
1872 2603 1941 2643 eo
1979 2586 2127 2659 quod

554 2685 702 2741 Deus
749 2694 834 2741 est
885 2687 1183 2756 quominus
1226 2687 1392 2741 homo
1435 2686 1594 2740 ﬁeret
1636 2699 1746 2738 non
1791 2680 2125 2753 prohibitus,

553 2789 736 2844 neque
761 2774 1008 2844 profecto
1027 2789 1095 2830 eo
1115 2774 1264 2844 quod
1286 2775 1453 2829 homo
1480 2774 1658 2829 factus
1683 2780 1768 2827 est
1794 2771 2003 2826 deitate
2031 2770 2129 2825 de-

555 2866 827 2930 minutus,
854 2883 999 2921 unus
1026 2875 1083 2922 et
1109 2866 1256 2921 idem
1297 2874 1448 2921 totus
1482 2880 1584 2935 per
1638 2872 1934 2933 utrumque
1982 2877 2129 2916 sem-

555 2973 658 3029 per
678 2959 1006 3023 consistens,
1048 2966 1105 3013 et
1124 2966 1308 3012 tamen
1333 2968 1525 3011 revera
1557 2963 1853 3024 utrumque
1875 2963 1930 3008 et
1961 2952 2130 3007 homo

556 3060 616 3107 et
638 3051 803 3115 Deus,
830 3050 1155 3105 naturaliter
1179 3050 1472 3112 exsistens,
1492 3062 1674 3117 neque
1697 3044 1980 3100 essentiali
2005 3060 2131 3113 par-

557 3142 699 3199 tium
748 3142 1020 3196 naturalis
1062 3141 1391 3196 differentia:
1428 3139 1742 3209 integritate
1775 3136 2006 3200 divisus,
2033 3151 2131 3189 ne-

557 3249 668 3304 que
690 3234 1074 3304 singularitate
1096 3232 1419 3289 substantiae
1444 3233 1729 3295 confusus,
1750 3245 1858 3282 non
1890 3236 2132 3281 mutatus

561 3324 619 3380 in
671 3325 995 3380 inferiorem
1024 3334 1281 3379 naturam
1323 3332 1422 3378 aut
1472 3324 1526 3376 in
1560 3322 1615 3375 id
1653 3319 1798 3391 quod
1849 3334 1958 3372 non
1986 3326 2132 3371 esset

560 3414 838 3486 delapsus.
882 3416 1077 3471 Carnis
1121 3416 1304 3486 specie
1353 3423 1410 3470 et
1462 3414 1636 3468 forma
1684 3412 1957 3474 divinum,
1985 3407 2131 3463 haud

559 3522 676 3578 prae
699 3522 757 3561 se
789 3506 975 3562 ferens
995 3507 1311 3572 consilium,
1339 3516 1395 3561 et
1416 3522 1538 3577 qua:
1568 3505 1675 3560 alia
1704 3504 1773 3558 ad
1822 3503 2131 3573 subjectum

560 3596 855 3665 recipiens,
884 3596 1291 3652 consummavit
1350 3595 1510 3660 illud,
1544 3594 1641 3650 sed
1684 3595 1862 3663 ipsam
1909 3590 2132 3661 proprie

560 3695 618 3741 et
652 3701 844 3742 revera
891 3698 1224 3759 assumptam
1255 3688 1552 3743 humanam
1589 3701 1777 3741 secum
1804 3684 1924 3754 ipso
1974 3692 2135 3737 natu-

559 3791 679 3832 ram
715 3778 1154 3832 substantialiter
1205 3778 1537 3833 coadunavit
1573 3776 1847 3831 stabiliter
1891 3782 1949 3829 et
1997 3788 2132 3827 eon-

562 3877 774 3925 stanter
793 3879 849 3926 et
884 3872 1097 3942 integre
1120 3880 1178 3926 et
1225 3869 1689 3939 inseparabiliter,
1733 3876 1903 3936 atque
1941 3879 2132 3918 essen-

561 3957 677 4015 tiali
704 3961 823 4031 ejus
850 3962 1065 4021 ratione
1095 3975 1158 4015 ac
1205 3960 1313 4014 ﬁne
1353 3975 1424 4013 ne
1454 3958 1798 4013 dilaberetur
1835 3955 2130 4011 continuit.

450 4116 459 4123 λ
561 4048 680 4116 Qua
709 4050 876 4105 etiam
906 4052 1253 4123 corporalem,
1271 4049 1579 4104 secundum
1614 4057 1876 4103 sanctum
1906 4047 2054 4100 hunc
2079 4052 2135 4099 et

562 4153 815 4211 magnum
856 4140 1198 4209 magistrum,
1228 4147 1474 4194 nostram
1506 4138 1920 4209 generationem
1954 4135 2133 4189 hono-

562 4233 727 4296 ravit,
752 4243 808 4286 et
838 4231 1002 4286 homo
1027 4246 1158 4285 vere
1211 4230 1388 4285 factus
1413 4237 1469 4284 et
1490 4229 1798 4283 humanum
1826 4225 1883 4278 in
1909 4222 2133 4283 modum

560 4331 877 4395 generatus,
907 4332 968 4378 ut
997 4338 1097 4378 nos
1113 4322 1181 4377 de
1208 4322 1587 4392 generationis
1611 4319 1848 4374 vinculis
1872 4318 2133 4381 solveret,

2226 1867 2344 1937 Θεῷ
2374 1869 2552 1937 ψυχῆς
2582 1868 2784 1938 τρόπον
2834 1868 3061 1937 ἐνούσης
3111 1866 3346 1937 σώματι,
3377 1864 3439 1917 δι’
3460 1864 3566 1916 ὅλου
3605 1879 3711 1931 περι-

2226 1957 2556 2027 χωρήσασαν
2612 1957 2936 2028 ἀσυγχύτως
2983 1960 3125 2011 κατά
3153 1955 3254 2028 τὴν
3292 1957 3493 2022 ἕνωσιν,
3534 1956 3610 2007 καὶ
3647 1953 3711 2021 τῆς

2227 2048 2392 2101 αὐτοῦ
2419 2048 2539 2100 κατ’
2564 2048 2732 2118 αὐτὴν
2762 2049 3079 2118 ὲκφάνσεως
3108 2046 3364 2102 τοσοῦτον
3403 2042 3712 2100 ἀντιλαὸοὖσιιν

2228 2138 2288 2191 τὸ
2314 2137 2653 2209 κρύπτεσθαι
2701 2141 2825 2193 ὅσον
2856 2140 3019 2202 αὐτὸς
3049 2140 3115 2193 δι’
3138 2139 3309 2209 αὐτὴν
3337 2137 3513 2207 γέγονε
3546 2132 3713 2204 φανερὸς

2229 2227 2321 2280 καὶ
2370 2228 2470 2298 τῆς
2512 2229 2717 2292 οἰκείας
2770 2230 3005 2298 φυσικῆς
3066 2229 3423 2298 κρυφιότητος
3475 2220 3714 2289 ὲκὸεϐηκὼς

2230 2319 2519 2390 ἐνομίσθη·
2561 2321 2655 2374 καὶ
2699 2320 2752 2373 τί
2806 2320 2996 2374 τούτου
3043 2318 3486 2391 παραδοξότερον,
3514 2317 3580 2369 ὅτι
3607 2312 3715 2382 φύσει

2229 2409 2363 2473 Θεὸς
2392 2409 2674 2481 ὑπάρχων,
2705 2412 2800 2465 καὶ
2841 2411 3127 2482 ἄνθρωπος
3158 2410 3323 2480 φύσει
3363 2408 3586 2479 γενέσθαι
3629 2422 3716 2458 κιτ-

2229 2502 2487 2569 αξιὼσας,
2514 2503 2800 2574 οὐδετέρας
2845 2502 3058 2572 φύσεως
3084 2504 3209 2566 τοὺς
3243 2503 3495 2572 φυσικοὺς
3516 2501 3643 2570 ὅρους
3661 2496 3718 2548 id

2229 2596 2329 2664 τῆς
2358 2592 2555 2659 ἑτέρας
2592 2592 2869 2656 παντελῶς
2894 2592 3043 2664 παρή
3053 2592 3267 2664 μειψεν,
3293 2592 3404 2646 ἀλλ’
3427 2591 3535 2653 ὅλος
3554 2587 3655 2650 Θεὶς
3673 2585 3722 2638 ἂν

2229 2684 2350 2747 ὅλος
2388 2683 2680 2753 γενόμενος
2732 2682 3001 2752 διέμεινεν
3048 2682 3369 2753 ἄνθρωπος;
3412 2681 3469 2734 οὐ
3518 2677 3584 2748 τῷ
3626 2672 3722 2729 εἶναι

2229 2773 2363 2838 Θεὸς
2392 2773 2679 2844 ἅνθρωπος
2729 2772 2982 2841 γενέσθαι
3039 2773 3407 2843 κωλυόμενος,
3438 2769 3548 2825 οὒτε
3575 2768 3657 2839 μὴν
3675 2765 3726 2833 τῷ

2230 2866 2480 2937 γενέσθαι
2508 2867 2794 2937 ἄνθρωπος
2820 2866 2916 2920 τοῦ
2949 2861 3091 2919 εἶναι
3123 2866 3257 2930 Θεὸς
3287 2864 3652 2934 ἐλαττούμενος,
3673 2852 3727 2917 εἷς

2234 2961 2323 3014 καὶ
2350 2962 2378 3013 ὁ
2410 2960 2571 3023 αὐτὸς
2603 2959 2723 3023 ὅλος
2773 2958 2841 3011 δι’
2895 2959 3098 3029 ἀμφοῖν
3149 2957 3582 3030 συντηρούμενος,
3611 2951 3731 3021 ἄμφω

2156 3085 2203 3149 c
2236 3052 2480 3121 φυσικῶς
2519 3052 2661 3105 κατὰ
2704 3050 2962 3120 ἀλήθειαν
3006 3050 3295 3119 ὑπάρχων,
3328 3051 3458 3120 μήτε
3490 3046 3557 3117 τῷ
3589 3045 3732 3145 ἀκραὶ.

2234 3146 2354 3213 φνεῖ
2386 3144 2485 3213 τῆς
2514 3141 2635 3195 κατ’
2665 3142 2854 3194 οὐσίαν
2899 3141 3007 3194 τῶν
3056 3140 3241 3211 μερῶν
3279 3139 3507 3211 φυσικῆς
3536 3133 3735 3203 διαφορᾶς

2230 3237 2626 3308 διαιρούμενος,
2667 3235 2802 3306 μήτε
2867 3235 2973 3305 μὴν
3011 3233 3089 3304 τῷ
3136 3233 3329 3304 ἄκρως
3389 3225 3631 3301 μοναδικῷ
3670 3224 3736 3290 τῆς

2233 3328 2583 3391 ὑποστάσεως
2629 3326 3015 3397 συγχεόμενος,
3047 3325 3109 3378 οὐ
3136 3325 3374 3395 τραπεὶς
3402 3325 3481 3386 εἰς
3508 3319 3597 3391 τὴν
3634 3316 3739 3370 xm

2234 3421 2394 3491 φύσιν
2413 3419 2460 3452 ⁸³
2489 3420 2583 3473 καὶ
2618 3421 2698 3482 εἰς
2726 3420 2863 3489 ὅπερ
2894 3417 2993 3470 οὐκ
3019 3413 3088 3488 ἦν
3122 3415 3468 3488 μεταπεσών.
3500 3413 3568 3465 Οὐ
3588 3406 3739 3479 9m-

2235 3529 2334 3575 σας
2366 3511 2566 3581 σαρκὸς
2599 3510 2728 3562 εῖδει
2773 3510 2867 3561 καὶ
2915 3510 3157 3578 σχήματι
3210 3508 3317 3579 τὴν
3355 3503 3655 3574 οἰκονομίαν,
3678 3494 3741 3552 καὶ

2232 3604 2333 3657 ὅσα
2361 3602 2524 3672 ἕτερα
2558 3600 2679 3655 καθ’
2710 3600 3072 3671 ὑποκειμένου
3101 3599 3323 3668 λέγεται
3354 3594 3489 3652 εἶναι
3515 3594 3659 3667 χωρὶς
3680 3586 3739 3643 τοὸ

2235 3693 2593 3761 ὑποκειμένου
2621 3692 2824 3758 λαϐὼν,
2863 3692 3071 3762 ταύτην
3113 3692 3459 3763 ἐπλήρωσεν,
3489 3686 3589 3742 ἀλλ’
3623 3680 3741 3750 αἰτίην

2233 3785 2440 3854 κυρίως
2503 3785 2791 3855 πράγματι
2860 3784 2959 3837 καὶ
3014 3780 3245 3852 ἀληθεία
3309 3781 3408 3852 τὴν
3464 3772 3741 3848 ἀνθρωπίνην

2234 3874 2561 3946 πῳσλαὸὼν
2614 3875 2778 3943 φύσιν
2828 3874 3041 3944 ἥνωσεν
3094 3873 3276 3943 ἑαυτῷ
3330 3871 3455 3926 καθ’
3506 3860 3741 3923 ὑπόστασιν

2233 3966 2522 4037 ἀτρέπτως
2560 3964 2654 4019 καὶ
2682 3964 3057 4026 ἀναλλοιώτως
3082 3965 3176 4017 καὶ
3197 3963 3490 4033 ἀμειώτως
3518 3958 3600 4012 καὶ
3623 3955 3743 4007 dam-

2238 4056 2429 4126 ρὲτως,
2457 4053 2534 4124 τῷ
2564 4057 2680 4107 κατ’
2715 4054 2903 4107 οὐσίαν
2939 4054 3108 4123 αὐτῆς
3134 4052 3281 4121 λόγῳ
3307 4051 3405 4105 καὶ
3428 4052 3534 4121 ὅβῳ
3564 4043 3743 4112 συνέχων

2234 4147 2601 4199 ἀνέκπτωτον.
2646 4144 2782 4197 Καθ’
2805 4144 2872 4215 ἢν
2918 4145 3013 4197 καὶ
3046 4145 3144 4212 τὴν
3170 4145 3233 4196 ἐκ
3261 4143 3530 4213 σωμάτων
3553 4136 3671 4190 κατά
3686 4132 3745 4182 τὸν

2236 4238 2390 4305 ἅγιον
2434 4236 2622 4288 τοῦτον
2655 4236 2749 4288 καὶ
2783 4235 2955 4305 μέγαν
2992 4236 3009 4304 (
3028 4234 3194 4304 228
3222 4251 3255 4287 α
3272 4249 3291 4304 )
3322 4231 3624 4286 διδάσκαλον
3649 4226 3745 4294 ἠμε-

2236 4328 2399 4399 τέραν
2444 4326 2671 4396 ἐτίμησε
2719 4325 2994 4394 γέννησιν,
3045 4326 3141 4379 καὶ
3185 4326 3485 4396 γενόμενος
3523 4321 3749 4390 ἀνθρωπῦς

562 4427 628 4468 ac
652 4412 720 4467 de
741 4413 861 4484 lege
891 4428 999 4483 qua
1025 4428 1126 4467 nos
1147 4413 1215 4467 ad
1246 4412 1358 4467 feni
1383 4413 1556 4468 instar
1606 4412 1677 4466 ob
1700 4419 1987 4481 peccatum
2021 4405 2127 4463 seri

2237 4421 2453 4491 ἀληθῶς
2497 4422 2592 4475 καὶ
2643 4421 2999 4491 ἀνθρωπίνως
3033 4419 3392 4489 γεννώμενος,
3418 4420 3505 4471 ἴνα
3532 4406 3747 4487 ημᾶςτιῖη

558 4510 620 4560 et
648 4505 798 4558 nasci
818 4504 1227 4569 consuevimus,
1255 4519 1474 4574 quaque
1500 4504 1555 4557 in
1588 4516 1778 4573 parem
1809 4507 2132 4569 cognatam-

559 4611 671 4669 que
696 4611 820 4651 cum
848 4595 1047 4666 plantis
1074 4604 1239 4665 atque
1269 4595 1450 4651 brutis
1496 4593 1827 4648 animalibus
1857 4594 2131 4648 exsisteu-

560 4687 697 4743 tiam
726 4701 1101 4757 procreamur.
1126 4684 1196 4741 Ut
1217 4686 1421 4742 alicubi
1450 4698 1681 4752 magnus
1702 4699 2134 4753 magnorumque

563 4785 841 4849 spectator
892 4776 1148 4833 Ezechiel
1181 4777 1369 4832 divina
1425 4775 1683 4847 mysteria
1710 4762 1961 4829 initiatus
1996 4775 2136 4829 eau-

563 4879 791 4935 samque
820 4865 1106 4935 prasentis
1127 4864 1271 4921 circa
1314 4863 1594 4919 hominem
1623 4862 1719 4918 Dei
1751 4862 1969 4918 consilii
1998 4862 2137 4917 edo—

563 4965 709 5021 ctus,
737 4955 907 5010 veluti
932 4955 1001 5011 ad
1056 4954 1401 5010 Hierusalem
1452 4952 1618 5008 verba
1647 4952 1856 5008 faciens
1884 4971 1896 5007 :
1926 4952 2133 5019 Haecce,

561 5044 642 5097 ait
661 5083 676 5107 ,
715 5043 971 5098 Dominus
1003 5045 1129 5099 dicit
1158 5043 1528 5099 Hierusalem:
1584 5042 1758 5097 Radix
1788 5052 1881 5098 tua
1900 5053 1948 5097 et
1974 5060 2135 5114 gene-

565 5135 703 5188 ratio
745 5143 838 5189 tua
883 5136 948 5190 de
996 5145 1143 5191 terra
1190 5134 1521 5200 Chananwa,
1572 5142 1728 5205 pater
1774 5142 1894 5190 tuus
1937 5134 2135 5189 Amor-

562 5225 737 5279 rltams
770 5232 821 5280 et
844 5234 1016 5280 mater
1037 5234 1129 5280 tua
1158 5225 1433 5281 Hettluea:
1467 5226 1523 5279 in
1563 5224 1647 5277 die
1680 5224 1744 5277 de
1767 5240 1874 5293 qua
1900 5233 2030 5278 nata
2058 5239 2133 5288 es,

2239 4508 2451 4580 δεσμῶν
2482 4514 2584 4579 τῆς
2632 4510 2937 4579 γεννήσεως
2970 4509 3339 4582 ἐλευθερώσῃ,
3379 4511 3474 4564 καὶ
3500 4508 3589 4563 τοῦ
3620 4517 3749 4571 παρα·

2241 4602 2484 4673 πλησίως
2516 4602 2710 4671 χόρτου
2747 4601 3136 4670 σπειρομένους
3168 4601 3231 4653 ὲκ
3262 4600 3563 4668 καταδίκης
3590 4594 3664 4648 διὰ
3688 4590 3747 4657 τὴν

2239 4692 2516 4764 ἁμαρτίαν
2552 4691 2784 4760 φύεσθαι
2835 4691 3024 4761 νόμον,
3065 4692 3160 4744 καὶ
3201 4690 3296 4744 τοῦ
3350 4691 3451 4762 τὴν
3477 4687 3634 4758 αὐτὴν
3657 4683 3751 4749 ἔχειν

2239 4785 2426 4854 φυτοῖς
2456 4799 2515 4836 τε
2544 4783 2638 4835 καὶ
2664 4782 2881 4851 ἀλόγοις
2915 4780 3074 4846 ζώοις
3107 4783 3206 4853 τῆς
3238 4781 3379 4852 πρὸς
3413 4781 3474 4833 τὸ
3493 4776 3622 4831 εἰναι
3647 4767 3752 4839 γενέο

2236 4892 2374 4938 σεως
2422 4863 2521 4941 τῆν
2565 4874 2913 4943 συγγένειανν
2945 4874 3044 4937 ’ὥς
3100 4874 3203 4927 πού
3260 4890 3432 4943 φησιν
3465 4874 3494 4925 ό
3521 4870 3675 4939 μέγας
3695 4859 3754 4913 καὶ

2234 4967 2344 5023 τῶν
2376 4966 2627 5037 μεγάλων
2656 4964 2856 5035 θεατὴς
2891 4963 3153 5035 Ἰεζεκιὴλ
3181 4964 3398 5019 τὰιθεία
3437 4949 3753 5033 μυσταγωγιά

2246 5075 2405 5129 μενος
2453 5057 2545 5111 καὶ
2586 5056 2686 5127 τὴν
2736 5056 2915 5108 αἰτίαν
2960 5058 3060 5127 τῆς
3106 5053 3203 5109 νῦν
3252 5055 3385 5125 περὶ⁵
3407 5055 3501 5107 τὸν
3532 5050 3756 5118 ἄνθρωπε*

2243 5145 2595 5217 ὑπαρχούσης
2645 5144 2955 5214 οἰκονομίας
3016 5144 3502 5215 ὲκπαιδευόμενος,
3546 5141 3618 5203 ὡς
3666 5132 3756 5200 πρὶς

2253 5235 2610 5309 Ἰερουσαλὴμ
2660 5234 2904 5305 φάσκων’
2947 5233 3092 5289 Τάδε
3145 5235 3306 5305 λέγει
3358 5236 3577 5303 Κύριος
3605 5226 3668 5295 τῇ
3696 5223 3758 5277 Ίε·

565 5331 672 5369 non
727 5314 921 5387 ligatus
965 5326 1041 5372 est
1072 5317 1346 5372 umbilicus
1390 5326 1530 5382 tuus,
1576 5326 1624 5370 et
1644 5319 1710 5399 in
1753 5334 1895 5387 aqua
1923 5334 2027 5371 non
2082 5334 2127 5372 es

2231 5324 2580 5394 ρουσαλὶιμ,
2626 5324 2697 5378 Ἠ
2717 5323 2850 5390 ῥίζα
2900 5340 3018 5378 σου
3052 5326 3149 5380 καί
3189 5327 3227 5393 ἡ
3258 5323 3557 5394 γέννησις
3591 5334 3690 5373 σου

561 5402 698 5471 lata,
724 5422 816 5462 nec
842 5407 956 5462 sale
979 5408 1161 5474 salita,
1201 5425 1291 5462 nec
1326 5407 1563 5462 involuta
1596 5409 1787 5478 pannis
1814 5424 1830 5462 :
1871 5416 1919 5461 et
1954 5411 2134 5479 proje-

2240 5415 2347 5487 γῆς
2381 5415 2641 5481 Χαναὰν,
2701 5418 2735 5470 δ
2785 5415 2981 5486 πατήρ
3034 5433 3151 5473 σου
3192 5414 3578 5488 Ἀμοιῤῥαῒος,
3623 5395 3760 5466 ιιιὶῆ

1859 5570 2085 5625 VARIAE
2127 5571 2529 5629 LECTIONES.

633 5685 684 5721 “
719 5685 779 5741 In
805 5686 1120 5758 θροεῖ-ει)ὴο
1150 5685 1272 5743 cod.
1291 5686 1429 5743 Gud.
1457 5702 1579 5742 meo
1607 5694 1783 5741 exstat
1811 5690 2042 5758 τραπεὶς
2073 5690 2167 5762 τὴν
2197 5689 2332 5743 κατὰ
2362 5689 2545 5757 φύσιν,
2577 5699 2707 5747 cett.
