3938 6192
228 208 394 301 ‘1321

1495 246 2009 308 AMBIGUORUM
2052 249 2300 309 LIBER.

3367 258 3503 324 1322

156 374 165 380 ~
251 350 452 418 μήτηρ
479 359 599 399 σου
625 345 873 401 Χετταιά
888 361 902 374 ⁸
928 349 1000 402 ἐν
1018 348 1208 418 ἡμέρᾳ
1236 343 1276 423 ᾗ
1294 351 1543 422 nexem
1565 357 1675 409 οὐκ
1691 355 1809 426 ἐδηε

1930 364 2014 410 cta
2038 373 2091 410 es
2118 374 2277 427 super
2296 358 2484 428 faciem
2502 368 2660 417 terra:
2688 363 2743 415 in
2775 364 3071 434 abjectione
3101 370 3295 423 anima:
3330 375 3503 428 tumin

254 453 380 492 σαν
412 436 520 490 τὸν
550 436 825 505 ὀμφαλόν
852 452 969 494 σου
989 440 1058 507 ⁵⁵,
1086 442 1184 496 καὶ
1213 443 1286 496 ἐν
1312 442 1484 498 ὕδατι
1511 447 1624 499 οὐκ
1649 447 1829 502 ἐλού-

253 531 386 596 θης,
439 528 585 582 οὐδέ
629 530 732 584 ἁλὶ
795 530 1092 601 ἡλίσθης,
1145 534 1246 590 καὶ
1293 537 1667 607 σπαργάνοις
1720 541 1832 594 οὐκ

250 620 746 691 ἐσπαργανώθης,
795 625 893 677 καὶ
964 627 1299 697 ἀπερρίφης
1353 629 1453 682 ἐπὶ
1506 632 1833 698 πρόσωπον

250 714 357 767 τοῦ
412 713 625 767 πεδίου
679 713 754 782 τῇ
802 721 1149 787 σκολιότητι
1176 720 1288 789 τῆς
1316 720 1525 790 ψυχῆς
1548 738 1662 776 σου
1692 723 1763 775 ἐν
1789 716 1832 794 ᾖ

252 803 443 871 ἡμέρᾳ
470 804 718 872 ἐτέχθης
739 822 754 836 ·
785 808 884 860 καὶ
917 807 1166 875 διῆλθον
1189 809 1289 862 ἐπὶ
1315 810 1410 871 σὲ,
1435 810 1531 863 καὶ
1571 806 1737 865 εἶδόν
1756 825 1831 865 σε

248 895 641 963 πεφυρμένην
669 896 739 949 ἐν
770 896 850 961 τῷ
873 900 1076 967 αἵματι
1103 915 1243 965 σου,
1271 900 1366 954 καὶ
1398 897 1541 955 εἶπά
1564 916 1692 965 -σοι,
1732 904 1826 956 Ἐκ

250 985 355 1038 τοῦ
385 986 635 1054 αἵματός
654 1004 780 1041 σου
809 989 847 1055 ἡ
877 987 990 1059 ζωή
1020 1007 1162 1056 σου,
1195 992 1534 1059 πληθύνου,
1563 993 1759 1060 καθὼς
1787 996 1826 1063 ἠ

247 1074 519 1141 ἀνατολὴ
559 1075 668 1129 τοῦ
699 1077 887 1144 ἀγροῦ
923 1077 1153 1133 δέδωκά
1185 1092 1280 1133 σε.
1312 1080 1422 1149 Τῆς
1453 1076 1547 1133 οὖν
1573 1081 1668 1134 τοῦ
1697 1081 1828 1151 φύε-

247 1167 373 1220 σθαι
406 1166 493 1219 διὰ
524 1170 621 1237 τῆς
649 1170 857 1240 σπορᾶς
885 1170 976 1223 ίσα
1005 1171 1184 1242 χόρτῳ
1209 1172 1301 1225 καὶ
1321 1171 1390 1224 δι’
1417 1173 1648 1243 αἵματος
1685 1174 1825 1228 κατά

242 1256 313 1309 τὰ
340 1259 504 1312 λοιπά
539 1245 654 1323 ζῶα
680 1263 782 1329 τὴν
806 1261 952 1331 ζωὴν
980 1262 1125 1332 ἔχειν
1156 1262 1450 1334 καταδίκης
1476 1265 1505 1316 ό
1535 1264 1636 1335 τὴν
1663 1265 1825 1335 φύσιν

242 1347 540 1417 ἐξιώμενος
592 1351 688 1403 καὶ
744 1352 879 1422 πρὸς
936 1351 1035 1424 τὴν
1093 1354 1330 1424 ἀρχαίαν
1377 1355 1477 1424 τῆς
1517 1354 1825 1427 ἀφθαρσίας

164 1428 171 1435 ’
241 1441 403 1510 χάριν
434 1440 728 1509 ἐπανάγων
765 1442 989 1513 Κύριος,
1024 1438 1187 1514 ἦλθεν
1215 1444 1387 1515 αὐτὴν
1431 1444 1820 1516 ἐλευθερῶσαι,

241 1534 337 1584 καὶ
371 1532 631 1600 ἐμφανῶς
664 1534 764 1602 μὲν
819 1535 960 1605 αὐτῇ
991 1534 1165 1599 δεῖξαι
1196 1536 1332 1606 πρὸς
1374 1534 1509 1605 ὅπερ
1553 1536 1819 1607 γενομένη

241 1622 365 1675 κατ’
400 1622 574 1694 ἀρχὰς
605 1623 837 1687 οὑδόλως
870 1624 1098 1695 ἐκινήθη
1134 1628 1316 1693 καλὸν,
1352 1629 1445 1682 καὶ
1492 1629 1733 1699 πατῆσαι
1759 1628 1820 1682 τὸ

1931 447 2015 499 die
2039 464 2143 518 qua
2171 456 2319 502 nata-
2339 465 2427 504 es:
2455 458 2506 503 ct
2538 454 2763 506 transivi
2789 455 2860 507 ad
2889 463 2958 521 te,
2988 467 3036 510 et
3080 459 3187 512 vidi
3215 467 3264 513 te
3289 464 3508 519 concul-

1927 540 2043 591 cari
2067 540 2123 592 in
2145 543 2405 611 sanguine
2436 550 2544 609 tuo,
2592 552 2642 598 et
2674 545 2787 600 dimi
2835 547 2966 602 tibi:
3012 549 3092 603 Ea:
3126 553 3388 622 sanguine
3411 567 3504 609 tuo

1928 630 2035 682 vita
2056 640 2169 684 tua.
2201 631 2578 702 Multiplicare,
2608 645 2665 688 ut
2698 644 2873 690 ortum
2896 642 3012 710 agri
3038 641 3157 694 dedi
3187 653 3237 696 te
3259 645 3309 696 h.
3340 645 3504 700 Dam-

1928 724 2144 777 natoria
2170 724 2338 794 igitur
2367 726 2508 795 lege,
2544 741 2653 795 qua
2694 743 2795 796 per
2839 731 3108 786 sationem
3149 749 3335 802 parem
3376 753 3503 791 cum

1927 812 2200 880 gramine,
2235 820 2293 867 et
2338 829 2436 882 per
2466 816 2792 885 sanguinem
2824 821 3075 875 eamdem
3098 837 3225 877 cum
3276 825 3507 895 reliquis

1926 901 2262 957 animalibus
2310 904 2479 958 vitam
2533 905 2822 971 habemus,
2870 909 3206 969 liberaturus
3245 924 3501 970 naturam

1925 991 2080 1047 venit
2112 993 2398 1057 Dominus,
2432 1003 2645 1050 natura:
2676 1010 2999 1065 persanator
3028 1010 3085 1055 et
3108 1004 3181 1057 ad
3213 1005 3502 1073 pristinam

1925 1082 2473 1153 incorruptibilitatis
2497 1086 2729 1155 gratiam
2788 1089 3082 1161 deductor,
3105 1095 3376 1165 simulque
3409 1098 3500 1152 lu-

1922 1174 2176 1230 culenter
2216 1173 2268 1229 ei
2292 1184 2705 1231 monstraturus
2743 1179 3037 1246 pulchrum
3072 1182 3142 1237 ad
3183 1184 3332 1253 quod
3369 1201 3502 1242 con-

1923 1265 2038 1320 dita
2072 1266 2350 1336 principio
2380 1267 2810 1338 haudquaquam
2858 1284 3111 1339 promota
3145 1284 3253 1339 est,
3280 1287 3339 1333 et
3385 1294 3503 1333 ma-

1922 1357 2036 1411 lum
2055 1357 2510 1423 conculcaturus,
2537 1358 2605 1412 ad
2638 1359 2785 1429 quod
2833 1360 2999 1416 simul
3049 1356 3216 1433 atque
3240 1365 3383 1420 facta
3416 1377 3504 1421 est

1920 1448 2305 1505 fraudulenter
2362 1465 2527 1505 omne
2575 1466 2739 1504 suum
2792 1452 3183 1510 innaturaliter
3249 1469 3503 1526 promota

1920 1538 2092 1593 robur
2137 1539 2463 1606 exinanivit,
2518 1548 2576 1595 et
2634 1542 2990 1613 colligaturus
3037 1548 3503 1617 concupiscentia).

1918 1629 2033 1683 vim
2067 1620 2248 1701 (cuj'us
2275 1631 2577 1685 umbilicus
2601 1641 2688 1686 est
2716 1633 2941 1705 imago),
2972 1650 3095 1705 qua:
3146 1638 3501 1707 genitabilem

241 1714 479 1783 πονηρὸν
510 1715 648 1783 πρὺς
674 1716 813 1786 ὅπερ
869 1716 985 1786 ἅμα
1013 1716 1093 1787 τῷ
1119 1718 1375 1785 γενέσθαι
1402 1718 1492 1773 διὰ
1531 1720 1632 1792 τῆς
1671 1718 1809 1773 ἀπά-

1923 1720 1979 1775 ἰιι
2013 1720 2162 1776 bono
2197 1721 2449 1776 habitum
2503 1722 2726 1777 ﬁrmum
2776 1735 2943 1795 atque
2997 1705 3255 1784 stabilem
3302 1732 3500 1788 sortita

239 1822 341 1873 της
371 1807 472 1875 τὴν
501 1805 630 1875 ὃλην
669 1806 844 1877 αὐτῆς
874 1808 1162 1876 κινηθεῖσα
1191 1810 1351 1880 παρὰ.
1381 1811 1545 1881 φύσιν
1588 1812 1819 1865 κατεκέ-

239 1914 380 1948 νωσε
425 1897 677 1967 δύναμιν,
718 1898 813 1951 καὶ
845 1898 1151 1968 καταδῆσαι
1197 1901 1333 1971 πρὸς
1372 1892 1565 1977 ἑαυτὸν
1596 1901 1695 1973 τὴν
1719 1902 1821 1972 τῆς

236 1987 538 2057 ἐπιθυμίας
572 1988 805 2058 δύναμιν
834 1983 920 2061 (ἧς
951 1990 1186 2061 ὑπάρχει
1210 1994 1240 2046 ὁ
1269 1992 1518 2063 ὀμφαλὸς
1548 1992 1816 2063 (2281))

236 2077 509 2149 σύμϐολον
526 2080 566 2147 ),
597 2080 697 2149 τὴν
725 2081 786 2133 ὲν
810 2080 890 2151 τῷ
917 2081 1107 2152 ἀγαθῷ
1137 2084 1362 2154 γόνιμον
1388 2082 1505 2150 ἕξιν
1538 2083 1812 2136 λαϐοῦσαν

233 2168 440 2237 παγίαν
474 2171 568 2222 καὶ
597 2171 1012 2243 ἀμετάπτωτον,
1045 2174 1139 2227 καὶ
1170 2172 1361 2227 λοῦσαι
1390 2176 1449 2227 ὲν
1480 2173 1656 2240 ὕδατι,
1680 2173 1817 2227 καθ.

232 2261 361 2330 ἆραι
390 2260 531 2330 λέγω
570 2262 678 2314 τῶν
712 2263 1004 2334 μολυσμῶν
1052 2266 1152 2335 τῆς
1195 2266 1418 2334 ἀγνοίας
1459 2266 1539 2337 τῷ
1584 2266 1816 2335 πελάγει

230 2354 332 2422 τῆς
372 2353 768 2423 περιχυθείσης
809 2354 949 2425 αὐτῇ
1003 2355 1147 2429 κατά
1190 2355 1291 2427 τὴν
1339 2357 1502 2428 χάριν
1534 2356 1837 2424 γνώσεως,¹

230 2446 327 2499 καὶ
357 2444 539 2498 ἀλέσαι
566 2445 676 2508 an,
710 2446 804 2499 καὶ
833 2447 1232 2517 σπαργανῶσαι
1263 2448 1628 2517 σπαργάνοις,
1650 2463 1811 2501 τουτ-

229 2538 351 2591 έστι
389 2537 488 2608 τὴν
519 2538 655 2609 πρὸς
700 2539 837 2610 ὅπερ
882 2539 1109 2608 γέγονεν
1151 2539 1355 2607 ἀγαθὸν
1389 2539 1627 2611 φυσικὴν
1662 2538 1815 2609 ἐνέρ-

1920 1822 2027 1875 est,
2064 1821 2121 1867 et
2176 1813 2394 1868 loturus
2447 1814 2503 1867 in
2561 1830 2725 1884 aqua,
2753 1828 3110 1888 purgaturus,
3159 1821 3407 1892 inquam,
3429 1824 3500 1880 de

1918 1901 2259 1973 ignorantize-
2282 1903 2739 1973 inquinamentis
2773 1908 2828 1961 in
2853 1909 2999 1963 unda
3035 1913 3373 1982 cognitionis
3407 1930 3499 1970 sc-

1919 1993 2163 2047 cundum
2188 1994 2421 2063 gratiam
2444 1996 2547 2065 ipsi
2578 1997 2945 2065 circumfusae,
2977 2009 3034 2055 et
3053 2003 3320 2059 saliturus
3361 2007 3496 2070 sale,

1916 2090 1974 2137 et
1999 2083 2349 2140 involuturus
2396 2088 2616 2155 pannis,
2659 2089 2767 2145 hoc
2789 2102 2876 2146 est
2897 2094 3208 2148 naturalem
3247 2096 3315 2149 ad
3345 2098 3497 2166 quod

1916 2172 2123 2228 bonum
2157 2185 2450 2243 procreata
2480 2184 2568 2232 est
2589 2180 2864 2235 actionem
2896 2182 3098 2252 spiritu
3142 2184 3375 2240 ﬁrmiter
3406 2203 3498 2243 so-

1916 2265 2163 2331 lidando,
2187 2267 2614 2337 putrefactionis
2640 2269 2937 2327 aﬂ‘ectuum
2957 2290 3152 2343 puram
3171 2276 3497 2333 redditurus

1915 2364 1972 2410 et
2005 2356 2345 2427 incapacem,
2380 2367 2438 2413 et
2475 2375 2728 2415 verarum
2757 2362 2828 2416 \in
2858 2363 3026 2419 rebus
3076 2382 3200 2435 qua:
3222 2375 3353 2422 sunt
3402 2384 3494 2424 ra-

1915 2446 2130 2502 tionum
2155 2449 2364 2504 amictu
2412 2465 2723 2519 pannorum
2756 2453 2923 2508 modo
2948 2456 3493 2529 circumstringendo

1915 2538 1984 2596 ab
2004 2539 2155 2593 omni
2181 2540 2452 2597 eil‘usione
2489 2543 2857 2602 cohibiturus.

226 2644 385 2696 γειαν
412 2627 580 2698 ἀπρὶξ
606 2628 914 2699 στερεὼσας
941 2628 1020 2700 τῷ
1047 2630 1339 2701 πνεύματι,
1375 2631 1590 2702 σήψεως
1611 2629 1801 2684 παθῶν
1837 2629 2086 2702 καθαρὰν
2118 2634 2458 2703 καταστῆσαι
2492 2637 2587 2690 καὶ
2616 2636 2983 2702 ἀνεπίδεκτον.
3011 2641 3104 2695 καὶ
3128 2645 3194 2715 τῇ
3230 2645 3489 2719 περιϐολῇ

225 2717 338 2772 τῶν
370 2720 428 2773 ὲν
463 2720 577 2782 τοῖς
610 2714 760 2775 οὖσιν
824 2712 1044 2792 ἀληθῶν
1074 2722 1249 2790 λόγων
1309 2724 1466 2794 δίκην
1534 2723 1865 2795 σπαργάνων
1898 2724 2260 2795 περισφίγξας
2301 2726 2587 2799 ἀδιάχυτον
2634 2729 2912 2794 παντελῶς
2941 2712 3379 2806 ἀπεργάσασθαι.

604 2896 790 2964 Ἄλλη
818 2900 908 2962 εἰς
938 2896 1004 2951 τὸ
1032 2900 1178 2953 αὐτὸ
1202 2899 1436 2970 θεωρία.

298 3008 474 3078 Τυχὸν
511 3007 568 3061 δὲ
611 3008 701 3062 διὰ
750 3011 859 3064 τῶν
885 3012 1194 3083 εἰρημένων
1226 3015 1254 3066 ὁ
1282 3014 1601 3082 διδάσκαλος
1629 3017 1807 3075 διττὸν

2300 2906 2423 2963 Alia
2448 2909 2504 2962 in
2538 2910 2673 2963 idem
2697 2915 3090 2985 contemplatio.

1981 3015 2233 3073 Fortasse
2264 3033 2396 3074 vero
2431 3020 2553 3076 istis
2582 3022 2766 3078 verbis
2804 3026 3065 3096 magister
3084 3028 3360 3100 duplicem
3393 3049 3486 3092 es-

218 3094 366 3152 εῐναι
395 3100 486 3152 τὸν
517 3100 657 3153 κατὰ
701 3100 801 3170 τὴν
829 3102 1044 3169 γένεσιν
1078 3104 1177 3174 τῆς
1207 3103 1559 3179 ἀνθρωπίνης
1587 3109 1804 3177 φύσεως

1913 3122 1968 3164 se
1998 3107 2253 3165 humana:
2278 3113 2580 3168 secundum
2595 3115 2966 3172 conditionem
2984 3130 3195 3178 naturae
3211 3125 3481 3183 rationem

220 3188 387 3256 λόγον
415 3206 474 3241 τε
509 3190 600 3242 καὶ
638 3190 840 3261 τρόπον
875 3193 1289 3264 είσηγούμενος,
1330 3196 1422 3249 τὸν
1463 3197 1564 3267 μὲν
1606 3198 1806 3268 ψυχῆς,

218 3283 320 3334 τὸν
349 3282 406 3335 δὲ
436 3282 708 3353 σώματος,
736 3284 835 3354 τὴν
878 3285 944 3338 ὲκ
977 3286 1250 3356 σωμάτων
1290 3288 1549 3358 γέννησιν
1587 3293 1669 3354 είς
1714 3289 1811 3343 δύο

220 3378 351 3431 κατ’
377 3378 625 3432 ἐπίνοιαν
670 3378 835 3431 διεῖλε
879 3381 1182 3450 γεννήσεις,
1213 3381 1313 3452 τὴν
1347 3381 1446 3451 μὲν
1480 3381 1658 3454 ψυχὴν
1708 3387 1807 3454 ἐμ-

219 3469 432 3537 φαίνων
465 3470 718 3539 ἀρρήτως
747 3469 812 3521 ὲκ
842 3469 936 3521 τοῦ
967 3470 1111 3523 θείου
1145 3472 1239 3523 καὶ
1282 3471 1519 3534 ζωτικοῦ
1552 3464 1805 3544 ἐμφυσή-

221 3575 399 3630 ματος
436 3559 854 3629 συνισταμένην,
884 3561 945 3614 τὸ
975 3561 1033 3613 δὲ
1060 3560 1221 3631 σῶμα
1247 3563 1312 3614 ὲκ
1357 3562 1459 3632 τῆς
1502 3564 1802 3632 ὑποκειμέ-

218 3665 322 3717 νης
356 3648 489 3719 ὕλης
514 3649 610 3703 τοῦ
640 3649 699 3716 ἐξ
742 3643 914 3722 οὗπέρ
942 3653 1089 3705 ἐστιν
1113 3652 1231 3723 ἅμα
1252 3657 1318 3724 τῇ
1349 3653 1496 3726 ψυχῇ
1533 3655 1676 3710 κατά
1703 3655 1803 3726 τὴν

221 3738 494 3810 σύλληψιν
542 3740 830 3809 γινόμενον
895 3738 1167 3809 σώματος.
1222 3743 1297 3795 Οὐ
1351 3742 1461 3812 γὰρ
1498 3742 1590 3796 τὸν
1637 3742 1802 3796 αὐτὸν

220 3828 664 3899 ἀπαραλλάκτως
709 3827 875 3898 φάναι
924 3828 1083 3900 θέμις
1129 3830 1215 3884 ἐπ’
1254 3831 1459 3901 ἀμφοῖν
1496 3831 1595 3902 τῆς
1645 3831 1800 3900 γενέ-

222 3935 366 3983 σεως
396 3917 538 3974 εἶναι
574 3920 666 3974 τὸν
695 3921 854 3990 λόγον
884 3923 978 3977 καὶ
1010 3922 1104 3977 τὸν
1145 3922 1363 3993 τρόπον,
1389 3925 1471 3977 ὅτι
1507 3923 1642 3994 μηδὲ
1664 3941 1799 3976 ταυ-

220 4011 317 4065 τὸν
344 4012 597 4082 ἀλλήλοις
638 4014 779 4067 κατά
820 4014 921 4084 τὴν
963 4014 1154 4068 οὐσίαν
1203 4014 1370 4084 ἄμφω
1390 4015 1563 4069 ταῦτα
1595 4014 1798 4085 τυγχά-

221 4118 426 4158 νουσιν.
466 4099 568 4157 Ὧν
602 4105 712 4175 γὰρ
738 4104 991 4175 ἀλλήλοις
1031 4105 1108 4177 μὴ
1157 4106 1351 4158 ταυτόν
1390 4107 1505 4159 ἐστι
1542 4105 1605 4159 τὸ
1628 4101 1794 4169 εἶναι,

217 4192 424 4248 τούτων
467 4195 710 4264 δηλονότι
749 4198 843 4251 καὶ
891 4200 920 4251 ό
964 4197 1103 4268 πρὸς
1145 4197 1351 4268 ἄλληλα
1404 4199 1503 4268 τῆς
1532 4198 1795 4266 γενέσεως

218 4286 602 4356 παρήλλακται
648 4287 803 4356 λόγος
854 4289 948 4341 καὶ
994 4289 1215 4360 τρόπος.
1260 4288 1422 4343 Ἀλλά
1465 4289 1640 4358 ψυχῆς
1695 4289 1794 4358 μὲν

214 4374 375 4428 ἄλλον
421 4374 559 4430 εἶναι
593 4376 799 4430 δίκαιον
843 4378 1047 4431 οῐεσθαι
1091 4378 1185 4431 καὶ
1233 4379 1388 4446 λόγον
1431 4380 1527 4432 καὶ
1567 4378 1790 4448 τρόπον,

1908 3214 1974 3254 ac
2000 3201 2226 3255 modum
2248 3210 2518 3270 statuens,
2543 3205 2777 3285 alterum
2808 3210 3025 3276 animae,
3056 3213 3300 3270 alterum
3353 3233 3482 3275 cor-

1907 3292 2081 3360 poris,
2105 3295 2444 3363 corporalem
2465 3300 2877 3367 generationem
2898 3302 2953 3355 in
2979 3302 3118 3359 duas
3143 3307 3481 3378 cogitatione

1904 3382 2095 3440 divisit
2116 3388 2520 3456 generationes,
2547 3389 2785 3444 animam
2812 3393 3035 3461 quidem
3064 3397 3280 3453 occulte
3304 3401 3479 3472 signi-

1904 3471 2075 3528 ﬁcans
2095 3489 2163 3528 ex
2184 3474 2373 3531 divino
2395 3487 2561 3547 atque
2599 3481 2753 3535 vitali
2792 3484 3164 3544 insuﬂlatione
3196 3503 3475 3560 constare,

1901 3579 2105 3634 corpus
2130 3581 2264 3620 vero
2292 3582 2359 3621 ex
2388 3569 2634 3639 subjecta
2659 3574 2893 3628 materia
2922 3577 3043 3646 ejus
3083 3580 3229 3635 unde
3251 3582 3324 3636 sit
3349 3599 3476 3640 eor-

1900 3654 2055 3723 poris
2070 3655 2234 3710 simul
2265 3672 2395 3712 cum
2435 3660 2617 3714 anima
2644 3666 3028 3735 conceptionis
3065 3672 3152 3724 via
3196 3672 3334 3729 ﬁeri.
3362 3676 3476 3733 Ne-

1901 3759 2009 3814 que
2040 3745 2188 3801 enim
2220 3746 2302 3802 fas
2317 3757 2403 3803 est
2428 3750 2635 3820 absque
2668 3754 2778 3809 ulla
2807 3755 3121 3816 diﬂ‘erentia
3150 3762 3207 3819 in
3235 3772 3475 3837 utroque
3534 3768 3557 3774 “

1898 3837 2149 3893 eamdem
2177 3839 2517 3898 conditionis
2542 3843 2730 3900 dicere
2788 3849 3058 3906 rationem
3111 3862 3169 3910 et
3223 3859 3471 3925 modum,

1898 3927 2159 3997 quoniam
2212 3945 2316 3985 nec
2365 3931 2510 3987 idem
2564 3934 2632 3989 de
2666 3939 2908 3994 essentia
2963 3942 3128 4000 ambo
3174 3948 3468 4007 exsistunt.

1897 4018 2141 4087 Quorum
2175 4023 2320 4076 enim
2373 4023 2697 4082 exsistentia
2738 4045 2848 4084 non
2878 4014 3070 4093 eadem
3111 4046 3218 4103 est,
3272 4040 3469 4099 horum

1896 4119 1952 4164 et
2008 4112 2352 4170 conditionis
2416 4116 2686 4173 rationem
2735 4136 2799 4176 ac
2854 4125 3080 4181 modum
3149 4129 3470 4203 discrepare

1894 4209 2067 4269 patet.
2099 4203 2236 4268 Imo,
2273 4204 2470 4262 animae
2494 4208 2717 4277 quidem
2766 4227 2867 4281 par
2897 4224 2981 4271 est
3030 4219 3261 4276 credere
3296 4224 3467 4281 alium

1893 4304 2014 4345 esse
2044 4301 2101 4347 et
2122 4292 2395 4348 rationem
2420 4305 2478 4351 et
2506 4299 2752 4366 modum,
2785 4319 2895 4371 quo
2939 4306 3033 4362 ﬁat
3062 4318 3120 4364 et
3161 4313 3235 4368 sit
3257 4323 3314 4368 et
3343 4332 3467 4385 per-

1895 4392 2135 4448 severer,
2162 4387 2412 4443 etalium
2446 4391 2702 4448 similiter
2730 4399 3001 4467 corporis,
3036 4418 3149 4473 quo
3185 4404 3279 4460 ﬂat
3316 4417 3372 4463 et
3394 4411 3468 4467 sit

182 4463 338 4543 .καθ’
372 4464 432 4518 ὃν
473 4464 683 4532 γίνεται
733 4482 790 4518 τε
825 4465 921 4518 καὶ
972 4465 1086 4518 ἔστι
1120 4469 1216 4520 καὶ
1245 4467 1597 4538 ἀμεταϐόλως
1636 4466 1792 4536 μένει

1913 4476 1951 4522 2t
1971 4471 2090 4528 sine
2114 4474 2225 4529 ulla
2253 4477 2636 4538 immutatione
2668 4497 2910 4554 maneat,
2935 4499 2990 4545 et
3015 4457 3140 4548 cum
3168 4497 3351 4553 anima
3371 4515 3468 4555 co-

216 4553 377 4623 σῶμα
406 4554 503 4606 καὶ
536 4554 681 4624 ψυχῇ
721 4555 1149 4625 συναπτόμενον.

211 4729 408 4799 (229
431 4729 499 4799 a)
537 4729 756 4796 Θεωρία
787 4730 1089 4798 σύντομος
1136 4734 1287 4800 πρὸς
1314 4735 1457 4801 τοὺς
1492 4738 1785 4807 λέγοντας

284 4820 692 4890 προϋπάρχειν
716 4822 755 4889 ἢ
782 4822 1190 4892 μεθυπάρχειν
1212 4825 1332 4880 τῶν
1351 4829 1642 4899 σωμάτων
1680 4832 1785 4899 τὰς

282 4910 506 4978 ψυχάς-

282 5025 343 5077 Εἰ
383 5026 478 5078 καὶ
506 5024 622 5094 ἅμα
662 5025 804 5079 κατά
832 5027 932 5098 τὴν
966 5027 1200 5100 ὕπαρξιν
1231 5033 1576 5105 ἀμφοτέρων.
1604 5038 1779 5109 ψυχῆς

202 5112 351 5182 λέγω
383 5116 475 5167 καὶ
506 5115 778 5185 σώματος,
812 5119 841 5171 ό
883 5118 1044 5183 αὐτός
1080 5122 1197 5175 ἐστι
1223 5124 1323 5193 τῆς
1359 5127 1626 5193 γενέσεως
1650 5132 1779 5201 χρό-

202 5222 313 5269 νος,
348 5207 561 5271 οὑδενὸς
608 5206 704 5260 τοῦ
762 5208 950 5280 ἑτέρου
995 5215 1461 5287 προϋπάρχοντος,
1495 5220 1570 5284 ὡς
1619 5222 1776 5294 ἔφην,

198 5299 347 5350 κατὰ
387 5298 485 5370 τὴν
514 5299 728 5366 γένεσιν
757 5300 790 5371 ἢ
824 5301 1290 5375 μεθυπάρχοντος,
1323 5310 1409 5363 ἵνα
1451 5313 1525 5383 μὴ
1578 5315 1671 5368 τοῦ
1718 5318 1777 5385 ἐξ

270 5429 301 5470 ιι
329 5430 530 5486 Ezech.
555 5447 664 5496 xw,
689 5432 724 5485 5
752 5447 902 5502 seqq.

1886 4560 2159 4629 pulatum,
2196 4580 2417 4635 corpus.

1892 4736 2278 4808 Contemplatio
2318 4742 2483 4799 brevis
2515 4747 2585 4799 ad
2625 4765 2708 4803 eos
2733 4754 2824 4821 qui
2857 4754 3039 4810 dicunt
3088 4763 3300 4818 animas
3338 4777 3464 4822 ante

2284 4831 2363 4885 uel
2399 4843 2513 4902 post
2555 4853 2777 4908 corpora
2801 4846 3066 4902 exsistere.

1940 5044 2219 5118 Quamvis
2281 5057 2443 5112 simul
2501 5062 2655 5130 juxta
2721 5068 3081 5125 substantiam
3137 5078 3457 5151 utriusque,

1887 5144 2106 5207 animae,
2129 5145 2375 5216 inquam,
2400 5159 2456 5205 et
2476 5156 2745 5222 corporis,
2777 5158 2924 5213 idem
2971 5170 3054 5217 est
3084 5144 3459 5235 generationis

1888 5238 2130 5302 tempus.
2168 5251 2292 5291 cum
2317 5248 2578 5295 neutrum
2608 5244 2763 5299 alteri
2798 5253 3161 5320 prazexsistat,
3197 5248 3460 5328 quemad-

1887 5323 2108 5381 modum
2164 5327 2300 5396 dixi,
2352 5333 2659 5388 secundum
2721 5341 3155 5413 generationem,
3204 5323 3290 5407 vel
3333 5362 3459 5422 post

1467 5536 1700 5597 VARUS
1734 5542 2134 5611 LECTIONES.

273 5635 320 5670 1⁸
356 5635 745 5708 Apographum
771 5638 976 5707 pmbet
1006 5641 1281 5713 ὀφθαλμόν
1314 5665 1430 5705 σου.

402 5748 407 5751 ⁷
449 5732 719 5793 ΡΑτιιοι..
754 5733 868 5793 GR.
909 5734 1075 5794 XCIV
