3938 6192
532 192 665 255 1323

1684 190 1744 248 S.
1786 189 2071 250 MAXIMI
2106 190 2610 252 CONFESSORIS

3587 199 3680 265 ml

526 301 778 359 exsistat.
812 315 879 354 ne
900 314 966 352 cx
995 298 1184 351 forma:
1218 297 1286 350 de
1324 305 1556 365 utroque
1580 295 1830 351 conflata;
1866 299 2093 369 integri-

2196 300 2399 370 ἀμφοῖν
2430 299 2602 361 εἴδους
2635 301 2708 362 ὡς
2734 287 2857 352 ὅλου
2879 299 3037 369 λυθῇ,
3064 299 3278 363 δικαίως
3294 303 3336 333 ³⁸
3354 301 3413 356 ἂν
3438 305 3464 356 ό
3486 307 3564 359 τοῦ
3586 314 3680 380 πρός

529 398 637 444 tate
664 389 932 453 solvatur,
972 388 1118 457 justa
1150 384 1327 441 videri
1353 393 1522 455 queat
1544 385 1689 439 ratio
1703 385 1967 450 relativa,
1992 402 2098 456 qua

526 480 839 551 praecedere
883 478 1254 532 substantiam
1286 478 1451 532 unius
1504 486 1763 547 tanquam
1795 479 1971 547 partis
2010 495 2100 535 se-

526 573 768 629 cundum
798 587 858 627 se
888 572 1243 625 exsistentem
1293 579 1476 639 putes,
1529 585 1652 639 qua:
1703 568 1779 623 ad
1829 570 1977 624 aliud
2012 586 2101 626 se-

525 665 767 721 cundum
788 672 1042 719 naturain
1070 662 1406 717 irrelativam
1428 662 1654 716 omnino
1674 638 2101 717 habeat’unitio-

524 773 671 822 nem,
702 773 767 811 ac
782 765 1074 826 propterea
1110 769 1394 823 nunquam
1451 768 1576 808 cum
1602 753 1712 808 alio
1734 753 1802 808 de
1826 754 2101 824 composi-

525 849 675 902 tione
695 846 928 901 alterius
978 844 1268 915 cujusdam
1312 845 1644 899 naturaliter
1673 845 1948 915 compleat
1963 845 2097 899 sub-

490 932 499 945 ’
522 940 803 1004 stantiam,
828 939 959 1008 quin
987 937 1041 991 id
1079 937 1169 990 fiat
1186 951 1310 991 cum
1333 936 1693 1006 corruptione
1715 946 1772 992 et
1792 937 2098 992 mutatione

526 1032 581 1086 in
618 1032 672 1085 id
700 1031 849 1100 quod
890 1046 999 1084 non
1030 1036 1170 1084 erat.
1192 1028 1349 1095 Quod
1376 1030 1525 1083 enim
1572 1044 1670 1097 per
1691 1044 1751 1084 se
1780 1029 2096 1099 singulatim

524 1122 968 1194 praaexsistcbat,
1008 1123 1062 1174 in
1115 1121 1343 1175 alterius
1394 1120 1677 1191 cujusdam
1725 1120 1928 1190 speciei
1962 1120 2097 1176 sub-

522 1217 782 1272 stantiam
843 1215 1127 1269 transferri
1219 1229 1321 1282 per
1390 1222 1643 1267 naturam
1728 1224 1841 1266 non
1890 1221 2093 1282 potest.

522 1307 581 1361 Si
630 1322 763 1360 vero
787 1307 841 1359 in
900 1305 1132 1359 alterius
1175 1304 1384 1374 speciei
1447 1304 1911 1373 complementum
1945 1305 2095 1373 quod

524 1396 937 1467 prmcxsistcbat
969 1394 1038 1448 ad
1065 1394 1215 1448 aliud
1240 1393 1695 1463 compositionem
1727 1394 1977 1464 suscipit,
1999 1403 2096 1448 aut

522 1486 831 1542 secundum
860 1495 1111 1540 naturam
1137 1484 1281 1539 istud
1319 1484 1547 1539 omnino
1572 1485 1726 1547 facit,
1758 1495 1855 1539 aut
1900 1492 2094 1539 contra

522 1588 791 1633 naturam.
818 1578 895 1631 Ac
929 1578 975 1631 si
1011 1576 1233 1646 quidem
1276 1577 1581 1631 secundum
1623 1585 1903 1641 naturam,
1946 1592 2091 1645 nun-

2201 407 2253 443 τι
2278 390 2433 458 λόγος
2471 389 2854 462 πρεσϐυτέραν
2899 391 3038 460 ἔχων
3074 392 3194 444 καθ’
3221 395 3411 463 ἑαυτήν
3446 393 3586 452 οὖσαν
3616 406 3683 472 τὴν

2200 481 2295 534 τοῦ
2327 482 2445 545 ἐνὸς
2475 482 2551 545 ὡς
2603 483 2801 553 μέρους
2837 483 3154 549 ὑπόστασιν,
3186 485 3279 536 καὶ
3305 488 3430 556 πρὸς
3457 489 3566 543 ἄλλο
3582 497 3683 548 κατὰ

2200 570 2298 643 τὴν
2337 573 2501 641 φύσιν
2546 573 2895 627 παντάπασιν
2910 572 2955 605 ⁸⁷
2985 572 3215 642 ἄσχετον
3244 573 3466 643 ,ἔχουσαν
3486 578 3569 649 τὴν
3589 581 3683 635 Evo-

2201 679 2286 715 σιν
2307 661 2376 728 ⁸⁸,
2412 664 2505 717 καὶ
2530 663 2619 717 διὰ
2653 662 2812 718 τοῦτο
2844 662 3113 733 μηδέποτε
3149 666 3248 735 τὴν
3294 666 3551 736 σῦνίᾶλλῳ
3584 675 3684 726 κατὰ

2201 755 2450 809 σύνθεσιν
2492 756 2652 809 ἄλλου
2702 756 2847 819 τινὸς
2885 755 3133 824 φυσικῶς
3183 757 3569 827 συμπληροῦσιν
3595 764 3687 816 ὑπό-

2201 861 2392 899 στασιν
2437 846 2606 916 χωρὶς
2638 845 2845 916 φθορᾶς
2878 846 2972 898 καὶ
2995 845 3095 916 τῆς
3133 845 3267 913 πρὸς
3295 846 3423 916 ὅπερ
3444 851 3530 901 οὐκ
3550 846 3603 921 ἦν
3623 854 3686 906 ἀλ.

2197 934 2486 999 λοιὼσεως.
2524 936 2598 988 Τὸ
2630 935 2739 1005 γὰρ
2776 936 2900 989 καθ’
2933 936 3094 990 ἑαυτὸ
3131 936 3310 999 ἱδικῶς
3356 944 3688 1014 προϋφιστάμε.

2197 1039 2286 1075 νον
2327 1025 2408 1085 είς
2442 1023 2604 1077 ἄλλου
2648 1024 2795 1087 τινὸς
2838 1025 3015 1087 εἴδους
3063 1023 3354 1077 ὑπόστασιν
3404 1028 3459 1081 οὐ
3507 1030 3687 1099 πέφυκεν

2196 1113 2448 1183 ἄγεσθαι.
2484 1115 2548 1173 Ei
2590 1114 2647 1168 δὲ
2689 1118 2771 1179 εἰς
2812 1114 2911 1185 τὴν
2950 1115 3141 1185 ἑτέρου
3175 1116 3345 1180 εἴδους
3378 1121 3687 1192 συμπλήρωσιν

2195 1206 2293 1277 τὴν
2319 1207 2457 1277 πρὸς
2486 1207 2615 1261 ἄλλο
2642 1208 2857 1278 δέχεται
2891 1207 3139 1261 σύνθεσιν
3177 1208 3239 1260 τδ
3279 1213 3687 1283 προϋφιστάμενον,

2195 1298 2228 1369 ἢ
2267 1297 2411 1351 κατὰ
2444 1298 2609 1368 φύσιν
2643 1299 2805 1351 τοῦτο
2849 1301 2997 1352 ποιεῖ
3043 1298 3284 1360 πάντως,
3321 1299 3354 1370 ἦ
3393 1302 3527 1371 παρὰ
3556 1304 3687 1371 φύσιν.

2193 1388 2306 1441 Καὶ
2336 1390 2383 1441 εί
2424 1388 2523 1459 μὲν
2568 1388 2710 1442 κατᾶ
2746 1387 2933 1457 φύσιν,
2983 1389 3240 1444 οὐδέποτε
3274 1390 3371 1459 τῆς
3407 1392 3526 1462 πρὸς
3548 1394 3690 1447 duo”

2195 1480 2332 1551 πρὸς
2380 1481 2729 1552 ἐκπλήρωσιν
2772 1481 2948 1545 είδους
2987 1482 3176 1552 ἑτέρου
3207 1483 3540 1547 συνθέσεωςκ
3568 1487 3689 1539 παυό-

2197 1588 2359 1641 μενον
2400 1571 2756 1643 όραθήσεται,
2781 1572 2872 1626 διὰ
2896 1571 2999 1642 τὴν
3027 1572 3150 1643 βίαν
3186 1573 3291 1644 τῆς
3329 1574 3521 1642 φύσεως
3548 1577 3691 1646 ἑαυτῆς

520 1685 683 1741 quam
738 1669 1022 1724 videbitur
1056 1684 1275 1724 cessare
1326 1685 1357 1722 a
1390 1670 1789 1740 compositione
1841 1669 1911 1723 ad
1939 1669 2089 1724 aliud

2193 1662 2450 1733 ἐκστῆναι
2469 1664 2542 1735 μὴ
2560 1664 2882 1735 δυναμένης,
2903 1665 2995 1718 καὶ
3012 1664 3185 1736 τούτῳ
3199 1665 3278 1736 τῷ
3292 1666 3424 1738 λόγῳ
3436 1666 3541 1722 οὔτε
3556 1666 3689 1741 σώμα-

511 1775 632 1830 qua:
663 1760 717 1815 in
749 1759 982 1814 alterius
1003 1759 1209 1828 speciei
1240 1758 1703 1827 complementum
1725 1758 1840 1823 flat,
1864 1768 2093 1828 propter

2193 1771 2280 1819 τος
2304 1756 2475 1826 χωρὶς
2496 1759 2529 1827 ή
2547 1756 2716 1827 ψυχὴ,
2740 1754 2863 1810 οὔτε
2877 1756 3059 1826 ψυχῆς
3080 1757 3246 1827 σῶμά
3277 1775 3400 1814 ποτε
3426 1763 3689 1833 νοηθήσεται,

516 1853 629 1907 vim
664 1862 895 1915 naturae,
926 1866 1049 1919 quae
1071 1865 1128 1904 se
1169 1851 1339 1919 ipsam
1371 1849 1627 1904 deserere
1678 1848 1894 1919 nequit,
1925 1859 2091 1919 atque

518 1946 620 1999 hac
645 1945 858 1998 ratione
892 1956 995 1998 nec
1025 1943 1144 1997 sine
1163 1956 1395 2012 corpore
1435 1942 1638 2005 anima,
1686 1956 1789 1995 nec
1818 1941 1941 1996 sine
1969 1941 2093 1995 ani-

518 2052 603 2089 ma
640 2050 844 2105 corpus
885 2051 1127 2105 unquam
1176 2034 1526 2104 concipietur
1548 2033 1754 2096 animo,
1796 2041 1959 2103 atque
2004 2034 2092 2087 in-

517 2126 972 2199 telligentissimis
991 2127 1389 2196 istissapientia
1421 2126 1473 2179 in
1502 2126 1792 2181 stultitiam
1819 2140 2085 2180 conversa

516 2224 624 2281 est,
685 2226 929 2286 suntque
986 2231 1055 2271 eo
1108 2216 1275 2270 delati
1353 2215 1667 2270 necessario
1714 2214 1862 2285 quod
1909 2215 2089 2269 vitare

517 2308 838 2362 studebant.
875 2308 945 2361 At
966 2308 1010 2361 si
1035 2315 1224 2361 contra
1248 2314 1503 2360 naturam
1551 2308 1783 2376 suscipit
1820 2307 2099 2376 composi-

526 2398 734 2451 tionem
768 2397 837 2450 ad
867 2396 1017 2451 aliud
1065 2411 1164 2466 pro
1198 2397 1428 2450 alterius
1448 2395 1654 2466 speciei
1689 2397 2099 2466 complemento

518 2488 848 2541 alterutrum
866 2488 1468 2556 liorum,corrumpitur
1480 2486 1936 2557 omnino,quippe
1948 2488 2096 2557 quod

514 2579 654 2634 fines
679 2588 888 2633 natura:
910 2576 1452 2648 egrediaturﬁatque
1468 2576 1523 2631 id
1552 2576 1702 2647 quod
1726 2585 1923 2633 natura
1940 2593 2095 2633 com-

2190 1848 2285 1902 καὶ
2316 1850 2657 1921 περιετράπη
2682 1852 2796 1913 τοῖς
2819 1853 3094 1921 περιττοῖς
3114 1851 3216 1921 τὴν
3240 1852 3442 1906 σύνεσιν
3459 1856 3528 1916 είς
3545 1855 3690 1922 metu.

2188 1955 2329 2011 τητα
2367 1941 2429 1993 τὸ
2483 1940 2667 2009 σοφὴν,
2712 1941 2988 2011 ὲναχθεῖσι
3039 1940 3134 2013 βίᾳ
3178 1943 3319 2013 πρὸς
3365 1943 3493 2015 ὅπερ
3530 1945 3692 2013 φεύγειν

2191 2030 2550 2086 ἐσπούδασαν.
2575 2032 2637 2085 Ei
2658 2032 2714 2085 δὲ
2742 2033 2894 2105 παρὰ
2929 2032 3091 2103 φύσιν
3125 2032 3228 2104 τὴν
3273 2034 3407 2105 πρὸς
3434 2034 3569 2089 ἄλλον
3598 2052 3690 2105 συμ-

2194 2124 2476 2195 πλήρωσιν
2501 2125 2674 2189 εἷδους
2707 2124 2936 2196 θάτερον
2958 2126 3165 2179 τούτων
3200 2126 3299 2198 τὴν
3337 2127 3464 2198 πρὸς
3489 2127 3539 2180 τὸ
3559 2128 3692 2197 ἕτερον

2196 2215 2413 2286 δέχεται
2443 2216 2715 2285 σύνθεσιν,
2745 2218 3028 2289 φθείρεται
3058 2218 3302 2284 πάντως,
3324 2218 3413 2272 τοῦ
3442 2218 3692 2287 κατὰφύσιν

2184 2306 2548 2377 ὶξιστάμενον
2577 2308 2725 2378 ὅρου.
2762 2308 2855 2361 καὶ
2882 2307 3167 2377 γινόμενον
3202 2309 3340 2377 ὅπερ
3370 2307 3439 2377 μὴ
3457 2308 3690 2375 utpote",

2197 2398 2294 2451 καὶ
2333 2400 2413 2460 είς
2455 2400 2596 2467 ὅπερ
2642 2401 2742 2451 οὐκ
2792 2393 2862 2468 ἢν
2912 2398 3274 2468 μεταπίπτον.
3303 2391 3379 2452 Oi:
3401 2399 3450 2451 τί
3467 2398 3694 2465 γένοιτ’ἇν

2198 2485 2636 2558 ἀσυνετώτερονς
2679 2485 2820 2540 Ἀλλ’
2851 2485 2944 2538 ἐπὶ
2974 2486 3033 2539 τὸ
3062 2485 3420 2557 προκείμενον
3461 2482 3694 2537 ἐπανέλθω-

2201 2596 2317 2650 μεν.

517 2680 766 2737 paratum
785 2684 893 2721 non
919 2674 1090 2730 est,ut
1111 2666 1180 2719 sit
1196 2674 1250 2720 ct
1266 2664 1618 2735 evadatquod
1633 2672 1885 2721 nouerat.
1905 2665 2025 2732 Quo
2038 2666 2171 2737 quid
2191 2667 2444 2724 stolidius
2458 2682 2579 2723 esse
2594 2668 2791 2738 possit?
2803 2667 2911 2724 Sed
2931 2667 3000 2723 ad
3034 2669 3378 2739 propositum
3402 2677 3695 2725 revertamur.

586 2780 797 2834 Animze
834 2779 1001 2849 igitur
1034 2779 1336 2848 generatio,
1371 2788 1434 2832 ut
1492 2779 1570 2833 ait
1627 2780 1761 2834 scite
1807 2781 2089 2852 magister,

2274 2781 2476 2853 (229
2498 2782 2557 2853 b)
2592 2782 2788 2853 Ψυχῆς
2826 2784 2927 2853 μὲν
2956 2780 3047 2837 οῦν
3084 2784 3324 2851 γένεσις,
3372 2782 3444 2845 ὥς
3470 2799 3608 2852 φησιν
3630 2782 3698 2849 ἔμε

518 2887 585 2925 cx
626 2870 870 2941 subjecta
906 2868 1131 2922 materia
1173 2883 1282 2921 non
1320 2867 1398 2931 fit,
1449 2869 1915 2938 quemadmodum
1965 2887 2090 2927 cor-

518 2980 673 3033 pora,
700 2962 797 3017 sed
825 2962 1106 3016 voluntate
1132 2960 1228 3015 Dei
1283 2952 1382 3030 por
1415 2960 1833 3031 inspirationem
1867 2962 2091 3018 vitalem

518 3054 877 3110 ineffabilitcr
908 3063 964 3107 et
995 3052 1159 3107 modo
1190 3067 1354 3122 quem
1378 3052 1519 3106 scire
1543 3067 1652 3106 non
1680 3068 1995 3123 possumus,
2031 3062 2094 3109 ut

517 3146 671 3200 novit
701 3145 851 3200 solus
869 3146 986 3214 ejus
1009 3143 1296 3198 Conditor.
1315 3141 1510 3198 Anima
1535 3143 1914 3199 exsistcntiam
1936 3158 2092 3199 suam

516 3236 795 3305 accipiens
850 3236 906 3288 in
971 3235 1332 3304 conceptione
1388 3251 1496 3289 una
1551 3251 1679 3290 cum
1742 3228 1973 3306 corpore
2023 3236 2091 3292 ad

522 3326 689 3381 unius
716 3325 959 3381 hominis
1007 3326 1473 3394 complementum
1526 3328 1728 3397 agitur,
1777 3342 1979 3398 corpus
2025 3344 2094 3383 ex

519 3417 766 3487 subjecta
821 3417 1077 3476 materia.
1115 3417 1291 3471 altero
1336 3431 1537 3487 nempe
1573 3433 1829 3489 corpore,
1884 3418 1947 3473 fit
1992 3434 2094 3491 per

520 3506 965 3576 conceptionem,
997 3506 1162 3561 simul
1199 3521 1326 3561 cum
1370 3506 1554 3562 anima
1605 3509 2089 3579 compositionem,

519 3614 626 3669 qua
656 3615 767 3654 una
801 3614 925 3654 cum
957 3597 1048 3652 illa
1080 3598 1294 3668 species
1325 3598 1576 3668 prodeat,
1607 3582 1908 3670 accipiens.
1934 3600 2092 3668 Quod

518 3690 655 3746 alibi
682 3689 1029 3745 manifestius
1062 3689 1364 3744 ostendens
1385 3689 1520 3744 dicit
1544 3690 1828 3760 magister:
1857 3690 1963 3745 Per
1992 3690 2094 3745 du-

517 3783 716 3854 plicem
775 3782 1160 3839 insufflationis
1199 3782 1484 3846 virtutem,
1517 3790 1575 3836 et
1604 3782 1881 3852 Spiramen
1925 3783 2096 3852 inspi-

520 3875 626 3930 rati
658 3890 873 3939 omnes,
908 3883 965 3929 et
1009 3874 1276 3944 Spiritum
1333 3884 1606 3928 sanctum.
1654 3873 1957 3929 Dividenda
2009 3884 2095 3929 est

519 3967 687 4038 igitur
708 3965 1038 4037 cogitatione
1070 3966 1126 4019 in
1156 3964 1516 4034 conceptione
1542 3965 1830 4035 inspiratio
1855 3965 2091 4033 vivifica,

516 4069 682 4129 atque
727 4057 971 4128 Spiritus
1013 4056 1616 4112 sanctusintellectnali
1646 4058 1849 4111 animal
1897 4073 2091 4114 essen-

2197 2872 2471 2942 φαντικῶς
2502 2876 2531 2927 ό
2557 2872 2894 2938 διδάσκαλος,
2924 2873 2981 2939 ἐξ
3021 2873 3389 2943 ὑποκειμένης
3421 2871 3538 2959 ῦλης
3571 2871 3618 2924 ού
3639 2869 3700 2937 γίη

2192 2978 2362 3029 νεται,
2404 2964 2654 3037 καθάπερ
2683 2965 2753 3019 τὰ
2793 2963 3041 3035 σώματα,
3068 2964 3207 3018 ἀλλὰ
3237 2965 3321 3035 τῷ
3351 2964 3615 3035 βουλήματι
3635 2959 3701 3013 τοῦ

2192 3054 2331 3110 Θεοῦ
2360 3052 2452 3110 διὰ
2489 3057 2587 3126 τῆς
2622 3055 2859 3127 ζωτικῆς
2896 3056 3254 3126 ἑμπνεύσεως
3288 3056 3529 3128 ἀρρήτως
3563 3070 3613 3106 τε
3637 3052 3706 3104 καὶ

2152 3194 2159 3201 .
2193 3147 2508 3217 ἀγνώστως,
2551 3149 2627 3212 ὡς
2667 3143 2776 3202 οἵδε
2820 3148 2978 3218 μόνος
3009 3149 3038 3201 ὁ
3064 3146 3272 3219 ταύτης
3313 3146 3625 3216 δημιουργός.
3661 3143 3706 3195 ’π

2197 3239 2345 3311 ψὐχὴ
2386 3239 2448 3295 τὸ
2484 3235 2626 3295 εἶναι
2656 3238 3009 3312 λαμϐάνουσα
3047 3237 3190 3294 κατὰ
3219 3238 3327 3311 τὴν
3360 3234 3594 3309 σύλληψιν
3620 3233 3708 3305 ἄμ

2192 3330 2271 3402 τῷ
2302 3330 2516 3401 σώματι
2545 3333 2684 3403 πρὸς
2713 3332 2833 3395 ἑνὸς
2880 3330 3171 3403 ἀνθρώπου
3205 3331 3587 3402 συμπλήρωσιν
3613 3326 3704 3393 ἄγε·

2192 3437 2300 3486 ται,
2324 3421 2386 3473 τὸ
2413 3421 2470 3474 δὲ
2499 3422 2659 3491 σῶμα
2683 3424 2747 3475 ὲκ
2774 3421 2877 3491 τῆς
2900 3421 3278 3491 ὑποκειμένης
3304 3420 3435 3490 ὕλης
3459 3417 3545 3473 τοῦ
3570 3416 3708 3489 ἑτέρω

2193 3508 2395 3581 δηλαδὴ
2422 3511 2632 3578 γίνεται
2670 3510 2922 3579 σώματος
2967 3509 3114 3563 κατὰ
3160 3510 3267 3581 τήν
3292 3508 3585 3595 16ύλλῇφιν,
3627 3506 3709 3573 ἄμα

2192 3602 2259 3671 τῇ
2291 3600 2438 3671 ψυχῇ
2469 3600 2567 3672 τὴν
2585 3601 2631 3632 ⁸⁸
2666 3600 2756 3653 τοῦ
2783 3600 2842 3652 ἓν
2881 3595 3024 3663 εἶδος
3052 3595 3194 3654 εἶναι
3247 3600 3349 3653 σὺν
3381 3599 3511 3669 αὐτῇ
3537 3595 3710 3666 6:16p:-

2193 3708 2285 3745 vov
2320 3690 2591 3745 σύνθεσιν.
2631 3692 2809 3764 Ὅπερ
2842 3690 3077 3762 ἀλλαχοῦ
3109 3692 3443 3762 τρανότερον
3490 3687 3712 3760 ἐμφαίνων

2194 3782 2360 3854 φησὶν
2403 3783 2434 3835 ό
2471 3782 2813 3847 διδάσκαλος,
2860 3802 2878 3833 ι
2904 3784 3061 3837 Κατὰ
3101 3783 3200 3854 τὴν
3246 3781 3444 3853 διπλῆν
3470 3779 3556 3834 τοῦ
3582 3781 3714 3848 ipe»-

2195 3876 2441 3945 σήματος
2479 3873 2730 3944 δύναμιν,
2783 3874 2878 3927 καὶ
2926 3873 3097 3944 πνοὴν
3147 3874 3529 3943 ὲμφυσῶμενοι
3566 3868 3715 3924 πάντες

2191 3966 2290 4021 καὶ
2324 3966 2551 4037 Πνεῦμα
2603 3966 2758 4035 ἄγιον
2787 3964 3225 4037 (5)..Μεριστέον
3241 3965 3290 3998 ⁸³
3318 3960 3414 4018 οὖν
3448 3966 3511 4039 τῇ
3552 3956 3715 4023 ἔπινάὲ

2194 4058 2338 4113 κατά
2375 4058 2475 4129 τὴν
2517 4057 2782 4128 σύλληψιν
2816 4057 2879 4111 τὸ
2926 4056 3027 4127 μὶν
3075 4057 3312 4119 ζωτικὸν
3347 4055 3624 4126 ἐμφύσημα
3650 4047 3717 4100 καὶ

517 4152 628 4217 tim,
660 4159 715 4206 et
746 4149 1053 4204 incarnatio
1070 4162 1235 4220 atque
1259 4149 1553 4206 insufﬂatio
1585 4151 1839 4220 corporis
1854 4160 2090 4215 naturae,

2195 4149 2257 4203 τὸ
2283 4148 2511 4219 Πνεῦμα
2537 4148 2598 4202 τὸ
2628 4149 2782 4216 ἄτιον
2811 4150 2877 4218 τῇ
2910 4149 3075 4218 νοερᾷ
3100 4147 3197 4217 τῆς
3227 4147 3412 4217 ψυχῆς
3444 4143 3608 4213 οὐσίᾳ,
3637 4138 3710 4207 τὴν

519 4243 983 4313 quemadmodum
1016 4243 1210 4298 Patres
1237 4242 1416 4297 aiunt.
1465 4243 1531 4298 Et
1559 4243 1931 4318 progenitoris
1966 4244 2095 4299 Adae

518 4335 749 4407 mystice
779 4333 1050 4405 producta
1069 4342 1153 4389 est
1196 4334 1500 4405 generatio,
1546 4335 1710 4389 aliam
1770 4334 1963 4390 animae
1997 4335 2094 4389 lia-

517 4428 654 4482 bens
670 4425 1085 4495 exsistendique
1114 4426 1387 4481 rationem
1414 4434 1471 4481 et
1502 4426 1809 4481 nativitatis
1839 4425 2089 4488 modum,

516 4525 574 4572 et
602 4517 767 4571 aliam
787 4516 1052 4571 nimirum
1101 4517 1375 4587 corporis,
1406 4517 1551 4572 sicut
1580 4516 1784 4572 divinae
1818 4531 1922 4571 nos
1975 4530 2090 4570 ma-

517 4608 713 4681 gniﬁce
737 4608 1048 4665 docuerunt
1076 4607 1318 4674 Litterae,
1334 4624 1445 4663 non
1470 4609 1717 4664 sinentes
1738 4618 1799 4662 ut
1821 4608 2003 4663 anima
2034 4616 2092 4662 et

518 4713 722 4769 corpus
758 4715 870 4754 uno
893 4699 1198 4769 eodemque
1232 4699 1397 4754 modo
1450 4698 1824 4769 generationis
1850 4697 2085 4753 invicem

517 4788 903 4843 concurrentia
920 4786 1415 4844 commiscerentur
1425 4786 1731 4843 secundum
1744 4796 2019 4852 naturam,
2033 4798 2090 4843 et

521 4880 872 4950 ignoraretur
892 4881 1158 4950 cujusque
1177 4880 1320 4935 ratio
1340 4878 1596 4934 essentia
1622 4885 1679 4933 et
1698 4877 1895 4933 modus
1924 4892 2090 4949 gene-

518 4968 767 5024 rationis.

2194 4240 2250 4294 δὲ
2284 4239 2560 4311 σάρκωσιν
2591 4238 2686 4292 καὶ⁵
2721 4237 2817 4311 τὴν
2851 4236 3016 4307 πνοὴν
3064 4239 3129 4308 τῇ
3161 4236 3327 4305 φύσει
3366 4234 3462 4289 τοῦ
3494 4232 3714 4303 σώματος,

2196 4328 2380 4393 καθὼς
2416 4330 2467 4383 oi
2506 4329 2751 4399 Πατίρες
2798 4327 2929 4397 φασί
2949 4328 3017 4381 ⁸⁸.
3056 4327 3166 4379 Καὶ
3208 4330 3243 4397 ἠ
3290 4325 3389 4380 τοῦ
3428 4324 3716 4394 προπάτορκ

2207 4419 2379 4490 ’Δδὰμ
2420 4418 2700 4491 μυστικῶς
2748 4417 3003 4489 παρήχθη
3039 4416 3276 4485 γένεσις,
3323 4416 3509 4486 ἕτερον
3538 4413 3625 4481 τῆς
3646 4407 3716 4477 ψω-

2192 4512 2295 4583 χῆς
2323 4510 2523 4582 ἔχουσα
2554 4508 2645 4563 τόν
2675 4525 2735 4562 τε
2760 4506 2856 4561 τοῦ
2885 4504 3025 4561 εῖναι
3043 4507 3201 4576 λόγον
3231 4508 3327 4560 καὶ
3359 4507 3451 4560 τὸν
3480 4502 3568 4557 τοῦ
3602 4495 3716 4567 γενέο

2194 4602 2320 4655 σθαι
2353 4601 2575 4672 τρόπον,
2619 4600 2716 4653 καὶ
2740 4600 2928 4669 ἕτερον
2958 4590 3160 4669 δηλαδὴ
3183 4597 3280 4651 τοῦ
3330 4597 3593 4667 σώματος,
3611 4585 3716 4653 dx"

2193 4692 2255 4745 τὸ
2284 4690 2428 4745 θεῖον
2454 4692 2605 4763 ἡμᾶς
2638 4689 2995 4762 μεγαλοφυῶς
3028 4689 3467 4760 ὲμυσταγὼγησε
3514 4683 3719 4755 γράμμα.

2195 4784 2271 4854 μὴ
2303 4782 2620 4854 συγχωροῦν
2644 4783 2746 4852 τὴν
2776 4782 2953 4853 ψυχὴν
2996 4783 3093 4837 καὶ
3122 4781 3181 4835 eo
3212 4781 3376 4851 σῶμα
3401 4776 3523 4834 καθ’
3546 4776 3632 4830 ινα
3656 4769 3722 4823 καὶ

2191 4875 2283 4928 τὸν
2327 4875 2490 4928 αὐτὸν
2533 4875 2733 4945 τρόπον
2764 4874 2933 4945 τῆς-⁸⁸
2958 4873 3228 4944 γενέσεως
3267 4870 3522 4942 ἀλλήλοις
3560 4874 3717 4933 συμπε·

2195 4965 2356 5019 σόντα
2389 4964 2630 5036 φυρῆναι
2665 4965 2805 5020 κατὰ
2838 4966 2936 5036 τὴν
2962 4964 3127 5036 φύσιν
3163 4966 3258 5019 κα)⁵
3287 4963 3384 5017 τὸν
3410 4961 3628 5016 ἑκάστου
3652 4952 3720 5020 τῆς

2193 5055 2382 5121 οὐσίας
2393 5056 2548 5126 λόγον
2563 5056 2916 5127 ἀγνοηθῆναι,
2932 5057 3027 5110 καὶ
3044 5055 3134 5110 τὸν
3150 5056 3247 5126 τῆς
3260 5054 3533 5125 γενέσεως
3548 5047 3718 5120 196W-

1796 5185 2027 5241 VARUE
2060 5186 2465 5245 LECTIONES.

586 5298 854 5353 eae-um:
884 5298 1306 5369 suspicabantur
1327 5297 1569 5369 editores
1590 5296 1861 5369 Galland.‘
1911 5299 1954 5330 ⁸⁷
1976 5300 2320 5369 παντάπασιν
2349 5316 2457 5355 om.
2491 5302 2578 5356 ed.
2620 5301 2869 5356 Galland.
2946 5302 2991 5333 ⁸⁸
3008 5302 3207 5369 γνῶσιν
3231 5301 3318 5355 ed.
3353 5299 3493 5356 Gall.
3564 5287 3722 5369 "

516 5361 643 5423 ἄλλο
671 5385 778 5422 non
815 5361 1093 5424 habet-ed.
1127 5368 1265 5423 G1“.

516 5438 606 5491 ed.
639 5439 776 5493 Gai].
890 5441 933 5470 “
964 5438 1123 5506 φασίν
1148 5438 1236 5492 cd.
1275 5438 1411 5492 Gali.
1490 5440 1534 5471 "
1565 5438 1813 5507 σώματος
1841 5440 1909 5490 eo

520 5508 565 5538 “
591 5507 728 5561 Cod.
770 5509 910 5563 Gud.
943 5509 1312 5579 apographum
1343 5508 1505 5563 liabet
1530 5507 1624 5560 καὶ
1662 5524 1760 5577 pro
1792 5507 1909 5576 τῆς.

1341 5369 1387 5441 “ff
1418 5368 1685 5441 συνθέτως
1711 5368 1801 5422 ed.
1832 5366 1970 5441 Gali.
2022 5368 2367 5441 _“_1:é<puxev
2398 5371 2486 5426 ed.
2511 5371 2651 5427 Gall.
2727 5372 2771 5403 “
2809 5372 2945 5441 πρὸς
2965 5366 3064 5441 τῆν
3093 5371 3183 5426 ed.
3217 5370 3362 5426 Gall.

890 5388 979 5423 net
1004 5388 1093 5424 eu.
1127 5388 1265 5423 mu.
1341 5388 1384 5399 υ-
1418 5388 1685 5431 συνοετως
1711 5388 1801 5422 eu.
1832 5388 1970 5422 uau.
2050 5388 2091 5400 υ·
2128 5388 2367 5438 πεφυκεν
2398 5388 2486 5426 eu.
2511 5388 2651 5427 hau.
2727 5388 2770 5403 "
2809 5388 2849 5423 π

890 5441 933 5470 ⁵⁵
964 5438 1123 5506 φασίν
1148 5438 1236 5492 ed.
1275 5437 1411 5492 Gall.
1490 5440 1534 5471 "
1565 5438 1928 5509 tribunos-cm
1957 5437 2049 5490 τοῦ
2080 5435 2215 5494 εἶναι
2256 5441 2410 5509 λόγον
2439 5442 2531 5495 καὶ
2556 5441 2650 5494 τοῦ
2679 5388 2884 5509 γενέσᾶ

3438 5370 3481 5402 ⁸³
3516 5357 3724 5435 ut???

2878 5426 2940 5494 αξ
2968 5426 3185 5511 τρόπον,
3219 5441 3316 5505 ὡς,
3341 5447 3476 5504 etc.,
3506 5426 3597 5491 ed:
3618 5426 3723 5485 Gall-

593 5624 710 5693 (57)
755 5623 912 5697 Grcg.
952 5626 1080 5680 Naz.
1123 5624 1212 5680 0r.
1270 5626 1425 5680 theol.
1470 5626 1603 5709 4dr:
1643 5625 1803 5693 Filio,
1855 5643 1973 5698 cap.
2011 5628 2101 5695 20,
2129 5646 2183 5700 p.
2227 5630 2349 5695 554,
2395 5639 2524 5684 tom.
2560 5631 2581 5684 ι
2619 5628 2756 5699 Opp.
2803 5630 2934 5684 edit.
2984 5630 3188 5685 Bened.
