3938 6192
252 251 380 317 139.5

1463 240 1980 303 AMBIGUORUM
2013 239 2265 301 LIBER.

3275 162 3475 295 6m

316 361 376 415 ει
426 357 484 412 δὲ
534 356 612 428 τῷ
655 356 827 428 Ἀδὰμ
875 355 1299 427 ὲνηκολούθησεν
1326 354 1365 384 ⁸⁷
1415 357 1447 425 ἠ
1498 354 1661 426 διπλῆ
1703 356 1797 410 τοῦ

1974 352 2128 419 Quod
2146 351 2190 405 si
2213 350 2420 404 Adamo
2436 327 2832 416 consequenter
2848 343 3291 416 contigitduplex
3306 343 3476 398 insuf-

248 450 636 522 ὲμφυσήματος
663 448 890 519 δύναμις
936 448 1076 502 κατά
1105 447 1204 518 τὴν
1236 446 1314 508 είς
1338 445 1397 498 τὸ
1432 440 1569 499 εἶναι
1593 447 1807 515 γένεσιν

252 542 565 613 σύνδρομος,
591 539 644 592 τί
675 539 740 593 ἄν
762 556 844 601 τις
866 538 1010 591 εἴποι
1035 537 1164 606 περὶ
1191 533 1284 588 τοῦ
1315 536 1456 588 κατὰ
1476 536 1573 606 τὴν
1600 536 1812 607 ἀνθρω-

250 634 455 703 πότητα
479 628 889 701 συναμφοτέρου
934 626 1028 682 τοῦ
1070 625 1205 680 Θεοῦ
1238 625 1332 679 καὶ
1380 627 1628 697 Σωτῆρος
1655 627 1811 697 ἡμῶν

268 723 438 795 Ἰησοῦ
472 719 732 793 Χριστοῦ,
776 719 964 790 ’ψυχῆς
1019 717 1164 787 λέγω
1219 720 1315 772 καὶ
1357 717 1644 789 σώματος;
1671 719 1809 789 ὅπερ

252 814 434 885 κρᾶμα
486 810 631 864 κατὰ
676 809 739 862 τὸ
788 808 1011 863 δυνατὸν
1058 808 1360 879 ἐμφέρειαν
1410 807 1572 874 σώζει
1607 807 1809 880 πολλὴν

252 901 383 974 πρὸς
429 900 523 955 τὸν
574 898 787 970 πρῶτον
872 897 1065 968 Ἀδάμ.
1130 898 1340 970 Ὠσπερ
1401 897 1532 969 γὰρ,
1583 896 1658 960 ὡς
1716 898 1814 950 αὐ-

249 992 337 1053 τός
367 1007 530 1060 φησιν
569 991 596 1044 ό
647 987 985 1053 διδάσκαλος,
1046 988 1197 1058 παρά
1250 988 1349 1058 τῆς
1380 986 1513 1059 ὕλης
1544 986 1604 1041 τὸ
1652 987 1813 1058 σῶμα

252 1080 433 1159 (230
454 1079 507 1149 α)
556 1077 738 1131 λαϐὼν
768 1078 796 1129 6
834 1078 984 1143 Θεὸς,
1006 1076 1280 1142 νεοτελοῢς
1298 1077 1343 1110 ⁸⁸
1392 1077 1633 1149 δηλονότι
1678 1094 1814 1147 1190‘-

253 1169 582 1238 ῦποστάσης,
611 1167 740 1239 παρ’
767 1167 962 1222 ἑαυτοῦ
988 1168 1042 1220 δὲ
1072 1167 1216 1238 ζωὴν
1241 1168 1435 1233 ἐνθεὶς,
1468 1168 1495 1222 ὃ
1524 1169 1588 1241 δὴ
1617 1186 1703 1222 νοε
1715 1170 1813 1239 ρὰν

250 1260 420 1331 ψυχὴν
447 1260 542 1313 καὶ
578 1260 761 1311 εἰκόνα
783 1257 918 1312 Θεοῦ
946 1253 1085 1311 οἶδεν
1116 1260 1143 1312 6
1171 1259 1350 1326 λόγος,
1384 1258 1705 1330 δημιουργεῖ
1724 1258 1815 1312 τδν
1860 1280 1866 1285 -

254 1352 559 1421 ἄνθρωπον,
590 1349 681 1402 τὸν
703 1349 865 1402 αὑτὸν
888 1348 1090 1417 τρόπον
1114 1349 1207 1403 καὶ
1236 1349 1294 1416 ἐξ
1311 1351 1575 1421 ἀχράντου
1605 1351 1685 1402 Πα
1695 1349 1813 1419 ρθέι

253 1460 340 1496 νου
367 1442 531 1495 οἱονεὶ
554 1441 655 1510 γῆς
686 1441 954 1510 ἀμιάντου
987 1440 1048 1494 τδ
1088 1440 1247 1511 σῶμα
1277 1439 1479 1507 λαϐὼν,
1518 1443 1649 1513 παρ’
1685 1441 1815 1494 ἐαυ-

250 1531 342 1584 τοῦ
368 1530 421 1583 δὲ
454 1528 595 1600 ζωὴν
628 1528 823 1590 ἐνθεὶς,
859 1528 887 1581 ὃ
914 1529 976 1599 δὴ
998 1528 1176 1600 ψυχὴν
1197 1531 1240 1563 ⁸⁹
1265 1532 1457 1603 νοεράν
1494 1531 1590 1585 καὶ
1634 1531 1817 1585 εἰκόνα

248 1621 384 1675 θεοῦ
410 1615 547 1674 οἶδεν
565 1621 592 1672 ό
610 1620 872 1699 λόγοςητδ
889 1621 1082 1674 ἑαυτοῦ
1104 1620 1443 1693 ἀνθρώπινον
1457 1624 1504 1655 ⁷ο
1523 1622 1817 1694 ἐδημιούρ-

1910 444 2151 499 ﬂationis
2190 442 2365 495 virtus
2390 453 2731 494 concurrens
2761 437 2830 492 ad
2859 436 3196 491 exsistentia:
3219 448 3480 505 procrea-

1915 533 2141 595 tionem,
2172 528 2306 599 quid
2329 527 2516 582 dicere
2538 526 2662 596 quis
2692 525 2867 579 valeat
2895 525 2962 579 de
2987 524 3100 579 Deo
3120 531 3176 576 et
3198 522 3479 577 Salvatore

1911 632 2102 695 nostro
2143 620 2273 676 Jesu
2326 617 2566 677 Christo,
2598 615 2694 689 qui
2743 614 3050 670 secundum
3078 613 3476 669 humanitatem

1913 721 2213 781 utrumque
2238 708 2425 773 habet,
2459 708 2698 763 animam
2727 705 2986 760 videlicet
3017 712 3074 759 et
3103 708 3480 774 corpus‘lquaa

1912 800 2220 871 complexio
2247 808 2515 868 quantum
2540 796 2655 851 fieri
2687 804 2869 866 potest
2891 811 3140 866 magnam
3165 791 3482 850 similitudi-

1913 908 2041 948 nem
2095 896 2282 945 servat
2337 903 2463 943 cum
2518 888 2698 959 primo
2753 887 2947 942 Adam.
3007 884 3478 953 Quemadmodum

1912 982 2083 1047 enim,
2139 980 2285 1035 sicut
2310 978 2456 1034 idem
2514 979 2590 1032 ait
2622 978 2835 1042 doctor,
2887 993 2921 1032 a
2978 977 3213 1033 materia
3257 977 3482 1046 capiens

1913 1089 2114 1144 corpus
2135 1073 2300 1134 Deus,
2322 1086 2444 1141 quae
2458 1084 2649 1124 recens
2671 1069 2929 1123 videlicet
2952 1068 3285 1123 subsistebat
3299 1076 3479 1129 antea,

1914 1178 2175 1220 asevero
2211 1163 2377 1217 vitam
2402 1160 2620 1224 indens,
2654 1159 2801 1229 quod
2842 1157 3103 1211 nimirum
3142 1158 3484 1212 intellectua-

1916 1256 2022 1311 lem
2048 1254 2290 1310 animam
2315 1262 2371 1309 et
2400 1252 2693 1322 imaginem
2716 1250 2811 1305 Dei
2846 1249 3132 1320 Scriptura
3188 1248 3481 1318 intelligit,

1916 1344 2195 1399 hominem
2210 1340 2535 1405 ell‘ormavit,
2555 1334 2698 1394 haud
2716 1339 2873 1394 aliter
2894 1337 3061 1394 etiam
3082 1353 3149 1391 ex
3168 1336 3484 1391 intaminata

1915 1435 2137 1507 Virgine
2162 1443 2421 1503 tanquam
2442 1431 2762 1485 intemerata
2788 1437 2934 1487 terra
2954 1443 3154 1497 corpus
3175 1441 3483 1489 assumens,

1916 1542 1982 1582 ex
2013 1542 2070 1581 se
2091 1535 2275 1589 autem
2311 1523 2476 1577 vitam
2504 1520 2720 1582 indens,
2762 1518 2910 1588 quod
2955 1517 3214 1572 nimirum
3244 1516 3483 1571 animam

1920 1615 2347 1673 intellectualem
2403 1620 2463 1668 et
2519 1611 2617 1667 Dei
2668 1610 2955 1681 imaginem
2990 1608 3276 1677 Scriptura
3308 1608 3482 1673 novit,

253 1729 439 1783 γησεν,
481 1711 515 1782 ἢ
559 1711 751 1765 ἑαυτὸν
773 1698 1056 1783 ἀτρέπτως
1091 1713 1231 1766 κατά
1260 1713 1562 1785 πρόσληψιν
1592 1714 1814 1787 σαρκὸς,

1922 1708 2317 1763 humanitatem
2338 1720 2493 1761 suam
2516 1713 2774 1773 operatus
2789 1711 2891 1767 est,
2909 1703 2997 1757 vel
3016 1702 3486 1787 seipsum/immu-

253 1802 454 1871 νοερῶς
475 1819 534 1855 τε
565 1801 661 1855 καὶ
684 1802 917 1871 λογικῶς
963 1801 1340 1876 ὲψυχωμένης,
1388 1805 1456 1859 δι’
1489 1806 1635 1875 ἡμᾶς
1660 1806 1817 1859 ἑκου-

258 1893 386 1956 σίως
411 1892 485 1951 ὡς
519 1894 925 1966 παντοδύναμος
967 1895 1381 1967 δημιουργήσας
1428 1897 1683 1968 ἐποίησεν
1723 1895 1817 1953 ἄν·

252 1982 489 2051 θρωπον.

320 2073 499 2144 Ταύτῃ
534 2072 663 2141 γοῦν
695 2077 788 2128 καὶ
819 2077 1189 2147 τετιμηκέναι,
1221 2078 1471 2151 καθάπερ
1498 2073 1673 2150 οἶμαι,
1708 2091 1812 2147 φη-

259 2164 337 2216 σὶν
389 2166 415 2217 6
451 2164 767 2229 διδάσκαλος
826 2167 915 2220 τδν
950 2166 1157 2238 Κύριον
1185 2168 1342 2240 ἡμῶν
1375 2171 1467 2222 καὶ
1516 2169 1650 2222 Θεὸν
1705 2168 1805 2239 τὴν

255 2254 374 2308 καθ’
402 2256 547 2325 ἡμᾶς
572 2255 799 2327 τρισσὴν
826 2256 1104 2327 γέννησιν,
1132 2259 1377 2312 τουτέστι
1407 2260 1533 2322 τοὺς
1582 2258 1815 2313 καθόλου

253 2344 485 2414 τρόπους
532 2347 631 2416 τῆς
671 2345 827 2415 ἡμῶν
874 2348 954 2410 εἰς
1000 2346 1062 2403 τὸ
1099 2341 1235 2407 εἶναι
1284 2348 1380 2401 καὶ
1403 2348 1463 2401 τὸ
1484 2349 1527 2380 τί
1565 2345 1628 2401 εὖ
1678 2345 1816 2401 εἶναι

255 2435 347 2489 καὶ
386 2434 473 2488 ἀεὶ
506 2431 643 2488 εἶναι
671 2435 962 2504 γενέσεως,
993 2437 1091 2509 τὴν
1118 2438 1217 2509 μὲν
1250 2441 1315 2492 ἐκ
1354 2438 1647 2509 σωμάτων,
1680 2439 1810 2509 μίαν

254 2521 418 2578 οὖσαν
454 2522 559 2579 τού
581 2528 1001 2599 συναμφοτέρου
1029 2529 1168 2582 κατά
1194 2529 1294 2601 τὴν
1317 2528 1435 2599 ἅμα
1479 2529 1589 2582 τῶν
1639 2530 1821 2602 μερῶν

262 2615 505 2686 ἀλλήλοις
537 2617 888 2689 συνύπαρξιν,
920 2620 1097 2690 ψυχῆς
1153 2619 1296 2689 λέγω
1321 2621 1413 2674 καὶ
1447 2618 1710 2690 σώματος,
1741 2620 1821 2685 εἰς

259 2703 351 2757 δύο
391 2703 796 2776 διαιρουμένην,
856 2707 945 2761 διὰ
983 2708 1074 2760 τὸν
1119 2709 1355 2779 ἑτεροῖον
1406 2710 1504 2779 τῆς
1557 2710 1818 2781 ἐκατέρου

257 2794 522 2862 γενέσεως
552 2795 774 2865 τρόπον,
823 2792 984 2870 δι’ἦς
1011 2798 1072 2851 τὸ
1112 2794 1251 2852 εἶναι
1298 2798 1669 2871 λαμϐάνομεν,
1714 2800 1815 2871 τὴν

250 2882 308 2936 δὲ
346 2886 409 2938 ἐκ
461 2884 860 2957 βαπτίσματος,
895 2886 1018 2941 καθ’
1067 2890 1133 2959 ἢν
1162 2889 1224 2941 τὸ
1270 2888 1333 2943 εὖ
1362 2885 1503 2944 εἶναι
1546 2890 1822 2953 πλουσίως

1920 1800 2163 1855 tabiliter
2207 1796 2511 1853 secundum
2544 1795 2972 1864 assumptionem
3010 1794 3219 1858 carnis,
3242 1780 3489 1879 ’intclle-r

1918 1891 2175 1947 ctualitcr
2195 1888 2648 1957 rationaliterque
2678 1887 3188 1956 animalanpropter
3201 1900 3302 1939 nos
3321 1899 3488 1955 spon-

1926 1991 2004 2049 te,
2054 1989 2247 2052 utpote
2275 1979 2629 2050 omnipotens
2686 1977 2971 2042 Conditor,
3014 1977 3293 2032 hominem
3336 1977 3484 2032 fecit.

1994 2072 2109 2129 Hoc
2157 2072 2381 2142 quidem
2404 2079 2566 2142 pacto
2602 2079 2662 2126 et
2690 2070 2987 2125 honorasse
3009 2068 3167 2133 dicit,
3188 2058 3338 2125 sicut
3372 2069 3488 2124 exi-

1918 2166 2102 2229 Stimo,
2136 2164 2393 2235 magister
2444 2162 2736 2218 Dominum
2762 2162 3003 2218 etDeum
3025 2171 3275 2229 nostrum
3313 2161 3490 2231 tripli-

1919 2271 2036 2312 cem
2069 2263 2320 2310 nostram
2360 2254 2726 2319 nativitatem,
2765 2253 2821 2308 id
2864 2263 2951 2309 est
2979 2253 3263 2325 generales
3297 2252 3492 2308 modos

1919 2345 2295 2418 generationis
2324 2352 2529 2401 nostra:
2564 2345 2622 2399 in
2647 2344 3043 2410 exsistentiam,
3078 2343 3136 2399 in
3164 2344 3361 2399 bonam
3390 2360 3488 2399 ex-

1921 2433 2249 2499 sistentiam,
2272 2433 2328 2488 in
2344 2442 2605 2490 aeternam
2630 2433 3002 2489 exsistentiam
3024 2449 3043 2486 :
3060 2434 3486 2504 generationem,

1921 2524 2175 2592 inquam,
2232 2538 2301 2578 ex
2342 2523 2690 2594 corporibus,
2747 2539 2869 2593 quae
2924 2540 3031 2579 una
3078 2534 3163 2580 est
3205 2526 3491 2595 utriusque

1921 2613 2224 2668 secundum
2253 2621 2496 2668 mutuam
2525 2614 2760 2683 partium
2781 2614 2926 2670 inter
2945 2630 3002 2670 se
3020 2616 3489 2680 coexsistentiam,

1921 2703 2115 2759 animae
2139 2703 2397 2759 videlicet
2434 2712 2491 2759 et
2535 2704 2819 2774 corporis,
2863 2706 2961 2761 sed
3002 2705 3251 2762 bifariam
3291 2707 3489 2771 divisa,

1922 2804 2146 2865 propter
2176 2795 2455 2851 diversum
2492 2796 2782 2867 utriusque
2826 2799 3197 2868 generationis
3240 2799 3486 2864 modum,

1920 2898 2019 2953 per
2050 2898 2214 2953 quam
2238 2884 2611 2939 exsistentiam
2664 2886 2996 2955 accipimus;
3037 2887 3265 2943 alteram
3290 2905 3359 2945 ex
3393 2888 3492 2943 ba»

254 2975 640 3046 ὑποδεκόμεθα,
679 2977 778 3048 τὴν
812 2977 870 3030 δὲ
911 2976 972 3044 ἐξ
1025 2980 1393 3045 ἀναστάσεως,
1428 2979 1551 3035 καθ’
1576 2980 1643 3052 ἣν
1686 2980 1817 3052 πρὸς

1923 2974 2206 3044 ptismate,
2232 2990 2333 3045 per
2353 2991 2516 3045 quam
2543 2976 2684 3032 bene
2705 2978 3057 3034 esse-abunde
3077 2981 3487 3051 consequimur;

245 3063 313 3116 τὸ
342 3037 593 3117 ἀεί-εῖναι
621 3037 712 3118 διὰ
734 3037 973 3136 ’χάριτος
1017 3037 1481 3138 μεταποιούμεθα.
1550 3037 1817 3138 ’Ᾰκριέῶς

1923 3064 2137 3119 tertiam
2164 3080 2232 3120 ex
2268 3067 2697 3133 resurrectione,
2731 3084 2837 3138 qua
2904 3068 2973 3123 ad
3019 3079 3282 3125 aeternam
3339 3072 3488 3129 exsi-

240 3152 431 3207 ττοίνυν
463 3153 544 3208 δεῖ
584 3157 697 3219 τοῖς
737 3155 834 3210 τοῦ
883 3157 1202 3213 διδασκάλου
1227 3158 1410 3228 λόγοις
1432 3160 1810 3230 ἐπισκήπτειν

242 3241 340 3296 διὰ
361 3244 486 3306 τοὺς
514 3236 861 3316 ἑπηρεαστάξ
887 3246 993 3300 τῶν
1021 3248 1205 3312 καλῶς
1247 3249 1537 3321 κειμένων.
1586 3249 1671 3320 Τῇ
1712 3249 1820 3320 γὰρ

248 3331 466 3404 ἐπινοίᾳ
491 3334 622 3406 μόνῃ
647 3334 838 3389 διελὼν
864 3320 963 3406 ’ἑὴν
1013 3339 1080 3392 ὲκ
1130 3320 1402 3407 σωμάτων
1435 3337 1693 3408 γέννησιν
1727 3338 1820 3391 διὰ

242 3423 351 3492 ’τὴν
382 3422 735 3478 ἀποδοθεῖσαν
762 3425 963 3490 αἰτίαν,
993 3425 1106 3496 ἅμα
1132 3431 1199 3498 τῇ
1225 3428 1483 3500 συλλήψει
1514 3429 1658 3482 κατὰ
1691 3444 1823 3482 ταυ-

250 3500 351 3566 τὸν
394 3515 653 3584 χρονικῆς
706 3514 815 3568 οὐδ’
869 3516 1002 3578 ὅλως
1059 3518 1234 3588 ῥοπῆς
1297 3518 1819 3591 προεπινοουμένης,

253 3605 535 3674 εἰληφέναι
592 3605 684 3658 τὸν
733 3605 938 3675 Κύριον
988 3606 1050 3659 τὸ
1118 3607 1349 3672 ζωτικὸν
1400 3608 1638 3679 πνεῦμα,
1701 3609 1820 3680 ἦτοι

250 3696 556 3766 ἐμφύσημα
589 3696 731 3750 κατά
757 3697 818 3749 τὸ
845 3696 1188 3768 ἀνθρώπινον
1213 3698 1401 3765 αὐτοῦ,
1438 3700 1582 3768 λέγω
1625 3700 1682 3753 δὲ
1722 3701 1822 3769 τὴν

253 3786 445 3857 γοεράν
476 3787 656 3859 ψυχὴν
681 3787 821 3858 μετά
857 3788 952 3842 τοῦ
992 3789 1244 3859 σώματος
1275 3790 1369 3845 τοῦ
1413 3792 1477 3845 ἐκ
1504 3792 1602 3861 τῆς
1623 3791 1822 3863 ἀχράν-

252 3892 349 3929 του
380 3875 657 3949 Παρθένου
681 3880 754 3940 τ’,
782 3879 879 3932 καὶ
903 3880 963 3931 οὐ
1002 3880 1141 3948 μετὰ
1169 3882 1269 3951 τὴν
1299 3881 1583 3954 σύλληψιν,
1623 3884 1652 3935 6
1681 3880 1825 3937 διδά-

255 3967 452 4031 σκαλος
485 3968 796 4040 διορίζεται.

252 4271 411 4340 Πρὸς
432 4273 575 4342 τοὺς
611 4275 904 4348 λέγοντας
944 4274 1353 4350 προϋπάρχειν
1388 4274 1506 4333 τῶν
1535 4276 1822 4349 σωμάτων

848 4366 956 4436 τὰς
991 4370 1217 4440 ψυχάς-
1682 4391 1708 4405 α

1931 3155 2192 3210 stentiam
2227 3171 2327 3226 per
2355 3157 2583 3228 gratiam
2612 3170 3036 3216 commutamur.
3061 3161 3362 3232 Diligenter
3384 3163 3490 3237 igi-

1926 3254 2015 3299 tur
2048 3245 2443 3301 attendendum
2481 3259 2566 3303 est
2642 3250 2826 3304 verbis
2862 3252 3107 3322 magistri
3148 3265 3488 3325 propterea-

1925 3332 2287 3390 lumniatores
2344 3350 2537 3391 eorum
2589 3353 2711 3407 qua:
2740 3340 2912 3409 probe
2944 3351 3109 3397 stant.
3171 3343 3296 3399 Sola
3339 3345 3489 3401 enim

1926 3424 2257 3495 cogitatione
2279 3424 2627 3497 distinguens
2672 3430 3016 3487 nativitatem
3047 3449 3114 3488 ex
3140 3438 3488 3505 corporibus,

1922 3523 2145 3581 propter
2171 3514 2388 3567 allatam
2419 3513 2707 3581 rationem,
2740 3519 2903 3574 simul
2934 3536 3057 3575 cum
3103 3526 3488 3594 conceptione,

1922 3618 1992 3657 ne
2025 3602 2286 3672 temporis
2333 3615 2612 3660 momento
2689 3608 2912 3678 quidem
2948 3613 3362 3681 praeiutellecto,
3394 3633 3489 3672 ac-

1922 3693 2133 3762 cepisse
2172 3694 2463 3749 Dominum
2514 3697 2734 3753 vitalem
2781 3699 3057 3770 spiritum,
3105 3704 3219 3760 sive
3257 3706 3491 3776 inspira-

1926 3784 2151 3849 tionem,
2206 3801 2307 3855 pro
2335 3786 2678 3844 humanitate
2731 3805 2851 3855 sua,
2894 3792 2999 3848 hoc
3025 3804 3110 3850 est
3140 3796 3376 3851 animam
3403 3799 3492 3853 ἰη-

1927 3875 2295 3932 tellectualem
2324 3894 2431 3933 una
2466 3893 2591 3934 cum
2632 3896 2862 3952 corpore
2892 3900 2961 3940 ex
2997 3885 3345 3944 immaculata
3375 3890 3494 3945 Vir-

1926 3966 2074 4037 gine,
2133 3975 2189 4022 et
2234 3984 2345 4025 non
2377 3978 2501 4041 post
2543 3974 2977 4044 conceptionem,
3038 3976 3232 4036 detinit
3278 3980 3489 4036 doctor.

1929 4273 2126 4330 Contra
2152 4291 2237 4331 eos
2263 4277 2352 4346 qui
2374 4277 2553 4331 dicunt
2578 4278 2784 4334 animus
2815 4289 2938 4335 ante
2964 4296 3187 4352 corpora
3223 4289 3489 4342 exsistere.

324 4475 480 4555 Τινὲς
530 4477 626 4548 μὲν
668 4480 777 4549 γάρ
801 4498 987 4551 φασιν,
1029 4481 1106 4545 ὡς
1161 4482 1267 4553 ἤδη
1301 4481 1592 4552 προλαϐὼν
1643 4480 1806 4551 ἔφην,

1990 4473 2226 4541 Quidam
2284 4474 2434 4529 enim
2500 4474 2712 4539 dicunt,
2753 4476 2843 4530 uti
2886 4478 2998 4548 jam
3044 4479 3306 4549 prafatus
3347 4499 3490 4547 sum,

248 4746 503 4843 orbitarn.
530 4745 722 4843 ᾜμεῑς
819 4751 920 4823 τὴν
939 4752 1117 4823 μέσην
1135 4754 1253 4808 ὁδὸν
1279 4753 1355 4819 ὡς
1378 4755 1665 4843 βαςξιλικὴν
1680 4753 1825 4843 κατά

243 4841 381 4902 τοὺς
409 4830 657 4911 πατέρας
679 4842 837 4913 ἡμῶν
868 4843 1146 4909 ὁδεύοντες
1175 4844 1299 4901 οὔτε
1327 4830 1673 4919 προϋπαρξιν
1694 4842 1819 4900 οὔτε

258 4928 659 5001 μεθύπαρξιν⁷“
684 4932 910 5004 ψυχῆςῆ
944 4932 1216 5006 σώματος,
1259 4935 1588 5007 συνύπαρξιν
1608 4937 1666 4990 δὲ
1685 4936 1820 5006 μᾶλ-

252 5018 349 5072 λόν
363 5039 434 5088 φα
441 5039 561 5093 μεν,
583 5025 684 5089 τὰς
699 5026 784 5095 ἐφ’
800 5026 1038 5099 ἑκάτερα
1055 5027 1444 5099 φυλαττόμενοι
1460 5028 1731 5097 ἐγκλίσεις
1747 5029 1816 5091 ⁷⁸,

249 5111 353 5162 καὶ
399 5113 536 5181 μήτε
585 5116 852 5188 ἀριστερά
904 5118 1038 5188 μήτε
1065 5118 1215 5183 δεξιὰ
1235 5119 1303 5184 ⁷⁸,
1358 5118 1541 5184 καθώς
1583 5137 1751 5189 φησιν
1784 5120 1819 5189 ἡ

243 5197 386 5269 ἁγία
410 5201 623 5276 Γραφὴ,
651 5201 966 5262 παντάπασι
988 5207 1266 5279 ῥέποντες,
1290 5208 1457 5277 φόϐον
1493 5208 1821 5279 φοϐούμενοι

1804 4612 1821 4635 ,
1922 4570 2052 4618 ante
2071 4576 2307 4633 corpora
2327 4564 2540 4620 animas
2559 4565 2847 4633 exsistere;
2875 4567 2966 4622 alii
2995 4584 3126 4624 vero
3152 4581 3343 4628 contra
3366 4583 3493 4629 anle

1925 4654 2140 4711 animas
2174 4655 2442 4711 exsistere
2487 4650 2743 4727 corpora.
2791 4659 2901 4715 Nos
2949 4670 3134 4717 autem
3174 4662 3354 4720 media
3380 4666 3490 4731 via,

1934 4756 1996 4801 ut
2028 4746 2197 4817 regia,
2228 4748 2531 4803 secundum
2557 4760 2744 4820 patres
2770 4760 2992 4808 nostros
3021 4754 3362 4823 incedentes,
3391 4774 3492 4813 ne-

1924 4853 2033 4908 que
2068 4838 2404 4905 anteriorem
2447 4856 2628 4911 neque
2670 4844 3034 4912 posteriorem
3065 4847 3267 4903 animae
3294 4864 3492 4919 corpo-

1925 4931 2073 4987 risve
2103 4931 2481 4987 exsistentiam
2522 4931 2874 5002 aliirmamus,
2912 4936 3010 4992 sed
3049 4939 3491 4995 coexsistentiam

1926 5024 2131 5094 potius,
2159 5024 2551 5080 inclinationes
2574 5025 2630 5080 in
2657 5035 2945 5097 utramque
2971 5037 3183 5099 partem
3214 5041 3490 5096 caventes,

1926 5131 1993 5170 ac
2012 5131 2190 5185 neque
2211 5116 2593 5171 sinistrorsum
2619 5133 2799 5188 neque
2828 5119 3199 5187 dextrorsum,
3221 5134 3279 5177 ut
3305 5134 3491 5179 sancta

1928 5209 2215 5307 Scriptura
2249 5210 2514 5279 loquitur,
2542 5212 2768 5267 omnino
2783 5215 3211 5282 propendentes,
3239 5224 3491 5272 metuen-

1523 5362 1759 5419 γΑιιιΑῑ
1803 5361 2204 5418 LECTIONES.

320 5482 370 5579 ’.ἶ
395 5501 831 5579 ἐπηκολούθησεν
858 5503 1129 5579 ethalL
1176 5500 1222 5536 ⁸⁸
1247 5504 1488 5579 νεοτελοῦ
1520 5505 1608 5561 ed.
1627 5506 1769 5579 G_al._
1886 5506 2075 5579 vogpirv
2093 5505 2387 5579 ψυχὴν-σιξ.
2421 5505 2570 5579 βαιὴ
2640 5508 2687 5539 ⁷⁸
2717 5509 2777 5561 τὸ
2807 5509 3147 5579 ἀνθρώπινον
3168 5514 3362 5567 ἑαυτοῦ
3396 5516 3485 5571 rd.

237 5565 393 5624 Gal].
445 5565 1058 5657 ,τιητξοιιιξεείι(ειηἨ
1086 5574 1132 5607 τι
1161 5565 1582 5657 παρθένου-οῐῐιί
1609 5577 1698 5657 ed.
1730 5575 1872 5657 Gal]...
1943 5565 1990 5657 ’,ε
2017 5565 2308 5657 ετξξλρζέμε
2339 5575 2478 5657 αηηιιε
2554 5579 2597 5608 τι
2638 5565 3008 5651 προῦπάργξειν
3038 5565 3486 5657 casuscasus;

241 5656 369 5707 χειν
394 5639 482 5694 ed.
507 5640 645 5695 Gall.
726 5643 772 5673 "
801 5643 1176 5712 μετεγκλίσεις
1203 5639 1290 5699 ed.
1326 5644 1463 5698 Gali.
1538 5647 1583 5677 ⁷⁸
1612 5646 1873 5716 ἀριστερᾷ
1908 5646 2040 5715 μήτε
2066 5639 2212 5715 δεξιᾷ
2240 5639 2326 5698 Ed.
2362 5644 2498 5700 Gali.
