3938 6192
431 218 565 283 1327

1581 212 1642 272 S.
1682 212 1969 274 MAXIM‘I
2008 212 2517 277 CONFESSORIS

3566 206 3691 270 1319.3

426 342 511 387 tes
566 338 742 395 metu,
792 340 903 398 quo
955 308 1315 394 nihil-magis
1370 323 1735 379 metuendum
1784 335 1890 391 est,
1937 340 2009 380 ne

2126 319 2173 380 >ῦ
2203 327 2366 388 πλέον
2390 324 2677 396 φοϐεῖσθαι
2706 323 2860 377 οὐδέν
2905 322 3021 377 ἐστι
3065 318 3473 392 φοϐερώτερον,
3509 320 3692 389 μήπως

425 421 591 485 forte,
638 419 683 474 si
717 415 1103 488 praeexsistere
1130 412 1381 467 dicamus
1414 413 1745 482 corporibus
1777 415 2009 478 animas,

427 530 493 569 ac
532 510 791 581 supplicii
835 523 1004 562 causa
1057 506 1369 561 animarum
1412 505 1588 560 fuisse
1632 505 1858 561 inventa
1892 521 2015 562 cor-

428 616 588 671 pora,
642 605 869 667 propter
917 594 1120 665 flagitia
1174 610 1297 663 quae
1341 592 1412 648 ab
1462 594 1532 648 iis
1590 602 1719 650 ante
1779 610 2011 666 corpora

426 691 721 748 commissa
752 688 983 752 fuerim,
1016 686 1464 756 praestantissimi
1491 686 1691 741 borum
1723 703 1847 757 quae
1881 703 2018 743 ocu-

424 783 495 837 lis
537 781 786 851 subjecta
836 788 969 833 sunt
1008 788 1064 832 et
1098 777 1435 833 nobilissimi
1475 777 1707 846 opificii,
1736 794 1837 848 per
1866 780 2017 849 quod

426 873 752 945 agnoscitur
780 871 931 925 Deus
956 870 1124 925 tacito
1154 874 1437 939 praeconio
1463 870 1871 937 manifestatus,
1898 873 2019 927 sola

427 964 634 1036 ﬂagitia
674 978 899 1017 causam
952 961 1126 1016 fuisse
1175 962 1300 1029 jure
1349 962 1725 1031 suspicemur,
1767 964 2017 1019 necessi-

428 1064 599 1110 tatem
618 1056 733 1109 Deo
754 1053 1079 1107 inducentia
1103 1061 1305 1121 praeter
1333 1053 1640 1109 voluntatis
1670 1056 2017 1125 propositum

428 1156 492 1202 ut
540 1146 907 1203 substantiam
956 1143 1248 1210 conderet,
1277 1146 1438 1207 cuius
1476 1144 1714 1203 fortasse
1756 1148 1826 1202 ab
1856 1149 2020 1204 initio

428 1253 499 1291 ne
546 1236 816 1303 rationem
859 1232 1086 1303 quidem
1147 1232 1412 1287 habuerit
1464 1242 1593 1289 ante
1634 1238 1837 1292 saecula
1885 1253 2015 1292 cum

430 1329 662 1398 reliquis
700 1329 997 1382 occultam.
1043 1326 1249 1380 Eorum
1290 1329 1439 1380 enim
1472 1342 1597 1395 quae
1645 1338 1841 1383 contra
1889 1345 2020 1399 pro-

430 1422 675 1490 positum
722 1419 862 1472 fiunt
907 1418 1081 1473 Deum
1124 1417 1312 1472 dicere
1348 1420 1612 1475 essentia:
1638 1420 1847 1477 habere
1887 1438 2020 1492 pro-

431 1511 699 1566 ducenda:
756 1510 1024 1574 rationes,
1068 1523 1183 1562 non
1246 1508 1383 1562 mihi
1438 1508 1664 1564 videtur
1729 1511 2022 1580 prudentis

430 1620 552 1659 esse
589 1603 788 1675 judicii
833 1610 933 1656 aut
982 1601 1286 1670 opinionis,
1337 1610 1394 1656 et
1432 1610 1716 1673 utcunque
1755 1614 1907 1660 recte
1950 1606 2019 1660 de

430 1696 527 1750 Dei
575 1696 862 1765 majestate
894 1692 1214 1760 sentientis,
1248 1694 1343 1762 qui
1375 1694 1527 1748 solus
1561 1697 1680 1749 sine
1716 1695 2053 1751 allectioni-'

421 1789 539 1842 bus
593 1796 679 1841 est
724 1795 783 1840 et
826 1800 1013 1847 verax,
1072 1798 1178 1838 nec
1228 1784 1536 1855 quidquam
1586 1786 1642 1839 in
1695 1788 2021 1844 universum

434 1879 602 1934 habet
629 1880 785 1948 juxta
808 1877 1257 1947 praeexsistentes
1285 1878 1341 1931 in
1368 1878 1490 1947 ipso
1524 1894 1710 1933 rerum
1738 1895 1862 1950 qua:
1893 1889 2024 1935 sunt

434 1971 681 2026 rationes
714 1968 864 2038 quod
905 1982 1101 2022 recens
1129 1968 1225 2032 sit,
1267 1983 1332 2022 ac
1357 1970 1671 2037 praesertim
1700 1980 1896 2026 contra
1925 1987 2024 2028 vo-

433 2062 666 2117 luntatis
717 2059 1084 2129 propositum.
1140 2059 1353 2114 Cuncta
1406 2061 1555 2115 enim
1622 2062 1675 2115 ei
1738 2073 2021 2134 utcunque

434 2152 762 2209 exsistentia
798 2158 895 2205 aut
927 2151 1197 2205 exstitura
1238 2152 1548 2207 secundum
1580 2155 1877 2210 essentiam
1908 2158 2021 2227 jam

434 2254 596 2303 antea
643 2244 833 2308 volita,
896 2243 1204 2307 intellecta,
1256 2251 1467 2298 statuta
1518 2244 1777 2311 fuerunt;
1819 2247 2021 2317 cuique

435 2352 570 2409 vero
613 2349 810 2391 eorum
848 2348 972 2403 qum
1007 2341 1138 2388 sunt
1187 2334 1339 2405 juxta
1395 2336 1659 2391 idoneum
1703 2345 1760 2392 et
1814 2353 2023 2409 oppor-

437 2439 634 2499 tunum
684 2437 907 2498 tempus
952 2426 1250 2481 essentiam
1291 2427 1489 2482 tribuit
1541 2437 1599 2483 et
1632 2430 2019 2488 substantiam.

434 2522 626 2591 Neque
673 2520 822 2575 enim
868 2518 1091 2588 quando
1143 2517 1472 2575 efﬁcientem
1516 2521 1805 2591 quidpiam
1846 2523 2020 2577 Deum

435 2611 710 2677 videmus,
757 2620 892 2665 tunc
940 2622 1166 2680 quoque
1219 2611 1522 2667 voluntatis
1562 2611 1711 2667 circa
1749 2628 1869 2668 eam
1905 2629 2022 2668 rem

438 2704 660 2758 initium
729 2702 932 2757 fecisse
990 2711 1086 2757 aut
1151 2702 1470 2758 intellectus
1524 2712 1620 2758 aut
1688 2706 2025 2775 cognitionis

439 2797 624 2865 ipsum
678 2794 1040 2848 arbitremur.
1082 2794 1277 2850 Absit!
1329 2793 1446 2849 Hoc
1491 2795 1641 2849 enim
1685 2797 1857 2852 multa
1888 2812 2025 2867 pro-

438 2888 584 2940 fecto
617 2884 963 2939 absurditate
1003 2892 1269 2950 scateret,
1304 2885 1351 2939 si
1382 2886 1531 2955 quod
1586 2889 1732 2942 Deus
1758 2889 1828 2943 ab
1858 2889 2021 2947 initio

2122 419 2498 489 προϋπάρχειν
2523 416 2909 493 λέγοντεςιτῶν
2933 414 3206 484 σωμάτων
3240 414 3339 475 τάς
3374 413 3584 481 ψυχάς,
3614 418 3692 464 καὶ

2119 512 2389 581 τιμωρίας
2433 512 2621 565 ἕνεκεν
2667 510 2776 563 τῶν
2804 507 2992 578 ψυχῶν
3025 505 3421 577 ἐφευρέσθαιττ
3481 506 3553 557 τά
3600 505 3695 556 od»-

2124 621 2294 674 ματα,
2349 603 2440 657 διὰ
2515 603 2615 673 τὴν
2668 599 3157 673 προγεγενημένην
3220 596 3333 649 τῶν
3395 596 3697 664 ἀσωμάτων

2119 700 2341 763 κακίαν,
2404 700 2504 767 τῆς
2551 697 2660 751 τῶν
2715 695 3012 768 ὁρωμένων
3040 691 3355 762 ἐκπρεποῦς
3397 690 3693 761 μεγαλουρο

2119 790 2267 857 γίας,
2314 789 2383 842 δι’
2425 784 2493 861 ἦς
2536 792 2565 842 ὁ
2592 787 2726 851 Θεὸς
2757 785 3091 850 γινώσκεται
3122 784 3300 852 σιωπῇ
3359 780 3693 851 κηρυττόμε-

2120 898 2231 945 νος,
2259 881 2441 933 αἰτίαν
2472 879 2697 939 εἰκότως
2718 877 2787 907 ⁷⁷·
2824 870 2967 928 εἶναι
2993 873 3163 942 μόνην
3192 868 3570 939 ὑποτιθέμεθα
3609 871 3697 937 τήν

2122 974 2349 1037 κακίαν,
2382 971 2631 1040 ἀνάγκην
2662 967 2979 1035 ἐπάγουσαν
3000 963 3080 1034 τῷ
3114 961 3234 1032 Θεῷ
3256 962 3411 1031 παρὰ
3442 959 3696 1030 πρόθεσιν

2124 1065 2192 1135 ἢν
2225 1066 2326 1119 οὐκ
2365 1064 2663 1133 εὐδόκησεν
2684 1061 2731 1092 ⁷⁸
2766 1059 2958 1112 οὐσίαν
2989 1054 3416 1125 δημιουργῆσαι,
3447 1047 3522 1121 ἧς
3552 1051 3701 1118 τυχῖιν

2122 1156 2219 1209 ἀπ’
2247 1156 2424 1225 ἀρχῆς
2453 1153 2576 1206 οὐδὲ
2608 1152 2699 1223 τὸν
2728 1149 2887 1217 λόγον
2915 1146 3032 1216 ἔχει
3059 1144 3165 1217 πρὸ
3198 1143 3307 1196 τῶν
3327 1142 3550 1196 αίώνων
3574 1140 3700 1209 μετὶ

2122 1245 2230 1300 τῶν
2258 1246 2437 1301 ἄλλων
2466 1244 2811 1312 ἀπόκρυφον.
2840 1240 2963 1295 Τῶν
2997 1238 3107 1309 γάρ
3150 1236 3300 1306 παρὰ
3333 1234 3604 1305 πρόθεσιν
3633 1250 3705 1298 γι-

2123 1342 2370 1411 νομένων
2395 1341 2579 1408 λέγειν
2610 1338 2699 1391 τὸν
2726 1336 2857 1389 Θεὸν
2897 1333 3042 1403 ἔχειν
3086 1330 3213 1393 τοὺς
3253 1329 3356 1397 τῆς
3398 1324 3707 1385 οὐσιώσεως

2123 1432 2338 1499 λόγους,
2368 1429 2429 1483 οὗ
2468 1446 2558 1500 μοι
2614 1427 2765 1480 δοκεῖ
2819 1422 3051 1491 συνετῆς
3101 1416 3347 1480 διανοίας
3389 1412 3563 1479 εἶναι,
3622 1416 3706 1467 καὶ

2122 1521 2373 1577 ὁπωσοῦν
2403 1519 2461 1575 εὗ
2495 1517 2914 1590 συνῃσθημένης
2946 1511 3084 1567 Θεοῦ
3134 1510 3591 1583 μεγαλειότητος,
3622 1507 3708 1559 τοῦ

2125 1613 2372 1677 ἀπαθοῦς
2410 1614 2505 1667 καὶ
2546 1611 2717 1683 μόνου
2763 1607 3023 1678 ἀληθοῦς,
3084 1606 3179 1657 καὶ
3250 1603 3423 1673 μηδὲν
3490 1602 3706 1671 ἔχοντος

2125 1707 2353 1763 καθόλου
2390 1705 2532 1759 κατὰ
2576 1705 2705 1766 τοὺς
2760 1704 2818 1755 ἐν
2873 1699 3025 1770 αὐτῷ
3078 1697 3352 1769 προόντας
3399 1693 3511 1746 τῶν
3540 1693 3701 1745 ὄντων

2123 1801 2315 1869 λόγους
2362 1798 2697 1869 πρόσφατον,
2749 1795 2846 1846 καὶ⁵
2909 1792 3146 1862 μάλιστα
3216 1787 3368 1857 παρὰ
3426 1785 3707 1852 πρόθεσιν.

2124 1890 2310 1941 Πάντα
2330 1888 2449 1958 γάρ
2480 1884 2631 1954 αὐτῷ
2659 1883 2728 1937 τά
2763 1880 3017 1934 ὁπωσοῦν
3042 1879 3174 1932 ὸντα
3199 1878 3243 1910 ⁷⁹
3288 1877 3321 1946 ἢ
3362 1875 3708 1943 γενησόμενα

2124 1980 2265 2035 κατὰ
2291 1980 2391 2050 τὴν
2416 1976 2603 2031 οὐσίαν
2622 1971 3015 2043 προτεθέληταί
3046 1988 3109 2024 τε
3133 1970 3228 2026 καὶ
3262 1966 3710 2039 προεννενόηται,

2125 2074 2220 2125 καὶ
2247 2072 2629 2142 προέγνωσται
2650 2085 2664 2098 ·
2706 2066 2938 2119 ἕκαστον
2986 2064 3045 2116 δὲ
3088 2061 3199 2114 τῶν
3230 2060 3406 2117 ὄντων
3449 2057 3601 2112 κατά
3630 2057 3714 2109 τὸν

2125 2160 2403 2215 εῦθετονθο
2429 2159 2526 2213 καὶ
2560 2157 2868 2227 ἐπιτήδειον
2891 2164 3086 2224 καιρον
3109 2151 3285 2205 οὖσιοῖ
3317 2151 3414 2203 καὶ
3430 2149 3714 2218 ὑφίστησι.

2124 2254 2277 2323 Μηδὲ
2315 2254 2423 2323 γάρ
2447 2252 2538 2305 ὅτε
2562 2268 2616 2303 τι
2640 2245 3132 2310 κατασκευάζοντα
3165 2243 3256 2295 τὸν
3307 2241 3444 2295 Θεὸν
3473 2239 3716 2310 ὁρῶμεν,

2125 2349 2247 2400 τότε
2271 2347 2486 2416 καὶτῆς
2513 2346 2643 2416 περὶ
2679 2344 2813 2398 αὐτὸ
2846 2341 3122 2412 θελήσεως
3170 2335 3377 2408 ἧρχθαι
3412 2334 3639 2396 ἐννοίας
3664 2351 3720 2389 τε

2128 2442 2221 2494 καὶ
2253 2438 2508 2509 γνώσεως
2554 2437 2716 2491 αὐτὸν
2747 2434 3063 2505 νομίσωμεν
3085 2431 3152 2483 ιι.
3201 2431 3441 2496 Ἄπαγε.
3508 2426 3721 2495 Πολλῆς

2127 2530 2234 2601 γάρ
2268 2529 2438 2592 ὅντως
2481 2528 2599 2580 ἐστὶ
2647 2526 2807 2580 τοῦτο
2874 2522 3071 2596 μεστὸν
3114 2518 3378 2583 ἀτοπίας,
3417 2519 3471 2570 εἰ
3523 2518 3670 2587 ϐαρ
3698 2520 3724 2569 ὁ

2108 2620 2256 2683 Θεὸς
2282 2620 2460 2689 (231
2481 2619 2554 2688 (ι)
2587 2618 2647 2683 ἐξ
2677 2617 2852 2688 ἀρχῆς
2885 2615 2990 2685 πρὸ
3024 2612 3135 2666 τῶν
3159 2610 3376 2665 αἰώνων
3422 2615 3574 2679 μήτε
3634 2609 3723 2659 ἑν-

2125 2709 2403 2780 ενόησενῆ
2433 2709 2574 2777 ἔγνω
2605 2708 2637 2778 ἢ
2669 2707 2926 2778 ἐθέλησεν
2960 2699 3123 2768 εἶναι,
3155 2702 3252 2755 νῦν
3297 2703 3506 2771 νοήσας
3541 2717 3603 2753 τε
3630 2703 3726 2753 καὶ

2127 2799 2359 2871 θελήσας
2385 2802 2481 2855 καὶ
2502 2802 2685 2868 γνοὺς,
2717 2799 2750 2868 ἢ
2793 2800 3096 2868 μεταγνοὺς
3118 2798 3292 2849 εἰπεῖν
3344 2794 3717 2864 οἰκειότερον,

2126 2891 2202 2954 ὡς
2231 2891 2393 2946 καλὸν
2427 2890 2768 2958 ἐξετέλεσεν
2797 2890 2884 2944 ἵνα
2944 2889 3020 2960 μὴ
3062 2889 3208 2957 λέγω
3256 2888 3338 2939 ὅτι
3381 2888 3513 2943 οὐδὲ
3545 2888 3724 2953 αὐτὴν

438 2985 567 3032 ante
594 2976 795 3031 saecula
835 2991 1015 3046 neque
1066 2975 1350 3045 cogitavit,
1388 2984 1483 3030 aut
1527 2979 1725 3036 statuit
1761 2988 1822 3033 ut
1854 2988 2021 3045 esset,

2129 2976 2203 3035 ὧν
2236 2984 2373 3045 τοὺς.
2404 2981 2599 3051 λόγους
2649 2982 3087 3053 προηγουμένως
3144 2981 3244 3033 οῦκ
3280 2980 3417 3050 ἔχει,
3449 2979 3727 3048 γινώσκει

437 3078 535 3125 aut
574 3069 770 3133 voluit,
816 3085 973 3123 nunc
1018 3070 1270 3141 cogitans
1297 3078 1353 3125 et
1402 3080 1655 3126 statuens
1701 3080 1757 3127 et
1801 3074 2016 3139 volens,

438 3163 529 3218 vel
582 3163 938 3233 resipiscens,
991 3171 1052 3216 ut
1105 3163 1280 3233 magis
1319 3164 1542 3233 proprie
1573 3164 1791 3234 loquar,
1828 3173 1889 3218 ut
1923 3164 2023 3219 bo-

439 3270 574 3309 num
617 3253 912 3324 perﬁceret
941 3272 955 3307 :
986 3271 1056 3310 ne
1086 3255 1266 3311 dicam
1296 3257 1445 3327 quod
1473 3273 1543 3313 ne
1594 3259 1766 3328 ipsam
1798 3259 2021 3329 quidem

440 3360 635 3400 eorum
676 3345 1078 3405 fac-litationem
1129 3363 1369 3418 quorum
1419 3350 1662 3404 rationes
1692 3351 2024 3405 anteceden-

442 3447 530 3493 ter
559 3452 671 3492 non
714 3438 938 3503 habeat,
984 3440 1164 3493 novit.
1217 3441 1335 3495 lmo
1370 3450 1571 3497 cuncta
1605 3442 1703 3496 Dei
1738 3443 2023 3500 voluntate

440 3544 539 3599 per
584 3529 993 3598 praescientiam
1039 3531 1348 3585 secundum
1389 3532 1658 3587 infinitam
1696 3535 1818 3605 ejus
1851 3535 2024 3591 virtu-

439 3631 550 3675 tem
585 3636 807 3690 semper
855 3621 1132 3675 contineri
1193 3623 1501 3691 credimus,
1551 3625 1701 3679 nulla
1736 3640 1797 3680 re
1845 3626 1914 3681 ab
1954 3642 2022 3682 eo

439 3728 664 3784 quoquo
685 3711 927 3767 id'modo
955 3712 1124 3768 fieret-
1135 3729 1331 3769 recens
1352 3716 1659 3786 excogitata
1683 3725 1740 3772 et
1754 3716 2022 3772 exsistun-

444 3808 572 3862 tiatn
608 3806 962 3861 essentialem
993 3806 1323 3876 accipiente.
1352 3807 1540 3878 Neque
1570 3809 1717 3863 enim
1767 3811 2022 3866 existimo

441 3912 536 3951 eos
564 3897 658 3967 qui
692 3898 779 3967 pie
809 3913 874 3952 ac
905 3898 1159 3968 religiose
1201 3900 1451 3953 sentiunt
1483 3899 1687 3955 debere
1720 3901 1890 3955 Deum
1921 3917 2022 3971 pu-

441 3998 557 4043 tare
606 4005 729 4059 quae
766 4004 867 4058 per
912 3989 1397 4059 praecognitionem
1459 3990 1674 4046 infinita
1720 3993 1925 4048 virtute
1964 3992 2021 4046 in

440 4082 624 4151 scipso
663 4080 969 4136 secundum
1013 4095 1207 4136 eorum
1243 4082 1491 4137 rationes
1525 4084 2017 4151 praeeontinentur,

441 4189 507 4227 ea
555 4172 770 4242 singula
818 4185 1157 4241 cognoscere
1203 4188 1301 4242 per
1329 4174 1753 4243 productionem
1782 4174 1844 4231 in
1871 4178 2018 4231 exsi-

2130 3072 2227 3143 τὴν
2258 3073 2499 3138 ποίησιν.
2574 3071 2737 3124 Ἀλλά
2782 3072 2964 3125 πάντα
3008 3073 3073 3140 τῇ
3112 3069 3365 3139 βουλήσει
3419 3069 3521 3121 τοῦ
3574 3069 3725 3122 Θεοῦ

2133 3162 2560 3234 προγνωστικῶς
2581 3162 2724 3216 κατᾶ
2765 3161 2862 3233 τὴν
2894 3161 3126 3232 ἄπειρον
3161 3159 3329 3214 αὐτοῦ
3361 3160 3609 3229 δύναμιν
3635 3161 3729 3215 ἀεὶ

2141 3254 2495 3325 περιέχεσθαι
2525 3253 2875 3323 πιστεύομεν,
2933 3253 3158 3324 μηδενὸς
3202 3251 3346 3320 αὑτῷ
3390 3251 3522 3304 καθ’
3574 3253 3729 3304 οἱον-

2129 3344 2329 3414 δήποτε
2376 3344 2576 3415 τρόπον
2642 3343 2976 3414 προσφάτως
3022 3343 3439 3413 ἐπινοουμένου,
3506 3347 3608 3397 καὶ
3662 3343 3728 3399 τὸ

2130 3428 2271 3485 εἶναι
2310 3433 2452 3486 κατὰ
2471 3433 2573 3501 τὴν
2615 3431 2804 3486 οὐσίαν
2838 3431 3234 3502 λαμϐάνοντος.
3270 3432 3423 3499 Μηδὲ
3452 3432 3571 3502 γάρ
3606 3434 3726 3491 ofe-

2132 3525 2257 3577 σθαι
2300 3525 2408 3577 δεῖν
2426 3525 2471 3556 ⁸²
2521 3523 2761 3588 εὐσεϐῶς
2814 3524 3148 3595 φρονοῦντας
3196 3523 3574 3592 ὑπολαμϐάνω
3627 3526 3726 3577 τὸν

2129 3615 2261 3668 Θεὸν
2293 3615 2363 3668 τὰ
2396 3614 2539 3667 κατὰ
2591 3616 2901 3686 πρόγνωσιν
2937 3616 3393 3686 άπειροδυνάμως
3425 3618 3485 3667 ἐν
3530 3617 3727 3686 ἑαυτῷ

2129 3707 2271 3760 κατὰ
2298 3706 2426 3770 τοῦς
2458 3706 2667 3759 ἑαυτῶν
2701 3706 2892 3775 λόγους
2926 3708 3411 3778 προπεριεχόμενα
3430 3706 3478 3737 ⁸³
3504 3706 3727 3762 ἕκαστα

2132 3797 2426 3867 μανθάνειν
2474 3798 2688 3869 διὰτῆς
2743 3800 2828 3862 είς
2858 3798 2919 3852 τὸ
2946 3796 3087 3853 εἶναι
3149 3800 3515 3870 παραγωγῆς.
3566 3800 3726 3852 Ἀλλ’

2129 3891 2264 3960 ἡμῖν
2291 3891 2339 3942 oi
2388 3890 2583 3963 αἰῷνές
2624 3908 2685 3944 τε
2727 3891 2823 3946 καὶ
2850 3893 2902 3945 οί
2951 3892 3132 3963 χρόνοι
3168 3892 3311 3947 κατὰ
3343 3891 3435 3944 τὸν
3469 3908 3730 3963 προωρί-

2131 3982 2330 4050 σμένον
2350 3982 2398 4014 ⁸⁸
2429 3983 2527 4036 καὶ
2555 3984 2649 4037 τὸν
2682 3982 2902 4037 εῦθετον
2941 3985 3177 4038 ἑκάστου
3217 3984 3410 4055 καιρὸν
3456 3984 3652 4051 σοφῶς
3675 3984 3727 4015 ⁸⁸

2129 4075 2339 4128 ἕκαστα
2388 4075 2875 4146 δημιουργούμενα
2930 4076 3329 4139 δεικνύουσι⁸⁶,
3366 4076 3464 4128 aut
3520 4077 3605 4136 είς
3664 4077 3730 4130 τὸ

2127 4163 2265 4219 εἶναι
2285 4167 2684 4237 προϐάλλονται
2704 4167 2749 4198 ⁸⁷
2774 4186 2789 4199 ο
2822 4170 2965 4221 καθά
2989 4171 3082 4220 καὶ
3107 4167 3349 4239 περὶτοῦ
3380 4168 3517 4221 Λευῖ
3546 4185 3730 4237 φησιν

442 4258 720 4317 stantiam.
765 4268 833 4318 At
884 4263 1047 4318 nobis
1079 4266 1279 4320 saecula
1318 4273 1375 4320 et
1418 4264 1670 4335 tempora
1713 4267 2019 4322 secundum

2126 4260 2155 4310 ὂ
2180 4257 2323 4320 θεῖος
2361 4257 2687 4321 Ἀπόστολος
2723 4259 2923 4312 οὑτωσὶ
2957 4259 3190 4323 διεξιὼν,
3225 4262 3353 4313 Ἔτι
3386 4261 3499 4329 γὰρ
3537 4260 3614 4312 ἐν
3648 4260 3730 4327 τῇ

441 4349 774 4421 praefinitum
825 4360 1312 4425 opportunumque
1347 4354 1617 4425 cujusque
1677 4354 1757 4409 rei
1805 4363 2021 4426 tempus

2130 4354 2320 4421 ὀσφύϊ
2340 4352 2446 4406 τοῦ
2469 4354 2695 4420 πατρὸς
2714 4350 2813 4423 ἦν,
2846 4356 2975 4424 πρὶν
3005 4356 3087 4417 εἰς
3114 4356 3174 4407 τὸ
3208 4352 3348 4409 εἶναι
3384 4355 3724 4424 παρελθεῖν.

442 4432 722 4511 sapienter
756 4444 1019 4514 quaelibet
1054 4444 1177 4500 ﬁeri
1206 4446 1531 4509 ostendunt,
1567 4457 1624 4501 et
1649 4446 1715 4500 ad
1750 4448 2024 4504 exsisten-

445 4533 577 4589 tiam
625 4536 857 4606 provehi
895 4554 907 4588 :
945 4536 1093 4590 sicut
1142 4536 1309 4590 etiam
1347 4537 1419 4592 de
1453 4538 1584 4592 Levi
1634 4539 1773 4593 dicit
1804 4539 2029 4596 divinus

442 4624 762 4694 Aposmlus,
787 4626 892 4681 hoc
920 4625 1087 4683 modo
1106 4625 1369 4695 loquens:
1404 4628 1586 4682 Adhuc
1609 4631 1748 4683 enim
1768 4632 1821 4684 in
1856 4629 2028 4685 lumbo

442 4719 607 4786 patris
624 4728 741 4773 erat
777 4720 791 4759 ί
822 4726 1117 4788 antequam
1146 4720 1454 4774 exsisteret.
1485 4720 1589 4785 Qui
1622 4722 1869 4790 potentia
1894 4724 2022 4793 qui-

442 4808 567 4863 dem
604 4810 657 4863 in
686 4809 1000 4879 patriarcha
1021 4808 1339 4864 Abrahamo
1377 4812 1671 4873 exsistens.
1710 4812 1863 4881 juxta
1880 4830 2024 4883 prm-

443 4896 659 4952 finitum
694 4914 826 4953 vero
870 4908 1091 4968 tempus
1132 4914 1231 4968 per
1270 4899 1688 4969 conceptionem
1726 4900 1794 4955 de
1820 4903 2021 4958 effectu

442 4995 640 5044 nactus
675 4988 1091 5061 generationem
1132 4988 1189 5042 in
1231 4988 1637 5055 exsistentiam,
1675 4991 1821 5045 serie
1846 5001 1904 5046 et
1942 5008 2027 5047 or-

2131 4445 2319 4505 ’Ὅστις
2374 4444 2603 4512 δυνάμει
2638 4438 2737 4513 μὲν
2764 4443 2810 4475 ⁸⁸
2842 4444 2899 4495 ἐν
2932 4442 3011 4513 τῷ
3072 4446 3385 4517 πατριάρχῃ
3451 4446 3727 4517 Ἀϐραὰμ

2134 4536 2422 4606 ὑπάρχων,
2452 4535 2611 4587 »κατὰ
2664 4535 2721 4587 δὲ
2759 4535 2849 4587 τὸν
2894 4535 3288 4604 τετελεσμένον
3346 4538 3547 4607 καιρὸν
3611 4542 3730 4611 τὴν

2132 4630 2269 4698 πρὸς
2320 4627 2379 4680 τὸ
2425 4618 2566 4680 εἶναι
2598 4626 2689 4679 διὰ
2730 4628 2981 4698 κυήσεως
3015 4626 3137 4680 κατ’
3168 4627 3455 4698 ἐνέργειαν
3487 4629 3728 4697 γένεσιν

2130 4720 2333 4784 λαϐὼν,
2367 4718 2545 4792 είρμῷ
2571 4720 2667 4781 καὶ
2694 4718 2846 4783 τάξει
2874 4719 3015 4773 κατὰ
3039 4720 3142 4791 τὴν
3175 4720 3491 4791 ἀπόρρητον
3518 4724 3732 4791 σοφίαν

2126 4810 2222 4865 τοῦ
2257 4810 2394 4864 Θεοῦ
2434 4811 2502 4865 τὰ
2542 4810 2717 4863 πάντα
2745 4810 2844 4880 τὴν
2890 4811 3027 4881 πρὸς
3068 4811 3131 4863 τὸ
3179 4806 3319 4865 εἶναι
3370 4814 3595 4877 γένεσιν
3633 4816 3734 4868 δέ-

2131 4902 2321 4971 χεσθαι
2360 4904 2499 4954 νοεῖν
2536 4902 2683 4972 ἡμᾶς
2715 4901 2811 4953 καὶ
2843 4901 3125 4954 πιστεύειν
3169 4904 3309 4955 κατὰ
3340 4903 3430 4956 τὸν
3461 4920 3735 4975 apo-fw-

2134 4994 2330 5049 σθέντα
2358 4993 2550 5063 καιρὸν
2587 4994 2925 5063 ὑπηγάγετο.

441 5081 570 5135 dine
598 5082 805 5161 omnia,
844 5080 1241 5152 praeintellecto
1292 5089 1459 5151 atque
1511 5083 1851 5154 przecognito
1892 5092 2162 5155 tempore,
2209 5085 2516 5141 secundum
2554 5084 2891 5139 ineffabilem
2955 5086 3052 5140 Dei
3091 5086 3416 5157 sapientiam
3455 5090 3735 5161 accipere

441 5175 1185 5235 exsistentiae,conditionem
1250 5183 1311 5230 ut
1356 5192 1458 5232 nos
1523 5176 1960 5247 iutelligeremus
2019 5186 2076 5234 et
2109 5178 2467 5235 crederemus
2507 5178 2805 5251 persuasit.

522 5296 539 5336 ί
572 5293 739 5349 Hebr.
771 5308 866 5354 vn,
902 5292 986 5345 10.

1714 5383 1950 5438 VARI/£3
1994 5385 2401 5441 LECTIONES.

511 5508 555 5541 ⁷⁷
591 5507 927 5576 ἐφευρῆσθαε
965 5508 1055 5562 ed.
1105 5505 1243 5561 Gali.
1320 5506 1385 5537 ’τ’
1414 5504 1504 5560 Sic
1544 5507 1665 5562 cod.
1704 5505 1845 5561 Gud.
1887 5515 1942 5560 et
1973 5507 2061 5561 ed.
2094 5507 2233 5562 Gall.
2310 5507 2356 5539 ⁷³

2390 5508 2689 5578 ηὐδόκησεν
2747 5508 2837 5564 ed:
2898 5508 3037 5564 Call.
3114 5510 3213 5578 ⁷⁹ἢ
3256 5510 3383 5563 ὄντα
3433 5511 3524 5566 ed.
3570 5512 3741 5571 Gal].

444 5578 1018 5652 ”_év§lsspvecl:Gall._
1071 5576 1709 5652 "yog_€§_ou2v_ed._Gall.
1787 5577 2185 5652 “fasicilﬁall.
2263 5576 2806 5652 ⁸³Απροπερισχόρενα
2830 5576 3339 5652 ειιιοεζιοηοοιίλῖιιᾱ.
3409 5582 3455 5612 ⁸⁸
3483 5584 3742 5652 ὁρισμὸν

442 5647 532 5706 ed.
563 5646 704 5704 Call.
794 5649 838 5679 ⁸⁵
873 5648 1058 5716 σαιρῶς
1089 5647 1176 5700 ed.
1204 5647 1340 5701 Gall.
1419 5649 1463 5677 εὖ
1495 5647 1732 5701 δείκνυσι
1770 5649 1862 5704 ed.
1896 5647 2036 5702 Call.
2111 5650 2154 5680 ⁸⁷
2187 5646 2547 5713 προϐάλλεται
2578 5646 2829 5705 έόζῦυιι.
2865 5646 2880 5649 “
2905 5646 2963 5683 ’ί
2987 5650 3084 5709 μὲν
3114 5667 3224 5706 non
3257 5651 3423 5708 habet
3449 5646 3541 5707 ed.
3572 5646 3737 5710 Cal].

3008 5752 3042 5774 ο
