3938 6192
226 350 369 420 1329

1459 332 1978 413 AMBIGUORUM
2016 352 2269 413 LIBER.

3349 350 3485 414 1330

288 464 515 521 Πάντων
542 456 636 518 οὖν
666 463 775 518 τῶν
806 464 927 518 κατ’
946 461 1132 517 οὐσίαν
1162 460 1519 533 ὑπαρκτικῶς
1548 462 1719 515 ὄντων
1740 480 1800 515 τε

1971 463 2229 519 Omnium
2266 462 2434 534 igitur
2473 462 2659 517 rerum
2693 462 3000 518 secundum
3024 462 3322 519 essentiam
3355 466 3487 518 sub-

216 558 314 612 καὶ
332 556 628 626 ἐσομένων,
654 554 1011 626 ἢγενομένων
1027 555 1095 618 ⁸⁹,
1123 553 1156 624 ἦ
1179 552 1567 623 γενησομένων
1602 553 1635 623 ἢ
1665 571 1797 622 φαι-

217 646 482 717 νομένων,
514 646 547 715 ﬂ
577 644 990 717 φανησομένων,
1021 646 1079 699 ὲν
1108 643 1188 714 τῷ
1215 642 1335 711 Θεῷ
1377 643 1798 714 προϋπάρχουσι

217 737 434 805 παγίως
462 736 619 797 ὄντες
660 737 711 788 οί
757 736 928 805 λόγοι,
960 735 1083 788 καθ’
1115 735 1209 798 οὒς
1242 734 1337 789 καὶ
1368 734 1479 787 είσὶ
1506 733 1576 787 τά
1622 734 1799 788 πάντα

217 831 313 883 καὶ
338 832 598 897 γεγόνασι
627 828 721 882 καὶ¹
740 828 1086 898 διαμένουσιν
1102 829 1148 860 ⁹⁰
1174 829 1265 881 ἀεὶ
1284 828 1400 889 τοῖς
1423 826 1636 879 ἑαυτῶν
1659 826 1800 879 κατά

220 919 483 988 πρόθεσιν
528 919 732 989 λόγοις,
775 919 863 973 διὰ
902 920 1177 988 κινήσεως
1228 916 1468 987 φυσικῆς
1510 914 1800 984 ἐγγίζοντα

225 1012 405 1082 (23],
434 1014 486 1073 b)
516 1015 612 1066 καὶ
666 1012 804 1082 πρὸς
870 1011 933 1064 τὸ
978 1006 1117 1064 εἶναι
1177 1009 1379 1079 μᾶλλον
1438 1008 1797 1079 συνεχόμενοι,

223 1104 363 1157 κατά
391 1103 490 1175 τὴν
525 1104 685 1157 ποιάν
717 1120 779 1156 τε
821 1104 912 1157 καὶ
964 1102 1136 1173 ποσὴν
1164 1102 1264 1170 τῆς
1303 1100 1685 1172 προαιρέσεως
1716 1099 1804 1152 κί-

222 1195 379 1265 νησίν
409 1212 469 1249 τε
494 1197 588 1249 καὶ⁹
628 1196 824 1266 ῥοπὴν.
859 1197 921 1249 τὸ
947 1195 1009 1249 εὖ
1035 1195 1100 1248 δι’
1133 1192 1338 1265 ἀρετὴν
1369 1193 1467 1246 καὶ
1519 1193 1622 1263 τὴν
1664 1191 1802 1262 πρὸς

222 1286 314 1338 τὸν
352 1286 510 1355 λόγον
538 1287 660 1341 καθ’
686 1289 747 1341 ὅν
769 1290 918 1341 ἐστιν
970 1284 1325 1356 εὐθυπορίαν,
1356 1284 1390 1354 ἦ
1442 1283 1499 1336 τὸ
1525 1282 1627 1351 φεῦ
1662 1278 1803 1336 εἶναι

224 1376 315 1430 διὰ
342 1378 543 1433 κακίαν
585 1379 681 1431 καὶ
725 1381 826 1448 τὴν
875 1379 1030 1450 παρά
1076 1379 1168 1432 τὸν
1220 1377 1378 1446 λόγον
1425 1374 1549 1429 καθ’
1575 1376 1634 1428 ὃν
1687 1377 1803 1429 ἐστι

225 1472 442 1538 κίνησιν
468 1469 837 1540 λαμϐάνοντα,
872 1472 968 1525 καὶ
1012 1470 1295 1539 συντόμως
1325 1470 1500 1521 εἰπεῖν
1532 1465 1675 1521 κατά
1703 1467 1803 1538 τὴν

225 1554 339 1619 ἕξιν
360 1555 394 1621 ἦ
410 1557 510 1627 τὴν
529 1557 783 1628 στέρησιν
797 1561 898 1629 τῆς
914 1558 1095 1611 αὐτῶν
1123 1556 1267 1611 κατά
1284 1555 1448 1625 φύσιν
1474 1554 1804 1626 μεθεκτικῆς

226 1645 510 1717 δυνάμεως
529 1647 622 1701 τοῦ
641 1649 919 1712 παντελῶς
946 1649 1252 1720 ἀμεθέκτου
1267 1649 1407 1702 κατά
1428 1647 1592 1717 φύσιν
1617 1646 1801 1718 ὑπάρ-

1901 555 2237 609 stantialiter
2263 553 2656 609 exsistentium
2680 562 2734 609 et
2774 553 3199 619 exstiturarum,
3241 555 3357 609 sive
3386 571 3487 609 na~

1902 652 2083 700 tarum
2136 645 2253 700 sive
2293 644 2726 709 nasciturarum,
2765 645 2884 699 sive
2937 645 3326 715 apparentium
3369 646 3488 701 sive

1901 735 2367 803 appariturarum,
2404 735 2460 789 in
2505 736 2620 790 Deo
2650 734 3043 804 praaexsistunt
3081 735 3360 790 stabiliter
3399 751 3480 790 ra-

1903 825 2101 891 tiones,
2146 825 2456 881 secundum
2511 843 2650 896 quas
2695 835 2754 881 et
2785 836 2917 882 sunt
2948 829 3132 882 omnia
3167 836 3224 883 et
3261 828 3491 883 fuerunt

1901 922 1957 969 et
1999 925 2224 971 manent
2255 929 2478 984 semper
2525 916 2642 970 suis
2676 916 2984 970 secundum
3009 916 3315 971 voluntatis
3351 931 3489 986 pro-

1902 1005 2144 1074 positum
2160 1004 2507 1075 rationibus,
2542 1020 2644 1075 per
2667 1005 2974 1060 naturalem
3016 1015 3230 1061 motum
3283 1022 3487 1076 appro-

1900 1096 2229 1167 pinquantia
2272 1105 2331 1152 et
2389 1097 2458 1151 ad
2518 1097 2902 1152 exsistentiam
2958 1098 3136 1168 magis
3188 1106 3490 1163 coarctata,

1902 1188 2209 1243 secundum
2264 1188 2709 1258 qualemcunque
2757 1196 2825 1242 et.
2858 1199 3342 1258 quantumcunque
3387 1204 3491 1243 vo-

1902 1279 2134 1335 luntatis
2193 1289 2407 1335 motum
2490 1286 2660 1349 atque
2718 1289 3096 1343 momentum,
3163 1280 3491 1348 accipientia

1903 1370 2047 1426 bene
2095 1386 2220 1426 esse
2269 1387 2371 1442 per
2409 1371 2673 1426 virtutem
2724 1378 3052 1440 rectumque
3099 1370 3167 1423 ad
3221 1369 3492 1423 rationem

1904 1478 2013 1532 qua
2065 1471 2300 1517 utuntur
2355 1463 2484 1527 iter,
2537 1462 2626 1517 vel
2681 1462 2826 1516 male
2866 1476 2985 1517 esse
3034 1462 3519 1531 proptervitiunr

1905 1562 1962 1606 et
1999 1562 2208 1606 motum
2253 1551 2307 1606 ei
2338 1566 2449 1621 qua
2486 1559 2722 1606 utuntur
2774 1550 2989 1605 ratione
3018 1550 3384 1613 contrarium,
3413 1556 3490 1613 et,

1904 1652 1968 1699 ut
2002 1643 2193 1714 paucis
2241 1642 2443 1708 dicam,
2499 1642 2808 1698 secundum
2867 1641 3119 1697 habitum
3165 1641 3254 1696 vel
3306 1640 3491 1710 priva-

228 1747 438 1805 χοντος,
468 1738 562 1791 καὶ
601 1740 765 1793 πᾶσιν
797 1739 985 1803 ἁπλῶς
1025 1740 1217 1793 ἑαυτὸν
1246 1740 1421 1806 ἀξίοις
1460 1755 1518 1792 τε
1554 1739 1648 1793 καὶ
1672 1740 1806 1792 ἀνα-

1914 1736 2115 1793 tionem
2160 1752 2275 1793 sua:
2317 1738 2478 1808 juxta
2531 1743 2788 1790 naturam
2826 1733 3229 1804 partieipativze
3267 1730 3493 1785 virtutis

198 1869 214 1885 .
234 1826 368 1890 ξίοις
394 1827 514 1880 ὅλον
561 1830 706 1883 κατά
738 1829 899 1901 χάριν
945 1831 1013 1883 δι’
1054 1805 1633 1899 ἀπειρονίάγαθότητα
1665 1846 1805 1901 παρ-

1914 1812 2031 1900 eius
2060 1830 2157 1899 qui
2208 1805 2372 1899 plane
2405 1827 2887 1898 imparticipabilis
2916 1832 3002 1880 est
3043 1823 3349 1886 secundum
3389 1838 3495 1876 na-

233 1917 537 1987 ἐχοντοςθι,
576 1921 669 1973 καὶ
698 1921 795 1991 τὴν
824 1920 919 1974 τοῦ
950 1922 1037 1974 ἀεὶ
1064 1918 1201 1975 εἶναι
1244 1920 1428 1984 καθὼς
1457 1921 1689 1984 ἕκαστος
1714 1921 1805 1989 ὑφ’

231 2011 429 2064 ἑαυτοῦ
467 2012 856 2066 διατέθειταί”
881 2031 939 2067 τε
972 2014 1066 2066 καὶ
1101 2013 1220 2067 ἔστι
1264 2014 1529 2085 διαμονὴν
1569 2015 1807 2085 ἐμποιή-

233 2118 441 2164 σοντος.
473 2097 568 2166 Οἷς
592 2105 624 2173 ή
663 2104 759 2158 τοῦ
793 2105 1000 2176 κυρίως
1026 2106 1178 2169 ὄντος
1204 2107 1297 2159 καὶ
1323 2105 1386 2160 εὖ
1419 2105 1573 2169 ὄντος
1598 2107 1693 2159 καὶ
1719 2106 1806 2159 ἀεὶ

230 2188 383 2249 ὄντος
415 2191 674 2259 ἀνάλογος
705 2192 922 2261 μέθεξις
952 2194 984 2266 ἢ
1024 2194 1309 2265 ἀμεθεξία,
1368 2194 1643 2265 τιμωρίας
1693 2194 1804 2248 τῶν

235 2283 524 2350 μετασχεῖν
540 2282 614 2353 μὴ
628 2282 963 2354 δυναμένων,
984 2283 1079 2339 καὶ
1092 2286 1299 2340 ἀπολαύ
1309 2302 1445 2349 σεως
1457 2286 1570 2339 τῶν
1582 2287 1629 2318 ’³
1646 2303 1811 2356 μετα-

232 2374 383 2440 σχεῖν
403 2372 732 2444 δυναμένων,
756 2376 1009 2441 ὲπίτασίς
1028 2379 1145 2430 ἐστι
1172 2378 1269 2432 καὶ
1295 2378 1613 2449 ὲπαύξησις.
1643 2380 1811 2433 Οὐδὲν

231 2462 345 2534 γὰρ
368 2463 431 2516 τὸ
461 2465 724 2534 παράπαν
749 2466 864 2520 ἔστι
900 2469 1007 2521 τῶν
1032 2469 1202 2523 ὄντων
1231 2463 1289 2523 οὗ
1317 2468 1392 2540 μὴ
1416 2471 1566 2540 παρὰ
1582 2467 1670 2540 ’τῷ
1693 2470 1811 2542 Θεῷ

233 2553 454 2615 πάντως
481 2555 510 2606 ό
538 2554 695 2624 λόγος
717 2557 1053 2627 προένεστιν.
1073 2552 1174 2612 ’Ὧν
1206 2559 1263 2612 δὲ
1281 2559 1430 2631 παρὰ
1449 2559 1526 2631 τῷ
1545 2559 1664 2632 Θεῷ
1676 2578 1811 2634 προ-

227 2648 572 2720 υπάρχίδυσιν
606 2646 759 2711 ὄντες
788 2649 889 2719 τῆς
913 2650 1102 2715 οὐσίας
1129 2652 1178 2706 οί
1199 2652 1368 2721 λόγοι,
1391 2652 1594 2708 τούτων
1610 2654 1810 2726 δηλαδὴ

227 2740 379 2795 κατά
409 2740 668 2811 πρόθεσιν
686 2737 838 2794 θείαν
866 2741 1083 2805 πάντως
1115 2744 1263 2797 ἐστὶν
1291 2745 1325 2815 ὴ
1357 2744 1592 2813 γένεσις.
1629 2737 1731 2800 Ὧν
1754 2746 1812 2800 δὲ

227 2831 381 2887 κατά
410 2831 670 2902 πρόθεσιν
701 2830 1029 2887 θείαν⁹ὲστὶν
1060 2836 1092 2906 ή
1119 2835 1355 2904 γένεσις,
1398 2836 1604 2891 τούτων
1632 2839 1665 2908 ἡ
1689 2839 1811 2891 κατ’

232 2923 432 2975 οὐσίαν
459 2921 694 2993 ὕπαρξις
718 2924 872 3001 μένει
908 2924 1048 2997 πρὸς
1072 2926 1132 2978 τὸ
1165 2925 1239 2997 μὴ
1262 2926 1323 2979 ὃν
1361 2927 1470 2980 ἀπὸ
1517 2926 1613 2981 τοῦ
1658 2928 1813 2991 ὄντος

227 3015 682 3086 ἀμεταχὼρητος.
712 3010 813 3068 Ὧν
850 3016 907 3070 δὲ
947 3017 1085 3088 πρὸς
1113 3017 1175 3070 τδ
1198 3018 1275 3089 μὴ
1299 3017 1358 3071 ὂν
1386 3018 1815 3091 ἀμεταχὼρητος

230 3106 379 3198 μετά
409 3106 744 3198 τὴν-γένεσιν
789 3108 900 3198 ἀπὸ
930 3110 1024 3163 τοῦ
1066 3108 1219 3171 ὄντος
1244 3112 1278 3180 ἠ
1325 3110 1445 3163 κατ’
1479 3111 1669 3165 οὐσίαν
1700 3113 1800 3180 ὑφ·
1839 3140 1883 3198 C

229 3197 470 3267 ἐστηκεν
491 3196 745 3267 ὖπαρξις,
760 3196 967 3252 τούτων
990 3201 1038 3252 οί
1058 3199 1205 3269 λόγοι
1229 3201 1557 3270 τυγχάνουσι
1586 3201 1707 3271 μόνι
1716 3201 1806 3272 μοί

227 3305 300 3341 τε
330 3289 424 3341 καὶ
458 3288 702 3360 βάσιμοι,
743 3291 912 3361 μόνην
944 3290 1164 3364 ἔχοντες
1193 3291 1368 3362 ἀρχὴν
1401 3292 1495 3345 τοῦ
1533 3288 1673 3346 εἶναι
1717 3293 1817 3364 τὴν

233 3376 457 3444 σοφίαν,
485 3377 546 3441 ἐξ
568 3374 636 3450 ἦς
663 3379 759 3431 καὶ
788 3378 856 3430 δι’
887 3379 956 3449 ἢν
1002 3362 1331 3449 ὑπάρχουσι,
1377 3378 1474 3432 καὶ
1505 3379 1595 3447 ὑφ’
1625 3374 1695 3451 ἧς
1718 3362 1819 3451 τῆν

231 3468 379 3538 πρὸς
407 3468 469 3522 τὸ
494 3466 636 3523 εἷναι
660 3469 921 3522 δύνασθαι
953 3470 1168 3538 παγίως
1187 3470 1419 3539 δύναμιν
1449 3470 1688 3539 ἔχουσιν.
1716 3465 1818 3525 Ὧν

231 3559 299 3612 δὲ
332 3562 380 3613 οί
408 3560 560 3628 λόγοι
620 3560 865 3629 μονίμως
915 3561 1225 3632 ὑπάρχουσι
1280 3560 1436 3630 παρὰ
1470 3560 1552 3631 τῷ
1581 3560 1720 3633 Θεῷ,
1746 3592 1820 3603 —-

234 3649 336 3702 καὶ
378 3651 410 3719 ἠ
453 3649 583 3718 περὶ
614 3649 813 3712 αὐτοὺς
867 3648 963 3702 τοῦ
1020 3649 1384 3718 πεποιηκότος
1437 3648 1619 3720 (232
1656 3651 1712 3719 a)
1749 3652 1819 3705 τὰ

239 3740 428 3793 πάντα
462 3740 601 3792 θεοῦ
626 3739 903 3810 ’πρόθεσίς
938 3742 1087 3794 ἐστιν
1114 3740 1455 3803 ἀδιάπτωτος
1487 3758 1501 3772 ·
1548 3745 1820 3812 χρονικοῖς

234 3834 353 3904 γὰρ
379 3836 412 3904 ἡ
446 3832 540 3886 τοῦ
566 3832 701 3886 Θεοῦ
727 3832 987 3904 πρόθεσις
1031 3833 1387 3888 παντάπασιν
1434 3833 1499 3885 οὐ
1536 3835 1817 3907 περιείλη-

239 3941 376 3976 πται
404 3925 659 3995 πέρασιν,
691 3922 815 3978 οὔτε
842 3923 946 3994 μὴν
967 3924 1064 3994 τὴν
1088 3926 1152 3978 ἐκ
1188 3924 1493 3995 μεταϐολῆς
1533 3924 1821 3981 ἀλλοίωσιν

241 4015 548 4085 ἐπιδέχεται
630 4019 743 4080 τοῖς
806 4016 1190 4087 ὑποκειμένοις
1262 4017 1816 4088 συμμεταπίπτουσα,

239 4107 447 4160 τούτων
486 4108 977 4177 ἀναμφηρίστως⁹”⁵
1014 4108 1070 4161 αί
1106 4109 1370 4180 ὑπάρξεις
1410 4110 1598 4179 σαφῶς
1614 4112 1660 4143 ’⁸
1684 4113 1822 4167 είσιν

244 4197 643 4270 ἀδιάφθοροιθθ.
673 4202 744 4254 Ἦ
766 4200 874 4271 γάρ
911 4196 1005 4254 οὖν
1034 4200 1179 4254 κατὰ
1212 4201 1473 4272 πρόθεσιν
1520 4202 1692 4256 θέλων
1723 4221 1821 4257 πε-

246 4289 526 4358 ποίηκεντό
554 4291 687 4355 Θεὸς
710 4293 777 4346 τά
802 4291 1119 4362 ἀνθρώπινα
1160 4292 1409 4363 σώματα,
1441 4294 1537 4347 καὶ
1574 4294 1726 4365 μένει
1754 4296 1822 4349 δι’

247 4372 411 4432 αὑτὸν
467 4381 603 4451 πρὸς
632 4372 703 4434 ’τὸ
751 4382 826 4452 μὴ
869 4381 930 4436 ὃν
977 4382 1349 4453 ἀμετάπτωτα
1379 4383 1686 4447 παντελῶς,
1733 4385 1823 4438 ἀεὶ

1909 1931 2114 1986 turam,
2147 1928 2204 1976 et
2244 1919 2608 1975 nihilominus
2650 1919 2865 1974 cunctis
2913 1933 2982 1972 ex
3034 1930 3193 1986 aequo
3246 1915 3490 1984 seipsum

1912 2022 2021 2069 tam
2081 2012 2264 2084 dignis
2318 2027 2483 2082 quam
2551 2010 2797 2081 indignis
2852 2010 3129 2079 integrum
3172 2006 3491 2061 secundum

1912 2105 2142 2177 gratiam
2189 2120 2258 2159 ex
2309 2103 2522 2159 inﬁnita
2565 2103 2816 2158 bonitate
2868 2100 3116 2163 exhibet,
3151 2099 3493 2169 perpetuita—

1911 2205 2132 2266 temque
2163 2195 2498 2252 exsistentize
2521 2195 2867 2265 inoperatur,
2885 2200 3053 2262 prout
3086 2191 3325 2261 quisque
3353 2206 3383 2244 a
3407 2204 3495 2244 se-

1911 2289 2033 2359 ipso
2059 2286 2295 2343 adicitur
2328 2297 2384 2343 et
2431 2296 2536 2343 est.
2568 2286 2784 2353 Quibus
2817 2300 2949 2341 sane
2981 2298 3113 2339 vere
3145 2281 3492 2345 exsistentis,

1911 2391 1967 2439 et
2012 2382 2153 2439 bene
2204 2381 2546 2447 exsistentis,
2607 2389 2665 2436 et
2721 2394 2941 2450 semper
2997 2376 3315 2446 exsistentis
3356 2388 3495 2429 con-
3598 2452 3603 2459 Ι

1912 2484 2173 2533 sentanea
2224 2474 2580 2546 participatio
2617 2473 2705 2528 vel
2753 2468 3266 2541 non-participatio,
3301 2481 3494 2521 eorum

1912 2570 2008 2640 qui
2043 2567 2376 2638 participare
2419 2583 2530 2622 non
2558 2572 2811 2636 possunt,
2843 2575 2931 2619 est
2969 2577 3168 2633 preme,
3212 2569 3269 2615 et
3301 2574 3493 2614 eorum

1913 2661 2010 2731 qui
2041 2666 2296 2729 possunt,
2317 2656 2599 2712 fruitionis
2626 2654 2868 2713 intensio
2885 2661 2972 2707 est
3001 2658 3057 2707 et
3074 2652 3519 2706 incrementum.‘

1913 2750 2154 2805 Omnino
2189 2748 2340 2805 enim
2369 2764 2565 2804 eorum
2598 2762 2721 2817 qua:
2749 2745 3026 2801 exsistunt
3068 2743 3281 2797 nullum
3321 2747 3501 2795 exstat

1916 2843 2080 2914 cujus
2126 2840 2299 2912 apud)
2325 2841 2501 2895 Deum
2544 2850 2777 2909 prorsus
2822 2834 2963 2889 ratio
2994 2848 3106 2887 non
3134 2829 3497 2902 prarexsistat.

1914 2934 2162 3001 Quorum
2206 2947 2341 2988 vero
2384 2929 2530 3001 apud
2574 2931 2748 2983 Deum
2788 2926 3182 2997 praeexsistunt
3239 2921 3498 2977 essentne

1915 3031 2195 3080 exstantes
2222 3022 2492 3087 rationes,
2520 3020 2722 3075 horum
2745 3018 2995 3089 profecto
3018 3012 3323 3071 secundum
3356 3012 3498 3066 divi—

1913 3130 2043 3170 nam
2063 3115 2405 3170 voluntatem
2437 3110 2498 3165 lit
2521 3111 2750 3166 creatio.
2774 3108 3019 3176 Quorum
3036 3121 3171 3161 vero
3194 3103 3501 3160 secundum

1919 3207 2161 3263 divinam
2195 3206 2543 3261 voluntatem
2574 3202 2635 3256 ﬁt
2684 3201 2915 3277 ereatio,
2940 3199 3136 3253 horum
3188 3194 3500 3250 essentialis

1919 3297 2244 3355 exsistentia
2270 3306 2477 3361 manet,
2512 3302 2569 3351 et
2603 3294 2671 3349 ad
2702 3289 3224 3348 non-exsistentiam
3261 3287 3330 3342 ab
3354 3285 3501 3341 exsi-

1920 3390 2121 3446 stentia
2145 3405 2257 3443 non
2284 3388 2502 3443 transit.
2537 3385 2785 3452 Quorum
2812 3398 2947 3437 vero
2988 3381 3057 3435 ad
3090 3378 3502 3433 non-exsisten—

1921 3483 2053 3547 tiam
2076 3489 2202 3550 post
2250 3480 2590 3534 creationem
2638 3476 2708 3530 ab
2753 3474 3074 3529 exsistentia
3143 3487 3255 3525 non
3304 3469 3503 3523 transit

1919 3571 2231 3627 essentialis
2257 3569 2551 3631 exstantia,
2588 3581 2784 3622 eorum
2816 3564 3067 3618 rationes
3116 3561 3343 3616 stabiles
3369 3563 3498 3614 sunt

1921 3670 2086 3733 atque
2136 3661 2326 3725 ﬁrmae,
2357 3659 2583 3714 unicum
2631 3657 2904 3711 habentes
2954 3651 3293 3708 exsistenliae
3344 3650 3502 3719 prin-

1921 3756 2128 3825 cipium
2171 3752 2524 3822 sapientiam,
2567 3766 2634 3805 ex
2658 3764 2767 3819 qua
2797 3757 2853 3802 et
2878 3762 2977 3816 per
3004 3760 3170 3815 quam
3202 3742 3500 3805 exsistunt,

1921 3852 1979 3900 et
2008 3860 2039 3899 a
2068 3858 2176 3914 qua
2214 3842 2476 3895 virtutem
2511 3839 2723 3893 habent
2746 3841 3068 3891 constanter
3119 3839 3181 3886 ut
3222 3845 3343 3885 esse
3371 3844 3501 3899 pos-

1922 3937 2053 3993 sint.
2101 3934 2348 4002 Quorum
2406 3948 2541 3988 vero
2601 3931 2844 3985 rationes
2902 3925 3126 3982 stabiles
3172 3932 3300 3978 sunt
3355 3919 3500 3991 apud

1921 4029 2119 4092 Deum,
2142 4034 2283 4081 ——et
2322 4024 2419 4079 Dei
2466 4039 2653 4079 rerum
2697 4028 3027 4078 cunctarum
3067 4014 3369 4072 conditoris
3400 4013 3504 4067 im-

1923 4118 2211 4173 mutabilis
2250 4125 2337 4172 est
2384 4131 2449 4170 ac
2504 4114 2662 4168 ﬁrma
2711 4114 2858 4168 circa
2904 4126 2999 4165 eas
3049 4109 3325 4171 voluntas,
3377 4120 3501 4158 eum

1924 4207 2299 4278 temporaneis
2343 4205 2443 4260 Dei
2487 4192 2744 4258 voluntas
2785 4200 3210 4268 haudquaquam
3251 4209 3502 4264 compre-

1924 4301 2094 4355 hensa
2145 4306 2233 4352 est
2284 4296 2583 4359 limitibus,
2626 4308 2807 4362 neque
2841 4290 3203 4345 mutationem
3245 4303 3311 4341 ex
3346 4285 3507 4339 vicis-

1925 4389 2169 4445 situdine
2215 4387 2478 4452 admittit,
2526 4399 2803 4441 una'cum
2861 4379 3126 4452 subjectis
3173 4380 3405 4441 variata,
3437 4403 3509 4414 -—

249 4469 472 4523 θέλοντα
495 4467 637 4523 εἶναι
655 4472 717 4527 τὸ
746 4473 841 4525 σὺν
870 4472 1015 4542 λόγῳ
1040 4473 1134 4525 καὶ
1180 4473 1344 4544 σοφία
1374 4472 1520 4526 κατά
1557 4474 1812 4541 πρόθεσιν

1930 4484 2130 4537 horum
2181 4480 2471 4535 manifeste
2520 4489 2578 4535 et
2627 4479 2746 4533 sine
2793 4472 3174 4532 controversia
3219 4469 3507 4525 exstantia:

248 4560 490 4632 θεληθὲν,
523 4562 618 4616 iui
648 4564 748 4616 οὐκ
774 4563 927 4617 ἔσται
957 4564 1079 4616 κατ’
1103 4565 1302 4626 αὐτοὺς
1346 4566 1379 4634 ἡ
1416 4565 1688 4635 παντελὴς
1713 4566 1820 4620 τῶν

249 4652 516 4720 σωμάτων
545 4652 681 4722 πρὸς
702 4652 749 4684 ⁸⁷
770 4652 833 4703 τὸ
859 4651 935 4724 μὴ
968 4651 1027 4705 ὃν
1063 4653 1411 4720 ἀπογένεσις,
1450 4653 1483 4724 ἤ
1519 4654 1660 4707 κατά
1688 4655 1822 4726 πρό-

248 4741 397 4794 θεσιν
452 4743 513 4794 οὑ
562 4742 909 4813 narratam",
953 4744 1048 4797 καὶ
1086 4745 1160 4815 μὴ
1222 4744 1392 4797 θέλων
1441 4746 1813 4817 ὲτυραννήθη,

248 4834 391 4886 κατά
426 4834 546 4902 βίαν
599 4835 870 4904 ἀγόμενος
920 4835 1055 4905 πρὸς
1084 4836 1319 4904 γένεσιν,
1361 4830 1437 4890 ῶν
1469 4839 1597 4900 τοὺς
1626 4838 1823 4905 λόγους

249 4920 386 4989 ἔχων
432 4924 492 4976 οὐ
530 4924 818 4991 πέφανται.
873 4927 981 4977 Καὶ
1029 4926 1076 4977 εί
1118 4926 1213 4995 μὲν
1261 4926 1620 4997 τυραννηθεὶς
1669 4926 1822 4998 παρά

250 5012 511 5080 πρόθεσιν
534 5010 665 5084 ἦλθε
685 5017 729 5048 ⁹⁹
768 5016 990 5086 ποιῆσαι
1032 5016 1107 5087 μὴ
1139 5016 1309 5071 θέλων
1342 5018 1408 5070 τά
1451 5017 1700 5088 σώματα,
1733 5018 1822 5072 λό-

248 5119 345 5169 γος
374 5104 616 5177 δηλονότι
644 5109 739 5162 καί
766 5110 928 5178 σοφία
963 5110 1062 5179 τῆς
1103 5109 1311 5165 τούτων
1344 5112 1613 5179 γενέσεως
1662 5111 1823 5165 οὐδα-

253 5195 369 5263 μῶς
429 5198 798 5270 καθηγήσατο.
856 5200 929 5253 Τὸ
980 5201 1090 5271 γὰρ
1147 5203 1299 5273 παρά
1350 5203 1620 5273 πρόθεσιν
1672 5202 1821 5258 θείαν

249 5289 551 5358 γινόμενον,
580 5291 740 5360 λόγου
766 5293 862 5346 καί⁸
905 5292 1099 5360 σοφίας
1131 5293 1412 5358 παντελῶς
1441 5295 1732 5364 ὲστέρηταί
1762 5313 1823 5348 τε

1926 4573 2155 4627 interitu
2196 4579 2407 4626 carent.
2463 4570 2559 4625 Vel
2606 4568 2775 4640 igitur
2820 4565 3127 4621 secundum
3159 4560 3505 4632 propositum

1923 4664 2116 4719 volens
2151 4661 2337 4717 eﬂecit
2387 4662 2536 4715 Deus
2590 4660 2833 4714 humana
2873 4670 3128 4725 corpora,
3185 4662 3241 4707 et
3283 4658 3508 4704 manent

1922 4768 2023 4824 per
2072 4768 2201 4807 eum
2250 4752 2317 4806 ad
2368 4748 2893 4806 non-exsistcntiam
2924 4760 3151 4817 prorsus
3195 4758 3307 4797 non
3339 4739 3509 4794 decli-

1923 4844 2137 4906 nantia,
2174 4858 2301 4897 eum
2350 4858 2571 4912 semper
2605 4841 2740 4896 velit
2784 4855 2908 4895 esse
2954 4836 3103 4908 quod
3139 4850 3262 4890 cum
3295 4832 3508 4887 ratione

1924 4945 1980 4991 et
2034 4936 2305 5005 sapientia
2359 4935 2592 4989 volimm
2644 4944 2729 4988 est
2777 4931 3084 4987 secundum
3139 4924 3504 4998 propositum,

1920 5032 1978 5078 et
2012 5023 2087 5077 ita
2134 5039 2245 5077 non
2293 5023 2578 5090 continget
2625 5020 2928 5076 secundum
2977 5032 3074 5072 eos
3120 5015 3280 5085 plena
3312 5027 3511 5082 corpo-

1924 5131 2047 5169 rum
2076 5115 2141 5169 ad
2170 5114 2697 5170 non-exsistentiam
2746 5108 3107 5183 degeneratio
3142 5125 3156 5161 :
3184 5107 3269 5161 vel
3311 5119 3510 5160 secun-

1926 5206 2054 5261 dum
2096 5208 2442 5277 propositum
2474 5222 2585 5262 non
2612 5205 2818 5272 effecit,
2865 5211 2922 5259 et
2949 5217 3062 5257 non
3099 5200 3294 5255 volens
3326 5195 3506 5252 domi-

1926 5297 2209 5353 nationem
2230 5315 2428 5370 passus
2455 5309 2560 5364 est,
2594 5299 2797 5368 quippe
2822 5295 2874 5350 vi
2907 5303 3131 5350 coactus
3163 5290 3231 5346 ad
3256 5286 3505 5345 facienda

1553 5430 1788 5487 ἾΑΒΙᾸΞ
1816 5431 2109 5489 LECTION
2118 5434 2223 5491 ES.

319 5532 366 5568 θ’
386 5535 429 5607 ,ἢ
459 5537 768 5607 γενομένων
800 5554 912 5593 non
940 5540 1106 5596 habet
1131 5541 1220 5595 ed.
1251 5542 1391 5597 Gall.

1484 5544 1531 5619 ξ’
1554 5548 1660 5619 ⁵ξιαὶ
1688 5544 2042 5619 διαμένουσιν
2057 5566 2169 5603 non
2203 5548 2373 5619 habet
2403 5547 2492 5602 ed.
2523 5547 2667 5603 Gall.
2722 5549 2785 5619 _“
2810 5547 3147 5619 παρέξοντος
3176 5549 3344 5603 habet
3370 5563 3506 5619 apo-

248 5605 516 5686 gtaphum
545 5605 666 5660 cod.
708 5607 850 5662 Gud.
924 5611 971 5643 "
996 5608 1307 5698 διατέθηται
1338 5612 1428 5666 ed.
1472 5611 1610 5668 Gall.
1685 5617 1731 5647 ”
1759 5605 1933 5672 Verba
1988 5618 2045 5690 μ’
2106 5619 2234 5672 δυνα
2283 5618 2440 5681 ἐνων,
2486 5619 2581 5672 καὶ
2613 5605 3101 5681 ἀπολαύσεὼίτῶν
3128 5605 3248 5671 ἠοη
3283 5605 3473 5687 compa

251 5682 374 5726 rent
405 5691 461 5728 in
493 5676 581 5731 ed.
617 5675 756 5730 Gall.
832 5677 879 5710 ’δ
906 5679 1367 5743 ἀκμφιρῤηστως
1395 5682 1484 5736 ed.
1516 5682 1653 5738 Gall.
1730 5686 1775 5716 ⁸⁸
1801 5686 1985 5743 σαφῶς
2018 5636 2174 5743 abest
2202 5636 2281 5743 ab1
2302 5688 2393 5743 ed.
2425 5687 2562 5743 Gall.
2624 5688 2673 5721 ’⁸
2702 5688 2983 5743 ἀδιάφοροι
3008 5688 3100 5743 ed.
3134 5688 3277 5743 Gali.
3347 5688 3391 5719 "
3428 5690 3473 5738 εἰ

251 5674 581 5754 ianthinned.
616 5675 756 5754 ρειιι.
832 5677 879 5754 ξ*
906 5674 1484 5754 ἀναμφιρηρἧ-στωςεῤ,
1516 5682 1653 5754 Gall.
1730 5674 2174 5754 ⁹⁸σαφῶςάἱιοει
2202 5704 2231 5742 a

1043 5698 1367 5804 Ἠριρρηστως
1395 5698 1484 5736 ea.
1516 5698 1653 5738 uall.
1730 5698 1775 5716 "’
1801 5698 1985 5754 σαφῶς
2018 5698 2174 5744 abesl
2202 5704 2211 5742 ε

1086 5788 1099 5802 .
1140 5750 1281 5805 Gall.
1356 5752 1400 5784 ⁶⁹
1435 5747 1597 5821 ἦλθεν
1636 5754 1726 5809 ed.
1758 5753 1898 5810 Gal].
2194 5762 2211 5765 “

251 5742 341 5799 0d.
376 5743 531 5799 Gal]-
615 5746 659 5779 ’⁸
686 5747 984 5816 πεποίηκεν
1009 5742 1038 5803 é

2302 5688 2393 5743 ed.
2425 5687 2562 5744 Gal].
2624 5688 2673 5721 "
2702 5688 2983 5760 ἀδιάφοροι
3008 5688 3100 5743 ed.
3134 5688 3277 5743 Gali.
3347 5688 3391 5719 "
3428 5690 3507 5749 εἰς
