3938 6192
502 293 635 362 1331

1653 300 1715 359 S.
1758 301 2043 359 MAXIMI
2090 299 2604 365 CONFESSORIS

3564 305 3667 399 ιν

499 404 564 466 ea
596 420 833 477 quorum
886 406 1129 463 rationes
1173 406 1381 463 habere
1416 410 1530 462 utin
1558 408 1710 464 visus
1751 419 1857 490 est.
1910 409 1989 464 Ae
2027 411 2071 465 si

2179 411 2271 462 καὶ
2303 408 2680 480 ἠλλοτρίωται.
2712 408 2786 462 Τὸ
2812 408 2868 463 δὲ
2916 409 3076 479 λόγου
3113 412 3205 465 καὶ
3245 414 3430 482 σοφίας
3457 419 3676 484 παντελῶς

497 502 723 573 quidem
789 499 1226 556 dominationem
1278 516 1475 573 passus
1520 510 1713 557 eontra
1768 501 2074 557 voluntatis

494 593 841 664 propositum
867 599 925 646 et
953 592 1167 648 invitus
1185 592 1414 651 devenit
1442 593 1512 653 ad
1542 593 1793 651 facienda
1818 608 2072 662 corpora,

491 686 604 756 jam
654 684 798 740 ratio
841 692 899 739 et
951 683 1223 754 sapientia
1277 686 1633 755 productioni
1677 685 1841 755 plane
1878 698 2075 740 eorum

492 774 670 831 facem
706 790 820 831 non
862 776 1123 846 praetulit.
1149 775 1309 844 Quod
1338 777 1486 833 enim
1522 777 1582 832 fit
1606 785 1800 832 contra
1822 776 2075 833 divinum

494 865 877 936 propositum,
924 866 1143 923 ratione
1197 877 1255 923 et
1299 868 1568 939 sapientia
1614 866 1842 923 omnino
1898 875 2072 931 caret,

495 953 569 1010 ab
622 954 802 1025 iisque
848 956 1093 1012 alienum
1137 967 1273 1014 est:
1325 965 1382 1013 at
1433 956 1581 1028 quod
1637 966 1792 1012 caret
1841 971 2075 1027 prorsus

496 1044 712 1101 ratione
759 1051 818 1101 et
863 1046 1137 1116 sapientia
1165 1046 1274 1101 hoc
1298 1046 1479 1102 solum
1527 1054 1612 1102 est
1649 1046 1875 1110 malum,
1918 1045 2076 1115 cujus

495 1136 874 1191 exsisteutiam
919 1135 1152 1191 denotat
1188 1136 1542 1202 inexstautia,
1588 1137 1747 1207 cujus
1787 1141 2073 1190 auctorem

494 1224 672 1279 Deum
694 1239 765 1279 ne
788 1224 1033 1294 cogitare
1054 1226 1280 1295 quidem
1302 1226 1465 1282 nobis
1485 1241 1729 1297 unquam
1756 1226 1811 1283 in
1831 1233 2073 1281 mentem

494 1313 706 1377 veniat,
746 1313 951 1369 nedum
977 1314 1155 1384 palam
1186 1315 1393 1380 dicere,
1425 1323 1482 1371 et
1520 1316 1829 1386 perniciose
1859 1315 2071 1371 audere

498 1402 752 1458 credere.
794 1405 867 1459 At
905 1405 1032 1474 quis
1068 1411 1258 1461 contra
1307 1406 1480 1461 Deum
1516 1407 1863 1479 tyrannidem
1908 1422 2074 1462 usur-

496 1492 730 1562 paverit,
751 1493 1026 1563 siquidem
1047 1508 1241 1563 passus
1274 1504 1359 1550 est
1380 1510 1525 1563 eam,
1555 1505 1612 1552 et
1633 1497 1715 1552 fas
1738 1505 1824 1552 est
1847 1498 2076 1551 omnino

497 1592 556 1636 ut
586 1586 713 1637 eum‘
755 1591 950 1639 contra
975 1586 1325 1654 propositum
1365 1586 1514 1656 quod
1546 1586 1730 1642 noluit
1760 1586 1957 1643 fecisse
1990 1587 2075 1641 di-

401 1680 404 1683 ‘
496 1674 727 1728 eamus?
776 1674 847 1729 Et
892 1675 1171 1744 quomodo
1207 1678 1303 1743 qui
1347 1678 1693 1749 tyrannidem
1742 1694 1943 1749 passus
1989 1688 2075 1734 est

2177 501 2546 572 ἐστερημένον
2594 501 2755 572 μόνον
2779 501 2896 555 ἐστὶ
2939 504 3001 556 τὸ
3030 505 3218 569 κακὸν,
3266 501 3328 560 οὗ
3359 506 3418 559 τὸ
3456 504 3577 562 εἶναι
3600 529 3689 581 χιι-ι

2179 591 2502 663 ρακτηρίζει
2523 594 2556 661 ἡ
2593 592 2927 663 ἀνυπαρξία,
2954 588 3162 658 οὗτινος
3198 597 3422 668 ποιητὴν
3465 599 3546 653 τὸν
3579 602 3678 657 θεὸν

2178 682 2314 752 μήτε
2340 682 2542 735 ἐννοεῖν
2568 682 2701 751 ἡμῖν
2722 682 2933 750 γένοιτο
2955 681 3193 748 πώποτε,
3226 688 3417 757 μήτιγε
3435 687 3494 758 δὴ
3513 688 3679 756 ’λέγειν

2174 772 2501 842 ἀναφανδὸν,
2530 772 2628 827 καὶ
2648 772 2931 827 πιστεύειν
2949 774 3212 845 ὀλεθρίως
3244 774 3461 847 τολμᾷν.
3492 777 3574 842 Τίς
3595 779 3680 834 δὶό

2175 863 2518 933 τυραννήσας
2566 862 2659 917 τὸν
2704 862 2865 929 Θεὸν,
2922 865 3084 936 ειπερ
3138 866 3536 938 τετυράννηται,
3579 870 3679 922 καὶ⁹

2176 953 2333 1024 θέμις
2385 954 2522 1019 ὅλως
2576 955 2754 1008 εἰπεῖν
2803 955 3030 1026 ποιῆσαι
3087 956 3241 1028 παρά
3287 957 3528 1027 πρόθεσιν
3558 958 3586 1016 ὃ
3624 959 3681 1031 μὴ

2177 1043 2537 1115 βεϐούληταις
2568 1046 2679 1099 Καὶ
2703 1044 2820 1109 πῶς
2848 1048 2878 1100 ὀ
2903 1047 3259 1118 τυραννηθείς
3284 1048 3395 1101 ἐστι
3412 1048 3547 1112 Θεὸς,
3580 1049 3681 1119 api;

2174 1134 2422 1204 ἀνάγκης
2441 1133 2873 1206 ὑφιστῶν-παρὰ
2922 1136 3183 1205 πρόθεσιν
3205 1136 3297 1188 ἐπ’
3314 1136 3336 1168 ³
3362 1135 3582 1208 ἀπωλείᾳ
3611 1136 3680 1205 γί-

2174 1239 2324 1276 νεσιν
2345 1223 2722 1294 πραγμάτων;
2745 1225 2808 1278 Οί
2835 1224 3040 1296 ταύτην
3075 1226 3427 1295 περιέποντες
3449 1227 3539 1298 τὴν
3558 1226 3680 1292 δόξαν

2175 1313 2353 1382 λέγειν
2384 1308 2764 1385 τολμάτωσαν.
2799 1318 2869 1370 Ἢ
2900 1317 3011 1388 γὰρ
3036 1316 3105 1370 ἂν
3141 1318 3236 1372 τὸν
3270 1316 3399 1370 Θεὸν
3423 1318 3573 1370 ταῦτα
3597 1334 3675 1370 πε-

2176 1405 2466 1475 ποιηκέναι
2501 1406 2680 1474 φαῖεν,
2730 1407 2828 1458 καὶ
2877 1406 2947 1459 τὰ
2982 1405 3219 1476 μέγιστα
3271 1408 3677 1479 βλασφημήσαιεν,

2175 1492 2456 1563 ἀνάγκηνδ
2498 1495 2792 1563 ἐπάγοντες
2848 1494 2935 1565 τῷ
2984 1493 3151 1565 Θεῷ⁸
3198 1495 3418 1563 ποιῆσαί
3478 1512 3524 1547 τι
3563 1497 3677 1563 περὶ

2177 1584 2435 1658 πρόθεσιν
2456 1601 2471 1616 ·
2503 1582 2536 1655 ἢ
2571 1585 2646 1656 μὴ
2687 1585 2871 1656 (232
2900 1588 2952 1655 b)
2974 1585 3355 1654 πεποιηκέναι,
3378 1586 3467 1640 καὶ
3484 1586 3535 1651 ἐξ
3558 1584 3680 1652 ἀνάγ-

2177 1688 2282 1745 κης
2309 1673 2475 1745 ἀλλην
2496 1675 2671 1749 ἀρχὴν
2700 1675 3056 1746 Μανιχαῖκῶς
3074 1676 3096 1707 ⁶
3125 1674 3230 1746 τὴν
3272 1674 3440 1728 ταῦτα
3470 1673 3678 1726 ποιοῦσαν

496 1764 645 1818 Deus
691 1764 823 1829 erit,
868 1779 936 1819 ex
997 1766 1331 1821 necessitate
1372 1744 1438 1824 vet
1482 1777 1678 1824 contra
1725 1744 2071 1839 propositum

2173 1744 2486 1832 εῒσάγοντες
2512 1744 2956 1833 φωραθήσονται.
3001 1744 3271 1829 Πάντως⁷
3309 1764 3416 1836 γὰρ
3460 1764 3570 1818 ἴδιόν
3594 1766 3678 1817 ἐστι

498 1854 850 1908 constituens
884 1854 942 1908 in
975 1855 1266 1913 interitum
1301 1874 1487 1913 rerum
1513 1857 1935 1915 conditionem?
1965 1857 2071 1924 Qui

2173 1854 2281 1909 τῶν
2304 1854 2401 1908 δύο
2448 1855 2624 1926 ἀρχὰς
2656 1856 2916 1928 ἀλλήλαις
2972 1857 3504 1929 ἀντιπαρεξαγόντων
3528 1857 3580 1908 τὸ
3608 1858 3679 1925 τῆς

496 1943 817 2013 huiusmodi
844 1945 1170 2013 opinionem
1188 1954 1436 2014 tuentur,
1460 1949 1649 2004 dicere
1669 1948 1933 2004 audente.
1965 1950 2071 2003 Aut

2174 1946 2571 2016 προϋπάρξεωξ
2609 1945 2810 2016 δόγμα.
2844 1945 2953 2009 Οὓς
3003 1947 3190 2017 χάριτι
3240 1946 3376 2000 Θεοῦ
3422 1944 3509 1999 τοῦ
3550 1962 3678 1998 παντ-

496 2032 645 2086 enim
680 2034 854 2087 Deum
904 2034 1021 2088 haec
1048 2034 1250 2092 fecisse
1281 2037 1551 2105 dicerent,
1595 2048 1651 2094 et
1694 2040 2071 2110 gravissimam

2174 2035 2469 2105 ελεημονος
2519 2035 2549 2088 ό
2579 2034 2749 2105 βαθὺς
2785 2036 2885 2104 τῆς
2920 2036 3186 2104 ἀφανείας
3225 2035 3387 2104 ζόφος
3434 2032 3681 2104 περιλαδὼν

495 2123 892 2194 blasphemiam
925 2125 1306 2195 admitterent,
1342 2131 1727 2186 necessitatem
1753 2132 1865 2186 Deo
1904 2131 2070 2186 indu-

2174 2126 2255 2188 είς
2286 2123 2501 2177 τελείαν
2541 2123 2792 2193 ἀπήλασε
2821 2123 3016 2196 λήθην,
3045 2123 3107 2177 τὸ
3137 2124 3343 2194 φέγγος
3385 2124 3479 2195 τῆς
3520 2139 3680 2193 x1399:-

385 2208 395 2217 ’
497 2214 694 2271 centes
736 2223 997 2285 tanquam
1023 2217 1239 2288 aliquid
1284 2219 1508 2276 fecisset
1550 2231 1747 2277 contra
1772 2222 2071 2279 voluntatis

2178 2215 2414 2286 τομένης
2445 2213 2551 2267 ὑπὸ
2599 2214 2711 2267 τῶν
2740 2213 2912 2283 ἁγίων
2950 2216 3213 2288 Πατέρων
3258 2213 3457 2287 ήμῶν⁸
3481 2212 3681 2282 ἀληθείας

493 2303 873 2372 propositum:
898 2313 993 2360 aut
1014 2319 1127 2360 non
1155 2304 1352 2362 fecisse
1376 2307 1645 2373 dicerent,
1679 2316 1735 2364 et
1762 2307 2076 2363 necessario
2180 2305 2243 2359 οὐ
2272 2304 2559 2377 φέροντας.

494 2392 647 2448 aliud
684 2395 1024 2466 principium
1058 2397 1117 2452 in
1162 2398 1391 2453 modum
1438 2399 1884 2463 Manichaeorum,
1950 2397 2098 2468 quod
2136 2397 2330 2452 fecerit
2366 2396 2494 2463 hoc,
2546 2397 2902 2454 introducere
2932 2399 3436 2469 deprehendentur.
3473 2400 3588 2455 Nam
3611 2412 3679 2467 pe-

496 2487 726 2542 culiaris
750 2497 836 2543 est
862 2490 1091 2545 omnino
1128 2505 1324 2553 eorum
1357 2493 1454 2562 qui
1512 2492 1624 2548 duo
1685 2491 1963 2551 contraria
1996 2490 2272 2561 principia
2317 2489 2460 2544 inter
2529 2504 2589 2544 se
2634 2492 2991 2547 committunt
3036 2492 3482 2560 pmeisistentize
3521 2488 3681 2559 opinio.

499 2576 654 2644 Quos
714 2579 809 2635 Dei
852 2582 1029 2652 gratia
1069 2583 1575 2639 misericordissimi
1633 2584 1908 2656 profunda
1971 2581 2288 2640 exterminii
2345 2581 2522 2652 caligo
2564 2582 2809 2638 obruens
2854 2584 2909 2637 iu
2972 2584 3196 2652 plenam
3252 2582 3563 2640 oblivionem
3613 2582 3683 2634 dc-

496 2669 683 2744 trusjt,
706 2685 829 2725 cum
846 2670 1195 2740 splendorem
1217 2673 1526 2743 pmdicatse
1544 2690 1575 2730 a
1595 2676 1847 2746 patribus
1861 2674 2070 2731 nostris
2102 2670 2356 2729 veritatis
2403 2671 2551 2755 fer‘re
2595 2685 2707 2726 non
2759 2682 3003 2741 possent.

571 2759 743 2813 Miror
775 2769 961 2815 autem
1006 2763 1287 2832 quomodo
1332 2765 1478 2829 illos,
1514 2772 1578 2820 ut
1610 2775 1808 2822 caetera
1858 2766 2069 2822 interea

2242 2760 2517 2834 Θαυμάζω
2533 2762 2591 2816 δὲ
2617 2762 2737 2827 πῶς
2754 2764 2985 2831 αὐτοὺς,
3006 2764 3095 2820 ἵνα
3116 2765 3440 2838 παραλείψω
3458 2765 3479 2796 ⁹
3502 2762 3583 2817 νῦν
3608 2763 3682 2815 ὅσα

496 2850 750 2906 omittam
796 2852 971 2906 multa
1020 2868 1145 2923 qua:
1190 2853 1301 2909 dici
1356 2866 1604 2926 possent,
1645 2873 1716 2912 ne
1763 2857 2071 2913 orationem

2178 2853 2408 2923 ῥηθῆναι
2433 2851 2657 2905 δυνατόν
2678 2853 2815 2916 εστι,
2834 2853 2923 2908 διὰ
2948 2853 3047 2924 τὴν
3070 2856 3420 2926 συμμετρίαν
3437 2851 3523 2906 τοῦ
3541 2851 3684 2918 λόγου,

497 2954 679 2995 meam
707 2939 921 2995 diutius
944 2942 1297 3011 protraham,
1319 2959 1512 2999 verum
1537 2945 1741 3005 Christi
1768 2946 1865 3003 Dei
1895 2947 2070 3003 nostri

2174 2944 2236 2997 τὺ
2270 2943 2412 2997 κατὰ
2441 2941 2676 3013 Χριστὸν
2703 2942 2796 2997 τὸν
2826 2943 3077 3014 ἀληθινὸν
3107 2945 3245 2999 Θεὸν
3277 2945 3435 3016 ἡμῶν
3455 2946 3495 2977 ¹⁶
3522 2943 3683 3012 puni)-

496 3027 822 3097 mysterium
870 3036 1138 3098 provocet
1180 3030 1251 3087 ad
1291 3032 1674 3088 excutiendam
1721 3042 1972 3104 prompte
2004 3050 2071 3089 ex

2176 3052 2309 3106 ριον,
2360 3034 2422 3089 οὑ
2452 3034 2691 3088 δυσωπεῖ
2733 3035 2937 3105 ταύτην
2971 3035 3277 3107 προθύμως
3301 3036 3500 3090 ἑαυτῶν
3519 3033 3687 3088 ἐκτινέ-

497 3117 687 3172 animo
717 3132 820 3171 suo
845 3117 1163 3187 hujusmodi
1193 3123 1543 3177 sententiam.
1570 3122 1628 3178 Si
1652 3125 1898 3179 omnium
1920 3125 2071 3180 enim

2176 3124 2368 3191 ξασθαι
2385 3124 2485 3197 τὴν
2506 3124 2687 3190 δόξαν.
2715 3126 2778 3180 El
2803 3126 2912 3197 γὰρ
2937 3126 3158 3181 πάντων
3210 3129 3326 3182 τῶν
3351 3128 3497 3182 θείων
3528 3141 3685 3195 μυστη-

496 3208 888 3277 mysteriorum
906 3210 1221 3268 divinorum
1243 3213 1784 3284 mysteriosissimum
1802 3225 1888 3270 est
1908 3214 2071 3271 Chri-

2175 3217 2306 3291 ρίων
2361 3216 2897 3288 μυστηριωδέστερον
2943 3218 3005 3272 τὸ
3048 3217 3470 3301 κατάνΧριστδν
3503 3217 3689 3287 ὑπάρχει

496 3297 594 3363 sti,
613 3297 761 3368 quod
786 3300 1145 3381 ntiqueomni
1170 3304 1473 3359 secundum
1489 3320 1709 3362 omnem
1728 3306 2069 3363 intellectum

2176 3310 2496 3381 μυστήριον,
2542 3308 2637 3363 καὶ
2678 3309 2862 3379 πάσης
2885 3309 2989 3380 τῆς
3030 3312 3175 3364 κατά
3206 3297 3393 3367 πᾶσαν
3436 3311 3618 3364 ἔννοιαν
3648 3308 3691 3357 ὲν

495 3389 586 3444 vel
608 3391 893 3447 exsistenti
921 3380 1005 3449 vel
1026 3395 1312 3451 exstiturae
1347 3395 1673 3466 perfectioni
1725 3398 1932 3455 limites
1964 3400 2069 3453 im-

495 3480 675 3548 ponit,
698 3481 958 3553 quodque
1000 3485 1248 3540 omnium
1294 3485 1531 3541 limitum
1566 3502 1631 3543 ac
1675 3488 1866 3543 finium
1908 3504 2068 3559 repa-

497 3571 625 3640 gula
667 3573 1105 3644 supergreditur,
1146 3576 1254 3631 hoc
1290 3591 1420 3631 vero
1458 3578 1785 3648 mysterium
1823 3594 1949 3634 cum
1981 3579 2071 3635 in-

498 3668 725 3719 carnato
773 3677 839 3717 ac
870 3663 1114 3732 perfecte
1147 3665 1370 3721 homine
1407 3666 1506 3722 Dei
1556 3668 1738 3724 Verbo
1771 3679 1828 3726 et
1865 3686 1988 3728 esse
2013 3680 2072 3727 et

496 3752 761 3806 exsistere
783 3767 987 3823 corpus
1017 3754 1179 3811 docet
1202 3756 1271 3812 de
1288 3767 1477 3812 nostra
1511 3774 1678 3815 carne
1715 3759 2070 3833 desumptum

498 3848 665 3910 atque
706 3842 870 3898 nobis
922 3847 1306 3913 coessentiale,
1360 3847 1578 3903 unitum
1612 3849 1717 3919 ipsi
1766 3853 2071 3909 secundum

498 3931 885 3999 substantiam,
913 3948 1038 3988 cum
1064 3951 1177 4005 quo
1208 3945 1266 3991 et
1287 3949 1603 4007 assumptus
1626 3947 1710 3996 est
1744 3942 1801 3996 in
1830 3942 2067 4010 cmlosi,

497 4039 662 4092 supra
693 4040 900 4077 omnem
925 4025 1285 4096 principatum
1326 4037 1374 4081 et
1403 4037 1714 4098 potestatem
1746 4042 1795 4086 et
1827 4036 2071 4090 uirtutem

498 4128 790 4183 nomenque
818 4112 1165 4184 quodcunque
1203 4117 1532 4189 nominatur,
1574 4135 1680 4173 non
1705 4120 1858 4174 modo
1885 4122 1940 4175 in
1976 4125 2072 4176 hoc

496 4199 710 4267 arcula,
741 4204 833 4256 sed
854 4204 1013 4258 etiam
1034 4206 1088 4259 in
1112 4206 1289 4276 futuro
1317 4206 1368 4274 ιι,
1399 4217 1566 4279 atque
1599 4224 1725 4265 cum
1757 4211 1868 4268 Deo
1905 4222 2071 4283 atque

2172 3402 2339 3456 πᾶσιν
2365 3400 2398 3472 ἢ
2420 3399 2589 3471 οὔσης
2611 3401 2644 3471 ἢ
2668 3400 3048 3472 γενησομένης
3077 3399 3425 3473 τελειότητος
3449 3395 3689 3471 όριστικὺν,

2172 3492 2267 3545 καὶ
2301 3491 2501 3556 παντὸς
2531 3491 2657 3563 ὅρου
2691 3491 2786 3545 καὶ
2833 3490 3073 3561 πέρατος
3101 3492 3366 3563 ὑπεράνω
3413 3490 3689 3558 καθέστηκε,

2172 3582 2331 3636 τοῦτο
2361 3581 2419 3635 δὲ
2450 3581 2512 3636 τὸ
2537 3583 2837 3652 μυστήριον
2867 3582 3010 3652 μετὰ
3043 3582 3138 3636 τοῦ
3173 3584 3216 3615 ¹¹
3251 3582 3606 3655 σαρκωθέντος
3624 3576 3692 3628 καὶ

2171 3672 2395 3735 τελείως
2428 3671 2956 3743 ἐνανθρωπήσαντος
3002 3673 3139 3726 Θεοῦ
3187 3674 3365 3742 Λόγου
3398 3669 3527 3726 εἷναί
3553 3687 3604 3723 τε
3624 3667 3692 3720 καὶ

2173 3761 2445 3831 ὑπάρχειν
2472 3760 2717 3816 διδάσκει
2749 3762 2810 3814 τὸ
2840 3761 3003 3832 σῶμα
3027 3763 3089 3815 τὸ
3129 3762 3191 3825 ἐξ
3216 3765 3378 3834 ἡμῶν
3404 3760 3588 3832 ληφθὲν
3624 3755 3692 3809 καὶ

2170 3852 2304 3922 ἡμῖν
2334 3849 2621 3919 όμοούσιον
2644 3889 2658 3912 ,
2715 3850 2995 3921 ἡνωμένον
3047 3852 3199 3923 αὐτῷ
3246 3853 3374 3907 καθ’
3422 3852 3691 3905 ὑπόστασιν.

2175 3941 2293 4011 μεθ’
2313 3935 2376 3997 οὗ
2408 3943 2502 3994 καὶ
2522 3940 2794 4012 ἀνελήφθη
2823 3943 2904 4006 είς
2924 3943 3212 4014 οὐρανοὺς,
3240 3944 3515 4012 ὑπεράνω
3533 3939 3691 3999 πάσης

2170 4030 2367 4101 ἀρχῆς
2386 4030 2481 4084 καί
2499 4030 2786 4097 ἐξουσίας
2816 4033 2914 4087 καὶ
2937 4032 3248 4102 δυνάμεως
3274 4034 3374 4089 καὶ
3401 4032 3695 4100 κυριότητος

2173 4123 2271 4176 καὶ
2323 4121 2545 4184 παντὸς
2576 4122 2872 4191 ὀνόματος
2917 4122 3377 4193 ὀνομαζομένου,
3430 4126 3498 4177 οὐ
3542 4121 3695 4189 μόνον

2172 4214 2243 4269 έν
2272 4213 2354 4281 τῷ
2385 4212 2552 4285 altum
2583 4214 2803 4282 τούτῳ,
2856 4215 3018 4270 ἀλλὰ
3070 4215 3170 4268 καὶ
3200 4216 3272 4269 ὲν
3314 4215 3395 4281 τῷ
3433 4211 3693 4285 μέλλοντι.

445 4304 452 4317 ‘
496 4293 662 4348 Patre
683 4309 835 4349 nunc
863 4305 920 4350 et
943 4311 1043 4365 per
1066 4297 1419 4356 interminata
1439 4301 1641 4358 sacula
1669 4302 1846 4368 sedet,
1877 4320 2070 4362 omnes

2173 4306 2267 4360 καὶ
2292 4303 2371 4376 τῷ
2388 4304 2506 4375 Θεῷ
2536 4304 2632 4359 καὶ
2654 4305 2830 4375 Πατρὶ
2853 4303 2949 4358 νῦν
2989 4322 3049 4359 τε
3088 4306 3185 4359 καὶ
3209 4307 3292 4368 εἰς
3319 4306 3444 4367 τοὺς
3481 4299 3694 4370 ἀπείρους

498 4392 873 4456 transgressus
907 4388 1077 4444 cmlos
1103 4397 1162 4444 et
1200 4393 1457 4461 superior
1492 4392 1754 4449 omnibus
1782 4394 1978 4458 factus,
2013 4408 2070 4454 et

497 4489 694 4532 rursus
732 4478 941 4543 veniet,
973 4487 1033 4533 ut
1064 4479 1328 4538 reformet
1355 4494 1521 4555 atque
1552 4485 1826 4541 instauret
1850 4487 2071 4542 univer—

497 4582 639 4631 sum,
683 4575 1011 4640 nostrasque
1052 4573 1262 4630 animas
1285 4576 1462 4631 salvas
1494 4576 1691 4632 reddat
1726 4586 1783 4632 et
1814 4592 2067 4648 corpora,

500 4657 646 4712 sicut
687 4660 1036 4719 credidimus
1058 4673 1114 4719 et
1150 4665 1428 4724 credimus
1478 4683 1804 4739 semperque
1856 4670 2067 4725 utinam

496 4747 727 4805 credere
752 4767 1211 4823 perseveremus,
1233 4788 1304 4798 —
1327 4759 1453 4828 quis
1479 4767 1592 4812 tam
1624 4769 1710 4814 est
1739 4761 2067 4816 temerarius

495 4845 660 4908 atque
691 4840 895 4909 audax,
948 4846 1237 4917 solumque
1278 4848 1595 4917 petulanter
1636 4848 1901 4906 adversus
1932 4867 2065 4907 con-

2171 4396 2373 4456 αἰῶνας
2421 4393 2835 4463 συγκαθέζεται,
2891 4394 3100 4457 πάντας
3127 4392 3457 4466 διεληλυθὼς
3488 4390 3598 4451 τοὺς
3626 4386 3694 4438 οὗ·

2175 4487 2391 4558 ρανοὺς,
2444 4486 2544 4555 καὶ
2590 4484 2845 4556 ὑπεράνω
2873 4487 3091 4540 πάντων
3118 4486 3428 4555 γενόμενος,
3456 4480 3544 4534 καὶ
3569 4475 3695 4530 πάλιν
3794 4542 3801 4545 _

2170 4577 2452 4631 ἐλεύσεται
2474 4577 2567 4629 ἐπὶ
2590 4575 2941 4646 μεταποιήσει
2961 4593 3021 4629 τε
3045 4577 3087 4608 "
3122 4576 3217 4630 καὶ
3265 4565 3697 4645 μεταστοιχειὼσει

2170 4669 2265 4722 τοῦ
2283 4668 2485 4732 παντὸς
2507 4667 2603 4722 καὶ
2632 4669 2880 4740 σωτηρίᾳ
2902 4668 3011 4721 τῶν
3040 4667 3327 4739 ἡμετέρων
3353 4664 3535 4735 ψυχῶν
3557 4675 3607 4711 τε
3628 4656 3696 4708 καὶ

2173 4760 2461 4832 σωμάτων,
2513 4758 2696 4823 καθὼς
2725 4759 3125 4829 ὲπιστεύσαμέν
3166 4776 3226 4812 τε
3268 4758 3365 4811 καὶ
3411 4752 3693 4818 πιστεύομεκ

2168 4849 2262 4904 καὶ
2290 4852 2368 4913 είς
2388 4850 2474 4903 ἀεὶ
2503 4848 2846 4914 πιστεύοντες
2881 4848 3247 4918 διαμένοιμεν,
3275 4845 3459 4919 (233
3479 4844 3531 4912 η)
3556 4868 3617 4880 -—
3636 4835 3695 4891 τίς

494 4931 686 5001 spicua
718 4943 775 4989 et
816 4938 1108 4994 manifesta
1137 4940 1387 5011 litigandi
1413 4956 1640 5010 gnarus,
1676 4950 1737 4996 ut
1761 4943 1848 4998 vel
1874 4944 2069 4999 leviter

2173 4941 2340 5005 οὕτως
2362 4942 2403 4973 ³³
2447 4941 2719 5012 τολμηρός
2765 4942 2882 4994 ἐστι
2917 4940 3010 4993 καὶ
3062 4938 3297 5010 αὐθάδης
3320 4979 3335 5005 ,
3387 4940 3479 4991 καὶ
3507 4933 3627 5003 πρὸς
3644 4928 3695 4978 τὰ

495 5022 948 5094 cogitetcorpora
979 5027 1047 5082 ad
1071 5029 1591 5084 non-exsistentiam
1620 5046 1863 5100 unquam
1893 5040 2074 5087 trans-

497 5112 662 5179 itura,
706 5116 861 5187 juxta
905 5112 1210 5187 profectum
1259 5121 1313 5175 in
1355 5121 1406 5175 id
1443 5122 1590 5192 quod
1643 5122 1947 5191 perfectum
1987 5139 2069 5178 ρει

574 5249 792 5308 5·Μιιι·ο.
837 5272 942 5318 xw,
989 5257 1069 5309 19.
1153 5259 1174 5297 li
1210 5259 1407 5328 Ephesi.
1444 5275 1479 5319 I,
1523 5259 1609 5312 9|.
1668 5320 1683 5326 ε

2170 5034 2310 5102 δῆλά
2335 5051 2397 5087 τε
2435 5034 2530 5088 καὶ
2569 5032 2824 5102 προφανῆ
2852 5029 3116 5102 μάχεσθαι
3148 5030 3308 5099 μόνον
3353 5028 3507 5089 εἰδὼς
3530 5027 3571 5056 ¹¹⁵
3591 5037 3693 5122 τρέε

2173 5123 2372 5187 πετῶς,
2407 5122 2548 5177 ὥστε
2591 5123 2694 5176 κᾶν
2735 5121 2905 5192 ψιλῶς
2939 5120 3308 5192 ἐνθυμηθῆναι
3359 5117 3580 5190 πάροδον
3621 5117 3694 5173 τὴν

1770 5365 1999 5419 VARle
2037 5363 2329 5451 131501⁸1οΝ
2338 5364 2440 5418 ES.

578 5472 692 5547 ’δεῖ
710 5474 802 5547 ed.
827 5475 986 5547 Gail..
1022 5477 1135 5532 sed.
1169 5478 1439 5532 emendat.
1476 5479 1528 5532 in
1566 5490 1751 5534 annol.
1830 5482 1848 5511 ³
1877 5483 1924 5533 εί
1955 5480 2040 5534 ed.
2073 5479 2211 5536 Gall.
2290 5481 2308 5510 ³
2336 5479 2393 5531 ἐν
2424 5478 2512 5534 ed.
2542 5478 2679 5533 Gali.
2754 5479 2772 5508 ⁵
2798 5480 3052 5547 ἁνάγκειν
3088 5479 3177 5534 ed.
3208 5477 3345 5547 Gali.

3442 5476 3465 5507 ⁵
3487 5474 3569 5525 τὸν
3591 5464 3691 5519 Θ.ὸν

628 5543 786 5617 (1911ζ
827 5545 866 5617 _‘
895 5534 1239 5617 Μανιχαῖκῆς
1268 5548 1357 5601 ed.
1396 5548 1534 5603 Gal].
1608 5551 1626 5581 ⁷
1659 5552 1873 5604 πάντων
1905 5550 1992 5604 ed.
2030 5534 2166 5605 Gali.
2246 5548 2269 5580 ⁸
2306 5549 2459 5617 ὑμῶν
2500 5549 2586 5603 ed.
2633 5548 2770 5605 Call.
2852 5551 2873 5581 ⁸
2901 5534 3077 5602 πάντα
3114 5546 3431 5617 παραλείψω
3459 5541 3543 5597 ed.
3577 5534 3683 5612 Cf»!!-

501 5612 545 5646 ω
577 5612 730 5681 ἡμῶν
753 5614 880 5668 Θεὸν
908 5615 995 5669 ed.
1024 5612 1161 5670 Call.
1196 5612 1205 5616 ⁷
1243 5618 1281 5648 ¹¹
1324 5618 1412 5670 τοῦ
1451 5634 1557 5674 0m.
1586 5620 1672 5675 ed.
1706 5620 1841 5675 Gali.

510 5682 667 5757 μόνον
700 5684 850 5747 εἰδὼς
877 5685 961 5737 ed.
996 5685 1109 5739 Gall

1920 5623 1960 5651 ¹¹
2004 5638 2054 5672 τε
2108 5636 2217 5675 non
2250 5619 2414 5673 habet
2452 5617 2539 5674 ed.
2582 5618 2718 5673 Gali.
2798 5620 2840 5652 ³³
2867 5617 3006 5672 οὕτω
3048 5618 3134 5673 ed.

3217 5618 3303 5671 all.
3359 5603 3428 5647 ἰι
3448 5603 3691 5682 προπετάῇ
