3938 6192
303 251 453 324 1333
1525 254 1629 316 ΑΜ
1638 254 1876 318 ΒΙῧυΟ

1984 257 2041 319 Μ
2081 260 2332 321 LIBER.
3403 255 3533 319 13M

296 371 375 433 εις
406 369 470 422 τδ
499 367 573 440 μὴ
594 366 654 422 ὃν
686 366 830 435 ἕξειν
852 362 896 401 ⁸⁸
926 365 1056 449 noti
1080 364 1149 419 τά
1174 363 1426 434 σώματα,
1476 366 1618 420 κατὰ
1645 367 1747 436 τὴν
1777 368 1858 430 εἰς

1981 371 2174 426 :ntium
2231 354 2605 436 rationalium,
2653 379 2714 424 ut
2766 369 2867 438 ipsi
2913 369 3237 438 loquuntur,
3277 368 3321 422 si
3375 370 3538 423 modo

292 461 359 514 τὸ
388 459 617 521 τέλειον,
650 458 726 521 ὡς
752 456 949 510 Helva!
978 471 1133 524 φασι,
1158 454 1269 508 τῶν
1298 453 1532 522 λογικῶν
1562 454 1866 524 προκοπὴν,

1981 460 2160 515 credat
2201 461 2497 516 Dominum
2541 475 2605 515 ac
2638 460 2809 514 Deum
2844 460 3227 514 universorum
3256 472 3380 512 cum
3416 474 3541 537 cor:

296 548 390 602 τὸν
409 547 615 617 Κύριον
645 544 807 600 αὑτὸν
835 545 931 598 καὶ
960 543 1093 597 Θεὸν
1117 542 1226 596 τῶν
1252 541 1390 596 ὅλων
1432 539 1705 594 πιστεύων
1732 540 1872 611 μετά

1981 565 2103 620 pore
2141 565 2263 606 esse
2311 561 2367 607 et
2412 566 2562 606 nunc
2613 561 2670 606 et
2726 554 2780 606 in
2827 559 3175 621 perpetuum,
3225 548 3318 620 qui
3371 551 3538 604 etiam

295 637 548 707 σώματος
570 632 709 689 εἶναι
726 633 821 688 νῦν
846 651 906 688 τε
927 635 1024 687 καὶ
1051 635 1136 698 είς
1162 634 1270 697 ἀεὶ,
1285 632 1380 687 τὸν
1412 631 1508 686 ml.
1539 634 1655 695 τοῖς
1687 631 1871 695 ἀλλοις

1981 637 2092 694 aliis
2114 640 2445 710 proﬁciendi
2496 640 2810 696 facultatem
2840 641 3255 711 potentiamque
3288 639 3537 710 largitur,

294 727 394 798 τὴν
433 726 530 779 τοῦ
560 727 893 796 προκόπτειν
932 724 1192 778 δύνασθαι
1221 723 1599 795 παρεχόμενον
1615 722 1867 793 δύναμιν,

294 820 391 872 καὶ
417 814 624 881 πάντας
666 819 802 889 πρὸς
848 818 948 888 τὴν
977 816 1185 871 οἰκείαν
1225 815 1405 880 δόξαν,
1440 815 1518 878 ὡς
1551 812 1774 883 ἐφικτὸν
1801 815 1867 883 τῇ

295 910 525 981 δυνάμει
537 910 636 980 τῆς
650 908 809 963 ὲνανθ
818 909 1133 979 ρωπήσεως,
1150 906 1415 975 ὲνάγοντά
1435 922 1495 959 τε
1509 905 1605 959 καὶ
1631 918 1870 974 προσκα-

296 1001 557 1073 λούμενον
588 1001 665 1064 ὡς
692 1001 938 1073 ἀρχηγὸν
963 1002 1063 1070 τῆς
1084 999 1305 1055 πάντων
1334 997 1633 1068 σωτηρίας,
1660 994 1872 1060 καὶτὰς

298 1094 358 1146 ἐν
392 1093 541 1155 ὅλοις
568 1092 1012 1163 ἀνακαθαίροντα
1035 1093 1081 1128 ⁸⁸
1109 1091 1365 1163 κηλῖδαςς

380 1183 525 1241 Ἀλλ’
553 1184 653 1254 οὐχ
676 1183 769 1236 ὑπ’
799 1184 1027 1238 ἐκείνων
1070 1182 1148 1247 ῶς
1194 1182 1380 1237 τύπων
1428 1182 1530 1251 τῆς
1585 1180 1753 1237 αὐτοῦ
1782 1199 1871 1236 τε·

298 1274 595 1345 λειότητος,
652 1276 815 1347 είπερ
857 1276 995 1338 ὅλως
1026 1273 1187 1328 τοῦτο
1230 1274 1335 1328 κᾶν
1370 1273 1625 1343 ἐννοῆσαι
1665 1274 1872 1344 τολμή-

300 1366 539 1429 σαιεν¹⁷,
574 1366 843 1436 ἀγόμενον
890 1366 1027 1436 πρὸς
1060 1363 1323 1419 ἀπόθεσιν
1352 1363 1447 1418 τοῦ
1490 1363 1759 1435 σώματος.
1793 1365 1870 1418 Οὐ

298 1456 408 1526 γὰρ
427 1456 616 1510 ἕπεται
632 1456 770 1528 πρὸς
792 1456 1072 1510 τελείωσιν
1096 1456 1300 1519 ἀλλοις,
1328 1453 1454 1509 ηερε
1476 1454 1564 1510 διὰ
1590 1456 1873 1527 προκοπῆς

298 1546 733 1618 ὲνθεωροὺμενον
776 1546 891 1618 ἔχει
933 1546 995 1600 τὸ
1026 1546 1254 1610 τέλειον,
1283 1547 1312 1599 ὁ
1340 1546 1500 1611 μόνος
1532 1546 1678 1601 κατά
1707 1547 1872 1615 φύσιν

297 1636 632 1700 τελειότατος
685 1636 782 1690 καὶ
834 1636 1016 1705 πάσης
1046 1635 1282 1707 ποιητὴς
1334 1636 1700 1708 τελειότητος,
1746 1636 1872 1691 οὔτε

301 1728 400 1781 σὺν
441 1728 622 1790 ἄλλοις
648 1727 908 1797 ἀναμένει
940 1727 1003 1780 τὸ
1028 1727 1234 1782 τέλειον
1266 1727 1544 1793 δέξασθαι.
1570 1728 1691 1783 κατ’
1717 1728 1871 1782 οὐδὲν

300 1818 478 1871 οὐδενὶ
508 1817 616 1871 τῶν
646 1818 815 1872 ὄντων
837 1818 899 1872 τὸ
918 1817 1149 1873 σύνολον
1173 1820 1254 1883 είς
1281 1819 1345 1873 τὸ
1363 1819 1569 1874 δεῖσθαι
1586 1823 1871 1891 προκοπῆς

302 1909 567 1980 ὑπάρχων
595 1910 802 1980 ὅμοιος,
852 1909 936 1963 ἵνα
966 1910 1059 1964 καὶ
1090 1910 1251 1973 αὐτὸς
1296 1911 1417 1964 τότε
1466 1908 1561 1964 τοῦ
1622 1909 1873 1981 σώματος

302 2003 402 2070 τὴν
430 1999 591 2073 φύσιν
634 2000 928 2068 ἀπόθηται,
959 2000 1048 2055 ὅτε
1075 2002 1194 2064 τοῖς
1222 2000 1433 2066 λοιποῖς
1486 2003 1520 2073 ἡ
1574 2001 1659 2054 ἐπ’
1701 2003 1871 2072 ἀκρον

303 2072 556 2164 προκοπὴ
584 2091 682 2161 τὴν
703 2089 799 2144 τοῦ
851 2090 1100 2162 σώματος
1125 2092 1385 2149 ἀπόθεσιν
1404 2072 1660 2160 γενέσθαι
1692 2108 1873 2161 παρα-

304 2182 575 2245 σκευάζει.
632 2183 789 2238 Ἐπεὶ
836 2184 938 2236 οὐκ
980 2182 1063 2236 έτι
1119 2182 1360 2254 ἀρχηγὸς
1404 2183 1511 2237 τῶν
1551 2181 1873 2253 σωζομένων

304 2274 422 2328 ἐστὶ
437 2275 533 2327 καὶ
554 2273 764 2344 Σωτὴρ,
793 2274 870 2337 ὡς
891 2274 953 2327 τὸ
978 2274 1099 2329 καθ’
1121 2276 1267 2343 ἡμᾶς
1297 2273 1451 2337 τέλος
1477 2272 1578 2342 τῆς
1604 2272 1875 2343 τελειότηο

284 2378 396 2426 ’τος
453 2364 728 2433 μυστικῶς
775 2364 863 2432 ἐφ’
897 2364 1043 2430 ﬁrme
1074 2366 1132 2417 ὲν
1167 2362 1348 2433 ἐαυτῷ
1385 2363 1461 2434 μὴ
1518 2363 1871 2434 παραδείξας,

305 2455 420 2509 ἀλλ’
450 2452 531 2519 εἷς
575 2454 684 2509 τῶν
710 2456 1032 2525 σωζομένων
1083 2456 1180 2509 καὶ
1206 2454 1527 2525 ἀρχομένων
1557 2455 1652 2508 καὶ
1685 2454 1875 2523 δεομέ-

308 2564 416 2601 νων
465 2547 628 2602 ἀλλον
675 2547 772 2601 τοῦ
809 2548 1146 2610 δεικνύοντος
1180 2548 1223 2580 ¹⁸
1272 2550 1330 2600 ὲν
1365 2546 1542 2617 ἑαυτῷ
1564 2546 1663 2617 τὴν
1691 2548 1775 2615 ἐφ’
1810 2547 1875 2618 ἢν

310 2637 512 2700 πάντες
553 2638 606 2691 οἱ
644 2638 805 2704 λόγου
854 2638 1100 2707 φυσικῶς
1145 2637 1530 2708 μετειληφότες
1568 2635 1876 2703 ἐπείγονται

305 2726 625 2809 τελειότητα
656 2728 752 2781 καὶ
798 2728 962 2791 αὐτὸς
1006 2728 1269 2798 ὖπάρχων
1294 2728 1719 2797 ἀναφανήσεται.
1764 2728 1877 2806 ρύχ

306 2815 450 2870 οὕτω
481 2817 540 2871 δὲ
556 2816 698 2871 τοῦτ’
727 2819 859 2889 ἔχει.
890 2820 1096 2886 Πόθεν;
1148 2820 1282 2872 Οὐδὲ
1306 2821 1401 2889 τῆς
1440 2819 1619 2890 (233
1654 2821 1706 2889 ὸ)
1739 2820 1876 2889 άλη-

307 2907 460 2971 θείας
515 2908 741 2977 όάλόγος
794 2910 905 2962 τῶν
959 2909 1135 2963 ταῦτα
1176 2910 1217 2942 ³³
1265 2909 1533 2978 λεγόντων
1603 2909 1873 2979 ἀνέχεται.

320 2996 588 3067 ’Λρχηγὺν
621 2996 730 3067 γὰρ
776 2998 872 3051 καὶ
923 2998 1213 3066 τελειωτὴν
1252 2998 1351 3067 τῆς
1406 2999 1563 3069 ἡμῶν
1603 3000 1877 3070 σωτηρίας

308 3088 473 3142 αὐτόν
497 3105 658 3160 φησιν
687 3092 716 3143 ό
746 3090 890 3154 θεῖος
941 3090 1289 3157 Ἀπόστολος,
1313 3090 1389 3153 ὡς
1417 3090 1768 3159 σαρκωθέντα
1808 3091 1877 3145 δι’

311 3179 460 3247 ἡμᾶς
494 3176 582 3231 ἵνα
613 3177 713 3250 τὴν
741 3178 897 3248 ἡμῶν
930 3180 1208 3250 ἁμαρτίαν
1254 3181 1312 3234 ὲν
1350 3179 1528 3251 ἑαυτῷ
1567 3180 1873 3254 δαπανήσῃ,

312 3269 406 3322 καὶ
436 3268 533 3340 τῆς
559 3271 679 3324 κατ’
712 3269 914 3340 ἀρετὴν
946 3270 1170 3341 ἀγωγῆς
1207 3270 1400 3325 ἑαυτὸν
1431 3273 1567 3325 πᾶσι
1594 3270 1671 3336 δῶ
1710 3270 1880 3327 τύπον

312 3362 404 3416 καὶ
425 3362 769 3433 πρόγραμμα·
812 3363 923 3424 τοῖς
959 3361 1303 3416 πιστεύουσιν
1329 3364 1410 3426 είς
1438 3363 1599 3416 αὑτὸν
1623 3402 1638 3427 ,
1671 3363 1747 3427 ὡς
1778 3364 1830 3417 δι
1849 3393 1864 3404 -

316 3449 585 3513 δάσκαλος
614 3452 815 3519 ἀγαθός
853 3469 912 3504 τε
944 3452 1038 3506 καὶ
1062 3455 1108 3485 ³⁸
1159 3453 1344 3521 σοφὸς,
1372 3453 1440 3507 τά
1483 3453 1653 3525 ῥητέα
1690 3454 1786 3508 καὶ
1810 3454 1881 3508 τά

313 3542 562 3614 πρακτέα
607 3542 743 3612 πρὸς
773 3542 1131 3597 ὑποτύπωσιν
1167 3543 1323 3614 ήμῶν
1347 3544 1414 3597 δι’
1443 3543 1638 3598 ἑαυτοῦ
1685 3544 1883 3616 πρότε-

315 3651 406 3705 ρον
445 3634 789 3697 ὲκτελοῦντα,
851 3634 1189 3689 ἀποθανόντα
1237 3637 1331 3688 καὶ
1349 3637 1391 3667 ἰ
1434 3635 1740 3690 ἀναστάντα
1788 3636 1883 3689 καὶ

312 3724 691 3797 ἀναληφθέντα
745 3726 825 3791 είς
877 3726 1163 3795 οὐρανοὺς,
1223 3726 1317 3779 καὶ
1363 3725 1695 3779 καθεσθέντα
1745 3727 1883 3798 μετά

314 3817 408 3873 τοῦ
447 3817 701 3888 σώματος
750 3819 814 3872 ἐκ
860 3817 1053 3886 δεξιῶν
1082 3817 1176 3871 τοῦ
1224 3817 1359 3871 Θεοῦ
1408 3819 1500 3872 καὶ
1531 3819 1764 3890 Πατρὸς,
1796 3820 1882 3876 ἵνα

313 3911 410 3964 καὶ⁸
443 3912 606 3982 ἡμεῖς
636 3910 1075 3982 ἀποθνήσκοντες
1109 3911 1341 3981 βεϐαίως
1390 3910 1701 3982 έλπίζωμεν
1750 3912 1886 3967 ἀνα-

314 4001 524 4071 στῆναι,
566 4003 662 4056 καὶ
691 4002 835 4074 ζωὴν
863 4002 1029 4073 ζῆσαι
1072 4003 1274 4066 παντὸς
1314 4004 1549 4058 θανάτου
1579 4003 1673 4058 καὶ
1702 4006 1885 4074 πάσης

314 4093 520 4165 φθορᾶς
564 4095 842 4159 παντελῶς
884 4095 1319 4168 κεχωρισμένην,
1367 4096 1461 4149 καὶ
1506 4095 1887 4165 ἀναληφθῆναι

314 4186 393 4247 εἰς
416 4185 700 4256 οὐρανοῦς,
729 4187 824 4240 καὶ
851 4185 950 4257 τὴν
981 4190 1041 4241 ὲν
1068 4187 1149 4258 τῷ
1172 4186 1291 4257 Θεῷ
1319 4187 1415 4240 καὶ
1452 4186 1628 4258 Πατρὶ
1674 4186 1762 4240 διὰ
1789 4185 1883 4239 τοῦ

316 4271 444 4326 Υἱοῦ
474 4273 637 4327 αὐτοῦ
680 4273 1058 4341 μεσιτεύοντος
1078 4275 1246 4344 τιμήν
1274 4291 1333 4327 τε
1371 4275 1464 4327 καὶ
1518 4274 1675 4341 δόξαν
1715 4273 1885 4345 λήψε-

314 4360 458 4424 σθαι,
481 4362 576 4415 καὶ
596 4362 695 4433 τὴν
718 4363 815 4417 σὺν
836 4363 984 4433 αὐτῷ
1022 4364 1301 4435 μακαρίαν
1329 4366 1420 4418 καὶ
1446 4364 1661 4418 αἰώνιον
1693 4364 1879 4435 μονὴν,
1914 4382 1956 4436 ι)

316 4446 563 4518 σώματος
592 4449 651 4503 δὲ
680 4449 805 4503 καθ’
836 4450 1029 4517 ,ὁτιοῦν
1055 4452 1100 4481 ²¹
1134 4450 1395 4507 ἀπόθεσιν
1442 4452 1516 4523 μὴ
1547 4454 1880 4524 ἐκδέχεσθαι,

309 4538 391 4590 ὅτι
424 4539 557 4609 μηδὲ
581 4541 681 4611 τῆς
716 4539 878 4609 ἁγίας
905 4541 1129 4611 Γραφῆς
1157 4544 1185 4594 ὁ
1213 4542 1372 4609 λόγος
1422 4545 1571 4614 ἡμᾶς
1609 4544 1767 4597 τοῦτο
1805 4544 1884 4597 δι-

310 4629 521 4683 δάσκει.
554 4632 707 4701 Μήτε
737 4630 843 4701 μὴν
860 4632 917 4686 ὲν
942 4629 1020 4701 τῷ
1042 4631 1270 4703 ἀρχηγῷ
1295 4634 1394 4704 τῆς
1425 4634 1696 4705 σωτηρίας
1726 4635 1884 4707 ἡμῶν

256 4762 273 4768 -
311 4717 623 4788 τεθεάμεθα
655 4719 815 4772 τοῦτο
852 4722 1349 4791 προγεγενημένον.
1384 4723 1584 4792 Ειγάρ
1622 4724 1773 4792 φίλον
1814 4720 1884 4796 ἦν

311 4806 459 4877 αὐτῷ
485 4809 579 4860 καὶ
602 4809 761 4862 τοῦτο
778 4810 1029 4879 γενέσθαι
1046 4812 1113 4876 ’⁸,
1133 4813 1347 4883 πρῶτος
1374 4813 1440 4867 ἂν
1462 4813 1621 4877 αὐτὸς
1637 4814 1694 4867 ὲν
1706 4813 1883 4885 έαυτῷ

312 4898 641 4967 προενήργει
692 4900 785 4953 καὶ
823 4901 981 4954 τοῦτο
1014 4903 1153 4972 μετά
1200 4903 1308 4956 τῶν
1333 4904 1553 4969 λοιπῶν,
1586 4899 1667 4968 οἷς
1693 4905 1882 4959 ἑαυτὸν

310 4984 377 5037 δι’
422 4986 569 5056 ἡμᾶς
603 4989 679 5051 ὡς
730 4990 1114 5063 φιλάνθρωπος
1148 4994 1371 5058 ὑποθεὶς
1400 4995 1523 5049 καθ’
1575 4997 1722 5066 ἡμᾶς
1766 4998 1882 5049 ἑτε-

312 5072 553 5145 λείωσεν,
588 5082 667 5144 είς
699 5083 761 5135 τὸ
818 5085 967 5153 ἡμᾶς
1002 5085 1142 5156 μετά
1191 5086 1299 5139 τῶν
1332 5085 1509 5141 ἄλλων
1551 5088 1630 5151 εἰς
1654 5087 1879 5141 ’δτοῦτο

312 5167 664 5233 πιστεύοντας
711 5170 978 5255 έλπίζειν.
1010 5172 1135 5236 Πῶς
1190 5173 1267 5237 δὲ,
1311 5176 1472 5245 εἴπερ
1513 5176 1881 5246 ἀνασχοίμεθκ

385 5278 402 5318 ι
439 5280 602 5338 llebr.
634 5300 691 5352 ιι,
725 5286 811 5341 l0.
894 5295 929 5317 ⁸·
962 5287 1127 5344 Marc.
1158 5304 1267 5355 xw,
1308 5289 1390 5344 l9.

1970 732 2181 801 quique
2213 748 2409 788 omnes
2442 733 2509 787 ad
2541 734 2822 804 propriam
2850 732 3099 805 gloriam,
3127 741 3392 803 quantum
3423 731 3540 786 ﬁeri

1968 829 2176 891 potest,
2203 821 2414 889 virtute
2451 823 2851 878 incarnationis
2897 822 3122 878 adducit
3166 832 3224 878 et
3254 830 3539 893 provocat,

1969 917 2032 965 ut
2070 919 2351 965 auctorem
2377 911 2574 967 salutis
2594 911 2866 976 omnium,
2907 921 2963 967 et
2986 912 3080 984 qui
3111 914 3358 969 omnium
3390 930 3542 973 ema-

1970 998 2122 1055 culet
2161 999 2396 1055 sordes?

2043 1181 2150 1238 Sed
2189 1196 2367 1252 neque
2403 1180 2473 1235 ab
2517 1181 2625 1236 illis
2677 1191 2738 1237 ut
2784 1182 3195 1252 exemplaribus
3254 1198 3370 1237 sum
3419 1200 3549 1253 pcr-

1972 1273 2253 1338 fectionis,
2297 1274 2341 1327 si
2385 1274 2608 1343 quidem
2642 1289 2870 1343 prorsus
2907 1274 3012 1329 hoc
3061 1275 3144 1328 vel
3176 1275 3413 1345 cogitare
3444 1292 3542 1328 au-

1973 1367 2160 1430 deant,
2203 1360 2487 1421 indueitur
2541 1366 2608 1420 ad
2649 1367 2900 1436 corporis
2953 1367 3381 1436 depositionem.
3424 1368 3543 1421 Non

1971 1455 2120 1510 enim
2154 1455 2274 1511 aliis
2323 1456 2655 1525 obsequitur
2704 1453 3063 1524 perfectionis
3113 1456 3309 1523 gratia,
3364 1471 3563 1529 neque,

1973 1560 2073 1615 per
2125 1546 2433 1615 profectum
2472 1545 2605 1616 quid
2637 1545 2709 1599 sit
2741 1544 3050 1615 perfectum
3109 1545 3378 1615 agnoscit,
3431 1545 3547 1615 ipse

1973 1636 2066 1704 qui
2088 1636 2240 1690 solus
2264 1643 2463 1691 natura
2482 1643 2569 1693 est
2607 1634 3049 1704 perfectissimus
3096 1620 3386 1704 omnisque
3420 1652 3549 1705 per-

1894 1701 1952 1807 .B
1976 1701 2232 1782 fectionis
2269 1736 2484 1791 auctor,
2536 1701 2715 1795 neque
2760 1741 2885 1781 cum
2935 1726 3058 1779 aliis
3094 1701 3447 1796 pra-stolatas
3490 1736 3547 1780 ut

1977 1819 2123 1888 quod
2149 1818 2455 1887 perfectum
2479 1828 2562 1873 est
2590 1818 2839 1887 recipiat,
2863 1817 3178 1873 nullatenus
3200 1818 3359 1882 nulli,
3384 1828 3547 1887 quot-

1978 1919 2114 1979 quot
2147 1909 2445 1974 exsistunt,
2483 1909 2680 1964 similis
2715 1910 2986 1963 exsistens
3038 1908 3093 1962 in
3124 1924 3191 1963 eo
3220 1909 3365 1979 quod
3403 1909 3547 1963 indi-

1978 2010 2103 2071 geat
2146 2001 2418 2071 profectu,
2465 2010 2527 2055 ut
2586 2009 2642 2055 et
2694 2001 2810 2071 ipse
2849 2013 2968 2056 tum
3014 2002 3264 2071 corporis
3298 2009 3549 2055 naturam

1979 2090 2243 2161 deponat,
2296 2091 2521 2161 quando
2551 2092 2783 2161 reliquis
2824 2106 3075 2147 summus
3119 2092 3400 2161 profectus
3430 2108 3551 2147 cor-

1980 2185 2133 2254 poris
2177 2183 2582 2255 depositionem
2632 2185 2913 2243 conciliet.
2941 2184 3226 2255 Siquidem
3258 2186 3402 2240 baud
3436 2202 3551 2240 am-

1980 2276 2126 2345 plius
2155 2276 2266 2331 dux
2309 2284 2367 2332 et
2401 2276 2654 2348 Salvator
2684 2292 2876 2331 eorum
2925 2276 3019 2347 qui
3071 2277 3354 2332 salvantur
3380 2287 3545 2339 esset,

1980 2366 2181 2436 quippe
2218 2366 2312 2435 qui
2353 2365 2517 2420 ﬁnem
2562 2365 2921 2435 perfectionis
2949 2373 3200 2420 nostrum
3231 2365 3460 2435 mystice
3494 2365 3547 2417 in

1970 2456 2279 2526 semetipso
2321 2457 2490 2511 semel
2528 2472 2640 2510 non
2686 2455 3013 2516 ostenderit,
3062 2455 3158 2509 sed
3190 2469 3380 2509 eorum
3406 2469 3551 2507 unus

1980 2546 2147 2601 etiam
2180 2546 2299 2615 ipse
2347 2555 2610 2602 cernetur
2641 2547 2738 2615 qui
2770 2548 3056 2601 salvantur
3109 2554 3167 2600 et
3215 2545 3283 2599 ab
3314 2545 3423 2598 alio
3466 2558 3555 2597 re-

1982 2643 2214 2704 guntur,
2263 2636 2474 2713 quique.
2521 2636 2770 2706 indigent
2818 2635 2991 2690 altero
3040 2634 3135 2703 qui
3194 2633 3452 2687 ostendat
3493 2636 3547 2686 iu

1984 2727 2167 2797 seipso
2204 2727 2602 2797 perfectionem
2634 2728 2794 2782 istam
2821 2725 2890 2780 ad
2924 2740 3088 2795 quam
3121 2740 3313 2779 omnes
3338 2725 3432 2793 qui
3468 2739 3552 2777 ra.

1987 2815 2155 2870 tionis
2195 2823 2391 2870 natura
2422 2824 2552 2870 sunt
2584 2814 2882 2885 participes
2921 2813 3290 2869 contendunt.
3324 2814 3443 2868 Non
3479 2814 3552 2868 ita

1984 2906 2103 2960 haec
2136 2922 2226 2961 res
2267 2922 2326 2962 se
2374 2906 2562 2961 habet.
2597 2905 2701 2973 Qui
2739 2905 2926 2961 enim?
2956 2905 3069 2960 Nec
3095 2904 3344 2959 veritatis
3372 2920 3554 2959 sermo

1985 2997 2115 3052 talia
2169 2997 2418 3053 dicentes
2441 2997 2659 3052 tolerat.
2697 2997 2996 3051 Auctorem
3035 2996 3182 3050 enim
3208 3005 3263 3051 et
3295 3011 3553 3061 consulu-

1981 3098 2249 3143 matorem
2317 3084 2512 3144 salutis
2568 3096 2773 3144 nostra:
2820 3088 2999 3158 ipsum
3054 3087 3292 3158 appellat
3331 3086 3551 3141 divinus

1977 3176 2276 3248 Apostolus
2325 3175 2372 3244 ι,
2430 3187 2623 3248 utpote
2662 3178 3023 3233 ‘incarnatum
3076 3186 3300 3247 propter
3347 3193 3447 3230 nos
3494 3188 3552 3231 ut

1978 3279 2267 3339 peceatum
2315 3278 2563 3325 nostrum
2632 3270 2689 3324 in
2764 3270 2948 3340 seipso
2999 3267 3330 3334 conficeret,
3384 3282 3548 3338 seque

1982 3360 2273 3430 imaginem
2297 3361 2568 3431 pmberet
2590 3361 2847 3416 omnibus
2875 3371 3041 3430 atque
3072 3362 3351 3431 exemplar
3381 3362 3552 3418 casti-

1982 3451 2110 3505 tatis
2151 3451 2277 3505 vita:
2323 3460 2380 3505 et
2422 3451 2757 3521 integritatis
2803 3451 2871 3506 iis
2915 3451 3010 3520 qui
3048 3452 3280 3506 credant
3311 3452 3365 3505 in
3404 3467 3552 3515 eum,

1983 3549 2044 3596 ut
2103 3542 2366 3612 magister
2414 3541 2596 3597 bonus
2641 3550 2698 3596 et
2747 3542 2990 3610 sapiens,
3051 3557 3114 3596 ea
3160 3555 3282 3611 qua:
3324 3542 3556 3598 dicenda

1982 3647 2213 3703 quaeque
2258 3632 2507 3688 facienda
2539 3633 2651 3688 sint
2680 3632 2749 3688 ad
2776 3631 3221 3688 informationem
3255 3634 3555 3690 institutio-

1981 3740 2219 3794 nemque
2246 3733 2491 3780 nostram
2518 3739 2619 3793 per
2659 3725 2900 3794 seipsum
2934 3724 3091 3795 prius
3149 3724 3551 3795 perﬁcientem,

1983 3816 2313 3871 morientem
2363 3825 2529 3886 atque
2576 3825 2958 3887 resurgentem
3003 3824 3167 3886 atque
3216 3824 3553 3886 assumptum

1982 3908 2041 3962 in
2095 3908 2283 3973 ccelos,
2333 3917 2392 3963 et
2447 3907 2730 3964 sedentem
2772 3922 2900 3962 cum
2936 3922 3167 3977 corpore
3198 3906 3265 3961 ad
3307 3907 3554 3962 dextram

1983 3999 2080 4054 Dei
2110 4014 2174 4055 ac
2199 3998 2382 4054 Patris
2418 4008 2481 4065 ιη,
2515 4007 2706 4055 ut’nos
2744 4015 2965 4070 quoque
2997 4000 3299 4054 morientes
3327 3998 3556 4052 ﬁrmiter

1983 4104 2273 4159 speremus
2316 4089 2433 4144 fore
2483 4098 2543 4144 ut
2590 4076 2965 4160 resurgamur,
3004 4089 3281 4159 vitamque
3311 4088 3558 4142 vivamus

1983 4180 2165 4235 omnis
2216 4178 2410 4233 mortis
2465 4179 2755 4248 omnisque
2786 4180 3164 4248 corruptionis
3195 4195 3425 4250 prorsus
3465 4194 3557 4234 cx-

1988 4277 2221 4339 pertem,
2280 4284 2741 4339 assumamurque
2801 4270 2858 4322 in
2908 4270 3101 4334 C(elos,
3159 4286 3224 4325 ac
3276 4280 3556 4341 compotes

1987 4361 2179 4416 ﬁamus
2229 4361 2284 4414 in
2333 4361 2445 4415 Deo
2490 4369 2548 4415 et
2590 4361 2772 4425 Patre,
2828 4360 3132 4415 mediatore
3179 4361 3319 4415 Filio
3363 4361 3553 4431 ipsius,

1985 4452 2215 4507 honoris
2247 4461 2302 4507 et
2331 4452 2537 4523 gloriae.
2572 4451 2987 4522 mansionisque
3034 4452 3207 4508 beata:
3253 4460 3309 4506 et
3338 4465 3557 4508 aeterna:

1984 4558 2110 4598 cum
2156 4541 2274 4605 illo,
2325 4542 2578 4612 corporis
2618 4558 2749 4598 vero
2798 4542 3200 4613 depositionem
3247 4543 3399 4597 nullo
3435 4560 3554 4598 om-

1985 4633 2119 4687 nino
2170 4632 2336 4687 modo
2385 4624 2701 4702 patiamur,
2755 4634 3201 4703 quandoquidem
3244 4649 3423 4704 neque
3474 4635 3556 4689 di-

1984 4724 2125 4777 vina:
2155 4723 2455 4794 Scriptura:
2484 4740 2664 4778 sermo
2690 4725 2835 4780 istud
2860 4740 2960 4779 nos
2982 4725 3161 4779 docet.
3190 4723 3379 4794 Neque
3406 4726 3555 4779 enim

1989 4814 2045 4867 iu
2080 4800 2313 4882 auspice
2326 4814 2520 4868 salutis
2545 4822 2747 4869 nostra:
2767 4813 3002 4868 vidimus
3036 4813 3140 4868 hoc
3165 4822 3323 4868 antea
3351 4814 3552 4868 factum

1987 4904 2180 4959 fuisse.
2212 4903 2268 4959 Si
2301 4905 2448 4959 enim
2489 4905 2591 4975 ipsi
2621 4906 2923 4975 placuisset
2958 4914 3019 4959 ut
3054 4905 3221 4959 etiam
3245 4904 3350 4959 hoc
3377 4904 3550 4965 ﬁeret,
3650 4906 3663 4917 ’

1982 4995 2193 5065 primus
2229 4998 2420 5068 utique
2455 4999 2571 5068 ipse
2604 5000 2659 5053 in
2706 5014 2764 5053 se
2821 5006 3085 5068 operatus
3128 4996 3343 5061 fuisset,
3388 5007 3446 5051 et
3500 4996 3552 5049 id
3656 4980 3663 4991 ί

1981 5104 2105 5143 cum
2160 5090 2391 5160 reliquis
2460 5092 2665 5160 quibus
2724 5092 2970 5162 seipsum
3035 5099 3224 5160 utpote
3280 5089 3557 5159 benignus

1981 5188 2207 5249 propter
2249 5197 2351 5235 nos
2387 5182 2644 5252 subjecit,
2671 5198 2903 5252 (maeque
2955 5181 3257 5236 secundum
3299 5195 3401 5234 nos
3434 5195 3561 5248 per-

1580 5405 1813 5461 VARIIE
1853 5405 2255 5463 LECTIONES.

316 5573 329 5586 .
384 5505 428 5535 ¹⁸
444 5506 564 5587 ἧξιν
593 5507 680 5587 ed.
703 5507 865 5587 Qall..
898 5511 1295 5587 sedqmendat.
1319 5515 1373 5568 in
1397 5523 1599 5587 annpt.
1664 5516 2145 5587 'fﬁvagaﬁdpav‘ra
2174 5518 2259 5571 ed.
2281 5517 2420 5571 Gall.
2452 5585 2462 5587 4
2501 5520 2541 5549 ⁸⁷
2577 5519 2839 5587 τολμῆσαι
2865 5520 2955 5572 ed.
2988 5518 3126 5572 Gall.
3151 5517 3401 5572 Editores
3425 5531 3554 5587 con-

310 5577 928 5658 ξεογεςιιιιε-τολμήσαέςη-
971 5581 1651 5658 ⁸⁸,δειῖινύνιεοςνξόκΟᾞΙ,ΔΔ
1687 5585 1731 5658 ίέ
1753 5584 1928 5658 ταῦτα
1965 5577 2053 5658 ed.
2086 5587 2221 5658 Gall.
2252 5657 2261 5658 ί
2289 5588 2337 5658 ’ξ
2365 5585 2633 5658 Videntur
2664 5577 2777 5642 lue'c
2804 5604 2899 5658 per
2931 5598 3184 5653 quartum
3213 5603 3397 5658 casum
3419 5585 3551 5658 eﬁ‘gj—

316 5642 503 5697 renda.
524 5642 1089 5718 (EditoresGalland.)
1130 5653 1171 5684 ἰ
1197 5670 1254 5705 τε
1282 5642 1373 5706 καὶ
1412 5653 1498 5707 ed.
1540 5652 1673 5707 Call.
1721 5656 1763 5684 "
1794 5653 2081 5710 καθοτιοῦν
2108 5657 2194 5710 ed.
2226 5656 2363 5711 Gall.
2436 5657 2481 5686 ’³
2504 5656 2755 5725 λέγεσθαι
2789 5642 2876 5712 (id.
2908 5642 3045 5712 Gall.
3110 5659 3155 5689 “
3179 5656 3274 5710 καὶ
3299 5658 3388 5710 ed.
3416 5654 3555 5709 Call.
