3938 6192
261 338 377 407 1337

1472 341 1992 405 AMBIGUORUM
2027 347 2280 408 LIBER.

3350 353 3488 419 1338

255 452 376 522 λαδὴ
419 449 673 520 σώματος
721 449 885 521 φύσιν
934 449 1151 521 ἔχοντος
1179 449 1685 521 ἁναπεμπάξουσαν
1718 450 1815 505 καὶ

1924 464 2117 509 natura
2142 455 2433 525 praeditum
2472 466 2557 512 est
2588 457 2922 514 resarciente
2946 467 3003 514 et
3024 459 3227 515 virtute
3256 462 3490 531 quadam

256 544 470 615 δύναμιν
498 545 599 615 τῆς
635 543 842 607 οἰκείας
893 544 1058 608 ἕξεως
1111 542 1447 614 συστατικήν
1492 562 1554 597 τε
1587 545 1683 598 καὶ
1712 547 1810 598 ὲπ-

257 634 630 705 ανακλητικὴν,
676 634 773 688 τοῦ
819 634 877 688 δὲ
929 633 1126 705 νεκροῦ
1169 632 1330 687 τοῦτο
1364 634 1631 705 μηδαμῶς
1659 636 1812 706 ἐνερ-

258 724 485 794 γοῦντος,
528 724 675 790 ἅπαξ
701 726 1105 795 νενεκρωμένου
1137 724 1231 777 καὶ¹
1264 724 1542 787 παντελῶς
1571 724 1809 794 ζωτικῆς

1920 543 2172 599 habitum
2198 548 2481 617 proprium
2505 549 2891 620 compingendi
2915 551 3338 620 revocandique,
3365 569 3491 606 cum

1921 647 2202 691 mortuum
2237 648 2430 694 contra
2465 656 2666 710 corpus
2691 640 2747 694 id
2774 640 2926 695 nullo
2962 642 3130 696 modo
3157 641 3374 705 ellieiat,
3402 658 3488 699 εο-
3568 632 3577 645 “

1918 722 2027 777 mel
2059 725 2763 797 mortiﬁcatum,.vitalique
2795 736 3066 796 potestate
3108 744 3334 798 prorsus
3391 732 3489 784 de—

256 816 609 887 ὲστερημένου
643 815 945 885 δυνάμεως,
979 816 1073 869 καὶ
1105 815 1196 869 διὰ
1239 814 1399 868 τοῦτο
1448 816 1809 885 άνενεργήτου

1924 812 2203 878 βιίιιιιιιιιι,
2232 824 2289 868 et
2311 815 2801 871 idcircoinellicax.
2835 818 3121 883 Quomodo
3140 835 3279 873 vero
3293 829 3348 873 et
3381 830 3494 874 sta—

255 908 617 976 τυγχάνοντος.
655 906 779 969 Πῶς
825 906 882 960 δὲ
929 909 1023 960 καὶ
1060 908 1321 977 στήσεται
1370 908 1433 960 τὸ
1467 906 1628 974 φύσει
1674 922 1807 959 σκε-

256 999 432 1053 δαστόν
471 1014 534 1050 τε
582 1001 678 1051 καὶ
716 998 1052 1063 εὐδιάλυτον,
1103 998 1178 1069 μὴ
1216 999 1381 1052 οἱονεὶ
1402 996 1654 1067 θεμελίου
1687 996 1813 1068 τρό-

255 1108 347 1144 πον
391 1082 509 1143 κατ’
558 1090 803 1145 ἐπίνοιαν
848 1077 1326 1161 προϋποκειμένης
1369 1090 1514 1154 τινὸς
1571 1089 1814 1160 ζωτικῆς

252 1181 542 1252 δυνάμεως,
595 1182 723 1250 περ)⁸
767 1181 967 1252 ἑαυτὴν
1016 1182 1262 1250 φυσικῶς
1307 1181 1707 1251 συγκρινούσης
1751 1197 1812 1232 τε

253 1273 336 1325 καὶ
365 1252 796 1343 διασφιγγούσης
829 1272 892 1326 τὸ
932 1272 1398 1342 σκεδαννύμενον,
1432 1274 1490 1327 ἐκ)
1588 1272 1648 1326 τὸ
1675 1266 1813 1324 εἶναι

250 1377 305 1414 τε
328 1363 419 1414 καὶ
449 1361 834 1415 εἰδοποιεϊσθαι
879 1360 1033 1431 παρὰ
1059 1361 1159 1428 τῆς
1205 1360 1275 1412 τὰ
1300 1360 1396 1415 ὅλα
1419 1360 1599 1428 σοφῶς
1633 1374 1813 1428 τεχνι-

248 1450 500 1522 τευούσης
549 1452 830 1523 δυνάμεως
885 1452 1030 1523 ἐχειν
1075 1452 1301 1523 ἔλαχεν;
1359 1454 1449 1506 Ἐν
1501 1445 1548 1520 ᾧ
1588 1452 1697 1521 γὰρ
1747 1448 1814 1504 ἂν

250 1545 529 1614 πράγματι
573 1544 713 1613 μετὰ
756 1545 817 1597 τὸ
843 1544 1101 1613 τεχθῆναι
1131 1544 1414 1615 περίεστιν
1443 1542 1659 1611 ἀληθῶς
1684 1541 1745 1595 τὺ
1768 1539 1814 1572 ³³

251 1630 382 1687 εἶναι
409 1633 486 1704 τῷ
518 1635 727 1706 σώματι
746 1677 760 1699 ,
809 1636 866 1688 ὲν
906 1635 1103 1706 ἐκείνῳ
1126 1636 1344 1699 πάντως
1374 1634 1599 1698 δικαίως
1624 1633 1692 1686 ἂν
1727 1631 1816 1685 λέ-

250 1740 391 1792 γοιτο
422 1725 566 1794 ἔχειν
607 1728 703 1779 καὶ
755 1725 856 1797 τὴν
889 1725 1063 1796 ἀρχὴν
1107 1725 1209 1794 τῆς
1253 1724 1561 1796 ὑπάρξεως.
1593 1716 1814 1786 Οῦτινος

1919 900 2004 955 bit
2021 903 2169 971 quod
2205 914 2399 959 natura
2432 906 2759 976 dissipatum
2790 917 2875 962 est
2895 919 3061 978 atque
3092 908 3245 963 nullo
3270 910 3495 978 negotio

1920 992 2265 1060 dissolvitur,
2315 1011 2443 1050 cum
2491 1004 2753 1066 tanquam
2787 999 3132 1054 fundamenti
3164 1001 3220 1054 in
3266 1001 3492 1054 modum

1921 1084 2252 1153 cogitatione
2299 1086 2449 1139 nulla
2487 1095 2615 1140 ante
2658 1088 2902 1158 subjecta
2946 1091 3016 1143 sit
3046 1092 3220 1145 virtus
3250 1091 3492 1161 viviﬁca,
3564 1099 3573 1119 ‘

1919 1192 2041 1245 qua:
2092 1178 2238 1232 circa
2290 1193 2413 1232 sese
2460 1179 2787 1233 naturaliter
2835 1190 3182 1249 coagmentet
3226 1180 3489 1237 diffusum

1922 1277 2087 1338 atque
2111 1270 2472 1340 constringat,
2505 1270 2563 1323 in
2583 1286 2688 1339 qua
2717 1280 2773 1324 et
2798 1270 3120 1327 exsistentia
3156 1279 3212 1325 et
3233 1274 3496 1327 formatio

1921 1358 1992 1413 ab
2026 1375 2091 1414 ea
2118 1360 2324 1414 virtute
2355 1370 2582 1430 quaest
2620 1362 2883 1416 universa
2921 1361 3199 1431 sapienter
3226 1361 3492 1417 fabricata

1920 1451 2101 1508 inesse
2153 1454 2360 1509 sortitae
2387 1453 2554 1508 sunt?
2591 1454 2650 1508 In
2682 1468 3007 1523 quacunque
3040 1453 3188 1507 enim
3237 1469 3295 1508 re
3338 1461 3493 1523 post-

1921 1557 2086 1613 quam
2141 1542 2281 1599 facta
2327 1552 2413 1597 est
2444 1542 2726 1613 generatio
2756 1557 2883 1597 vere
2916 1553 3193 1611 superstes
3226 1550 3309 1595 est
3342 1541 3492 1595 exsi-

1921 1631 2121 1687 stentia
2173 1632 2416 1700 corpori,
2475 1630 2531 1687 in
2580 1649 2644 1687 ea
2696 1640 2846 1686 recte
2893 1632 3121 1687 omnino
3156 1632 3493 1700 principium

1921 1738 2140 1794 quoque
2169 1725 2501 1780 exsistentise
2523 1725 2704 1779 inesse
2725 1724 2958 1778 dicatur.
2983 1721 3115 1775 Nam
3149 1736 3177 1773 a
3201 1737 3311 1793 quo
3336 1736 3494 1789 sepa-

251 1790 353 1882 vdp
382 1790 752 1884 15.3-prme
781 1790 1090 1867 διαλύεσθαι
1130 1790 1344 1882 πέφυκε
1370 1790 1444 1867 ’τὸ
1473 1813 1653 1884 σῶμα,
1693 1812 1815 1868 τού-

1924 1790 2100 1869 ratuin
2133 1830 2337 1884 corpus
2361 1815 2701 1878 dissolvitur,
2731 1814 2917 1883 hujus,
2945 1811 3023 1864 uti
3059 1790 3319 1879 apparet,
3361 1825 3488 1863 cum

249 1920 339 1955 του
394 1903 594 1974 δηλαδὴ
620 1906 686 1974 τῇ
736 1903 969 1976 ὑπάρξει
1006 1907 1147 1959 κατὰ
1193 1904 1291 1976 τὴν
1319 1905 1542 1973 Ιγένεσιν
1575 1904 1815 1975 εὐλόγως

1924 1906 2235 1961 exsistentia
2274 1906 2331 1960 in
2370 1907 2722 1977 generatione
2748 1904 2914 1960 etiam
2956 1901 3297 1956 coexstitisse
3328 1901 3490 1970 plane

252 1994 317 2049 ἂν
346 1995 560 2058 πάντως
583 1994 678 2048 καὶ
719 1996 1148 2066 συνυφέστηκεν.

317 2087 382 2141 El
420 2086 477 2139 δὲ
511 2086 722 2150 τούτοις
765 2087 1261 2159 στενοχωρούμενοι
1297 2090 1412 2152 τοῖς
1449 2080 1815 2159 λογισμοῖς,ὧ

250 2173 407 2243 οῦτοι,
445 2178 581 2248 φατὲ
617 2177 692 2249 μὴ
738 2178 934 2248 νεκρὸν
984 2174 1123 2231 εἶναι
1184 2180 1499 2234 παντάπασι
1540 2178 1604 2231 τὸ
1649 2195 1818 2232 κατα-

251 2268 570 2338 ϐαλλόμενον
599 2268 679 2330 εἰς
696 2267 968 2338 πρόφασιν
988 2267 1087 2337 τῆς
1101 2267 1457 2338 ἀνθρωπίνης
1480 2267 1814 2329 συστάσεως,

250 2357 478 2428 ζωτικῆς
526 2358 586 2411 δέ
633 2374 779 2420 τινος
819 2357 924 2411 κᾶν
978 2357 1159 2420 ποσῶς
1215 2357 1467 2427 μετέχειν
1510 2352 1814 2433 δυνάμεως,

249 2448 323 2511 ὡς
353 2448 535 2518 ψυχὴν
569 2446 692 2518 ἔχον
731 2446 973 2516 δηλονότι
1014 2448 1115 2516 τῆς
1147 2446 1406 2516 τοιαύτης
1435 2445 1818 2515 μεθέξειδυνά-

249 2557 393 2613 μεως
425 2539 613 2611 (χωρὶς
642 2539 750 2610 γὰρ
784 2538 960 2609 ψυχῆς
990 2534 1129 2600 εἶδος
1160 2537 1305 2606 ζωῆς
1333 2537 1434 2590 οὐκ
1479 2536 1545 2590 ἂν
1585 2535 1670 2607 είη
1700 2535 1817 2590 πώ·-

245 2649 374 2686 ποτε
404 2629 661 2695 καθάπαξ
705 2631 765 2682 ὲν
815 2632 928 2691 τοῖς
975 2628 1079 2681 ὐπὸ
1110 2626 1273 2696 φύσιν
1310 2629 1669 2696 ἀναγομένοις
1723 2626 1820 2679 καὶ

243 2725 344 2794 τῆς
397 2723 648 2794 οὐρανίου
717 2721 875 2791 δῆλον
930 2721 1245 2789 άεικινήτου
1293 2720 1600 2790 περιφορᾶς
1667 2718 1819 2795 ἐντὸς

241 2813 672 2884 διειλημμένοις,
703 2813 790 2866 ἀεὶ
824 2812 882 2865 δὲ
910 2810 1055 2881 ζωῆς
1082 2805 1222 2872 εἶδος
1247 2809 1375 2869 ἄνευ
1406 2809 1583 2879 ψυχῆς
1615 2809 1677 2862 τὸ
1715 2827 1820 2861 πα-

245 2906 426 2977 ράπαν
441 2905 543 2966 οὐκ
569 2903 686 2957 ἐστι
706 2903 848 2956 κατὰ
875 2903 974 2973 τὴν
1001 2900 1223 2972 λογικὴν
1243 2900 1612 2970 ἀκολουθίαν),
1644 2895 1754 2953 οἷον
1774 2899 1820 2952 δ’

242 2998 315 3052 ἂν
344 2994 659 3064 ὐποτίθησθε
684 2994 829 3063 ζωῆς
880 2988 1020 3056 είδος
1057 2992 1118 3045 τὸ
1147 2990 1621 3062 καταϐαλλόμενον
1674 2991 1820 3060 ἔχειν

1915 2007 2001 2052 est
2036 2004 2490 2053 consentaneum.

1986 2087 2042 2142 Si
2090 2097 2273 2143 autem
2301 2130 2316 2154 ,
2370 2105 2404 2144 ο
2453 2086 2567 2155 isti,
2600 2089 2688 2144 his
2739 2084 3303 2159 argumentationibus
3334 2080 3503 2139 mar?

1916 2180 2047 2233 ctati
2095 2181 2244 2249 quod
2291 2181 2530 2236 hominis
2581 2180 2906 2251 procreandi
2957 2177 3129 2248 gratia
3190 2175 3495 2230 seminatur

1929 2278 2207 2325 mortuum
2259 2287 2379 2327 esse
2420 2273 2630 2342 negatis
2659 2312 2673 2335 ,
2726 2271 2948 2325 vitalem
3012 2268 3098 2322 vel
3142 2266 3493 2337 quantulam-

1917 2378 2135 2431 cunque
2197 2364 2454 2418 virtutem
2515 2363 2847 2433 participare
2908 2354 3491 2427 aliirmantes,'quod

1917 2455 2154 2507 animam
2191 2455 2449 2509 videlicet
2494 2455 2658 2524 hujus
2721 2452 2943 2507 virtutis
2974 2450 3356 2506 communione
3398 2449 3496 2503 ha-

1919 2545 2045 2600 beat
2102 2545 2252 2617 (sine
2313 2546 2495 2600 anima
2533 2546 2679 2601 enim
2715 2545 2866 2599 nulla
2916 2543 3083 2599 semel
3125 2542 3249 2596 vita:
3278 2540 3493 2609 species

1919 2643 2029 2689 tam
2085 2636 2142 2689 in
2198 2637 2292 2691 eis
2354 2652 2595 2706 unquam
2657 2650 2778 2711 quae
2834 2634 2890 2687 in
2958 2641 3210 2687 naturam
3281 2632 3492 2700 prolata

1918 2742 2078 2797 quam
2107 2742 2228 2795 quae
2255 2728 2310 2780 in
2360 2727 2494 2780 orbe
2520 2726 2643 2781 coeli
2677 2739 2893 2794 semper
2934 2722 3135 2777 mobile
3168 2722 3316 2775 intus
3340 2732 3494 2775 com-

1918 2818 2191 2887 prehensa
2236 2827 2385 2881 sunt,
2433 2817 2767 2885 reperiatur,
2825 2830 2890 2868 ac
2943 2828 3160 2883 semper
3195 2813 3322 2867 vita:
3369 2826 3526 2880 spe--

1920 2909 2033 2964 cies
2061 2909 2366 2964 secundum
2399 2908 2631 2963 rationis
2658 2904 3108 2977 consequentiam
3136 2911 3492 2973 exstatpror-

1920 3015 2015 3055 sus
2048 3000 2198 3054 nulla
2250 2999 2358 3054 nisi
2406 3014 2533 3055 cum
2585 2997 2825 3070 anima),
2871 3000 3310 3068 qualemcunque
3371 2993 3495 3047 vitae

241 3084 389 3138 κατὰ
447 3085 544 3153 τὴν
607 3082 890 3152 σύλληψιν,
936 3081 1115 3152 ψυχῆς
1154 3098 1305 3144 τινος
1353 3081 1514 3150 μόνον
1574 3079 1816 3153 ίδιότητα

1924 3091 2163 3161 speciem
2214 3092 2524 3163 supponitis
2568 3092 2749 3151 inesse
2793 3090 2850 3144 in
2877 3084 3253 3155 conceptionis
3300 3098 3497 3152 propa-

241 3175 563 3245 ὲνεφήνατε,
608 3170 933 3242 συστατικὴν
986 3170 1085 3241 μὲν
1109 3171 1208 3242 τῆς
1259 3173 1316 3224 ὲν
1361 3165 1505 3246 ᾖπέρ
1532 3174 1680 3227 ἐστιν
1735 3172 1822 3225 οὐ-

245 3266 373 3328 σίας
426 3262 784 3335 ἁφοριστικὴν
820 3262 878 3316 δὲ
931 3262 1041 3316 τῶν
1089 3263 1169 3336 μὴ
1213 3264 1473 3318 τοιούτων
1530 3265 1818 3339 διαφοράν.

240 3355 315 3410 Et
342 3352 398 3409 δὲ
415 3352 594 3427 (235
615 3352 671 3424 α)
700 3351 795 3408 καὶ
822 3350 998 3424 ψυχήν
1023 3353 1166 3423 ἔχειν
1184 3354 1246 3406 τὸ
1268 3353 1506 3424 ἔμϐρυον
1535 3352 1655 3423 βίας
1685 3352 1823 3421 πρὸς

239 3449 309 3501 τὸ
329 3448 444 3501 δέον
475 3448 582 3500 ὐπὸ
615 3447 716 3514 τῆς
747 3445 1007 3514 ἀληθείας
1027 3444 1329 3513 ὠθούμενοι
1355 3443 1563 3511 λέγετε,
1590 3442 1713 3495 τίνα
1761 3458 1823 3494 τε

238 3540 341 3595 καί
370 3539 561 3594 ὁποίαν
599 3536 826 3605 ταύτην,
859 3536 1100 3597 καὶ’πῶς
1129 3534 1516 3606 θεωρουμένην
1538 3536 1571 3606 ἢ
1597 3535 1824 3603 λεγομέ-

239 3648 366 3700 νην,
394 3629 537 3699 ὑμᾶς
567 3627 746 3694 λέγειν
774 3626 924 3678 ἐστὶν
952 3624 1245 3678 ἀκόλουθόν
1275 3641 1334 3676 τε
1365 3625 1461 3676 καὶ
1493 3624 1822 3694 πρόσφορονς

242 3722 360 3775 Καὶ
394 3723 443 3774 εἰ
487 3720 586 3790 μὲν
627 3717 797 3788 μάνην
835 3717 935 3788 τὴν
974 3715 1277 3787 θρεπτικὴν
1314 3733 1372 3768 τε
1410 3717 1504 3768 καὶ
1526 3714 1825 3786 αὐξητικὴν

245 3799 403 3883 ἔχειν’
428 3811 563 3865 αὐτὸ
578 3806 995 3863 διαϐεϐαιοῦσθε
1038 3806 1237 3877 ψυχὴν,
1269 3807 1439 3876 φυτοῦ
1475 3824 1615 3870 τινος
1639 3807 1825 3879 δηλον-

244 3910 330 3960 ότι
389 3904 482 3956 καὶ
524 3905 625 3955 οὐκ
671 3899 962 3971 ἀνθρώπου
1001 3898 1080 3968 τῷ
1128 3897 1273 3969 λόγῳ
1319 3897 1492 3969 τούτῳ
1520 3898 1641 3953 καθ’
1678 3898 1825 3970 ὑμᾶς

241 3998 306 4052 τὸ
341 3999 680 4069 τρεφόμενον
713 3999 808 4052 καὶ
837 3996 1135 4067 αὐξόμενον
1164 3993 1319 4048 ἔσται
1352 3993 1532 4064 σῶμα.
1565 3994 1678 4048 Καὶ
1706 3992 1826 4056 πῶς

240 4089 339 4145 τοῦ
364 4090 533 4159 φυτοῦ
560 4090 741 4159 πατὴρ
764 4092 792 4143 ὁ
815 4088 1104 4160 ἄνθρωπος
1127 4086 1279 4141 ἔσται
1310 4087 1540 4140 συνιδεῖν
1568 4086 1669 4140 οὐκ
1691 4085 1821 4157 ἔχω,

243 4181 422 4235 πολλὰ
461 4181 703 4243 σκοπῶν,
735 4179 795 4245 ἐξ
819 4178 1111 4252 ἀνθρώπου
1140 4177 1423 4241 παντελῶς
1443 4178 1504 4230 τὸ
1527 4177 1666 4230 εἶναι
1682 4176 1825 4230 κατὰ

242 4275 411 4342 φύσιν
443 4274 543 4328 οὐκ
572 4273 807 4343 ἔχοντος.
844 4272 907 4325 Et
938 4272 995 4325 δὲ
1035 4271 1134 4342 τὴν
1169 4269 1494 4341 αἰσθητικὴν
1533 4270 1702 4341 μόνην
1745 4268 1824 4339 τῷ

240 4366 476 4438 ἐμϐρύῳ
506 4364 843 4437 προσνέμετε
872 4363 1073 4433 ψυχὴν,
1104 4364 1274 4415 ἵππου
1304 4363 1526 4425 πάντως
1566 4362 1601 4431 ἢ
1635 4360 1755 4431 βοὸς
1787 4360 1820 4431 ἢ

1924 3186 2084 3255 gine,
2139 3185 2334 3239 anima:
2363 3183 2807 3257 alicujussolum
2844 3179 3236 3249 proprietatem
3284 3173 3494 3245 signiti-

1924 3280 2110 3341 eastis,
2140 3292 2246 3346 qua
2271 3276 2494 3346 quidem
2516 3290 2582 3329 ea
2609 3274 2664 3328 in
2688 3290 2795 3343 qua
2821 3272 2962 3327 inest
2987 3270 3225 3326 essentia
3248 3274 3494 3324 struatur

1924 3378 1981 3423 et
2019 3384 2212 3423 eorum
2238 3356 2362 3437 qua:
2412 3383 2521 3421 non
2547 3364 2819 3436 ejusmodi
2871 3371 3001 3417 sunt
3028 3360 3336 3416 diﬂ‘erentia
3362 3358 3496 3413 deli-

1924 3460 2129 3514 niatur.
2152 3459 2271 3513 Jam
2297 3474 2428 3512 vero
2447 3458 2613 3512 etiam
2644 3457 2688 3510 si
2709 3454 2972 3524 embryon
3002 3453 3182 3506 anima
3209 3451 3497 3520 praeditum

1924 3565 2045 3605 esse
2075 3565 2107 3602 a
2138 3549 2367 3602 veritate
2390 3547 2566 3602 coacti
2598 3548 2745 3617 (nam
2774 3545 2979 3599 acriter
3005 3558 3103 3598 vos
3142 3557 3337 3611 urgere
3358 3556 3500 3610 opus

1924 3639 2029 3711 est)
2056 3640 2320 3703 statuitis,
2359 3647 2552 3707 quaet
2583 3637 2730 3706 quali
2757 3636 2882 3699 ista,
2909 3642 2966 3690 et
2999 3632 3272 3703 quomodo
3309 3632 3497 3685 obser-

1926 3740 2047 3788 vata
2075 3739 2170 3785 aut
2199 3729 2470 3799 appellata
2499 3728 2891 3782 convenienter
2935 3724 3185 3792 sequitur
3211 3730 3271 3776 ut
3297 3721 3495 3776 docea-

1926 3823 2016 3877 tis.
2070 3820 2250 3889 Atque
2307 3819 2353 3874 si
2405 3817 2577 3872 solam
2628 3816 2760 3870 illud
2817 3814 3098 3869 nutriendi
3151 3820 3207 3867 et
3263 3812 3511 3885 augendj,

1925 3912 2164 3967 animam
2194 3909 2398 3964 habere
2421 3906 2725 3970 allirmatis,
2744 3906 2943 3976 plantae
2968 3905 3201 3972 alicujus
3226 3903 3494 3973 profecto,

1924 4019 2033 4059 non
2094 4001 2355 4065 hominis,
2409 4001 2514 4055 hac
2560 4000 2774 4054 ratione
2820 3997 3124 4053 secundum
3167 4011 3266 4051 vos
3295 4009 3498 4064 corpus

1927 4095 2065 4151 illud
2103 4095 2249 4165 quod
2281 4093 2528 4148 nutritur
2575 4101 2631 4146 et
2679 4098 2913 4161 augetur
2947 4091 3072 4145 erit.
3095 4090 3176 4147 ,Et
3223 4088 3499 4158 quomodo

1925 4187 2126 4258 planta:
2154 4193 2311 4255 pater
2335 4185 2501 4239 homo
2529 4183 2601 4237 sit
2630 4184 2964 4253 intelligere,
2990 4195 3213 4251 quoquo
3240 4180 3499 4234 conside-

1927 4280 2141 4333 ratione
2168 4285 2375 4342 vertor,
2400 4275 2656 4345 equidem
2672 4291 2783 4329 non
2807 4274 3006 4336 habeo,
3033 4288 3159 4328 eum
3184 4272 3252 4326 de
3276 4271 3498 4325 homine

1925 4369 2088 4437 plane
2115 4366 2495 4421 exsistentiam
2534 4365 2837 4421 secundum
2859 4371 3113 4418 naturam
3144 4378 3253 4415 non
3280 4362 3496 4416 habeat.

238 4461 438 4532 ἑτέρου
476 4457 621 4521 τινὸς
657 4456 764 4509 τῶν
804 4456 1079 4526 χερσαίων
1107 4455 1140 4525 ἢ
1164 4454 1426 4525 ὲναερὲων
1460 4452 1615 4516 ζώων
1644 4452 1820 4524 ψυχὴν

1929 4459 1986 4515 Si
2039 4468 2229 4514 contra
2271 4457 2577 4514 sensualem
2607 4457 2779 4511 solam
2817 4455 2871 4509 in
2899 4455 3127 4525 embryo
3169 4454 3347 4507 inesse
3382 4453 3500 4505 ani-

235 4548 387 4618 εχων
430 4547 774 4616 δειχθήσεται
820 4543 965 4598 κατὰ
1016 4545 1114 4615 τὴν
1162 4543 1422 4613 σύλληψιν
1460 4543 1522 4594 τὸ
1564 4543 1825 4614 ἔμϐρυον,

231 4635 342 4688 καὶ
401 4636 583 4703 πατὴρ
626 4636 727 4686 οὐκ
767 4631 921 4685 ἔσται
966 4633 1107 4685 κατὰ
1155 4632 1319 4699 φύσιν
1366 4631 1656 4703 ἀνθρώπου
1701 4632 1827 4686 καθ’

236 4727 394 4796 ὑμᾶς
423 4726 451 4776 ὁ
481 4725 789 4793 ἄνθρωπος,
825 4724 971 4775 κατὰ.
994 4723 1092 4793 τὴν
1126 4724 1352 4793 πρώτην
1380 4724 1659 4777 σύστασιν·
1691 4724 1852 4778 ἀλλὰ.

236 4815 419 4883 φυτοῦ
454 4832 621 4879 τινος,
661 4813 842 4875 καθὼς
873 4813 1032 4883 ἔφην,
1067 4814 1101 4885 ῆ
1142 4814 1281 4877 ζώου
1305 4816 1415 4868 τῶν
1450 4817 1541 4869 ἐπὶ
1587 4817 1711 4888 γῆς.
1750 4811 1826 4872 Oi}

232 4904 296 4956 τί
329 4904 531 4972 γένοιτ’
563 4902 627 4956 ἂν
658 4901 1002 4972 ἀτοπώτερον
1034 4903 1066 4974 ἢ
1118 4903 1651 4976 φρενοϐλαϐἑστερον
1678 4925 1693 4973 ;
1746 4907 1820 4960 Τὸ

234 4994 359 5064 γὰρ
393 4994 467 5064 μὴ
506 4993 873 5063 συνυπάρχειν
914 4993 1353 5048 διαϐεϐαιοῦσθαι
1391 4998 1460 5065 τῇ
1499 4996 1690 5068 πρώτῃ
1731 5015 1822 5050 συ-

234 5087 443 5141 στάσει
465 5086 572 5147 τῶν
600 5086 769 5139 δντων
804 5085 948 5139 κατὰ
976 5084 1075 5156 τὴν
1098 5087 1330 5139 ἑκάστου
1364 5089 1600 5159 φυσικὴν
1633 5089 1826 5157 διαφο-

233 5178 352 5247 ρὰν
391 5176 819 5246 ἀπαραλείπτως
849 5177 975 5238 τοὺς
1005 5176 1240 5237 οἰκείους
1269 5177 1367 5246 τῆς
1388 5177 1679 5248 ὑπάρξεως
1705 5181 1824 5249 ὁρι-

233 5267 445 5336 σμοὺς,
483 5266 673 5336 φύρειν
697 5268 845 5351 ὲΙστὶν
886 5268 964 5329 είς
996 5266 1201 5336 ἄλληλα
1231 5266 1298 5319 τὰ
1338 5266 1537 5331 πάντα,
1583 5269 1678 5321 καὶ
1721 5286 1828 5338 μη-

227 5354 331 5408 δὲν
366 5353 508 5410 εἶναι
541 5359 746 5427 κυρίως
775 5358 882 5412 τῶν
909 5358 1080 5411 ὄντων
1105 5359 1244 5428 ὅπερ
1265 5358 1381 5412 ὲστί
1403 5376 1463 5412 τε
1489 5359 1583 5413 καὶ
1605 5361 1825 5429 λέγεται

224 5444 703 5519 διισχυρίζεσθαι.
744 5449 855 5502 Καὶ
894 5449 953 5501 τὸ
990 5448 1057 5520 δὴ
1093 5450 1279 5519 μεῖζον
1331 5449 1523 5515 κακὸν,
1568 5451 1827 5524 διαϐολὴν

1925 4562 2068 4600 mam
2098 4546 2445 4610 asseveratis,
2477 4545 2604 4614 equi
2641 4546 2802 4615 plane
2835 4544 2922 4598 vel
2958 4543 3115 4597 bovis
3143 4543 3238 4596 ’νει
3269 4542 3498 4596 alterius

1925 4637 2158 4707 alicujus
2186 4636 2507 4691 animalium
2535 4636 2879 4690 terrestrium
2919 4643 3014 4689 aut
3043 4632 3349 4688 volatilium
3376 4631 3498 4685 ani-

1926 4744 2070 4782 mam
2106 4728 2311 4782 habere
2339 4728 2606 4798 emhryon
2631 4726 2699 4781 de
2724 4727 3083 4795 conceptione
3114 4723 3496 4778 manifestabi-

1926 4829 2038 4887 tur,
2074 4836 2137 4875 ac
2163 4820 2465 4876 secundum
2502 4827 2751 4874 naturam
2783 4818 3023 4873 hominis
3068 4833 3169 4886 per
3204 4832 3301 4871 vos
3333 4816 3500 4870 homo

1933 4918 2090 4979 pater
2136 4926 2245 4964 non
2302 4910 2447 4974 erit,
2506 4910 2561 4964 in
2619 4909 2792 4978 prima
2839 4906 3345 4977 coagmentatione,
3404 4905 3500 4959 sed

1932 5003 2130 5072 planta:
2176 5001 2409 5070 alicujus
2430 5041 2444 5061 ,
2499 4999 2579 5053 uti
2611 4998 2884 5063 dicebam,
2917 4997 3003 5052 vel
3047 4996 3361 5051 animalium
3393 5004 3504 5049 ter-

1930 5093 2191 5147 restrium
2215 5092 2465 5161 alicujus.
2499 5090 2568 5144 Et
2599 5089 2733 5159 quid
2774 5089 2880 5143 hoc
2916 5096 3061 5142 esset
3085 5087 3377 5142 absurdius
3408 5093 3503 5139 aut

1932 5181 2242 5236 amentius?
2271 5181 2392 5235 Non
2417 5179 2566 5234 enim
2609 5179 2944 5235 eoexsistere
2983 5178 3144 5248 plene
3173 5193 3295 5231 cum
3326 5176 3503 5246 prima

1927 5290 2119 5330 eorum
2149 5290 2272 5343 qua:
2310 5281 2439 5327 sunt
2483 5272 2881 5342 compositione
2926 5286 3027 5339 pro
3068 5268 3503 5337 uniuscujusque

1926 5365 2165 5420 naturali
2180 5363 2500 5419 dill‘erentia
2529 5362 2780 5433 proprios
2801 5359 3088 5415 exstantia:
3120 5358 3258 5413 ﬁnes
3282 5372 3502 5412 asseve-

1928 5469 2071 5519 rare,
2103 5453 2209 5509 hoc
2258 5452 2443 5508 omnia
2494 5452 2637 5508 inter
2686 5467 2744 5508 se
2774 5450 3112 5507 confundere
3160 5456 3280 5513 est,
3335 5455 3502 5517 atque

1552 5614 1784 5671 VARUE
1820 5615 2227 5675 LECTIONES.

314 5718 369 5753 ³³
397 5718 474 5789 τῷ
507 5718 670 5776 habet
699 5680 1069 5793 apographum
1098 5725 1218 5779 cod.
1252 5724 1509 5781 Gudiani.
