3938 6192
986 174 1015 197 \

543 303 680 369 i339

536 518 622 566 est
646 509 1038 569 adirmare.Et
1062 515 1285 585 gravius
1327 512 1553 576 malum,
1592 511 1792 566 divina:
1832 510 2118 580 sapientiae

535 610 702 672 atque
729 604 1019 671 potestatis
1038 604 1374 660 calumniam
1410 602 1703 658 maximam
1741 601 2036 672 manifesto
2061 600 2116 656 id

535 690 821 745 continere
844 691 1203 761 probabitur-
1218 693 1356 748 Nam
1376 693 1423 747 si
1438 691 1701 747 omnibus
1720 689 2118 760 quoquomodo

534 782 933 838 exsisteutibus
957 793 1254 853 antequam
1289 789 1659 851 procreentur
1688 781 1992 836 secundum
2018 780 2116 836 Dei

532 873 1021 943 praecognitionem
1078 875 1308 945 propria
1360 874 1507 929 inest
1558 872 1777 927 ratione
1826 872 2114 943 perfectio,

532 971 763 1033 apparet
789 964 939 1034 quod
971 966 1140 1020 etiam
1190 966 1352 1021 simul
1380 979 1504 1020 cum
1548 962 1873 1021 exsistentia
1919 977 2119 1018 secun-

531 1054 664 1110 dum
696 1057 977 1127 propriam
999 1058 1269 1112 rationem
1289 1057 1343 1111 in
1362 1056 1632 1127 originem
1670 1054 1935 1125 producta
1956 1055 2120 1125 plene

533 1147 650 1217 ipsa
682 1148 886 1203 virtute
908 1161 967 1203 et
985 1148 1203 1203 actione
1228 1148 1515 1203 habebunt
1551 1146 1967 1217 perfectionem.
1998 1145 2119 1200 Jam

531 1238 579 1294 si
608 1239 876 1308 perfectio
907 1240 1053 1295 inest
1081 1239 1388 1296 secundum
1407 1240 1504 1294 Dei
1532 1237 2023 1309 pracognitionem
2057 1238 2116 1291 in

534 1331 701 1386 rebus
717 1331 1132 1397 exsistentibus,
1161 1331 1258 1387 sed
1284 1330 1630 1401 imperfectio
1662 1329 1967 1385 secundum
1990 1342 2120 1398 proa»

532 1423 847 1478 ductionem
893 1424 950 1477 in
981 1423 1361 1479 exsistentiam
1390 1432 1447 1478 et
1482 1424 1778 1494 originem,
1834 1422 1896 1477 fit
1931 1430 2028 1477 aut
2057 1429 2119 1477 ut

533 1530 644 1568 non
668 1514 783 1583 ipsa
813 1515 905 1569 illa
941 1498 1206 1583 sint'qua:
1256 1515 1591 1586 praecognita
1641 1522 1806 1579 sunt,
1854 1514 1951 1569 sed
2010 1513 2117 1568 alia

533 1620 633 1675 pro
656 1605 799 1669 aliis,
829 1613 923 1659 aut
954 1613 1015 1660 ut
1050 1604 1267 1688 opificis
1297 1606 1404 1659 hoc
1439 1604 1513 1659 sit
1547 1604 1838 1659 manifesta
1872 1602 2121 1658 imbecil-

532 1695 666 1751 litas
698 1704 865 1765 atque
896 1704 1115 1765 aperta,
1141 1710 1266 1750 cum
1292 1696 1440 1766 quod
1481 1695 1787 1751 secundum
1815 1693 2120 1765 praecogni-

1739 310 1800 370 S.
1844 310 2134 372 MAXIM}
2172 308 2681 371 CONFESSORIS

536 434 741 475 eorum
760 435 884 490 quas
924 430 1143 479 exstant
1182 422 1398 478 nullum
1448 419 1503 475 id
1542 418 1766 489 proprie
1803 434 1926 474 esse
1973 419 2109 489 quod

2227 419 2328 489 τῆς
2362 418 2515 482 θείας
2565 417 2757 486 σοφίας
2793 432 2854 468 τε
2900 417 2997 469 καὶ
3050 416 3323 489 δυνάμεως
3370 421 3583 493 ἀρίδηλον
3615 431 3691 502 {xw

3556 342 3563 347 ‘
3605 319 3691 384 ifilli

2222 510 2491 580 μεγίστη»
2546 509 2767 571 πάντως
2817 507 3183 578 δειχθήσεται.
3233 511 3291 563 Εἰ
3343 514 3442 582 γάρ
3475 517 3616 572 πάντα
3650 526 3693 577 τὰ

2216 599 2468 655 ὁπωσοῦν
2496 598 2629 652 ὅντα
2676 599 2784 669 πρὸ
2846 601 3115 668 γενέσεως
3150 601 3325 655 αὐτῶν
3350 604 3476 657 κατὰ
3506 606 3585 678 τὴν
3613 614 3696 683 πρὸ

2217 708 2424 760 γνωσιν
2454 690 2552 744 τοῦ
2592 689 2731 743 Θεοῦ
2763 689 2844 761 τῷ
2872 692 3060 761 οἰκείῳ
3106 692 3252 763 λόγῳ
3294 693 3352 746 τὸ
3395 695 3569 769 τέλειον
3602 700 3692 769 ἔχει,

2217 784 2467 857 δηλονότι
2497 784 2597 839 καὶ
2645 784 2761 855 ἅμα
2793 783 2874 855 τῷ
2910 781 3050 840 εἶναι
3110 788 3253 841 κατά
3298 788 3383 841 τὸν
3430 791 3542 844 ῐδιον
3586 794 3694 863 λόγον
3802 808 3803 815 ‘

2216 878 2359 949 πρὸς
2395 878 2615 947 γένεσιν
2645 877 3011 949 παραγόμενα
3055 879 3461 950 ἀπαραλείτιτως
3500 884 3610 954 αὐτῇ
3654 892 3696 957 τῇ

2214 966 2471 1039 ἐνεργείᾳ
2493 966 2553 1021 τὸ
2583 966 2792 1023 τέλειον
2815 968 2950 1036 ἔξει.
2989 970 3054 1023 Εἰ
3077 969 3136 1023 δὲ
3164 970 3227 1024 τὸ
3265 973 3358 1042 μὲν
3396 973 3573 1031 τέλειον
3601 983 3697 1034 κατὰ

2214 1057 2313 1131 τὴν
2332 1058 2645 1129 πρόγνωσιν
2666 1059 2781 1130 ἔχει
2814 1059 2886 1114 τὰ
2914 1060 3067 1127 ὄντα,
3095 1063 3238 1117 κατά
3256 1063 3311 1116 δὲ
3336 1064 3425 1136 τὴν
3444 1068 3513 1130 εἰς
3535 1069 3584 1122 τὸ
3605 1068 3697 1125 εἶναι

2217 1151 2565 1220 παραγωγήν
2600 1166 2662 1203 τε
2691 1150 2789 1204 καλ⁸
2814 1150 3030 1220 γένεσιν
3068 1152 3130 1206 τὸ
3161 1154 3365 1219 ἀτελὲς,
3413 1156 3443 1225 ἢ
3486 1158 3568 1211 οὐκ
3604 1162 3699 1214 αὐτὰ

2215 1241 2402 1293 ἑκείνα
2442 1239 2594 1293 ἔσται
2622 1239 2692 1292 τὰ
2740 1241 3188 1311 προγνωσθέντα,
3243 1243 3355 1297 ἀλλ’
3404 1246 3513 1299 καθ’
3557 1249 3699 1320 ἑτέρων
3800 1244 3805 1251 ’

2217 1331 2403 1401 ἕτερα,
2440 1330 2473 1401 ἢ
2528 1331 2625 1385 τοῦ
2667 1332 3005 1404 δημιουργοῦ
3043 1335 3309 1407 πρόδηλος
3352 1338 3566 1391 ἀσθένεια
3596 1340 3701 1394 τοῦτο

2217 1418 2285 1474 ἂν
2321 1419 2537 1492 εἴηκαὶ
2584 1421 2784 1492 σαφής,
2841 1425 2917 1495 μὴ
2961 1424 3285 1495 δυνηθέντος
3328 1427 3454 1481 κατὰ
3496 1430 3577 1500 τὴν
3613 1435 3701 1501 πρό-

2218 1528 2423 1580 γνωσιν
2455 1513 2516 1565 τὸ
2556 1514 2908 1584 προγωσθέν
2936 1516 3151 1586 ἀθρόως
3178 1518 3294 1589 ἃμα
3321 1522 3382 1591 τῇ
3407 1522 3582 1587 γενέσει
3605 1525 3698 1575 κατὰ

2217 1601 2317 1685 τὴν
2340 1603 2629 1673 ἐνέργειαν
2658 1604 2840 1676 (235
2880 1605 2930 1675 ὁ)
2965 1607 3045 1670 ὡς
3077 1603 3221 1663 εῖναι
3272 1612 3464 1679 πέφυκε
3495 1613 3609 1665 κατὰ
3637 1615 3701 1681 τὴν

2217 1694 2430 1759 οὐσίαν,
2456 1697 2808 1765 παραστῆσαι
2839 1698 3237 1769 πληρέστατον.

532 1786 737 1841 tionem
780 1794 1188 1857 praecognosset
1235 1788 1420 1843 statim
1449 1804 1557 1843 una
1602 1803 1729 1843 cum
1762 1785 2117 1859 generatione
2155 1786 2462 1841 secundum
2520 1787 2787 1843 virtutem
2811 1797 2869 1844 et
2897 1789 3193 1857 actionem,
3230 1793 3305 1846 ita
3334 1799 3394 1847 ut
3424 1794 3703 1848 essentialiter

529 1887 905 1948 comparatum
959 1886 1066 1943 est,
1138 1880 1455 1949 plenissime
1520 1889 1918 1950 repracsentare
1998 1892 2108 1932 non
2145 1885 2355 1945 posset.

602 1968 734 2035 Quaa
755 1969 979 2039 quidem
1007 1978 1331 2040 argumenta
1359 1970 1784 2026 reformidantes
1820 1971 1864 2025 si
1889 1969 1955 2024 ad
1978 1968 2109 2023 illud

2296 1969 2358 2021 Εἰ
2417 1970 2475 2023 δὲ
2529 1971 2753 2033 τούτους
2806 1971 3148 2041 ὑφορώμενοι
3209 1973 3338 2037 τοὺς
3395 1975 3607 2044 ἐλέγχους
3645 1976 3702 2027 ἐπ’

531 2070 836 2116 extremum
866 2061 1184 2131 confugitis,
1232 2063 1482 2133 iniquum
1516 2078 1638 2119 esse
1663 2063 1911 2118 dicentes
1965 2060 2115 2132 quod

535 2151 715 2222 imago
741 2162 906 2221 atque
927 2168 1053 2223 pars
1077 2153 1264 2207 divina
1294 2154 1747 2223 (intellectualem
1773 2154 1848 2208 ita
1873 2155 2116 2224 appella-

535 2244 606 2298 tis
647 2243 907 2314 animam)
936 2261 1061 2299 cum
1094 2245 1336 2300 lluxione
1364 2256 1528 2317 atque
1575 2247 1802 2301 sordida
1834 2247 2114 2317 voluptate

531 2336 847 2402 coe‘xsistat,
877 2346 933 2391 et
959 2338 1245 2394 honestius
1267 2354 1387 2394 esse
1430 2339 1780 2395 statuendum
1826 2346 1948 2409 post
1977 2353 2114 2408 qua-

531 2429 782 2499 draginta
803 2430 1191 2499 conceptionis
1229 2430 1351 2486 dies
1378 2430 1649 2486 insinuari
1683 2431 1863 2494 illam,
1902 2438 2115 2485 natura:

530 2521 782 2591 opificem
808 2529 994 2590 aperte
1022 2520 1347 2576 calumniari
1387 2523 1731 2587 videbimini,
1776 2523 2112 2594 arguemini-

530 2629 640 2684 que
675 2613 823 2683 quod
870 2613 1211 2668 horrendum
1253 2614 1609 2685 blasphemia:
1650 2614 1837 2685 hujus,
1868 2631 1990 2684 qua:
2020 2630 2117 2685 pa-

530 2707 642 2761 lam
680 2714 799 2769 est,
835 2707 1145 2775 periculum
1200 2720 1310 2760 non
1356 2717 1564 2761 temere
1615 2706 1833 2760 subitis.
1880 2706 2016 2760 Nam
2066 2706 2112 2761 si

454 2822 463 2829 -
530 2796 949 2852 matrimonium
975 2797 1178 2850 malum
1206 2803 1314 2860 est,
1340 2797 1480 2851 mala
1504 2804 1611 2862 est,
1638 2805 1700 2851 ut
1729 2805 1974 2866 apparet,
2017 2813 2115 2852 na-

531 2886 723 2942 turalis
751 2902 973 2957 quoque
1001 2886 1403 2956 procreationis
1436 2888 1523 2940 lex
1548 2904 1563 2940 :
1586 2895 1641 2941 et
1670 2887 1717 2941 si
1748 2887 1890 2941 mala
1936 2898 2020 2943 est
2047 2903 2111 2943 ea

527 2977 799 3033 naturalis
840 2976 1247 3047 procreationis
1283 2978 1391 3041 lex,
1443 2978 1608 3031 etiam
1638 2978 1685 3033 is
1722 2978 1980 3033 videlicet
2015 2978 2112 3049 qui

528 3075 780 3123 naturam
818 3067 1020 3129 eli‘ecit,
1059 3083 1122 3122 ac
1159 3068 1332 3136 legem
1382 3067 1710 3137 procreandi
1745 3068 1797 3122 ei
1837 3067 2016 3133 dedit,
2054 3068 2111 3122 in

528 3159 749 3213 malitiae
781 3158 925 3227 apud
981 3173 1080 3212 vos
1118 3157 1329 3212 crimen
1382 3159 1506 3227 jure
1558 3158 1828 3212 incurret.
1877 3159 1947 3212 Et
1979 3158 2111 3228 quid

526 3249 855 3303 Manichaeos
880 3256 937 3303 et
987 3248 1354 3318 antiquiores,
1397 3250 1442 3303 si
1494 3250 1572 3303 ita
1608 3260 1729 3314 est,
1780 3249 2110 3305 aversamini

528 3338 838 3402 haereticos,
870 3345 1097 3408 propter
1133 3338 1275 3393 hanc
1310 3338 1549 3407 quodam
1585 3340 1769 3403 modo,
1798 3349 1855 3395 et
1890 3340 2107 3394 unicam
2136 3318 2179 3376 (ἶ

525 3444 745 3484 causam
767 3429 880 3485 duo
911 3429 1184 3499 principia
1218 3430 1619 3485 substituentes
1648 3431 1935 3501 Deumque
1987 3431 2110 3486 uni-

528 3535 812 3576 versarum
850 3536 1038 3575 rerum
1087 3521 1458 3591 abnegantes,
1501 3532 1794 3592 postquam
1826 3538 1927 3578 vos
1961 3523 2110 3593 ipsos

527 3612 672 3668 idem
693 3612 839 3683 quod
870 3612 973 3677 illi,
994 3613 1100 3668 etsi
1123 3628 1234 3668 non
1256 3629 1356 3683 per
1385 3613 1601 3677 eadem,
1637 3622 1881 3669 statuere
1905 3614 2107 3684 depre-

527 3705 841 3760 hendistis?
867 3704 1024 3771 Quod
1052 3705 1097 3759 si
1137 3705 1473 3776 hacpropter
1498 3706 1830 3763 coexsistere
1856 3722 1957 3776 per
1974 3721 2109 3762 con-

524 3798 1006 3867 ceptionem'cum
1066 3811 1300 3868 corpore
1352 3797 1594 3852 animam
1657 3798 1987 3855 rationalem
2049 3806 2107 3854 et

527 3889 951 3945 intellectualem
994 3889 1229 3960 pudoris
1276 3897 1427 3945 metu
1476 3891 1665 3946 dicere
1719 3890 1994 3962 refugitis,
2033 3906 2105 3947 ne

527 3986 651 4046 post
699 3978 1066 4049 quadraginta
1113 3979 1341 4050 quidem
1396 3979 1540 4043 dies,
1587 3995 1691 4035 nec
1720 3990 1847 4050 post
1903 3996 2104 4036 novem

524 4069 870 4138 graviditatis
914 4084 1155 4134 menses,
1195 4084 1300 4124 nec
1331 4079 1457 4141 post
1484 4071 1657 4141 ipsam
1685 4079 1876 4141 partus
1899 4071 2103 4127 editio-

526 4173 675 4223 nem,
736 4165 866 4213 ante
921 4158 1288 4230 quadraginta
1342 4160 1691 4232 purgationis
1724 4160 1845 4216 dies
1880 4169 2102 4232 partum

527 4248 734 4305 habere
789 4251 1114 4307 rationalem
1157 4262 1326 4322 atque
1376 4254 1810 4309 intellectualem
1864 4254 2102 4308 animam

523 4339 709 4394 dicere
743 4339 1039 4397 audebitis.
1094 4343 1243 4397 Intra
1291 4343 1399 4399 hoc
1442 4345 1590 4399 enim
1621 4352 1838 4414 tempus
1884 4344 1951 4398 ad
2004 4344 2102 4400 Dei

526 4431 791 4499 templum
821 4432 1093 4488 accedere
1116 4432 1315 4488 infanti
1336 4449 1447 4489 non
1473 4436 1626 4501 licet,
1653 4435 1859 4505 quippe
1885 4436 2104 4506 impuro

521 4521 831 4576 secundum
868 4523 1007 4594 legis
1054 4525 1420 4580 sanctionem.
1454 4525 1537 4580 Ita
1582 4526 1862 4595 reliquum
1908 4534 1996 4581 est
2043 4535 2103 4581 ut

2198 2061 2394 2115 “tacetve
2432 2061 2807 2130 καταφύγοιτε
2867 2062 3196 2128 τελευταῖον,
3243 2065 3525 2129 φάσκοντες
3566 2065 3622 2133 μὴ
3653 2065 3699 2117 δί-

2214 2169 2372 2205 καιον
2400 2148 2542 2205 εῖναι
2570 2153 2632 2205 τὸ
2657 2153 2779 2205 κατ’
2812 2153 3000 2205 εἰκόνα
3029 2153 3166 2206 Θεοῦ
3198 2155 3297 2207 καὶ
3333 2154 3467 2207 θεῖον
3498 2152 3626 2218 (οὕτω
3643 2152 3704 2223 τὴν

2214 2240 2409 2319 νοεράν
2438 2241 2728 2304 καλοῦντες
2770 2240 2971 2311 ψυχὴν)
2999 2242 3186 2312 ρεύσει
3228 2243 3329 2296 καὶ
3369 2244 3513 2314 ἠδονῇ
3548 2245 3704 2314 ῥυπαρᾷ

2216 2334 2600 2404 συνυπάρχειν,
2631 2333 2770 2404 μετά
2796 2333 2854 2385 δὲ
2896 2334 2998 2397 τὰς
3035 2334 3444 2407 τεσσαράκοντα
3466 2326 3550 2405 τῆς
3576 2332 3707 2402 συλλήο

2211 2424 2359 2494 ψεως
2385 2425 2600 2496 ἡμέρας
2642 2423 3092 2494 ὲπεισκρίνεσθαι
3134 2425 3324 2494 λέγειν
3362 2423 3705 2494 εὐσχημονέστε-

2215 2532 2308 2587 ρον
2338 2516 2551 2569 οῐεσθαι
2578 2516 2715 2578 δεῖν,
2746 2516 2841 2569 τὸν
2868 2517 2970 2586 τῆς
3000 2515 3215 2585 φύσεως
3248 2517 3313 2588 δη
3324 2515 3560 2588 μιουργδν
3580 2512 3707 2581 σαφῶς

2213 2606 2531 2677 αἰτιώμενοι
2561 2605 2894 2677 φανήσεσθε,
2926 2608 3021 2661 καὶ
3056 2606 3147 2661 τὸν
3191 2608 3440 2661 ἐντεῦθεν
3466 2606 3555 2677 τῆς
3599 2604 3705 2675 ﬂiu-

2211 2699 2425 2769 φημίας
2474 2698 2912 2768 ἀναφαινόμενον
2966 2699 3191 2763 εἰκότως
3229 2700 3511 2770 ὑπέχοντες
3546 2695 3709 2767 φοϐερδν
3814 2748 3815 2767 γ

2210 2790 2562 2862 δειχθήσεσθε
2594 2789 2860 2845 κίνδυνον.
2888 2790 2950 2842 BI
2981 2790 3091 2861 γὰρ
3121 2790 3295 2854 κακὸς
3322 2794 3350 2845 ὁ
3370 2791 3550 2860 γάμος,
3577 2788 3709 2893 δηλοῖ

2211 2883 2294 2936 ότι
2350 2883 2446 2935 καὶ
2483 2883 2513 2934 ὁ
2542 2882 2687 2935 κατά
2723 2881 2887 2950 φύσιν
2918 2880 3019 2951 τῆς
3055 2880 3331 2950 γενέσεως
3373 2881 3524 2951 νόμος
3555 2896 3566 2910 ·
3611 2880 3649 2930 εἰ
3674 2876 3711 2929 δὲ

2211 2972 2385 3037 κακὸς
2414 2975 2442 3025 ὁ
2472 2973 2715 3035 τοιοῦτος
2747 2973 2850 3042 τῆς
2879 2971 3021 3026 κατά
3071 2971 3239 3040 φύσιν
3292 2974 3544 3042 γενέσεως
3578 2970 3709 3039 νόμος,

2210 3064 2239 3117 ὁ
2269 3062 2368 3134 τὴν
2407 3064 2569 3133 φύσιν
2621 3062 2865 3134 δηλονότι
2920 3062 3268 3133 πεποιηκὼς,
3331 3063 3424 3117 καὶ
3470 3063 3577 3124 δοὺς
3618 3059 3713 3127 αὐτῇ

2211 3154 2376 3225 νόμον
2429 3155 2722 3222 γενέσεως,
2776 3154 3005 3217 δικαίως
3040 3154 3108 3207 ἂν
3134 3153 3263 3207 καθ’
3296 3156 3442 3225 ἡμᾶς
3471 3152 3714 3219 αἰτιαθήσε-

2210 3261 2323 3298 ται.
2345 3244 2455 3298 Καὶ
2487 3245 2541 3297 τί
2566 3244 2696 3308 τοὺς
2727 3244 2835 3298 ἀπὸ
2865 3243 3147 3308 Μάνεντος
3172 3245 3275 3298 καὶ.
3314 3245 3439 3307 τοὺς
3482 3242 3574 3312 «pb
3599 3235 3714 3293 αὐτοῦ

2210 3335 2547 3406 αἱρετικοὺς,
2594 3335 2802 3405 ταύτης
2827 3334 2991 3389 ’ἑνεκα
3037 3335 3244 3406 τρόπον
3303 3335 3427 3389 τινὰ
3473 3334 3555 3387 καὶ
3602 3330 3717 3401 μόνης

2208 3427 2308 3498 τῆς
2340 3428 2543 3494 αἰτίας,
2574 3427 2671 3481 δύο
2692 3427 2869 3500 ἀρχὰς
2902 3428 3413 3507 ὑποστησαμένους,
3442 3426 3529 3480 καὶ
3556 3425 3632 3478 τὸν
3660 3422 3717 3475 ἐπὶ

2210 3518 2428 3572 πάντων
2480 3517 2639 3591 ΘεὸνΔ
2679 3519 3138 3591 ἀρνησαμένους,
3188 3515 3642 3590 ἀποστρεφόμεθα,
3682 3512 3720 3564 τὸ

2207 3610 2339 3663 αὐτὸ
2363 3589 2644 3680 λέγοντας,
2676 3589 2846 3664 εἰκαλ.
2883 3611 2956 3682 μὴ
2988 3611 3079 3664 διὰ
3112 3611 3219 3665 τῶν
3259 3589 3461 3675 αὐτῶν,
3507 3610 3592 3662 καὶ
3622 3606 3719 3675 ὑμᾶς

2206 3701 2543 3772 εὐρηκότεςτ
2569 3702 2633 3754 Εἰ
2661 3701 2719 3754 δὲ
2747 3701 2952 3771 ταύτης
2977 3703 3142 3755 ἓνεκα
3167 3703 3273 3773 τῆς
3304 3704 3480 3766 αἰτίας
3510 3698 3720 3767 συνυπάρ·

2205 3810 2323 3863 χειν
2348 3791 2427 3864 τῷ
2456 3791 2670 3864 σώματι
2696 3793 2839 3847 κατά
2866 3794 2967 3865 τὴν
3000 3794 3267 3866 σύλληψιν
3305 3795 3406 3866 τὴν
3454 3791 3648 3860 λογικήν
3682 3803 3720 3837 τε

2206 3886 2301 3938 καί
2325 3902 2412 3940 νοε
2422 3884 2521 3957 ράν
2541 3885 2721 3958 ψυχὴν
2738 3885 2919 3955 λέγειν
2952 3887 3019 3940 δι’
3039 3888 3308 3959 αἰσχύνης
3338 3886 3603 3943 εὐλάϐειαν
3624 3895 3724 3950 παρ·

2204 3977 2445 4030 αἰτεῖσθε
2489 3977 2628 4049 μηδὲ
2690 3976 2829 4050 μετά
2876 3979 3289 4050 τεσσαράκοντα
3347 3979 3582 4050 ἡμέρας,
3628 3974 3722 4041 μήτε

2209 4066 2348 4140 μετά
2376 4067 2469 4122 τὸν
2495 4069 2915 4140 ἑννεαμηνιαίον
2938 4070 3040 4141 τῆς
3069 4071 3377 4142 κυοφορίας
3401 4070 3598 4143 χρόνον.
3628 4066 3726 4137 μήτε

2208 4161 2316 4234 μὴν
2351 4161 2493 4232 μετά
2522 4160 2616 4217 τὸν
2642 4163 2823 4227 τόκον,
2856 4162 2963 4235 πρὸ
2999 4162 3111 4216 τῶν
3153 4170 3206 4233 μ’
3232 4163 3460 4233 ἡμερῶν
3484 4160 3570 4213 τοῦ
3603 4157 3725 4211 καθα·

2206 4252 2406 4327 ρισμοῦ
2446 4252 2614 4321 φάναι
2650 4252 2950 4323 τολμήσετε
3001 4253 3061 4307 τὸ
3101 4254 3368 4325 γεννηθὲν
3394 4254 3533 4324 ἔχειν
3557 4253 3642 4322 τὴν
3664 4249 3726 4301 λοι

2204 4346 2371 4415 γικήν
2395 4361 2455 4397 τε
2498 4344 2594 4397 καὶ
2640 4343 2835 4413 νοεράν
2890 4344 3092 4415 ψυχήν.
3141 4345 3215 4398 Οὐ
3258 4346 3371 4414 γὰρ
3422 4337 3726 4414 προσιτὸντῷ

2204 4437 2316 4506 ναῷ
2339 4435 2434 4488 τοῦ
2467 4434 2603 4488 Θεοῦ
2636 4434 2777 4499 τέως
2802 4436 2917 4488 ἐστὶ
2939 4436 3000 4488 τὸ
3024 4436 3238 4506 τεχθὲν,
3262 4436 3343 4500 ὡς
3378 4435 3659 4503 ἀκάθαρτον
3678 4426 3728 4495 τῷ

2174 4529 2354 4599 Νόμῳ
2390 4524 2783 4598 διοριζόμενον.
2822 4528 2909 4591 Ὠς
2934 4527 3124 4581 λοιπον
3160 4530 3324 4598 μέχρι
3356 4527 3456 4596 τῆς
3500 4524 3599 4577 τῶν
3630 4524 3728 4591 ἠμε-

522 4619 653 4666 ante
680 4611 803 4667 dies
845 4614 1191 4683 purgationis
1218 4616 1528 4685 completos
1558 4624 1749 4685 partus
1790 4632 1894 4671 nec
1928 4618 2100 4671 ratio-

2207 4619 2318 4691 ρῶν
2357 4616 2452 4672 τοῦ
2493 4618 2838 4689 καθαρισμοῦ
2874 4618 3326 4690 συμπληρώσεως
3389 4621 3465 4689 μὴ
3516 4616 3643 4686 ἔχειν

524 4703 703 4758 nalem
754 4718 859 4759 nec
904 4704 1338 4760 intellectualem
1371 4706 1613 4760 animam
1655 4707 1862 4762 habere
1898 4708 2100 4763 secun-i

520 4792 654 4847 dum
686 4794 1189 4861 argumentationis
1221 4794 1672 4864 probabilitatem
1712 4798 1943 4867 putetis,
1979 4798 2097 4865 sed,

523 4893 582 4937 ut
622 4886 788 4954 paulo
816 4894 980 4941 antea
1032 4887 1169 4951 dixi,
1228 4890 1437 4946 habere
1483 4892 1723 4948 animam
1759 4894 1979 4964 plantae,
2006 4903 2102 4949 aut

520 4975 861 5031 irrationalis
894 4977 1427 5053 animalis-alicujus
1481 4983 1551 5038 de
1606 5000 1840 5040 numero
1901 5000 2099 5040 eorum

517 5080 642 5134 quae
678 5082 863 5122 rerum
895 5076 1093 5123 natura
1124 5058 1564 5142 comprehendit.
1604 5076 1929 5149 Cuiusmodi
1976 5077 2099 5147 opi-

521 5158 702 5215 nionis
758 5160 804 5214 si
856 5159 998 5216 forte
1046 5161 1176 5219 inde
1204 5167 1557 5223 occasionem
1593 5169 1911 5238 sumpsistis
1948 5170 2097 5239 quod

519 5265 752 5320 magnus
778 5250 991 5322 Moyses
1023 5254 1246 5325 scripsit
1275 5257 1345 5311 ab
1373 5273 1442 5313 eo
1478 5274 1674 5328 [manas
1709 5274 1821 5313 non
1848 5275 1970 5314 esse
2006 5276 2097 5315 re-

519 5342 784 5409 petendas
835 5345 930 5413 qui
963 5346 1245 5415 gravidam
1285 5350 1576 5403 mulierem
1610 5350 1924 5413 cecidisset,
1974 5363 2102 5408 ante

517 5433 884 5506 quadraginta
941 5437 1061 5493 dies
1110 5440 1155 5493 si
1202 5449 1430 5510 prepter
1471 5441 1684 5512 plagam
1736 5444 2002 5515 embryon
2046 5447 2099 5500 in

518 5522 698 5578 lucem
735 5526 947 5592 ederet,
980 5528 1268 5584 sciendum
1314 5538 1400 5584 est
1440 5533 1587 5599 quod
1638 5535 1859 5604 sapiens
1889 5536 2104 5608 Moyses

523 5628 631 5667 non
666 5616 947 5673 rationalis
974 5620 1049 5674 ibi
1084 5622 1281 5676 animm
1316 5623 1369 5676 in
1406 5638 1607 5693 corpus
1647 5626 1976 5696 ingressum,
2000 5628 2094 5681 sed

523 5702 816 5775 perfectam
837 5708 1346 5779 satis‘igurationcm
1379 5714 1586 5770 absolvi
1620 5716 1761 5771 intra
1797 5717 1848 5770 iul
1879 5727 2095 5781 tempus

2203 4710 2525 4780 τικτόμενον
2557 4706 2921 4779 τὴν⁴λογικήν
2955 4725 3017 4762 τε
3045 4708 3143 4761 καὶ
3189 4709 3389 4780 νοερὰν
3430 4706 3597 4777 ψυχὴν
3629 4698 3730 4755 κατὰ

2205 4802 2295 4858 τὸν
2321 4801 2510 4855 εἰκότα
2544 4800 2707 4868 λόγον
2739 4801 3011 4866 ὑπονοεῖν,
3044 4799 3183 4855 ἀλλά
3215 4818 3387 4864 τινος⁹
3417 4798 3491 4862 ὡς
3530 4796 3648 4865 ἔφην
3673 4806 3731 4859 με·

2208 4894 2328 4966 κρῷ
2351 4894 2607 4965 πρόσθεν,
2636 4891 2807 4962 ιρυτοῦ
2829 4894 2863 4963 ἥ
2896 4891 3035 4957 ξώου
3070 4891 3269 4960 ἀλόγου
3298 4891 3411 4944 τῶν
3440 4893 3496 4943 ἐν
3517 4890 3619 4948 τοῖς
3646 4881 3731 4934 οὖσι

2206 4985 2628 5056 διειλημμένων.
2668 4980 2732 5037 El
2788 4984 2845 5037 δὲ
2876 4985 3150 5054 πρόφασις
3189 4983 3380 5054 (236
3415 4981 3471 5053 α)
3522 4979 3637 5049 ὑμῖν
3665 4968 3730 5025 τώ

2205 5079 2447 5133 τοιούτου
2482 5078 2645 5147 λόγου
2676 5076 2984 5148 καθέστηκε
3010 5077 3071 5130 τὸ
3096 5078 3439 5149 γεγραφέναι
3481 5075 3568 5127 τον
3603 5070 3732 5139 μέγαν

2202 5172 2464 5241 Μωῦσῆν,
2489 5169 2645 5232 δίκας
2678 5168 2752 5240 μὴ
2799 5169 3152 5223 ἀπαιτεῖσθαι
3203 5169 3295 5222 τὸν
3358 5167 3627 5237 πλήξαντα
3664 5158 3731 5224 τὴν

2203 5262 2578 5332 κυοφοροῦσαν
2606 5265 2869 5328 γυναῖκα,
2892 5261 2998 5331 πρὸ
3022 5260 3445 5331 τεσσαράκοντα
3475 5252 3674 5327 ἡμερῶν
3702 5248 3732 5297 εξ

2204 5353 2444 5425 συμϐαίη
2472 5354 2560 5406 διὰ
2599 5356 2700 5424 τῆς
2754 5352 2971 5422 πληγῆς
3022 5353 3195 5423 αὐτὴν
3244 5350 3401 5421 παρά
3454 5348 3541 5402 τὸν
3587 5342 3731 5411 καιρὸν

2202 5424 2507 5499 ἀποθέσθαι
2552 5444 2615 5498 τὸ
2646 5444 2909 5514 ἔμϐρυον,
2971 5445 3146 5497 ἰστέον
3192 5442 3267 5505 ὡς
3317 5442 3387 5494 οὐ
3440 5440 3540 5509 τὴν
3587 5435 3656 5495 είς
3695 5424 3736 5477 τδ

2201 5536 2363 5608 σῶμα
2383 5536 2508 5591 τότε
2542 5536 2641 5606 τῆς
2669 5536 2895 5606 λογικῆς
2926 5537 3107 5606 ψυχῆς
3126 5533 3421 5605 γινομένην
3449 5527 3639 5584 εἴσοδον
3660 5522 3733 5588 ἐμ·

2156 5629 2167 5636 ’
2205 5630 2413 5698 φαίνων
2443 5632 2471 5683 ό
2500 5628 2661 5696 σοφὸς
2703 5628 2967 5696 Μωῦσῆς,
3001 5628 3134 5680 ἀλλὰ
3165 5628 3253 5680 τὸν
3300 5624 3513 5677 τέλειον
3551 5618 3640 5673 τοῦ
3665 5628 3735 5665 x1-

2206 5720 2565 5783 ταϐληοέντος
2599 5720 2973 5786 ἐξεικονισμίλν
3000 5718 3403 5787 ἀπαρτίζεσθαι
3423 5715 3545 5769 τότε
3577 5704 3732 5779 δηλῶν.

3178 5797 3197 5821 \
