3938 6192
274 369 407 437 1341

1496 372 2015 433 AMBIGUORUM
2053 376 2303 436 LIBER.

2200 269 2281 281 Δ,νο-ιο

3364 380 3501 447 1342

269 487 411 548 τέως
438 485 581 538 κατὰ
605 483 698 539 τὸν
720 484 1009 558 πρόχειρον
1037 482 1162 537 νοῦν
1190 482 1348 536 τοῦτο
1376 482 1642 554 γέγραφε.
1671 485 1844 553 Προσ-

1956 488 2262 556 ngmﬂcans
2284 496 2332 555 υ,
2366 489 2589 544 interim
2622 490 2678 544 in
2708 490 2857 545 hunc
2887 507 3111 547 sensum
3137 494 3254 549 haec
3276 494 3511 563 scripse-

272 576 579 639 επιτούτοις
599 576 658 629 δέ
682 577 836 641 πᾶσι,
867 575 1082 629 δέδοικα
1118 574 1211 627 τὸν
1252 573 1494 627 τοιοῦτον
1551 574 1851 644 προσδέξα-

274 667 402 721 σθαι
428 667 608 735 λόγον,
642 668 839 739 μήπως
859 669 897 739 ἡ
923 666 1018 720 τοῦ
1049 666 1211 733 λόγου
1235 664 1356 718 καθ’
1382 665 1575 734 εἱρμὸν
1613 665 1846 736 προϐαί-

274 774 443 812 νουσα
469 758 624 823 τάξις
660 758 908 829 φοϐερῶν
948 759 1150 829 ποιήσῃ
1188 774 1255 828 με
1295 758 1519 820 δικαίως
1562 756 1847 826 ἐγκλημά-

193 909 205 919 _
275 865 386 901 των
415 847 735 911 ὑπεύθυνον,
769 849 907 919 ὅπερ
935 848 1009 920 μὴ
1038 848 1201 919 θέμις
1227 851 1403 901 εἰπεῖν
1460 848 1584 901 ὅσον
1639 849 1703 900 ἐκ
1748 848 1847 916 τῆς

277 938 599 1002 ἀκολουθίας
625 938 719 992 τοῦ
748 938 908 1008 λόγου
927 956 995 1009 με
1023 937 1318 1008 βιαζομένη
1346 937 1437 991 τὸν
1468 936 1673 1007 Κύριον
1690 937 1849 1007 ἡμῶν

279 1030 374 1083 καὶ
408 1029 542 1084 Θεδν
559 1029 762 1098 λέγειν,
804 1029 963 1101 εἴπερ
1000 1029 1214 1101 ἀληθῶς
1248 1028 1371 1082 καθ’
1408 1029 1556 1099 ἡμᾶς
1592 1026 1846 1096 γενέσθαι

278 1120 617 1193 κατηξίωσεν
660 1121 950 1193 ἄνθρωπος
994 1124 1165 1190 χωρὶς
1196 1119 1494 1191 ἁμαρτίας,
1545 1118 1689 1173 κατὰ
1746 1119 1848 1187 τὴν

280 1210 543 1282 σύλληψιν
570 1211 776 1282 ἄψυχον
799 1213 893 1266 καὶ
922 1212 1085 1266 ἄνουν
1113 1211 1401 1281 ἄνθρωπον
1418 1210 1727 1279 γεγονέναι,
1759 1209 1855 1262 καὶ

277 1302 379 1365 τὰς
401 1304 810 1373 τεσσαράκοντα
842 1301 1056 1372 ἡμέρας
1095 1300 1272 1365 οὓτως
1311 1300 1504 1371 ἔχοντα
1544 1300 1854 1369 μεμενηκέ-

279 1410 388 1457 ναι,
445 1393 557 1446 τῶν
619 1391 1091 1461 ἁγίωνᾘατέρων
1146 1389 1305 1459 ἡμῶν
1360 1390 1458 1444 καὶ⁸
1514 1389 1854 1444 διδασκάλων

279 1483 580 1555 διαρρήδην
615 1482 883 1553 βοώντων,
917 1481 1120 1555 μᾶλλον
1142 1480 1198 1533 δὲ
1227 1481 1325 1551 τῆς
1351 1480 1419 1533 δι’
1444 1481 1625 1535 αὐτῶν
1664 1478 1856 1534 λαλούο

284 1591 387 1651 σης
408 1590 469 1627 τε
514 1573 612 1627 καὶ
648 1572 986 1642 λαλουμένης
1030 1554 1313 1641 άληθείας,
1361 1572 1477 1642 ἅμα
1521 1574 1590 1643 τῇ
1647 1571 1856 1642 καθόδῳ

281 1664 379 1719 τοῦ
408 1663 542 1718 Θεοῦ
567 1664 741 1733 Λόγου
771 1663 917 1718 κατὰ
942 1663 1041 1732 τὴν
1071 1662 1333 1734 σύλληψιν
1356 1664 1609 1733 ἁχρόνως
1633 1663 1723 1716 διὰ
1760 1663 1856 1733 μὲ-

287 1772 390 1826 σης
417 1755 597 1825 ψυχῆς
625 1754 853 1825 λογικῆς
879 1755 1144 1825 ἑνωθῆναι
1181 1756 1348 1827 σαρκὶ¹
1384 1757 1475 1809 τὸν
1511 1755 1715 1826 Κύριον
1757 1755 1856 1806 αύ-

1952 577 2045 632 rit.
2068 579 2148 633 Ad
2173 579 2288 634 haec
2318 595 2450 635 vero
2478 582 2661 636 omnia
2686 582 2849 636 talem
2869 583 3157 639 admittere
3190 590 3518 642 sententiam

1950 668 2269 736 reformido,
2306 687 2375 726 ne
2406 687 2513 741 qua
2545 675 2817 729 sermonis
2858 675 3004 730 serie
3040 677 3347 745 procedens
3381 680 3519 733 ordo

1950 755 2354 814 horrendorum
2388 776 2474 815 me
2505 763 2798 818 criminum
2837 766 2963 835 jure
2986 766 3287 820 obnoxium
3332 768 3519 834 faciat,

1950 850 2132 917 quoad
2184 865 2252 905 ex
2305 852 2698 922 disputationis
2758 857 3155 925 consequentia
3205 872 3291 912 me
3337 857 3521 913 dicere

1952 954 2152 1011 cogens
2194 942 2486 997 Dominum
2516 952 2789 1000 nostrum‘
2821 961 2886 1001 ac
2909 947 3104 1011 Deum,
3134 948 3280 1017 quod
3314 949 3522 1005 dixisse

1955 1029 2110 1086 nefas
2148 1040 2253 1097 est,
2293 1033 2565 1103 siquidem
2592 1050 2721 1089 vere
2759 1036 2826 1089 ad
2852 1052 2952 1091 nos
2978 1037 3144 1091 homo
3182 1037 3301 1092 fieri
3332 1040 3525 1109 digna-

1956 1126 2047 1174 tus
2076 1127 2180 1185 est,
2218 1124 2429 1191 peccati
2459 1130 2645 1190 tamen
2674 1141 2890 1195 expers,
2914 1126 3022 1181 hoc
3046 1140 3131 1182 est
3162 1128 3367 1183 dixisse
3393 1145 3521 1185 eum

1953 1207 2023 1263 de
2049 1213 2408 1280 conceptione
2435 1213 2794 1268 inanimatam
2806 1226 2862 1270 et
2883 1226 3068 1271 mente
3088 1233 3199 1272 non
3232 1219 3522 1288 praeditum

1954 1300 2235 1357 hominem
2267 1303 2525 1359 effectum
2574 1304 2765 1371 fuisse,
2799 1314 2857 1360 et
2882 1322 2984 1376 per
3008 1308 3372 1378 quadraginta
3404 1311 3524 1365 dies

1956 1391 2062 1446 hoc
2094 1401 2237 1447 statu
2288 1408 2687 1463 perseverasse,
2731 1400 3073 1453 cumsancti
3106 1400 3299 1456 Patres
3350 1403 3519 1456 nostri

1954 1492 2119 1552 atque
2159 1484 2412 1540 doctores
2442 1484 2648 1541 diserte
2693 1488 3056 1554 conclament,
3108 1491 3220 1544 imo
3256 1491 3374 1560 ipsa
3422 1507 3523 1561 per

1954 1584 2052 1625 eos
2081 1570 2296 1626 Veritas
2330 1573 2561 1627 aﬂirmet
2584 1574 2999 1643 et'atiirmetur,
3038 1578 3202 1633 simul
3245 1595 3370 1633 cum
3421 1581 3520 1636 Dei

1955 1657 2123 1715 Verbi
2174 1677 2275 1730 per
2327 1664 2743 1734 conceptionem
2803 1666 3163 1724 descensione
3230 1672 3415 1727 statim
3465 1682 3524 1728 et

1954 1750 2111 1805 nullo
2157 1759 2401 1822 tempore
2432 1755 2723 1826 interiecto
2750 1773 2850 1827 per
2894 1759 3131 1814 mediam
3161 1762 3400 1817 animam
3434 1780 3525 1819 ra-

286 1808 387 1900 τὸῖ
404 1808 664 1900 {ausim
695 1808 891 1913 λόγον,
918 1808 1448 1917 ἀλλ”οοδιᾶιμέσης
1482 1808 1682 1916 aspis,
1720 1844 1857 1913 ἀψύ-

1960 1839 2218 1896 tionalem
2253 1843 2544 1899 Dominum
2591 1847 2769 1916 ipsum
2805 1860 2860 1903 et
2892 1851 3063 1903 Deum
3104 1851 3349 1905 Verbum
3395 1870 3520 1908 cum

288 1951 385 2003 χου
438 1933 665 2005 λογικὴν
720 1933 901 2005 ψυχὴν
950 1934 1345 2005 προσδέξασθαι
1401 1935 1855 2003 προσγινομένην,

289 2028 385 2081 καὶ
405 2028 507 2081 οὐκ
534 2028 741 2099 ἄψυχον
777 2027 933 2098 σῶμα
962 2026 1240 2089 παντελῶς
1280 2025 1313 2091 ἢ
1344 2024 1504 2079 ἄνουν
1547 2022 1723 2094 ψυχὴν
1765 2024 1860 2077 κοιλ⁵

288 2119 480 2186 ἅλογον
507 2119 877 2188 ἀνειληφέναι,
899 2118 1035 2172 ἀλλὰ
1059 2118 1270 2171 τελείαν
1298 2116 1601 2179 ἀνελλιπῶς
1624 2116 1722 2184 τὴν
1760 2115 1860 2184 φύ-

288 2210 372 2265 σιν
392 2210 488 2281 τὴν
507 2212 572 2265 ἐκ
592 2209 773 2281 ψυχῆς
792 2209 1014 2279 λογικῆς
1043 2208 1160 2278 ἅμα
1187 2209 1281 2262 καὶ
1318 2208 1570 2277 σώματος
1603 2222 1859 2259 συνιστα-

289 2302 456 2372 μένην
494 2301 673 2371 ἐαυτῷ
703 2301 825 2355 καθ’
866 2300 1163 2354 ὑπόστασιν
1210 2298 1464 2371 ἀρρήτως
1503 2297 1721 2372 ἐνῶσαι.
1768 2296 1861 2349 Διὸ

289 2392 524 2455 μάλιστα
583 2392 908 2462 περιέχομαι
952 2389 1050 2443 τοῦ
1101 2390 1201 2459 τῆς
1252 2387 1636 2458 συνυπάρξεως
1674 2386 1856 2456 λόγου.

283 2485 414 2548 τοὺς
446 2485 531 2555 ἐφ’
558 2484 796 2555 ἑκάτερα
823 2485 889 2537 δι’
917 2482 1163 2546 ἐναντίας
1191 2481 1349 2545 ιὂντας
1389 2480 1637 2551 ἀλλήλοις
1676 2497 1733 2532 τε
1763 2480 1861 2533 καὶ

282 2578 353 2646 τῇ
373 2576 629 2646 μεσότητι
653 2574 945 2645 προσφυῶς
975 2573 1456 2643 ἀποπεμπόμενος,
1477 2572 1637 2626 αὐτὸν
1652 2571 1742 2624 τὸν
1763 2572 1862 2641 τῆς

284 2665 502 2735 φύσεως
530 2665 760 2737 ποιητὴν
796 2666 935 2734 ἔχων
966 2664 1045 2734 τῷ
1078 2663 1199 2721 καθ’
1234 2664 1426 2719 ἑαυτὸν
1456 2663 1740 2734 μυστηρίῳ
1764 2663 1860 2733 τῆς

282 2760 724 2831 ἐνσωματώσεως
768 2758 864 2811 τοῦ
899 2758 1141 2811 τοιούτου
1191 2756 1351 2825 λόγου
1389 2754 1678 2826 (2361))
1732 2770 1861 2808 συν-

283 2852 485 2922 ήγορόν
503 2867 564 2904 τε
596 2850 692 2904 καὶ
733 2848 1048 2902 διδάσκαλον
1086 2847 1545 2917 ἀπαραλόγιστον,
1587 2845 1679 2898 τὸν
1705 2846 1861 2912 γενό-

286 2958 449 3010 μενον
490 2939 706 3012 ἀληθῶς
758 2938 1066 3008 ἄνθρωπον,
1125 2938 1219 3009 καὶ
1279 2935 1378 3006 τὴν
1432 2935 1593 3005 φύσιν
1642 2936 1859 2999 τελείως

284 3033 519 3103 ἔχουσαν
544 3030 661 3103 ἅμα
688 3030 767 3100 τῷ
798 3025 937 3084 εἶναι
970 3030 1113 3085 κατὰ
1147 3029 1246 3100 τὴν
1279 3028 1495 3097 γένεσιν
1532 3027 1859 3096 ὑφίστασθαι

1956 1945 2121 1986 carne
2147 1932 2344 1999 coisse,
2385 1951 2497 1990 non
2526 1952 2658 1992 vero
2700 1953 2797 2007 per
2827 1939 3063 1994 mediam
3095 1957 3315 1997 carnem
3347 1944 3523 1999 inani-

1956 2030 2159 2077 matam
2192 2026 2430 2080 animam
2468 2028 2793 2083 rationalem
2822 2031 3184 2086 accedentem
3222 2036 3519 2104 recepisse,

1955 2122 2014 2166 et
2041 2129 2149 2167 non
2185 2114 2547 2170 inanimatum
2571 2133 2799 2187 prorsus
2830 2135 3032 2190 corpus
3055 2131 3149 2176 aut
3195 2125 3396 2179 mentis
3424 2141 3521 2181 ex-

1957 2213 2167 2272 pertem
2212 2206 2691 2278 irrationalemque
2746 2210 2984 2265 animam
3031 2213 3322 2284 adoptasse
3352 2256 3368 2281 ,
3422 2216 3519 2270 sed

1958 2294 2254 2363 perfectam
2298 2298 2456 2365 plene
2485 2310 2734 2355 naturam
2764 2315 2833 2355 ex
2861 2304 3040 2357 anima
3069 2304 3325 2359 rationali
3353 2307 3515 2361 simul

1956 2395 2013 2441 et
2039 2402 2270 2457 corpore
2291 2390 2682 2446 consistentem
2698 2392 2918 2448 sibimet
2940 2396 3245 2451 secundum
3271 2398 3527 2452 substan-

1960 2476 2090 2531 tiam
2125 2476 2391 2531 inetl'abili
2421 2479 2659 2548 quodam
2719 2481 2882 2535 modo
2929 2482 3287 2538 coadunasse.
3325 2483 3525 2549 Quam-

1958 2568 2148 2622 obrem
2182 2569 2415 2624 maxime
2443 2571 2725 2640 amplexor
2757 2571 3159 2627 coexsistentize
3183 2574 3522 2643 Opinionem,

1959 2667 2295 2729 caeterasque
2331 2659 2387 2713 in
2423 2667 2712 2731 utramque
2750 2670 2963 2732 partem
2999 2663 3376 2733 divergentes,
3404 2682 3525 2735 qua:

1961 2761 2070 2809 tam
2108 2755 2216 2809 sibi
2256 2755 2491 2809 invicem
2521 2771 2684 2825 quam
2727 2755 2909 2810 medio
2939 2755 3219 2809 contraria
3256 2764 3419 2820 sunt,
3457 2762 3520 2808 ut

1959 2854 2388 2901 consentaneum
2421 2852 2526 2912 est,
2560 2847 2757 2900 missas
2794 2845 2965 2909 facio,
2997 2855 3052 2899 et
3093 2845 3270 2915 ipsum
3313 2854 3525 2899 naturas

1959 2933 2319 2990 Conditorem
2375 2950 2476 2989 suo
2531 2934 2681 3004 quod
2734 2934 2836 2989 sibi
2902 2935 3067 2989 habet
3128 2935 3526 2990 incarnationis

1959 3026 2221 3098 mysterio
2242 3034 2535 3095 patronum
2564 3027 2730 3096 hujus
2762 3027 3039 3096 opinionis
3058 3035 3222 3095 atque
3244 3026 3524 3080 doctorem

282 3124 353 3176 δι’
410 3123 601 3181 ἑαυτοῦ
657 3121 1114 3193 βεϐαιωσάμενον,
1167 3120 1263 3173 καὶ
1311 3119 1480 3190 μόνην
1532 3118 1857 3188 καινοτομή-

1962 3118 2308 3173 infallibilem
2355 3117 2553 3183 habeo,
2588 3118 2682 3187 qui
2712 3133 2839 3172 vere
2865 3126 2948 3172 est
2975 3118 3139 3171 homo
3169 3115 3365 3182 factus,
3398 3116 3525 3185 qui-

289 3231 459 3268 σαντα
506 3214 603 3283 τὴν
642 3213 992 3282 καινοτομίαν
1047 3214 1147 3283 τῆς
1195 3210 1430 3280 φύσεως,
1470 3208 1613 3275 λέγω
1660 3208 1723 3277 δὴ
1758 3207 1855 3278 τὴν

283 3304 379 3358 διὰ
429 3306 636 3374 σπορᾶς
677 3302 936 3374 σύλληψιν
973 3303 1069 3356 καὶ
1098 3302 1197 3371 τὴν
1226 3300 1315 3354 διὰ
1345 3300 1552 3369 φθορᾶς
1581 3297 1854 3367 γέννησιν,

284 3394 468 3464 ἇσπερ
503 3396 537 3465 ἡ
572 3394 734 3463 φύσις
787 3392 924 3463 μετὰ
975 3392 1073 3462 τὴν
1124 3390 1436 3462 παράϐασιν
1487 3388 1855 3454 ἐπεσπάσατο,

285 3485 386 3553 τῆς
413 3485 567 3548 θείας
595 3485 947 3538 ἁποπεσοῦσα
968 3485 1061 3538 καὶ
1084 3484 1464 3552 πνευματικῆς
1515 3483 1596 3544 εἰς
1652 3480 1855 3549 πλῆθος

285 3569 591 3639 αύξήσεως,
622 3569 737 3621 ἀλλ’
763 3571 826 3622 οὐ
855 3571 946 3622 τὸν
995 3570 1151 3637 λόγον
1197 3568 1297 3637 τῆς
1352 3566 1567 3635 φύσεως
1622 3567 1741 3621 καθ’
1795 3567 1854 3621 δν

286 3659 406 3712 ἔστι
438 3676 497 3712 τε
530 3660 623 3711 καὶ
663 3659 906 3725 γίνεσθαι
936 3660 1182 3728 πέφυκεν
1218 3658 1334 3725 ἅμα
1360 3658 1440 3727 τῷ
1472 3654 1612 3710 εἶναι
1651 3661 1716 3712 ἐκ
1748 3659 1853 3728 ψυ-

286 3750 390 3819 χῆς
415 3749 639 3819 λογικῆς
664 3749 999 3819 ὑφισταμένη
1030 3750 1123 3801 καὶ
1151 3746 1422 3817 σώματος.

1958 3226 2066 3283 que
2099 3218 2373 3275 naturam,
2419 3210 2583 3265 simul
2614 3220 2778 3278 atque
2805 3225 2926 3264 esse
2949 3208 3174 3278 incepit,
3220 3208 3525 3263 secundum

1956 3301 2366 3374 generationem
2428 3301 2733 3355 subsistere
2780 3300 3025 3370 perfecte
3078 3299 3373 3354 habentem
3426 3313 3527 3369 per

1956 3394 2311 3463 semetipsum
2355 3392 2703 3448 confirmavit
2735 3399 2792 3445 et
2834 3392 3012 3446 solum
3058 3399 3268 3444 naturae
3296 3392 3525 3444 innova-

1958 3486 2163 3539 tionem
2198 3482 2500 3548 inchoavit,
2529 3481 2944 3553 conceptionem
2982 3495 3078 3553 per
3117 3481 3407 3546 sationem,
3444 3481 3530 3536 in-

1958 3590 2122 3644 quam
2151 3615 2166 3637 ,
2225 3582 2391 3643 atque
2443 3576 2852 3663 generationem
2919 3590 3017 3643 per
3048 3575 3354 3638 interitum,
3391 3559 3528 3647 quas

1960 3674 2158 3721 natura
2196 3673 2323 3735 post
2349 3666 2844 3733 transgressionem
2871 3666 2975 3719 sibi
3006 3672 3375 3726 contraxerat,
3401 3680 3524 3717 cum

1960 3755 2029 3809 de
2061 3753 2248 3808 divino
2278 3753 2619 3821 etspirituali
2651 3754 2707 3806 in
2745 3752 3155 3817 multitudinem
3183 3753 3527 3806 incremento

287 3839 510 3908 delapsa
541 3847 707 3900 esset,
726 3837 823 3893 sed
886 3853 995 3892 non
1034 3845 1243 3891 naturae
1303 3837 1591 3903 rationem,
1621 3843 1923 3897 secundum
1963 3858 2125 3914 quam
2155 3850 2212 3897 et
2246 3850 2332 3898 est
2362 3852 2419 3898 et
2461 3841 2580 3897 ﬁeri
2612 3851 2814 3914 potest,
2856 3843 3017 3897 simul
3048 3859 3173 3899 cum
3207 3844 3526 3898 cxsistenlia

287 3946 355 3984 ex
388 3928 640 3983 rationali
668 3928 852 3982 anima
878 3935 1042 3996 atque
1072 3942 1302 3997 corpore
1335 3926 1693 3997 suscepisset.

289 4109 428 4178 Ιιερὶ
467 4107 573 4165 τοῦ
618 4107 746 4174 πῶς
784 4107 1132 4177 καινοτομία
1169 4107 1393 4176 γίνεται
1433 4107 1555 4163 τῶν
1586 4127 1857 4165 καινοτο-

359 4199 672 4269 μουμένων
732 4198 1092 4269 πραγμάτων
1163 4201 1476 4267 μενόντων
1552 4202 1858 4269 ἀτρέπτων

359 4294 509 4349 νατὰ
542 4289 657 4358 τὴν
682 4292 895 4360 φύσιν.

1886 4056 1954 4067 .-

1959 4111 2228 4180 Quomodo
2257 4115 2528 4168 innovnlio
2556 4113 2673 4193 ﬁat.
2703 4114 2828 4167 dum
2872 4128 2953 4167 res
2990 4114 3305 4170 innovanda:
3356 4116 3527 4185 firma:

2327 4217 2524 4259 natura
2547 4221 2610 4260 ac
2638 4204 2850 4259 stabiles
2876 4213 3147 4260 "teneant.

361 4407 516 4461 Πᾶσα
551 4404 662 4479 γὰρ
709 4403 939 4458 καθόλου
1002 4406 1168 4473 φάναι
1212 4406 1530 4476 καινοτομία
1585 4409 1713 4480 περὶ
1765 4398 1853 4462 τὸν

2025 4402 2216 4460 Omnis
2243 4405 2467 4469 etenim,
2490 4412 2551 4459 ut
2575 4404 2828 4460 universe
2855 4405 3054 4467 dicam,
3083 4404 3359 4461 innovatio
3381 4406 3525 4463 circa

290 4497 489 4567 τρόπον
520 4495 617 4549 τοῦ
670 4494 1163 4565 καινοτομουμένου
1216 4497 1538 4566 πράγματος
1595 4499 1856 4567 πέφυκεν,

291 4587 405 4641 ἀλλ’
428 4588 491 4639 οὐ
526 4585 654 4656 περὶ
679 4585 767 4638 τὸν
804 4583 961 4652 λόγον
993 4584 1094 4653 τῆς
1135 4583 1351 4653 φύσεως
1383 4585 1649 4654 γίνεσθαι,
1671 4586 1859 4658 διόπερ

289 4680 318 4730 ό
354 4678 451 4747 μὲν
478 4675 635 4744 λόγος
662 4673 1149 4744 καινοτομούμενος
1180 4674 1393 4745 φθείρει
1427 4674 1524 4746 τὴν
1545 4674 1726 4744 φύσιν,
1759 4677 1859 4730 οὐκ

289 4770 518 4838 ἔχουσαν
547 4767 642 4819 τὸν
679 4766 805 4819 καθ’
843 4766 903 4818 ὃν
930 4765 1046 4816 ἐστι
1074 4764 1232 4833 λόγον
1267 4766 1720 4837 ἀρᾳδιούργητον,
1750 4771 1778 4821 ό
1803 4768 1859 4821 δέ

290 4861 490 4928 τρόπος
539 4855 1033 4926 καινοτομούμενος
1075 4856 1484 4926 φυλαττομένου
1522 4858 1724 4929 δηλαδὴ
1761 4859 1858 4912 τοῦ

293 4948 435 5001 κατὰ
464 4945 626 5016 φύσιν
653 4946 813 5013 λόγου
844 4945 1120 5016 θαύματος
1147 4947 1479 5001 ἐνδείκνυται
1506 4949 1758 5019 δύναμιν,
1784 4949 1860 5015 ὡς

292 5034 392 5105 τὴν
442 5035 607 5104 φύσιν
660 5036 1061 5108 ἐνεργουμένην
1096 5054 1156 5090 τε
1203 5037 1660 5108 καὶηένεργοΰσαν
1720 5041 1860 5111 ὑπὲρ

293 5124 384 5178 τὸν
416 5126 615 5195 ἐαυτῆς
648 5126 973 5189 ἀποδεικνὺς
1026 5127 1269 5197 δηλονότι
1319 5128 1540 5199 θεσμόν.
1594 5132 1764 5198 Λόγος
1804 5131 1861 5185 δὲ

295 5215 506 5283 φύσεως
535 5217 885 5288 ἀνθρωπίνης
906 5219 1025 5270 ἐστὶ
1051 5219 1113 5271 τὸ
1140 5218 1320 5289 ψυχὴν
1355 5221 1449 5273 καὶ
1489 5222 1648 5291 σῶμα
1675 5223 1767 5276 καὶ
1797 5224 1861 5275 ἐκ
1908 5230 1921 5239 ⁸

290 5308 471 5380 ψυχῆς
497 5310 721 5379 λογικῆς
754 5305 896 5362 εἶναι
944 5308 1041 5380 τὴν
1085 5310 1248 5378 φύσιν
1282 5311 1378 5364 καὶ
1409 5311 1681 5381 σώματος,
1733 5314 1858 5384 τρό-

293 5416 394 5462 πος
438 5400 554 5471 δὲή
592 5402 650 5453 ἐν
691 5400 770 5467 τῷ
818 5402 1060 5471 ἐνεργεῖν
1108 5401 1203 5453 καὶ
1230 5402 1569 5471 ἐνεργεῖσθαι
1617 5402 1861 5470 φυσικῶς

292 5488 445 5554 τάξις
483 5490 651 5555 ἐστὶν,
699 5491 1039 5562 ἀμειϐομένη
1079 5508 1143 5545 τε
1182 5491 1442 5559 πολλάκις
1489 5495 1581 5548 καὶ
1612 5495 1859 5549 ἀλλοιου-

296 5582 567 5653 μένη,τὴν
597 5583 653 5636 δὲ
680 5582 841 5651 φύσιν
872 5584 1037 5654 ἑαυτῇ
1060 5582 1339 5647 παντελῶς
1351 5584 1410 5637 ού
1438 5586 1857 5656 συναμείϐουσα.

364 5747 389 5774 ⁸³
421 5737 590 5794 Emd.
630 5754 735 5796 χιι,
778 5738 868 5790 2:2.

1959 4495 2181 4549 modum
2201 4497 2281 4550 rei
2313 4495 2654 4560 innovandae,
2675 4511 2784 4550 non
2821 4496 2970 4550 circa
2999 4496 3269 4551 rationem
3295 4506 3523 4561 naturze,

1961 4584 2075 4643 fieri
2111 4593 2423 4654 comparata
2456 4592 2558 4651 est,
2612 4583 2742 4654 quia
2793 4584 2933 4638 ratio
2963 4584 3219 4639 innovata
3274 4594 3525 4639 naturam

1958 4675 2127 4740 laedit,
2159 4690 2282 4744 qua:
2314 4690 2434 4730 eam
2469 4674 2770 4729 secundum
2806 4668 2969 4743 quam
3001 4675 3217 4728 exsistit
3256 4675 3525 4729 rationem

1958 4779 2068 4818 non
2085 4771 2266 4819 teneat
2281 4763 2679 4826 intemeratam,
2700 4761 2895 4816 modus
2910 4778 3038 4820 vero
3058 4763 3425 4827 innovandos,
3444 4764 3519 4818 ita

1957 4857 2217 4911 nimirum
2242 4864 2303 4911 ut
2326 4856 2591 4911 naturalis
2612 4850 2751 4909 fatio
2773 4864 3042 4919 servetur,
3073 4856 3323 4911 miraculi
3342 4864 3527 4910 osten-

1958 4947 2039 5002 dit
2084 4947 2365 5010 virtutem,
2422 4961 2546 4999 cum
2596 4952 2849 4999 naturam
2905 4959 3099 5014 nempe
3152 4954 3210 4999 et
3250 4955 3424 4998 actam
3469 4952 3527 4998 et

1958 5047 2206 5111 agentem
2231 5039 2377 5093 ultra
2397 5053 2551 5093 suam
2595 5037 2769 5106 ipsius
2797 5036 2968 5105 legem
3003 5051 3068 5089 ac
3106 5052 3353 5090 normam
3392 5052 3525 5105 pro-

1958 5136 2192 5185 moveat.
2224 5128 2384 5182 Ratio
2407 5136 2590 5182 autem
2633 5127 2891 5180 humanm
2916 5133 3125 5179 natura:
3159 5132 3244 5179 est
3287 5126 3523 5178 animam

1959 5232 2227 5291 eteorpus
2248 5230 2305 5276 et
2333 5236 2400 5276 ex
2433 5220 2616 5274 anima
2647 5217 2898 5273 rationali
2924 5225 2980 5272 et
3007 5232 3242 5287 corpore
3268 5224 3521 5271 naturam

1959 5329 2099 5377 esse,
2121 5322 2310 5367 contra
2328 5312 2524 5367 modus
2539 5322 2623 5368 est
2643 5310 2781 5366 ordo
2799 5324 2909 5378 quo
2924 5308 3102 5378 agitur
3122 5307 3445 5362 naturaliter
3468 5316 3521 5362 ct

1959 5403 2091 5471 agit,
2111 5403 2204 5472 qui
2234 5418 2609 5472 saepenumero
2628 5401 2862 5456 vertitur
2882 5407 2939 5453 et
2962 5399 3304 5461 immutatur,
3319 5396 3415 5451 sed
3438 5411 3524 5453 na-

1962 5505 2137 5549 turam
2156 5510 2261 5548 una
2282 5511 2405 5549 cum
2431 5494 2727 5562 semetipso
2749 5491 3093 5546 omninonon
3112 5497 3303 5544 mutat.
3327 5489 3522 5554 Quem-

1961 5583 2250 5639 admodum
2290 5584 2455 5637 etiam
2505 5582 2558 5636 in
2600 5593 2924 5651 quacunque
2968 5592 3026 5631 re
3064 5577 3168 5631 alia
3206 5574 3321 5628 fieri
3361 5573 3522 5636 solet.
