  <div class='ocr_page' id='page_1' title='image "/cluster/home/n/w/nwhite01/storage/ocr_20150623/91/hvd.32044052742962/676.png"; bbox 0 0 3938 6192; ppageno 0'>
   <div class='ocr_carea' id='block_1_1' title="bbox 1503 174 1827 244">
    <p class='ocr_par' dir='ltr' id='par_1_1' title="bbox 1503 176 1827 236">
     <span class='ocr_line' id='line_1_1' title="bbox 1503 176 1827 236; baseline -0.003 0"><span class='ocrx_word' id='word_1_1' title='bbox 1503 177 1739 236; x_wconf 81' lang='lat' dir='ltr'><strong>AMBIG</strong></span> <span class='ocrx_word' id='word_1_2' title='bbox 1752 176 1827 236; x_wconf 88' lang='lat' dir='ltr'><strong>U(</strong></span> 
     </span>
    </p>
   </div>
   <div class='ocr_carea' id='block_1_2' title="bbox 1933 174 3516 244">
    <p class='ocr_par' dir='ltr' id='par_1_2' title="bbox 1933 174 3516 244">
     <span class='ocr_line' id='line_1_2' title="bbox 1933 174 3516 244; baseline 0.005 -8"><span class='ocrx_word' id='word_1_3' title='bbox 1933 178 1960 236; x_wconf 65' lang='grc' dir='ltr'><em>Ι</em></span> <span class='ocrx_word' id='word_1_4' title='bbox 1969 178 2023 235; x_wconf 83' lang='grc' dir='ltr'>Μ</span> <span class='ocrx_word' id='word_1_5' title='bbox 2064 176 2314 235; x_wconf 81' lang='lat' dir='ltr'><strong>LIBER.</strong></span> <span class='ocrx_word' id='word_1_6' title='bbox 3379 174 3516 244; x_wconf 61' lang='grc'><strong>1346</strong></span> 
     </span>
    </p>
   </div>
   <div class='ocr_carea' id='block_1_3' title="bbox 265 148 576 248">
    <p class='ocr_par' dir='ltr' id='par_1_3' title="bbox 265 148 576 248">
     <span class='ocr_line' id='line_1_3' title="bbox 265 148 576 248; baseline -0.006 0"><span class='ocrx_word' id='word_1_7' title='bbox 265 180 401 248; x_wconf 66' lang='lat' dir='ltr'><strong>tius</strong></span> <span class='ocrx_word' id='word_1_8' title='bbox 502 148 503 151; x_wconf 6' lang='grc' dir='ltr'>γ</span> <span class='ocrx_word' id='word_1_9' title='bbox 567 162 576 170; x_wconf 87' lang='grc'><em>’</em></span> 
     </span>
    </p>
   </div>
   <div class='ocr_carea' id='block_1_4' title="bbox 259 282 1827 361">
    <p class='ocr_par' dir='ltr' id='par_1_4' title="bbox 259 285 1827 361">
     <span class='ocr_line' id='line_1_4' title="bbox 259 285 1827 361; baseline 0.002 -14"><span class='ocrx_word' id='word_1_10' title='bbox 259 291 679 361; x_wconf 70' lang='grc' dir='ltr'>ικαινοτόμησε,</span> <span class='ocrx_word' id='word_1_11' title='bbox 722 289 1025 361; x_wconf 57' lang='grc' dir='ltr'>προσλήψει</span> <span class='ocrx_word' id='word_1_12' title='bbox 1073 288 1275 359; x_wconf 79' lang='grc' dir='ltr'>σαρκὸς</span> <span class='ocrx_word' id='word_1_13' title='bbox 1319 285 1409 339; x_wconf 78' lang='grc' dir='ltr'><strong>διὰ</strong></span> <span class='ocrx_word' id='word_1_14' title='bbox 1447 287 1620 358; x_wconf 81' lang='grc' dir='ltr'>μέσης</span> <span class='ocrx_word' id='word_1_15' title='bbox 1661 288 1827 358; x_wconf 74' lang='grc' dir='ltr'>ψυχῆς</span> 
     </span>
    </p>
   </div>
   <div class='ocr_carea' id='block_1_5' title="bbox 1933 282 3513 361">
    <p class='ocr_par' dir='ltr' id='par_1_5' title="bbox 1947 282 3513 355">
     <span class='ocr_line' id='line_1_5' title="bbox 1947 282 3513 355; baseline -0.003 -16"><span class='ocrx_word' id='word_1_16' title='bbox 1947 301 2047 355; x_wconf 89' lang='lat' dir='ltr'><strong>per</strong></span> <span class='ocrx_word' id='word_1_17' title='bbox 2074 285 2244 355; x_wconf 86' lang='lat' dir='ltr'><strong>quod,</strong></span> <span class='ocrx_word' id='word_1_18' title='bbox 2305 282 2666 339; x_wconf 74' lang='lat' dir='ltr'><strong>novissimum</strong></span> <span class='ocrx_word' id='word_1_19' title='bbox 2718 298 2908 339; x_wconf 80' lang='lat' dir='ltr'><strong>revera</strong></span> <span class='ocrx_word' id='word_1_20' title='bbox 2958 285 3278 355; x_wconf 79' lang='lat' dir='ltr'><strong>mysterium</strong></span> <span class='ocrx_word' id='word_1_21' title='bbox 3314 300 3513 339; x_wconf 62' lang='lat' dir='ltr'><strong>suum:</strong></span> 
     </span>
    </p>
   </div>
   <div class='ocr_carea' id='block_1_6' title="bbox 257 374 1827 457">
    <p class='ocr_par' dir='ltr' id='par_1_6' title="bbox 257 378 1827 457">
     <span class='ocr_line' id='line_1_6' title="bbox 257 378 1827 457; baseline -0.007 -18"><span class='ocrx_word' id='word_1_22' title='bbox 257 387 474 457; x_wconf 76' lang='grc' dir='ltr'>νοερᾶς,</span> <span class='ocrx_word' id='word_1_23' title='bbox 514 384 773 455; x_wconf 66' lang='grc' dir='ltr'>ἀρρήτως</span> <span class='ocrx_word' id='word_1_24' title='bbox 806 382 1031 451; x_wconf 74' lang='grc' dir='ltr'>κυηθεὶς</span> <span class='ocrx_word' id='word_1_25' title='bbox 1064 380 1193 434; x_wconf 75' lang='grc' dir='ltr'>ἄνευ</span> <span class='ocrx_word' id='word_1_26' title='bbox 1225 380 1454 449; x_wconf 77' lang='grc' dir='ltr'>σπορᾶς,</span> <span class='ocrx_word' id='word_1_27' title='bbox 1497 378 1593 431; x_wconf 73' lang='grc' dir='ltr'><strong>καὶ</strong></span> <span class='ocrx_word' id='word_1_28' title='bbox 1644 394 1827 448; x_wconf 86' lang='grc' dir='ltr'>γεννη-</span> 
     </span>
    </p>
   </div>
   <div class='ocr_carea' id='block_1_7' title="bbox 1933 374 3520 457">
    <p class='ocr_par' dir='ltr' id='par_1_7' title="bbox 1941 374 3520 445">
     <span class='ocr_line' id='line_1_7' title="bbox 1941 374 3520 445; baseline 0 -17"><span class='ocrx_word' id='word_1_29' title='bbox 1941 391 2051 445; x_wconf 89' lang='lat' dir='ltr'><strong>quo</strong></span> <span class='ocrx_word' id='word_1_30' title='bbox 2085 390 2308 430; x_wconf 90' lang='lat' dir='ltr'><strong>carnem</strong></span> <span class='ocrx_word' id='word_1_31' title='bbox 2358 382 2588 444; x_wconf 83' lang='lat' dir='ltr'><strong>prepter</strong></span> <span class='ocrx_word' id='word_1_32' title='bbox 2628 390 2729 429; x_wconf 92' lang='lat' dir='ltr'><strong>nos</strong></span> <span class='ocrx_word' id='word_1_33' title='bbox 2774 375 3056 445; x_wconf 81' lang='lat' dir='ltr'><strong>ingressus</strong></span> <span class='ocrx_word' id='word_1_34' title='bbox 3084 384 3190 437; x_wconf 91' lang='lat' dir='ltr'><strong>est,</strong></span> <span class='ocrx_word' id='word_1_35' title='bbox 3222 374 3369 429; x_wconf 89' lang='lat' dir='ltr'><strong>circa</strong></span> <span class='ocrx_word' id='word_1_36' title='bbox 3396 390 3520 428; x_wconf 89' lang='lat' dir='ltr'><strong>mo-</strong></span> 
     </span>
    </p>
   </div>
   <div class='ocr_carea' id='block_1_8' title="bbox 259 465 1827 544">
    <p class='ocr_par' dir='ltr' id='par_1_8' title="bbox 259 468 1827 544">
     <span class='ocr_line' id='line_1_8' title="bbox 259 468 1827 544; baseline -0.005 -15"><span class='ocrx_word' id='word_1_37' title='bbox 259 468 370 538; x_wconf 78' lang='grc' dir='ltr'>οεὶς</span> <span class='ocrx_word' id='word_1_38' title='bbox 405 475 622 544; x_wconf 78' lang='grc' dir='ltr'>ἀληθῶς</span> <span class='ocrx_word' id='word_1_39' title='bbox 649 475 777 528; x_wconf 76' lang='grc' dir='ltr'>ἄνευ</span> <span class='ocrx_word' id='word_1_40' title='bbox 818 474 1023 543; x_wconf 71' lang='grc' dir='ltr'>φθορᾶς</span> <span class='ocrx_word' id='word_1_41' title='bbox 1066 470 1353 541; x_wconf 78' lang='grc' dir='ltr'>ἄνθρωπος</span> <span class='ocrx_word' id='word_1_42' title='bbox 1394 469 1623 532; x_wconf 84' lang='grc' dir='ltr'>τέλειος,</span> <span class='ocrx_word' id='word_1_43' title='bbox 1660 468 1827 538; x_wconf 74' lang='grc' dir='ltr'>ψυχὴι</span> 
     </span>
    </p>
   </div>
   <div class='ocr_carea' id='block_1_9' title="bbox 1933 465 3518 544">
    <p class='ocr_par' dir='ltr' id='par_1_9' title="bbox 1942 465 3518 536">
     <span class='ocr_line' id='line_1_9' title="bbox 1942 465 3518 536; baseline -0.001 -16"><span class='ocrx_word' id='word_1_44' title='bbox 1942 467 2075 520; x_wconf 90' lang='lat' dir='ltr'><strong>dum</strong></span> <span class='ocrx_word' id='word_1_45' title='bbox 2128 465 2443 536; x_wconf 88' lang='lat' dir='ltr'><strong>pcrﬁciens,</strong></span> <span class='ocrx_word' id='word_1_46' title='bbox 2500 475 2563 519; x_wconf 79' lang='lat' dir='ltr'><strong>at</strong></span> <span class='ocrx_word' id='word_1_47' title='bbox 2607 481 2717 519; x_wconf 88' lang='lat' dir='ltr'><strong>non</strong></span> <span class='ocrx_word' id='word_1_48' title='bbox 2752 465 2901 520; x_wconf 86' lang='lat' dir='ltr'><strong>circa</strong></span> <span class='ocrx_word' id='word_1_49' title='bbox 2934 466 3227 529; x_wconf 84' lang='lat' dir='ltr'><strong>rationem,</strong></span> <span class='ocrx_word' id='word_1_50' title='bbox 3262 474 3518 519; x_wconf 90' lang='lat' dir='ltr'><strong>naturam</strong></span> 
     </span>
    </p>
   </div>
   <div class='ocr_carea' id='block_1_10' title="bbox 258 555 1827 638">
    <p class='ocr_par' dir='ltr' id='par_1_10' title="bbox 258 557 1827 638">
     <span class='ocr_line' id='line_1_10' title="bbox 258 557 1827 638; baseline -0.008 -17"><span class='ocrx_word' id='word_1_51' title='bbox 258 568 452 638; x_wconf 79' lang='grc' dir='ltr'>νοερὰν</span> <span class='ocrx_word' id='word_1_52' title='bbox 498 567 636 636; x_wconf 77' lang='grc' dir='ltr'>μετὰ</span> <span class='ocrx_word' id='word_1_53' title='bbox 680 564 934 633; x_wconf 81' lang='grc' dir='ltr'>σώματος</span> <span class='ocrx_word' id='word_1_54' title='bbox 962 563 1022 626; x_wconf 77' lang='grc' dir='ltr'><strong>ἐξ</strong></span> <span class='ocrx_word' id='word_1_55' title='bbox 1043 561 1216 630; x_wconf 81' lang='grc' dir='ltr'>αὑτῆς</span> <span class='ocrx_word' id='word_1_56' title='bbox 1254 561 1354 631; x_wconf 81' lang='grc' dir='ltr'>τῆς</span> <span class='ocrx_word' id='word_1_57' title='bbox 1392 557 1675 629; x_wconf 87' lang='grc' dir='ltr'>ἁφράστου</span> <span class='ocrx_word' id='word_1_58' title='bbox 1709 557 1827 610; x_wconf 85' lang='grc' dir='ltr'>συλ-</span> 
     </span>
    </p>
   </div>
   <div class='ocr_carea' id='block_1_11' title="bbox 1933 555 3522 638">
    <p class='ocr_par' dir='ltr' id='par_1_11' title="bbox 1942 555 3522 624">
     <span class='ocr_line' id='line_1_11' title="bbox 1942 555 3522 624; baseline 0.001 -16"><span class='ocrx_word' id='word_1_59' title='bbox 1942 555 2250 621; x_wconf 82' lang='lat' dir='ltr'><strong>innovavit,</strong></span> <span class='ocrx_word' id='word_1_60' title='bbox 2297 571 2463 613; x_wconf 87' lang='lat' dir='ltr'><strong>carne</strong></span> <span class='ocrx_word' id='word_1_61' title='bbox 2493 571 2593 624; x_wconf 89' lang='lat' dir='ltr'><strong>per</strong></span> <span class='ocrx_word' id='word_1_62' title='bbox 2628 556 2864 609; x_wconf 90' lang='lat' dir='ltr'><strong>mediam</strong></span> <span class='ocrx_word' id='word_1_63' title='bbox 2907 556 3145 610; x_wconf 91' lang='lat' dir='ltr'><strong>animam</strong></span> <span class='ocrx_word' id='word_1_64' title='bbox 3176 559 3522 610; x_wconf 60' lang='lat' dir='ltr'><strong>intellectuao</strong></span> 
     </span>
    </p>
   </div>
   <div class='ocr_carea' id='block_1_12' title="bbox 164 636 1827 729">
    <p class='ocr_par' dir='ltr' id='par_1_12' title="bbox 164 636 781 729">
     <span class='ocr_line' id='line_1_12' title="bbox 164 636 781 729; baseline 0 -19"><span class='ocrx_word' id='word_1_65' title='bbox 164 636 179 649; x_wconf 32' lang='grc' dir='ltr'><em>θ</em></span> <span class='ocrx_word' id='word_1_66' title='bbox 259 636 472 729; x_wconf 59' lang='grc' dir='ltr'>λήψεως</span> <span class='ocrx_word' id='word_1_67' title='bbox 510 656 781 727; x_wconf 75' lang='grc' dir='ltr'>ἐσχηκώς.</span> 
     </span>
    </p>
   </div>
   <div class='ocr_carea' id='block_1_13' title="bbox 1933 636 3521 729">
    <p class='ocr_par' dir='ltr' id='par_1_13' title="bbox 1938 646 3521 715">
     <span class='ocr_line' id='line_1_13' title="bbox 1938 646 3521 715; baseline 0.001 -16"><span class='ocrx_word' id='word_1_68' title='bbox 1938 646 2045 700; x_wconf 91' lang='lat' dir='ltr'><strong>lem</strong></span> <span class='ocrx_word' id='word_1_69' title='bbox 2071 655 2370 715; x_wconf 91' lang='lat' dir='ltr'><strong>assumpta,</strong></span> <span class='ocrx_word' id='word_1_70' title='bbox 2399 646 2667 701; x_wconf 73' lang='lat' dir='ltr'><strong>ineffabili</strong></span> <span class='ocrx_word' id='word_1_71' title='bbox 2696 646 2935 715; x_wconf 89' lang='lat' dir='ltr'><strong>quodam</strong></span> <span class='ocrx_word' id='word_1_72' title='bbox 2970 648 3133 701; x_wconf 91' lang='lat' dir='ltr'><strong>modo</strong></span> <span class='ocrx_word' id='word_1_73' title='bbox 3155 647 3276 701; x_wconf 85' lang='lat' dir='ltr'><strong>sine</strong></span> <span class='ocrx_word' id='word_1_74' title='bbox 3309 647 3521 701; x_wconf 88' lang='lat' dir='ltr'><strong>satione</strong></span> 
     </span>
    </p>
   </div>
   <div class='ocr_carea' id='block_1_14' title="bbox 262 738 3519 817">
    <p class='ocr_par' dir='ltr' id='par_1_14' title="bbox 262 738 3519 817">
     <span class='ocr_line' id='line_1_14' title="bbox 262 738 3519 817; baseline -0.003 -13"><span class='ocrx_word' id='word_1_75' title='bbox 262 757 563 817; x_wconf 80' lang='lat' dir='ltr'><strong>conceptus</strong></span> <span class='ocrx_word' id='word_1_76' title='bbox 593 787 609 813; x_wconf 96' lang='lat'><strong>,</strong></span> <span class='ocrx_word' id='word_1_77' title='bbox 691 756 746 800; x_wconf 89' lang='lat' dir='ltr'><strong>et</strong></span> <span class='ocrx_word' id='word_1_78' title='bbox 800 755 1095 816; x_wconf 81' lang='lat' dir='ltr'><strong>generatus</strong></span> <span class='ocrx_word' id='word_1_79' title='bbox 1158 757 1288 797; x_wconf 87' lang='lat' dir='ltr'><strong>vere</strong></span> <span class='ocrx_word' id='word_1_80' title='bbox 1342 742 1463 797; x_wconf 88' lang='lat' dir='ltr'><strong>sine</strong></span> <span class='ocrx_word' id='word_1_81' title='bbox 1547 739 1903 810; x_wconf 79' lang='lat' dir='ltr'><strong>corruptione</strong></span> <span class='ocrx_word' id='word_1_82' title='bbox 1970 738 2138 791; x_wconf 89' lang='lat' dir='ltr'><strong>homo</strong></span> <span class='ocrx_word' id='word_1_83' title='bbox 2200 738 2512 807; x_wconf 80' lang='lat' dir='ltr'><strong>perfectus,</strong></span> <span class='ocrx_word' id='word_1_84' title='bbox 2569 739 2809 793; x_wconf 85' lang='lat' dir='ltr'><strong>animam</strong></span> <span class='ocrx_word' id='word_1_85' title='bbox 2890 740 3319 796; x_wconf 82' lang='lat' dir='ltr'><strong>intellectualem</strong></span> <span class='ocrx_word' id='word_1_86' title='bbox 3391 754 3519 797; x_wconf 88' lang='lat' dir='ltr'><strong>cum</strong></span> 
     </span>
    </p>
   </div>
   <div class='ocr_carea' id='block_1_15' title="bbox 256 830 2405 910">
    <p class='ocr_par' dir='ltr' id='par_1_15' title="bbox 256 830 2405 910">
     <span class='ocr_line' id='line_1_15' title="bbox 256 830 2405 910; baseline -0.005 -14"><span class='ocrx_word' id='word_1_87' title='bbox 256 854 492 910; x_wconf 87' lang='lat' dir='ltr'><strong>corpore</strong></span> <span class='ocrx_word' id='word_1_88' title='bbox 560 854 626 893; x_wconf 81' lang='lat' dir='ltr'><strong>ex</strong></span> <span class='ocrx_word' id='word_1_89' title='bbox 680 839 799 908; x_wconf 88' lang='lat' dir='ltr'><strong>ipsa</strong></span> <span class='ocrx_word' id='word_1_90' title='bbox 862 852 1025 907; x_wconf 89' lang='lat' dir='ltr'><strong>quam</strong></span> <span class='ocrx_word' id='word_1_91' title='bbox 1074 835 1424 905; x_wconf 86' lang='lat' dir='ltr'><strong>interpretari</strong></span> <span class='ocrx_word' id='word_1_92' title='bbox 1471 850 1582 890; x_wconf 93' lang='lat' dir='ltr'><strong>non</strong></span> <span class='ocrx_word' id='word_1_93' title='bbox 1624 835 1772 903; x_wconf 89' lang='lat' dir='ltr'><strong>capit</strong></span> <span class='ocrx_word' id='word_1_94' title='bbox 1813 830 2172 900; x_wconf 84' lang='lat' dir='ltr'><strong>conceptione</strong></span> <span class='ocrx_word' id='word_1_95' title='bbox 2195 839 2405 886; x_wconf 86' lang='lat' dir='ltr'><strong>nactus.</strong></span> 
     </span>
    </p>
   </div>
   <div class='ocr_carea' id='block_1_16' title="bbox 261 1082 1827 1177">
    <p class='ocr_par' dir='ltr' id='par_1_16' title="bbox 261 1092 1827 1177">
     <span class='ocr_line' id='line_1_16' title="bbox 261 1092 1827 1177; baseline 0.003 -20"><span class='ocrx_word' id='word_1_96' title='bbox 261 1107 385 1159; x_wconf 80' lang='grc' dir='ltr'><strong>’0τί</strong></span> <span class='ocrx_word' id='word_1_97' title='bbox 412 1103 583 1161; x_wconf 81' lang='grc' dir='ltr'>πᾶσα</span> <span class='ocrx_word' id='word_1_98' title='bbox 612 1106 798 1175; x_wconf 75' lang='grc' dir='ltr'>φύσις</span> <span class='ocrx_word' id='word_1_99' title='bbox 828 1107 907 1172; x_wconf 81' lang='grc' dir='ltr'>τῷ</span> <span class='ocrx_word' id='word_1_100' title='bbox 936 1108 1134 1173; x_wconf 77' lang='grc' dir='ltr'>οὶκείῳ</span> <span class='ocrx_word' id='word_1_101' title='bbox 1167 1108 1328 1177; x_wconf 73' lang='grc' dir='ltr'>λόγῳ</span> <span class='ocrx_word' id='word_1_102' title='bbox 1355 1092 1827 1177; x_wconf 70' lang='grc' dir='ltr'>διαπαντὸς’ἕχει</span> 
     </span>
    </p>
   </div>
   <div class='ocr_carea' id='block_1_17' title="bbox 1933 1082 3521 1177">
    <p class='ocr_par' dir='ltr' id='par_1_17' title="bbox 1939 1082 3521 1177">
     <span class='ocr_line' id='line_1_17' title="bbox 1939 1082 3521 1177; baseline -0.001 -17"><span class='ocrx_word' id='word_1_103' title='bbox 1939 1104 2089 1171; x_wconf 86' lang='lat' dir='ltr'><strong>Quod</strong></span> <span class='ocrx_word' id='word_1_104' title='bbox 2132 1107 2300 1160; x_wconf 81' lang='lat' dir='ltr'><strong>omnis</strong></span> <span class='ocrx_word' id='word_1_105' title='bbox 2340 1082 2537 1160; x_wconf 47' lang='lat' dir='ltr'><strong>natura</strong></span> <span class='ocrx_word' id='word_1_106' title='bbox 2579 1105 2800 1177; x_wconf 84' lang='lat' dir='ltr'><strong>prapria</strong></span> <span class='ocrx_word' id='word_1_107' title='bbox 2839 1122 3045 1177; x_wconf 76' lang='lat' dir='ltr'><strong>semper</strong></span> <span class='ocrx_word' id='word_1_108' title='bbox 3082 1108 3288 1161; x_wconf 80' lang='lat' dir='ltr'><strong>ratione</strong></span> <span class='ocrx_word' id='word_1_109' title='bbox 3330 1107 3521 1161; x_wconf 81' lang='lat' dir='ltr'><strong>habeat</strong></span> 
     </span>
    </p>
   </div>
   <div class='ocr_carea' id='block_1_18' title="bbox 897 1198 1190 1267">
    <p class='ocr_par' dir='ltr' id='par_1_18' title="bbox 897 1198 1190 1267">
     <span class='ocr_line' id='line_1_18' title="bbox 897 1198 1190 1267; baseline 0.01 -16"><span class='ocrx_word' id='word_1_110' title='bbox 897 1198 965 1252; x_wconf 79' lang='grc' dir='ltr'>τὸ</span> <span class='ocrx_word' id='word_1_111' title='bbox 996 1200 1190 1267; x_wconf 67' lang='grc' dir='ltr'>τέλος.</span> 
     </span>
    </p>
   </div>
   <div class='ocr_carea' id='block_1_19' title="bbox 326 1308 1837 1381">
    <p class='ocr_par' dir='ltr' id='par_1_19' title="bbox 326 1308 1837 1381">
     <span class='ocr_line' id='line_1_19' title="bbox 326 1308 1837 1381; baseline 0 -18"><span class='ocrx_word' id='word_1_112' title='bbox 326 1310 483 1363; x_wconf 75' lang='grc' dir='ltr'>Πᾶσα</span> <span class='ocrx_word' id='word_1_113' title='bbox 516 1308 647 1378; x_wconf 82' lang='grc' dir='ltr'>γὰρ,</span> <span class='ocrx_word' id='word_1_114' title='bbox 682 1308 989 1373; x_wconf 79' lang='grc' dir='ltr'>καθολικῶς</span> <span class='ocrx_word' id='word_1_115' title='bbox 1023 1312 1219 1375; x_wconf 80' lang='grc' dir='ltr'>εἰπεῖν,</span> <span class='ocrx_word' id='word_1_116' title='bbox 1252 1310 1432 1378; x_wconf 82' lang='grc' dir='ltr'>φύσις,</span> <span class='ocrx_word' id='word_1_117' title='bbox 1465 1314 1627 1381; x_wconf 80' lang='grc' dir='ltr'>νοητή</span> <span class='ocrx_word' id='word_1_118' title='bbox 1658 1328 1716 1363; x_wconf 90' lang='grc' dir='ltr'><strong>τε</strong></span> <span class='ocrx_word' id='word_1_119' title='bbox 1743 1310 1837 1363; x_wconf 74' lang='grc' dir='ltr'><strong>καὶ</strong></span> 
     </span>
    </p>
   </div>
   <div class='ocr_carea' id='block_1_20' title="bbox 254 1402 1833 1473">
    <p class='ocr_par' dir='ltr' id='par_1_20' title="bbox 254 1402 1833 1473">
     <span class='ocr_line' id='line_1_20' title="bbox 254 1402 1833 1473; baseline 0.001 -18"><span class='ocrx_word' id='word_1_120' title='bbox 254 1402 508 1473; x_wconf 66' lang='grc' dir='ltr'>αἰσθητὴ,</span> <span class='ocrx_word' id='word_1_121' title='bbox 535 1402 702 1473; x_wconf 78' lang='grc' dir='ltr'>ἦγουν</span> <span class='ocrx_word' id='word_1_122' title='bbox 732 1403 880 1473; x_wconf 83' lang='grc' dir='ltr'>ἁπλῆ</span> <span class='ocrx_word' id='word_1_123' title='bbox 914 1406 1008 1457; x_wconf 77' lang='grc' dir='ltr'><strong>καὶ</strong></span> <span class='ocrx_word' id='word_1_124' title='bbox 1039 1404 1314 1467; x_wconf 88' lang='grc' dir='ltr'>σύνθετος,</span> <span class='ocrx_word' id='word_1_125' title='bbox 1361 1404 1488 1458; x_wconf 80' lang='grc' dir='ltr'>καθ’</span> <span class='ocrx_word' id='word_1_126' title='bbox 1519 1404 1833 1473; x_wconf 79' lang='grc' dir='ltr'>οἱονδήποτε</span> 
     </span>
    </p>
   </div>
   <div class='ocr_carea' id='block_1_21' title="bbox 253 1491 1832 1566">
    <p class='ocr_par' dir='ltr' id='par_1_21' title="bbox 253 1491 1832 1566">
     <span class='ocr_line' id='line_1_21' title="bbox 253 1491 1832 1566; baseline -0.001 -19"><span class='ocrx_word' id='word_1_127' title='bbox 253 1494 456 1563; x_wconf 79' lang='grc' dir='ltr'>τρόπον</span> <span class='ocrx_word' id='word_1_128' title='bbox 485 1496 549 1547; x_wconf 79' lang='grc' dir='ltr'>ὲκ</span> <span class='ocrx_word' id='word_1_129' title='bbox 584 1494 783 1563; x_wconf 80' lang='grc' dir='ltr'>μέρους</span> <span class='ocrx_word' id='word_1_130' title='bbox 822 1494 920 1563; x_wconf 78' lang='grc' dir='ltr'><strong>τὴν</strong></span> <span class='ocrx_word' id='word_1_131' title='bbox 965 1495 1102 1566; x_wconf 78' lang='grc' dir='ltr'>πρὸς</span> <span class='ocrx_word' id='word_1_132' title='bbox 1126 1495 1187 1548; x_wconf 77' lang='grc' dir='ltr'><strong>τὸ</strong></span> <span class='ocrx_word' id='word_1_133' title='bbox 1220 1491 1361 1548; x_wconf 79' lang='grc' dir='ltr'>εἶναι</span> <span class='ocrx_word' id='word_1_134' title='bbox 1410 1495 1509 1564; x_wconf 81' lang='grc' dir='ltr'>τῆς</span> <span class='ocrx_word' id='word_1_135' title='bbox 1563 1495 1832 1562; x_wconf 82' lang='grc' dir='ltr'>γενέσεως</span> 
     </span>
    </p>
   </div>
   <div class='ocr_carea' id='block_1_22' title="bbox 255 1584 1835 1657">
    <p class='ocr_par' dir='ltr' id='par_1_22' title="bbox 255 1584 1835 1657">
     <span class='ocr_line' id='line_1_22' title="bbox 255 1584 1835 1657; baseline -0.001 -19"><span class='ocrx_word' id='word_1_136' title='bbox 255 1584 453 1654; x_wconf 83' lang='grc' dir='ltr'>ἀρχὴν,</span> <span class='ocrx_word' id='word_1_137' title='bbox 482 1585 736 1638; x_wconf 81' lang='grc' dir='ltr'>οὐδέποτε</span> <span class='ocrx_word' id='word_1_138' title='bbox 767 1585 1005 1654; x_wconf 85' lang='grc' dir='ltr'>δέχεται,</span> <span class='ocrx_word' id='word_1_139' title='bbox 1030 1584 1156 1639; x_wconf 80' lang='grc' dir='ltr'>οὔτε</span> <span class='ocrx_word' id='word_1_140' title='bbox 1195 1585 1299 1657; x_wconf 82' lang='grc' dir='ltr'><strong>μὴν</strong></span> <span class='ocrx_word' id='word_1_141' title='bbox 1338 1584 1397 1650; x_wconf 68' lang='grc' dir='ltr'><strong>ἐξ</strong></span> <span class='ocrx_word' id='word_1_142' title='bbox 1423 1585 1683 1655; x_wconf 75' lang='grc' dir='ltr'><strong>ἡμισείας</strong></span> <span class='ocrx_word' id='word_1_143' title='bbox 1719 1584 1835 1655; x_wconf 80' lang='grc' dir='ltr'>μοι-</span> 
     </span>
    </p>
   </div>
   <div class='ocr_carea' id='block_1_23' title="bbox 2632 1197 2818 1265">
    <p class='ocr_par' dir='ltr' id='par_1_23' title="bbox 2632 1197 2818 1265">
     <span class='ocr_line' id='line_1_23' title="bbox 2632 1197 2818 1265; baseline 0.011 -14"><span class='ocrx_word' id='word_1_144' title='bbox 2632 1197 2818 1265; x_wconf 78' lang='lat' dir='ltr'><strong>ﬁnem.</strong></span> 
     </span>
    </p>
   </div>
   <div class='ocr_carea' id='block_1_24' title="bbox 2006 1306 3522 1379">
    <p class='ocr_par' dir='ltr' id='par_1_24' title="bbox 2006 1306 3522 1379">
     <span class='ocr_line' id='line_1_24' title="bbox 2006 1306 3522 1379; baseline 0.003 -17"><span class='ocrx_word' id='word_1_145' title='bbox 2006 1306 2198 1362; x_wconf 87' lang='lat' dir='ltr'><strong>Omnis</strong></span> <span class='ocrx_word' id='word_1_146' title='bbox 2230 1308 2401 1371; x_wconf 89' lang='lat' dir='ltr'><strong>enim,</strong></span> <span class='ocrx_word' id='word_1_147' title='bbox 2432 1316 2490 1361; x_wconf 91' lang='lat' dir='ltr'><strong>ut</strong></span> <span class='ocrx_word' id='word_1_148' title='bbox 2526 1309 2828 1378; x_wconf 78' lang='lat' dir='ltr'><strong>generatim</strong></span> <span class='ocrx_word' id='word_1_149' title='bbox 2863 1309 3078 1379; x_wconf 88' lang='lat' dir='ltr'><strong>loquar,</strong></span> <span class='ocrx_word' id='word_1_150' title='bbox 3112 1318 3329 1375; x_wconf 87' lang='lat' dir='ltr'><strong>natura,</strong></span> <span class='ocrx_word' id='word_1_151' title='bbox 3358 1311 3522 1366; x_wconf 88' lang='lat' dir='ltr'><strong>intel-</strong></span> 
     </span>
    </p>
   </div>
   <div class='ocr_carea' id='block_1_25' title="bbox 1934 1386 3517 1471">
    <p class='ocr_par' dir='ltr' id='par_1_25' title="bbox 1934 1386 3517 1471">
     <span class='ocr_line' id='line_1_25' title="bbox 1934 1386 3517 1471; baseline 0.001 -18"><span class='ocrx_word' id='word_1_152' title='bbox 1934 1398 2167 1469; x_wconf 84' lang='lat' dir='ltr'><strong>ligibilis</strong></span> <span class='ocrx_word' id='word_1_153' title='bbox 2208 1409 2265 1453; x_wconf 92' lang='lat' dir='ltr'><strong>et</strong></span> <span class='ocrx_word' id='word_1_154' title='bbox 2310 1386 2621 1463; x_wconf 81' lang='lat' dir='ltr'><strong>sensibilis,</strong></span> <span class='ocrx_word' id='word_1_155' title='bbox 2659 1399 2743 1453; x_wconf 81' lang='lat' dir='ltr'><strong>vel</strong></span> <span class='ocrx_word' id='word_1_156' title='bbox 2797 1399 3033 1470; x_wconf 81' lang='lat' dir='ltr'><strong>simplex</strong></span> <span class='ocrx_word' id='word_1_157' title='bbox 3076 1409 3132 1455; x_wconf 89' lang='lat' dir='ltr'><strong>et</strong></span> <span class='ocrx_word' id='word_1_158' title='bbox 3184 1401 3517 1471; x_wconf 86' lang='lat' dir='ltr'><strong>composita,</strong></span> 
     </span>
    </p>
   </div>
   <div class='ocr_carea' id='block_1_26' title="bbox 1937 1490 3523 1561">
    <p class='ocr_par' dir='ltr' id='par_1_26' title="bbox 1937 1490 3523 1561">
     <span class='ocr_line' id='line_1_26' title="bbox 1937 1490 3523 1561; baseline 0.001 -17"><span class='ocrx_word' id='word_1_159' title='bbox 1937 1506 2272 1561; x_wconf 77' lang='lat' dir='ltr'><strong>quocunque</strong></span> <span class='ocrx_word' id='word_1_160' title='bbox 2314 1491 2480 1544; x_wconf 85' lang='lat' dir='ltr'><strong>modo</strong></span> <span class='ocrx_word' id='word_1_161' title='bbox 2520 1490 2574 1544; x_wconf 91' lang='lat' dir='ltr'><strong>id</strong></span> <span class='ocrx_word' id='word_1_162' title='bbox 2606 1499 2719 1554; x_wconf 83' lang='lat' dir='ltr'><strong>est,</strong></span> <span class='ocrx_word' id='word_1_163' title='bbox 2751 1507 2815 1545; x_wconf 81' lang='lat' dir='ltr'><strong>ex</strong></span> <span class='ocrx_word' id='word_1_164' title='bbox 2858 1501 3012 1561; x_wconf 91' lang='lat' dir='ltr'><strong>parte</strong></span> <span class='ocrx_word' id='word_1_165' title='bbox 3053 1507 3336 1561; x_wconf 80' lang='lat' dir='ltr'><strong>nunquam</strong></span> <span class='ocrx_word' id='word_1_166' title='bbox 3377 1491 3523 1561; x_wconf 82' lang='lat' dir='ltr'><strong>capit</strong></span> 
     </span>
    </p>
   </div>
   <div class='ocr_carea' id='block_1_27' title="bbox 1941 1582 3522 1655">
    <p class='ocr_par' dir='ltr' id='par_1_27' title="bbox 1941 1582 3522 1655">
     <span class='ocr_line' id='line_1_27' title="bbox 1941 1582 3522 1655; baseline 0.002 -19"><span class='ocrx_word' id='word_1_167' title='bbox 1941 1582 2161 1637; x_wconf 89' lang='lat' dir='ltr'><strong>initium</strong></span> <span class='ocrx_word' id='word_1_168' title='bbox 2194 1583 2569 1655; x_wconf 77' lang='lat' dir='ltr'><strong>generationis</strong></span> <span class='ocrx_word' id='word_1_169' title='bbox 2598 1583 2656 1638; x_wconf 84' lang='lat' dir='ltr'><strong>in</strong></span> <span class='ocrx_word' id='word_1_170' title='bbox 2688 1582 3100 1649; x_wconf 83' lang='lat' dir='ltr'><strong>exsistentiam,</strong></span> <span class='ocrx_word' id='word_1_171' title='bbox 3130 1599 3308 1653; x_wconf 90' lang='lat' dir='ltr'><strong>neque</strong></span> <span class='ocrx_word' id='word_1_172' title='bbox 3339 1583 3522 1654; x_wconf 82' lang='lat' dir='ltr'><strong>profe-</strong></span> 
     </span>
    </p>
   </div>
   <div class='ocr_carea' id='block_1_28' title="bbox 259 1674 1827 1772">
    <p class='ocr_par' dir='ltr' id='par_1_28' title="bbox 259 1674 1827 1745">
     <span class='ocr_line' id='line_1_28' title="bbox 259 1674 1827 1745; baseline 0 -18"><span class='ocrx_word' id='word_1_173' title='bbox 259 1691 359 1745; x_wconf 89' lang='grc' dir='ltr'><strong>ρας</strong></span> <span class='ocrx_word' id='word_1_174' title='bbox 408 1674 738 1743; x_wconf 82' lang='grc' dir='ltr'>ὑφίστασθαι</span> <span class='ocrx_word' id='word_1_175' title='bbox 787 1676 1034 1729; x_wconf 87' lang='grc' dir='ltr'>δύναται.</span> <span class='ocrx_word' id='word_1_176' title='bbox 1106 1676 1246 1728; x_wconf 77' lang='grc' dir='ltr'>Ἀλλ’</span> <span class='ocrx_word' id='word_1_177' title='bbox 1310 1678 1357 1729; x_wconf 79' lang='grc' dir='ltr'><strong>εί</strong></span> <span class='ocrx_word' id='word_1_178' title='bbox 1417 1678 1516 1745; x_wconf 84' lang='grc' dir='ltr'><strong>μὲν</strong></span> <span class='ocrx_word' id='word_1_179' title='bbox 1576 1675 1827 1737; x_wconf 83' lang='grc' dir='ltr'>σύνθετος</span> 
     </span>
    </p>
   </div>
   <div class='ocr_carea' id='block_1_29' title="bbox 1933 1674 3521 1772">
    <p class='ocr_par' dir='ltr' id='par_1_29' title="bbox 1938 1674 3521 1746">
     <span class='ocr_line' id='line_1_29' title="bbox 1938 1674 3521 1746; baseline 0.001 -16"><span class='ocrx_word' id='word_1_180' title='bbox 1938 1684 2027 1730; x_wconf 89' lang='lat' dir='ltr'><strong>cto</strong></span> <span class='ocrx_word' id='word_1_181' title='bbox 2053 1691 2119 1730; x_wconf 79' lang='lat' dir='ltr'><strong>ex</strong></span> <span class='ocrx_word' id='word_1_182' title='bbox 2144 1674 2372 1729; x_wconf 86' lang='lat' dir='ltr'><strong>dimidia</strong></span> <span class='ocrx_word' id='word_1_183' title='bbox 2400 1684 2556 1744; x_wconf 89' lang='lat' dir='ltr'><strong>parte</strong></span> <span class='ocrx_word' id='word_1_184' title='bbox 2587 1675 2894 1731; x_wconf 85' lang='lat' dir='ltr'><strong>subsistere</strong></span> <span class='ocrx_word' id='word_1_185' title='bbox 2924 1684 3127 1746; x_wconf 88' lang='lat' dir='ltr'><strong>potest.</strong></span> <span class='ocrx_word' id='word_1_186' title='bbox 3159 1675 3264 1730; x_wconf 88' lang='lat' dir='ltr'><strong>Sed</strong></span> <span class='ocrx_word' id='word_1_187' title='bbox 3294 1676 3339 1730; x_wconf 87' lang='lat' dir='ltr'><strong>si</strong></span> <span class='ocrx_word' id='word_1_188' title='bbox 3368 1692 3521 1731; x_wconf 90' lang='lat' dir='ltr'><strong>com-</strong></span> 
     </span>
    </p>
   </div>
   <div class='ocr_carea' id='block_1_30' title="bbox 258 1765 1835 1838">
    <p class='ocr_par' dir='ltr' id='par_1_30' title="bbox 258 1765 1835 1838">
     <span class='ocr_line' id='line_1_30' title="bbox 258 1765 1835 1838; baseline 0 -20"><span class='ocrx_word' id='word_1_189' title='bbox 258 1765 421 1833; x_wconf 80' lang='grc' dir='ltr'>φύσις</span> <span class='ocrx_word' id='word_1_190' title='bbox 445 1767 615 1830; x_wconf 70' lang='grc' dir='ltr'>ἐστὶν,</span> <span class='ocrx_word' id='word_1_191' title='bbox 649 1766 744 1836; x_wconf 84' lang='grc' dir='ltr'>ὅλη</span> <span class='ocrx_word' id='word_1_192' title='bbox 771 1765 954 1819; x_wconf 85' lang='grc' dir='ltr'>τελεία</span> <span class='ocrx_word' id='word_1_193' title='bbox 985 1767 1211 1831; x_wconf 77' lang='grc' dir='ltr'>τελείοις</span> <span class='ocrx_word' id='word_1_194' title='bbox 1243 1770 1357 1829; x_wconf 78' lang='grc' dir='ltr'>τοῖς</span> <span class='ocrx_word' id='word_1_195' title='bbox 1401 1767 1622 1829; x_wconf 85' lang='grc' dir='ltr'>οἰκείοις</span> <span class='ocrx_word' id='word_1_196' title='bbox 1672 1766 1835 1838; x_wconf 84' lang='grc' dir='ltr'>μέρε-</span> 
     </span>
    </p>
   </div>
   <div class='ocr_carea' id='block_1_31' title="bbox 259 1856 1831 1931">
    <p class='ocr_par' dir='ltr' id='par_1_31' title="bbox 259 1856 1831 1931">
     <span class='ocr_line' id='line_1_31' title="bbox 259 1856 1831 1931; baseline 0 -22"><span class='ocrx_word' id='word_1_197' title='bbox 259 1872 343 1909; x_wconf 88' lang='grc' dir='ltr'><strong>σιν</strong></span> <span class='ocrx_word' id='word_1_198' title='bbox 378 1856 442 1909; x_wconf 89' lang='grc' dir='ltr'>ἀθ</span> <span class='ocrx_word' id='word_1_199' title='bbox 455 1858 591 1926; x_wconf 86' lang='grc' dir='ltr'>ρόως</span> <span class='ocrx_word' id='word_1_200' title='bbox 622 1857 1034 1925; x_wconf 81' lang='grc' dir='ltr'>συνυφίσταται,</span> <span class='ocrx_word' id='word_1_201' title='bbox 1072 1857 1147 1929; x_wconf 82' lang='grc' dir='ltr'>μὴ</span> <span class='ocrx_word' id='word_1_202' title='bbox 1170 1858 1368 1929; x_wconf 73' lang='grc' dir='ltr'>ἔχουσα</span> <span class='ocrx_word' id='word_1_203' title='bbox 1404 1859 1540 1931; x_wconf 83' lang='grc' dir='ltr'>πρὸς</span> <span class='ocrx_word' id='word_1_204' title='bbox 1570 1858 1767 1928; x_wconf 78' lang='grc' dir='ltr'>ἑαυτὴν</span> <span class='ocrx_word' id='word_1_205' title='bbox 1797 1857 1831 1928; x_wconf 78' lang='grc' dir='ltr'>ἢ</span> 
     </span>
    </p>
   </div>
   <div class='ocr_carea' id='block_1_32' title="bbox 258 1943 1833 2023">
    <p class='ocr_par' dir='ltr' id='par_1_32' title="bbox 258 1943 1833 2023">
     <span class='ocr_line' id='line_1_32' title="bbox 258 1943 1833 2023; baseline 0.002 -23"><span class='ocrx_word' id='word_1_206' title='bbox 258 1948 400 2018; x_wconf 75' lang='grc' dir='ltr'>πρὸς</span> <span class='ocrx_word' id='word_1_207' title='bbox 458 1946 664 2016; x_wconf 82' lang='grc' dir='ltr'>ἄλληλα</span> <span class='ocrx_word' id='word_1_208' title='bbox 712 1948 819 2001; x_wconf 86' lang='grc' dir='ltr'><strong>τῶν</strong></span> <span class='ocrx_word' id='word_1_209' title='bbox 857 1949 916 2014; x_wconf 82' lang='grc' dir='ltr'>ἐξ</span> <span class='ocrx_word' id='word_1_210' title='bbox 954 1943 1029 2004; x_wconf 83' lang='grc' dir='ltr'>ὧν</span> <span class='ocrx_word' id='word_1_211' title='bbox 1075 1951 1192 2003; x_wconf 80' lang='grc' dir='ltr'>ἐστι</span> <span class='ocrx_word' id='word_1_212' title='bbox 1236 1948 1419 2023; x_wconf 83' lang='grc' dir='ltr'>μερῶν</span> <span class='ocrx_word' id='word_1_213' title='bbox 1470 1949 1568 2021; x_wconf 84' lang='grc' dir='ltr'>τὴν</span> <span class='ocrx_word' id='word_1_214' title='bbox 1617 1950 1833 2003; x_wconf 84' lang='grc' dir='ltr'>οίανοῦν</span> 
     </span>
    </p>
   </div>
   <div class='ocr_carea' id='block_1_33' title="bbox 258 2038 1830 2113">
    <p class='ocr_par' dir='ltr' id='par_1_33' title="bbox 258 2038 1830 2113">
     <span class='ocr_line' id='line_1_33' title="bbox 258 2038 1830 2113; baseline 0.001 -22"><span class='ocrx_word' id='word_1_215' title='bbox 258 2038 401 2092; x_wconf 80' lang='grc' dir='ltr'>κατὰ</span> <span class='ocrx_word' id='word_1_216' title='bbox 432 2038 524 2091; x_wconf 76' lang='grc' dir='ltr'><strong>τὸν</strong></span> <span class='ocrx_word' id='word_1_217' title='bbox 540 2038 731 2109; x_wconf 87' lang='grc' dir='ltr'>χρόνον</span> <span class='ocrx_word' id='word_1_218' title='bbox 758 2039 1060 2095; x_wconf 84' lang='grc' dir='ltr'>διάστασιν.</span> <span class='ocrx_word' id='word_1_219' title='bbox 1095 2042 1159 2113; x_wconf 66' lang='lat' dir='ltr'><strong>Ei</strong></span> <span class='ocrx_word' id='word_1_220' title='bbox 1204 2041 1259 2095; x_wconf 83' lang='grc' dir='ltr'><strong>δὲ</strong></span> <span class='ocrx_word' id='word_1_221' title='bbox 1286 2041 1432 2112; x_wconf 79' lang='grc' dir='ltr'>ἁπλῆ</span> <span class='ocrx_word' id='word_1_222' title='bbox 1473 2041 1636 2109; x_wconf 83' lang='grc' dir='ltr'>φύσις</span> <span class='ocrx_word' id='word_1_223' title='bbox 1660 2041 1830 2105; x_wconf 70' lang='grc' dir='ltr'>ἐστὶν,</span> 
     </span>
    </p>
   </div>
   <div class='ocr_carea' id='block_1_34' title="bbox 256 2128 1837 2205">
    <p class='ocr_par' dir='ltr' id='par_1_34' title="bbox 256 2128 1837 2205">
     <span class='ocr_line' id='line_1_34' title="bbox 256 2128 1837 2205; baseline 0.004 -23"><span class='ocrx_word' id='word_1_224' title='bbox 256 2131 426 2200; x_wconf 71' lang='grc' dir='ltr'>ἤγουν</span> <span class='ocrx_word' id='word_1_225' title='bbox 472 2131 663 2201; x_wconf 75' lang='grc' dir='ltr'>νοητὴ,</span> <span class='ocrx_word' id='word_1_226' title='bbox 714 2132 979 2197; x_wconf 79' lang='grc' dir='ltr'>ὡσαύτως</span> <span class='ocrx_word' id='word_1_227' title='bbox 1033 2134 1151 2205; x_wconf 78' lang='grc' dir='ltr'><strong>ἅμα</strong></span> <span class='ocrx_word' id='word_1_228' title='bbox 1206 2128 1322 2196; x_wconf 76' lang='grc' dir='ltr'>τοῖς</span> <span class='ocrx_word' id='word_1_229' title='bbox 1367 2133 1568 2203; x_wconf 76' lang='grc' dir='ltr'>ἑαυτῆς</span> <span class='ocrx_word' id='word_1_230' title='bbox 1616 2134 1837 2205; x_wconf 84' lang='grc' dir='ltr'>ἀπαρα-</span> 
     </span>
    </p>
   </div>
   <div class='ocr_carea' id='block_1_35' title="bbox 256 2221 1833 2297">
    <p class='ocr_par' dir='ltr' id='par_1_35' title="bbox 256 2221 1833 2297">
     <span class='ocr_line' id='line_1_35' title="bbox 256 2221 1833 2297; baseline 0.003 -23"><span class='ocrx_word' id='word_1_231' title='bbox 256 2221 493 2284; x_wconf 85' lang='grc' dir='ltr'>λείπτως</span> <span class='ocrx_word' id='word_1_232' title='bbox 531 2222 714 2291; x_wconf 83' lang='grc' dir='ltr'>λόγοις</span> <span class='ocrx_word' id='word_1_233' title='bbox 742 2224 923 2279; x_wconf 85' lang='grc' dir='ltr'>τελεία</span> <span class='ocrx_word' id='word_1_234' title='bbox 964 2226 1191 2289; x_wconf 87' lang='grc' dir='ltr'>τελείοις</span> <span class='ocrx_word' id='word_1_235' title='bbox 1236 2225 1449 2295; x_wconf 84' lang='grc' dir='ltr'>ἀθρόως</span> <span class='ocrx_word' id='word_1_236' title='bbox 1504 2226 1833 2297; x_wconf 82' lang='grc' dir='ltr'>συνυφίστα·</span> 
     </span>
    </p>
   </div>
   <div class='ocr_carea' id='block_1_36' title="bbox 260 2310 1830 2383">
    <p class='ocr_par' dir='ltr' id='par_1_36' title="bbox 260 2310 1830 2383">
     <span class='ocr_line' id='line_1_36' title="bbox 260 2310 1830 2383; baseline 0 -20"><span class='ocrx_word' id='word_1_237' title='bbox 260 2310 386 2364; x_wconf 83' lang='grc' dir='ltr'>σθαι</span> <span class='ocrx_word' id='word_1_238' title='bbox 442 2312 682 2381; x_wconf 85' lang='grc' dir='ltr'>πέφυκε,</span> <span class='ocrx_word' id='word_1_239' title='bbox 736 2312 933 2383; x_wconf 85' lang='grc' dir='ltr'>χρόνου</span> <span class='ocrx_word' id='word_1_240' title='bbox 972 2314 1116 2376; x_wconf 84' lang='grc' dir='ltr'>τινὸς</span> <span class='ocrx_word' id='word_1_241' title='bbox 1147 2312 1209 2365; x_wconf 81' lang='grc' dir='ltr'><strong>τὸ</strong></span> <span class='ocrx_word' id='word_1_242' title='bbox 1238 2311 1457 2365; x_wconf 88' lang='grc' dir='ltr'>σύνολον</span> <span class='ocrx_word' id='word_1_243' title='bbox 1503 2313 1673 2383; x_wconf 82' lang='grc' dir='ltr'>αὑτὴν</span> <span class='ocrx_word' id='word_1_244' title='bbox 1719 2311 1830 2364; x_wconf 89' lang='grc' dir='ltr'><strong>τῶν</strong></span> 
     </span>
    </p>
   </div>
   <div class='ocr_carea' id='block_1_37' title="bbox 256 2395 1833 2474">
    <p class='ocr_par' dir='ltr' id='par_1_37' title="bbox 256 2395 1833 2474">
     <span class='ocr_line' id='line_1_37' title="bbox 256 2395 1833 2474; baseline -0.001 -21"><span class='ocrx_word' id='word_1_245' title='bbox 256 2400 474 2454; x_wconf 73' lang='grc' dir='ltr'>οἰκείων</span> <span class='ocrx_word' id='word_1_246' title='bbox 494 2400 690 2469; x_wconf 87' lang='grc' dir='ltr'>λόγων,</span> <span class='ocrx_word' id='word_1_247' title='bbox 722 2402 973 2471; x_wconf 79' lang='grc' dir='ltr'>οὐδαμῶς</span> <span class='ocrx_word' id='word_1_248' title='bbox 1015 2401 1407 2474; x_wconf 86' lang='grc' dir='ltr'>διακρίνοντος.</span> <span class='ocrx_word' id='word_1_249' title='bbox 1464 2401 1601 2455; x_wconf 75' lang='grc' dir='ltr'>Οὔτε</span> <span class='ocrx_word' id='word_1_250' title='bbox 1631 2401 1740 2470; x_wconf 79' lang='grc' dir='ltr'><strong>γὰρ</strong></span> <span class='ocrx_word' id='word_1_251' title='bbox 1765 2395 1833 2471; x_wconf 76' lang='grc' dir='ltr'>ἦν</span> 
     </span>
    </p>
   </div>
   <div class='ocr_carea' id='block_1_38' title="bbox 256 2491 1831 2559">
    <p class='ocr_par' dir='ltr' id='par_1_38' title="bbox 256 2491 1831 2559">
     <span class='ocr_line' id='line_1_38' title="bbox 256 2491 1831 2559; baseline 0 -13"><span class='ocrx_word' id='word_1_252' title='bbox 256 2507 391 2546; x_wconf 80' lang='grc' dir='ltr'>ποτε</span> <span class='ocrx_word' id='word_1_253' title='bbox 425 2491 658 2544; x_wconf 75' lang='grc' dir='ltr'>καθόλου</span> <span class='ocrx_word' id='word_1_254' title='bbox 699 2510 784 2556; x_wconf 88' lang='grc' dir='ltr'><strong>τις</strong></span> <span class='ocrx_word' id='word_1_255' title='bbox 823 2493 985 2559; x_wconf 84' lang='grc' dir='ltr'>φύσις</span> <span class='ocrx_word' id='word_1_256' title='bbox 1029 2495 1087 2546; x_wconf 85' lang='grc' dir='ltr'>ὲν</span> <span class='ocrx_word' id='word_1_257' title='bbox 1138 2496 1253 2556; x_wconf 84' lang='grc' dir='ltr'>τοῖς</span> <span class='ocrx_word' id='word_1_258' title='bbox 1284 2493 1457 2558; x_wconf 80' lang='grc' dir='ltr'>οὖσιν,</span> <span class='ocrx_word' id='word_1_259' title='bbox 1502 2493 1626 2547; x_wconf 81' lang='grc' dir='ltr'>οὔτε</span> <span class='ocrx_word' id='word_1_260' title='bbox 1663 2494 1831 2558; x_wconf 75' lang='grc' dir='ltr'>ἐστιν,</span> 
     </span>
    </p>
   </div>
   <div class='ocr_carea' id='block_1_39' title="bbox 255 2584 1834 2657">
    <p class='ocr_par' dir='ltr' id='par_1_39' title="bbox 255 2584 1834 2657">
     <span class='ocr_line' id='line_1_39' title="bbox 255 2584 1834 2657; baseline -0.001 -18"><span class='ocrx_word' id='word_1_261' title='bbox 255 2584 757 2639; x_wconf 58' lang='grc' dir='ltr'>οῦτεέσταμκατὰ</span> <span class='ocrx_word' id='word_1_262' title='bbox 800 2584 892 2637; x_wconf 82' lang='grc' dir='ltr'><strong>τὸν</strong></span> <span class='ocrx_word' id='word_1_263' title='bbox 929 2586 1128 2655; x_wconf 80' lang='grc' dir='ltr'>ἑαυτῆς</span> <span class='ocrx_word' id='word_1_264' title='bbox 1161 2584 1321 2652; x_wconf 84' lang='grc' dir='ltr'>λόγον</span> <span class='ocrx_word' id='word_1_265' title='bbox 1352 2586 1673 2657; x_wconf 82' lang='grc' dir='ltr'>ὑπάρχουσα</span> <span class='ocrx_word' id='word_1_266' title='bbox 1697 2586 1834 2655; x_wconf 82' lang='grc' dir='ltr'>ὅπερ</span> 
     </span>
    </p>
   </div>
   <div class='ocr_carea' id='block_1_40' title="bbox 255 2675 1835 2748">
    <p class='ocr_par' dir='ltr' id='par_1_40' title="bbox 255 2675 1835 2748">
     <span class='ocr_line' id='line_1_40' title="bbox 255 2675 1835 2748; baseline -0.003 -16"><span class='ocrx_word' id='word_1_267' title='bbox 255 2676 351 2732; x_wconf 90' lang='grc' dir='ltr'><strong>νῦν</strong></span> <span class='ocrx_word' id='word_1_268' title='bbox 380 2677 482 2730; x_wconf 90' lang='grc' dir='ltr'><strong>οὑκ</strong></span> <span class='ocrx_word' id='word_1_269' title='bbox 513 2675 683 2741; x_wconf 74' lang='grc' dir='ltr'>ἐστιν,</span> <span class='ocrx_word' id='word_1_270' title='bbox 714 2675 839 2728; x_wconf 77' lang='grc' dir='ltr'>οὔτε</span> <span class='ocrx_word' id='word_1_271' title='bbox 870 2676 974 2748; x_wconf 80' lang='grc' dir='ltr'><strong>μὴν</strong></span> <span class='ocrx_word' id='word_1_272' title='bbox 1028 2676 1233 2748; x_wconf 74' lang='lat'><strong>(238</strong></span> <span class='ocrx_word' id='word_1_273' title='bbox 1264 2679 1330 2746; x_wconf 87' lang='lat' dir='ltr'><strong>a)</strong></span> <span class='ocrx_word' id='word_1_274' title='bbox 1378 2676 1473 2731; x_wconf 87' lang='grc' dir='ltr'><strong>νῦν</strong></span> <span class='ocrx_word' id='word_1_275' title='bbox 1532 2679 1680 2729; x_wconf 81' lang='grc' dir='ltr'>ἐστιν</span> <span class='ocrx_word' id='word_1_276' title='bbox 1710 2676 1743 2747; x_wconf 78' lang='grc' dir='ltr'>ἢ</span> <span class='ocrx_word' id='word_1_277' title='bbox 1776 2678 1835 2740; x_wconf 82' lang='grc' dir='ltr'>ἐς</span> 
     </span>
    </p>
   </div>
   <div class='ocr_carea' id='block_1_41' title="bbox 255 2760 1833 2839">
    <p class='ocr_par' dir='ltr' id='par_1_41' title="bbox 255 2760 1833 2839">
     <span class='ocr_line' id='line_1_41' title="bbox 255 2760 1833 2839; baseline -0.001 -18"><span class='ocrx_word' id='word_1_278' title='bbox 255 2766 484 2838; x_wconf 76' lang='grc' dir='ltr'>ὕστερον</span> <span class='ocrx_word' id='word_1_279' title='bbox 525 2767 679 2820; x_wconf 68' lang='grc' dir='ltr'>ἔσται</span> <span class='ocrx_word' id='word_1_280' title='bbox 723 2768 859 2837; x_wconf 86' lang='grc' dir='ltr'>ὅπερ</span> <span class='ocrx_word' id='word_1_281' title='bbox 890 2768 992 2821; x_wconf 89' lang='grc' dir='ltr'><strong>οὑκ</strong></span> <span class='ocrx_word' id='word_1_282' title='bbox 1038 2763 1107 2838; x_wconf 76' lang='grc' dir='ltr'>ἦν</span> <span class='ocrx_word' id='word_1_283' title='bbox 1159 2769 1443 2839; x_wconf 87' lang='grc' dir='ltr'>πρότερον.</span> <span class='ocrx_word' id='word_1_284' title='bbox 1477 2760 1579 2821; x_wconf 79' lang='grc' dir='ltr'>Ὧν</span> <span class='ocrx_word' id='word_1_285' title='bbox 1627 2767 1734 2839; x_wconf 80' lang='grc' dir='ltr'>γὰρ</span> <span class='ocrx_word' id='word_1_286' title='bbox 1786 2769 1833 2820; x_wconf 76' lang='grc' dir='ltr'><strong>οἱ</strong></span> 
     </span>
    </p>
   </div>
   <div class='ocr_carea' id='block_1_42' title="bbox 255 2856 1831 2930">
    <p class='ocr_par' dir='ltr' id='par_1_42' title="bbox 255 2856 1831 2930">
     <span class='ocr_line' id='line_1_42' title="bbox 255 2856 1831 2930; baseline -0.001 -17"><span class='ocrx_word' id='word_1_287' title='bbox 255 2860 404 2927; x_wconf 84' lang='grc' dir='ltr'>λόγοι</span> <span class='ocrx_word' id='word_1_288' title='bbox 442 2859 590 2929; x_wconf 76' lang='grc' dir='ltr'>παρὰ</span> <span class='ocrx_word' id='word_1_289' title='bbox 616 2860 696 2928; x_wconf 82' lang='grc' dir='ltr'>τῷ</span> <span class='ocrx_word' id='word_1_290' title='bbox 726 2859 844 2928; x_wconf 84' lang='grc' dir='ltr'><strong>Θεῷ</strong></span> <span class='ocrx_word' id='word_1_291' title='bbox 873 2860 989 2930; x_wconf 75' lang='grc' dir='ltr'><strong>ἅμα</strong></span> <span class='ocrx_word' id='word_1_292' title='bbox 1027 2859 1104 2930; x_wconf 82' lang='grc' dir='ltr'><strong>τῷ</strong></span> <span class='ocrx_word' id='word_1_293' title='bbox 1140 2856 1280 2913; x_wconf 69' lang='grc' dir='ltr'>εἶναι</span> <span class='ocrx_word' id='word_1_294' title='bbox 1312 2861 1375 2914; x_wconf 83' lang='grc' dir='ltr'><strong>τὸ</strong></span> <span class='ocrx_word' id='word_1_295' title='bbox 1415 2860 1621 2913; x_wconf 84' lang='grc' dir='ltr'>τέλειον</span> <span class='ocrx_word' id='word_1_296' title='bbox 1652 2859 1831 2930; x_wconf 78' lang='grc' dir='ltr'>ἔσχον,</span> 
     </span>
    </p>
   </div>
   <div class='ocr_carea' id='block_1_43' title="bbox 255 2949 1835 3022">
    <p class='ocr_par' dir='ltr' id='par_1_43' title="bbox 255 2949 1835 3022">
     <span class='ocr_line' id='line_1_43' title="bbox 255 2949 1835 3022; baseline 0.001 -20"><span class='ocrx_word' id='word_1_297' title='bbox 255 2949 461 3003; x_wconf 83' lang='grc' dir='ltr'>τούτων</span> <span class='ocrx_word' id='word_1_298' title='bbox 490 2952 523 3020; x_wconf 80' lang='grc' dir='ltr'>ἡ</span> <span class='ocrx_word' id='word_1_299' title='bbox 550 2950 692 3003; x_wconf 86' lang='grc' dir='ltr'>κατὰ</span> <span class='ocrx_word' id='word_1_300' title='bbox 716 2951 843 3013; x_wconf 81' lang='grc' dir='ltr'>τοὺς</span> <span class='ocrx_word' id='word_1_301' title='bbox 872 2952 1108 3015; x_wconf 76' lang='grc' dir='ltr'>οἰκείους</span> <span class='ocrx_word' id='word_1_302' title='bbox 1155 2951 1347 3018; x_wconf 80' lang='grc' dir='ltr'>λόγους</span> <span class='ocrx_word' id='word_1_303' title='bbox 1387 2951 1694 3022; x_wconf 82' lang='grc' dir='ltr'>παραγωγὴ</span> <span class='ocrx_word' id='word_1_304' title='bbox 1738 2950 1835 3003; x_wconf 78' lang='grc' dir='ltr'><strong>καὶ</strong></span> 
     </span>
    </p>
   </div>
   <div class='ocr_carea' id='block_1_44' title="bbox 1933 1763 3517 1833">
    <p class='ocr_par' dir='ltr' id='par_1_44' title="bbox 1933 1763 3517 1833">
     <span class='ocr_line' id='line_1_44' title="bbox 1933 1763 3517 1833; baseline 0.001 -16"><span class='ocrx_word' id='word_1_305' title='bbox 1933 1763 2111 1833; x_wconf 87' lang='lat' dir='ltr'><strong>posita</strong></span> <span class='ocrx_word' id='word_1_306' title='bbox 2141 1775 2226 1818; x_wconf 89' lang='lat' dir='ltr'><strong>est</strong></span> <span class='ocrx_word' id='word_1_307' title='bbox 2256 1772 2478 1827; x_wconf 90' lang='lat' dir='ltr'><strong>natura,</strong></span> <span class='ocrx_word' id='word_1_308' title='bbox 2510 1770 2620 1817; x_wconf 90' lang='lat' dir='ltr'><strong>tota</strong></span> <span class='ocrx_word' id='word_1_309' title='bbox 2652 1763 2903 1817; x_wconf 83' lang='lat' dir='ltr'><strong>subsistit</strong></span> <span class='ocrx_word' id='word_1_310' title='bbox 2927 1764 3171 1833; x_wconf 85' lang='lat' dir='ltr'><strong>perfecta</strong></span> <span class='ocrx_word' id='word_1_311' title='bbox 3200 1764 3363 1818; x_wconf 90' lang='lat' dir='ltr'><strong>simul</strong></span> <span class='ocrx_word' id='word_1_312' title='bbox 3391 1780 3517 1819; x_wconf 88' lang='lat' dir='ltr'><strong>cum</strong></span> 
     </span>
    </p>
   </div>
   <div class='ocr_carea' id='block_1_45' title="bbox 1933 1854 3522 1924">
    <p class='ocr_par' dir='ltr' id='par_1_45' title="bbox 1933 1854 3522 1924">
     <span class='ocr_line' id='line_1_45' title="bbox 1933 1854 3522 1924; baseline 0.001 -15"><span class='ocrx_word' id='word_1_313' title='bbox 1933 1854 2194 1924; x_wconf 83' lang='lat' dir='ltr'><strong>perfectis</strong></span> <span class='ocrx_word' id='word_1_314' title='bbox 2233 1855 2350 1910; x_wconf 87' lang='lat' dir='ltr'><strong>suis</strong></span> <span class='ocrx_word' id='word_1_315' title='bbox 2390 1854 2565 1923; x_wconf 88' lang='lat' dir='ltr'><strong>ipsius</strong></span> <span class='ocrx_word' id='word_1_316' title='bbox 2606 1854 2918 1924; x_wconf 86' lang='lat' dir='ltr'><strong>particulis,</strong></span> <span class='ocrx_word' id='word_1_317' title='bbox 2953 1870 3056 1910; x_wconf 90' lang='lat' dir='ltr'><strong>nec</strong></span> <span class='ocrx_word' id='word_1_318' title='bbox 3096 1855 3180 1909; x_wconf 91' lang='lat' dir='ltr'><strong>sui</strong></span> <span class='ocrx_word' id='word_1_319' title='bbox 3224 1856 3390 1911; x_wconf 88' lang='lat' dir='ltr'><strong>habet</strong></span> <span class='ocrx_word' id='word_1_320' title='bbox 3426 1864 3522 1911; x_wconf 82' lang='lat' dir='ltr'><strong>aut</strong></span> 
     </span>
    </p>
   </div>
   <div class='ocr_carea' id='block_1_46' title="bbox 1934 1937 3518 2014">
    <p class='ocr_par' dir='ltr' id='par_1_46' title="bbox 1934 1937 3518 2014">
     <span class='ocr_line' id='line_1_46' title="bbox 1934 1937 3518 2014; baseline 0.001 -14"><span class='ocrx_word' id='word_1_321' title='bbox 1934 1937 2337 2014; x_wconf 79' lang='lat' dir='ltr'><strong>particularum</strong></span> <span class='ocrx_word' id='word_1_322' title='bbox 2396 1962 2461 2000; x_wconf 78' lang='lat' dir='ltr'><strong>ex</strong></span> <span class='ocrx_word' id='word_1_323' title='bbox 2516 1946 2718 2014; x_wconf 84' lang='lat' dir='ltr'><strong>quibus</strong></span> <span class='ocrx_word' id='word_1_324' title='bbox 2776 1954 2992 2001; x_wconf 85' lang='lat' dir='ltr'><strong>constat</strong></span> <span class='ocrx_word' id='word_1_325' title='bbox 3043 1947 3191 2002; x_wconf 91' lang='lat' dir='ltr'><strong>inter</strong></span> <span class='ocrx_word' id='word_1_326' title='bbox 3241 1963 3298 2003; x_wconf 92' lang='lat' dir='ltr'><strong>se</strong></span> <span class='ocrx_word' id='word_1_327' title='bbox 3351 1948 3518 2003; x_wconf 89' lang='lat' dir='ltr'><strong>ullam</strong></span> 
     </span>
    </p>
   </div>
   <div class='ocr_carea' id='block_1_47' title="bbox 1935 2038 3519 2109">
    <p class='ocr_par' dir='ltr' id='par_1_47' title="bbox 1935 2038 3519 2109">
     <span class='ocr_line' id='line_1_47' title="bbox 1935 2038 3519 2109; baseline 0.001 -16"><span class='ocrx_word' id='word_1_328' title='bbox 1935 2038 2237 2093; x_wconf 83' lang='lat' dir='ltr'><strong>secundum</strong></span> <span class='ocrx_word' id='word_1_329' title='bbox 2289 2046 2506 2108; x_wconf 89' lang='lat' dir='ltr'><strong>tempus</strong></span> <span class='ocrx_word' id='word_1_330' title='bbox 2553 2038 2894 2093; x_wconf 84' lang='lat' dir='ltr'><strong>distantiam.</strong></span> <span class='ocrx_word' id='word_1_331' title='bbox 2936 2038 3140 2093; x_wconf 74' lang='lat' dir='ltr'><strong>Verum</strong></span> <span class='ocrx_word' id='word_1_332' title='bbox 3194 2040 3239 2095; x_wconf 89' lang='lat' dir='ltr'><strong>si</strong></span> <span class='ocrx_word' id='word_1_333' title='bbox 3287 2040 3519 2109; x_wconf 80' lang='lat' dir='ltr'><strong>simplex</strong></span> 
     </span>
    </p>
   </div>
   <div class='ocr_carea' id='block_1_48' title="bbox 1935 2129 3517 2201">
    <p class='ocr_par' dir='ltr' id='par_1_48' title="bbox 1935 2129 3517 2201">
     <span class='ocr_line' id='line_1_48' title="bbox 1935 2129 3517 2201; baseline 0.001 -19"><span class='ocrx_word' id='word_1_334' title='bbox 1935 2140 2130 2183; x_wconf 90' lang='lat' dir='ltr'><strong>natura</strong></span> <span class='ocrx_word' id='word_1_335' title='bbox 2169 2139 2274 2195; x_wconf 87' lang='lat' dir='ltr'><strong>est,</strong></span> <span class='ocrx_word' id='word_1_336' title='bbox 2304 2130 2419 2184; x_wconf 81' lang='lat' dir='ltr'><strong>sive</strong></span> <span class='ocrx_word' id='word_1_337' title='bbox 2464 2129 2847 2200; x_wconf 83' lang='lat' dir='ltr'><strong>intelligibilis,</strong></span> <span class='ocrx_word' id='word_1_338' title='bbox 2880 2131 2997 2201; x_wconf 91' lang='lat' dir='ltr'><strong>pari</strong></span> <span class='ocrx_word' id='word_1_339' title='bbox 3038 2132 3203 2185; x_wconf 90' lang='lat' dir='ltr'><strong>modo</strong></span> <span class='ocrx_word' id='word_1_340' title='bbox 3244 2147 3351 2186; x_wconf 90' lang='lat' dir='ltr'><strong>una</strong></span> <span class='ocrx_word' id='word_1_341' title='bbox 3392 2146 3517 2187; x_wconf 89' lang='lat' dir='ltr'><strong>cum</strong></span> 
     </span>
    </p>
   </div>
   <div class='ocr_carea' id='block_1_49' title="bbox 1936 2218 3521 2292">
    <p class='ocr_par' dir='ltr' id='par_1_49' title="bbox 1936 2218 3521 2292">
     <span class='ocr_line' id='line_1_49' title="bbox 1936 2218 3521 2292; baseline 0.001 -18"><span class='ocrx_word' id='word_1_342' title='bbox 1936 2221 2051 2274; x_wconf 88' lang='lat' dir='ltr'><strong>suis</strong></span> <span class='ocrx_word' id='word_1_343' title='bbox 2083 2221 2244 2291; x_wconf 88' lang='lat' dir='ltr'><strong>plene</strong></span> <span class='ocrx_word' id='word_1_344' title='bbox 2277 2218 2587 2275; x_wconf 86' lang='lat' dir='ltr'><strong>rationibus</strong></span> <span class='ocrx_word' id='word_1_345' title='bbox 2627 2220 2890 2291; x_wconf 80' lang='lat' dir='ltr'><strong>perfectis</strong></span> <span class='ocrx_word' id='word_1_346' title='bbox 2931 2221 3044 2290; x_wconf 87' lang='lat' dir='ltr'><strong>ipsa</strong></span> <span class='ocrx_word' id='word_1_347' title='bbox 3086 2222 3328 2292; x_wconf 83' lang='lat' dir='ltr'><strong>perfecta</strong></span> <span class='ocrx_word' id='word_1_348' title='bbox 3369 2238 3521 2277; x_wconf 89' lang='lat' dir='ltr'><strong>sum-</strong></span> 
     </span>
    </p>
   </div>
   <div class='ocr_carea' id='block_1_50' title="bbox 1934 2311 3521 2383">
    <p class='ocr_par' dir='ltr' id='par_1_50' title="bbox 1934 2311 3521 2383">
     <span class='ocr_line' id='line_1_50' title="bbox 1934 2311 3521 2383; baseline 0.004 -20"><span class='ocrx_word' id='word_1_349' title='bbox 1934 2311 2125 2363; x_wconf 80' lang='lat' dir='ltr'><strong>matim</strong></span> <span class='ocrx_word' id='word_1_350' title='bbox 2154 2311 2428 2375; x_wconf 86' lang='lat' dir='ltr'><strong>subsistit,</strong></span> <span class='ocrx_word' id='word_1_351' title='bbox 2453 2318 2699 2382; x_wconf 86' lang='lat' dir='ltr'><strong>tempore</strong></span> <span class='ocrx_word' id='word_1_352' title='bbox 2724 2328 2953 2383; x_wconf 91' lang='lat' dir='ltr'><strong>prorsus</strong></span> <span class='ocrx_word' id='word_1_353' title='bbox 2976 2314 3128 2369; x_wconf 90' lang='lat' dir='ltr'><strong>nullo</strong></span> <span class='ocrx_word' id='word_1_354' title='bbox 3158 2331 3188 2369; x_wconf 93' lang='lat' dir='ltr'><strong>a</strong></span> <span class='ocrx_word' id='word_1_355' title='bbox 3213 2316 3328 2370; x_wconf 89' lang='lat' dir='ltr'><strong>suis</strong></span> <span class='ocrx_word' id='word_1_356' title='bbox 3355 2317 3521 2371; x_wconf 91' lang='lat' dir='ltr'><strong>ratio-</strong></span> 
     </span>
    </p>
   </div>
   <div class='ocr_carea' id='block_1_51' title="bbox 1936 2402 3517 2477">
    <p class='ocr_par' dir='ltr' id='par_1_51' title="bbox 1936 2402 3517 2477">
     <span class='ocr_line' id='line_1_51' title="bbox 1936 2402 3517 2477; baseline 0.005 -23"><span class='ocrx_word' id='word_1_357' title='bbox 1936 2402 2101 2455; x_wconf 88' lang='lat' dir='ltr'><strong>nibus</strong></span> <span class='ocrx_word' id='word_1_358' title='bbox 2129 2411 2408 2471; x_wconf 90' lang='lat' dir='ltr'><strong>ulcunque</strong></span> <span class='ocrx_word' id='word_1_359' title='bbox 2434 2412 2712 2473; x_wconf 86' lang='lat' dir='ltr'><strong>separata.</strong></span> <span class='ocrx_word' id='word_1_360' title='bbox 2738 2404 2928 2474; x_wconf 83' lang='lat' dir='ltr'><strong>Neque</strong></span> <span class='ocrx_word' id='word_1_361' title='bbox 2955 2406 3102 2459; x_wconf 90' lang='lat' dir='ltr'><strong>enim</strong></span> <span class='ocrx_word' id='word_1_362' title='bbox 3128 2414 3247 2460; x_wconf 91' lang='lat' dir='ltr'><strong>erat</strong></span> <span class='ocrx_word' id='word_1_363' title='bbox 3277 2423 3517 2477; x_wconf 90' lang='lat' dir='ltr'><strong>unquam</strong></span> 
     </span>
    </p>
   </div>
   <div class='ocr_carea' id='block_1_52' title="bbox 1935 2494 3518 2570">
    <p class='ocr_par' dir='ltr' id='par_1_52' title="bbox 1935 2494 3518 2570">
     <span class='ocr_line' id='line_1_52' title="bbox 1935 2494 3518 2570; baseline 0.004 -22"><span class='ocrx_word' id='word_1_364' title='bbox 1935 2494 2163 2548; x_wconf 91' lang='lat' dir='ltr'><strong>omnino</strong></span> <span class='ocrx_word' id='word_1_365' title='bbox 2192 2495 2376 2564; x_wconf 85' lang='lat' dir='ltr'><strong>aliqua</strong></span> <span class='ocrx_word' id='word_1_366' title='bbox 2412 2502 2611 2549; x_wconf 87' lang='lat' dir='ltr'><strong>natura</strong></span> <span class='ocrx_word' id='word_1_367' title='bbox 2647 2496 2701 2549; x_wconf 92' lang='lat' dir='ltr'><strong>in</strong></span> <span class='ocrx_word' id='word_1_368' title='bbox 2737 2497 2818 2551; x_wconf 88' lang='lat' dir='ltr'><strong>eis</strong></span> <span class='ocrx_word' id='word_1_369' title='bbox 2850 2513 2972 2567; x_wconf 71' lang='lat' dir='ltr'><strong>qua:</strong></span> <span class='ocrx_word' id='word_1_370' title='bbox 3006 2498 3303 2564; x_wconf 79' lang='lat' dir='ltr'><strong>exsistunt,</strong></span> <span class='ocrx_word' id='word_1_371' title='bbox 3337 2514 3518 2570; x_wconf 88' lang='lat' dir='ltr'><strong>neque</strong></span> 
     </span>
    </p>
   </div>
   <div class='ocr_carea' id='block_1_53' title="bbox 1934 2586 3518 2659">
    <p class='ocr_par' dir='ltr' id='par_1_53' title="bbox 1934 2586 3518 2659">
     <span class='ocr_line' id='line_1_53' title="bbox 1934 2586 3518 2659; baseline 0.004 -20"><span class='ocrx_word' id='word_1_372' title='bbox 1934 2594 2038 2651; x_wconf 89' lang='lat' dir='ltr'><strong>est,</strong></span> <span class='ocrx_word' id='word_1_373' title='bbox 2064 2602 2241 2655; x_wconf 87' lang='lat' dir='ltr'><strong>neque</strong></span> <span class='ocrx_word' id='word_1_374' title='bbox 2268 2586 2374 2640; x_wconf 86' lang='lat' dir='ltr'><strong>erit</strong></span> <span class='ocrx_word' id='word_1_375' title='bbox 2397 2586 2702 2641; x_wconf 90' lang='lat' dir='ltr'><strong>secundum</strong></span> <span class='ocrx_word' id='word_1_376' title='bbox 2734 2603 2887 2642; x_wconf 89' lang='lat' dir='ltr'><strong>suam</strong></span> <span class='ocrx_word' id='word_1_377' title='bbox 2915 2588 3090 2659; x_wconf 90' lang='lat' dir='ltr'><strong>ipsius</strong></span> <span class='ocrx_word' id='word_1_378' title='bbox 3112 2590 3382 2644; x_wconf 87' lang='lat' dir='ltr'><strong>rationem</strong></span> <span class='ocrx_word' id='word_1_379' title='bbox 3411 2591 3518 2646; x_wconf 89' lang='lat' dir='ltr'><strong>tale</strong></span> 
     </span>
    </p>
   </div>
   <div class='ocr_carea' id='block_1_54' title="bbox 1936 2675 3517 2752">
    <p class='ocr_par' dir='ltr' id='par_1_54' title="bbox 1936 2675 3517 2752">
     <span class='ocr_line' id='line_1_54' title="bbox 1936 2675 3517 2752; baseline 0.005 -24"><span class='ocrx_word' id='word_1_380' title='bbox 1936 2675 2069 2744; x_wconf 88' lang='lat' dir='ltr'><strong>quid</strong></span> <span class='ocrx_word' id='word_1_381' title='bbox 2110 2685 2331 2730; x_wconf 81' lang='lat' dir='ltr'><strong>exstans</strong></span> <span class='ocrx_word' id='word_1_382' title='bbox 2367 2677 2514 2746; x_wconf 87' lang='lat' dir='ltr'><strong>quod</strong></span> <span class='ocrx_word' id='word_1_383' title='bbox 2556 2693 2705 2732; x_wconf 91' lang='lat' dir='ltr'><strong>nunc</strong></span> <span class='ocrx_word' id='word_1_384' title='bbox 2746 2694 2857 2733; x_wconf 90' lang='lat' dir='ltr'><strong>non</strong></span> <span class='ocrx_word' id='word_1_385' title='bbox 2896 2689 3011 2743; x_wconf 91' lang='lat' dir='ltr'><strong>est,</strong></span> <span class='ocrx_word' id='word_1_386' title='bbox 3044 2696 3225 2751; x_wconf 89' lang='lat' dir='ltr'><strong>neque</strong></span> <span class='ocrx_word' id='word_1_387' title='bbox 3270 2681 3517 2752; x_wconf 81' lang='lat' dir='ltr'><strong>profecto</strong></span> 
     </span>
    </p>
   </div>
   <div class='ocr_carea' id='block_1_55' title="bbox 1936 2766 3514 2838">
    <p class='ocr_par' dir='ltr' id='par_1_55' title="bbox 1936 2766 3514 2838">
     <span class='ocr_line' id='line_1_55' title="bbox 1936 2766 3514 2838; baseline 0.008 -22"><span class='ocrx_word' id='word_1_388' title='bbox 1936 2779 2084 2817; x_wconf 91' lang='lat' dir='ltr'><strong>nunc</strong></span> <span class='ocrx_word' id='word_1_389' title='bbox 2123 2773 2208 2818; x_wconf 87' lang='lat' dir='ltr'><strong>est</strong></span> <span class='ocrx_word' id='word_1_390' title='bbox 2244 2774 2341 2819; x_wconf 86' lang='lat' dir='ltr'><strong>aut</strong></span> <span class='ocrx_word' id='word_1_391' title='bbox 2380 2766 2433 2819; x_wconf 91' lang='lat' dir='ltr'><strong>in</strong></span> <span class='ocrx_word' id='word_1_392' title='bbox 2479 2766 2666 2821; x_wconf 79' lang='lat' dir='ltr'><strong>futuro</strong></span> <span class='ocrx_word' id='word_1_393' title='bbox 2706 2768 2812 2822; x_wconf 87' lang='lat' dir='ltr'><strong>erit</strong></span> <span class='ocrx_word' id='word_1_394' title='bbox 2851 2769 2997 2838; x_wconf 88' lang='lat' dir='ltr'><strong>quod</strong></span> <span class='ocrx_word' id='word_1_395' title='bbox 3036 2780 3197 2826; x_wconf 89' lang='lat' dir='ltr'><strong>antea</strong></span> <span class='ocrx_word' id='word_1_396' title='bbox 3240 2788 3350 2827; x_wconf 92' lang='lat' dir='ltr'><strong>non</strong></span> <span class='ocrx_word' id='word_1_397' title='bbox 3391 2772 3514 2828; x_wconf 81' lang='lat' dir='ltr'><strong>fuit.</strong></span> 
     </span>
    </p>
   </div>
   <div class='ocr_carea' id='block_1_56' title="bbox 1935 2852 3517 2927">
    <p class='ocr_par' dir='ltr' id='par_1_56' title="bbox 1935 2852 3517 2927">
     <span class='ocr_line' id='line_1_56' title="bbox 1935 2852 3517 2927; baseline 0.008 -20"><span class='ocrx_word' id='word_1_398' title='bbox 1935 2852 2180 2919; x_wconf 87' lang='lat' dir='ltr'><strong>Quorum</strong></span> <span class='ocrx_word' id='word_1_399' title='bbox 2212 2856 2357 2909; x_wconf 88' lang='lat' dir='ltr'><strong>enim</strong></span> <span class='ocrx_word' id='word_1_400' title='bbox 2386 2857 2629 2911; x_wconf 87' lang='lat' dir='ltr'><strong>rationes</strong></span> <span class='ocrx_word' id='word_1_401' title='bbox 2653 2859 2796 2927; x_wconf 89' lang='lat' dir='ltr'><strong>apud</strong></span> <span class='ocrx_word' id='word_1_402' title='bbox 2829 2860 2998 2914; x_wconf 89' lang='lat' dir='ltr'><strong>Deum</strong></span> <span class='ocrx_word' id='word_1_403' title='bbox 3029 2862 3192 2917; x_wconf 90' lang='lat' dir='ltr'><strong>simul</strong></span> <span class='ocrx_word' id='word_1_404' title='bbox 3222 2879 3344 2917; x_wconf 78' lang='lat' dir='ltr'><strong>cum</strong></span> <span class='ocrx_word' id='word_1_405' title='bbox 3372 2864 3517 2919; x_wconf 84' lang='lat' dir='ltr'><strong>exsi-</strong></span> 
     </span>
    </p>
   </div>
   <div class='ocr_carea' id='block_1_57' title="bbox 1935 2946 3513 3017">
    <p class='ocr_par' dir='ltr' id='par_1_57' title="bbox 1935 2946 3513 3017">
     <span class='ocr_line' id='line_1_57' title="bbox 1935 2946 3513 3017; baseline 0.005 -16"><span class='ocrx_word' id='word_1_406' title='bbox 1935 2946 2136 3001; x_wconf 88' lang='lat' dir='ltr'><strong>stentia</strong></span> <span class='ocrx_word' id='word_1_407' title='bbox 2168 2946 2561 3015; x_wconf 81' lang='lat' dir='ltr'><strong>perfectionem</strong></span> <span class='ocrx_word' id='word_1_408' title='bbox 2592 2948 2942 3017; x_wconf 86' lang='lat' dir='ltr'><strong>habuerunt,</strong></span> <span class='ocrx_word' id='word_1_409' title='bbox 2972 2952 3171 3007; x_wconf 88' lang='lat' dir='ltr'><strong>borum</strong></span> <span class='ocrx_word' id='word_1_410' title='bbox 3208 2954 3513 3009; x_wconf 89' lang='lat' dir='ltr'><strong>secundum</strong></span> 
     </span>
    </p>
   </div>
   <div class='ocr_carea' id='block_1_58' title="bbox 254 3040 1827 3115">
    <p class='ocr_par' dir='ltr' id='par_1_58' title="bbox 254 3040 1827 3112">
     <span class='ocr_line' id='line_1_58' title="bbox 254 3040 1827 3112; baseline 0.001 -19"><span class='ocrx_word' id='word_1_411' title='bbox 254 3040 511 3101; x_wconf 81' lang='grc' dir='ltr'>οὑσίωσις</span> <span class='ocrx_word' id='word_1_412' title='bbox 541 3040 864 3110; x_wconf 77' lang='grc' dir='ltr'>προσθήκης</span> <span class='ocrx_word' id='word_1_413' title='bbox 895 3040 1078 3112; x_wconf 85' lang='grc' dir='ltr'>πάσης</span> <span class='ocrx_word' id='word_1_414' title='bbox 1110 3040 1205 3094; x_wconf 73' lang='grc' dir='ltr'><strong>καὶ</strong></span> <span class='ocrx_word' id='word_1_415' title='bbox 1238 3041 1530 3111; x_wconf 76' lang='grc' dir='ltr'>ἐλλείψεως</span> <span class='ocrx_word' id='word_1_416' title='bbox 1574 3043 1674 3112; x_wconf 80' lang='grc' dir='ltr'>τῆς</span> <span class='ocrx_word' id='word_1_417' title='bbox 1698 3041 1827 3112; x_wconf 86' lang='grc' dir='ltr'>πρὸς</span> 
     </span>
    </p>
   </div>
   <div class='ocr_carea' id='block_1_59' title="bbox 1933 3040 3515 3115">
    <p class='ocr_par' dir='ltr' id='par_1_59' title="bbox 1936 3040 3515 3115">
     <span class='ocr_line' id='line_1_59' title="bbox 1936 3040 3515 3115; baseline 0.003 -21"><span class='ocrx_word' id='word_1_418' title='bbox 1936 3055 2064 3094; x_wconf 88' lang='lat' dir='ltr'><strong>suas</strong></span> <span class='ocrx_word' id='word_1_419' title='bbox 2094 3040 2335 3094; x_wconf 89' lang='lat' dir='ltr'><strong>rationes</strong></span> <span class='ocrx_word' id='word_1_420' title='bbox 2358 3040 2650 3109; x_wconf 84' lang='lat' dir='ltr'><strong>productio</strong></span> <span class='ocrx_word' id='word_1_421' title='bbox 2682 3051 2845 3112; x_wconf 88' lang='lat' dir='ltr'><strong>atque</strong></span> <span class='ocrx_word' id='word_1_422' title='bbox 2871 3043 2923 3098; x_wconf 91' lang='lat' dir='ltr'><strong>in</strong></span> <span class='ocrx_word' id='word_1_423' title='bbox 2951 3045 3246 3099; x_wconf 76' lang='lat' dir='ltr'><strong>essentiam</strong></span> <span class='ocrx_word' id='word_1_424' title='bbox 3279 3046 3515 3115; x_wconf 89' lang='lat' dir='ltr'><strong>prolatio</strong></span> 
     </span>
    </p>
   </div>
   <div class='ocr_carea' id='block_1_60' title="bbox 254 3128 1834 3204">
    <p class='ocr_par' dir='ltr' id='par_1_60' title="bbox 254 3128 1834 3204">
     <span class='ocr_line' id='line_1_60' title="bbox 254 3128 1834 3204; baseline 0.001 -21"><span class='ocrx_word' id='word_1_425' title='bbox 254 3132 317 3185; x_wconf 81' lang='grc' dir='ltr'>τδ</span> <span class='ocrx_word' id='word_1_426' title='bbox 350 3128 488 3185; x_wconf 76' lang='grc' dir='ltr'>εἶναι</span> <span class='ocrx_word' id='word_1_427' title='bbox 520 3132 658 3203; x_wconf 84' lang='grc' dir='ltr'>ὅπερ</span> <span class='ocrx_word' id='word_1_428' title='bbox 684 3133 813 3185; x_wconf 73' lang='grc' dir='ltr'>ὄντα</span> <span class='ocrx_word' id='word_1_429' title='bbox 848 3133 1110 3204; x_wconf 84' lang='grc' dir='ltr'>τυγχάνει</span> <span class='ocrx_word' id='word_1_430' title='bbox 1157 3134 1437 3199; x_wconf 86' lang='grc' dir='ltr'>παντελῶς</span> <span class='ocrx_word' id='word_1_431' title='bbox 1469 3137 1616 3187; x_wconf 80' lang='grc' dir='ltr'>ἐστιν</span> <span class='ocrx_word' id='word_1_432' title='bbox 1646 3134 1834 3187; x_wconf 82' lang='grc' dir='ltr'>ἀνεπί-</span> 
     </span>
    </p>
   </div>
   <div class='ocr_carea' id='block_1_61' title="bbox 253 3222 1828 3297">
    <p class='ocr_par' dir='ltr' id='par_1_61' title="bbox 253 3222 1828 3297">
     <span class='ocr_line' id='line_1_61' title="bbox 253 3222 1828 3297; baseline 0.001 -20"><span class='ocrx_word' id='word_1_433' title='bbox 253 3222 461 3287; x_wconf 85' lang='grc' dir='ltr'>δεκτος.</span> <span class='ocrx_word' id='word_1_434' title='bbox 514 3224 664 3278; x_wconf 64' lang='grc' dir='ltr'>Ἀλλ’</span> <span class='ocrx_word' id='word_1_435' title='bbox 720 3225 911 3297; x_wconf 86' lang='grc' dir='ltr'>ἀρκεῖν</span> <span class='ocrx_word' id='word_1_436' title='bbox 969 3222 1122 3297; x_wconf 75' lang='grc' dir='ltr'>οἶμαι</span> <span class='ocrx_word' id='word_1_437' title='bbox 1174 3227 1315 3280; x_wconf 79' lang='grc' dir='ltr'>κατὰ</span> <span class='ocrx_word' id='word_1_438' title='bbox 1376 3227 1474 3297; x_wconf 78' lang='grc' dir='ltr'><strong>τὴν</strong></span> <span class='ocrx_word' id='word_1_439' title='bbox 1514 3227 1605 3280; x_wconf 90' lang='grc' dir='ltr'><strong>τοῦ</strong></span> <span class='ocrx_word' id='word_1_440' title='bbox 1667 3226 1828 3294; x_wconf 83' lang='grc' dir='ltr'>λόγου</span> 
     </span>
    </p>
   </div>
   <div class='ocr_carea' id='block_1_62' title="bbox 256 3313 1828 3389">
    <p class='ocr_par' dir='ltr' id='par_1_62' title="bbox 256 3313 1828 3389">
     <span class='ocr_line' id='line_1_62' title="bbox 256 3313 1828 3389; baseline 0.002 -23"><span class='ocrx_word' id='word_1_441' title='bbox 256 3313 601 3384; x_wconf 78' lang='grc' dir='ltr'>παρέκϐασιν</span> <span class='ocrx_word' id='word_1_442' title='bbox 637 3316 731 3369; x_wconf 73' lang='grc' dir='ltr'><strong>καὶ</strong></span> <span class='ocrx_word' id='word_1_443' title='bbox 763 3316 899 3385; x_wconf 80' lang='grc' dir='ltr'>πρὸς</span> <span class='ocrx_word' id='word_1_444' title='bbox 930 3316 1156 3379; x_wconf 86' lang='grc' dir='ltr'>τούτους</span> <span class='ocrx_word' id='word_1_445' title='bbox 1184 3317 1254 3369; x_wconf 82' lang='grc' dir='ltr'>τὰ</span> <span class='ocrx_word' id='word_1_446' title='bbox 1278 3317 1372 3371; x_wconf 89' lang='grc' dir='ltr'><strong>νῦν</strong></span> <span class='ocrx_word' id='word_1_447' title='bbox 1402 3317 1657 3389; x_wconf 76' lang='grc' dir='ltr'>ῥηθέντα,</span> <span class='ocrx_word' id='word_1_448' title='bbox 1691 3317 1828 3387; x_wconf 81' lang='grc' dir='ltr'>πρὸς</span> 
     </span>
    </p>
   </div>
   <div class='ocr_carea' id='block_1_63' title="bbox 253 3405 1829 3478">
    <p class='ocr_par' dir='ltr' id='par_1_63' title="bbox 253 3405 1829 3478">
     <span class='ocr_line' id='line_1_63' title="bbox 253 3405 1829 3478; baseline 0.002 -19"><span class='ocrx_word' id='word_1_449' title='bbox 253 3405 315 3459; x_wconf 78' lang='grc' dir='ltr'>τὸ</span> <span class='ocrx_word' id='word_1_450' title='bbox 344 3406 419 3477; x_wconf 83' lang='grc' dir='ltr'>μὴ</span> <span class='ocrx_word' id='word_1_451' title='bbox 450 3406 863 3475; x_wconf 89' lang='grc' dir='ltr'>παρασύρεσθαι</span> <span class='ocrx_word' id='word_1_452' title='bbox 896 3408 1093 3478; x_wconf 80' lang='grc' dir='ltr'>ῥᾳδίως</span> <span class='ocrx_word' id='word_1_453' title='bbox 1118 3410 1199 3469; x_wconf 83' lang='grc' dir='ltr'><strong>είς</strong></span> <span class='ocrx_word' id='word_1_454' title='bbox 1229 3408 1463 3471; x_wconf 83' lang='grc' dir='ltr'>ἀτόπους</span> <span class='ocrx_word' id='word_1_455' title='bbox 1484 3409 1641 3472; x_wconf 80' lang='grc' dir='ltr'>δόξας</span> <span class='ocrx_word' id='word_1_456' title='bbox 1677 3409 1829 3478; x_wconf 67' lang='grc' dir='ltr'>παρὰ</span> 
     </span>
    </p>
   </div>
   <div class='ocr_carea' id='block_1_64' title="bbox 253 3496 1828 3568">
    <p class='ocr_par' dir='ltr' id='par_1_64' title="bbox 253 3496 1828 3568">
     <span class='ocr_line' id='line_1_64' title="bbox 253 3496 1828 3568; baseline 0.001 -19"><span class='ocrx_word' id='word_1_457' title='bbox 253 3496 364 3550; x_wconf 88' lang='grc' dir='ltr'><strong>τῶν</strong></span> <span class='ocrx_word' id='word_1_458' title='bbox 407 3496 593 3555; x_wconf 88' lang='grc' dir='ltr'>πίστιν</span> <span class='ocrx_word' id='word_1_459' title='bbox 633 3497 977 3565; x_wconf 78' lang='grc' dir='ltr'>ποιουμένων</span> <span class='ocrx_word' id='word_1_460' title='bbox 1018 3499 1118 3567; x_wconf 80' lang='grc' dir='ltr'>τὴν</span> <span class='ocrx_word' id='word_1_461' title='bbox 1158 3498 1217 3551; x_wconf 81' lang='grc' dir='ltr'><strong>έν</strong></span> <span class='ocrx_word' id='word_1_462' title='bbox 1241 3500 1362 3559; x_wconf 80' lang='grc' dir='ltr'>ταῖς</span> <span class='ocrx_word' id='word_1_463' title='bbox 1404 3498 1694 3568; x_wconf 69' lang='grc' dir='ltr'>κομψείαις</span> <span class='ocrx_word' id='word_1_464' title='bbox 1721 3499 1828 3551; x_wconf 88' lang='grc' dir='ltr'><strong>τῶν</strong></span> 
     </span>
    </p>
   </div>
   <div class='ocr_carea' id='block_1_65' title="bbox 253 3587 1098 3660">
    <p class='ocr_par' dir='ltr' id='par_1_65' title="bbox 253 3587 1098 3660">
     <span class='ocr_line' id='line_1_65' title="bbox 253 3587 1098 3660; baseline 0.001 -17"><span class='ocrx_word' id='word_1_465' title='bbox 253 3587 429 3659; x_wconf 83' lang='grc' dir='ltr'>λόγων</span> <span class='ocrx_word' id='word_1_466' title='bbox 456 3589 712 3659; x_wconf 73' lang='grc' dir='ltr'>τεχνικὴν</span> <span class='ocrx_word' id='word_1_467' title='bbox 744 3588 1098 3660; x_wconf 86' lang='grc' dir='ltr'>πιθανότητα.</span> 
     </span>
    </p>
   </div>
   <div class='ocr_carea' id='block_1_66' title="bbox 250 3894 1824 3973">
    <p class='ocr_par' dir='ltr' id='par_1_66' title="bbox 250 3894 1824 3973">
     <span class='ocr_line' id='line_1_66' title="bbox 250 3894 1824 3973; baseline 0.006 -25"><span class='ocrx_word' id='word_1_468' title='bbox 250 3895 354 3949; x_wconf 85' lang='grc' dir='ltr'><strong>Διὰ</strong></span> <span class='ocrx_word' id='word_1_469' title='bbox 381 3896 438 3949; x_wconf 83' lang='grc' dir='ltr'><strong>τί</strong></span> <span class='ocrx_word' id='word_1_470' title='bbox 458 3894 625 3966; x_wconf 82' lang='grc' dir='ltr'>συνῆ</span> <span class='ocrx_word' id='word_1_471' title='bbox 634 3898 710 3965; x_wconf 67' lang='grc' dir='ltr'>ψε</span> <span class='ocrx_word' id='word_1_472' title='bbox 736 3894 813 3964; x_wconf 73' lang='grc' dir='ltr'>τῇ</span> <span class='ocrx_word' id='word_1_473' title='bbox 844 3896 1143 3965; x_wconf 74' lang='grc' dir='ltr'>σαρκώσει</span> <span class='ocrx_word' id='word_1_474' title='bbox 1165 3900 1280 3965; x_wconf 78' lang='grc' dir='ltr'>τὴν</span> <span class='ocrx_word' id='word_1_475' title='bbox 1310 3901 1378 3954; x_wconf 81' lang='grc' dir='ltr'>ἑκ</span> <span class='ocrx_word' id='word_1_476' title='bbox 1401 3902 1824 3973; x_wconf 75' lang='grc' dir='ltr'>βαπτίσματος</span> 
     </span>
    </p>
   </div>
   <div class='ocr_carea' id='block_1_67' title="bbox 637 3986 1438 4059">
    <p class='ocr_par' dir='ltr' id='par_1_67' title="bbox 637 3986 1438 4059">
     <span class='ocr_line' id='line_1_67' title="bbox 637 3986 1438 4059; baseline 0.009 -19"><span class='ocrx_word' id='word_1_477' title='bbox 637 3986 929 4057; x_wconf 72' lang='grc' dir='ltr'><strong>γέννησιν</strong></span> <span class='ocrx_word' id='word_1_478' title='bbox 980 3990 1011 4042; x_wconf 83' lang='grc' dir='ltr'><em>ὁ</em></span> <span class='ocrx_word' id='word_1_479' title='bbox 1049 3988 1438 4059; x_wconf 71' lang='grc' dir='ltr'>διδάσκαλος.</span> 
     </span>
    </p>
   </div>
   <div class='ocr_carea' id='block_1_68' title="bbox 320 4098 1826 4181">
    <p class='ocr_par' dir='ltr' id='par_1_68' title="bbox 320 4098 1826 4181">
     <span class='ocr_line' id='line_1_68' title="bbox 320 4098 1826 4181; baseline 0.008 -30"><span class='ocrx_word' id='word_1_480' title='bbox 320 4098 465 4169; x_wconf 72' lang='grc' dir='ltr'>Πρὸς</span> <span class='ocrx_word' id='word_1_481' title='bbox 492 4098 546 4152; x_wconf 83' lang='grc' dir='ltr'><strong>τι</strong></span> <span class='ocrx_word' id='word_1_482' title='bbox 589 4099 645 4153; x_wconf 82' lang='grc' dir='ltr'><strong>δὲ</strong></span> <span class='ocrx_word' id='word_1_483' title='bbox 689 4101 901 4171; x_wconf 78' lang='grc' dir='ltr'>βλέπων</span> <span class='ocrx_word' id='word_1_484' title='bbox 936 4103 1029 4155; x_wconf 82' lang='grc' dir='ltr'>καὶ</span> <span class='ocrx_word' id='word_1_485' title='bbox 1051 4104 1196 4167; x_wconf 81' lang='grc' dir='ltr'>τίνος</span> <span class='ocrx_word' id='word_1_486' title='bbox 1226 4105 1412 4160; x_wconf 75' lang='grc' dir='ltr'>ἕνεκεν</span> <span class='ocrx_word' id='word_1_487' title='bbox 1454 4111 1517 4179; x_wconf 77' lang='grc' dir='ltr'>τῇ</span> <span class='ocrx_word' id='word_1_488' title='bbox 1553 4108 1826 4181; x_wconf 84' lang='grc' dir='ltr'>σαρκώσει</span> 
     </span>
    </p>
   </div>
   <div class='ocr_carea' id='block_1_69' title="bbox 250 4190 1822 4268">
    <p class='ocr_par' dir='ltr' id='par_1_69' title="bbox 250 4190 1822 4268">
     <span class='ocr_line' id='line_1_69' title="bbox 250 4190 1822 4268; baseline 0.006 -26"><span class='ocrx_word' id='word_1_489' title='bbox 250 4190 458 4260; x_wconf 75' lang='grc' dir='ltr'>συνῆψε</span> <span class='ocrx_word' id='word_1_490' title='bbox 524 4193 634 4263; x_wconf 82' lang='grc' dir='ltr'>,τὴν</span> <span class='ocrx_word' id='word_1_491' title='bbox 657 4194 721 4245; x_wconf 78' lang='grc' dir='ltr'>ὲκ</span> <span class='ocrx_word' id='word_1_492' title='bbox 753 4194 1124 4264; x_wconf 85' lang='grc' dir='ltr'>βαπτίσματος</span> <span class='ocrx_word' id='word_1_493' title='bbox 1162 4198 1417 4268; x_wconf 82' lang='grc' dir='ltr'>γέννησιν</span> <span class='ocrx_word' id='word_1_494' title='bbox 1450 4202 1478 4252; x_wconf 89' lang='grc' dir='ltr'><strong>ό</strong></span> <span class='ocrx_word' id='word_1_495' title='bbox 1502 4200 1822 4264; x_wconf 82' lang='grc' dir='ltr'>διδάσκαλος</span> 
     </span>
    </p>
   </div>
   <div class='ocr_carea' id='block_1_70' title="bbox 1941 3130 3511 3191">
    <p class='ocr_par' dir='ltr' id='par_1_70' title="bbox 1941 3130 3511 3191">
     <span class='ocr_line' id='line_1_70' title="bbox 1941 3130 3511 3191; baseline 0.004 -7"><span class='ocrx_word' id='word_1_496' title='bbox 1941 3130 2298 3184; x_wconf 88' lang='lat' dir='ltr'><strong>additamenti</strong></span> <span class='ocrx_word' id='word_1_497' title='bbox 2325 3131 2506 3186; x_wconf 92' lang='lat' dir='ltr'><strong>omnis</strong></span> <span class='ocrx_word' id='word_1_498' title='bbox 2532 3141 2588 3185; x_wconf 91' lang='lat' dir='ltr'><strong>et</strong></span> <span class='ocrx_word' id='word_1_499' title='bbox 2611 3131 2862 3188; x_wconf 82' lang='lat' dir='ltr'><strong>defectus</strong></span> <span class='ocrx_word' id='word_1_500' title='bbox 2889 3134 2956 3189; x_wconf 91' lang='lat' dir='ltr'><strong>ad</strong></span> <span class='ocrx_word' id='word_1_501' title='bbox 2985 3135 3360 3190; x_wconf 75' lang='lat' dir='ltr'><strong>exsistentiam</strong></span> <span class='ocrx_word' id='word_1_502' title='bbox 3390 3151 3511 3191; x_wconf 90' lang='lat' dir='ltr'><strong>eam</strong></span> 
     </span>
    </p>
   </div>
   <div class='ocr_carea' id='block_1_71' title="bbox 1938 3221 3511 3296">
    <p class='ocr_par' dir='ltr' id='par_1_71' title="bbox 1938 3221 3511 3296">
     <span class='ocr_line' id='line_1_71' title="bbox 1938 3221 3511 3296; baseline 0.006 -22"><span class='ocrx_word' id='word_1_503' title='bbox 1938 3236 2101 3290; x_wconf 90' lang='lat' dir='ltr'><strong>quam</strong></span> <span class='ocrx_word' id='word_1_504' title='bbox 2149 3221 2347 3275; x_wconf 90' lang='lat' dir='ltr'><strong>sortita</strong></span> <span class='ocrx_word' id='word_1_505' title='bbox 2392 3229 2521 3275; x_wconf 88' lang='lat' dir='ltr'><strong>sunt</strong></span> <span class='ocrx_word' id='word_1_506' title='bbox 2564 3233 2815 3292; x_wconf 83' lang='lat' dir='ltr'><strong>expertes</strong></span> <span class='ocrx_word' id='word_1_507' title='bbox 2860 3234 2917 3279; x_wconf 89' lang='lat' dir='ltr'><strong>et</strong></span> <span class='ocrx_word' id='word_1_508' title='bbox 2963 3241 3075 3279; x_wconf 87' lang='lat' dir='ltr'><strong>non</strong></span> <span class='ocrx_word' id='word_1_509' title='bbox 3124 3241 3371 3296; x_wconf 84' lang='lat' dir='ltr'><strong>capaces.</strong></span> <span class='ocrx_word' id='word_1_510' title='bbox 3404 3227 3511 3283; x_wconf 90' lang='lat' dir='ltr'><strong>Sed</strong></span> 
     </span>
    </p>
   </div>
   <div class='ocr_carea' id='block_1_72' title="bbox 1933 3312 3514 3382">
    <p class='ocr_par' dir='ltr' id='par_1_72' title="bbox 1933 3312 3514 3382">
     <span class='ocr_line' id='line_1_72' title="bbox 1933 3312 3514 3382; baseline 0.005 -17"><span class='ocrx_word' id='word_1_511' title='bbox 1933 3312 2071 3367; x_wconf 89' lang='lat' dir='ltr'><strong>satis</strong></span> <span class='ocrx_word' id='word_1_512' title='bbox 2116 3327 2236 3366; x_wconf 88' lang='lat' dir='ltr'><strong>esse</strong></span> <span class='ocrx_word' id='word_1_513' title='bbox 2283 3312 2482 3381; x_wconf 90' lang='lat' dir='ltr'><strong>opinor</strong></span> <span class='ocrx_word' id='word_1_514' title='bbox 2526 3327 2647 3382; x_wconf 61' lang='lat' dir='ltr'><strong>quae</strong></span> <span class='ocrx_word' id='word_1_515' title='bbox 2697 3330 2846 3368; x_wconf 90' lang='lat' dir='ltr'><strong>nunc</strong></span> <span class='ocrx_word' id='word_1_516' title='bbox 2891 3316 3192 3371; x_wconf 87' lang='lat' dir='ltr'><strong>secundum</strong></span> <span class='ocrx_word' id='word_1_517' title='bbox 3242 3318 3514 3374; x_wconf 80' lang='lat' dir='ltr'><strong>sermonis</strong></span> 
     </span>
    </p>
   </div>
   <div class='ocr_carea' id='block_1_73' title="bbox 1930 3402 3511 3477">
    <p class='ocr_par' dir='ltr' id='par_1_73' title="bbox 1930 3402 3511 3477">
     <span class='ocr_line' id='line_1_73' title="bbox 1930 3402 3511 3477; baseline 0.006 -22"><span class='ocrx_word' id='word_1_518' title='bbox 1930 3402 2326 3477; x_wconf 84' lang='lat' dir='ltr'><strong>digressionem</strong></span> <span class='ocrx_word' id='word_1_519' title='bbox 2376 3402 2541 3456; x_wconf 90' lang='lat' dir='ltr'><strong>etiam</strong></span> <span class='ocrx_word' id='word_1_520' title='bbox 2596 3404 2888 3458; x_wconf 86' lang='lat' dir='ltr'><strong>adversum</strong></span> <span class='ocrx_word' id='word_1_521' title='bbox 2940 3406 3041 3461; x_wconf 90' lang='lat' dir='ltr'><strong>hos</strong></span> <span class='ocrx_word' id='word_1_522' title='bbox 3085 3408 3392 3477; x_wconf 79' lang='lat' dir='ltr'><strong>disputavi,</strong></span> <span class='ocrx_word' id='word_1_523' title='bbox 3437 3425 3511 3464; x_wconf 89' lang='lat' dir='ltr'><strong>ne</strong></span> 
     </span>
    </p>
   </div>
   <div class='ocr_carea' id='block_1_74' title="bbox 1928 3476 3511 3561">
    <p class='ocr_par' dir='ltr' id='par_1_74' title="bbox 1928 3476 3511 3561">
     <span class='ocr_line' id='line_1_74' title="bbox 1928 3476 3511 3561; baseline 0.004 -13"><span class='ocrx_word' id='word_1_524' title='bbox 1928 3476 2181 3548; x_wconf 62' lang='lat' dir='ltr'><strong>facile’in</strong></span> <span class='ocrx_word' id='word_1_525' title='bbox 2214 3493 2482 3547; x_wconf 88' lang='lat' dir='ltr'><strong>absurdas</strong></span> <span class='ocrx_word' id='word_1_526' title='bbox 2516 3492 2805 3561; x_wconf 89' lang='lat' dir='ltr'><strong>opiniones</strong></span> <span class='ocrx_word' id='word_1_527' title='bbox 2839 3476 3300 3552; x_wconf 86' lang='lat' dir='ltr'><strong>abstraherentur</strong></span> <span class='ocrx_word' id='word_1_528' title='bbox 3328 3500 3397 3554; x_wconf 92' lang='lat' dir='ltr'><strong>ab</strong></span> <span class='ocrx_word' id='word_1_529' title='bbox 3427 3501 3511 3556; x_wconf 86' lang='lat' dir='ltr'><strong>eis</strong></span> 
     </span>
    </p>
   </div>
   <div class='ocr_carea' id='block_1_75' title="bbox 1926 3581 3507 3653">
    <p class='ocr_par' dir='ltr' id='par_1_75' title="bbox 1926 3581 3507 3653">
     <span class='ocr_line' id='line_1_75' title="bbox 1926 3581 3507 3653; baseline 0.005 -15"><span class='ocrx_word' id='word_1_530' title='bbox 1926 3585 2023 3653; x_wconf 88' lang='lat' dir='ltr'><strong>qui</strong></span> <span class='ocrx_word' id='word_1_531' title='bbox 2064 3582 2420 3636; x_wconf 89' lang='lat' dir='ltr'><strong>artiﬁciosam</strong></span> <span class='ocrx_word' id='word_1_532' title='bbox 2456 3581 2906 3651; x_wconf 90' lang='lat' dir='ltr'><strong>probabilitatem</strong></span> <span class='ocrx_word' id='word_1_533' title='bbox 2942 3586 2996 3639; x_wconf 91' lang='lat' dir='ltr'><strong>in</strong></span> <span class='ocrx_word' id='word_1_534' title='bbox 3034 3602 3352 3643; x_wconf 85' lang='lat' dir='ltr'><strong>sermonum</strong></span> <span class='ocrx_word' id='word_1_535' title='bbox 3391 3591 3507 3646; x_wconf 89' lang='lat' dir='ltr'><strong>ele-</strong></span> 
     </span>
    </p>
   </div>
   <div class='ocr_carea' id='block_1_76' title="bbox 1926 3672 3260 3746">
    <p class='ocr_par' dir='ltr' id='par_1_76' title="bbox 1926 3672 3260 3746">
     <span class='ocr_line' id='line_1_76' title="bbox 1926 3672 3260 3746; baseline 0.005 -17"><span class='ocrx_word' id='word_1_536' title='bbox 1926 3674 2128 3746; x_wconf 86' lang='lat' dir='ltr'><strong>gantiis</strong></span> <span class='ocrx_word' id='word_1_537' title='bbox 2154 3689 2255 3744; x_wconf 93' lang='lat' dir='ltr'><strong>pro</strong></span> <span class='ocrx_word' id='word_1_538' title='bbox 2285 3672 2391 3728; x_wconf 89' lang='lat' dir='ltr'><strong>ﬁde</strong></span> <span class='ocrx_word' id='word_1_539' title='bbox 2419 3673 2626 3727; x_wconf 87' lang='lat' dir='ltr'><strong>habent</strong></span> <span class='ocrx_word' id='word_1_540' title='bbox 2651 3683 2818 3745; x_wconf 89' lang='lat' dir='ltr'><strong>atque</strong></span> <span class='ocrx_word' id='word_1_541' title='bbox 2850 3679 3260 3738; x_wconf 77' lang='lat' dir='ltr'><strong>commendant.</strong></span> 
     </span>
    </p>
   </div>
   <div class='ocr_carea' id='block_1_77' title="bbox 1927 3904 3508 3976">
    <p class='ocr_par' dir='ltr' id='par_1_77' title="bbox 1927 3904 3508 3976">
     <span class='ocr_line' id='line_1_77' title="bbox 1927 3904 3508 3976; baseline 0.001 -18"><span class='ocrx_word' id='word_1_542' title='bbox 1927 3904 2107 3971; x_wconf 87' lang='lat' dir='ltr'><strong>Quare</strong></span> <span class='ocrx_word' id='word_1_543' title='bbox 2146 3905 2395 3974; x_wconf 76' lang='lat' dir='ltr'><strong>magister</strong></span> <span class='ocrx_word' id='word_1_544' title='bbox 2431 3921 2548 3958; x_wconf 86' lang='lat' dir='ltr'><strong>cum</strong></span> <span class='ocrx_word' id='word_1_545' title='bbox 2584 3904 2952 3958; x_wconf 80' lang='lat' dir='ltr'><strong>incarnatione</strong></span> <span class='ocrx_word' id='word_1_546' title='bbox 2985 3904 3317 3974; x_wconf 68' lang='lat' dir='ltr'><strong>conjunxerit</strong></span> <span class='ocrx_word' id='word_1_547' title='bbox 3348 3920 3508 3976; x_wconf 78' lang='lat' dir='ltr'><strong>gene-</strong></span> 
     </span>
    </p>
   </div>
   <div class='ocr_carea' id='block_1_78' title="bbox 2345 3995 3087 4065">
    <p class='ocr_par' dir='ltr' id='par_1_78' title="bbox 2345 3995 3087 4065">
     <span class='ocr_line' id='line_1_78' title="bbox 2345 3995 3087 4065; baseline 0.001 -17"><span class='ocrx_word' id='word_1_548' title='bbox 2345 3995 2603 4049; x_wconf 82' lang='lat' dir='ltr'><strong>rationem</strong></span> <span class='ocrx_word' id='word_1_549' title='bbox 2629 4011 2722 4065; x_wconf 82' lang='lat' dir='ltr'><strong>per</strong></span> <span class='ocrx_word' id='word_1_550' title='bbox 2748 3995 3087 4065; x_wconf 79' lang='lat' dir='ltr'><strong>baptismum.</strong></span> 
     </span>
    </p>
   </div>
   <div class='ocr_carea' id='block_1_79' title="bbox 1996 4110 3505 4180">
    <p class='ocr_par' dir='ltr' id='par_1_79' title="bbox 1996 4110 3505 4180">
     <span class='ocr_line' id='line_1_79' title="bbox 1996 4110 3505 4180; baseline 0.002 -16"><span class='ocrx_word' id='word_1_551' title='bbox 1996 4110 2118 4176; x_wconf 87' lang='lat' dir='ltr'><strong>Quo</strong></span> <span class='ocrx_word' id='word_1_552' title='bbox 2152 4118 2410 4179; x_wconf 86' lang='lat' dir='ltr'><strong>respectu</strong></span> <span class='ocrx_word' id='word_1_553' title='bbox 2447 4118 2502 4163; x_wconf 88' lang='lat' dir='ltr'><strong>et</strong></span> <span class='ocrx_word' id='word_1_554' title='bbox 2533 4123 2640 4178; x_wconf 87' lang='lat' dir='ltr'><strong>qua</strong></span> <span class='ocrx_word' id='word_1_555' title='bbox 2675 4124 2837 4163; x_wconf 87' lang='lat' dir='ltr'><strong>causa</strong></span> <span class='ocrx_word' id='word_1_556' title='bbox 2872 4110 3131 4180; x_wconf 79' lang='lat' dir='ltr'><strong>magister</strong></span> <span class='ocrx_word' id='word_1_557' title='bbox 3159 4124 3287 4165; x_wconf 88' lang='lat' dir='ltr'><strong>cum</strong></span> <span class='ocrx_word' id='word_1_558' title='bbox 3325 4111 3505 4167; x_wconf 75' lang='lat' dir='ltr'><strong>incar-</strong></span> 
     </span>
    </p>
   </div>
   <div class='ocr_carea' id='block_1_80' title="bbox 1927 4201 3500 4273">
    <p class='ocr_par' dir='ltr' id='par_1_80' title="bbox 1927 4201 3500 4273">
     <span class='ocr_line' id='line_1_80' title="bbox 1927 4201 3500 4273; baseline 0.001 -16"><span class='ocrx_word' id='word_1_559' title='bbox 1927 4204 2152 4257; x_wconf 86' lang='lat' dir='ltr'><strong>natione</strong></span> <span class='ocrx_word' id='word_1_560' title='bbox 2193 4201 2542 4272; x_wconf 85' lang='lat' dir='ltr'><strong>conjunxerit</strong></span> <span class='ocrx_word' id='word_1_561' title='bbox 2576 4203 2989 4271; x_wconf 87' lang='lat' dir='ltr'><strong>generationem</strong></span> <span class='ocrx_word' id='word_1_562' title='bbox 3031 4219 3131 4272; x_wconf 89' lang='lat' dir='ltr'><strong>per</strong></span> <span class='ocrx_word' id='word_1_563' title='bbox 3168 4204 3500 4273; x_wconf 90' lang='lat' dir='ltr'><strong>baptismum</strong></span> 
     </span>
    </p>
   </div>
   <div class='ocr_carea' id='block_1_81' title="bbox 250 4284 1827 4365">
    <p class='ocr_par' dir='ltr' id='par_1_81' title="bbox 250 4284 1822 4362">
     <span class='ocr_line' id='line_1_81' title="bbox 250 4284 1822 4362; baseline 0.007 -27"><span class='ocrx_word' id='word_1_564' title='bbox 250 4284 445 4351; x_wconf 81' lang='grc' dir='ltr'>(τοῦτο</span> <span class='ocrx_word' id='word_1_565' title='bbox 493 4284 604 4354; x_wconf 82' lang='grc' dir='ltr'>γὰρ</span> <span class='ocrx_word' id='word_1_566' title='bbox 642 4287 723 4349; x_wconf 80' lang='grc' dir='ltr'><strong>είς</strong></span> <span class='ocrx_word' id='word_1_567' title='bbox 758 4287 858 4355; x_wconf 83' lang='grc' dir='ltr'>τὴν</span> <span class='ocrx_word' id='word_1_568' title='bbox 896 4287 1143 4353; x_wconf 76' lang='grc' dir='ltr'>ἐξέτασιν</span> <span class='ocrx_word' id='word_1_569' title='bbox 1193 4288 1274 4342; x_wconf 77' lang='grc' dir='ltr'>ἔτι</span> <span class='ocrx_word' id='word_1_570' title='bbox 1322 4290 1417 4343; x_wconf 91' lang='grc' dir='ltr'><strong>τοῦ</strong></span> <span class='ocrx_word' id='word_1_571' title='bbox 1461 4294 1822 4362; x_wconf 77' lang='grc' dir='ltr'>προκειμένου</span> 
     </span>
    </p>
   </div>
   <div class='ocr_carea' id='block_1_82' title="bbox 1933 4284 3504 4365">
    <p class='ocr_par' dir='ltr' id='par_1_82' title="bbox 1933 4291 3504 4365">
     <span class='ocr_line' id='line_1_82' title="bbox 1933 4291 3504 4365; baseline 0.002 -18"><span class='ocrx_word' id='word_1_572' title='bbox 1933 4294 2055 4361; x_wconf 85' lang='lat' dir='ltr'><strong>(hoc</strong></span> <span class='ocrx_word' id='word_1_573' title='bbox 2083 4294 2231 4347; x_wconf 86' lang='lat' dir='ltr'><strong>enim</strong></span> <span class='ocrx_word' id='word_1_574' title='bbox 2264 4301 2434 4359; x_wconf 59' lang='lat' dir='ltr'><strong>gestat</strong></span> <span class='ocrx_word' id='word_1_575' title='bbox 2457 4291 2637 4345; x_wconf 86' lang='lat' dir='ltr'><strong>adhuc</strong></span> <span class='ocrx_word' id='word_1_576' title='bbox 2660 4291 3017 4360; x_wconf 65' lang='lat' dir='ltr'><strong>quaerendum</strong></span> <span class='ocrx_word' id='word_1_577' title='bbox 3048 4293 3104 4346; x_wconf 89' lang='lat' dir='ltr'><strong>in</strong></span> <span class='ocrx_word' id='word_1_578' title='bbox 3132 4294 3234 4349; x_wconf 87' lang='lat' dir='ltr'><strong>hac</strong></span> <span class='ocrx_word' id='word_1_579' title='bbox 3257 4295 3504 4365; x_wconf 85' lang='lat' dir='ltr'><strong>disputa—</strong></span> 
     </span>
    </p>
   </div>
   <div class='ocr_carea' id='block_1_83' title="bbox 246 4375 1821 4456">
    <p class='ocr_par' dir='ltr' id='par_1_83' title="bbox 246 4375 1821 4456">
     <span class='ocr_line' id='line_1_83' title="bbox 246 4375 1821 4456; baseline 0.007 -30"><span class='ocrx_word' id='word_1_580' title='bbox 246 4375 489 4428; x_wconf 84' lang='grc' dir='ltr'>λείπεται</span> <span class='ocrx_word' id='word_1_581' title='bbox 532 4376 742 4446; x_wconf 72' lang='grc' dir='ltr'>λόγου),</span> <span class='ocrx_word' id='word_1_582' title='bbox 797 4380 1080 4448; x_wconf 85' lang='grc' dir='ltr'>συντόμως</span> <span class='ocrx_word' id='word_1_583' title='bbox 1141 4380 1218 4443; x_wconf 85' lang='grc' dir='ltr'>ὡς</span> <span class='ocrx_word' id='word_1_584' title='bbox 1264 4380 1468 4450; x_wconf 80' lang='grc' dir='ltr'>ἔμαθον</span> <span class='ocrx_word' id='word_1_585' title='bbox 1524 4382 1637 4456; x_wconf 79' lang='grc' dir='ltr'><strong>ἐρῶ</strong></span> <span class='ocrx_word' id='word_1_586' title='bbox 1683 4384 1821 4438; x_wconf 72' lang='grc' dir='ltr'>κατὰ</span> 
     </span>
    </p>
   </div>
   <div class='ocr_carea' id='block_1_84' title="bbox 244 4466 1822 4542">
    <p class='ocr_par' dir='ltr' id='par_1_84' title="bbox 244 4466 1822 4542">
     <span class='ocr_line' id='line_1_84' title="bbox 244 4466 1822 4542; baseline 0.006 -25"><span class='ocrx_word' id='word_1_587' title='bbox 244 4466 497 4537; x_wconf 83' lang='grc' dir='ltr'>δύναμιν.</span> <span class='ocrx_word' id='word_1_588' title='bbox 554 4468 725 4521; x_wconf 73' lang='grc' dir='ltr'>Φασὶν</span> <span class='ocrx_word' id='word_1_589' title='bbox 766 4470 818 4521; x_wconf 75' lang='grc' dir='ltr'>οἱ</span> <span class='ocrx_word' id='word_1_590' title='bbox 871 4470 939 4521; x_wconf 83' lang='grc' dir='ltr'>τὰ</span> <span class='ocrx_word' id='word_1_591' title='bbox 980 4469 1099 4523; x_wconf 84' lang='grc' dir='ltr'>θεῖα</span> <span class='ocrx_word' id='word_1_592' title='bbox 1134 4472 1412 4540; x_wconf 83' lang='grc' dir='ltr'>μυστικῶς</span> <span class='ocrx_word' id='word_1_593' title='bbox 1469 4473 1822 4542; x_wconf 83' lang='grc' dir='ltr'>περιέποντες</span> 
     </span>
    </p>
   </div>
   <div class='ocr_carea' id='block_1_85' title="bbox 244 4557 1821 4632">
    <p class='ocr_par' dir='ltr' id='par_1_85' title="bbox 244 4557 1821 4632">
     <span class='ocr_line' id='line_1_85' title="bbox 244 4557 1821 4632; baseline 0.004 -24"><span class='ocrx_word' id='word_1_594' title='bbox 244 4558 421 4625; x_wconf 84' lang='grc' dir='ltr'>λόγια,</span> <span class='ocrx_word' id='word_1_595' title='bbox 449 4559 544 4611; x_wconf 73' lang='grc' dir='ltr'>καὶ</span> <span class='ocrx_word' id='word_1_596' title='bbox 578 4560 689 4621; x_wconf 78' lang='grc' dir='ltr'>τοῖς</span> <span class='ocrx_word' id='word_1_597' title='bbox 716 4557 1092 4628; x_wconf 79' lang='grc' dir='ltr'>ὑψηλοτέροις,</span> <span class='ocrx_word' id='word_1_598' title='bbox 1129 4559 1206 4622; x_wconf 86' lang='grc' dir='ltr'>ὼς</span> <span class='ocrx_word' id='word_1_599' title='bbox 1251 4561 1419 4624; x_wconf 82' lang='grc' dir='ltr'>εἰκὸς,</span> <span class='ocrx_word' id='word_1_600' title='bbox 1448 4562 1589 4614; x_wconf 85' lang='grc' dir='ltr'>αὑτὰ</span> <span class='ocrx_word' id='word_1_601' title='bbox 1620 4560 1821 4632; x_wconf 86' lang='grc' dir='ltr'>σεμνύ-</span> 
     </span>
    </p>
   </div>
   <div class='ocr_carea' id='block_1_86' title="bbox 244 4647 1823 4723">
    <p class='ocr_par' dir='ltr' id='par_1_86' title="bbox 244 4647 1823 4723">
     <span class='ocr_line' id='line_1_86' title="bbox 244 4647 1823 4723; baseline 0.005 -24"><span class='ocrx_word' id='word_1_602' title='bbox 244 4664 429 4709; x_wconf 88' lang='grc' dir='ltr'>νοντες</span> <span class='ocrx_word' id='word_1_603' title='bbox 479 4647 820 4719; x_wconf 85' lang='grc' dir='ltr'>θεωρήμασι,</span> <span class='ocrx_word' id='word_1_604' title='bbox 867 4649 990 4701; x_wconf 82' lang='grc' dir='ltr'>κατ’</span> <span class='ocrx_word' id='word_1_605' title='bbox 1038 4650 1223 4703; x_wconf 72' lang='grc' dir='ltr'>εἰκόνα</span> <span class='ocrx_word' id='word_1_606' title='bbox 1291 4651 1427 4705; x_wconf 84' lang='grc' dir='ltr'>Θεοῦ</span> <span class='ocrx_word' id='word_1_607' title='bbox 1483 4652 1603 4705; x_wconf 89' lang='grc' dir='ltr'>κατ’</span> <span class='ocrx_word' id='word_1_608' title='bbox 1650 4654 1823 4723; x_wconf 82' lang='grc' dir='ltr'>ἀρχὰς</span> 
     </span>
    </p>
   </div>
   <div class='ocr_carea' id='block_1_87' title="bbox 244 4738 1825 4816">
    <p class='ocr_par' dir='ltr' id='par_1_87' title="bbox 244 4738 1825 4816">
     <span class='ocr_line' id='line_1_87' title="bbox 244 4738 1825 4816; baseline 0.004 -26"><span class='ocrx_word' id='word_1_609' title='bbox 244 4738 579 4809; x_wconf 78' lang='grc' dir='ltr'>γεγενῆσθαι</span> <span class='ocrx_word' id='word_1_610' title='bbox 619 4739 714 4792; x_wconf 85' lang='grc' dir='ltr'><strong>τὸν</strong></span> <span class='ocrx_word' id='word_1_611' title='bbox 750 4738 1060 4810; x_wconf 76' lang='grc' dir='ltr'>ἄνθρωπον,</span> <span class='ocrx_word' id='word_1_612' title='bbox 1095 4741 1193 4794; x_wconf 73' lang='grc' dir='ltr'>ἐπὶ</span> <span class='ocrx_word' id='word_1_613' title='bbox 1238 4742 1316 4812; x_wconf 82' lang='grc' dir='ltr'>τῷ</span> <span class='ocrx_word' id='word_1_614' title='bbox 1367 4742 1591 4807; x_wconf 84' lang='grc' dir='ltr'>πάντως</span> <span class='ocrx_word' id='word_1_615' title='bbox 1630 4760 1825 4816; x_wconf 81' lang='grc' dir='ltr'>γεννη·</span> 
     </span>
    </p>
   </div>
   <div class='ocr_carea' id='block_1_88' title="bbox 245 4830 1823 4907">
    <p class='ocr_par' dir='ltr' id='par_1_88' title="bbox 245 4830 1823 4907">
     <span class='ocr_line' id='line_1_88' title="bbox 245 4830 1823 4907; baseline 0.004 -24"><span class='ocrx_word' id='word_1_616' title='bbox 245 4832 407 4901; x_wconf 81' lang='grc' dir='ltr'>θῆναι</span> <span class='ocrx_word' id='word_1_617' title='bbox 430 4830 572 4884; x_wconf 84' lang='grc' dir='ltr'>κατὰ</span> <span class='ocrx_word' id='word_1_618' title='bbox 598 4833 921 4903; x_wconf 85' lang='grc' dir='ltr'>προαίρεσιν</span> <span class='ocrx_word' id='word_1_619' title='bbox 947 4833 1243 4904; x_wconf 87' lang='grc' dir='ltr'>πνεύματι,</span> <span class='ocrx_word' id='word_1_620' title='bbox 1277 4836 1372 4889; x_wconf 78' lang='grc' dir='ltr'>καὶ</span> <span class='ocrx_word' id='word_1_621' title='bbox 1407 4837 1736 4907; x_wconf 77' lang='grc' dir='ltr'>προσλαόεῖν</span> <span class='ocrx_word' id='word_1_622' title='bbox 1761 4837 1823 4889; x_wconf 81' lang='grc' dir='ltr'><strong>τὸ</strong></span> 
     </span>
    </p>
   </div>
   <div class='ocr_carea' id='block_1_89' title="bbox 245 4921 1822 4999">
    <p class='ocr_par' dir='ltr' id='par_1_89' title="bbox 245 4921 1822 4999">
     <span class='ocr_line' id='line_1_89' title="bbox 245 4921 1822 4999; baseline 0.005 -25"><span class='ocrx_word' id='word_1_623' title='bbox 245 4921 368 4975; x_wconf 79' lang='grc' dir='ltr'>καθ’</span> <span class='ocrx_word' id='word_1_624' title='bbox 395 4923 658 4994; x_wconf 80' lang='grc' dir='ltr'>ὁμοίωσιν</span> <span class='ocrx_word' id='word_1_625' title='bbox 686 4923 774 4978; x_wconf 84' lang='grc' dir='ltr'><strong>διὰ</strong></span> <span class='ocrx_word' id='word_1_626' title='bbox 812 4925 911 4994; x_wconf 87' lang='grc' dir='ltr'><strong>τῆς</strong></span> <span class='ocrx_word' id='word_1_627' title='bbox 952 4926 1240 4997; x_wconf 88' lang='grc' dir='ltr'>τηρήσεως</span> <span class='ocrx_word' id='word_1_628' title='bbox 1268 4928 1362 4998; x_wconf 81' lang='grc' dir='ltr'><strong>τῆς</strong></span> <span class='ocrx_word' id='word_1_629' title='bbox 1420 4928 1571 4991; x_wconf 81' lang='grc' dir='ltr'>θείας</span> <span class='ocrx_word' id='word_1_630' title='bbox 1600 4928 1822 4999; x_wconf 74' lang='grc' dir='ltr'>ἐντολῆς</span> 
     </span>
    </p>
   </div>
   <div class='ocr_carea' id='block_1_90' title="bbox 242 5013 1821 5091">
    <p class='ocr_par' dir='ltr' id='par_1_90' title="bbox 242 5013 1821 5091">
     <span class='ocr_line' id='line_1_90' title="bbox 242 5013 1821 5091; baseline 0.003 -25"><span class='ocrx_word' id='word_1_631' title='bbox 242 5015 391 5091; x_wconf 70' lang='grc' dir='ltr'>αὐτῷ</span> <span class='ocrx_word' id='word_1_632' title='bbox 416 5016 869 5086; x_wconf 88' lang='grc' dir='ltr'>προσγενόμενον,</span> <span class='ocrx_word' id='word_1_633' title='bbox 906 5013 1043 5090; x_wconf 83' lang='grc' dir='ltr'><strong>ἴναῇ</strong></span> <span class='ocrx_word' id='word_1_634' title='bbox 1066 5019 1095 5070; x_wconf 86' lang='grc' dir='ltr'>ὁ</span> <span class='ocrx_word' id='word_1_635' title='bbox 1109 5017 1272 5081; x_wconf 83' lang='grc' dir='ltr'>αὐτὸς</span> <span class='ocrx_word' id='word_1_636' title='bbox 1290 5018 1577 5091; x_wconf 74' lang='grc' dir='ltr'>ἄνθρωπος</span> <span class='ocrx_word' id='word_1_637' title='bbox 1593 5018 1821 5089; x_wconf 84' lang='grc' dir='ltr'>πλάσμα</span> 
     </span>
    </p>
   </div>
   <div class='ocr_carea' id='block_1_91' title="bbox 246 5105 1821 5177">
    <p class='ocr_par' dir='ltr' id='par_1_91' title="bbox 246 5105 1821 5177">
     <span class='ocr_line' id='line_1_91' title="bbox 246 5105 1821 5177; baseline 0.004 -21"><span class='ocrx_word' id='word_1_638' title='bbox 246 5105 345 5174; x_wconf 72' lang='grc' dir='ltr'>μὲν</span> <span class='ocrx_word' id='word_1_639' title='bbox 375 5106 468 5158; x_wconf 84' lang='grc' dir='ltr'><strong>τοῦ</strong></span> <span class='ocrx_word' id='word_1_640' title='bbox 495 5105 629 5159; x_wconf 86' lang='grc' dir='ltr'>Θεοῦ</span> <span class='ocrx_word' id='word_1_641' title='bbox 656 5109 797 5160; x_wconf 67' lang='grc' dir='ltr'>κατὰ</span> <span class='ocrx_word' id='word_1_642' title='bbox 827 5107 1010 5177; x_wconf 83' lang='grc' dir='ltr'>φύσιν,</span> <span class='ocrx_word' id='word_1_643' title='bbox 1043 5106 1172 5171; x_wconf 77' lang='grc' dir='ltr'>Υἱὸς</span> <span class='ocrx_word' id='word_1_644' title='bbox 1192 5108 1249 5162; x_wconf 79' lang='grc' dir='ltr'><strong>δὲ</strong></span> <span class='ocrx_word' id='word_1_645' title='bbox 1276 5108 1413 5162; x_wconf 82' lang='grc' dir='ltr'>Θεοῦ</span> <span class='ocrx_word' id='word_1_646' title='bbox 1446 5109 1543 5163; x_wconf 76' lang='grc' dir='ltr'><strong>καὶ</strong></span> <span class='ocrx_word' id='word_1_647' title='bbox 1561 5110 1695 5171; x_wconf 76' lang='grc' dir='ltr'>Θεὸς</span> <span class='ocrx_word' id='word_1_648' title='bbox 1731 5110 1821 5164; x_wconf 77' lang='grc' dir='ltr'><strong>διὰ</strong></span> 
     </span>
    </p>
   </div>
   <div class='ocr_carea' id='block_1_92' title="bbox 240 5198 1819 5275">
    <p class='ocr_par' dir='ltr' id='par_1_92' title="bbox 240 5198 1819 5275">
     <span class='ocr_line' id='line_1_92' title="bbox 240 5198 1819 5275; baseline 0.004 -25"><span class='ocrx_word' id='word_1_649' title='bbox 240 5198 563 5269; x_wconf 86' lang='grc' dir='ltr'>Πνεὺματος</span> <span class='ocrx_word' id='word_1_650' title='bbox 610 5201 750 5254; x_wconf 81' lang='grc' dir='ltr'>κατὰ</span> <span class='ocrx_word' id='word_1_651' title='bbox 795 5200 978 5272; x_wconf 77' lang='grc' dir='ltr'>χάριν.</span> <span class='ocrx_word' id='word_1_652' title='bbox 1014 5202 1089 5255; x_wconf 85' lang='grc' dir='ltr'>Οὑ</span> <span class='ocrx_word' id='word_1_653' title='bbox 1116 5203 1226 5273; x_wconf 86' lang='grc' dir='ltr'>γὰρ</span> <span class='ocrx_word' id='word_1_654' title='bbox 1266 5201 1335 5275; x_wconf 78' lang='grc' dir='ltr'>ἦν</span> <span class='ocrx_word' id='word_1_655' title='bbox 1380 5204 1607 5258; x_wconf 77' lang='grc' dir='ltr'>δυνατὸν</span> <span class='ocrx_word' id='word_1_656' title='bbox 1644 5204 1819 5269; x_wconf 77' lang='grc' dir='ltr'>ἄλλως</span> 
     </span>
    </p>
   </div>
   <div class='ocr_carea' id='block_1_93' title="bbox 243 5285 1820 5365">
    <p class='ocr_par' dir='ltr' id='par_1_93' title="bbox 243 5285 1820 5365">
     <span class='ocr_line' id='line_1_93' title="bbox 243 5285 1820 5365; baseline 0.005 -26"><span class='ocrx_word' id='word_1_657' title='bbox 243 5285 374 5341; x_wconf 80' lang='grc' dir='ltr'>Υίὸν</span> <span class='ocrx_word' id='word_1_658' title='bbox 390 5288 778 5358; x_wconf 83' lang='grc' dir='ltr'>ἀποδειχθῆναι</span> <span class='ocrx_word' id='word_1_659' title='bbox 802 5289 940 5343; x_wconf 89' lang='grc' dir='ltr'>Θεοῦ</span> <span class='ocrx_word' id='word_1_660' title='bbox 964 5291 1061 5345; x_wconf 77' lang='grc' dir='ltr'>καὶ</span> <span class='ocrx_word' id='word_1_661' title='bbox 1083 5290 1217 5345; x_wconf 81' lang='grc' dir='ltr'>Θεὸν</span> <span class='ocrx_word' id='word_1_662' title='bbox 1239 5292 1380 5346; x_wconf 81' lang='grc' dir='ltr'>κατὰ</span> <span class='ocrx_word' id='word_1_663' title='bbox 1395 5294 1495 5364; x_wconf 82' lang='grc' dir='ltr'><strong>τὴν</strong></span> <span class='ocrx_word' id='word_1_664' title='bbox 1518 5295 1582 5348; x_wconf 84' lang='grc' dir='ltr'>ὲκ</span> <span class='ocrx_word' id='word_1_665' title='bbox 1597 5295 1820 5365; x_wconf 85' lang='grc' dir='ltr'>χάριτος</span> 
     </span>
    </p>
   </div>
   <div class='ocr_carea' id='block_1_94' title="bbox 240 5378 1817 5458">
    <p class='ocr_par' dir='ltr' id='par_1_94' title="bbox 240 5378 1817 5458">
     <span class='ocr_line' id='line_1_94' title="bbox 240 5378 1817 5458; baseline 0.006 -26"><span class='ocrx_word' id='word_1_666' title='bbox 240 5378 438 5433; x_wconf 78' lang='grc' dir='ltr'>θέωσιν</span> <span class='ocrx_word' id='word_1_667' title='bbox 476 5381 567 5433; x_wconf 85' lang='grc' dir='ltr'><strong>τὸν</strong></span> <span class='ocrx_word' id='word_1_668' title='bbox 589 5382 883 5451; x_wconf 83' lang='grc' dir='ltr'>γενόμενον</span> <span class='ocrx_word' id='word_1_669' title='bbox 909 5382 1217 5453; x_wconf 83' lang='grc' dir='ltr'>ἄνθρωπον,</span> <span class='ocrx_word' id='word_1_670' title='bbox 1272 5385 1347 5456; x_wconf 86' lang='grc' dir='ltr'>μὴ</span> <span class='ocrx_word' id='word_1_671' title='bbox 1379 5387 1648 5458; x_wconf 89' lang='grc' dir='ltr'>πρότερον</span> <span class='ocrx_word' id='word_1_672' title='bbox 1675 5387 1817 5441; x_wconf 79' lang='grc' dir='ltr'>κατὰ</span> 
     </span>
    </p>
   </div>
   <div class='ocr_carea' id='block_1_95' title="bbox 1924 4382 3503 4456">
    <p class='ocr_par' dir='ltr' id='par_1_95' title="bbox 1924 4382 3503 4456">
     <span class='ocr_line' id='line_1_95' title="bbox 1924 4382 3503 4456; baseline 0.003 -19"><span class='ocrx_word' id='word_1_673' title='bbox 1924 4383 2131 4454; x_wconf 88' lang='lat' dir='ltr'><strong>tione),</strong></span> <span class='ocrx_word' id='word_1_674' title='bbox 2162 4383 2215 4436; x_wconf 90' lang='lat' dir='ltr'><strong>id</strong></span> <span class='ocrx_word' id='word_1_675' title='bbox 2248 4383 2495 4437; x_wconf 77' lang='lat' dir='ltr'><strong>breviter</strong></span> <span class='ocrx_word' id='word_1_676' title='bbox 2519 4391 2577 4436; x_wconf 88' lang='lat' dir='ltr'><strong>ut</strong></span> <span class='ocrx_word' id='word_1_677' title='bbox 2604 4382 2772 4436; x_wconf 90' lang='lat' dir='ltr'><strong>didici</strong></span> <span class='ocrx_word' id='word_1_678' title='bbox 2805 4398 2905 4452; x_wconf 91' lang='lat' dir='ltr'><strong>pro</strong></span> <span class='ocrx_word' id='word_1_679' title='bbox 2930 4385 3144 4439; x_wconf 80' lang='lat' dir='ltr'><strong>viribus</strong></span> <span class='ocrx_word' id='word_1_680' title='bbox 3172 4387 3310 4439; x_wconf 88' lang='lat' dir='ltr'><strong>meis</strong></span> <span class='ocrx_word' id='word_1_681' title='bbox 3339 4402 3503 4456; x_wconf 76' lang='lat' dir='ltr'><strong>expo-</strong></span> 
     </span>
    </p>
   </div>
   <div class='ocr_carea' id='block_1_96' title="bbox 1924 4474 3505 4545">
    <p class='ocr_par' dir='ltr' id='par_1_96' title="bbox 1924 4474 3505 4545">
     <span class='ocr_line' id='line_1_96' title="bbox 1924 4474 3505 4545; baseline 0 -16"><span class='ocrx_word' id='word_1_682' title='bbox 1924 4491 2070 4529; x_wconf 89' lang='lat' dir='ltr'><strong>nam.</strong></span> <span class='ocrx_word' id='word_1_683' title='bbox 2097 4475 2201 4542; x_wconf 86' lang='lat' dir='ltr'><strong>Qui</strong></span> <span class='ocrx_word' id='word_1_684' title='bbox 2233 4475 2418 4529; x_wconf 81' lang='lat' dir='ltr'><strong>divina</strong></span> <span class='ocrx_word' id='word_1_685' title='bbox 2451 4474 2677 4545; x_wconf 86' lang='lat' dir='ltr'><strong>mystice</strong></span> <span class='ocrx_word' id='word_1_686' title='bbox 2705 4482 2945 4528; x_wconf 89' lang='lat' dir='ltr'><strong>tractant</strong></span> <span class='ocrx_word' id='word_1_687' title='bbox 2970 4475 3212 4537; x_wconf 90' lang='lat' dir='ltr'><strong>oracula,</strong></span> <span class='ocrx_word' id='word_1_688' title='bbox 3242 4491 3306 4530; x_wconf 88' lang='lat' dir='ltr'><strong>ac</strong></span> <span class='ocrx_word' id='word_1_689' title='bbox 3334 4476 3505 4531; x_wconf 84' lang='lat' dir='ltr'><strong>subli—</strong></span> 
     </span>
    </p>
   </div>
   <div class='ocr_carea' id='block_1_97' title="bbox 1923 4568 3499 4639">
    <p class='ocr_par' dir='ltr' id='par_1_97' title="bbox 1923 4568 3499 4639">
     <span class='ocr_line' id='line_1_97' title="bbox 1923 4568 3499 4639; baseline 0 -17"><span class='ocrx_word' id='word_1_690' title='bbox 1923 4568 2215 4629; x_wconf 85' lang='lat' dir='ltr'><strong>mioribus,</strong></span> <span class='ocrx_word' id='word_1_691' title='bbox 2249 4577 2311 4623; x_wconf 93' lang='lat' dir='ltr'><strong>ut</strong></span> <span class='ocrx_word' id='word_1_692' title='bbox 2340 4584 2440 4639; x_wconf 87' lang='lat' dir='ltr'><strong>par</strong></span> <span class='ocrx_word' id='word_1_693' title='bbox 2469 4577 2576 4632; x_wconf 92' lang='lat' dir='ltr'><strong>est,</strong></span> <span class='ocrx_word' id='word_1_694' title='bbox 2608 4568 3169 4638; x_wconf 88' lang='lat' dir='ltr'><strong>contemplationibus</strong></span> <span class='ocrx_word' id='word_1_695' title='bbox 3204 4568 3499 4633; x_wconf 90' lang='lat' dir='ltr'><strong>honorant,</strong></span> 
     </span>
    </p>
   </div>
   <div class='ocr_carea' id='block_1_98' title="bbox 1924 4660 3502 4731">
    <p class='ocr_par' dir='ltr' id='par_1_98' title="bbox 1924 4660 3502 4731">
     <span class='ocr_line' id='line_1_98' title="bbox 1924 4660 3502 4731; baseline 0.002 -18"><span class='ocrx_word' id='word_1_696' title='bbox 1924 4660 2203 4715; x_wconf 90' lang='lat' dir='ltr'><strong>hominem</strong></span> <span class='ocrx_word' id='word_1_697' title='bbox 2233 4661 2299 4715; x_wconf 89' lang='lat' dir='ltr'><strong>ad</strong></span> <span class='ocrx_word' id='word_1_698' title='bbox 2329 4660 2423 4715; x_wconf 89' lang='lat' dir='ltr'><strong>Dei</strong></span> <span class='ocrx_word' id='word_1_699' title='bbox 2450 4660 2743 4730; x_wconf 80' lang='lat' dir='ltr'><strong>imaginem</strong></span> <span class='ocrx_word' id='word_1_700' title='bbox 2771 4660 2828 4714; x_wconf 90' lang='lat' dir='ltr'><strong>in</strong></span> <span class='ocrx_word' id='word_1_701' title='bbox 2857 4660 3132 4731; x_wconf 91' lang='lat' dir='ltr'><strong>principio</strong></span> <span class='ocrx_word' id='word_1_702' title='bbox 3154 4661 3356 4715; x_wconf 80' lang='lat' dir='ltr'><strong>factum</strong></span> <span class='ocrx_word' id='word_1_703' title='bbox 3382 4677 3502 4716; x_wconf 91' lang='lat' dir='ltr'><strong>esse</strong></span> 
     </span>
    </p>
   </div>
   <div class='ocr_carea' id='block_1_99' title="bbox 1924 4750 3504 4823">
    <p class='ocr_par' dir='ltr' id='par_1_99' title="bbox 1924 4750 3504 4823">
     <span class='ocr_line' id='line_1_99' title="bbox 1924 4750 3504 4823; baseline 0.001 -19"><span class='ocrx_word' id='word_1_704' title='bbox 1924 4750 2180 4815; x_wconf 89' lang='lat' dir='ltr'><strong>tradunt,</strong></span> <span class='ocrx_word' id='word_1_705' title='bbox 2204 4767 2329 4805; x_wconf 86' lang='lat' dir='ltr'><strong>cum</strong></span> <span class='ocrx_word' id='word_1_706' title='bbox 2364 4752 2529 4821; x_wconf 90' lang='lat' dir='ltr'><strong>plane</strong></span> <span class='ocrx_word' id='word_1_707' title='bbox 2563 4752 2869 4807; x_wconf 84' lang='lat' dir='ltr'><strong>secundum</strong></span> <span class='ocrx_word' id='word_1_708' title='bbox 2904 4753 3239 4807; x_wconf 82' lang='lat' dir='ltr'><strong>voluntatem</strong></span> <span class='ocrx_word' id='word_1_709' title='bbox 3273 4767 3504 4823; x_wconf 87' lang='lat' dir='ltr'><strong>genera-</strong></span> 
     </span>
    </p>
   </div>
   <div class='ocr_carea' id='block_1_100' title="bbox 1923 4843 3500 4913">
    <p class='ocr_par' dir='ltr' id='par_1_100' title="bbox 1923 4843 3500 4913">
     <span class='ocr_line' id='line_1_100' title="bbox 1923 4843 3500 4913; baseline 0.001 -17"><span class='ocrx_word' id='word_1_710' title='bbox 1923 4850 2013 4896; x_wconf 90' lang='lat' dir='ltr'><strong>tus</strong></span> <span class='ocrx_word' id='word_1_711' title='bbox 2051 4852 2195 4896; x_wconf 82' lang='lat' dir='ltr'><strong>esset</strong></span> <span class='ocrx_word' id='word_1_712' title='bbox 2237 4843 2445 4912; x_wconf 89' lang='lat' dir='ltr'><strong>Spiritu</strong></span> <span class='ocrx_word' id='word_1_713' title='bbox 2465 4884 2479 4908; x_wconf 92' lang='lat'><strong>,</strong></span> <span class='ocrx_word' id='word_1_714' title='bbox 2512 4850 2568 4897; x_wconf 91' lang='lat' dir='ltr'><strong>et</strong></span> <span class='ocrx_word' id='word_1_715' title='bbox 2599 4843 3018 4899; x_wconf 89' lang='lat' dir='ltr'><strong>similitudinem</strong></span> <span class='ocrx_word' id='word_1_716' title='bbox 3052 4844 3195 4898; x_wconf 87' lang='lat' dir='ltr'><strong>hanc</strong></span> <span class='ocrx_word' id='word_1_717' title='bbox 3225 4844 3500 4913; x_wconf 88' lang='lat' dir='ltr'><strong>accepisse</strong></span> 
     </span>
    </p>
   </div>
   <div class='ocr_carea' id='block_1_101' title="bbox 1922 4934 3500 5004">
    <p class='ocr_par' dir='ltr' id='par_1_101' title="bbox 1922 4934 3500 5004">
     <span class='ocr_line' id='line_1_101' title="bbox 1922 4934 3500 5004; baseline 0.001 -17"><span class='ocrx_word' id='word_1_718' title='bbox 1922 4934 2243 4988; x_wconf 87' lang='lat' dir='ltr'><strong>attributam</strong></span> <span class='ocrx_word' id='word_1_719' title='bbox 2297 4942 2527 5004; x_wconf 89' lang='lat' dir='ltr'><strong>propter</strong></span> <span class='ocrx_word' id='word_1_720' title='bbox 2573 4945 2852 4991; x_wconf 87' lang='lat' dir='ltr'><strong>servatum</strong></span> <span class='ocrx_word' id='word_1_721' title='bbox 2898 4935 2995 4990; x_wconf 89' lang='lat' dir='ltr'><strong>Dei</strong></span> <span class='ocrx_word' id='word_1_722' title='bbox 3041 4936 3393 4999; x_wconf 90' lang='lat' dir='ltr'><strong>mandatum,</strong></span> <span class='ocrx_word' id='word_1_723' title='bbox 3440 4944 3500 4989; x_wconf 91' lang='lat' dir='ltr'><strong>ut</strong></span> 
     </span>
    </p>
   </div>
   <div class='ocr_carea' id='block_1_102' title="bbox 1922 5024 3500 5099">
    <p class='ocr_par' dir='ltr' id='par_1_102' title="bbox 1922 5024 3500 5099">
     <span class='ocr_line' id='line_1_102' title="bbox 1922 5024 3500 5099; baseline 0.004 -21"><span class='ocrx_word' id='word_1_724' title='bbox 1922 5024 2068 5079; x_wconf 91' lang='lat' dir='ltr'><strong>idem</strong></span> <span class='ocrx_word' id='word_1_725' title='bbox 2113 5025 2279 5080; x_wconf 91' lang='lat' dir='ltr'><strong>homo</strong></span> <span class='ocrx_word' id='word_1_726' title='bbox 2320 5026 2640 5097; x_wconf 88' lang='lat' dir='ltr'><strong>ﬁgmentum</strong></span> <span class='ocrx_word' id='word_1_727' title='bbox 2678 5028 2903 5099; x_wconf 76' lang='lat' dir='ltr'><strong>quidem</strong></span> <span class='ocrx_word' id='word_1_728' title='bbox 2945 5029 3019 5084; x_wconf 88' lang='lat' dir='ltr'><strong>sit</strong></span> <span class='ocrx_word' id='word_1_729' title='bbox 3054 5028 3155 5084; x_wconf 88' lang='lat' dir='ltr'><strong>Dei</strong></span> <span class='ocrx_word' id='word_1_730' title='bbox 3195 5028 3500 5085; x_wconf 88' lang='lat' dir='ltr'><strong>secundum</strong></span> 
     </span>
    </p>
   </div>
   <div class='ocr_carea' id='block_1_103' title="bbox 1921 5117 3498 5191">
    <p class='ocr_par' dir='ltr' id='par_1_103' title="bbox 1921 5117 3498 5191">
     <span class='ocr_line' id='line_1_103' title="bbox 1921 5117 3498 5191; baseline 0.003 -20"><span class='ocrx_word' id='word_1_731' title='bbox 1921 5127 2205 5181; x_wconf 88' lang='lat' dir='ltr'><strong>naturam,</strong></span> <span class='ocrx_word' id='word_1_732' title='bbox 2254 5118 2350 5172; x_wconf 92' lang='lat' dir='ltr'><strong>sed</strong></span> <span class='ocrx_word' id='word_1_733' title='bbox 2403 5117 2578 5175; x_wconf 86' lang='lat' dir='ltr'><strong>Filius</strong></span> <span class='ocrx_word' id='word_1_734' title='bbox 2630 5120 2730 5175; x_wconf 89' lang='lat' dir='ltr'><strong>Dei</strong></span> <span class='ocrx_word' id='word_1_735' title='bbox 2786 5132 2843 5176; x_wconf 89' lang='lat' dir='ltr'><strong>et</strong></span> <span class='ocrx_word' id='word_1_736' title='bbox 2891 5120 3035 5176; x_wconf 86' lang='lat' dir='ltr'><strong>Deus</strong></span> <span class='ocrx_word' id='word_1_737' title='bbox 3083 5136 3183 5191; x_wconf 88' lang='lat' dir='ltr'><strong>per</strong></span> <span class='ocrx_word' id='word_1_738' title='bbox 3233 5120 3498 5191; x_wconf 90' lang='lat' dir='ltr'><strong>Spiritum</strong></span> 
     </span>
    </p>
   </div>
   <div class='ocr_carea' id='block_1_104' title="bbox 1920 5209 3504 5281">
    <p class='ocr_par' dir='ltr' id='par_1_104' title="bbox 1920 5209 3504 5281">
     <span class='ocr_line' id='line_1_104' title="bbox 1920 5209 3504 5281; baseline 0.002 -15"><span class='ocrx_word' id='word_1_739' title='bbox 1920 5209 2226 5266; x_wconf 89' lang='lat' dir='ltr'><strong>secundum</strong></span> <span class='ocrx_word' id='word_1_740' title='bbox 2263 5210 2513 5281; x_wconf 80' lang='lat' dir='ltr'><strong>gratiam.</strong></span> <span class='ocrx_word' id='word_1_741' title='bbox 2548 5212 2669 5267; x_wconf 89' lang='lat' dir='ltr'><strong>Non</strong></span> <span class='ocrx_word' id='word_1_742' title='bbox 2708 5213 2856 5267; x_wconf 88' lang='lat' dir='ltr'><strong>enim</strong></span> <span class='ocrx_word' id='word_1_743' title='bbox 2901 5213 3063 5268; x_wconf 87' lang='lat' dir='ltr'><strong>aliter</strong></span> <span class='ocrx_word' id='word_1_744' title='bbox 3095 5214 3191 5269; x_wconf 89' lang='lat' dir='ltr'><strong>Dei</strong></span> <span class='ocrx_word' id='word_1_745' title='bbox 3230 5214 3403 5268; x_wconf 83' lang='lat' dir='ltr'><strong>Filius</strong></span> <span class='ocrx_word' id='word_1_746' title='bbox 3438 5229 3504 5269; x_wconf 88' lang='lat' dir='ltr'><strong>ac</strong></span> 
     </span>
    </p>
   </div>
   <div class='ocr_carea' id='block_1_105' title="bbox 1919 5301 3503 5379">
    <p class='ocr_par' dir='ltr' id='par_1_105' title="bbox 1919 5301 3503 5379">
     <span class='ocr_line' id='line_1_105' title="bbox 1919 5301 3503 5379; baseline 0.004 -23"><span class='ocrx_word' id='word_1_747' title='bbox 1919 5301 2065 5357; x_wconf 91' lang='lat' dir='ltr'><strong>Deus</strong></span> <span class='ocrx_word' id='word_1_748' title='bbox 2110 5304 2415 5359; x_wconf 87' lang='lat' dir='ltr'><strong>secundum</strong></span> <span class='ocrx_word' id='word_1_749' title='bbox 2461 5307 2647 5376; x_wconf 72' lang='lat' dir='ltr'><strong>gratiae</strong></span> <span class='ocrx_word' id='word_1_750' title='bbox 2689 5307 3095 5364; x_wconf 90' lang='lat' dir='ltr'><strong>deiﬁcationem</strong></span> <span class='ocrx_word' id='word_1_751' title='bbox 3140 5310 3321 5379; x_wconf 92' lang='lat' dir='ltr'><strong>potuit</strong></span> <span class='ocrx_word' id='word_1_752' title='bbox 3357 5308 3503 5364; x_wconf 85' lang='lat' dir='ltr'><strong>desi-</strong></span> 
     </span>
    </p>
   </div>
   <div class='ocr_carea' id='block_1_106' title="bbox 1919 5393 3499 5464">
    <p class='ocr_par' dir='ltr' id='par_1_106' title="bbox 1919 5393 3499 5464">
     <span class='ocr_line' id='line_1_106' title="bbox 1919 5393 3499 5464; baseline 0.004 -18"><span class='ocrx_word' id='word_1_753' title='bbox 1919 5394 2073 5464; x_wconf 88' lang='lat' dir='ltr'><strong>gnari</strong></span> <span class='ocrx_word' id='word_1_754' title='bbox 2096 5393 2263 5449; x_wconf 88' lang='lat' dir='ltr'><strong>homo</strong></span> <span class='ocrx_word' id='word_1_755' title='bbox 2286 5395 2485 5460; x_wconf 80' lang='lat' dir='ltr'><strong>factus,</strong></span> <span class='ocrx_word' id='word_1_756' title='bbox 2510 5398 2615 5453; x_wconf 88' lang='lat' dir='ltr'><strong>nisi</strong></span> <span class='ocrx_word' id='word_1_757' title='bbox 2647 5407 2804 5453; x_wconf 82' lang='lat' dir='ltr'><strong>antea</strong></span> <span class='ocrx_word' id='word_1_758' title='bbox 2831 5400 3134 5454; x_wconf 89' lang='lat' dir='ltr'><strong>secundum</strong></span> <span class='ocrx_word' id='word_1_759' title='bbox 3160 5401 3499 5455; x_wconf 82' lang='lat' dir='ltr'><strong>voluntatem</strong></span> 
     </span>
    </p>
   </div>
   <div class='ocr_carea' id='block_1_107' title="bbox 241 5473 1827 5562">
    <p class='ocr_par' dir='ltr' id='par_1_107' title="bbox 241 5473 1817 5550">
     <span class='ocr_line' id='line_1_107' title="bbox 241 5473 1817 5550; baseline 0.007 -27"><span class='ocrx_word' id='word_1_760' title='bbox 241 5473 565 5544; x_wconf 76' lang='grc' dir='ltr'>προαίρεσιν</span> <span class='ocrx_word' id='word_1_761' title='bbox 588 5474 921 5543; x_wconf 81' lang='grc' dir='ltr'>γεννηθέντα</span> <span class='ocrx_word' id='word_1_762' title='bbox 951 5474 1031 5546; x_wconf 84' lang='grc' dir='ltr'>τῷ</span> <span class='ocrx_word' id='word_1_763' title='bbox 1048 5476 1347 5547; x_wconf 85' lang='grc' dir='ltr'>Πνεύματι,</span> <span class='ocrx_word' id='word_1_764' title='bbox 1364 5479 1453 5533; x_wconf 84' lang='grc' dir='ltr'><strong>διὰ</strong></span> <span class='ocrx_word' id='word_1_765' title='bbox 1474 5479 1570 5550; x_wconf 82' lang='grc' dir='ltr'><strong>τήν</strong></span> <span class='ocrx_word' id='word_1_766' title='bbox 1590 5480 1817 5535; x_wconf 78' lang='grc' dir='ltr'>ἐνοῦσαν</span> 
     </span>
    </p>
   </div>
   <div class='ocr_carea' id='block_1_108' title="bbox 1933 5473 3502 5562">
    <p class='ocr_par' dir='ltr' id='par_1_108' title="bbox 1933 5485 3502 5562">
     <span class='ocr_line' id='line_1_108' title="bbox 1933 5485 3502 5562; baseline 0.003 -23"><span class='ocrx_word' id='word_1_767' title='bbox 1933 5494 2065 5540; x_wconf 66' lang='lat' dir='ltr'><strong>asset</strong></span> <span class='ocrx_word' id='word_1_768' title='bbox 2104 5485 2311 5556; x_wconf 89' lang='lat' dir='ltr'><strong>Spiritu</strong></span> <span class='ocrx_word' id='word_1_769' title='bbox 2351 5498 2666 5558; x_wconf 79' lang='lat' dir='ltr'><strong>generatus,</strong></span> <span class='ocrx_word' id='word_1_770' title='bbox 2698 5491 2770 5546; x_wconf 94' lang='lat' dir='ltr'><strong>ob</strong></span> <span class='ocrx_word' id='word_1_771' title='bbox 2808 5507 2928 5546; x_wconf 89' lang='lat' dir='ltr'><strong>eam</strong></span> <span class='ocrx_word' id='word_1_772' title='bbox 2970 5507 3135 5562; x_wconf 91' lang='lat' dir='ltr'><strong>quam</strong></span> <span class='ocrx_word' id='word_1_773' title='bbox 3173 5492 3502 5547; x_wconf 80' lang='lat' dir='ltr'><strong>naturaliter</strong></span> 
     </span>
    </p>
   </div>
   <div class='ocr_carea' id='block_1_109' title="bbox 240 5564 1810 5642">
    <p class='ocr_par' dir='ltr' id='par_1_109' title="bbox 240 5564 1810 5642">
     <span class='ocr_line' id='line_1_109' title="bbox 240 5564 1810 5642; baseline 0.006 -25"><span class='ocrx_word' id='word_1_774' title='bbox 240 5564 393 5635; x_wconf 81' lang='grc' dir='ltr'>αὐτῷ</span> <span class='ocrx_word' id='word_1_775' title='bbox 424 5565 675 5635; x_wconf 84' lang='grc' dir='ltr'>φυσικῶς</span> <span class='ocrx_word' id='word_1_776' title='bbox 704 5566 1063 5638; x_wconf 81' lang='grc' dir='ltr'>αὐτοκίνητον</span> <span class='ocrx_word' id='word_1_777' title='bbox 1108 5568 1205 5623; x_wconf 76' lang='grc' dir='ltr'><strong>καὶ</strong></span> <span class='ocrx_word' id='word_1_778' title='bbox 1236 5569 1533 5625; x_wconf 83' lang='grc' dir='ltr'>ἀδέσποτον</span> <span class='ocrx_word' id='word_1_779' title='bbox 1563 5571 1810 5642; x_wconf 78' lang='grc' dir='ltr'>δύναμιν.</span> 
     </span>
    </p>
   </div>
   <div class='ocr_carea' id='block_1_110' title="bbox 1919 5577 3499 5656">
    <p class='ocr_par' dir='ltr' id='par_1_110' title="bbox 1919 5577 3499 5656">
     <span class='ocr_line' id='line_1_110' title="bbox 1919 5577 3499 5656; baseline 0.006 -26"><span class='ocrx_word' id='word_1_780' title='bbox 1919 5577 1973 5630; x_wconf 92' lang='lat' dir='ltr'><strong>in</strong></span> <span class='ocrx_word' id='word_1_781' title='bbox 2010 5591 2068 5632; x_wconf 90' lang='lat' dir='ltr'><strong>se</strong></span> <span class='ocrx_word' id='word_1_782' title='bbox 2101 5577 2268 5635; x_wconf 83' lang='lat' dir='ltr'><strong>habet</strong></span> <span class='ocrx_word' id='word_1_783' title='bbox 2298 5588 2625 5651; x_wconf 86' lang='lat' dir='ltr'><strong>potestatem</strong></span> <span class='ocrx_word' id='word_1_784' title='bbox 2661 5582 2820 5638; x_wconf 90' lang='lat' dir='ltr'><strong>liberi</strong></span> <span class='ocrx_word' id='word_1_785' title='bbox 2855 5584 3099 5640; x_wconf 87' lang='lat' dir='ltr'><strong>arbitrii.</strong></span> <span class='ocrx_word' id='word_1_786' title='bbox 3133 5585 3284 5641; x_wconf 80' lang='lat' dir='ltr'><strong>Hanc</strong></span> <span class='ocrx_word' id='word_1_787' title='bbox 3328 5584 3499 5656; x_wconf 83' lang='lat' dir='ltr'><strong>igitur</strong></span> 
     </span>
    </p>
   </div>
  </div>
