3938 6192
528 130 667 195 1347

1708 123 1785 205 S.’
1810 122 2097 182 ΜΑΧΙΜΙ
2137 122 2650 184 CONFESSORIS

3593 141 3679 209 illi

528 241 784 299 deiﬁcam
827 251 991 310 atque
1038 238 1280 293 divinam
1324 245 1378 292 et
1419 234 1836 289 immaterialem
1876 250 2105 304 genera-

2214 235 2444 287 ’Ήντινα
2477 236 2723 288 θεοποιον
2758 237 2846 288 καὶ
2875 236 3023 290 θείαν
3062 241 3155 291 καὶ
3195 241 3348 295 ἅῡλον
3384 246 3605 319 γέννησιν,
3626 259 3681 310 διὰ

530 335 736 388 tionem
769 349 894 388 cum
925 333 1134 402 primus
1156 330 1321 384 homo
1348 328 1700 391 deseruisset,
1722 325 1851 395 quia
1880 325 1960 379 eis
1989 341 2109 393 qua:

530 425 847 479 intellectus
901 429 1028 477 sunt
1076 429 1131 475 et
1182 420 1254 473 ob
1301 419 1591 473 oculorum
1648 416 1845 471 obtutu
1900 426 2108 471 remota

528 516 752 570 interim
802 513 962 567 bonis
1009 512 1253 582 praetulit
1298 509 1615 565 sensibilem
1668 508 2004 577 voluptatem
2055 518 2110 561 et

526 606 900 666 manifestam,
939 602 1244 674 corporali,
1279 617 1401 671 qua:
1438 616 1549 654 non
1587 599 1762 654 nostri
1803 614 1998 669 nempe
2038 599 2111 654 sit

527 699 776 761 arbitrii,
814 713 880 752 ac
910 695 1193 750 materiali
1237 701 1293 748 et
1331 693 1443 748 fato
1485 691 1839 747 concedenda
1877 707 2107 761 genera-

526 790 676 845 tione
701 789 1014 852 damnatur,
1033 789 1184 858 justo
1207 786 1301 840 Dei
1325 785 1559 857 judicio,
1584 783 1677 853 qui
1704 794 1898 853 sponte
1923 784 2110 853 pejora

526 881 837 951 pnetulerit
882 880 1234 942 melioribus,
1285 878 1339 931 id
1388 885 1473 932 est
1520 877 1928 946 generationem
1983 889 2108 943 pas—

523 973 673 1027 sioni
704 973 1007 1042 subjectam
1038 979 1094 1025 et
1124 970 1379 1025 servilem
1412 977 1466 1022 et
1496 975 1764 1029 coactam,
1797 966 1853 1019 in
1885 965 2108 1019 modum

528 1064 828 1120 bestiarum
863 1073 1022 1117 terrae
1052 1062 1345 1116 brutarum
1376 1067 1431 1113 et
1455 1058 1683 1128 pecudis
1709 1065 1890 1111 mente
1921 1071 2110 1110 caren-

530 1157 623 1216 tis,
657 1156 963 1225 pr:etulerit
1007 1153 1251 1207 libertati
1296 1167 1361 1206 ac
1400 1148 1740 1221 generationi
1781 1164 1811 1201 a
1857 1148 2109 1217 passione

496 1248 717 1309 ,liberae
753 1254 808 1301 et
838 1245 922 1300 sui
961 1243 1177 1298 arbitrii
1215 1252 1271 1296 et
1306 1250 1526 1302 sanctae,
1560 1246 1723 1306 atque
1760 1251 1861 1306 pro
1896 1237 2110 1291 honore

520 1357 653 1395 cum
692 1340 803 1392 Deo
847 1346 904 1391 et
943 1336 1135 1390 divino
1185 1344 1242 1389 et
1282 1332 1549 1387 ineﬂabili
1594 1329 1830 1384 mercari
1867 1329 2110 1383 voluerit

490 1426 716 1501 ‘parem
766 1445 892 1483 cum
942 1425 1235 1481 insensatis
1283 1423 1475 1478 bestiis
1517 1430 1573 1476 et
1619 1421 2003 1475 inhonoratam
2053 1420 2108 1473 in

529 1522 817 1576 materiam
860 1518 1272 1588 relegationem.
1301 1515 1419 1580 Qua
1458 1512 1738 1567 hominem
1777 1512 2016 1566 liberare
2054 1519 2110 1566 et

2210 327 2270 378 τὸ
2324 332 2660 400 προτιμῆσαι
2719 333 2829 385 τῶν
2890 339 3194 407 νοουμένων
3243 342 3331 393 καὶ
3387 345 3563 415 ἀδήλων
3595 354 3683 418 τέως

2213 418 2431 485 ἀγαθῶν
2500 421 2559 476 τὸ
2614 426 2734 476 κατ’
2786 425 3039 495 αἴσθησιν
3090 432 3318 500 τερπνὸν
3358 420 3443 487 καὶ
3486 440 3683 511 ἐπίδηλον,

2212 510 2535 581 παραλιπὼν
2582 516 2610 567 6
2654 516 2871 587 πρῶτος
2902 520 3209 591 ἄνθρωπος,
3261 524 3354 597 τὴν
3392 528 3451 581 ἐκ
3492 510 3686 604 σωμάτων
3780 556 3781 604 1

2210 602 2435 667 εἰκότως
2505 606 2868 680 ἀπροαίρετον
2933 613 3026 664 καὶ
3084 613 3272 686 ὑλικὴν
3335 620 3422 672 καὶ
3495 602 3685 698 ἐπίκηρον

2212 696 2229 764 (
2252 695 2416 766 238
2448 699 2477 751 b
2499 698 2529 791 ξ
2556 698 2713 791 ἔχειν
2731 702 3153 768 καταδικάζεται
3178 707 3435 781 γέννησιν,
3460 713 3594 781 ἀξίως

2211 804 2398 851 ναντος
2439 789 2532 842 τοῦ
2593 790 2729 845 Θεοῦ
2779 793 2873 846 τὸν
2917 796 3179 861 ἑκουσίως
3213 799 3317 853 τῶν
3361 789 3687 874 κρειττόνωνᾶ
3780 789 3781 847 ί

2211 879 2430 948 χείρονα
2468 881 2852 950 προελόμενον,
2906 886 3004 957 τὴν
3064 890 3287 960 ἐμπαθῆ
3322 893 3408 945 καὶ
3448 894 3685 967 δούληνκαὶ

2212 971 2767 1043 κατηναγκασμένην,
2797 975 2919 1028 καθ’
2948 977 3249 1049 ὁμοιότητα
3272 981 3372 1035 τῶν
3396 985 3477 1037 ἐπὶ
3506 990 3685 1058 ﬁguli-

2210 1078 2322 1128 γων
2355 1080 2413 1115 τε
2448 1065 2541 1116 καὶ
2564 1065 2809 1137 ἀνοήτων
2824 1069 3038 1141 κτηνῶν
3068 1071 3317 1141 γέννησιν
3335 1074 3427 1144 τῆς
3455 1075 3685 1151 ἐλευθερίας

2210 1154 2304 1205 καὶ
2326 1153 2571 1218 ἀπαθοῦς
2603 1159 2697 1209 καὶ
2746 1158 3079 1229 αὑθαιρέτου
3125 1163 3217 1214 καὶ
3243 1164 3406 1234 ἁγνῆς
3445 1167 3685 1236 ἀνταλλάξαι

2209 1244 2535 1312 γεννήσεως,
2588 1248 2803 1318 καὶτῆς
2844 1249 2942 1302 σὺν
2976 1249 3097 1321 Θεῷ
3131 1253 3231 1305 καὶ
3253 1252 3393 1317 θείας
3418 1256 3500 1309 καὶ
3519 1259 3684 1315 avertis-

2208 1333 2370 1403 λήτου
2403 1336 2575 1405 τιμῆς
2605 1335 2703 1407 τὴν
2762 1338 3048 1409 μετάιοτῶν
3074 1340 3314 1412 ἀνοήτων
3344 1346 3533 1416 κτηνῶν
3551 1348 3685 1417 ἄτιμον

2209 1425 2517 1479 ἀντιλαϐεῖν
2546 1429 3057 1500 συμπαρενύλησιν.
3090 1423 3345 1497 Ἦστινος
3366 1436 3449 1487 τὸν
3480 1436 3684 1508 ἄνθρωπον

2212 1516 2575 1589 ἐλευθερῶσαι
2633 1521 2729 1572 καὶ
2781 1520 2919 1591 πρὸς
2956 1520 3057 1593 τὴν
3110 1521 3260 1575 θείαν
3291 1524 3549 1594 εύκληρίαν
3576 1528 3683 1579 ἐπαν-

527 1613 595 1666 ad
636 1610 1032 1666 beatitudinem
1075 1608 1314 1661 divinam
1358 1605 1626 1659 reducere
1660 1603 1851 1657 volens
1892 1602 2105 1667 Sermo,

2214 1614 2440 1678 αγαγεῖν
2470 1609 2794 1680 βουλόμενος
2815 1612 2848 1665 6
2877 1612 2976 1683 τὴν
3007 1591 3174 1680 ᾦύσιν
3216 1614 3318 1667 τῶν
3345 1591 3595 1684 ἀνθρώπων
3622 1618 3682 1688 δη-

530 1716 739 1758 naturze
780 1703 1034 1756 humanae
1074 1700 1291 1762 artifex,
1319 1698 1484 1752 homo
1524 1713 1590 1751 ex
1632 1695 1952 1749 hominibus
1981 1708 2110 1748 vere

530 1805 590 1849 ti:
621 1803 784 1864 atque
812 1804 1115 1864 generatur
1146 1791 1513 1861 corporaliter
1550 1788 1667 1844 sine
1706 1796 1935 1857 peccato
1979 1800 2110 1856 pro-

530 1900 652 1956 pter
680 1889 978 1946 hominem.
1014 1894 1069 1939 et
1100 1886 1436 1952 baptizatur,
1468 1890 1663 1952 sponte
1693 1880 1920 1935 subiens
1947 1893 2112 1949 gene-

473 1961 487 1977 ’
532 1981 798 2034 rationem
852 1994 952 2047 pro
1008 1978 1167 2032 nobis
1225 1978 1279 2030 in
1330 1976 1684 2044 adoptionem
1736 1972 2107 2042 spiritualem,

468 2142 483 2149 ἧ
530 2070 899 2125 essentialiter
926 2070 1071 2123 Deus
1101 2076 1156 2122 et
1182 2068 1277 2121 Dei
1308 2066 1614 2121 secundum
1642 2073 1893 2118 naturam
1918 2061 2109 2126 Filius,

534 2174 592 2215 ut
616 2162 919 2215 intirmaret
943 2160 1290 2229 corporalem
1319 2157 1751 2229 generationem.
1777 2155 1913 2210 Cum
1943 2155 2113 2225 igitur

531 2251 624 2321 qui
660 2267 761 2304 nos
798 2250 947 2314 fecit,
981 2250 1189 2319 quique
1226 2250 1380 2304 solus
1420 2249 1564 2302 Patri
1605 2263 1727 2301 cum
1772 2247 1978 2318 Spiritu
2014 2262 2113 2316 par

532 2351 694 2396 estet
720 2341 922 2395 deitate
952 2349 1008 2395 et
1034 2341 1205 2410 gloria
1237 2340 1409 2395 Filius
1437 2348 1493 2394 et
1522 2339 1737 2405 Sermo,
1763 2348 1987 2409 propter
2013 2355 2110 2394 nos

532 2432 675 2502 apud
721 2447 821 2486 nos
862 2447 930 2486 ex
967 2431 1130 2485 nobis
1164 2446 1294 2485 vere
1333 2431 1500 2485 homo
1541 2429 1632 2495 ﬁt,
1663 2439 1719 2484 et
1754 2429 2113 2498 corporaliter

535 2525 778 2578 nascitur
804 2524 921 2578 sine
949 2530 1197 2593 peccato,
1220 2535 1277 2577 et
1299 2522 1711 2593 generationem
1743 2521 1810 2575 de
1838 2519 2111 2589 baptismo

535 2619 587 2672 in
631 2618 987 2687 adoptionem
1030 2617 1373 2687 spiritualem
1418 2633 1519 2687 pro
1562 2616 1724 2671 nobis
1765 2615 2109 2673 subeundam

534 2710 779 2780 suscepit
824 2709 1152 2763 naturaliter
1198 2710 1376 2772 Deus,
1422 2709 1629 2763 idcirco
1677 2723 1802 2762 cum
1854 2708 2109 2762 incarna-

537 2798 706 2861 tione,
736 2805 797 2851 ut
832 2797 964 2853 mihi
998 2796 1244 2861 videtur,
1274 2797 1536 2867 magister
1565 2796 1852 2866 conjunxit
1882 2812 2113 2867 genera-

537 2889 744 2943 tionem
781 2904 848 2942 ex
880 2887 1175 2958 baptismo,
1209 2897 1268 2941 ut
1299 2888 1404 2942 hoc
1435 2871 1777 2943 inﬁrmanda:
1804 2888 2112 2957 expianda»
2140 2919 2181 2976 (ἶ

532 2997 642 3051 que
674 2979 976 3050 corporalis
1011 2980 1388 3051 generationis
1420 2980 1595 3050 gratia
1630 2979 1833 3034 factum
1867 2996 1988 3035 esse
2025 2980 2108 3034 in—

537 3074 879 3143 terpreteris.
911 3073 1048 3127 Nam
1082 3072 1230 3141 quod
1264 3070 1436 3125 Adam
1476 3070 1909 3141 (generationem
1943 3070 2108 3139 spiri-

537 3163 741 3217 tualem
770 3162 822 3215 in
850 3161 1285 3228 deiﬁcationem,
1313 3160 1569 3231 inquam)
1603 3169 1799 3231 sponte
1831 3160 2109 3222 deseruit,

538 3264 599 3309 ut
632 3254 905 3324 corporali
943 3255 1000 3308 in
1034 3254 1318 3309 interitum
1351 3255 1705 3325 generatione
1735 3253 2109 3321 damnaretur,

540 3346 644 3399 hoc
687 3354 880 3415 sponte
920 3362 1040 3410 sua,
1075 3355 1136 3399 ut
1177 3346 1355 3401 bonus
1396 3356 1454 3401 ct
1489 3345 1774 3400 hominum
1813 3361 2021 3411 amans,
2056 3345 2113 3399 in

538 3449 730 3493 nostro
762 3441 916 3509 lapsu
952 3440 1118 3494 homo
1148 3439 1347 3507 factus,
1372 3454 1540 3508 seque
1576 3439 1754 3508 ipsum
1790 3450 1915 3493 cum
1954 3438 2114 3493 nobis
2152 3446 2165 3453 ’

540 3530 746 3600 pariter
768 3529 1162 3593 condemnans,
1181 3528 1275 3598 qui
1303 3528 1454 3583 solus
1477 3528 1616 3582 liber
1636 3536 1694 3582 et
1717 3528 1837 3583 sine
1862 3539 2110 3598 peccato,

537 3632 595 3677 et
614 3621 957 3692 corporalem
982 3621 1393 3690 generationem
1414 3620 1759 3674 subeundam
1782 3620 2108 3689 suscipiens,

444 3740 449 3744 ο
541 3714 600 3767 in
635 3728 742 3782 qua
783 3711 1259 3767 eondcmnationis
1302 3717 1509 3764 nostrae
1546 3709 1728 3763 adhuc
1760 3709 1846 3763 vis
1885 3709 2110 3772 inesset,

542 3805 887 3873 spiritualem
922 3805 1150 3875 mystice
1183 3802 1598 3872 generationem
1633 3802 1924 3871 reparavit,
1952 3809 2115 3870 atque

539 3895 736 3949 solutis
768 3894 1138 3966 generationis
1169 3892 1472 3962 corporalis
1504 3906 1606 3962 pro
1637 3890 1799 3945 nobis
1832 3891 1886 3944 in
1918 3899 2116 3946 semet-

544 3987 666 4055 ipso
694 3985 934 4039 vinculis
966 4000 1066 4053 per
1097 3983 1439 4053 spiritualcm
1469 3981 1770 4035 voluntatis
1803 3984 2114 4053 generatio-

543 4092 670 4136 nem
703 4075 896 4139 nohis,
922 4075 1018 4147 qui
1052 4073 1333 4128 credimus
1369 4072 1424 4126 in
1456 4072 1579 4142 ejus
1609 4086 1841 4137 nomen,
1873 4081 2115 4143 potesta-

545 4179 657 4224 tem
687 4167 842 4222 dedit
868 4174 930 4220 ut
958 4166 1053 4220 Dei
1081 4164 1179 4220 ﬁlii
1207 4181 1310 4236 pro
1340 4164 1524 4219 carnis
1552 4178 1617 4218 ac
1645 4163 1928 4233 sanguinis
1958 4162 2117 4218 liere-

2216 1702 2551 1772 μιουργήσας
2575 1702 2766 1771 Λόγος,
2797 1702 3087 1774 ἄνθρωπος
3132 1703 3193 1770 ἐξ
3236 1706 3511 1777 ἀνθρώπων
3536 1709 3683 1778 ἀληθῶς

2212 1793 2424 1861 γίνεταί
2454 1811 2512 1847 τε
2552 1798 2645 1848 καὶ
2678 1797 2938 1863 γεννᾶται
2968 1798 3295 1868 σωματικῶς
3318 1800 3471 1870 χωρὶς
3488 1801 3683 1870 ἁμαρτίας

2210 1884 2299 1937 διὰ
2325 1886 2416 1939 τὸν
2447 1887 2756 1955 ἄνθρωπον,
2781 1889 2876 1941 καὶ
2906 1887 3250 1958 βαπτίζεται,
3284 1893 3375 1960 τὴν
3403 1893 3473 1956 είς
3494 1891 3684 1947 υἱοθεσίαν

2213 1980 2593 2052 πνευματικὴν
2654 1980 2797 2048 ὑπὲρ
2867 1983 3025 2053 ήμῶν
3092 1984 3347 2047 ἑκουσίως
3409 1985 3683 2055 ὑπερχόμενος

2210 2070 2486 2141 γέννησιν,
2519 2074 2549 2127 6
2579 2072 2701 2126 κατ’
2730 2075 2917 2129 οὐσίαν
2956 2074 3093 2139 Θεὸς
3121 2076 3216 2130 καὶ
3257 2075 3384 2129 Θεοῦ
3428 2077 3546 2131 κατὰ
3579 2076 3683 2146 φύσιν

2212 2161 2361 2226 Υἱὸς,
2417 2164 2498 2228 είς
2537 2162 2799 2235 ἀθέτησιν
2845 2168 2943 2237 τῆς
2993 2168 3059 2220 ὲκ
3124 2166 3383 2236 σωμάτων
3442 2168 3681 2236 γεννήσεως.

2224 2253 2439 2325 Ἐπειδὴ
2465 2254 2646 2309 τοίνυν
2677 2256 2744 2308 δι’
2775 2257 2923 2325 ἡμᾶς
2965 2257 2996 2310 ὁ
3035 2257 3271 2327 ποιήσας
3302 2259 3438 2328 ἡμᾶς
3476 2255 3553 2311 καὶ
3581 2256 3683 2326 μόνος

2211 2343 2288 2414 τῷ
2322 2347 2500 2417 Πατρὶ
2527 2348 2666 2417 μετά
2694 2352 2790 2402 τοῦ
2825 2348 3144 2419 Πνεύματος
3170 2350 3386 2419 ὁλμόθεος
3406 2351 3488 2402 καὶ
3507 2348 3682 2417 ὁμόδοξοι

2211 2434 2339 2497 Υἱὸς
2367 2438 2460 2489 καὶ
2494 2437 2667 2506 Λόγος
2714 2438 2838 2491 καθ’
2872 2441 2904 2508 ἡ
2915 2441 3022 2508 μᾶς
3050 2437 3114 2503 ἐξ
3144 2439 3302 2509 ἡμῶν
3326 2438 3516 2510 ἀληθῶς
3540 2437 3681 2509 mw

2211 2536 2311 2587 πος
2337 2525 2568 2593 γίνεται,
2612 2527 2705 2579 καί¹
2741 2527 3073 2597 σωματικῶς
3123 2530 3373 2595 γεννᾶται
3400 2528 3544 2599 χωρὶς
3564 2528 3683 2596 ἁμαρ·

2209 2609 2351 2676 τίας,
2385 2613 2479 2665 καὶ
2508 2616 2608 2684 τὴν
2630 2617 2695 2667 ἐκ
2720 2613 3101 2685 βαπτίσματος
3130 2617 3210 2678 είς
3240 2616 3489 2669 υἱοθεσίαν
3513 2630 3683 2683 πνευμα-

2212 2701 2371 2773 τικὴν
2398 2702 2539 2774 ὑπὲρ
2556 2706 2599 2773 3)
2610 2703 2725 2773 μῶν
2767 2705 3021 2758 ὑπελθεῖν
3071 2706 3421 2776 καταδέχεται
3462 2705 3650 2774 γέννησιν
3666 2705 3683 2754 ό

2215 2793 2555 2861 φύσειθεδς,
2586 2795 2674 2848 διὰ
2701 2795 2857 2848 τοῦτο
2888 2796 3095 2867 συνῆψε
3141 2800 3208 2868 τῇ
3258 2796 3525 2869 σαρκώσει,
3566 2793 3682 2855 καθὼς

2214 2880 2388 2955 οἶμαι,
2422 2886 2520 2956 τὴν
2553 2888 2617 2939 ἐκ
2648 2885 3027 2956 βαπτίσματος
3086 2889 3338 2956 γέννησιν
3377 2888 3404 2939 ὁ
3433 2885 3683 2945 διδάσκαλος.

2211 2974 2287 3038 ὡς
2310 2976 2390 3040 είς
2415 2976 2672 3049 ἀθέτησιν
2699 2979 2794 3032 καὶ
2826 2978 2981 3032 λύσιν
3020 2979 3126 3048 τῆς
3173 2980 3237 3032 ὲκ
3273 2978 3514 3047 σωμάτων
3539 2978 3683 3042 liam-

2213 3066 2371 3137 θῆναι
2402 3069 2728 3140 γεννήσεως.
2766 3069 2945 3142 Ὅπερ
2974 3069 3086 3140 γὰρ
3119 3073 3148 3125 ό
3184 3071 3349 3139 Ἀδὰμ
3390 3068 3600 3139 (λέγωδὲ
3625 3065 3683 3133 τὴν

2212 3160 2290 3221 εἰς
2317 3157 2514 3211 θέωσιν
2545 3163 2609 3212 ἐκ
2632 3159 2942 3230 πνεύματος
2980 3161 3273 3232 γέννησιν)
3308 3144 3541 3221 ἑκουσίως
3567 3172 3683 3225 παρει-

2211 3248 2384 3303 λιπὼν
2413 3251 2708 3320 γεννᾶσθαι
2752 3241 3085 3321 σωματικῶς
3124 3256 3203 3317 είς
3234 3253 3429 3325 φθορὰν
3451 3247 3683 3319 κατεκρίθη.

2212 3343 2368 3396 τοῦτο
2389 3345 2531 3399 κατὰ
2563 3343 2787 3415 θέλησιν
2826 3346 2901 3410 ὡς
2940 3347 3149 3413 ἀγαθὸς
3193 3349 3284 3401 καὶ
3317 3345 3630 3417 φιλάνθρωπος
3650 3341 3684 3391 ἐν

2211 3432 2290 3503 τῷ
2340 3432 2500 3503 ἡμῶν
2544 3435 2954 3506 παραπτώματι
2988 3438 3283 3509 γενόμενος
3330 3436 3588 3505 ἄνθρωπος.
3627 3428 3684 3481 κίὶ

2215 3528 2653 3598 συγκατακρίνας
2676 3531 2806 3600 ἡμῖν
2831 3530 3023 3583 ἑαυτὸν
3049 3532 3332 3595 ἑκουσίως,
3373 3532 3399 3583 ό
3433 3529 3565 3599 μόνος
3585 3520 3685 3576 ἐλεύ-

2219 3620 2376 3688 θερος
2426 3619 2521 3671 καὶ
2548 3620 2956 3692 ἀναμάρτητος,
2995 3620 3090 3675 καὶ
3118 3623 3218 3691 τὴν
3246 3622 3309 3673 ὲκ
3348 3618 3578 3689 σωμάτων
3609 3628 3686 3680 γεν-

2217 3709 2401 3781 (239
2438 3712 2492 3780 a)
2526 3712 2758 3782 νηθῆναι
2786 3713 3224 3783 καταδεξάμενος
3262 3712 3512 3781 γέννησιν,
3552 3697 3686 3776 ἐνῇτδ

2215 3804 2416 3885 κράςος
2478 3803 2690 3874 ὑπῆρχε
2745 3803 2845 3873 τῆς
2892 3803 3050 3874 ἡμῶν
3114 3804 3490 3872 κατακρίσεως,
3544 3797 3618 3866 τήν
3652 3794 3687 3842 ἓν

2216 3882 2484 3963 πνεύματι
2536 3894 2817 3964 μυστικῶς
2872 3893 3224 3965 διωρθώσατο
3253 3892 3500 3962 γέννησιν,
3528 3882 3688 3949 καὶτῆς

2218 3986 2535 4055 σωματικῆς
2564 3986 2873 4055 γεννήσεως
2921 3983 3090 4047 λύσας
3128 3985 3270 4055 ὑπὲρ
3297 3982 3441 4054 ἡμῶν
3485 3983 3532 4033 ἐν
3569 3970 3689 4039 ἑαυτῷ

2216 4079 2283 4130 τὰ
2304 4076 2478 4149 δεσμά
2499 4076 2730 4130 δέδωκεν
2754 4078 2887 4146 ἡμῖν
2915 4076 3166 4141 ἐξουσίαν
3185 4076 3271 4130 διὰ
3287 4076 3381 4143 τῆς
3406 4071 3526 4127 κατὰ
3541 4064 3689 4133 πνεῦμα

2217 4170 2537 4240 γεννήσεως
2560 4167 2702 4222 κατά
2737 4168 2977 4238 θέλησιν,
3025 4167 3195 4221 τέκνα
3244 4165 3373 4219 Θεοῦ
3413 4162 3518 4217 ἀντὶ
3555 4153 3693 4227 capri;

545 4274 689 4315 mus.
723 4259 1035 4314 lncarnatio
1069 4257 1237 4329 igitur
1270 4265 1435 4327 atque
1467 4256 1771 4330 corporalis
1799 4255 1953 4324 prius
1988 4272 2115 4325 pro-

2221 4261 2314 4312 καὶ
2346 4260 2577 4328 αἵματος
2614 4257 2867 4326 γενέσθαι
2906 4259 3019 4320 τοῖς
3045 4256 3387 4310 πιστεύουσιν
3411 4253 3482 4314 είς
3507 4247 3557 4302 τὸ
3577 4245 3693 4309 Evoti“

548 4362 670 4423 pter
719 4365 896 4405 meam
943 4348 1352 4404 damnationem
1407 4346 1462 4400 in
1510 4346 1747 4400 Domino
1798 4354 1983 4399 secuta
2035 4353 2121 4398 est

544 4442 850 4514 generatio,
883 4450 940 4497 et
978 4440 1059 4495 sic
1095 4455 1215 4510 quae
1249 4438 1461 4508 reliqua
1501 4447 1622 4492 erat
1658 4453 1754 4506 per
1789 4436 2119 4506 baptismum

548 4533 852 4604 spiritualis
892 4532 1139 4586 insecuta
1179 4537 1266 4585 est
1304 4527 1617 4600 generatio,
1645 4543 1747 4597 pro
1784 4527 1961 4582 salute
2001 4543 2121 4582 mea

547 4622 851 4677 secundum
900 4620 1129 4690 gratiam
1171 4627 1228 4673 et
1270 4616 1652 4681 revocatione,
1687 4624 1811 4683 aut,
1845 4624 1908 4669 ut
1951 4617 2123 4687 magis

548 4709 840 4780 perSpicue
885 4708 1094 4773 dicam,
1130 4706 1449 4773 relictione,
1496 4722 1607 4776 qua
1654 4706 1800 4761 Deus
1845 4706 1993 4760 circa
2036 4721 2124 4760 me

548 4804 771 4874 c0pulat
797 4800 1134 4856 exsisteutiae
1161 4815 1299 4855 meae
1324 4808 1380 4854 et
1407 4798 1566 4854 bona:
1593 4797 1928 4853 exsistentiaz
1955 4798 2124 4853 ratio-

550 4909 672 4958 nes,
700 4904 758 4949 et
781 4909 902 4949 eam
931 4907 1053 4962 quae
1082 4907 1115 4946 a
1143 4906 1230 4946 me
1254 4891 1398 4945 facta
1424 4898 1546 4945 erat
1573 4890 1768 4945 barum
1797 4889 2147 4951 divisionem,

551 4992 719 5054 atque
761 4983 1077 5039 distantiam
1120 4980 1426 5046 contrahit,
1460 4995 1670 5051 perque
1714 4979 1831 5035 haec
1875 4978 1941 5033 ad
1980 4979 2126 5055 exsi-

554 5078 771 5133 stentia:
806 5086 1027 5130 αξιοι-ηαδ
1064 5074 1337 5129 rationem
1376 5073 1658 5143 sapienter
1695 5071 2006 5142 compellit,
2038 5087 2128 5127 se-

554 5168 797 5224 cundum
851 5183 1015 5238 quam
1071 5181 1253 5237 neque
1312 5165 1531 5236 parient
1585 5164 1820 5234 amplius
1877 5164 2131 5219 homines

555 5274 736 5328 neque
782 5258 1093 5328 parientur,
1125 5272 1249 5312 eum
1293 5271 1486 5311 eorum
1531 5272 1654 5325 qua:
1695 5254 1954 5310 videntur
1995 5254 2131 5310 ordo

556 5349 805 5419 pariendi
833 5350 997 5405 linem
1026 5348 1270 5420 attigerit
1300 5364 1395 5418 per
1420 5363 1668 5419 magnam
1699 5357 1756 5402 et
1783 5362 2131 5401 communem

2221 4349 2407 4404 αὐτοῦ.
2456 4350 2737 4420 Σάρκωσις
2782 4344 2874 4403 οὖν
2903 4348 2997 4401 καὶ
3045 4344 3349 4418 σωματικὴ,
3378 4343 3600 4415 πρότερον
3630 4332 3693 4400 τῆς

2195 4430 2363 4513 ’ἐμῆς
2391 4442 2555 4495 ’ἑνεκα
2586 4439 2963 4510 κατακρίσεως
3009 4438 3102 4491 ἐπὶ
3149 4437 3240 4490 τοῦ
3288 4436 3475 4505 Κυρίου
3515 4438 3692 4497 παρηκο·

2222 4533 2452 4605 λούθησε
2473 4532 2747 4603 γέννησις,
2775 4532 2870 4585 καὶ
2900 4529 3073 4594 οὕτως
3111 4533 3145 4601 ἠ
3180 4529 3268 4583 διὰ
3292 4527 3380 4581 τοῦ
3410 4522 3695 4597 βαπτίσματος

2224 4627 2281 4679 έν
2300 4625 2573 4696 πνεύματι
2603 4623 3037 4695 παραλειφθεῖσα
3065 4618 3459 4693 ἐπηκολούθησε
3497 4612 3695 4681 γέννησις.

2227 4717 2368 4787 ὑπὲρ
2413 4716 2513 4786 τῆς
2540 4715 2681 4787 ἐμῆς
2713 4713 2858 4767 κατά
2902 4712 3064 4784 χάριν
3106 4711 3376 4791 σωτηρίας
3409 4708 3493 4762 καὶ
3531 4696 3697 4791 dum?

2228 4825 2386 4873 σεως,
2430 4807 2463 4877 ἢ
2506 4807 2840 4877 σαφέστερον
2886 4808 3060 4860 εἰπεῖν
3107 4790 3476 4864 ἀναπλάσεως⁶
3509 4790 3581 4850 οἶα
3616 4805 3697 4842 συν·

2230 4901 2492 4963 ἅπτοντος
2545 4899 2674 4973 περὶ
2703 4898 2804 4969 ἐμὲ
2843 4897 2938 4953 τοῦ
2971 4897 3106 4953 Θεοῦ
3133 4896 3226 4951 τόν
3256 4913 3314 4950 τε
3354 4892 3441 4947 τοῦ
3487 4883 3601 4941 εἷναί
3634 4894 3697 4973 ll"?

2228 4991 2385 5059 λόγον
2415 4991 2509 5045 καί⁵
2536 4968 2634 5044 τὸν
2650 4968 2747 5043 τοῦ
2782 4984 2842 5043 εὖ
2870 4982 3034 5051 εἶναι.
3067 4990 3162 5043 καὶ
3196 4988 3291 5060 τὴν
3328 4982 3587 5055 γενομένην
3615 4968 3699 5060 παρ’

2229 5058 2366 5153 ἐμοῦ
2394 5081 2600 5135 τούτων
2634 5080 3003 5143 ὲνοποιοῦντος
3039 5081 3211 5150 τομὴν
3240 5058 3332 5133 καὶ
3356 5076 3613 5130 διάστασιν.
3640 5058 3699 5153 If‘

2229 5147 2317 5225 διὰ
2362 5171 2570 5225 τούτων
2621 5171 2760 5242 πρὸς
2808 5169 2900 5223 τὸν
2939 5169 3032 5223 τοῦ
3082 5147 3177 5224 ἀεὶ.
3235 5165 3369 5222 εἶναι
3412 5164 3546 5231 λόγον
3579 5147 3700 5242 σαῷ

2235 5261 2674 5327 συνελαύνοντος,
2722 5260 2848 5315 καθ’
2895 5261 2956 5315 ὃν
2988 5262 3171 5315 οὐκέτι
3214 5259 3275 5312 τὸ
3326 5256 3494 5327 φέρειν
3529 5236 3700 5302 ἐστικαὶ

2235 5354 2495 5426 φέρεσθαι
2527 5354 2657 5424 περὶ
2699 5354 2789 5407 τὸν
2841 5352 3148 5424 ἄνθρωπον,
3201 5348 3455 5418 λαϐούσης
3475 5328 3701 5426 τέλος.πῆῦὶ

559 5442 1060 5508 resurrectionem,
1105 5457 1227 5512 qua:
1274 5441 1330 5497 in
1382 5439 1854 5496 immortalitatem
1907 5455 2109 5509 genere

2234 5419 2584 5514 ’τὸ-φέρεσθαι
2605 5419 2711 5513 τῆς
2751 5443 2859 5496 τῶν
2893 5419 3229 5512 φαινομένων
3256 5433 3534 5506 οἰκονομίας
3558 5423 3625 5478 διά

559 5534 839 5592 hominem
884 5535 1187 5591 secundum
1234 5533 1652 5593 subsistentiam
1700 5532 2130 5598 immutabilem,

2241 5534 2485 5605 μεγάλης
2532 5535 2627 5588 καὶ
2681 5534 2867 5605 κοινῆς
2925 5533 3292 5596 ἀναστάσεως,
3358 5530 3428 5590 είς
3483 5512 3700 5576 ἀθανασίαν
