3938 6192
248 144 388 229 tata

1494 161 2014 225 AMBIGUORUM
2054 163 2304 222 LIBER.

3370 168 3512 238 i350

235 270 514 343 γεννώσης
543 269 635 323 τὸν
674 267 960 339 ἄνθρωπον
1012 270 1133 323 καθ’
1167 267 1399 340 ὓπαρξιν
1430 270 1810 335 ἀναλλοίωτον,

1925 286 2030 341 qua
2079 287 2270 326 rerum
2316 271 2620 326 visibilium
2674 280 2872 327 natura
2927 272 3307 333 exsistantiam
3360 289 3512 354 cepit

230 372 296 425 δι’
324 369 384 423 ὃν
408 365 517 421 τῶν
548 365 889 436 φαινομένων
920 367 953 434 ἡ
986 364 1144 433 φύσις
1172 364 1234 417 τὸ
1261 360 1401 417 εἶναι
1428 363 1572 417 κατὰ
1592 364 1810 432 γένεσιν

230 460 442 532 εἴληφε,
484 458 578 511 καὶ
613 457 735 524 μεθ’
767 448 828 509 οὗ
858 455 1085 526 λήψεται
1122 454 1309 525 χάριτι
1355 454 1416 507 τὸ
1457 455 1575 508 κατ’
1620 455 1810 509 οὐσίαν

233 553 313 623 μὴ
340 549 681 623 φθείρεσθαι.
742 548 880 602 Ἀλλ’
918 550 969 601 εί
1009 547 1156 601 δοκεῖ
1198 548 1310 600 τῶν
1338 546 1645 618 εἰρημένων
1691 547 1813 600 κατ’

229 642 500 714 ἐπιτομὴν
527 640 958 711 ἐπιμνησθέντες
992 638 1093 709 τὴν
1123 638 1377 709 δύναμιν,
1423 628 1845 706 κεφαλαιώσω-’

231 752 354 807 μεν.
399 733 639 805 Ἐχομεν
662 732 761 803 τὴν
805 733 870 786 ἐκ
901 731 1172 801 σωμάτων
1218 731 1475 800 γέννησιν
1506 729 1601 782 τοῦ
1633 729 1817 799 Σωτῆ-

231 843 325 897 ρος
367 825 528 896 ἠμῶν
576 823 699 876 κατ’
737 822 984 893 ἐπίνοιαν
1013 822 1383 893 διαιρεθεῖσαν
1417 822 1498 885 είς
1548 820 1640 875 τὸν
1677 836 1815 891 προ-

226 917 533 987 ηγούμενον
568 914 666 984 τῆς
709 913 927 983 φύσεως
954 913 1111 982 λόγον
1146 913 1238 968 καὶ
1265 915 1344 976 εἰς
1373 912 1467 967 τὸν
1512 911 1607 966 νῦν
1653 907 1811 974 αὖθις

229 1006 698 1079 ὑπάρχονταηκαίγ
728 1006 896 1077 ἡμᾶς,
942 1006 1024 1069 είς
1057 1004 1116 1058 ὂν
1145 1004 1487 1078 ἐτελεύτησε,
1529 1004 1621 1058 καὶ
1652 1002 1816 1056 πάλιν

228 1102 310 1164 είς
335 1097 607 1153 τὸν-κατά
655 1096 824 1168 φύσιν
875 1097 976 1169 τῆς
1004 1097 1271 1164 γενέσεως
1298 1096 1457 1164 λόγον
1490 1096 1583 1152 καὶ
1616 1097 1698 1159 είς
1725 1094 1818 1147 τὸν

228 1192 331 1261 τῆς
359 1191 669 1261 γεννήσεως
700 1190 924 1261 τρόπον,
957 1189 1183 1258 προσέτι
1213 1204 1277 1256 γε
1309 1187 1414 1259 μὴν
1440 1186 1536 1241 καὶ
1565 1187 1647 1250 είς
1692 1185 1818 1249 τοὺς

229 1282 524 1353 διαφόρους
580 1281 820 1352 τρόπους
873 1280 977 1349 τῆς
1026 1281 1147 1333 κατ’
1198 1279 1386 1332 οὐσίαν
1418 1281 1685 1348 γενέσεως
1716 1277 1818 1345 τῆς

230 1374 413 1445 ψυχῆς
432 1370 646 1426 καὶτοῦ
678 1370 932 1443 σώματος
954 1376 1049 1426 καὶ
1081 1371 1534 1444 προσεπιτούτοις
1558 1368 1744 1440 (239
1763 1367 1816 1436 ὸ)

232 1469 314 1531 εἰς
339 1466 436 1537 τὴν
480 1466 606 1520 ἄνευ
634 1465 842 1534 σπορᾶς
874 1463 1136 1535 σύλληψιν
1176 1465 1276 1516 καὶ
1318 1462 1417 1533 τὴν
1450 1462 1581 1516 ἄνευ
1612 1459 1820 1530 φθορᾶς

234 1557 508 1627 γέννησιν.
556 1554 671 1624 Ἐφ’
715 1556 844 1625 ὑμῖν
886 1550 981 1609 οὖν
1028 1555 1176 1606 ἐστιν
1205 1553 1281 1616 ὡς
1325 1554 1543 1624 κριταῖς
1584 1550 1819 1612 δικαίοις

232 1649 341 1709 τῶν
391 1648 731 1718 λελεγμένων
768 1646 1033 1701 ἐπιϐολῶν
1069 1648 1323 1716 ἐγκρίναι
1374 1644 1472 1715 τὴν
1510 1642 1818 1714 κρείττονα.
1856 1630 1899 1683 Β

241 1824 352 1879 Τοῦ
402 1821 587 1878 αὑτοῦ
609 1823 678 1875 ἐκ
731 1820 835 1874 τοῦ
884 1819 1073 1874 αὐτοῦ
1127 1821 1336 1889 λόγου,
1388 1821 1475 1883 εἰς
1529 1817 1619 1879 τὸ,
1685 1835 1703 1867 ι
1734 1817 1815 1903 κΤί

298 1915 582 1984 φάρμακα
627 1909 946 1977 ἐπιζητεῖς,
1001 1908 1075 1962 τὰ
1123 1909 1320 1979 μηδὲν
1366 1907 1709 1977 ὀνήσονταξ
1762 1907 1821 1961 τι

306 2006 574 2077 κριτικὸν
625 2002 857 2071 ἱδρῶτα,
911 2002 1058 2069 ἴσως
1125 2000 1503 2072 παρεστῶτος
1560 1999 1667 2054 τοῦ
1721 1997 1821 2065 ἐξ·

305 2098 512 2159 οδίου;
558 2094 667 2164 (59)
696 2114 714 2146 ι

306 2188 495 2251 Τοῦτο,
543 2183 727 2246 καθὼς
775 2184 1014 2253 ἔφασκεν
1056 2186 1085 2239 ὁ
1128 2183 1396 2255 μακάριος
1445 2182 1645 2253 γέρων,
1687 2181 1822 2253 πρὸς

233 2278 360 2342 τοὺς
392 2274 863 2351 ὑπερτιθεμένους
879 2275 941 2327 τὸ
967 2274 1274 2346 βάπτισμα,
1303 2275 1364 2328 τὸ
1392 2276 1553 2345 me»
1577 2275 1822 2327 τέθεικεν

190 2366 263 2424 ’ὁ
314 2367 655 2432 διδάσκαλος,
722 2365 898 2421 ἐλπίδι
955 2364 1050 2419 τοῦ
1106 2365 1368 2437 ζήσεσθαι
1417 2366 1480 2419 τὸ
1540 2365 1823 2436 βάπτισμα

235 2460 549 2539 φιληδονίας
591 2459 777 2512 ἕνεκεν
827 2458 1312 2529 ὑπερτιθεμένους,
1359 2458 1453 2512 καί
1495 2476 1650 2528 φησι,
1707 2476 1725 2509 ι
1757 2456 1823 2510 Τί

233 2553 368 2623 παρ’
406 2549 569 2605 ἄλλου
591 2549 685 2620 δέῃ
718 2548 912 2619 μαθεῖν
933 2549 1033 2619 τὴν
1052 2547 1253 2614 ἔξοδον,
1276 2548 1372 2601 τοῦ
1403 2548 1521 2619 βίον
1550 2547 1820 2618 δηλονότι,

231 2643 347 2697 ἀλλ’
386 2645 487 2713 οὐχ
525 2642 600 2706 ὡς
641 2640 744 2712 ήδη
793 2639 1080 2713 παρούσης
1122 2640 1408 2712 διανοήσεις
1454 2640 1520 2693 Τί
1555 2641 1823 2710 φάρμακα

232 2734 539 2806 ἐπιζητεῖς,
575 2735 646 2786 τὰ
680 2732 850 2803 μηδὲν
879 2732 1182 2799 ὀνήσοντα;
1219 2732 1278 2789 τί
1315 2734 1563 2803 κριτικὸν
1601 2731 1821 2804 ἱδρῶτα,

238 2827 366 2888 ἴσως
416 2822 773 2894 παρεστῶτος
812 2822 906 2876 τοῦ
950 2821 1194 2891 ἐξοδίου;
1241 2841 1261 2875 ι
1309 2824 1532 2894 Ἐπειδὴ
1562 2823 1670 2893 γάρ
1697 2821 1823 2876 τέσ-

236 2934 411 2986 σαρας
438 2914 655 2988 ἡμέρας
685 2913 979 2985 κρισίμους
1028 2908 1171 2968 εἷναί
1213 2931 1377 2984 φασιν
1408 2914 1609 2985 ἰατρῶν
1634 2913 1822 2976 παῖδες

236 3010 297 3062 ἐν
325 3011 441 3071 τοῖς
462 3005 821 3077 πυρεκτιῶσι,
878 3005 977 3077 τὴν
1006 3007 1069 3073 δ’,
1116 3007 1210 3061 καὶ
1248 3005 1348 3080 τὴν
1391 3006 1457 3072 ζ’,
1499 3008 1593 3060 καὶ
1614 3006 1713 3077 τὴν
1752 3006 1819 3069 θ’,

240 3102 334 3155 καὶ
359 3101 460 3171 τὴν
511 3107 598 3164 ια’,
630 3098 795 3170 τυχὸν
842 3099 897 3152 δέ
933 3101 1030 3155 καὶ
1073 3098 1171 3170 τὴν
1219 3098 1289 3167 ιγ’
1317 3099 1397 3170 (ἐν
1442 3096 1667 3161 ταύταις
1708 3097 1817 3167 γὰρ

239 3194 307 3248 ἂν
345 3193 577 3265 εὕρωσιν
603 3194 661 3247 ὲν
691 3192 769 3263 τῷ
799 3191 1063 3257 νοσοῦντι,
1099 3190 1281 3254 καθώς
1318 3208 1471 3261 φασι,
1501 3189 1814 3261 νενοτισμέ-

236 3302 327 3339 νον
374 3285 432 3352 ἐξ
478 3284 700 3356 ἱδρῶτος
751 3282 812 3337 τὸ
861 3283 1023 3353 σῶμα
1066 3281 1430 3351 τεκμηριοῦσι
1484 3279 1671 3353 ζήσειν
1723 3280 1815 3334 τὸν

236 3377 534 3446 κείμενον),
577 3376 669 3428 't'va'
697 3369 790 3427 οὖν
823 3375 901 3444 μὴ
954 3372 1147 3426 τοῦτον
1176 3372 1531 3443 ἐκδεχόμενος
1574 3373 1604 3424 ὁ
1642 3371 1815 3424 νοσῶν

234 3467 324 3520 τὸν
364 3465 564 3537 ἱδρῶτα
606 3463 957 3525 κακοδούλως
999 3461 1349 3531 ὑπερτίθεται
1398 3461 1459 3514 τὸ
1511 3460 1813 3531 βάπτισμα,

239 3555 486 3626 περίοδον
549 3552 793 3620 οἰόμενος
855 3550 999 3621 ἔχειν
1050 3549 1212 3612 ἐτῶν,
1267 3548 1622 3619 συμϐουλεύει
1671 3550 1814 3602 πάνυ

238 3645 416 3714 σοφῶς
470 3647 498 3697 ὁ
552 3642 866 3705 διδάσκαλος
911 3641 987 3711 τῷ
1044 3640 1330 3710 κάμνοντι,
1386 3637 1463 3711 μὴ
1511 3639 1685 3707 τούτῳ
1736 3639 1815 3710 τῷ

239 3739 422 3807 ἱδρῶτι
452 3736 673 3805 θαρρεῖν
710 3737 802 3786 καὶ
842 3732 1020 3803 μάτην
1041 3730 1367 3801 ἐρείδεσθαι,
1399 3728 1627 3784 δυνατοῦ
1666 3730 1816 3793 ὄντος

237 3830 357 3883 ἀντὶ
415 3827 607 3879 τούτου
664 3825 757 3878 τὸν
818 3824 1022 3888 ἐξόδιον
1089 3823 1289 3894 ἱδρῶτα
1345 3821 1664 3893 συμϐῆναι,
1722 3821 1816 3875 τὸν

240 3917 447 3987 βοῶντα
480 3918 582 3987 τῆς
621 3913 903 3985 παρούσης
950 3911 1096 3982 ζωῆς
1135 3911 1197 3964 τὺ
1246 3910 1420 3975 τέλος,
1474 3910 1562 3964 ἵνα
1605 3911 1702 3983 μὴ,
1737 3910 1816 3975 ὡς

236 4003 410 4068 εἷπον,
443 4005 530 4058 διὰ
578 4003 768 4057 τοῦτον
822 3999 1181 4072 ἀπατώμενος
1220 4002 1248 4054 ό
1277 4001 1448 4055 νοσῶν
1488 4000 1582 4055 τὸν
1616 4000 1816 4072 ἱδρῶτα

235 4101 334 4168 τῆς
367 4097 463 4167 μὲν
496 4094 764 4166 προδήλου
798 4093 892 4147 καὶ
922 4091 1070 4155 θείας
1107 4089 1256 4162 ζωῆς
1282 4091 1377 4145 καὶ
1398 4090 1486 4144 ἀεὶ
1531 4089 1817 4161 διαμενού-

239 4204 339 4258 σης
389 4184 841 4256 ἀλλοτριούμενος
886 4181 1046 4253 λάθῃ,
1094 4181 1195 4251 τὴν
1241 4180 1301 4234 δέ
1347 4180 1696 4252 ἀνθρωπίνην
1720 4180 1817 4235 καὶ

236 4281 501 4351 ἐπίκηρον
541 4278 632 4330 καὶ
677 4276 897 4338 πάντως
944 4272 1328 4345 λυθησομένην
1381 4271 1577 4345 εὖρεθῇ
1654 4289 1814 4343 περι-

236 4368 405 4433 έπων,
438 4368 748 4437 ἁκράτητον
793 4364 936 4418 κατὰ
965 4363 1128 4433 φύσιν
1177 4362 1528 4433 ὑπάρχουσαν
1578 4362 1673 4416 καὶ
1725 4363 1814 4416 ἀεὶ

1921 361 2279 431 originalem,
2324 372 2380 418 et
2428 378 2553 417 cum
2603 379 2712 433 qua
2764 379 2864 433 per
2904 368 3136 435 gratiam
3194 369 3508 440 impctrabi‘

1922 453 2057 507 illud
2099 464 2159 509 ut
2203 455 2574 511 cssentialiter
2615 472 2726 510 non
2772 457 3032 513 intereat.
3069 459 3174 515 Sed
3218 462 3263 515 si
3306 462 3506 532 placet.

1917 558 2112 599 eorum
2143 561 2266 616 quas
2301 546 2711 617 disputavimus
2745 550 2899 604 brevi
2932 536 3074 606 facta
3110 568 3510 610 commemora—

1918 638 2069 692 tione
2094 637 2275 706 capita
2302 639 2635 694 recolamus.
2653 639 2934 695 Habemus
2960 644 3305 711 corporalem
3330 644 3507 699 nostri

1906 718 2226 784 Salvatoris
2286 731 2703 800 generationem
2763 734 3102 803 cogitatione
3162 735 3393 791 divisam
3450 736 3507 790 in

1918 816 2284 886 principalem
2322 828 2534 875 naturae
2566 821 2840 876 rationem
2875 832 2932 878 et
2964 824 3021 879 in
3051 818 3173 880 eam
3207 840 3330 895 qua:
3361 841 3510 880 nunc

1924 923 2119 963 rursus
2140 900 2317 978 penes
2345 926 2447 966 nos
2477 913 2722 978 exsistit,
2750 914 2805 967 in
2836 930 3000 984 quam
3029 924 3115 971 est
3144 925 3428 983 mortuus,
3451 926 3510 972 et

1921 1015 2118 1055 rursus
2141 999 2378 1055 divisam
2407 1002 2461 1056 in
2490 1006 2799 1059 naturalem
2828 1008 3207 1075 generationis
3235 1007 3507 1063 rationem

1920 1100 1978 1146 et
2002 1091 2058 1145 in
2086 1092 2462 1161 generationis
2490 1094 2739 1159 modum,
2766 1106 3031 1165 praeterea
3055 1098 3221 1154 etiam
3248 1099 3304 1153 in
3328 1098 3510 1155 diver-

1919 1199 2010 1239 sos
2038 1183 2230 1238 modos
2261 1185 2574 1241 essentialis
2603 1188 2835 1259 originis
2868 1189 3074 1243 mentis
3107 1198 3274 1260 atque
3305 1205 3507 1260 corpo-

1921 1274 2029 1340 ris,
2064 1284 2120 1330 et
2158 1276 2216 1330 in
2264 1278 2684 1353 conceptionem
2731 1279 2975 1350 denique
3015 1281 3136 1334 sine
3185 1281 3400 1345 satione
3449 1288 3509 1336 et

1919 1367 2333 1438 generationem
2362 1368 2481 1424 sine
2512 1370 2765 1425 interitu.
2792 1371 2967 1426 Penes
2993 1387 3092 1427 vos
3119 1380 3203 1427 est
3230 1372 3420 1442 igitur,
3444 1380 3508 1428 ut

1920 1472 2093 1527 penes
2122 1474 2312 1529 aequos
2342 1459 2591 1529 judices,
2623 1463 2995 1557 expgsitarum
3029 1464 3353 1534 opinionum
3384 1479 3510 1537 qum

1922 1550 2122 1604 melior
2148 1551 2220 1605 sit
2246 1561 2431 1607 vestra
2459 1568 2690 1608 censura
2718 1550 2975 1624 probare.

1919 1819 2173 1894 Ejusdem
2204 1841 2267 1879 ea:
2298 1826 2477 1880 eodem
2508 1842 2767 1891 sermone,
2795 1825 2849 1880 in
2883 1826 3018 1881 illud
3052 1844 3071 1881 :
3111 1846 3130 1879 ι
3165 1825 3303 1894 Quid
3336 1828 3503 1883 medi-

1991 1926 2233 1972 camenta
2280 1919 2501 1988 quieris,
2538 1917 2673 1972 nihil
2719 1918 3041 1989 profutura?
3087 1919 3213 1990 quid
3261 1919 3504 1974 criticum

1989 2007 2256 2073 sudorem,
2282 2025 2401 2062 cum
2430 2008 2651 2078 fortasse
2678 2008 2855 2063 letalis
2879 2010 3060 2064 adsit?
3097 2030 3115 2061 ι

1992 2179 2135 2245 Hoc,
2177 2159 2421 2235 ut‘dixit
2465 2182 2663 2237 beatus
2712 2182 2807 2237 ille
2851 2198 3051 2250 senex,
3090 2182 3360 2240 adversus
3404 2199 3505 2242 eos

1921 2272 2108 2342 posuit
2143 2272 2353 2326 dictum
2389 2273 2648 2342 magister
2684 2274 2779 2343 qui
2815 2274 3150 2344 baptismum
3188 2275 3503 2342 differrent,

1921 2372 1977 2419 et
2002 2380 2097 2433 spe
2122 2365 2247 2418 vita:
2274 2365 2572 2434 voluptatis
2605 2366 2897 2421 lenociniis
2927 2383 2986 2423 se
3019 2368 3286 2445 dedentes
3316 2368 3503 2437 bapti-

1922 2468 2098 2509 smum
2130 2455 2440 2517 dilferrcnl,
2466 2465 2521 2510 et
2550 2473 2564 2510 :
2599 2476 2616 2507 ι
2647 2456 2789 2523 Quid
2817 2474 2957 2529 opus
2985 2467 3091 2523 est,
3116 2458 3319 2529 inquit,
3342 2466 3402 2515 ut
3430 2463 3497 2516 de

1921 2548 2072 2603 exitu
2111 2556 2204 2600 tuo
2243 2547 2311 2600 ab
2350 2548 2459 2601 alio
2501 2548 2707 2602 certior
2746 2538 2873 2615 fias,
2913 2570 2933 2601 ι
2974 2550 3029 2604 id
3063 2559 3147 2606 est
3181 2550 3251 2605 de
3294 2569 3313 2602 ι
3349 2550 3502 2608 exitu

1921 2639 2081 2703 vitae,
2114 2654 2177 2693 ac
2209 2654 2316 2693 non
2353 2640 2470 2708 ipse
2504 2640 2689 2710 potius
2720 2640 2788 2696 de
2821 2655 2888 2696 eo
2919 2649 3174 2711 tanquam
3208 2643 3323 2714 jam
3359 2656 3504 2713 prae--

1923 2737 2078 2784 sente
2103 2728 2344 2798 cogitas?
2367 2728 2510 2794 Quid
2537 2729 2941 2785 medicamenta
2964 2729 3186 2800 quaeris,
3210 2730 3352 2786 nihil
3377 2746 3504 2802 pro-

1921 2815 2141 2870 futura?
2173 2814 2315 2881 Quid
2350 2808 2604 2871 criticum
2639 2816 2918 2882 sudorem,
2944 2833 3069 2873 cum
3104 2818 3338 2874 fortasse
3369 2818 3505 2874 leta-

1921 2907 1991 2963 lis
2020 2908 2195 2964 adsit?
2230 2928 2247 2960 ι
2283 2908 2421 2965 Cum
2446 2910 2595 2964 enim
2626 2919 2863 2981 quatuor
2887 2910 3008 2966 dies
3032 2911 3378 2967 medicorum
3402 2910 3503 2967 filii

1924 3000 1981 3055 in
2016 3000 2464 3058 febricitantibus
2491 3004 2712 3059 criticos
2744 3019 2866 3060 esse
2901 3004 3120 3070 dicant,
3155 3014 3411 3075 quartam
3446 3013 3504 3061 et

1921 3093 2212 3163 septimam
2248 3102 2304 3149 et
2334 3108 2536 3150 nonam
2573 3104 2629 3150 et
2662 3096 3044 3162 undecimam,
3080 3096 3315 3152 fortasse
3353 3095 3503 3152 deci-

1921 3197 2068 3236 mam
2110 3182 2331 3238 tertiam
2373 3200 2594 3255 quoque
2640 3185 2721 3256 (in
2765 3185 2853 3242 his
2888 3187 3037 3242 enim
3080 3187 3150 3253 si,
3189 3197 3251 3242 ut
3285 3186 3501 3250 dicunt,

1920 3288 2121 3344 corpus
2146 3274 2348 3331 sudore
2372 3275 2739 3332 madefactum
2768 3279 3074 3348 reperiunt,
3099 3279 3502 3336 convaliturum

1922 3380 2042 3421 esse
2082 3375 2344 3437 aegrotum
2386 3369 2762 3440 conjectant),
2794 3385 2865 3424 ne
2909 3372 3077 3442 igitur
3118 3372 3267 3428 hunc
3303 3387 3501 3443 exspe-

1922 3461 2077 3506 ctans
2109 3453 2368 3509 sudorem
2404 3455 2657 3511 infirmus
2696 3459 2840 3512 malo
2876 3461 3109 3514 consilio
3149 3477 3281 3517 usus
3318 3462 3500 3532 bapti-

1922 3556 2039 3595 sma
2082 3542 2331 3608 differat,
2364 3560 2635 3598 annorum
2678 3546 2936 3614 opinatus
2981 3548 3185 3603 habere
3222 3564 3500 3605 commea-

1924 3640 2070 3697 tum,
2103 3634 2383 3703 sapienter
2409 3635 2605 3689 doctor
2631 3638 2917 3707 aegrotanti
2951 3641 3243 3693 consilium
3274 3640 3388 3704 dat,
3426 3656 3500 3695 ne

1922 3723 2055 3779 huic
2087 3724 2275 3780 sudori
2308 3725 2549 3780 conﬁdat
2581 3737 2637 3783 et
2666 3727 2870 3783 frustra
2904 3729 3192 3798 innitatur,
3220 3746 3347 3787 cum
3379 3731 3499 3787 ﬁeri

1921 3818 2097 3887 possit
2144 3826 2205 3871 ut
2233 3818 2427 3872 mortis
2453 3817 2624 3872 sudor
2646 3820 2766 3889 ejus
2793 3819 2915 3875 loco
2942 3822 3182 3885 eveniat,
3210 3822 3500 3893 praesentis

1920 3910 2045 3965 vitae
2071 3908 2235 3963 linem
2265 3909 2700 3980 praedicaturus;
2731 3927 2822 3976 ne,
2847 3921 2910 3967 ut
2934 3912 3207 3978 dicebam,
3233 3913 3406 3969 falsus
3430 3927 3499 3968 eo

1919 4012 2190 4072 mgrotans
2232 4001 2435 4057 sudore
2477 4018 2508 4056 a
2549 4012 2701 4058 certa
2743 4012 2799 4059 et
2836 4004 3030 4059 divina
3070 4014 3126 4059 et
3161 4004 3496 4074 sempiterna

1918 4094 2033 4149 vita
2081 4093 2466 4163 imprudenter
2510 4096 2853 4152 abalienatus
2900 4096 3196 4151 humanam
3244 4111 3309 4152 ac
3357 4096 3496 4151 sorti

1921 4183 2212 4240 obnoxiam
2236 4193 2292 4239 et
2312 4200 2541 4254 prorsus
2557 4187 2908 4241 interituram
2943 4202 3140 4241 curans
3161 4186 3495 4250 inveniatur,

1921 4275 2281 4346 impotentem
2316 4276 2645 4331 naturaliter
2673 4292 2737 4332 ac
2754 4291 2971 4346 semper
2996 4292 3097 4346 per
3124 4276 3409 4331 interitum
3438 4286 3497 4331 et
3544 4342 3555 4352 .

1921 4369 2360 4426 immutationem
2385 4369 2669 4437 ﬂuentem,
2691 4380 2748 4426 et
2770 4370 3005 4425 celerius
3028 4368 3218 4426 eorum
3249 4373 3345 4441 qui
3373 4386 3493 4426 eam

237 4457 323 4510 διά
352 4423 557 4526 φθοράς
590 4423 682 4509 καὶ
715 4423 1058 4517 ἀλλοιώσεως
1085 4423 1463 4525 ῥέουσανῗκαὶ
1496 4450 1816 4519 θᾶττονίτὰς

1925 4470 2109 4515 tenere
2137 4461 2244 4515 sibi
2269 4460 2531 4516 videntur
2554 4476 2752 4517 manus
2780 4461 3136 4533 eﬂ‘ugientem
3166 4477 3331 4532 quam
3355 4475 3495 4517 vana

216 4549 343 4602 πτῶν
377 4548 519 4619 ἔχειν
571 4548 900 4618 νομιζόντων
929 4548 1118 4616 χεῖρας
1166 4543 1351 4616 (240
1400 4543 1455 4616 α)
1492 4543 1818 4614 διαφεύγου-

188 4640 197 4647 “
236 4658 335 4695 σαν
368 4642 401 4713 ἢ
424 4642 557 4712 ὄναρ
583 4640 958 4694 ἀνυπόστατον
979 4637 1269 4708 βλέποντα.

246 4826 342 4880 'Ee
372 4822 477 4878 τοῦ
499 4821 685 4877 αὐτοῦ
713 4821 922 4890 λόγου,
953 4823 1041 4886 εις
1067 4819 1156 4881 τὸ,
1191 4839 1210 4871 ι
1254 4822 1336 4875 Οὐ
1367 4819 1476 4890 γὰρ
1515 4810 1815 4888 πολλάκις

304 4915 559 4984 Χριστὸς
610 4912 776 4982 φιλεῖ
806 4913 1232 4982 κλεπτόμενος,
1265 4913 1364 4967 καί
1408 4914 1462 4966 εί
1503 4913 1648 4966 λίαν
1680 4912 1813 4967 ἐστὶ

303 5006 757 5076 φιλάνθρωπος-
779 5002 887 5075 (40)
919 5022 940 5055 ι

303 5100 369 5152 Τί
420 5100 643 5169 δήποτε,
679 5097 844 5165 φασὶν
893 5094 1128 5150 ἐνταῦθα
1174 5096 1268 5150 τοῦ
1323 5095 1485 5164 λόγου
1531 5095 1812 5166 γενόμενοί

228 5209 397 5256 τινες,
430 5189 626 5244 είλίαν
658 5170 793 5255 ἐστὶ
840 5188 1229 5259 φιλάνθρωπος
1267 5192 1296 5243 ὁ
1327 5189 1478 5252 Θεὸς,
1533 5189 1629 5242 καὶ
1664 5188 1815 5259 πηγὴ

232 5280 647 5353 φιλανθρωπίας
689 5279 1064 5345 ἀνέκλειπτος,
1111 5279 1254 5333 ὥστε
1304 5279 1431 5350 μηδ’
1477 5276 1657 5332 ὁτιοῦν
1710 5278 1817 5331 ὑπὸ

230 5374 339 5428 τῶν
370 5372 690 5445 ἀρυομένων
725 5370 1106 5436 ἐλαττοῦσθαιτ
1134 5372 1208 5443 μὴ
1241 5371 1388 5441 φιλεῖ
1410 5370 1811 5442 κλεπτόμενθς;

231 5460 389 5517 Οὕτω
413 5464 523 5533 γὰρ
564 5461 631 5515 ἂν
666 5461 867 5532 μᾶλλον
913 5461 977 5514 τὸ
1012 5461 1398 5535 φιλάνθρωπον
1443 5461 1810 5526 ἐπεδείκνυτο,

304 5584 417 5656 (59)
444 5583 605 5654 Greg.
630 5583 761 5656 Nae.
789 5582 882 5639 0r.
906 5584 1543 5656 insangtumBaptismn.
1570 5600 1690 5656 cap.
1721 5584 1810 5650 12,

232 5675 289 5730 p.
316 5653 447 5723 ⁷699,
483 5653 616 5710 tom.
653 5653 694 5707 l.
725 5654 888 5725 0pp.,
919 5654 1053 5711 edit.
1100 5654 1317 5721 Bened.

1919 4554 2288 4609 somniautem
2318 4553 2500 4608 noctis
2527 4553 2724 4626 imago.

1919 4821 2004 4876 Ea:
2033 4821 2211 4876 eodem
2238 4837 2478 4876 sermone
2521 4824 2576 4875 in
2609 4820 2743 4875 illud
2766 4838 2785 4875 :
2815 4840 2834 4873 ι
2872 4820 2990 4876 Νοη
3016 4823 3155 4875 enim
3180 4835 3317 4891 sepe
3342 4817 3494 4875 Chri-

1987 4920 2101 4967 stus
2132 4912 2229 4966 sibi
2262 4911 2464 4984 aliquid
2496 4912 2696 4982 subripi
2731 4920 2906 4978 amat,
2936 4913 3145 4966 tametsi
3177 4912 3311 4965 mire
3342 4911 3490 4964 beni-

1987 5020 2119 5074 gnus
2148 5011 2196 5057 et
2227 5002 2413 5074 facilis.
2451 5021 2469 5054 ι

1987 5093 2128 5160 Quid
2159 5092 2403 5160 tandem,
2428 5092 2584 5148 aiunt
2604 5093 2851 5164 quidam,
2877 5108 3001 5147 cum
3029 5094 3083 5147 in
3111 5093 3259 5147 hunc
3287 5091 3492 5146 oratio-

1913 5186 1999 5241 nis
2025 5186 2207 5241 locum
2232 5193 2626 5255 pervenerunt,
2655 5186 2701 5242 si
2725 5186 2884 5257 valde
2909 5185 3184 5255 benignus
3209 5194 3296 5239 est
3321 5185 3487 5246 Deus,

1911 5285 1968 5333 et
2003 5277 2359 5355 benignitatis
2390 5275 2512 5332 fons
2546 5277 2838 5355 perennis,
2869 5277 3008 5332 adeo
3041 5285 3101 5331 ut
3135 5276 3287 5330 nullo
3324 5275 3489 5329 modo

1911 5368 2086 5440 possit
2109 5368 2419 5434 exhauriri,
2448 5367 2554 5423 sibi
2584 5368 2792 5439 aliquid
2821 5368 3035 5438 subripi
3065 5385 3173 5422 non
3203 5368 3384 5422 amat?
3412 5368 3489 5422 lta

1909 5461 2061 5517 enim
2087 5460 2261 5531 magis
2286 5460 2531 5518 eluceret
2554 5461 2888 5533 benignitas,
2921 5475 3034 5515 non
3062 5461 3330 5515 exhausta
3362 5459 3491 5515 inde

1913 5581 2102 5706 ima?!)
2144 5580 2292 5636 Idem
2315 5581 2465 5647 ibid.,
2489 5596 2609 5652 cap.
2647 5581 2735 5645 55,
2771 5597 2827 5651 p.
2863 5582 2988 5645 717,
3014 5589 3145 5635 tom.
3171 5579 3193 5635 Ι
3222 5578 3363 5649 ,Opp.
3395 5577 3489 5634 ed.

1988 5667 2055 5706 ne
2103 5693 2114 5704 .

1988 5667 2114 5707 neu.
