3938 6192
528 171 662 241 ὶθὸὶ

1683 163 1744 223 S.
1779 161 2074 221 MAXIMI
2114 159 2624 221 CONFESSORIS

3591 162 3682 232 1352

523 282 675 352 quod
707 281 1023 337 volentibus
1064 274 1411 346 subripiendi
1450 272 1660 343 aliquid
1693 272 1855 327 daret
1888 273 2102 332 locum,

2215 272 2286 342 μὴ
2313 272 2706 341 ἐλαττούμενον
2734 268 2824 323 διὰ
2852 269 2947 322 τοῦ
2970 269 3166 324 διδόναι
3187 270 3359 341 χώραν
3383 273 3483 336 τοῖς
3506 274 3682 333 ἔθέλονσι

522 378 828 447 prazsertim
873 390 996 430 cum
1034 373 1272 428 salutare
1310 376 1456 423 esset
1490 366 1732 429 furtum,
1763 375 1820 419 et
1856 365 2105 433 quoties-

524 483 743 538 ounque
778 467 1101 521 voluissent.
1129 460 1370 528 Quibus,
1397 461 1513 514 Deo
1547 472 1856 513 sermonem
1892 456 2106 527 gratifi-

522 568 705 622 cante,
759 556 1157 627 respondemus
1179 553 1325 623 quod
1354 553 1459 606 hoc
1487 551 1667 621 ipsum
1691 556 1776 603 est
1797 548 2108 618 benignita-

525 652 596 706 tis
624 651 870 719 plenum,
897 648 982 703 vel
1007 646 1191 716 potius
1222 645 1340 714 ipsa
1366 642 1697 712 benignitas,
1725 649 1782 694 et
1804 639 1984 708 quoad
2011 654 2108 693 eos

522 740 619 808 qui
652 738 863 807 aliquid
896 736 1185 805 subripere
1214 734 1410 787 volunt
1443 731 1703 786 salutaris
1748 729 2108 799 providentiae

523 827 1027 882 luculentissimum
1055 832 1442 895 argumentum
1460 863 1475 887 ,
1505 837 1613 875 non
1646 819 1832 874 sinere
1859 819 2108 874 volentes

523 919 726 988 saepius
777 926 839 971 ut
883 918 934 972 ei
987 916 1196 985 aliquid
1250 913 1590 983 subripiam,
1632 926 1703 965 ne
1746 910 1921 974 forte,
1961 909 2107 964 facili

524 1011 720 1065 salutis
749 1010 1105 1072 alienatione,
1135 1008 1393 1062 facillima
1425 1006 1519 1059 fiat
1545 1013 1952 1075 consequenter
1974 1002 2107 1058 doni

522 1102 787 1173 abjectio,
830 1102 980 1170 quod
1019 1101 1283 1155 videlicet
1324 1099 1476 1155 nullo
1526 1098 1749 1168 negotio
1788 1095 2108 1166 recuperari

524 1204 721 1264 queat,
768 1210 907 1248 neve
954 1193 1098 1246 ﬁrmi
1153 1208 1219 1247 ac
1270 1185 1486 1246 stabilis
1538 1191 1593 1244 in
1647 1189 1881 1259 pulchro
1931 1196 2108 1243 status

523 1286 703 1356 ignari
739 1284 1044 1341 efﬁciantur
1067 1284 1163 1353 qui
1192 1284 1398 1338 donum
1426 1280 1763 1351 acceperint,
1790 1280 1920 1333 dum
1951 1280 2108 1334 facile

528 1375 583 1428 in
618 1376 921 1444 nequitiam
957 1375 1214 1428 labantur
1242 1388 1436 1427 eorum
1471 1371 1637 1425 animi
1674 1379 1901 1440 propter
1935 1369 2110 1424 facili-

526 1474 695 1521 tatem
720 1464 1092 1537 possessionis
1116 1450 1337 1549 pulellri
1352 1464 1429 1519 de
1453 1464 1664 1518 vilitate
1688 1470 2035 1531 contemptae.
2112 1486 2121 1496 ι

1734 1630 1749 1659 1

2211 362 2489 425 κλέπτειν,
2521 363 2620 414 καὶ
2657 361 2893 431 μάλιστα
2922 361 3123 430 κλοπὴν
3152 362 3425 433 σωτήριον,
3450 365 3531 419 καὶ
3553 370 3686 436 ὁσάκις

2210 452 2277 505 ἂν
2308 451 2532 505 θέλοιεν.
2566 450 2711 522 Πρὸς
2735 450 2828 514 οὓς
2849 451 2984 503 Θεοῦ
3019 452 3174 520 λόγον
3194 453 3519 525 χαριζομένου
3542 464 3684 529 φαμὲν,

2174 543 2400 633 ,ὅτιπερ
2447 544 2579 597 αὐτὸ
2607 544 2767 597 τοῦτο
2801 543 3208 613 φιλανθρωπίας
3239 544 3429 615 πλῆρές
3453 548 3566 611 ἐστι,
3594 554 3687 621 μάλ.

2210 636 2300 688 λον
2360 635 2417 689 δὲ
2464 637 2597 688 αὐτὸ
2664 635 3045 706 φιλανθρωπία
3074 635 3158 698 ³⁸,
3206 638 3296 689 καὶ
3356 638 3467 701 τοὺς
3517 643 3616 710 περί
3654 661 3688 695 τι

2211 728 2463 780 κλέπτειν
2485 728 2530 759 ³³
2571 727 2876 790 ἐθέλοντας,
2929 725 3145 796 ἀγαθῆς
3188 728 3497 799 προμηθείας
3531 733 3688 799 ἔνδειξις

2212 816 2549 888 σαφεστάτη,
2588 817 2650 871 τὸ
2693 818 2769 887 μὴ
2813 821 3121 889 συγχωρεῖν
3168 821 3276 880 τοῖς
3310 818 3523 872 ἐθέλουσι
3548 822 3688 876 πολλὰ·

2210 927 2298 973 κις
2339 910 2503 963 αὐτὸν
2527 910 2802 974 κλέπτειν,
2832 910 2910 973 ὼς
2951 910 3017 963 ἀν
3050 910 3124 980 μὴ
3164 910 3435 981 προχείρου
3467 914 3688 983 τυγχάνον-

2209 1021 2301 1067 τος
2328 1002 2424 1057 τοῦ
2482 1004 2849 1075 σφετερισμού
2891 1004 2989 1072 τῆς
3026 1004 3295 1074 σωτηρίας
3341 1006 3492 1076 ῥᾴστη
3528 1006 3690 1076 γένηται

2211 1097 2354 1150 κατά
2399 1098 2461 1150 τὸ
2495 1098 2643 1161 εἰκὸς
2673 1099 2769 1151 καὶ
2808 1100 2841 1168 ή
2888 1098 2982 1150 τοῦ
3039 1096 3365 1167 δωρηθέντος
3406 1097 3617 1167 ἀποεολὴ,
3641 1097 3691 1161 ὡς

2211 1189 2470 1261 εὐμαρῶς
2503 1191 2665 1244 πάλιν
2694 1190 2969 1261 ληφθῆναι
3000 1191 3313 1260 δυναμένου,
3357 1191 3443 1243 καὶ
3476 1190 3561 1259 τῆς
3582 1191 3692 1258 ἐντῷ

2211 1282 2363 1352 καλῷ
2417 1283 2756 1353 ἀμεταθέτου
2800 1284 2894 1338 καὶ
2924 1284 3128 1351 παγίας
3167 1282 3325 1347 ἕξεως
3364 1281 3562 1352 ἀμαθεῖς
3600 1286 3692 1338 ἀπο-

2211 1373 2488 1441 φανθῶσιν
2515 1377 2567 1428 οἱ
2594 1376 2953 1447 τυγχάνοντες
2973 1376 3071 1444 τῆς
3088 1375 3310 1445 δωρεᾶς,
3329 1374 3616 1443 εὐέμπτωτον
3641 1378 3693 1437 εἰς

2211 1466 2413 1517 κακίαν
2442 1469 2543 1536 τήν
2585 1468 2811 1539 γνώμην
2847 1468 3064 1538 ἔχοντες
3111 1468 3199 1521 διὰ
3231 1467 3325 1537 τὴν
3360 1467 3609 1536 εὐμάρειαν
3627 1468 3692 1536 τῆς

2210 1556 2306 1610 τοῦ
2349 1558 2516 1613 καλοῦ
2548 1562 2816 1633 κτήσεως,
2848 1560 2926 1632 τῷ
2965 1559 3152 1631 εὐὼνῳ
3197 1560 3654 1630 καταφρονουμένης.

529 1754 789 1826 Ejusdem
810 1770 1130 1810 exsermonc
1152 1756 1211 1808 in
1259 1754 1487 1817 Pascha,
1542 1753 1599 1805 in
1629 1750 1800 1805 illud:
1838 1769 1858 1801 ‹
1896 1748 2107 1804 Nudum

2218 1753 2327 1807 Τοῦ
2364 1754 2553 1809 αὐτοῦ
2588 1756 2657 1808 ἐκ
2697 1755 2804 1809 τοῦ
2844 1757 2932 1821 εἷς
2970 1755 3039 1808 τὸ
3079 1753 3290 1821 Πάσχα
3315 1754 3502 1821 λόγου,
3541 1754 3607 1818 είς
3634 1753 3690 1813 τὸ,

598 1862 691 1916 per
717 1846 1109 1915 simplicitatem
1136 1854 1184 1897 et
1207 1845 1372 1898 vitam
1409 1842 1636 1911 artiﬁcio
1682 1849 1973 1905 carentem,
2019 1850 2106 1894 at-

596 1952 698 2007 que
743 1938 913 1990 omnis
965 1937 1312 2007 integumenti
1355 1944 1403 1989 et
1451 1935 1767 1989 munimenti
1817 1943 2103 1998 expertem.

600 2026 784 2080 Talem
820 2028 959 2080 enim
982 2043 1090 2081 esse
1108 2026 1446 2081 conveniebat
1476 2042 1594 2080 eum
1640 2026 1731 2094 qui
1760 2025 1995 2094 primum
2020 2042 2104 2078 es-

596 2125 674 2170 set
703 2124 931 2170 creatus.
960 2136 978 2166 ι

598 2207 741 2274 Quid
786 2222 1017 2278 magnus
1073 2206 1179 2261 iste
1210 2206 1403 2261 doctor
1430 2205 1519 2261 his
1562 2206 1751 2261 verbis
1777 2206 1994 2261 occulte
2022 2222 2109 2261 re—

527 2299 678 2353 velet
702 2299 849 2352 solos
884 2299 1009 2352 illos
1037 2313 1200 2352 nosse
1219 2298 1308 2351 aio
1330 2297 1427 2375 qui
1452 2297 1574 2367 pari
1607 2313 1733 2352 cum
1747 2312 1818 2352 eo
1845 2298 2022 2368 gratia
2053 2305 2111 2351 et

528 2390 815 2460 sapientiae
832 2400 888 2444 et
898 2391 1227 2460 cognitionis
1240 2398 1368 2445 sunt
1384 2390 1673 2460 impertiti,
1688 2390 1804 2459 qui,
1817 2399 2110 2459 postquam

533 2481 931 2536 intellectuales
948 2480 1140 2535 oculos
1166 2480 1234 2534 de
1255 2480 1406 2534 omni
1427 2480 1745 2550 passionum
1768 2490 1824 2534 et
1849 2479 2109 2534 materia-

531 2570 601 2624 lis
632 2570 864 2625 aﬂ‘ectus
915 2570 1078 2625 sorde
1104 2578 1502 2641 purgaverunt,
1546 2570 1878 2642 cognitionis
1909 2571 1963 2625 in
1988 2570 2113 2624 uni-

532 2661 713 2715 versis
737 2676 878 2717 vera:
908 2661 1128 2715 radium
1151 2662 1437 2732 percipere
1468 2662 1774 2732 potuerint,
1814 2678 1912 2731 per
1934 2677 2110 2732 quam

533 2752 805 2822 simplice,
853 2752 1035 2822 quoad
1079 2754 1201 2823 ejus
1235 2753 1355 2807 fieri
1397 2754 1595 2822 possit,
1641 2762 1701 2808 et
1738 2753 1998 2807 uniformi
2026 2770 2115 2809 ra-

534 2845 684 2899 tione
712 2852 956 2899 mentem
982 2859 1013 2899 a
1040 2844 1402 2898 multitudine
1422 2844 1769 2899 retrahentes
1796 2846 2111 2900 universam
2142 2840 2159 2851 “

535 2954 721 2994 rerum
747 2955 868 3008 quae
889 2945 1108 2992 exstant
1146 2937 1435 2993 scientiam
1466 2938 1716 3007 simplice
1742 2938 2111 3009 intelligentia
2142 2970 2187 3028 ρ

534 3031 1052 3100 complecterentur.
1089 3030 1202 3086 Nos
1221 3046 1376 3096 vero,
1412 3046 1555 3100 quos
1581 3031 1907 3101 ignorantiae
1931 3032 2115 3087 adhuc

537 3123 783 3178 tenebrae
827 3124 1080 3178 veritatis
1132 3123 1492 3193 perceptione
1540 3122 1821 3193 prohibet,
1887 3131 2117 3193 prepter

538 3216 743 3268 mentis
771 3215 919 3269 circa
948 3216 1063 3269 sola
1090 3215 1412 3269 ﬂuctuantia
1437 3215 1820 3285 agitationem,
1851 3214 2120 3284 quemad-

537 3304 765 3358 modum
814 3320 992 3359 caecus
1023 3305 1291 3360 ambabus
1346 3306 1602 3360 manibus
1626 3303 1953 3374 quisquilias
1985 3319 2116 3374 per-

538 3404 756 3451 tentans
784 3396 930 3451 haud
984 3412 1110 3451 raro
1140 3396 1348 3467 aliquid
1408 3396 1638 3467 pretiosi
1681 3396 1930 3451 invenire
1955 3396 2115 3461 solet,

538 3488 623 3543 sic
656 3504 759 3543 nos
779 3504 1008 3558 quoque
1028 3504 1154 3543 cum
1182 3498 1372 3544 nostra
1400 3489 1722 3544 inﬁrmitate
1755 3489 1823 3544 de
1850 3489 2113 3559 praesenti

537 3582 845 3651 quaestione
887 3582 1098 3652 aliquid
1126 3582 1311 3637 dicere
1345 3582 1719 3653 aggredimur.
1753 3584 1934 3651 Atque
1968 3580 2108 3636 nihil

538 3669 683 3722 aliud
712 3670 940 3725 omnino
982 3670 1223 3727 dicimus
1248 3689 1413 3742 quam
1466 3671 1613 3743 quod
1662 3672 1808 3727 Deus
1858 3673 2021 3727 nobis
2060 3672 2151 3755 in.

468 3802 481 3809 -
539 3778 734 3817 manus
789 3763 1022 3828 dederit,
1080 3764 1390 3819 secundum
1421 3765 1569 3835 quod
1620 3765 1886 3834 scriptum
1917 3773 2021 3829 est,
2047 3764 2117 3819 ad

537 3851 765 3905 alendus
814 3866 913 3920 pro
947 3852 1093 3906 virili
1152 3862 1308 3923 parte
1335 3868 1399 3907 ac
1455 3853 1721 3908 facultate
1776 3868 1896 3915 vos,
1931 3860 2117 3922 patres

536 3943 713 3999 bonos
747 3931 990 4009 nostros,
1032 3944 1089 3998 id
1118 3952 1203 3999 est
1257 3945 1563 4014 simplicem
1609 3951 1665 4000 et
1711 3943 1982 3998 modicam
2011 3960 2116 3999 no-

536 4033 735 4103 bisque
763 4035 1185 4089 convenientem
1209 4033 1757 4103 contemplationem,
1776 4028 2116 4103 intelligen-

537 4125 627 4180 tia:
656 4136 859 4181 nostra:
889 4124 1277 4180 contrectabili
1302 4125 1473 4196 magis
1485 4141 1649 4195 quam
1670 4124 1828 4178 ﬁrmo
1850 4133 2115 4194 certoque

538 4215 680 4287 pede
739 4215 1129 4288 progrediente
1191 4218 1441 4272 oratione
1498 4217 1830 4283 institutam,
1879 4233 2113 4287 qumque

537 4321 823 4382 paternam
888 4312 1085 4389 invitet
1112 4311 1580 4379 benedictionem,
1628 4330 1698 4368 ne
1743 4329 1852 4384 qua
1906 4323 2113 4369 natura:

2222 4313 2577 4382 καλούμενον,
2630 4314 2830 4383 μήπως
2855 4313 3043 4381 ἀφυῶς
3071 4312 3166 4366 τὸν
3193 4310 3359 4380 ἀγρὸν
3387 4306 3484 4360 τῶν
3505 4295 3709 4389 αἰσθηξῷ
3806 4372 3807 4375 η

2214 4401 2487 4471 αἰσθητῶς
2531 4401 2671 4454 κατὰ
2718 4401 2810 4454 τὸν
2855 4399 3027 4454 Ἦσαῦ
3069 4398 3467 4471 περιοδεύοντες
3509 4384 3710 4460 στερηθῶ·
3806 4406 3807 4447 1

536 4403 765 4459 minime
796 4406 1193 4479 convenienter
1222 4406 1569 4459 sensibilium
1624 4420 1817 4475 agrum
1871 4405 2114 4460 sensibi-

538 4496 666 4549 litcr
700 4495 757 4549 in
805 4497 1030 4551 modum
1060 4497 1203 4550 Esau
1246 4497 1666 4566 pel-lustrantes,
1695 4497 1767 4551 ob
1802 4497 2115 4551 tarditatem

538 4596 728 4657 parata
776 4589 1058 4657 privemur
1085 4588 1256 4657 patris
1286 4588 1467 4642 satiati
1518 4588 1908 4643 benedictione
1940 4597 1989 4654 ν,
2024 4597 2120 4643 aut

540 4693 737 4732 rursus
766 4680 956 4733 animo
988 4679 1250 4748 superbia
1290 4680 1436 4733 elato
1491 4680 1755 4749 majorem
1787 4688 2118 4749 potestatem

537 4778 853 4838 quaerentes
879 4770 947 4824 ab
988 4771 1070 4826 eis
1104 4770 1368 4824 damnum
1400 4770 1734 4841 accipiamus
1754 4770 2115 4840 quinostrum

539 4863 726 4918 adhuc
763 4863 1251 4934 contemplationis
1282 4872 1524 4917 montem
1555 4863 1764 4927 colunt,
1803 4862 1859 4916 in
1893 4863 2118 4917 modum

538 4955 812 5020 lsrael,de
834 4956 1041 5025 quibus
1075 4957 1163 5010 lex
1196 4942 1409 5022 narrat,
1434 4956 1581 5024 quod
1623 4954 1946 5024 irruperunt
1988 4956 2116 5025 qui»

536 5049 665 5113 dam
681 5056 737 5103 et
759 5049 812 5103 in
840 5060 1082 5104 montem
1102 5049 1555 5113 ascenderunt,et
1576 5048 1748 5103 exivit
1764 5047 2116 5102 Amorrhazus

540 5140 690 5196 illius
710 5142 914 5197 montis
938 5142 1116 5197 incola
1144 5149 1309 5211 atque
1357 5140 1669 5195 vulneravit
1698 5155 1795 5195 eos
1826 5153 1872 5193 ι.
1917 5139 2113 5209 SuSpi-

610 5295 637 5320 '
679 5287 815 5343 Gen.
849 5303 1014 5353 xxvii,
1042 5288 1106 5342 51
1137 5301 1290 5357 seqq.
1370 5294 1398 5323 ι
1430 5286 1591 5341 Deut.
1620 5301 1661 5349 ι,
1710 5285 1799 5348 45,
1835 5286 1926 5341 44.

2286 1864 2307 1895 ‹
2332 1847 2579 1915 Γυμνὸν
2617 1844 2693 1914 τῇ
2737 1845 3035 1914 ἁπλότητι
3072 1846 3172 1899 καί
3221 1842 3328 1911 ζωῇ
3381 1842 3587 1911 ἀτέχνῳ,
3628 1843 3692 1894 mi

2278 1936 2422 2005 δίχα
2476 1939 2702 2003 παντὸς
2752 1938 3242 2006 ἑπικαλύμματος
3295 1936 3385 1989 καί
3437 1934 3691 2001 προϐλήμα-

2280 2046 2404 2095 τος.
2486 2028 2766 2084 Τοιοῦτον
2823 2029 2933 2099 γὰρ
2999 2028 3261 2095 ἔπρεπεν
3319 2022 3457 2080 εἶναι
3516 2028 3595 2077 τὸν
3622 2020 3692 2077 ἀπ’

2276 2121 2493 2191 ἀρχῆς.
2527 2122 2639 2193 (41)
2681 2144 2700 2174 ο

2282 2212 2348 2264 Τί
2399 2213 2500 2282 μέν
2558 2213 2647 2267 διὰ
2710 2214 2918 2269 τούτων
2973 2218 3002 2269 ὁ
3050 2214 3228 2286 μέγας
3277 2204 3422 2275 οὗτος
3462 2206 3692 2283 διδάπκᾳὶος

2210 2301 2460 2370 κρυφίως
2491 2302 2894 2368 ἀποκαλύπτει,
2928 2304 3124 2375 μόνους
3144 2302 3393 2364 ’ἐκείνους
3417 2300 3578 2353 εἰδέναι
3601 2296 3694 2367 φημῖ

2207 2391 2338 2455 τοὺς
2383 2391 2445 2444 τὸ
2492 2393 2611 2447 ἴσον
2653 2394 2805 2466 αὐτῷ
2857 2397 2957 2467 τῆς
2999 2395 3196 2465 σοφίας
3230 2393 3492 2463 εἰληφότας
3528 2389 3603 2442 καί
3632 2389 3694 2456 τῆς

2214 2481 2472 2550 γνώσεως
2524 2485 2792 2555 χάρισμα,
2842 2485 2893 2539 οἳ
2932 2484 3025 2539 διά
3056 2486 3117 2537 τὸ
3146 2487 3321 2538 πᾶσαν
3363 2482 3452 2553 την
3490 2483 3544 2535 ἐκ
3568 2477 3695 2533 παθῶν

2219 2574 2314 2627 καὶ
2344 2575 2527 2646 πάσης
2579 2576 2772 2644 ὑλικῆς
2830 2576 3208 2647 προσπαθείας
3257 2576 3426 2645 λήμην
3476 2569 3695 2626 ἀποθέσθαι

2218 2663 2329 2717 τῶν
2362 2666 2563 2736 νοερῶν
2603 2666 2872 2737 ὀμμάτων
2914 2666 3016 2741 τήν
3049 2668 3243 2721 ἀκτῖνα
3269 2667 3363 2736 τῆς
3398 2665 3449 2716 ὲν
3471 2662 3587 2724 ὅλοις
3610 2659 3696 2728 ἀλη-

2220 2754 2348 2820 θοῦς
2381 2756 2636 2825 γνώσεως
2668 2761 2866 2829 χωρεῖν
2894 2759 3255 2829 ἐδυνήθησαν,
3304 2756 3415 2811 καθ’
3436 2756 3493 2822 ἦν
3516 2751 3577 2822 τῷ
3592 2749 3695 2817 ἁπλῷ

2220 2847 2363 2900 κατά
2392 2848 2453 2901 τὸ
2475 2849 2696 2918 ἐφικτὸν
2724 2850 2818 2903 καὶ
2847 2850 3074 2903 ἐνοειδεῖ
3099 2849 3242 2920 λόγῳ
3280 2848 3367 2928 τὸν
3388 2844 3499 2899 νοῦν
3525 2843 3607 2897 ἀπὸ
3624 2839 3697 2894 τῶν

2221 2934 2434 2988 πολλῶν
2488 2939 2931 3008 περιστείλαντες
2982 2942 3169 2993 πᾶσαν
3216 2941 3311 3011 τήν
3362 2931 3697 3005 ἐπιστημονικήν

2219 3027 2328 3079 τῶν
2393 3028 2591 3100 (240
2637 3030 2701 3099 a)
2764 3030 2933 3084 ὅντων
2994 3032 3143 3102 ἁπλῇ
3208 3032 3410 3085 συνέσει
3460 3022 3699 3097 περιέλαβον

2219 3116 2446 3187 εἴδησιν.
2492 3121 2653 3188 Ἡμῖν
2688 3119 2747 3173 δὲ
2784 3114 2868 3183 οἷς
2901 3122 2929 3173 ὁ
2976 3121 3145 3190 ζόφος
3182 3120 3260 3174 ἔτι
3291 3123 3384 3191 τῆς
3404 3117 3588 3186 ἀγνοίας
3616 3115 3699 3165 ἔπι·

2219 3210 2449 3280 προσθεῖ
2483 3211 2618 3279 πρὸς
2644 3211 2743 3282 τήν
2772 3210 2865 3264 τοῦ
2915 3211 3167 3283 ἀληθοῠς-
3202 3210 3522 3281 κατανόησιν,
3548 3204 3620 3259 διὰ
3637 3201 3701 3271 τὴν

2218 3300 2349 3370 περὶ
2389 3301 2529 3370 μόνα
2547 3303 2618 3354 τὰ
2648 3302 2980 3373 σαλευόμενα
3009 3302 3108 3359 τοῦ
3134 3304 3226 3359 νοῦ
3261 3300 3553 3373 συστροφὴν,
3572 3296 3703 3362 ὥσπεὲ

2216 3391 2420 3459 τυφλὸς
2478 3391 2646 3462 ἄμφω
2712 3392 2792 3447 τὼ
2849 3397 2998 3466 χεῖρε
3059 3395 3295 3467 φορυτδν
3351 3393 3468 3463 ὕλης
3514 3387 3704 3457 ἀφάσσων

2219 3481 2463 3553 εὑρίσκει
2512 3482 2773 3550 πολλάκις
2800 3504 2853 3539 τι
2900 3486 3010 3540 τῶν
3034 3488 3257 3557 τιμίων,
3277 3485 3436 3546 οὕτως
3477 3472 3706 3548 ἐπιχειροῦ-

2223 3589 2325 3644 μεν
2379 3575 2474 3628 καὶ
2523 3578 2687 3646 ἡμεῖς
2730 3576 2870 3647 μετά
2898 3576 2996 3647 τῆς
3050 3577 3263 3631 ἑαυτῶν
3309 3572 3559 3633 ἀσθενείας
3585 3565 3707 3621 εἰπεῖν

2218 3685 2272 3721 τι
2303 3668 2432 3739 περὶ
2461 3667 2557 3721 τοῦ
2610 3669 2974 3740 προκειμένου
3027 3672 3360 3741 ζητήματος.
3391 3665 3491 3721 Καὶ
3514 3663 3568 3733 δὴ
3601 3658 3706 3725 λέγω

2223 3776 2323 3830 μεν
2349 3759 2477 3814 ἀλλο
2498 3760 2560 3813 τὸ
2581 3760 2845 3831 παράπαν
2877 3761 3028 3815 οὐδὲν
3066 3762 3103 3835 ἢ
3138 3763 3272 3833 ὅπερ
3296 3761 3323 3812 ὀ
3349 3759 3471 3820 Θεὸς
3491 3757 3539 3807 ἐν
3574 3749 3707 3823 χερσίν

2219 3851 2378 3924 ήμῶν
2442 3851 2671 3922 παραδῷ
2727 3852 2873 3906 κατά
2940 3853 3001 3905 τὸ
3068 3850 3465 3925 γεγραμμένον,
3526 3843 3632 3914 πρὸς
3668 3837 3708 3890 ἰδ

2220 3944 2415 4017 θρέψαι
2458 3943 2601 3998 κατά
2644 3944 2875 4015 δύναμιν
2921 3944 3079 4016 ήμῶν
3129 3946 3254 4008 τοὺς
3303 3942 3482 4003 καλοὺς
3532 3934 3708 4003 πατέρας

2220 4037 2388 4108 ὑμᾶς,
2437 4035 2582 4104 λέγω
2631 4036 2689 4090 δὲ
2731 4036 2809 4107 τῷ
2852 4035 3221 4107 ψηλαφητικῷ
3262 4034 3397 4103 λόγῳ
3444 4030 3530 4099 τῆς
3550 4029 3596 4080 ἐν
3616 4024 3709 4092 ἡμῖν

2219 4131 2415 4201 νοερᾶς
2464 4130 2747 4201 δυνάμεως
2801 4128 3008 4183 ἁπλοῦν
3060 4129 3159 4184 καὶ
3205 4126 3480 4197 ἀπέριττον
3516 4116 3711 4188 θεώρημα

2220 4223 2315 4275 καὶ
2364 4223 2497 4292 ἡμῖν
2530 4212 2873 4292 σύμμετρον,¹
2905 4221 3001 4274 καὶ
3046 4218 3323 4291 πατρικὴν
3351 4212 3569 4281 εὐλογίαν
3595 4219 3710 4276 προσ·

2218 4511 2317 4564 μεν
2362 4494 2449 4547 διὰ
2502 4492 2812 4565 βραδυτῆτα
2846 4490 2964 4565 ’τῆς
3021 4492 3249 4562 ἑτοίμης
3312 4487 3399 4545 τοῦ
3450 4478 3709 4555 τρεφομένου

2216 4585 2424 4657 πατρὸς
2479 4585 2751 4654 εὐλογίας,
2803 4584 2837 4656 ἢ
2900 4584 3064 4640 πάλιν
3116 4585 3185 4637 δι’
3250 4574 3646 4653 ὑψηλοφροσύνην
3680 4583 3711 4616 τι

2221 4678 2405 4750 μεῖζον
2451 4678 2551 4749 τῆς
2604 4679 2888 4749 δυνάμεως
2944 4678 3107 4748 ἡμῶν
3150 4673 3515 4741 ἐπιζητοῦντες
3552 4671 3604 4719 ἐκ
3640 4659 3711 4712 τῶν

2220 4770 2514 4824 οἰκούντων
2540 4769 2620 4822 ἔτι
2652 4769 2713 4822 τὸ
2742 4769 2866 4838 ὅρος
2899 4770 3057 4842 ἡμῶν
3079 4771 3180 4840 τῆς
3203 4767 3447 4837 θεωρίας,
3486 4755 3711 4832 τψθῶμεη

2223 4863 2364 4915 κατά
2397 4864 2489 4914 τὸν
2528 4862 2766 4933 Ἰσραὴλ,
2799 4861 2928 4933 περὶ
2958 4855 3033 4917 ὧν
3071 4864 3100 4915 ὁ
3133 4862 3299 4931 νόμος
3321 4857 3475 4928 φησὶν
3499 4854 3569 4907 ὃτι
3589 4859 3711 4913 παρα·

2220 4955 2541 5024 ϐιασάμενοί
2578 4971 2724 5018 τινες
2748 4953 3021 5025 ἀνέδησαν
3063 4956 3142 5017 είς
3170 4954 3231 5008 τὸ
3274 4952 3414 5022 ὅρος,
3448 4946 3530 5001 καί
3554 4936 3711 5010 ἐξῆλθεν

2219 5052 2247 5102 ὁ
2287 5050 2634 5121 Ἀμοιρραῖος
2663 5051 2691 5103 ὁ
2715 5048 2878 5102 οἰκῶν
2910 5052 2968 5102 ἐν
2996 5046 3073 5117 τῷ
3095 5047 3211 5115 δρει
3251 5045 3434 5111 ἐκείνῳ
3456 5038 3537 5093 καὶ
3554 5032 3710 5128 ἐτίτρίῖν

2222 5158 2352 5195 σκεν
2383 5141 2599 5204 αὐτούς.
2651 5141 2898 5195 ’Υπονοῶ
2940 5140 3117 5195 τοίνυν
3152 5140 3235 5194 ὃτι
3260 5137 3355 5208 τὴν
3397 5126 3624 5201 διαφορὰν

1819 5394 2062 5449 ἾΑΒΙιΕ
2082 5425 2087 5431 -
2105 5396 2492 5452 LECTIONES

633 5491 680 5525 "’
707 5491 843 5547 Cod.
874 5491 1016 5547 Gud.
1049 5490 1577 5562 αὐτοφιλανθρωπία.

1684 5489 1730 5521 ³⁸
1775 5491 1905 5559 περὶ
1942 5490 2003 5543 τό
2028 5506 2080 5541 τι
2106 5490 2357 5543 κλέπτειν
2393 5490 2517 5546 cod.
2548 5489 2691 5545 Gud.

612 5606 729 5678 (Μ)
759 5605 910 5663 Idem
939 5605 1093 5662 Orat.
1122 5608 1177 5661 in
1211 5615 1383 5662 sanet.
1415 5606 1643 5673 Pascha,
1676 5620 1797 5675 cap.
1832 5604 1886 5670 8,
1916 5621 1971 5674 p.
2004 5604 2127 5671 850,
2164 5613 2298 5660 tom.
2343 5605 2364 5660 ι
2406 5604 2552 5675 Opp.
2578 5604 2713 5661 edit.
2747 5605 2952 5660 Bened.
