3938 6192
270 283 407 351 1353

1510 284 1615 345 AM
1624 283 2029 347 BIGUORUM
2069 284 2319 347 LIBER.

3388 279 3524 345 1354

270 390 487 466 πρδτοῦ
551 390 1002 463 παραπτώματος
1057 392 1309 463 κράσεως
1367 391 1461 445 τοῦ
1509 394 1850 465 ἀνθρωπίνου

1964 412 2050 452 cor
2101 398 2268 469 igitur
2321 396 2468 466 quod
2520 396 2937 466 temperamenti
2985 394 3234 465 corporis
3286 395 3513 449 hummi

271 487 525 557 σώματος
571 485 630 537 ὲν
684 483 761 554 τῷ
810 483 1115 554 προπάτορι
1183 483 1355 554 ’Δδὰμ
1416 483 1552 554 πρὸς
1598 485 1697 555 τὴν
1754 486 1849 539 νῦν

270 576 654 648 θεωρουμένην
712 578 770 628 ὲν
822 577 956 645 ἡμῖν
1002 576 1095 627 καὶ
1150 575 1461 645 κρατοῦσαν
1516 576 1852 643 ἐνδείξασθαι

269 669 598 743 βουλόμενος
650 666 829 720 ταῦτά
882 682 1049 735 φησιν
1107 666 1137 718 ό
1183 666 1505 731 διδάσκαλος
1535 708 1551 733 ,
1605 667 1681 729 ὼς
1730 669 1853 722 τότε

267 760 469 831 δηλαδὴ
529 758 626 812 τοῦ
689 756 977 828 ἀνθρώπου
1036 758 1309 821 ἐναντίαις
1375 760 1472 812 καὶ
1525 758 1854 829 φθαρτικαῖς

269 846 515 916 ἀλλήλων
538 845 682 899 κατά
707 845 805 916 τὴν
830 848 1028 914 κρᾶσιν
1053 845 1146 900 τοῦ
1175 846 1425 918 σώματος
1458 848 1532 918 μὴ
1571 847 1854 918 διελκομέ-

271 957 363 993 νου
395 939 679 1008 ποιότησιν
703 978 718 1003 ,
757 937 873 991 ἀλλ’
909 938 1170 1006 ὡσαύτως
1198 938 1413 1009 ἔχοντος
1440 940 1561 1009 δίχα
1598 941 1727 1011 ῥοῆς
1762 941 1855 994 καὶ

269 1032 569 1103 ἀπορροῆς,
620 1032 716 1085 καὶ
759 1030 860 1102 τῆς
909 1031 996 1101 ἐφ’
1034 1032 1270 1103 ἑκάτερα
1329 1031 1532 1085 τούτων
1579 1034 1720 1084 κατὰ
1755 1033 1856 1102 τὴν

271 1127 378 1182 τῶν
431 1125 732 1194 ποιοτήτων
786 1125 1143 1195 ἐπικράτειαν
1206 1122 1464 1192 συνεχοῦς
1515 1122 1856 1185 ἀλλοιώσεως

270 1217 559 1288 ἐλευθέρου
604 1216 1008 1285 τυγχάνοντος,
1072 1209 1161 1269 οἷα
1219 1215 1284 1286 δὴ
1350 1215 1450 1286 τῆς
1504 1215 1646 1271 κατὰ
1696 1215 1855 1285 χάριν

273 1309 452 1383 (241
480 1308 565 1383 να.)
599 1306 900 1372 ἀθανασίας
927 1309 1029 1361 οὐκ
1076 1304 1456 1377 ἀμοιροῦντος,
1507 1305 1602 1358 καὶ
1632 1296 1729 1375 τὴν
1761 1305 1856 1358 νῦν

276 1400 649 1473 μαστιγοῦσαν
672 1399 836 1454 αὑτὸν
862 1402 973 1462 τοῖς
994 1400 1197 1467 ἑαυτῆς
1222 1399 1473 1469 κέντροις
1519 1397 1727 1468 φθορὰν
1755 1399 1857 1450 οὐκ

273 1493 513 1563 ἔχοντος,
551 1490 667 1544 ἀλλ’
690 1490 885 1560 ἑτέραν
909 1489 1153 1559 δηλονότι
1190 1488 1507 1560 πρέπουσαν
1543 1489 1691 1559 αὑτῷ
1718 1491 1856 1558 κρᾶ-

273 1600 358 1637 σιν
410 1582 507 1636 τοῦ
562 1581 836 1652 σώματος,
891 1581 1127 1650 ἀμάχοις
1185 1580 1283 1633 καὶ
1347 1580 1547 1642 ἁπλαῖς
1608 1581 1857 1650 ποιότησι

274 1673 662 1745 συνεχομένην.
713 1671 849 1726 Καθ’
876 1671 943 1743 ἢν
988 1669 1195 1740 γυμνὸς
1234 1665 1302 1741 ἦν
1335 1671 1364 1723 ό
1400 1670 1615 1742 πρῶτος
1643 1670 1856 1741 ἄνθρω-

275 1782 398 1829 πος,
446 1766 544 1833 οὑχ
593 1763 669 1825 ὼς
710 1762 950 1832 ἄσαρκος
996 1761 1089 1815 καὶ
1126 1760 1440 1830 ἀσώματος,
1481 1760 1596 1814 ἀλλ’
1647 1761 1722 1824 ὡς
1759 1762 1858 1832 τὴν

275 1855 589 1925 παχυτέραν
639 1854 740 1923 τὴν
807 1852 985 1920 σάρκα
1044 1849 1306 1903 ποιοῦσαν
1354 1851 1448 1904 καὶ
1506 1849 1706 1922 θνητὴν
1761 1852 1856 1906 καὶ

273 1949 567 2005 ἀντίτυπον
602 1946 801 2017 κρᾶσιν
840 1945 939 1997 οὑκ
961 1943 1120 2015 ἔχων.
1158 1942 1312 1995 Κατὰ
1335 1942 1522 1996 τοῦτον
1550 1944 1641 1997 τὸν
1684 1943 1856 2013 μέγαν

276 2038 601 2094 διδάσκαλον
645 2038 886 2107 ἀτεχνως
937 2052 996 2087 τε
1051 2034 1146 2103 ἔζη
1197 2034 1271 2104 μέη
1323 2032 1712 2103 διαπνεόμενος
1759 2033 1857 2103 τὴν

276 2131 426 2194 ἅπαξ
457 2128 729 2191 οὑσιωδῶς
762 2128 1005 2181 δοθεῖσαν
1043 2124 1193 2195 αὑτῷ
1226 2126 1464 2195 φυσικὴν
1501 2123 1738 2189 εὐεξίαν,
1764 2123 1858 2177 καὶ

277 2220 570 2293 περιϐολῆς
608 2220 853 2289 ὑπῆρχεν
886 2217 1211 2289 ἀπροσδεὴς,
1253 2217 1340 2271 διά
1386 2233 1446 2269 τε
1488 2217 1588 2286 τὴν
1632 2214 1859 2268 ἐνοῦσαν

250 2292 546 2365 ἀπάθειαν
607 2309 873 2378 αἰσχύνην
933 2306 1008 2378 μὴ
1067 2298 1417 2377 ὑφορώμενος
1486 2307 1583 2358 καὶ
1647 2304 1709 2357 τὸ
1785 2303 1863 2376 μὴ

278 2405 511 2475 κρυμοῖς
576 2402 672 2454 καὶ
741 2400 1000 2454 θάλπεσιν
1063 2400 1225 2452 αὑτὸν
1292 2398 1634 2462 ὑποκεῖσθαι,
1696 2396 1763 2450 δι’
1826 2396 1864 2451 ἃ

279 2491 517 2565 μάλιστα
566 2490 666 2560 τῆς
720 2507 777 2543 τε
841 2490 947 2542 τῶν
997 2490 1164 2543 οἴκων
1221 2489 1316 2541 καὶ
1379 2488 1487 2541 τῶν
1538 2485 1864 2558 ἐσθημάτων

280 2586 573 2657 περιϐολῆς
602 2587 629 2639 ό
662 2585 863 2657 τρόπος
889 2586 999 2649 τοῖς
1034 2583 1343 2657 ἀνθρώποις
1378 2584 1743 2655 ἐπινενόηται.

657 2864 852 2931 Ἄλλη
880 2862 1013 2931 περὶ
1042 2860 1228 2917 αὐτοῦ
1262 2861 1492 2930 θεωρία.

355 2976 426 3032 Ἥ
479 2979 688 3049 μήποτε
723 2977 818 3030 καὶ
851 2977 917 3030 ἐκ
962 2976 1073 3030 τῶν
1103 2975 1200 3029 νῦν
1251 2976 1381 3046 περὶ
1431 2978 1524 3031 τὸν
1572 2977 1858 3049 ἄνθρωπον

1951 487 2084 542 Adae
2116 486 2433 557 propatoris
2477 486 2638 556 quale
2679 485 2848 540 fuerit
2877 497 3003 539 ante
3033 486 3526 557 transgressionem

1952 579 2323 635 diﬂ‘erentiam
2373 578 2443 633 ab
2473 595 2540 633 eo
2573 578 2720 648 quod
2775 578 2830 632 in
2855 578 3017 633 nobis
3047 577 3210 633 ho‘die
3247 585 3529 648 spectatur

1953 680 2009 726 et
2054 670 2271 725 obtinet
2312 670 2626 741 signiﬁcare
2658 669 2848 723 volens
2902 669 3163 740 magister
3203 668 3321 723 haec
3368 667 3525 729 dicit,

1952 778 2077 817 cum
2102 763 2195 815 illo
2230 760 2486 815 videlicet
2509 771 2755 830 tempore
2805 760 2974 814 homo
3001 760 3365 829 qualitatibus
3388 775 3525 813 con-

1955 852 2141 907 trariis
2163 860 2219 906 et
2241 848 2347 906 sibi
2372 851 2608 906 invicem
2638 850 2954 906 exitialibus
2983 851 3287 905 secundum
3321 859 3530 919 tempe-

1954 953 2263 998 ramentum
2306 945 2559 1012 corporis
2589 958 2701 997 non
2729 942 3158 1007 distraheretur,
3187 941 3283 996 sed
3309 942 3531 1012 quietus

1955 1032 2226 1100 maneret,
2260 1034 2330 1088 ab
2349 1034 2500 1088 omni
2534 1033 2687 1088 ﬂuxu
2715 1045 2771 1088 et
2797 1034 3037 1089 detluxu‘
3063 1037 3328 1098 intactus,
3364 1043 3421 1088 et
3460 1034 3530 1089 ab

1957 1135 2221 1198 perpetua
2251 1142 2309 1180 ιιι
2342 1126 2492 1181 hunc
2536 1125 2760 1179 illumve
2812 1141 2912 1195 pro
2943 1125 3255 1196 principatu
3292 1126 3532 1196 qualita-

1958 1228 2073 1275 tum
2103 1218 2484 1277 immutatione
2507 1217 2671 1282 iiber,
2702 1226 2890 1287 utpote
2916 1219 3012 1287 qui
3064 1219 3369 1273 secundum
3403 1235 3530 1290 gra-

1959 1310 2089 1364 tiam
2132 1325 2237 1365 nec
2282 1308 2717 1363 immortalitatis
2767 1317 2914 1364 esset
2981 1324 3204 1378 expers,
3264 1325 3370 1365 nec
3429 1312 3529 1364 ha.

1956 1401 2115 1455 beret
2143 1399 2428 1454 interitum
2460 1398 2556 1468 qui
2606 1413 2755 1452 nunc
2801 1413 2929 1452 eum
2981 1396 3222 1452 stimulis
3268 1398 3532 1468 exagitat,

1958 1507 2151 1547 verum
2179 1489 2330 1546 aliud
2373 1490 2636 1545 nimirum
2672 1490 2932 1545 idoneum
2980 1491 3085 1560 ipsi
3116 1490 3370 1560 corporis
3395 1499 3537 1544 tem-

1960 1591 2361 1653 peramentum,
2409 1580 2779 1636 concordibus
2826 1581 3281 1652 simplicibusque
3302 1581 3538 1650 qualitao

1963 1675 2113 1729 tibus
2159 1673 2549 1729 constrictum.
2617 1671 2935 1728 Secundum
2984 1672 3135 1742 quod
3182 1673 3387 1727 nudus"
3419 1680 3536 1726 erat

1892 1752 1932 1806 Β
1961 1768 2175 1838 primus
2194 1766 2381 1829 homo,
2409 1782 2519 1820 non
2536 1765 2690 1835 quasi
2715 1765 2836 1819 sine
2874 1779 3042 1820 carne
3066 1780 3132 1819 ac
3157 1780 3413 1834 corpore,
3438 1762 3536 1817 sed

1963 1869 2026 1914 ut
2059 1858 2304 1914 crassius
2324 1858 2469 1928 quod
2536 1873 2758 1913 carnem
2814 1857 3000 1924 eﬁicit,
3030 1857 3317 1912 mortalem
3346 1866 3401 1911 et
3437 1856 3542 1911 du-

1965 1964 2104 2013 ram,
2137 1957 2639 2019 temperamentum
2672 1964 2781 2004 non
2813 1948 3044 2004 habens.
3084 1948 3401 2004 Secundum
3431 1962 3539 2001 ma-

1964 2056 2133 2113 gnum
2185 2041 2336 2096 hunc
2376 2040 2661 2096 doctorem
2701 2051 2856 2096 certe
2896 2041 3118 2097 vivebat
3171 2043 3245 2096 ita
3290 2049 3350 2096 ut
3394 2041 3538 2096 bona

1964 2133 2216 2203 corporis
2239 2133 2360 2205 ejus
2390 2134 2660 2189 habitudo
2680 2135 2971 2216 naturalis,
3008 2150 3115 2204 qua
3140 2135 3308 2190 semel
3351 2149 3540 2187 essen-

1967 2227 2174 2282 tiaiiter
2225 2236 2374 2282 esset
2427 2226 2758 2296 impertitus,
2787 2234 3319 2290 nouevanesceret,
3369 2233 3540 2295 utque

1965 2316 2084 2385 ipse
2122 2315 2500 2386 integumento
2527 2330 2639 2370 non
2660 2322 2868 2385 egeret,
2902 2330 3030 2370 eum
3054 2311 3222 2369 nullis
3261 2313 3538 2384 passioni-

1962 2408 2067 2463 bus
2094 2408 2370 2475 obnoxius
2398 2407 2665 2477 pudorem
2699 2406 2847 2462 haud
2900 2410 3199 2470 metueret,
3223 2420 3405 2474 neque
3437 2404 3538 2459 fri-

1962 2498 2190 2569 goribus
2236 2506 2297 2553 et
2347 2498 2593 2553 testubus
2643 2497 2928 2568 subjectus
2986 2504 3149 2560 esset,
3199 2508 3435 2565 quorum
3482 2495 3541 2548 in

1964 2588 2160 2658 primis
2203 2603 2370 2644 causa
2400 2586 2664 2641 domuum
2707 2594 2765 2640 et
2800 2584 3263 2639 vestimentorum
3316 2583 3535 2654 integu~

1962 2675 2135 2736 menti
2157 2679 2502 2737 consuetudo
2528 2678 2597 2733 ab
2621 2677 2942 2733 hominibus
2980 2677 3293 2748 eimagitata
3324 2685 3430 2730 est.

2224 2861 2411 2916 Altera
2442 2858 2507 2914 de
2530 2858 2710 2912 eodem
2739 2855 2850 2911 loco
2898 2852 3291 2923 contemplatio.

2042 2974 2141 3028 Vel
2175 2971 2409 3026 fortasse
2447 2968 2617 3024 etiam
2636 2984 2705 3023 ex
2735 2967 2817 3022 eis
2856 2981 2978 3037 quze
3018 2963 3183 3019 hodie
3213 2963 3270 3018 in
3317 2964 3543 3019 homine

280 3072 671 3144 θεωρουμένων
696 3070 764 3123 τὰ
799 3068 922 3122 τότε
970 3069 1096 3140 περὶ
1131 3067 1292 3121 αὑτὸν
1322 3067 1451 3120 ὄντα
1480 3071 1546 3139 τῇ
1584 3070 1861 3140 περιαιρέ-

1973 3071 2295 3135 spectantur
2322 3059 2823 3130 comprehensione
2842 3071 3039 3112 eorum
3075 3070 3197 3126 quae
3224 3054 3373 3110 nunc
3397 3056 3452 3109 in
3475 3071 3544 3109 eo

285 3178 368 3215 σει
408 3161 516 3214 τῶν
571 3160 665 3213 νῦν
717 3159 853 3229 περὶ
903 3159 1069 3213 αὑτὸν
1122 3157 1293 3211 όντων
1345 3157 1775 3228 παραδείκνυσιν
1833 3163 1862 3214 ό

282 3252 614 3317 διδάσκαλος.
659 3253 907 3305 Κινείται
946 3252 1058 3323 γὰρ
1100 3250 1196 3305 νῦν
1237 3252 1267 3304 ό
1307 3251 1615 3322 ἄνθρωπος,
1668 3252 1702 3323 ἢ
1735 3254 1863 3325 περὶ

285 3345 586 3413 φαντασίας
614 3344 845 3411 ἀλόγους
872 3341 1059 3395 παθῶν
1089 3341 1146 3406 ἐξ
1176 3341 1390 3413 ᾀπάτης
1415 3342 1502 3396 διὰ
1532 3344 1893 3415 φιληδονίαν,”

284 3436 316 3509 ἢ
346 3438 473 3508 περὶ
500 3438 690 3504 λόγους
717 3437 922 3506 τεχνῶν
941 3439 1003 3489 ἐκ
1023 3437 1395 3504 περιστάσεως
1419 3436 1509 3490 διὰ
1530 3437 1627 3503 τὴν
1650 3437 1862 3506 χρείαν,

281 3527 315 3598 ἢ
357 3529 485 3598 περὶ
537 3528 801 3594 φυσικοὺς
834 3526 1027 3594 λόγους
1070 3527 1133 3578 ὲκ
1173 3526 1268 3579 τοῦ
1313 3526 1478 3597 νόμου
1509 3528 1609 3596 τῆς
1649 3524 1873 3594 φύσεως,

278 3620 370 3675 διὰ
403 3618 660 3690 μάθησιν,
700 3611 775 3671 ὧν
797 3617 952 3670 οὐδὲν
979 3618 1099 3670 κατ’
1138 3618 1314 3688 ἀρχὴν
1354 3617 1580 3679 εἰκότως
1610 3617 1668 3682 ἐξ
1699 3616 1867 3684 ἀνάγ-

290 3730 386 3781 κης
416 3707 567 3765 εἷλκε
610 3712 699 3763 τὸν
727 3710 1034 3780 ἄνθρωπον,
1087 3710 1343 3780 ὑπεράνω
1383 3710 1599 3762 πάντων
1640 3709 1868 3778 γενόμε-

285 3822 395 3860 νον.
426 3803 584 3857 Οὖτω
611 3804 720 3874 γὰρ
747 3802 984 3873 ἔπρεπεν
1024 3797 1161 3854 εἶναι
1199 3802 1290 3855 τὸν
1321 3799 1416 3855 ἀπ’
1447 3800 1642 3870 ἀρχῆς,
1677 3799 1867 3869 μηδενὶ

284 3898 346 3950 τὸ
404 3892 622 3947 σύνολον
673 3889 1091 3962 περισπώμενον
1132 3890 1239 3943 τῶν
1282 3890 1375 3943 ὑπ’
1421 3889 1607 3951 αὑτὸν,
1654 3888 1688 3954 ἥ
1734 3889 1867 3960 περὶ

285 3982 469 4048 αὑτὸν,
509 3980 542 4051 ἢ
579 3983 701 4035 κατ’
736 3980 919 4043 αὑτὸν,
954 3978 1051 4032 καὶ
1103 3977 1238 4048 πρὸς
1270 3978 1551 4031 τελείωσιν
1611 3977 1729 4039 ἑνὸς
1774 3976 1869 4046 μό-

287 4089 380 4126 νου
402 4072 821 4143 προσδεόμενον,
859 4070 962 4139 τῆς
1016 4070 1153 4140 πρὸς
1186 4070 1277 4124 τὸν
1306 4069 1451 4141 ὑπὲρ
1482 4068 1666 4133 αὑτὸν,
1722 4070 1868 4138 φημὶ

283 4163 342 4216 δὲ
390 4160 483 4215 τὸν
525 4161 678 4226 Θεὸν,
731 4160 853 4214 καθ’
904 4159 1030 4230 ὃλην
1079 4159 1178 4230 τὴν
1234 4157 1583 4229 ἀγαπητικὴν
1636 4157 1867 4226 δύναμιν

286 4257 514 4329 ἀσχέτου
545 4256 839 4326 κινήσεως.
895 4252 1138 4324 ’Δπαθὴς
1186 4252 1293 4323 γάρ
1319 4252 1503 4322 χάριτι
1541 4249 1618 4304 ὢν
1648 4250 1867 4318 ἀπάτην

286 4345 476 4399 παθῶν
534 4343 836 4413 φαντασίας
902 4342 970 4396 δι’
1023 4340 1223 4412 ἡδονῆς
1295 4342 1359 4393 οὑ
1417 4334 1710 4411 προσίετο·
1770 4340 1866 4392 καὶ

1962 3168 2094 3213 sunt
2120 3154 2393 3220 instituta,
2437 3153 2700 3223 magister
2728 3136 3001 3222 signiﬁcat
3037 3164 3105 3204 ca
3136 3163 3258 3219 quae
3308 3157 3425 3203 tum
3485 3149 3541 3202 in

1961 3264 2032 3304 eo
2071 3246 2296 3303 fuerint.
2330 3245 2595 3300 Movetur.
2631 3243 2782 3297 enim
2829 3254 2979 3296 nunc
3007 3240 3197 3302 homo,
3248 3241 3338 3295 vel
3390 3240 3542 3296 circa

1964 3340 2222 3411 ﬁgmenta
2248 3336 2589 3391 irrationalia
2644 3333 2963 3404 passionum
3011 3348 3111 3402 per
3150 3332 3401 3387 fraudem
3448 3347 3543 3387 vo-

1964 3430 2190 3500 luptatis
2216 3428 2476 3496 cupidine
2513 3425 2794 3489 inductus,
2836 3424 2923 3478 vel
2973 3423 3119 3478 circa
3172 3424 3417 3478 rationes
3454 3441 3543 3479 ar-

1965 3523 2104 3577 tium
2136 3536 2203 3573 ex
2242 3516 2657 3573 circumstantia
2685 3515 2923 3569 utilitate
2956 3514 3242 3579 invitatus,
3269 3516 3357 3568 vel
3395 3517 3540 3570 circa

1965 3611 2254 3667 naturales
2279 3610 2524 3663 rationes
2550 3621 2614 3661 ex
2645 3607 2762 3675 lege
2793 3614 3005 3659 naturae
3044 3606 3383 3674 cognitionis
3420 3625 3542 3677 gra—

1967 3706 2064 3769 tia,
2099 3718 2336 3774 quorum
2367 3700 2504 3754 nihil
2544 3698 2805 3752 videlicet
2827 3698 2882 3751 in
2910 3697 3189 3767 principio
3235 3697 3538 3764 hominem,

1968 3799 2135 3854 rebus
2185 3794 2446 3849 omnibus
2494 3791 2844 3860 superiorem
2894 3789 3097 3844 factum
3127 3831 3142 3855 ,
3196 3792 3542 3847 necessitatis

1965 3888 2189 3943 vinculo
2239 3884 2510 3941 trahebat.
2575 3880 2861 3953 Ejusmodi
2914 3881 3120 3936 etenim
3176 3882 3540 3938 conveniebat

1965 3997 2087 4037 esse
2106 3978 2410 4050 principem
2440 3975 2744 4040 hominem,
2778 3982 2840 4028 ut
2892 3988 3122 4043 prorsus
3158 3975 3231 4028 ab
3275 3976 3428 4030 nullo
3447 3992 3542 4031 eo-

1964 4089 2088 4129 rum
2113 4087 2237 4143 quae
2265 4079 2363 4125 aut
2394 4069 2644 4140 subjecta
2670 4068 2778 4122 sibi
2808 4076 2905 4121 aut
2924 4066 3134 4122 circum
3172 4082 3292 4121 sese
3317 4068 3540 4137 juxtave

1966 4166 2194 4223 haberet
2245 4162 2679 4225 distraheretur,
2739 4168 2797 4216 et
2849 4159 2918 4214 ad
2968 4158 3371 4229 perfectionem
3430 4177 3541 4214 uno

1964 4258 2145 4313 solum
2178 4254 2474 4323 indigeret,
2509 4251 2561 4305 id
2587 4260 2671 4305 est
2700 4250 2945 4305 motione
2973 4248 3040 4303 ad
3064 4266 3191 4304 eum
3242 4250 3334 4319 qui
3366 4250 3543 4304 homi-

1965 4364 2092 4403 nem
2149 4352 2396 4415 superat,
2432 4345 2630 4409 Deum,
2683 4344 2935 4411 inquam,
2980 4342 3284 4396 secundum
3319 4359 3540 4398 omnem

285 4437 588 4510 ἀπροσδεὴς
620 4437 881 4507 ὑπάρχων
933 4436 1031 4506 τῆς
1084 4434 1213 4503 περὶ
1239 4435 1435 4502 τέχνας
1470 4433 1861 4503 περιστατικῆς

1966 4438 2255 4495 charitatis
2281 4437 2392 4491 vim
2418 4436 2724 4491 irrevocata
2750 4443 2916 4503 atque
2946 4434 3193 4489 victrice.
3233 4434 3370 4490 Cum
3393 4438 3541 4491 enim

283 4532 526 4600 ἀνάγκης
571 4528 661 4582 διὰ
708 4528 805 4599 τὴν
849 4527 1036 4598 χρείαν
1086 4524 1374 4596 ἐλεύθερος
1419 4519 1487 4594 ἦν
1513 4541 1525 4553 ·
1575 4522 1670 4576 καὶ
1701 4522 1862 4590 σοφὸς

282 4621 357 4676 ὢν
383 4624 481 4693 τῆς
511 4619 641 4691 περὶ¹
685 4619 783 4689 τὴν
827 4617 989 4684 φύσιν
1020 4615 1252 4685 θεωρίας
1286 4614 1543 4683 ὑπεράνω
1575 4613 1862 4682 καθειστήν

283 4731 369 4768 κει
427 4711 517 4766 διὰ
571 4709 670 4780 τὴν
722 4708 947 4775 γνῶσιν.
1011 4706 1177 4760 Οὐδὲν
1226 4702 1318 4760 οὗν
1372 4702 1519 4775 εἶχεν
1577 4706 1606 4757 ό
1648 4704 1863 4774 πρῶτος

284 4803 569 4874 ἄνθρωπος
618 4798 821 4869 μεταξὺ
871 4797 1006 4851 Θεοῦ
1059 4797 1154 4851 καὶ
1203 4796 1369 4849 αὑτοῦ
1421 4794 1862 4867 προϐεϐλημένον

283 4895 421 4965 πρὸς
454 4892 679 4961 εἴδησιν,
731 4889 911 4961 (24],
950 4888 1022 4959 b)
1073 4888 1166 4942 καὶ
1212 4887 1420 4941 κωλὺον
1456 4886 1622 4941 αὑτοῦ
1668 4885 1765 4957 τὴν
1793 4886 1860 4940 δι’

283 4985 505 5052 ἀγάπης
560 4982 880 5052 αὐθαίρετον
929 4979 1074 5033 κατὰ
1129 4981 1229 5049 τὴν
1283 4980 1419 5051 πρὸς
1475 4979 1606 5032 Θεὸν
1651 4979 1862 5046 κίνησιν

277 5074 657 5145 γενησομένην
701 5072 1057 5140 συγγένειαν,
1113 5073 1207 5125 καὶ
1260 5072 1347 5125 διὰ
1395 5056 1554 5125 τοῦτο
1604 5091 1622 5122 ι
1657 5071 1862 5141 γυμνὸς

280 5170 353 5240 τῇ
399 5166 664 5236 ἁπλότητι
717 5184 736 5217 ι
792 5163 1211 5235 προσηγορεύθη
1272 5163 1350 5233 τῷ
1411 5164 1735 5234 διδασκάλῳ,
1786 5163 1863 5226 ὼς

283 5259 541 5328 ὑπεράνω
574 5258 754 5327 πάσης
780 5260 879 5326 τῆς
914 5257 1054 5309 κατὰ
1079 5255 1238 5325 φύσιν
1271 5257 1531 5325 ὑπάρχων
1559 5255 1858 5325 ζητήσεως,

283 5354 377 5408 καὶ
427 5371 446 5405 t
482 5354 592 5423 ζωῇ
623 5356 688 5420 τῇ
741 5352 972 5422 ἀτέχνῳ,
1007 5369 1025 5400 ι
1068 5350 1143 5412 ὡς
1190 5350 1368 5417 πάσης
1398 5349 1601 5420 τεχνῶν
1652 5348 1862 5410 ἐνδεοῦς

283 5441 606 5515 καθαρεύων
637 5441 803 5509 ζωῆς.
833 5443 926 5493 καὶ
965 5460 978 5493 ι
1010 5440 1131 5511 δίχα
1170 5441 1370 5504 παντὸς
1412 5439 1862 5509 ἐπικαλύμματος

285 5535 381 5588 καὶ
426 5533 833 5605 προϐλήματος,
869 5551 888 5584 ι
924 5528 1012 5584 οἶα
1060 5533 1158 5605 τῇς
1208 5532 1344 5603 πρὸς
1391 5532 1460 5584 τὰ
1496 5531 1729 5601 αἰσθητά
1752 5530 1861 5583 τῶν

283 5623 588 5694 αἰσθήσεων
611 5622 890 5692 ὲμπαθοῦς
911 5622 1228 5692 συμπλοκῆς
1251 5622 1532 5691 τυγχάνων
1554 5621 1859 5692 ἐλεύθερος,

204 5776 207 5777 ν
287 5706 366 5780 οἷς
400 5715 618 5785 ὑπήχθη
646 5714 869 5776 δικαίως
900 5713 1146 5783 ὕστερον,
1188 5714 1435 5784 ἐλλείέηας
1475 5714 1568 5785 τὴν
1604 5714 1859 5785 ἔλλειψιν,

454 5805 724 5872 Ρηιιοι..
757 5805 873 5866 (in.
908 5806 1066 5867 XCI.

1969 4541 2067 4597 per
2117 4526 2349 4596 gratiam
2394 4521 2748 4594 passionibus
2805 4520 3080 4575 obnoxius
3131 4523 3304 4578 nullis
3372 4528 3581 4589 esset,~

1968 4617 2217 4672 [tandem
2243 4615 2562 4687 passionum
2589 4629 2780 4669 rerum
2812 4611 3062 4667 inanium
3095 4614 3283 4673 studio
3310 4631 3419 4670 non
3448 4617 3545 4671 ad-

1968 4710 2150 4775 misit;
2187 4718 2244 4764 et
2275 4723 2403 4764 cum
2440 4707 2615 4762 nihilo
2648 4706 2940 4777 indigeret,
2977 4706 3181 4761 artium
3217 4724 3436 4778 quoque
3474 4710 3543 4763 ab

1968 4803 2168 4858 infesta
2208 4809 2432 4872 propter
2450 4786 2824 4870 indigentiam
2868 4796 3201 4854 necessitate
3235 4800 3377 4854 liber
3403 4800 3540 4865 fuit;

1966 4903 2023 4950 et
2060 4909 2186 4950 cum
2215 4893 2435 4962 sapiens
2484 4900 2653 4956 esset,
2678 4899 2895 4945 natura:
2935 4892 3399 4961 contemplatione
3424 4901 3545 4948 erat

1966 4985 2223 5055 superior
2244 4985 2422 5039 factus
2448 4998 2547 5052 per
2577 4983 2969 5054 cognitionem.
2994 4983 3140 5038 Nihil
3174 4998 3310 5054 ergo
3332 4984 3544 5054 primus

1968 5079 2135 5134 homo
2195 5076 2340 5131 inter
2392 5076 2565 5130 Deum
2627 5083 2685 5130 et
2737 5076 3131 5147 semeptipsum
3190 5078 3429 5132 habebat
3472 5078 3541 5133 ad

1968 5170 2255 5225 scientiam
2313 5167 2629 5236 objectmn,
2673 5171 2930 5238 quodque
2978 5184 3133 5223 suam
3198 5152 3319 5240 per‘
3356 5171 3542 5225 chari-

1970 5270 2135 5316 tatcm
2169 5260 2536 5314 voluntariam
2590 5259 2896 5314 secundum
2931 5262 3229 5315 motionem
3272 5261 3340 5317 ad
3370 5263 3540 5317 Deum

1968 5354 2208 5408 futuram
2231 5351 2527 5422 impediret
2558 5352 2962 5422 cognationem,
2991 5361 3048 5408 et
3078 5354 3287 5408 ideirco
3314 5375 3332 5404 ε
3360 5354 3541 5409 nudus

1970 5445 2366 5515 simplicitate)
2404 5460 2463 5499 .a
2498 5444 2761 5515 magistro
2817 5454 2902 5499 est
2959 5446 3284 5514 appellatus,
3352 5456 3541 5515 utpote

1969 5534 2222 5603 superior
2254 5533 2515 5591 naturali,
2550 5533 2828 5589 desiderio
2875 5534 3053 5590 factus
3090 5537 3263 5600 omni,
3302 5546 3356 5591 ct
3390 5556 3408 5587 ι
3431 5537 3541 5592 vita

1970 5623 2203 5678 artiﬁcio
2229 5632 2471 5689 carente,
2498 5644 2516 5675 ι
2548 5633 2739 5694 utpote
2796 5627 2946 5681 omni
2987 5628 3096 5682 vita
3126 5629 3339 5683 artibus
3402 5628 3545 5683 indi-

1969 5724 2344 5786 gentepnrus,
2374 5723 2431 5772 et
2461 5733 2480 5771 ι
2503 5717 2682 5772 omnis
2713 5717 3073 5793 integumenti
3124 5732 3180 5776 et
3210 5719 3545 5776 munimenti

3072 5812 3150 5874 lt3
