3938 6192
255 224 393 290 i357

1497 194 2016 275 AMBIGUORUM
2056 210 2308 273 LIBER.

3376 198 3515 263 1358

252 339 347 393 καὶ
396 332 668 405 ἑϐδομάδα
732 330 826 383 καὶ
872 329 1016 401 μῆνα
1076 328 1170 382 καὶ
1216 326 1404 397 καιρὸν
1453 327 1547 379 καὶ
1590 324 1836 377 ἐνιαυτὸν

1963 322 2106 385 'eris,
2151 319 2379 384 aestatis,
2412 318 2684 383 autumni,
2735 317 2934 372 hiemis
2975 315 3414 371 vicissitudinem
3458 320 3515 366 et

255 422 545 496 μερίζεται
567 439 626 475 τε
652 424 746 476 καὶ
770 424 1084 491 συνάγεται·
1120 422 1214 475 καὶ
1239 422 1267 474 6
1290 416 1538 482 ἐνιαυτὸς
1558 418 1840 482 ὡσαύτως,

253 519 334 580 είς
366 515 519 586 ῶραν
573 516 671 568 καὶ
712 515 928 585 ἡμέραν
982 517 1074 568 καὶ
1119 512 1391 583 ἑϐδομάδα
1441 513 1535 564 καὶ
1570 512 1717 580 μῆνα
1750 509 1845 563 καὶ

253 608 493 679 καιρὸν,
552 606 810 677 συνεχοῦς
858 609 953 660 καὶ
1000 605 1324 662 ἀδιαστάτου
1376 603 1473 672 τῆς
1521 604 1644 655 κατ’
1683 601 1845 654 αὐτὸν

257 698 533 770 μενούσης
560 700 834 769 κινήσεως
858 740 873 764 ,
932 698 1059 768 περὶ
1084 698 1152 768 ἢν
1183 698 1240 748 αί
1270 694 1412 748 κατά
1437 692 1537 765 τὴν
1564 692 1847 746 ἀλλοίωσιν

251 789 557 860 διαιρέσεις
610 788 983 860 θεωρούμεναι
1027 790 1125 858 τὴν
1159 788 1356 858 συνεχῆ
1399 786 1491 840 καὶ
1522 784 1848 839 ἀδιάστατον

255 881 575 953 ἠρίθμησαν
606 880 700 934 τοῦ
728 880 919 951 χρόνου
950 881 1188 949 κίνησιν.
1236 879 1298 932 Ei
1325 880 1387 949 δὴ
1415 877 1593 946 τούτῳ
1620 875 1697 946 τῷ
1719 876 1847 945 τρό-

257 990 347 1041 πῳ
393 973 524 1044 παρ’
562 973 692 1042 ἡμῖν
747 972 890 1026 κατά
932 973 1031 1042 τὴν
1078 971 1171 1024 τοῦ
1207 971 1355 1040 ἡλίου
1391 969 1564 1041 φορὰν
1604 967 1849 1029 ἐνιαυτὸς

257 1063 492 1130 γίνεται,
524 1061 764 1124 ἐνιαυτὸς
790 1058 992 1132 δηλαδὴ
1021 1059 1226 1132 Κυρίου
1253 1058 1439 1121 δεκτός
1463 1060 1578 1110 έστι
1608 1057 1846 1121 πάντως,

257 1153 336 1215 ώς
383 1153 738 1223 γέγραπται,
801 1152 945 1204 κατά
994 1151 1227 1219 τὸντῆς
1260 1149 1592 1219 ἀλληγορίας
1623 1147 1846 1219 τρόπον,

258 1246 295 1315 ἡ
328 1246 480 1298 πᾶσα
516 1242 698 1315 (242
718 1243 768 1312 b)
797 1243 905 1296 τῶν
932 1241 1145 1296 αἰώνων
1175 1241 1519 1312 παράτασις,
1557 1241 1650 1293 ἀπ’
1676 1239 1851 1310 ἀρχῆς

256 1333 327 1410 ἦς
381 1337 673 1405 εὐδόκησεν
724 1336 753 1387 ό
797 1333 931 1397 Θεὸς
982 1334 1243 1387 ούσιῶσαι
1284 1332 1352 1385 τά
1386 1332 1516 1384 ὄντα
1543 1374 1557 1395 ,
1618 1332 1712 1384 καὶ
1739 1333 1852 1394 τοῖς

263 1430 345 1500 μὴ
393 1428 545 1482 οὖσιν
598 1425 833 1496 ὓπαρξιν
882 1426 1064 1479 δοῦναι
1092 1464 1107 1487 ,
1165 1425 1259 1479 καὶ
1302 1424 1389 1477 διὰ
1431 1424 1534 1492 τῆς
1570 1423 1849 1493 προνοίας,

258 1519 454 1592 ὥσπερ
488 1535 574 1580 τις
602 1518 790 1588 νοητὸς
817 1519 969 1589 ἣλιος
1002 1518 1100 1588 τῆς
1132 1515 1268 1587 πρὸς
1292 1517 1557 1586 διαμονὴν
1591 1514 1848 1584 συνεχού-

263 1629 370 1683 σης
402 1612 463 1664 τὸ
494 1612 601 1664 πᾶν
623 1609 933 1678 δυνάμεως,
993 1606 1480 1676 συγκαταϐατικῶς
1509 1609 1720 1675 ἐφεῖναι
1752 1606 1851 1675 τὴν

262 1704 465 1756 ἀκτῖνα
496 1702 823 1772 ἀνεχόμενος
845 1741 861 1765 ,
917 1698 1163 1753 ποικίλαι
1191 1699 1317 1760 τοὺς
1348 1699 1584 1769 τρόπους
1611 1697 1851 1762 ἀξιώσας

264 1794 409 1866 πρὸς
433 1793 826 1864 τελεσφόρησιν
849 1785 923 1846 ὧν
944 1794 1057 1854 τοῖς
1076 1790 1226 1845 οὖσιν
1248 1791 1465 1844 οίκείων
1487 1791 1853 1861 κατέσπειρεν

264 1883 493 1962 ἀγαθῶν
527 1886 685 1955 μέχρι
715 1886 813 1956 τῆς
841 1886 1057 1940 πάντων
1085 1886 1560 1957 ἀποπερατώσεως
1584 1885 1693 1941 τῶν
1720 1886 1855 1941 αίώ-

266 1987 421 2041 νων,
483 1974 605 2029 καθ’
651 1978 716 2046 ἢν
772 1976 1016 2041 συλλέξει
1067 1980 1167 2049 τῆς
1207 1979 1414 2042 οἰκείας
1464 1979 1675 2049 σπορᾶς
1728 1979 1855 2042 τοὺς

268 2068 523 2139 καρποὺς
581 2068 837 2132 ζιζανίων
891 2071 1112 2140 ἀμιγεῖς
1167 2069 1265 2124 καὶ
1313 2070 1497 2140 πάσης
1542 2070 1855 2141 ἀχυρώδους

264 2156 442 2227 ἀχνης
495 2163 588 2210 καὶ
636 2159 1033 2229 συμφορήσεως
1077 2159 1385 2230 καθαροὺς,
1445 2162 1540 2214 καὶ
1572 2161 1603 2211 6
1634 2160 1859 2232 σύμπας

264 2247 370 2316 τῆς
402 2245 511 2300 τῶν
540 2249 876 2317 κινουμένων
904 2247 1174 2322 κινήσεως
1204 2250 1648 2322 περαιωθήσεται
1678 2253 1855 2322 λόγος,

264 2336 550 2391 λαϐόντων
582 2337 691 2392 τῶν
718 2338 884 2405 ἀξίων
910 2339 1009 2411 τὴν
1034 2341 1455 2412 ἐπηγγελμένην
1483 2344 1584 2411 τῆς
1610 2341 1859 2407 θεώσεως

266 2429 512 2500 ἐσχάτην
540 2433 942 2503 μακαριότητα.
986 2434 1208 2498 (Ἥλιος
1233 2454 1251 2485 ι
1279 2434 1372 2488 οὖν
1410 2453 1428 2486 ι
1459 2434 1804 2507 δικαιοσύνης
1834 2454 1852 2487 ι

266 2523 298 2573 6
321 2520 526 2593 Κύριος
549 2518 1009 2593 προσηγόρεὺται,
1034 2526 1111 2589 ώς
1133 2526 1363 2597 ποιητὴς
1386 2526 1481 2580 καὶ
1504 2526 1860 2597 συντελεστὴς

263 2612 386 2667 τῶν
409 2612 655 2677 αἰώνων,
716 2617 808 2669 καὶ¹
851 2616 926 2680 ώς
960 2618 1104 2689 ἀρχὴ
1133 2619 1353 2673 πάντων
1400 2620 1497 2672 καὶ
1522 2620 1713 2685 τέλος,
1767 2622 1862 2673 καὶ

262 2702 375 2774 τῆς
417 2705 732 2774 πενταπλῆς
782 2708 925 2763 κατά
959 2709 1057 2780 τὴν
1084 2710 1344 2780 πρόνοιαν
1388 2710 1498 2763 τῶν
1529 2712 1862 2782 προνοουμέ-

264 2805 385 2842 νων
432 2790 607 2861 σοφῆς
653 2793 907 2859 εὐταξίας
949 2797 1284 2868 δημιουργὸς
1311 2837 1326 2861 ,
1382 2799 1475 2852 καὶ
1521 2800 1597 2863 ὼς
1638 2799 1863 2871 πληρῶν

262 2879 344 2933 τὰ
381 2881 558 2935 πάντα
610 2884 786 2952 φωτὸς
814 2885 986 2939 ἀϊδίου
1030 2891 1147 2952 ταῖς
1181 2888 1554 2955 ἀνεκλείπτοις
1583 2890 1863 2954 ἐπιϐολαῖς

1943 427 2151 467 annum
2186 411 2450 466 dividitur
2468 419 2635 480 atque
2653 409 3031 479 consociatuy;
3061 408 3303 475 itemque
3338 420 3516 459 anuus

1946 506 2001 560 in
2033 507 2224 560 horam
2252 515 2307 560 et
2332 505 2476 560 diem
2499 516 2556 560 et
2584 504 2986 559 hebdomadam
3012 512 3067 558 et
3086 517 3328 557 mensem
3353 509 3409 556 ct
3433 501 3515 554 vi-

1946 597 2351 661 cissitudinem,
2369 597 2500 651 dum
2526 598 2785 651 continua
2808 604 2876 653 eL
2892 596 3060 650 nullis
3090 594 3325 649 discreta
3345 594 3519 649 inter-

1946 692 2106 746 vallis
2135 708 2234 761 per
2262 708 2389 746 eum
2436 700 2622 745 manet
2656 691 2849 754 motio,
2876 691 3022 745 circa
3066 698 3232 759 quam
3277 705 3398 759 qtae
3424 704 3521 757 per

1949 784 2389 839 immutationem
2447 794 2768 853 spectantur
2815 782 3156 847 discrimina,
3199 783 3520 836 continuam

1947 875 2226 943 nullisque
2248 874 2553 928 intervallis
2576 874 2905 944 disjunctam
2927 874 3192 943 temporis
3223 872 3523 926 motionem

1950 967 2198 1020 numeris
2220 964 2586 1034 distinguunt.
2609 964 2765 1030 Quod
2800 965 2846 1018 si
2876 965 2929 1018 in
2955 965 3101 1019 hunc
3125 964 3348 1018 modum
3380 963 3524 1033 apud

1950 1071 2054 1111 nos
2076 1054 2380 1110 secundum
2411 1053 2542 1108 solis
2568 1069 2788 1107 cursum
2811 1053 2867 1107 ﬁt
2895 1070 3093 1119 annus,
3126 1069 3303 1108 annus
3332 1068 3527 1122 nempe

1950 1145 2169 1202 Domini
2194 1143 2550 1214 acceptabilis
2570 1145 2806 1197 cumino
2844 1153 2928 1198 est
2967 1153 3017 1208 γ,
3068 1156 3129 1198 ιιι
3156 1145 3425 1215 scriptum
3452 1144 3530 1198 le-

1952 1237 2101 1307 gitur
2129 1234 2435 1289 secundum
2465 1233 2747 1304 allegoriae
2786 1233 3011 1287 modum
3051 1235 3309 1288 universa
3352 1249 3528 1289 srecu-

1953 1332 2132 1385 lorum
2184 1330 2434 1385 extensio
2485 1344 2550 1384 ac
2570 1329 2765 1394 series,
2799 1344 2828 1382 a
2884 1328 3042 1397 cujus
3091 1328 3365 1398 principio
3417 1329 3531 1382 Deo

1932 1422 2163 1494 placuit
2189 1423 2432 1479 essentia
2466 1438 2665 1477 ornare
2688 1438 2753 1476 ea
2774 1437 2896 1492 qua:
2917 1431 3095 1487 erant,
3113 1431 3170 1476 et
3203 1422 3530 1476 exstantium

1932 1517 2086 1571 idare
2109 1519 2191 1571 eis
2221 1532 2341 1586 qum
2365 1530 2473 1569 non
2498 1525 2678 1580 erant,
2728 1524 2786 1569 et
2816 1531 2913 1584 per
2941 1514 3369 1585 providentiam,
3411 1522 3534 1567 tan-

1956 1623 2121 1680 quam
2145 1607 2535 1663 intellectualis
2565 1607 2737 1677 aliqui
2808 1606 2890 1660 sol
2940 1605 3165 1659 virtutis
3196 1604 3264 1658 ad
3317 1619 3537 1673 perscr-

1910 1697 1925 1767 ῗ
1955 1701 2193 1756 randum
2225 1699 2638 1754 universitatem
2659 1697 3017 1761 continentis,
3054 1711 3177 1751 cum
3202 1697 3539 1750 condescen-

1956 1795 2111 1849 sione
2145 1792 2362 1847 radium
2390 1792 2690 1847 immittere
2708 1791 3010 1854 sustinens,
3028 1804 3140 1859 quo
3158 1789 3397 1842 variaret
3415 1802 3539 1841 mo-

1956 1885 2057 1940 dos
2080 1884 2145 1939 ad
2170 1883 2494 1938 maturanda
2519 1898 2583 1938 ea
2608 1882 2749 1937 bona
2780 1897 2903 1952 quae
2924 1880 3093 1936 rebus
3139 1879 3538 1934 exsistentibus

1955 1978 2181 2048 prepria
2220 1976 2425 2031 insevit
2454 1991 2629 2045 usque
2659 1974 2789 2028 dum
2829 1975 3013 2030 omnia
3048 1973 3247 2029 sarcula
3281 1988 3540 2027 consum-

1958 2078 2103 2125 mata
2124 2070 2353 2132 fuerint,
2390 2084 2501 2138 quo
2537 2077 2786 2137 tempore
2822 2068 3031 2138 proprii
3075 2067 3303 2123 seminis
3326 2066 3540 2122 fructus

1959 2165 2180 2235 colliget
2209 2178 2238 2217 a
2258 2162 2435 2217 loliisr
2457 2162 2749 2226 discretos,
2778 2162 3042 2231 omnique
3090 2160 3303 2231 paleari
3353 2161 3537 2231 gluma

1959 2265 2124 2326 atque
2169 2255 2429 2324 congerie
2475 2268 2666 2323 puros,
2724 2253 2968 2323 dumque
3029 2253 3287 2308 universa
3343 2268 3540 2308 eorum

1960 2361 2084 2416 quae
2107 2353 2400 2399 moventur
2434 2343 2697 2398 motionis
2743 2339 2883 2398 ra'tio
2921 2343 3451 2408 fuerit-terminata,
3485 2354 3543 2398 et

1962 2437 1998 2491 ii
2027 2437 2120 2506 qui
2155 2444 2478 2491 meruerunt
2502 2433 2871 2488 deiﬁcationis
2914 2450 3182 2489 summam
3226 2449 3348 2502 qua:
3400 2449 3546 2502 pm-

1963 2528 2143 2583 dicata
2169 2536 2290 2582 erat
2328 2524 2730 2582 beatitudinem
2766 2524 3101 2595 percipiunt.
3152 2543 3169 2575 ι
3195 2522 3285 2579 Sol
3317 2543 3335 2574 ι
3375 2524 3544 2594 igitur

1972 2617 2236 2690 «justitiaa
2259 2636 2277 2668 ι
2333 2617 2601 2672 Dominus
2642 2616 2972 2685 appellatur,
3015 2624 3075 2669 ut
3109 2616 3285 2670 factor
3323 2624 3380 2668 et
3409 2630 3542 2667 con-

1966 2717 2269 2764 summator
2300 2709 2651 2772 saeculorum,
2675 2717 2733 2762 et
2754 2714 2815 2760 ut
2845 2706 3179 2777 principium
3207 2722 3394 2761 rerum
3418 2707 3543 2760 uni-

1964 2817 2250 2857 versarum
2274 2816 2336 2855 ac
2361 2800 2504 2863 ﬁnis,
2558 2794 2948 2868 quintuplique
2991 2778 3295 2851 secundtim
3356 2797 3548 2851 Provi-

1967 2893 2208 2947 dentiam
2227 2892 2358 2946 boni
2387 2890 2727 2959 acsapientis
2756 2890 2811 2942 in
2837 2890 3004 2943 rebus
3032 2890 3235 2959 quibus
3260 2890 3545 2959 provisum

264 2971 378 3041 τῆς
402 2972 762 3045 ἀγαθότητος,
798 2977 894 3031 καὶ
923 2980 1049 3043 τοὺς
1079 2981 1406 3049 εὐρύνοντας
1433 2982 1568 3051 πρὸς
1594 2983 1858 3054 ὑποδοχὴν

1967 2995 2052 3039 est
2085 2984 2297 3039 ordinis
2325 2981 2656 3037 constitutor
2691 2991 2747 3035 et
2768 2980 2986 3045 artifex,
3019 2990 3075 3036 et
3107 2989 3165 3035 ut
3186 2990 3392 3035 wterna
3422 2981 3547 3034 luce

265 3064 378 3131 τῆς
433 3066 599 3118 αὑτοῦ
648 3070 926 3139 μακαρίας
964 3072 1184 3136 ἀκτῖνος
1232 3074 1358 3136 τοὺς
1400 3074 1608 3127 ἑαυτῶν
1636 3078 1861 3146 νοητοὺς

271 3155 487 3225 πόρους
516 3158 815 3230 πεπείρους
860 3161 952 3213 καὶ
984 3161 1278 3232 ἐδωδίμους
1310 3162 1388 3234 τῷ
1414 3163 1533 3234 Θεῴ
1563 3164 1658 3217 καὶ
1687 3166 1864 3233 Πατρὶ

267 3246 622 3318 ποιούμενος.
683 3250 743 3303 ⁸0
790 3253 954 3315 αὐτὸς
994 3253 1050 3306 δὲ
1099 3256 1194 3307 καὶ
1234 3256 1482 3319 ἐνιαυτός
1508 3259 1623 3310 ἐστι
1656 3258 1861 3326 Κυρίου

265 3342 489 3410 δεκτὸς,
523 3344 600 3409 ὡς
627 3344 718 3399 διά
744 3347 964 3400 πάντων
995 3348 1104 3402 τῶν
1133 3349 1459 3419 σωζομένων
1484 3351 1864 3423 πληρούμενος

267 3433 423 3487 οιατά
459 3433 558 3505 τὴν
612 3434 705 3487 ὑπ’
735 3435 901 3489 αὐτοῦ
935 3438 1142 3508 νοητῶς
1167 3440 1461 3510 γινομένην
1494 3443 1864 3512 πεντάτροπον

268 3522 533 3592 κίνησιν,
585 3523 661 3585 ώς
691 3524 875 3578 Ἡλίου
896 3526 1270 3598 δικαιοσύνης,
1300 3530 1491 3600 ἥντινα
1517 3532 1704 3602 νοήσει
1729 3532 1865 3585 πάν-

272 3629 393 3676 τως
429 3615 457 3666 6
490 3613 579 3667 διά
602 3614 700 3685 τῆς
726 3615 834 3667 τῶν
861 3616 1202 3686 φαινομένων
1230 3619 1494 3689 ἀκριϐοῦς
1537 3623 1679 3677 κατά
1708 3621 1866 3691 λόγον

281 3705 527 3777 φυσικῆς
567 3707 801 3778 θεωρίας
849 3707 947 3779 τὴν
988 3709 1098 3763 τῶν
1134 3712 1440 3782 νοουμένων
1486 3716 1867 3787 πνευματικὴν

290 3796 596 3867 ἐπιστήμην
626 3797 1036 3868 συλλεγόμενος.
1067 3798 1305 3854 Ἐκεῖθεν
1326 3802 1381 3855 δὲ
1401 3820 1418 3854 ι
1438 3803 1759 3875 ὁρμώμενος
1773 3805 1817 3837 ³⁷
1844 3826 1862 3858 ι

206 3882 211 3887 ’
283 3886 503 3956 εἴρηται
524 3888 599 3958 τῷ
620 3887 923 3959 διδασκάλῳ
941 3889 1122 3961 (243
1138 3883 1214 3960 'a),
1245 3894 1306 3963 «ἢ
1328 3892 1406 3963 τῷ
1428 3894 1689 3966 δρωμένῳ
1716 3914 1871 3969 περι-

286 3977 533 4048 γραπτὸς
554 4019 569 4044 ,
618 3998 637 4029 ›
679 3978 711 4048 ἢ
742 3979 818 4042 ὡς
868 3979 984 4049 φῶς
1011 3982 1075 4033 ὲκ
1104 3980 1300 4049 φωτὸς,
1337 3985 1433 4035 καὶ¹
1457 3983 1590 4049 Θεὸς
1618 3986 1872 4057 ἀληθινὸς

286 4069 350 4120 ὲκ
391 4068 527 4120 Θεοῦ
574 4071 695 4122 κατ’
718 4070 909 4125 οὐσίαν
944 4070 1199 4141 ἀληθινοῦ
1230 4073 1323 4126 τοῦ
1353 4075 1570 4145 Πατρὸς
1598 4079 1872 4150 γεννητῶς

285 4158 607 4229 ὁρμώμενος
628 4200 643 4224 ,
699 4160 731 4233 ἦ
781 4162 857 4224 ὡς
905 4162 1191 4232 ἅνθρωπος
1222 4164 1251 4217 6
1280 4166 1441 4230 αὐτὸς
1471 4168 1548 4238 τῷ
1577 4169 1700 4224 καθ’
1722 4172 1872 4240 ἡμᾶς

287 4248 551 4320 ὁρωμένῳ
600 4252 701 4322 τῆς
743 4252 962 4321 φύσεως
1008 4254 1140 4307 εῖδει
1173 4259 1578 4328 περιγραπτὸς,
1617 4260 1869 4334 καθάπερ

1970 3077 2226 3131 universa
2258 3074 2479 3143 replens
2500 3073 2679 3142 plenis
2702 3071 2967 3126 bonitatis
2999 3070 3323 3135 missilibus,
3358 3080 3416 3124 et
3449 3086 3547 3125 eos

1966 3172 2061 3243 qui
2095 3170 2237 3226 beati
2269 3171 2391 3240 ejus
2417 3168 2557 3223 radii
2582 3165 2886 3236 recipiendi
2920 3165 3096 3236 gratia
3146 3164 3547 3219 intellectuales

1968 3258 2186 3313 canales
2216 3272 2349 3312 suos
2380 3256 2647 3325 amplient
2696 3262 2942 3308 maturos
2976 3263 3034 3308 et
3087 3250 3401 3309 esculenlo‘s
3434 3255 3546 3308 Deo

1968 3358 2025 3404 et
2060 3348 2210 3405 Patri
2236 3348 2497 3403 reddens.
2520 3346 2671 3401 Idem
2707 3361 2839 3410 vero
2865 3354 2923 3400 et
2959 3360 3138 3400 annus
3190 3347 3406 3401 Domini
3452 3361 3544 3401 ac—

1970 3441 2260 3511 ceptabilis
2290 3449 2392 3504 est,
2424 3437 2500 3493 ut'
2513 3455 2613 3508 per
2636 3453 2831 3492 omnes
2860 3439 3264 3508 quiservantur
3285 3454 3547 3494 consum-

1969 3538 2150 3585 matus
2188 3529 2491 3584 secundum
2535 3527 2884 3597 quintuplam
2926 3543 3049 3596 quae
3098 3528 3549 3584 intellectualitcr

1970 3617 2031 3673 ﬁt
2058 3618 2128 3672 ab
2157 3631 2244 3683 eo,
2281 3626 2540 3685 tanquam
2568 3615 2798 3686 justitiam
2845 3616 2993 3681 Sole,
3023 3617 3348 3685 motionem,
3382 3636 3549 3689 quam

1930 3716 2189 3774 .noverit
2254 3717 2415 3787 plane
2464 3716 2785 3785 quicunque
2834 3733 2933 3786 per
2983 3717 3301 3789 diligentem
3335 3722 3551 3776 ratione

1972 3825 2158 3866 rerum
2184 3824 2307 3879 quae
2336 3808 2477 3863 visui
2537 3816 2727 3862 nostro
2788 3810 3017 3880 objecta;
3051 3823 3180 3866 sunt
3239 3813 3549 3867 naturalem

1973 3898 2494 3969 contemplationem
2521 3899 2805 3971 collegerit
2836 3900 3180 3970 Spiritualem
3202 3917 3395 3957 eorum
3428 3920 3551 3974 quae

1973 4000 2279 4048 noscuntur
2300 3991 2611 4046 scientiam.
2642 3992 2965 4071 lllincyero
2995 4011 3013 4043 ι
3057 3995 3437 4065 progrediens,
3461 3997 3549 4050 vel

1975 4084 2043 4139 ad
2069 4092 2281 4154 partem
2315 4098 2435 4138 eam
2465 4099 2587 4153 qua:
2617 4084 2793 4139 oculis
2823 4085 3070 4141 cernitur
3095 4087 3552 4158 circumscriptus

1976 4184 2033 4231 et
2068 4173 2333 4229 definitus
2358 4193 2377 4224 ι
2418 4173 2743 4244 ε’ῐηοείειτο
2777 4175 3086 4244 appellatus
3115 4184 3218 4241 est,
3252 4177 3336 4232 vel
3364 4185 3424 4231 ut
3459 4178 3553 4231 lux

1977 4268 2045 4323 de
2070 4268 2214 4329 luce,
2268 4276 2324 4320 et
2367 4266 2514 4320 Deus
2542 4281 2709 4319 verus
2756 4266 2825 4320 de
2865 4268 2977 4321 Deo
3017 4269 3387 4324 essentialiter
3417 4286 3552 4325 vero

286 4337 435 4408 ἥλιος
492 4344 520 4395 6
569 4344 635 4397 ἐκ
677 4344 772 4398 τοῦ
818 4345 1050 4416 ούρανοῦ
1101 4346 1422 4419 ὁρμώμενος
1452 4351 1530 4423 τῷ
1558 4355 1858 4426 φαινομένῳ

1974 4359 2138 4414 Patre
2188 4355 2563 4427 generationis
2613 4356 2702 4410 via
2756 4358 3136 4428 progrediens,
3165 4360 3251 4414 vel
3299 4370 3362 4415 ut
3384 4361 3595 4416 horn0°

286 4429 572 4487 δισκοειδεί
604 4434 820 4503 σώματι
848 4437 1313 4509 περιγέγραπται.

1976 4450 2122 4505 idem
2151 4449 2246 4520 qui
2308 4447 2366 4502 in
2391 4447 2553 4501 nobis
2589 4446 2813 4502 videtur
2838 4440 3052 4504 natura:
3078 4451 3261 4519 specie
3311 4452 3552 4506 circum-

288 4523 548 4593 scriptus,
601 4526 1069 4596 quemadmodum
1125 4528 1230 4595 sol,
1270 4533 1365 4601 qui
1435 4533 1504 4589 de
1572 4536 1712 4591 ccelo
1776 4542 2137 4612 progrediens
2158 4555 2393 4610 corpore
2436 4539 2591 4595 disco
2632 4538 2796 4596 simili
2845 4549 3144 4611 apparente
3199 4542 3552 4599 circumscri-

287 4615 457 4673 bitur.

304 4793 406 4847 Ἐκ
438 4793 546 4848 τοῦ
575 4795 763 4850 αὐτοῦ
791 4799 978 4866 λόγου
1011 4804 1097 4869 εἰς
1126 4808 1213 4860 τό·
1254 4827 1272 4859 ι
1305 4810 1660 4877 Θαυμαστὸν
1690 4812 1871 4867 οὐδὲν

362 4888 415 4935 ει
461 4884 731 4952 μάλιστα
799 4893 925 4944 κατ’
973 4890 1142 4949 οἷκον
1192 4898 1457 4954 ἕκαστον
1517 4900 1872 4971 ἐπιζητεῖται

362 4976 429 5028 τὸ
459 4980 757 5045 πρόϐατον
778 4983 911 5053 (43).
926 5004 944 5036 ι

365 5067 546 5158 Εἴποι-
570 5069 614 5122 δ’
654 5072 718 5125 ἄν
761 5091 879 5139 τις,
933 5079 1029 5132 καὶ
1077 5081 1336 5151 εὐλόγως,
1370 5084 1443 5148 ώς
1473 5081 1644 5156 οἶμαι,
1686 5089 1870 5158 τυχὸν,

294 5158 469 5229 Εἴπερ
500 5156 579 5224 εἷς
608 5163 754 5217 ἐστιν
788 5168 815 5219 6
840 5169 1076 5235 Χριστὸς
1101 5176 1129 5227 6
1153 5175 1241 5227 διὰ
1266 5176 1430 5246 νόμου
1456 5178 1548 5230 καὶ
1578 5156 1875 5248 προφητῶν

297 5248 391 5302 καὶ
438 5249 536 5319 τῆς
586 5251 728 5307 κατά
771 5254 869 5326 τὴν
912 5259 1090 5312 κτίσιν
1143 5264 1559 5334 μεγαλειότητος
1596 5267 1876 5337 μυστικῶς

373 5370 397 5411 Ὶ
432 5362 568 5420 Luc.
600 5383 672 5430 IV,
700 5367 787 5423 19.

1981 4811 2066 4866 Ea:
2093 4811 2271 4865 eodem
2297 4825 2539 4864 sermone
2563 4811 2618 4863 in
2658 4810 2834 4866 illud:
2865 4832 2884 4864 ι
2904 4813 3052 4868 Illud
3088 4819 3303 4872 minime
3345 4822 3552 4876 miran-

2047 4903 2193 4967 dum,
2225 4902 2366 4972 quod
2405 4904 2636 4956 maxime
2685 4919 2779 4973 per
2813 4906 3054 4977 singulas
3100 4910 3279 4965 domos
3330 4914 3437 4968 ovis
3469 4930 3555 4967 re-

1949 5008 1953 5013 '
2049 4995 2295 5065 quiritur.
2324 5011 2342 5044 ι

2048 5088 2205 5142 Dicat
2235 5100 2371 5140 vero
2397 5084 2599 5154 aliquis
2647 5085 2902 5151 fortasse,
2939 5102 3043 5143 nec
3073 5090 3193 5144 sine
3227 5093 3460 5167 ratione,
3495 5102 3556 5149 ut

1982 5178 2117 5233 mihi
2163 5176 2412 5231 videtur:
2463 5174 2520 5228 Si
2567 5175 2790 5245 quidem
2850 5193 2995 5233 unus
3041 5190 3127 5235 est
3154 5180 3429 5250 Christus,
3460 5198 3559 5254 per

1983 5270 2159 5341 legem
2184 5277 2239 5324 et
2260 5264 2577 5337 prepbetas,
2598 5282 2806 5337 perque
2833 5269 3168 5327 conditionis
3200 5273 3563 5342 magniﬁcen-

1576 5441 1813 5497 VAlile
1856 5444 2258 5500 LECTiONl-JS.

373 5501 418 5534 ³⁷
446 5505 834 5576 Apographum
867 5507 1072 5577 prtebet
1104 5494 1159 5562 h.
1197 5510 1236 5563 l.
1269 5512 1565 5582 ὁρώμενος.

372 5615 486 5689 (45)
525 5617 675 5673 Idem
727 5621 876 5689 ibid.,
913 5637 1032 5693 cap.
1072 5624 1157 5691 Η,
1205 5639 1260 5692 p.
1297 5625 1422 5693 856,
1470 5635 1601 5681 tom.
1653 5628 1842 5700 lOpp.
1885 5629 2019 5687 edit.
2065 5631 2269 5687 Bened.
