3938 6192
514 160 651 228 1359

1691 157 1749 216 S.
1785 144 2071 216 MAXIMI
2104 148 2609 212 CONFESSORIS

3570 152 3662 219 1360

514 280 644 333 tiam
694 275 778 332 eis
827 277 922 346 qui
968 274 1329 346 spiritualiter
1372 275 1566 331 audire
1586 282 1753 345 atque
1778 272 1968 328 videre
1991 286 2088 326 cu-

2196 269 2303 330 τοῖς
2345 266 2563 319 ἀκούειν
2612 262 3002 335 πνευματικῶς
3044 263 3135 316 καὶ
3164 263 3286 333 ὁρᾷν
3309 263 3575 333 δυναμένοις
3597 288 3663 340 κη.

512 378 676 437 piunt
702 368 931 438 mystice
962 366 1308 435 prmdicatus,
1350 366 1628 438 quomodo
1657 375 1846 437 typum
1876 362 2087 419 Christi

509 456 749 511 absolvit
778 458 867 510 lex
892 464 948 521 et
968 456 1169 510 multas
1189 471 1287 526 per
1324 456 1520 512 domos
1547 456 1881 511 familiarum
1916 451 2090 509 sacri-

511 548 664 601 ﬁcari
686 547 885 617 jubet?
912 546 1013 602 Cui
1034 548 1433 618 respondemus
1448 550 1619 620 quod,
1641 549 1687 605 si
1716 548 1881 603 modo
1907 548 2088 617 ipsum

513 654 612 692 nos
631 654 956 709 caperemus
982 655 1316 703 sermonem,
1372 641 1818 697 intellectualiter
1848 640 1903 694 in
1937 640 2090 694 auri-

512 729 616 781 bus
633 737 796 797 atque
820 728 999 783 oculis
1045 728 1241 783 anima:
1264 728 1625 786 inhaerentem
1679 740 1736 785 et
1764 728 2090 798 exaperien-

512 829 621 875 tem
670 820 786 875 haec
812 820 881 875 ad
948 821 1324 890 receptionem
1368 829 1536 892 atque
1566 820 2089 891 contemplationem

511 913 899 984 mysteriorum
922 927 1175 978 suorum,
1207 913 1371 969 simul
1399 914 1470 968 ad
1508 914 1773 969 ultionem
1795 913 1975 967 omnis
2010 911 2079 964 in-

510 1001 844 1058 obedientiaa
872 1010 928 1057 et
952 1004 1300 1057 aversionem
1321 1003 1502 1059 omnis
1521 1003 1799 1066 vanitatis,
1825 1017 2087 1073 agnosce-

512 1110 699 1151 remus
720 1094 947 1149 omnino
973 1095 1259 1166 mysticam
1288 1110 1459 1150 sacrm
1498 1094 1796 1166 Scriptura:
1830 1096 2086 1149 volunta-

513 1198 646 1252 tem,
677 1200 804 1241 cum
824 1185 931 1239 hoc
962 1183 1219 1254 praesenti
1237 1183 1360 1239 loco
1389 1185 1685 1256 jungentes
1706 1184 1886 1239 simiie
1915 1183 2091 1253 quod-

511 1279 636 1333 dam
660 1276 728 1331 de
746 1274 921 1348 sancti
945 1274 1192 1345 Apostoli
1212 1290 1329 1338 ore,
1355 1274 1492 1329 illud
1511 1293 1524 1328 :
1540 1275 1657 1329 Non
1681 1276 1823 1329 enim
1850 1273 2090 1345 judicavi

513 1386 594 1441 me
614 1370 747 1422 scire
768 1367 973 1438 aliquid
1000 1369 1141 1444 inter
1195 1383 1302 1433 vos,
1354 1368 1456 1421 nisi
1496 1366 1679 1422 Iesum
1723 1367 2009 1428 Christum.
2039 1375 2089 1420 et

510 1460 649 1513 hunc
690 1457 1000 1525 cruciﬁxum
1038 1466 1082 1510 ι.
1137 1456 1612 1523 Quemadmodum
1646 1472 1859 1513 ‘revera
1916 1472 2090 1512 unus-

2194 359 2521 430 ρυττόμενος
2547 398 2562 422 ,
2621 357 2739 420 πῶς
2788 357 2881 410 τὸν
2922 355 3085 409 τύπον
3120 356 3149 407 6
3182 356 3333 424 νόμος
3366 357 3582 412 ἐπιτελῶν
3603 365 3666 415 τοῦ

2191 449 2431 523 Χριστοῦ
2467 449 2639 503 πολλά
2667 448 2916 519 πρόϐατα
2946 445 3154 499 κελεύει
3180 444 3387 498 θύεστιαι
3417 450 3517 500 κατ’
3537 452 3668 514 οἴκους

2190 539 2467 611 πατριῶν;
2508 539 2653 611 Πρὸς
2678 540 2738 592 ὃν
2765 555 2969 609 φαμεν,
3003 537 3077 600 ὡς
3104 537 3257 606 εἴπερ
3283 537 3429 589 αὐτὸν
3451 538 3671 609 δεξοίμεθα

2189 635 2279 688 τὸν
2307 634 2465 700 λόγον
2485 672 2501 696 ,
2556 632 2761 704 νοητῶς
2812 631 2922 685 τῶν
2982 628 3133 684 ὤτων
3180 629 3275 699 τῆς
3310 630 3469 700 ψυχῆς
3501 634 3577 686 καὶ
3597 637 3671 688 τῶι

2188 728 2455 797 ὀμμάτων
2473 724 2802 795 ἀπτόμενον,
2826 724 2920 777 καὶ
2938 722 3270 789 διανοίγοντα
3290 722 3443 774 ταῦτα
3459 724 3569 793 πρὸς
3583 727 3672 780 ὑπο-

2187 818 2349 888 δοχὴν
2380 817 2480 888 μὲν
2513 815 2608 869 καὶ
2639 815 2873 886 θεωρίαν
2905 813 3013 868 τῶν
3046 811 3212 867 αὑτοῦ
3241 814 3540 885 μυστηρίων,
3569 818 3672 870 ἐκδί-

2190 925 2354 978 κησιν
2397 909 2457 962 δὲ
2514 908 2697 980 πάσης
2760 907 3045 979 παρακοῆς
3119 907 3211 960 καὶ
3264 909 3567 981 ἀποστροφὴν
3600 912 3673 964 πά-

2192 1019 2293 1072 σης
2329 1004 2686 1073 ματαιότητος
2714 1042 2728 1065 ,
2790 1001 3051 1072 γνοίημεν
3110 998 3319 1063 πάντως
3374 1003 3429 1055 τὺ
3480 1007 3675 1074 μυστικὸν

2192 1094 2441 1165 βούλημα
2487 1094 2589 1163 τῆς
2636 1093 2802 1161 ἁγίας
2844 1092 3092 1163 Γραφῆς,
3142 1093 3219 1163 τῷ
3259 1097 3564 1167 προκειμένῳ
3586 1114 3674 1151 συν.

2191 1187 2430 1256 ἅψαντες
2462 1186 2650 1256 ὅμοιον
2681 1187 2747 1238 ὲκ
2775 1184 2871 1238 τοῦ
2900 1186 3060 1253 ἀγίου
3092 1184 3402 1240 Ἀποστόλου
3425 1188 3674 1256 φάσκοντος,

2190 1276 2271 1329 τόο
2315 1275 2505 1329 Οὐδὲν
2534 1274 2742 1343 ἔκρινα
2769 1274 2991 1329 ειδέναι
3020 1275 3093 1329 ἐν
3116 1275 3274 1346 ὑμῖν,
3316 1278 3364 1330 εἰ
3385 1278 3461 1346 μὴ
3485 1279 3677 1346 Χριστὸν

2204 1366 2469 1435 Ἰησοῦν,
2528 1366 2626 1421 καί
2653 1367 2871 1421 τοῦτον
2918 1367 3370 1438 ἐσταυρωμένον
3393 1380 3410 1398 ⁸
3447 1369 3597 1442 ὥσπερ
3614 1368 3677 1425 οὖν

2172 1456 2425 1524 ’ἕκαστος
2481 1460 2590 1513 τῶν
2646 1459 3099 1513 πεπιστευκότων
3144 1460 3222 1530 τῷ
3251 1461 3453 1532 Χριστῷ
3476 1464 3591 1515 κατὰ
3612 1463 3677 1533 τὴν

490 1554 750 1623 quisque
780 1568 973 1608 eorum
1010 1552 1105 1621 qui
1143 1549 1367 1606 Christo
1389 1551 1752 1607 crediderunt
1783 1566 1883 1621 pro
1910 1549 2086 1605 facul-

2196 1552 2399 1605 οίκείαν
2454 1551 2688 1622 δύναμιν
2724 1553 2840 1605 -καὶ
2888 1553 2989 1623 τὴν
3042 1552 3402 1625 ὑποκειμένην
3447 1554 3569 1624 αὐτῷ
3610 1555 3677 1622 τῆς

513 1618 624 1700 tate
661 1618 763 1700 sua
821 1654 878 1699 et
926 1618 1150 1697 virtutis
1196 1658 1304 1712 qua
1362 1643 1622 1699 innititur
1668 1618 1863 1696 habitu
1920 1651 2086 1711 atque

2196 1643 2394 1713 ἀρετῆς
2444 1643 2558 1708 ἕξιν
2596 1618 2665 1696 ⁷τε
2724 1643 2819 1696 καὶ
2868 1618 3135 1714 ποιότητα
3188 1618 3489 1714 σταυροῦται
3527 1618 3573 1699 τε
3615 1618 3678 1699 καὶ

512 1740 778 1811 qualitate
802 1736 1148 1808 cruciﬁgitur
1172 1746 1229 1791 et
1263 1733 1539 1806 cruciﬁgit
1564 1749 1751 1789 secum
1782 1732 2085 1797 Christum,

513 1831 558 1887 si
604 1846 731 1886 cum
784 1828 1005 1901 Christo
1038 1826 1404 1898 spiritualiter
1451 1823 1675 1895 quidem
1723 1811 2084 1892 cruciﬁgitur.

511 1922 669 1979 Alius
703 1921 851 1976 enim
879 1919 989 1975 alio
1055 1916 1279 1972 virtutis
1339 1915 1503 1970 modo
1531 1912 1944 1969 cruciﬁxionem
1993 1910 2091 1966 ad-

504 2022 665 2085 aptat
699 2013 804 2071 sibi
849 2020 1013 2082 atque
1036 2009 1325 2065 conciliat:
1358 2008 1450 2063 hic
1506 2007 1721 2077 quidem
1768 2005 1887 2060 solo
1908 2004 2089 2059 activo

514 2116 744 2178 peccato
765 2104 1084 2169 cruciﬁxus,
1114 2112 1278 2172 atque
1316 2100 1656 2157 mortiﬁcaus
1685 2098 1737 2154 id
1773 2099 1865 2154 Dei
1907 2096 2089 2153 timori

513 2195 775 2262 aﬁixum;
812 2196 904 2251 ille
955 2194 1089 2265 ipsis
1145 2193 1310 2248 etiam
1362 2190 1711 2262 passionibus
1759 2188 2086 2252 crucifixus,

513 2287 917 2356 facultatesque
940 2284 1137 2339 anima:
1161 2297 1486 2352 persanans;
1537 2280 1735 2336 tertius
1765 2279 1930 2334 etiam
1956 2279 2090 2349 ipsis

512 2378 835 2449 passionum
858 2375 1197 2431 vanitatibus
1220 2373 1533 2438 cruciﬁxus,
1559 2388 1667 2427 non
1684 2374 1866 2449 νειοῖο
1888 2371 2091 2443 jubens

514 2485 732 2532 sensus,
761 2468 830 2524 ad
856 2466 1230 2538 recipiendam
1255 2465 1383 2520 inde
1427 2463 1669 2533 aliquam
1714 2463 1881 2517 animi
1906 2462 1960 2517 in
1994 2477 2089 2516 su-

512 2561 682 2616 blime
700 2559 1100 2624 elevationem;
1135 2558 1225 2612 ille
1253 2556 1371 2612 suis
1394 2556 1541 2610 circa
1566 2555 1855 2625 passiones
1880 2554 2081 2623 cogita-

514 2651 762 2706 tionibus
786 2660 954 2720 atque
988 2647 1562 2704 considerationibus:
1605 2646 1749 2701 alius
1771 2646 1941 2700 etiam
1960 2659 2088 2699 sen-

515 2740 656 2797 suali
687 2736 909 2804 fradde;
935 2738 1083 2792 alius
1102 2752 1234 2792 vero
1274 2737 1441 2793 etiam
1464 2736 1731 2792 ‘naturali
1756 2735 2091 2806 proprietate

517 2828 817 2887 cruciﬁxus
840 2843 1103 2883 sensuum
1132 2826 1201 2882 ad
1226 2827 1512 2883 sensibilia
1538 2827 1866 2882 relationem
1902 2825 2090 2892 exuit;

516 2922 662 2977 alius
696 2934 919 2975 omnem
962 2933 1184 2988 quoque
1236 2918 1543 2988 generatim
1568 2918 1879 2974 sensualem
1925 2932 2091 2972 cruce

518 3002 822 3070 motionem
848 3010 1026 3075 sedat,
1063 3020 1125 3065 ut
1145 3009 1284 3065 nihil
1314 3010 1372 3065 in
1402 3026 1462 3065 se
1487 3026 1718 3080 prorsus
1731 3008 2094 3079 habeatquod

518 3106 847 3163 naturaliter
883 3112 1114 3175 agatur;
1158 3104 1302 3159 alius
1357 3103 1598 3173 denique
1619 3103 1687 3158 de
1736 3103 1851 3174 ipsa
1882 3102 2097 3157 intelle-

522 3199 692 3256 ctuali
720 3198 947 3253 omnino
1006 3195 1225 3252 desistit
1279 3195 1518 3260 actione,
1561 3203 1748 3264 atquc,
1808 3202 1868 3248 ut
1920 3195 2099 3264 majus

519 3291 770 3360 eloquar,
803 3287 893 3342 hic
926 3287 1149 3356 quidem
1178 3286 1417 3356 practica
1450 3301 1573 3357 quae
1614 3284 1820 3340 dicitur
1850 3284 2097 3355 philoso-

520 3384 652 3456 phia
678 3398 776 3454 per
797 3381 1291 3452 impassibilitatem
1334 3381 1653 3445 cruciﬁxus,
1675 3386 1733 3435 et
1770 3380 1838 3435 ad
1870 3390 2098 3435 natura-

522 3477 633 3533 lem
667 3475 723 3530 in
751 3475 955 3545 spiritu
979 3474 1526 3544 contemplationem,
1555 3473 1711 3543 quasi
1735 3488 1767 3527 a
1786 3488 1952 3527 carne
1973 3488 2101 3542 qua-

524 3563 649 3620 dam
682 3563 890 3620 Christi
914 3546 982 3618 ad
1023 3562 1268 3618 animam
1320 3565 1441 3634 ejus
1476 3563 1906 3635 transgrediens,
1960 3563 2100 3618 alter

522 3655 760 3710 naturali
786 3668 1008 3724 quoque
1060 3653 1423 3709 mortiﬁcatus
1463 3654 1954 3724 contemplatione,
2005 3653 2101 3709 ab-

516 3745 663 3816 jecta
698 3742 1054 3798 intellectuali
1083 3757 1270 3798 rerum
1289 3744 1757 3814 contemplatione
1774 3744 2098 3816 symbolica,

522 3845 579 3890 et
622 3834 691 3890 ad
727 3819 1063 3890 uniformem
1125 3842 1183 3889 et
1229 3833 1533 3904 simplicem
1587 3836 1908 3906 theologica:
1962 3836 2100 3892 artis

524 3924 899 3981 initiationem
945 3912 1103 3996 quasi
1148 3925 1218 3979 ab
1260 3925 1444 3980 anima
1494 3926 1730 3995 quadam
1778 3925 1984 3982 Christi
2031 3927 2100 3983 ad

524 4016 870 4071 intellectum
897 4016 1020 4086 ejus
1046 4016 1365 4081 translatus,
1388 4018 1585 4070 tertius
1617 4016 1782 4070 etiam
1815 4016 1884 4071 ab
1916 4018 2021 4073 hac
2045 4017 2099 4072 in

525 4107 862 4164 ineffabilem
917 4123 1015 4176 per
1064 4108 1280 4177 plenam
1343 4108 1691 4180 negationem
1772 4109 2099 4166 inﬁnitatem

528 4199 827 4257 ablativam
878 4208 1141 4269 tanquam
1171 4199 1240 4253 ab
1286 4199 1570 4256 intellectu
1609 4201 1848 4270 quodam
1895 4201 2098 4258 Christi

526 4290 598 4346 ad
648 4289 997 4344 diuinitatem
1026 4288 1147 4360 ejus
1202 4289 1432 4362 myStice
1480 4300 1739 4346 evectus:
1793 4293 2096 4348 secundum
2132 4281 2175 4335 1)

525 4398 703 4447 suam,
723 4391 783 4437 ut
812 4380 943 4447 dixi,
962 4381 1339 4452 unusquisque
1363 4381 1767 4448 facultatem,et
1800 4383 2103 4438 secundum

528 4473 775 4544 Spiritus
798 4472 1030 4543 gratiam
1064 4490 1163 4545 pro
1193 4474 1393 4529 merito
1417 4490 1482 4529 ac
1508 4474 1779 4544 dignitate
1815 4477 1923 4532 sibi
1941 4476 2105 4547 largi-

527 4578 662 4632 tam,
688 4565 970 4622 Christum
993 4565 1202 4621 habens
1233 4565 1340 4620 sibi
1382 4567 1777 4622 convenienter
1815 4567 2105 4623 facientem

529 4659 798 4716 sublimes
818 4674 944 4714 suas
974 4675 1075 4730 per
1116 4658 1599 4715 mortiﬁcationem
1629 4676 1758 4732 erga
1793 4677 1987 4731 omnes
2019 4677 2109 4718 res

527 4751 905 4815 ascensiones,
933 4750 1008 4805 ita
1038 4750 1287 4804 divinum
1316 4766 1535 4821 quoque
1584 4760 1835 4808 nostrum
1866 4753 2104 4824 quisque

525 4845 745 4915 Agnum
781 4843 934 4898 velut
957 4842 1012 4896 in
1042 4843 1226 4911 aliqua
1258 4841 1424 4897 domo
1461 4843 1688 4912 proprio
1715 4842 1912 4899 ordine
1940 4844 2102 4899 insti-

528 4933 761 4990 tutionis
786 4948 888 5003 pro
909 4932 1116 4988 virtute
1134 4933 1184 4988 ci
1210 4934 1593 4990 convenientis
1613 4934 1887 4989 sacriﬁcat
1906 4951 2103 5006 agnum

526 5034 583 5083 et
628 5040 826 5081 carnes
880 5024 1002 5095 ejus
1045 5023 1371 5094 participat,
1420 5032 1480 5079 et
1528 5033 1817 5080 saturatur
1854 5023 2103 5081 Christo.

527 5117 703 5189 Cujus
731 5116 882 5172 enim
916 5116 1175 5187 proprius
1201 5131 1376 5187 agnus
1410 5115 1472 5171 ﬁt
1526 5116 1787 5172 Christus
1815 5117 1996 5180 Iesus,
2048 5127 2111 5173 ut

530 5207 784 5278 quisquis
818 5222 1016 5277 capere
1078 5221 1207 5261 eum
1253 5206 1431 5277 possit
1474 5214 1527 5262 et
1583 5207 1771 5273 edere,
1827 5209 2107 5280 proprius,

531 5298 704 5355 Paulo
729 5313 929 5368 magno
950 5297 1200 5353 veritatis
1228 5312 1508 5367 praecone,
1546 5306 1603 5352 et
1652 5299 1918 5367 peculiari
1972 5316 2111 5370 quo-

530 5390 654 5445 dam
687 5392 850 5444 mod)
878 5387 1137 5457 proprius
1162 5387 1598 5461 uniuscujusque
1652 5399 1969 5447 sanctorum
2007 5407 2107 5461 pro

610 5572 631 5599 ²
660 5565 837 5625 lCor.
875 5582 937 5635 ιι,
971 5569 1031 5625 2.

2194 1736 2487 1806 συσταυροῖ
2539 1733 2718 1805 ἐαυτῷ
2773 1734 2867 1787 τὸν
2914 1734 3199 1805 Χριστὸν,
3259 1735 3461 1805 Χριστῷ
3502 1737 3678 1805 δηλονότι

2194 1816 2582 1895 πνευματικῶς
2614 1825 3114 1897 συσταυρούμενος.
3141 1826 3324 1888 ’Δλὶος
3345 1825 3443 1896 γὰρ
3463 1827 3679 1881 κατ’ᾶλλον

2190 1915 2391 1985 ἀρετῆς
2421 1917 2622 1986 τρόπον
2648 1915 2826 1986 ἑαυτῷ
2855 1915 3197 1987 κατάλληλον
3222 1920 3442 1970 ποιεῖται
3466 1918 3547 1987 τὴν
3567 1917 3679 1970 arui-

2192 2024 2362 2077 ρωσιν
2385 2024 2397 2038 ’
2454 2008 2483 2060 6
2518 2007 2617 2077 μὲν
2653 2008 2786 2079 μόνῃ
2817 2007 3226 2079 σταυρούμενος
3253 2011 3315 2078 τῇ
3345 2009 3454 2061 κατ’
3474 2009 3682 2078 ἐνέργειαν

2189 2098 2440 2169 ἁμαρτίᾳ
2466 2139 2480 2159 ,
2540 2099 2636 2151 καὶ
2681 2098 2889 2167 ταύτην
2936 2099 3153 2165 νεκρῶν
3200 2094 3275 2168 τῷ
3319 2099 3455 2169 φόϐῳ
3489 2098 3568 2152 τοῦ
3588 2100 3682 2152 Θεοῦ

2194 2191 2627 2263 προσηλωμένην
2645 2208 2657 2221 ·
2697 2191 2878 2263 (243
2895 2192 2945 2261 b)
2976 2193 3004 2243 6
3030 2192 3088 2244 δὲ
3117 2192 3208 2245 καὶ
3233 2192 3406 2254 αὐτοῖς
3426 2193 3521 2253 τοῖς
3539 2191 3678 2243 πάθεσι

2194 2297 2328 2335 σταυ
2337 2281 2431 2352 ρού
2440 2298 2599 2351 μενος
2624 2281 2720 2335 καὶ
2742 2282 2840 2343 τὰς
2861 2282 3128 2351 δυνάμεις
3150 2281 3246 2352 τῆς
3260 2281 3427 2351 ψυχῆς
3447 2279 3681 2350 ἐξιώμενος

2189 2375 2219 2427 6
2243 2373 2299 2427 δὲ
2330 2374 2423 2426 καὶ
2452 2374 2644 2436 αὐταῖς
2675 2375 2783 2428 τῶν
2809 2376 2995 2428 παθῶν
3024 2377 3150 2437 ταῖς
3178 2375 3498 2444 φαντασίαις,
3524 2375 3602 2426 οὐκ
3617 2374 3684 2425 ἑῶν

2191 2466 2290 2527 τὰς
2331 2465 2614 2536 αἰσθήσεις
2660 2466 2896 2534 ἀφέτοπ
2923 2506 2938 2528 ,
2999 2466 3142 2536 πρὸς
3184 2465 3437 2534 ὑποδοχήν
3462 2481 3579 2528 τινος
3616 2463 3684 2515 τῶν

2194 2556 2337 2610 κατὰ
2365 2556 2535 2610 ταῦτα
2566 2556 2992 2629 μετειιδρισμῶν·
3028 2560 3057 2611 ὁ
3091 2558 3150 2611 δὲ
3181 2558 3275 2611 καὶ
3297 2559 3404 2619 τοῖς
3430 2556 3538 2628 περὶ
3553 2554 3604 2608 τὰ
3619 2555 3686 2606 πάι

2194 2648 2261 2716 θη
2295 2648 2574 2719 λογισμοῖς
2602 2648 2699 2701 καὶ⁹
2726 2647 3112 2720 ἐνθυμήμασιν
3134 2664 3146 2678 ·
3164 2650 3193 2702 6
3219 2648 3274 2702 δὲ
3302 2647 3391 2701 καὶ
3411 2650 3470 2718 τῇ
3491 2645 3686 2700 κατίῐσ-

2197 2738 2358 2809 θησιν
2408 2740 2598 2811 ἀπάτῃ
2625 2756 2636 2768 ·
2695 2739 2854 2803 ἄλλος
2900 2739 2959 2793 δὲ
3012 2741 3110 2793 καὶ
3160 2739 3257 2810 τὴν
3295 2739 3422 2810 πρὸς
3447 2737 3504 2790 τά
3523 2733 3688 2804 αἰσθητὰ

2193 2831 2303 2884 τῶν
2326 2831 2637 2901 αἰσθήσεων
2660 2832 2749 2886 διὰ
2773 2833 2873 2903 τῆς
2896 2832 3141 2900 φυσικῆς
3166 2832 3482 2900 οἰκειότητος
3502 2825 3690 2898 meum}

2120 2951 2164 3008 ο
2199 2939 2358 2990 μενος
2402 2922 2722 2977 ἀποτίθεται
2759 2924 2946 2993 σχέσιν
2964 2940 2979 2955 ο
3031 2922 3194 2986 ἄλλος
3220 2920 3278 2975 δὲ
3305 2922 3392 2975 καὶ
3420 2921 3573 2973 πᾶσαν
3596 2916 3689 2970 καθ-

2195 3014 2393 3079 ολικῶς
2421 3015 2748 3087 αἰσθητικὴν
2777 3015 2854 3086 τῷ
2878 3014 3101 3085 σταυρῷ
3130 3014 3505 3069 κατασϐέννυσι
3520 3010 3689 3080 κίνησιν.

2197 3107 2335 3177 πρὸς
2359 3108 2420 3160 τὸ
2453 3108 2620 3178 μηδὲν
2648 3107 2796 3178 ἔχειν
2824 3108 2881 3160 ὲν
2905 3106 3088 3177 ἑαυτῷ
3143 3108 3206 3160 τὸ
3244 3105 3488 3176 παράπαν
3514 3099 3692 3170 φυσικῶς

2197 3199 2635 3270 ἔνεργούμενον·
2695 3198 2854 3263 ἄλλος
2898 3198 2954 3251 δὲ
3005 3200 3105 3252 καὶ
3148 3198 3320 3266 αὐτῆς
3359 3196 3453 3267 τῆς
3477 3187 3695 3267 κατὰ-νοῦν

2197 3293 2542 3348 ἀποπαύεται
2578 3290 2858 3354 παντελῶς
2886 3288 3174 3359 ἐνεργείας
3193 3327 3209 3351 ,
3258 3288 3349 3341 καὶ
3381 3287 3461 3340 ίνα
3485 3284 3536 3337 τὸ
3561 3280 3694 3352 μεῖζον

2199 3387 2337 3440 εἴπω
2359 3428 2374 3450 ,
2430 3388 2460 3439 6
2506 3386 2605 3455 μὲν
2651 3386 2719 3454 τῇ
2753 3385 3030 3455 πρακτικῇ
3063 3381 3458 3452 σταυρούμενος
3482 3370 3695 3446 φιλοσοφίᾳ

2197 3478 2265 3531 δι’
2290 3477 2593 3540 ἀπαθείας,
2654 3475 2749 3528 καὶ
2801 3474 2939 3546 πρὸς
2986 3473 3091 3543 τὴν
3138 3475 3198 3526 ὲν
3236 3472 3491 3540 πνεύματι
3527 3462 3697 3534 φυσικὴν

2201 3568 2436 3639 θεωρίαν
2478 3567 2670 3637 ὥσπερ
2700 3566 2811 3620 ἀπό
2836 3582 2984 3628 τινος
3013 3564 3222 3636 σαρκὸς
3248 3563 3342 3617 τοῦ
3364 3555 3573 3631 Χριστοῦ
3607 3552 3697 3623 πρὸς

2196 3660 2298 3733 τὴν
2340 3660 2521 3731 ψυχὴν
2562 3657 2729 3713 αὐτοῦ
2784 3658 3133 3727 μεταϐαίνων
3153 3697 3169 3719 ,
3227 3657 3256 3709 6
3285 3656 3340 3709 δὲ
3370 3655 3459 3708 καὶ
3479 3654 3536 3721 τῇ
3559 3647 3698 3716 φυσικῇ

2202 3755 2406 3827 θεωρία
2434 3754 2822 3825 νεκρούμενος,
2850 3752 2938 3806 διὰ
2965 3754 3064 3822 τῆς
3087 3749 3358 3819 ἀποϐολῆς
3384 3749 3473 3816 τῆς
3494 3737 3701 3799 κατὰπῇ

2202 3846 2335 3919 περὶ
2386 3845 2455 3901 τά
2503 3846 2634 3899 ὄντα
2685 3843 3020 3914 συμϐολικῆς
3069 3841 3345 3914 θεωρίας,
3399 3840 3484 3893 καὶ
3513 3829 3702 3904 πρὸςτήν

2202 3938 2408 4008 ἑνοειδῆ
2442 3938 2535 3991 καὶ
2563 3936 2740 4004 ἁπλῆν
2770 3933 2871 4004 τῆς
2896 3933 3223 4003 θεολογικῆς
3245 3931 3535 4000 ἐπιστήμης
3558 3936 3701 3995 pum-

2201 4028 2413 4097 γωγίαν
2463 4027 2655 4097 ῶσπερ
2690 4025 2800 4080 ἀπό
2832 4041 2977 4088 τινος
3017 4023 3201 4095 ψυχῆς
3244 4022 3340 4076 τοῦ
3376 4016 3584 4091 Χριστοῦ
3612 4011 3705 4081 πρδς

2202 4120 2295 4173 τὸν
2317 4118 2442 4172 νοῦν
2470 4118 2635 4171 αὑτοῦ
2667 4117 3087 4187 μετατιθέμενος
3113 4155 3128 4175 ,
3183 4116 3212 4168 6
3239 4113 3297 4166 δὲ
3328 4113 3418 4166 καὶ
3443 4109 3539 4164 ἀπὸ
3559 4103 3706 4168 ταύτης

2203 4211 2283 4275 είς
2329 4210 2430 4278 τὴν
2471 4208 2539 4263 δι’
2561 4207 2892 4277 ἀποφάσεως
2943 4204 3248 4268 παντελοῦς
3289 4204 3513 4273 ἄρρητον
3537 4200 3708 4265 ἀφαιρε’

2204 4302 2362 4370 τικὴν
2402 4301 2687 4369 ἀοριστίαν
2739 4298 2929 4369 ῶσῆρ
2969 4296 3079 4352 ἀπό
3105 4313 3256 4358 τινος
3286 4292 3379 4347 τοῦ
3404 4285 3607 4361 Χριστοῦ
3630 4279 3708 4341 νοδς

2206 4393 2342 4462 πρὸς
2394 4394 2493 4463 τὴν
2552 4390 2718 4445 αὐτοῦ
2779 4390 3012 4459 θεότητα
3072 4387 3358 4459 μυστικῶς
3411 4380 3706 4463 ἀναγόμενοςῗ

2205 4485 2470 4547 ἕκαστος,
2528 4484 2605 4546 ὠς
2650 4483 2788 4553 ἔφην
2808 4522 2823 4547 ,
2879 4481 3022 4535 κατά
3051 4483 3153 4550 τὴν
3181 4477 3377 4534 ἑαυτοῦ
3404 4475 3619 4540 δύναμιν,
3648 4462 3711 4516 καὶ

2206 4577 2306 4647 τὴν
2355 4577 2476 4630 κατ’
2517 4577 2673 4642 ἀξίαν
2723 4574 3137 4647 χορηγουμένην
3171 4571 3323 4641 αὐτῷ
3361 4568 3451 4620 τοῦ
3473 4561 3711 4647 matiam;

2209 4645 2370 4739 χάριν
2398 4666 2488 4720 τδν
2508 4645 2753 4738 Χριστὸν
2778 4645 2918 4736 ἔχων
2946 4665 3232 4732 ἀναλόγως
3258 4660 3430 4729 ἐαυτῷ
3453 4657 3542 4718 τὰς
3562 4645 3710 4743 ὑψηλᾷ

2210 4758 2300 4811 διὰ
2349 4760 2448 4827 τῆς
2503 4757 2640 4827 πρὸς
2686 4756 2864 4810 πάντα
2909 4755 3237 4826 νεκρὼσεως
3281 4748 3712 4835 ἀναϐάσεις

2217 4866 2399 4920 μενον,
2417 4848 2591 4913 οὕτως
2612 4848 2707 4902 καὶ
2726 4847 2818 4900 τὸν
2846 4846 2989 4900 θεῖον
3017 4844 3192 4915 ἀμνὸν
3218 4843 3443 4901 ἕκαστος
3468 4828 3714 4925 summa

2213 4916 2360 5011 οἰκίᾳ
2374 4941 2480 4993 τινὶ
2502 4940 2580 5009 τῷ
2608 4939 2720 5009 ἰδίῳ
2747 4938 2989 5008 τάγματι
3012 4935 3117 5004 τῆς.
3146 4933 3267 4987 κατ’
3291 4929 3483 5003 ἀρετὴν
3512 4916 3715 5011 ἀρμοξοῇ’

2216 5004 2357 5103 "Hi
2380 5004 2596 5104 254-0
2619 5032 2634 5093 )
2656 5004 2807 5099 dim}:
2832 5004 3229 5088 καταστάσεως
3263 5023 3379 5077 θύει
3411 5020 3569 5110 τελτδν
3596 5004 3715 5110 ἀμὶνῷ

2215 5123 2311 5175 καὶ
2343 5121 2752 5190 μεταλαμϐάνει
2772 5119 2882 5172 τῶν
2909 5116 3075 5171 αὐτοῦ
3100 5113 3342 5187 σαρκῶν,
3359 5109 3449 5164 καὶ
3473 5105 3716 5190 ὲμφορξξται
3806 5112 3807 5169 j

2212 5211 2307 5264 τοῦ
2344 5186 2570 5282 -Ίησοῦί
2608 5210 2872 5264 Ἑκάστου
2900 5209 3012 5279 γὰρ
3067 5206 3201 5268 ἴδιος
3225 5205 3430 5274 γίνεται
3454 5192 3600 5264 ἀμνὸς

2214 5302 2336 5366 στδς
2365 5272 2597 5373 Ἰησοῦς,
2619 5302 2696 5365 ὼς
2726 5272 2954 5364 ἕκαστος
2979 5272 3185 5370 γωρεῖν
3210 5272 3272 5349 τε
3295 5293 3387 5375 καὶ
3411 5286 3586 5375 ἐσθίειν
3602 5272 3718 5375 nisi?

2210 5364 2456 5460 δ-ινᾴταζ,
2477 5364 2635 5458 ἴδιος,
2663 5364 2878 5448 Παύλου
2902 5364 3260 5462 του-μεγάλου
3291 5372 3388 5456 τῆς
3414 5372 3632 5449 ἀληθείας
3650 5364 3717 5433 ἠδ’
