3938 6192
204 346 338 416 1361

1426 351 1947 417 AMBIGUORUM
1986 356 2235 419 LIBER.

3309 358 3451 425 1362

194 481 377 538 ρυκος,
397 461 489 517 καὶ
511 461 824 532 ἰδιοτρόπως
848 460 976 524 ἴδιος
996 460 1226 514 ἑκάστου
1244 461 1350 513 τῶν
1374 456 1543 531 άγίων
1566 462 1707 516 κατά
1720 463 1770 516 τί

1888 464 2014 521 fidei
2040 466 2097 521 in
2150 469 2383 540 singulis
2426 471 2670 537 modulo,
2714 486 2923 553 proque
2954 473 3129 544 gratia
3174 489 3298 544 qua
3329 475 3460 530 sub-

194 557 398 628 μέτρον
410 554 505 625 τῆς
521 557 579 609 ἐν
601 554 816 623 ἑκάστῳ
838 552 1089 618 πίστεως,
1112 554 1202 605 καὶ
1230 549 1327 623 τὴν
1348 553 1781 625 ὲπιχορηγουμέο

191 661 289 716 νην
313 644 477 715 χάριν
499 642 593 696 τοῦ
620 634 1008 713 Πνεύματος,ᾦ
1038 643 1135 712 μὲν
1166 641 1360 706 οὓτως,
1399 636 1444 709 ᾧ
1474 642 1531 695 δὲ
1564 641 1758 707 οὓτως,

191 734 580 807 εὑρισκόμενος
613 733 731 796 ὅλος
750 735 840 786 καὶ
862 732 985 803 ὅλῳ,
1006 733 1140 786 πᾶσι
1169 732 1225 786 δὲ
1260 735 1441 789 πάντα
1466 733 1770 805 γινόμενος.

202 911 305 969 Ἐκ
336 912 443 968 τοῦ
484 911 672 967 αὐτοῦ
700 912 886 983 λόγου
916 916 1002 980 είς
1036 915 1104 968 τό
1123 931 1134 945 ⁸
1175 933 1193 966 ι
1230 915 1422 969 Ὅσον
1449 915 1569 984 μὲν
1606 931 1756 984 σαρ-

260 1003 448 1070 κῶδες
474 1004 581 1059 τοῦ
620 1006 807 1075 λόγου
848 1005 945 1060 καί
976 1002 1283 1077 τρόφιμον,
1317 1007 1465 1075 μετὰ
1504 1005 1621 1060 τῶν
1651 1006 1762 1060 ἐν·-

258 1096 524 1151 6οσθίων
550 1096 648 1150 καὶ
675 1094 796 1149 τῶν
822 1099 1090 1166 κρυφίων
1117 1098 1221 1151 τοῦ
1249 1098 1363 1152 νοῦ
1386 1097 1767 1166 βρωθήσεται

257 1184 358 1241 καί
378 1189 467 1253 είς
486 1185 674 1255 πέψιν
687 1201 1016 1256 πνευματικ
1026 1186 1101 1254 ὴν
1120 1185 1560 1254 ἀναδοθήσεται
1585 1187 1717 1258 (Η).
1745 1206 1763 1239 ι

267 1300 330 1354 'O
361 1302 543 1354 πᾶσαν
582 1299 720 1371 μετά
752 1301 946 1370 σοφίας
977 1301 1138 1368 φύσιν
1164 1301 1475 1371 ὑποστήσας
1495 1301 1647 1367 Θεὸς,
1678 1305 1771 1356 καὶ

189 1390 418 1463 πρώτην
461 1392 672 1464 ἑκάστῃ
719 1391 828 1446 τῶν
872 1391 1108 1460 λογικῶν
1164 1392 1366 1446 οὐσιῶν
1402 1392 1631 1463 δύναμιν
1675 1396 1773 1465 τὴν

185 1482 356 1537 αὐτοῦ
401 1481 606 1551 γνῶσιν
638 1483 886 1554 κρυφίως
926 1484 1237 1555 ἐνθέμενος,
1270 1485 1469 1540 δέδωκε
1505 1488 1600 1539 καὶ
1644 1490 1776 1559 ἡμῖν

136 1608 147 1617 .
183 1575 301 1636 τοῖς
322 1576 599 1637 ταπεινοῖς
626 1573 955 1644 ἀνθρώποις,
973 1573 1049 1638 ὡς
1073 1574 1449 1647 μεγαλόδωρος
1469 1579 1767 1648 Δεσπὸτηςν

186 1666 332 1719 κατά
361 1667 524 1735 φύσιν
565 1666 656 1720 τὸν
691 1668 770 1729 είς
791 1666 955 1720 αὐτὸν
981 1665 1147 1720 πόθον
1175 1669 1271 1720 καὶ
1302 1666 1503 1739 ἔρωτα,
1534 1686 1770 1725 συνεπι-

189 1755 395 1822 πλὲξας
442 1756 593 1827 αὐτῷ
632 1757 878 1826 φυσικῶς
922 1755 1017 1810 τοῦ
1060 1757 1222 1828 λόγου
1255 1760 1354 1830 τὴν
1390 1759 1643 1832 δύναμιν,
1680 1762 1767 1832 ἐφ’

184 1840 231 1916 ᾧ
262 1848 559 1920 δυνηθῆναι
613 1848 755 1918 μετά
798 1848 1081 1921 ῥᾳστώνης
1107 1849 1313 1918 γνῶναι
1364 1854 1490 1917 τούς
1532 1854 1770 1924 τρόπους

188 1940 290 2009 τῆς
320 1938 413 1993 τοῦ
469 1939 636 1993 πόθου
674 1939 1031 2010 πληρώσεως,
1068 1942 1163 1996 καὶ
1197 1946 1272 2014 μὴ
1305 1946 1770 2015 παρασφαλέντας

186 2031 515 2103 διαμαρτεῖν
542 2024 604 2085 οῦ
635 2035 819 2102 τυχεῖν
847 2031 1252 2103 ἀγωνιζόμεθα.
1279 2035 1436 2088 Κατά
1460 2035 1652 2090 τοῦτον
1675 2036 1770 2090 οὖν

188 2122 505 2192 κινούμενοι
535 2122 627 2175 τὸν
659 2121 824 2176 πόθον
855 2123 983 2195 περί
1034 2141 1092 2177 τε
1140 2124 1241 2195 τῆς
1295 2125 1559 2196 ἀληθείας
1596 2128 1769 2198 αὐτῆς

188 2214 286 2267 καὶ
323 2213 422 2283 τῆς
471 2214 753 2279 εὐτάκτως
782 2217 897 2278 τοῖς
949 2215 1093 2280 ὅλοις
1144 2217 1550 2287 ἐμφαινομένης
1579 2219 1771 2288 σοιρίας

187 2322 247 2358 τε
273 2305 371 2359 καὶ
402 2306 724 2375 διοικήσεως
767 2305 952 2376 ζητεῖν
978 2307 1287 2378 ὲναγόμεθα
1316 2308 1527 2363 ἐκείνου
1561 2314 1765 2381 τυχεῖν,

185 2395 276 2451 διὰ
308 2396 515 2450 τούτων
542 2397 876 2467 γλιχόμενοι,
908 2392 970 2452 οὐ
995 2398 1158 2469 χάριν
1176 2398 1267 2451 τὸν
1291 2398 1456 2452 πόθον
1480 2399 1768 2471 ὲλάόομεν.

186 2488 303 2542 Καὶ
341 2486 498 2540 τοῦτο
548 2488 825 2558 μυστικῶς
874 2491 1175 2556 ἐγνωκότες
1214 2492 1263 2544 oi
1305 2492 1628 2562 φιλομαθεῖς
1675 2494 1772 2548 καὶ¹

185 2578 462 2650 φιλότιμοι
487 2580 587 2651 τῆς
616 2580 876 2653 ἀληθείας
898 2584 1131 2651 ἐρασταὶ
1167 2581 1296 2652 μίαν
1318 2585 1624 2656 ἐστήσαντο
1645 2603 1768 2657 σχο-

184 2669 286 2741 λὴν
326 2671 421 2725 καὶ
449 2672 807 2743 προσεδρείαν
847 2674 1061 2734 ἑαυτοῖς
1092 2673 1193 2744 τὴν
1230 2674 1361 2745 περὶ
1401 2675 1593 2730 τούτου
1622 2677 1773 2745 φιλόο

185 2778 354 2815 πόνον
376 2761 633 2833 ἄσκησιν,
676 2762 919 2835 ἀκριόῶς
960 2764 1055 2818 ὐπ’
1081 2765 1252 2835 αὐτῆς
1282 2766 1389 2819 τῶν
1430 2750 1772 2839 πραγμάτων

182 2852 287 2923 τῆς
333 2852 573 2923 ἀληθοῦς
618 2854 1003 2923 κατανοήσεώς
1050 2874 1110 2910 τε
1164 2860 1259 2912 καὶ
1305 2860 1629 2925 ἀκολουθίας
1664 2880 1770 2933 μα-

185 2942 379 3008 θόντες
408 2944 505 3011 ὡς,
542 2945 726 3019 (244
769 2948 822 3017 b)
868 2948 1027 3021 εἴπερ
1072 2950 1215 3005 κατά
1257 2950 1350 3005 τὸν
1380 2953 1554 3007 αἰῶνα
1583 2953 1772 3009 τοῦτον

186 3034 379 3098 ποσῶς
408 3035 475 3089 δι’
514 3037 757 3091 εὐσεϐῶν
777 3038 1151 3111 θεωρημάτων
1173 3041 1271 3113 τὴν
1299 3044 1606 3114 μέλλουσαν
1635 3047 1771 3119 ἀλή-

184 3122 346 3229 θειαν
374 3128 757 3229 εἰκονίσαιντο.
798 3130 1007 3185 καὶτὸν
1038 3132 1207 3199 πόθον
1229 3133 1766 3209 πληροφορήσουσιν,
1798 3171 1844 3229 C

185 3214 555 3288 ἑτοιμοτέραν
602 3219 677 3284 ὡς
710 3223 825 3285 τοῖς
870 3222 1108 3278 ἐνταῦθα
1153 3226 1338 3292 καλῶς
1369 3228 1773 3298 γυμνασθεῖσαν

183 3304 293 3377 τὴν
320 3304 495 3377 ψυχὴν
533 3309 848 3381 ἐσχηκότες,
884 3313 1096 3384 ἀκμητὶ
1133 3318 1271 3384 μετά
1308 3317 1400 3369 τὸν
1430 3316 1543 3386 βίον
1584 3321 1774 3372 τοῦτον

184 3398 286 3453 ἐπὶ
339 3400 439 3469 τὴν
476 3401 782 3468 μέλλουσαν
824 3402 1088 3473 ἀλήθειαν
1143 3404 1580 3476 μεταϐήσονται,
1622 3426 1775 3465 σκια-

186 3490 576 3561 γραφηθεῖσαν
621 3492 803 3555 αὐτοῖς
838 3492 943 3563 ἤδη
987 3493 1169 3559 καλῶς
1216 3497 1304 3552 διά
1340 3498 1449 3550 τῶν
1484 3498 1775 3570 θειοτέρων

185 3599 286 3652 νοη
298 3581 506 3653 μάτων.
543 3582 770 3648 ἄγοντος
791 3583 991 3647 αὐτοὺς
1012 3585 1098 3638 ἐπ’
1116 3586 1285 3656 αὐτὴν
1305 3588 1508 3660 δηλαδὴ
1532 3590 1629 3661 τὴν
1650 3592 1778 3663 ἀλή-

186 3673 349 3727 θειαν
385 3671 479 3726 τοῦ
526 3671 661 3726 Θεοῦ
705 3673 798 3727 καὶ
827 3673 1080 3745 Σωτῆρος
1113 3676 1269 3746 ἡμῶν
1311 3678 1485 3749 Ἰησοῦ
1513 3680 1773 3752 Χριστοῦ,

186 3764 289 3818 καὶ
309 3762 491 3833 άπλῆν
533 3762 628 3816 καί⁹
659 3761 914 3834 ἀρίδηλον
959 3762 1055 3816 καὶ
1107 3763 1232 3834 δίχα
1276 3764 1457 3837 πάσης
1511 3767 1772 3841 ἀπορίας,

190 3854 538 3926 ωμὸολικῆς
566 3872 625 3908 τε
662 3855 937 3919 ποικιλίας
982 3856 1075 3909 καὶ⁹
1113 3856 1294 3929 πάσης
1340 3859 1776 3930 αίνιγματώδους

189 3942 486 4013 ἀσαφείας,
519 3944 705 4006 αὐτοῖς
734 3944 1219 4015 παραδεικνύντος,
1247 3947 1637 4020 ἀποδρασάσης
1674 3951 1776 4004 αὐ·-

189 4033 306 4096 τοῖς
353 4032 543 4104 ῶσπερ
589 4035 682 4087 ἐπὶ
722 4037 822 4105 τῆς
855 4034 1173 4106 πρακτικῆς
1215 4036 1418 4107 ἀρετῆς
1451 4038 1644 4112 ὀδύνης
1678 4042 1775 4096 καὶ

190 4121 372 4193 λύπης
402 4125 496 4178 καὶ
526 4125 832 4194 στεναγμοῦ
869 4125 958 4179 διὰ
989 4125 1086 4197 τὴν
1113 4125 1327 4181 τελείαν
1352 4127 1642 4197 ἀπάθειαν,
1682 4129 1775 4185 οὖν

152 4286 161 4293 .
192 4232 274 4268 τω
312 4216 410 4268 καί⁵
444 4216 537 4270 ἐπὶ
565 4216 666 4286 τῆς
691 4216 1039 4288 θεωρητικῆς
1064 4216 1343 4286 γνώσεως,
1379 4220 1647 4290 ἀσαφείας
1670 4222 1774 4275 πά-

196 4323 297 4377 σης
324 4307 418 4360 καὶ
446 4308 703 4377 ἀπορίας,
739 4306 828 4362 δῖά
858 4308 961 4380 τὴν
1002 4308 1215 4377 σοφίαν,
1249 4311 1643 4382 προστεθείσης
1676 4314 1775 4367 αὐ-

193 4399 331 4462 τοῖς,
355 4397 610 4451 ἐντεῦθεν
629 4398 857 4453 λαϐοῦσι
882 4400 984 4463 τὰς
1009 4399 1395 4464 ὐποτυπώσεις
1411 4401 1602 4473 αὐτης,
1623 4419 1776 4474 τηνι-

1889 555 2201 615 ministrata
2231 570 2315 617 est
2350 563 2511 618 alteri
2546 564 2672 629 hoc,
2704 563 2859 620 alteri
2902 565 2997 621 illo
3048 565 3235 628 modo.
3271 564 3459 621 omnis

1871 643 1926 700 in
1948 650 2096 704 omni
2121 651 2400 719 inventus,
2430 655 2645 710 cunctis
2670 670 2802 710 vero
2830 664 3032 712 cuncta
3073 656 3329 713 effectus.

1869 917 1949 974 Ex
1966 917 2145 971 eodem
2175 932 2414 971 sermone
2432 918 2485 971 in
2505 917 2670 972 illud:
2700 938 2716 968 ι
2737 919 3002 991 Quidquid
3017 938 3175 991 porro
3198 939 3453 977 corneum

1940 1018 1988 1063 et
2026 1006 2348 1064 esculentum
2377 1009 2532 1063 habet
2571 1009 2834 1070 doctrina.
2885 1027 3005 1065 cum
3039 1013 3303 1066 intestinis
3358 1013 3452 1068 ab-

1944 1101 2167 1170 ditisque
2238 1100 2426 1153 mentis
2497 1100 2736 1171 partibus
2791 1102 3111 1168 comedetur,
3174 1113 3333 1174 atque
3384 1106 3455 1159 ad

1942 1191 2276 1261 spirituolcm
2308 1192 2695 1246 concoctionem
2726 1192 3013 1262 digeratur.
3039 1212 3057 1244 ι

1942 1306 2173 1361 Omnem
2232 1320 2357 1360 cum
2430 1304 2704 1383 sapientia
2733 1313 2986 1371 naturam
3038 1306 3132 1374 qui
3195 1306 3457 1376 produxit

1874 1396 2040 1460 Deus,
2074 1404 2130 1451 et
2173 1394 2526 1451 rationalium
2562 1396 2861 1465 unicuique
2915 1396 3282 1452 essentiarum
3332 1398 3454 1468 pri-

1876 1506 2021 1545 mam
2052 1491 2364 1547 facultatem
2396 1491 2613 1546 occulte
2663 1490 2864 1545 insevit
2917 1491 3004 1545 sui
3050 1491 3451 1561 cognitionem,

1878 1583 1924 1636 is
1953 1582 2117 1637 nobis
2148 1582 2455 1636 humilibus
2526 1581 2847 1636 hominibus
2879 1596 3121 1651 quoque,
3154 1590 3214 1636 ut
3250 1582 3454 1638 libera-

1875 1674 2117 1729 lissimus
2140 1673 2425 1738 Dominus,
2447 1673 2694 1728 naturale
2715 1674 2988 1742 quoddam
3015 1673 3097 1728 sui
3116 1673 3454 1731 desiderium

1876 1762 2028 1817 dedit
2060 1770 2225 1832 atque
2248 1777 2513 1823 amorem,
2554 1778 2662 1839 una
2713 1778 2960 1818 connexa
2985 1778 3109 1816 cum
3132 1778 3200 1816 eo
3229 1770 3458 1816 natura-

1876 1851 2003 1907 liter
2027 1851 2287 1906 doctrinae
2308 1850 2701 1920 facultate,quo
2736 1851 2951 1906 facilius
2982 1859 3205 1921 possent
3253 1864 3456 1919 cogno-

1877 1957 2032 1996 scere
2078 1941 2271 1996 modos
2297 1942 2559 1997 desiderii
2602 1942 2887 2012 explendi,
2923 1958 2987 1997 ac
3020 1957 3090 1997 ne
3127 1942 3452 1997 aberrantes

1877 2048 1944 2087 eo
1978 2031 2299 2087 “exciderent
2321 2032 2467 2102 quod
2500 2033 2760 2102 consequi
2800 2040 3103 2087 certamus.
3140 2031 3252 2086 Hoc
3285 2031 3454 2101 igitur

1879 2122 2155 2177 desiderio
2177 2122 2435 2177 commoti
2459 2133 2569 2177 tam
2591 2124 2735 2180 circa
2759 2124 2930 2194 ipsam
2956 2123 3246 2178 veritatem
3288 2137 3451 2192 quam

1879 2213 2023 2268 circa
2047 2214 2371 2283 sapientiam
2395 2212 3042 2284 administrationemque
3066 2228 3205 2284 quas
3226 2213 3455 2282 pulcher

1879 2302 1934 2355 in
1962 2302 2125 2357 rebus
2150 2302 2420 2357 universis
2444 2302 2760 2358 manifestat
2790 2302 2929 2357 ordo
2976 2301 3033 2356 id
3079 2300 3301 2356 studere
3346 2301 3455 2356 im-

1878 2396 2155 2466 pellimur,
2174 2395 2260 2450 his
2278 2396 2508 2463 incensi,
2532 2404 2592 2450 ut
2609 2395 2758 2450 illius
2779 2402 3061 2464 compotes
3083 2393 3278 2448 fiamus
3295 2393 3452 2463 cujus

1878 2486 2052 2556 gratia
2082 2485 2418 2541 desiderium
2448 2485 2715 2557 cepimus.
2747 2484 2902 2552 Quod
2935 2500 3059 2541 cum
3109 2484 3337 2556 mystice
3365 2484 3453 2537 in-

1880 2575 2193 2630 tellexerint
2224 2575 2461 2631 studiosi
2487 2585 2544 2631 et
2566 2576 2843 2631 ambitiosi
2879 2575 3125 2631 veritatis
3156 2582 3450 2641 amatores,

1879 2680 2045 2719 unam
2080 2665 2184 2720 sibi
2214 2666 2627 2722 collocaverunt
2651 2667 2898 2722 scholam
2918 2674 2975 2721 et
3008 2665 3175 2721 studii
3213 2664 3453 2720 assidui-

1880 2761 2045 2809 tatem
2061 2770 2291 2825 gnavam
2308 2756 2455 2811 circa
2479 2756 2586 2811 hoc
2604 2756 3079 2819 exercitationem,
3104 2746 3360 2811 accurate
3384 2754 3454 2809 ab

1879 2846 1996 2916 ipsa
2016 2863 2199 2901 rerum
2227 2864 2356 2903 vera
2373 2848 2686 2919 cognitione
2713 2857 2770 2904 et
2812 2828 3055 2920 legitima
3082 2849 3293 2904 ratione
3314 2848 3453 2905 edo-

1879 2938 1974 3002 cti,
1997 2938 2165 3009 quod,
2198 2939 2242 2995 si
2274 2940 2380 2996 hoc
2407 2939 2464 2995 in
2501 2940 2702 2996 saeculo
2745 2941 2989 2995 futuram
3022 2931 3315 2997 veritatem
3354 2955 3456 3010 per

1878 3030 1999 3101 pias
2068 3033 2563 3103 contemplationes
2628 3033 2976 3102 aliquatenus
3029 3034 3451 3103 expressissent,

1878 3122 2217 3179 desiderium
2232 3140 2452 3195 quoque
2474 3124 2761 3189 satiarent,
2788 3133 3076 3195 postquam
3094 3126 3450 3194 paratiorem,

1876 3227 1939 3273 ut
1971 3218 2209 3272 terrenis
2247 3217 2335 3273 his
2380 3217 2547 3272 rebus
2586 3217 2759 3287 probe
2786 3216 3162 3280 exercitatam,
3212 3226 3454 3272 mentem

1876 3310 2022 3363 nacti
2060 3309 2191 3374 sint,
2225 3310 2343 3365 sine
2375 3310 2487 3364 ullo
2512 3309 2704 3363 labore
2737 3318 2867 3379 post
2895 3310 3037 3362 hanc
3066 3308 3235 3363 vitam
3283 3307 3339 3362 in
3364 3306 3455 3363 fu-

1876 3406 2057 3453 turam
2083 3399 2393 3469 perrecturi
2424 3398 2733 3464 veritatem,
2770 3414 2892 3468 qua:
2914 3399 3025 3468 jam
3056 3397 3286 3467 pulchre
3319 3396 3456 3468 ipsis

1875 3503 1973 3558 per
1999 3488 2214 3543 divinas
2266 3488 2625 3559 cogitationes
2674 3487 3001 3541 adumbrata
3028 3495 3130 3541 est.
3191 3486 3328 3541 Tum
3358 3502 3457 3543 eos

1876 3579 1943 3632 ad
2000 3578 2172 3649 ipsam
2224 3593 2419 3647 nempe
2455 3576 2746 3632 veritatem
2801 3576 3038 3667 deducet
3069 3577 3214 3632 Deus
3235 3583 3291 3630 et
3333 3575 3454 3631 Sal-

1874 3679 2032 3726 vator
2070 3679 2259 3725 noster
2308 3671 2467 3726 .lesus
2501 3668 2755 3724 Christus
2792 3668 3207 3739 simplicemque
3238 3677 3294 3722 et
3339 3667 3455 3723 cla-

1876 3777 1993 3817 ram
2020 3760 2280 3830 omuique
2315 3760 2635 3816 difﬁcultate
2670 3760 3078 3832 symbolicaque
3102 3759 3371 3815 varietate
3394 3768 3451 3815 et

1874 3855 2022 3911 omni
2053 3855 2391 3909 obscuritate
2420 3835 2658 3909 solutam
2693 3852 2775 3908 eis
2826 3851 3266 3922 repraesentabit,
3298 3860 3449 3921 post-

1875 3963 2038 4018 quam
2076 3945 2388 4017 aufugerint
2426 3960 2543 4011 eos,
2580 3952 2641 3999 ut
2662 3944 2840 3999 activa
2881 3943 3037 4014 pulsa
3057 3942 3282 4007 virtute,
3304 3926 3479 3997 τετυ(

1875 4055 2001 4094 mna
2040 4049 2095 4094 et
2121 4038 2277 4093 dolor
2305 4051 2360 4094 et
2391 4039 2648 4110 gemitus,
2678 4038 2749 4093 ob
2782 4037 3080 4108 perfectam
3140 4034 3454 4105 impassibi-

1875 4131 2109 4197 litatem,
2144 4131 2218 4186 ita
2251 4130 2675 4201 contemplativa
2720 4132 2908 4201 ejecta:
2954 4131 3287 4202 cognitione,
3321 4129 3450 4184 obs-

1876 4223 2086 4278 curitas
2116 4237 2335 4292 quoque
2365 4221 2547 4275 omnis
2571 4230 2627 4276 ct
2679 4220 2950 4291 angustia,
2982 4220 3054 4276 ob
3099 4219 3448 4289 sapientiam,

1876 4313 2024 4368 nuda
2050 4312 2274 4383 quidem
2312 4312 2570 4378 veritate,
2612 4312 2769 4382 cujus
2798 4309 2925 4366 inde
2959 4310 3070 4366 sint
3096 4309 3449 4375 informatio-

1877 4419 1977 4459 nes
2005 4403 2241 4474 capturi,
2297 4402 2365 4457 iis
2421 4402 2693 4472 apposita.
2729 4401 2887 4457 Omni
2918 4400 3088 4464 enim,
3137 4399 3318 4469 inquit
3353 4402 3447 4470 qui

194 4485 373 4540 καῦτα
402 4489 620 4557 γυμνῆς
662 4487 765 4556 τῆς
806 4487 1091 4559 ἀληθείας.
1128 4489 1303 4542 Παντλ⁵
1342 4490 1472 4560 γάρ,
1511 4492 1667 4560 φησὶ,
1697 4490 1770 4563 τῷ

1881 4494 2064 4560 habet,
2130 4493 2469 4549 desiderium
2524 4493 2780 4548 videlicet
2839 4507 3033 4547 eorum
3080 4508 3203 4563 quae
3262 4492 3449 4548 futura

192 4576 393 4647 ἔχοντι,
428 4578 672 4650 δηλονότι
702 4579 794 4634 τὸν
828 4596 895 4632 πε
905 4580 962 4651 pl
990 4579 1100 4633 τῶν
1131 4580 1434 4652 μελλόντων
1465 4582 1650 4645 πόθον,
1685 4583 1770 4637 δο-

1881 4593 2025 4649 sunt,
2056 4584 2280 4639 dabitur
2302 4596 2322 4616 ·
2352 4627 2368 4650 ,
2399 4595 2457 4640 et
2490 4595 2796 4656 apponetur
2835 4584 3064 4639 omnino
3112 4593 3448 4639 aeternorum

192 4667 445 4738 θήσεται,
475 4670 572 4723 καὶ
610 4668 1012 4741 προτεθήσεται
1065 4670 1285 4734 πάντως
1323 4672 1355 4741 ὴ
1390 4671 1498 4748 τῶν
1540 4673 1770 4726 αἰωνίων

1881 4676 2147 4731 bonorum
2190 4675 2405 4731 fruitio.
2441 4676 2604 4731 Dives
2622 4676 2769 4730 enim
2804 4690 2929 4730 cum
2953 4684 3142 4730 noster
3172 4674 3243 4729 sit
3280 4675 3447 4735 Deus,

190 4759 417 4825 ἀγαθῶν
450 4760 775 4829 ἀπόλαυσις.
811 4758 1076 4823 Πλούσιος
1123 4760 1234 4832 γάρ
1280 4763 1542 4833 ὑπάρχων
1581 4765 1610 4817 ό
1641 4764 1770 4830 Θεὸς

1881 4780 2158 4835 nunquam
2185 4764 2401 4820 desinet
2441 4765 2523 4821 eis
2579 4764 2673 4834 qui
2701 4764 2997 4819 dilexerint
3034 4764 3213 4833 ipsum
3259 4763 3447 4818 divina

190 4850 353 4919 ἡμῶν
390 4851 649 4905 οὐδέποτε
680 4852 840 4923 λήγει
876 4855 991 4916 τοῖς
1031 4854 1323 4922 ἀγαπῶσιν
1360 4855 1523 4910 αὐτὸν
1563 4857 1634 4911 τά
1658 4857 1770 4911 θεῖα

1881 4858 2207 4913 distribuere
2226 4872 2456 4911 munera
2479 4855 2829 4927 cognitionis,
2851 4870 2973 4925 quae
2990 4842 3121 4909 sane
3164 4871 3232 4911 ne
3265 4854 3448 4909 nomi-

187 4940 465 5013 διανέμων
506 4943 657 5016 δῶρα
684 4945 787 5015 τῆς
831 4945 1110 5014 γνώσεως,
1158 4948 1303 5019 ἀπερ
1338 4947 1448 5002 οὐδ’
1482 4949 1770 5018 ὀνομάζειν

1881 4965 2006 5004 nare
2027 4947 2246 5019 quidem
2273 4948 2378 5002 hoc
2404 4948 2603 5002 saeculo
2629 4947 2775 5012 licet,
2792 4955 3021 5017 propter
3045 4945 3445 5001 sublimitatem

187 5034 340 5089 κατά
367 5035 459 5090 τὸν
483 5035 658 5090 αίῶνα
688 5036 877 5090 τοῦτον
906 5036 1201 5109 δυνάμεθα,
1235 5038 1325 5092 διὰ
1347 5039 1408 5091 τὸ
1430 5039 1611 5093 αὐτῶν
1639 5039 1770 5109 Wo;

1881 5054 2064 5095 eorum
2101 5048 2156 5094 et
2184 5036 2645 5108 magnitudinem,
2696 5037 2742 5092 si
2778 5036 3002 5107 quidem
3038 5050 3171 5090 vero
3193 5052 3443 5106 pronun-

190 5127 288 5181 καὶ
319 5126 575 5198 μέγεθος,
598 5128 758 5199 εἴπερ
789 5127 1046 5197 ἀληθεύει
1075 5129 1302 5198 φάσκων
1330 5130 1459 5199 περὶ
1487 5133 1586 5200 τῆς
1617 5130 1770 5200 ὲσχά-

1881 5132 1973 5186 tiat
2005 5144 2235 5199 magnus
2253 5127 2565 5197 Apostolus,
2597 5136 2901 5183 extremam
2930 5127 3331 5182 beatitudinem
3358 5128 3444 5182 di-

186 5237 291 5291 της
319 5224 723 5295 μακαριότητος
741 5225 770 5276 ὁ
791 5225 962 5294 μέγας
997 5222 1325 5288 Ἀπόστολος
1351 5223 1609 5293 ὑπεράνω
1632 5240 1770 5277 παν-

1881 5235 2003 5276 cens
2032 5218 2183 5274 omni
2208 5232 2319 5289 quo
2344 5218 2661 5274 nominetur
2687 5219 2911 5273 nomine
2929 5218 3272 5288 superiorem
3301 5234 3443 5281 esse,

188 5313 282 5378 τὸς
313 5314 576 5387 ὀνόματος
604 5314 1010 5385 ὀνομαζομένου
1044 5314 1213 5385 αὐτὴν
1240 5309 1398 5376 εἶναι,
1425 5315 1486 5368 οὐ
1506 5314 1685 5385 -μόνον
1710 5317 1768 5369 ἐν

1881 5326 1985 5367 non
2020 5312 2196 5366 solum
2232 5311 2288 5364 in
2319 5309 2425 5364 hoc
2458 5324 2595 5375 aevo,
2628 5310 2722 5365 sed
2753 5309 2919 5364 etiam
2939 5310 2991 5363 in
3020 5308 3252 5363 futurob
3281 5307 3449 5378 signi-

187 5404 268 5476 τῷ
305 5407 462 5461 αἰῶνι
494 5406 689 5479 τούτῳ,
724 5407 859 5463 ἀλλὰ
900 5408 994 5461 καὶ
1028 5410 1085 5461 ὲν
1117 5406 1194 5478 τῷ
1228 5408 1477 5479 μέλλοντι
1499 5407 1598 5479 τὴν
1629 5408 1768 5479 μετά

1881 5404 2045 5459 ﬁcans
2074 5394 2351 5458 summum
2396 5410 2520 5472 post
2552 5404 2808 5458 universa
2858 5401 3003 5457 dona
3054 5402 3246 5473 gratia:
3284 5401 3445 5471 plene

189 5498 372 5553 πᾶσαν
423 5501 647 5557 πάντων
706 5501 814 5555 τῶν
860 5501 1212 5573 χαρισμάτων
1250 5501 1513 5572 διανομήν
1565 5518 1623 5554 τε
1672 5502 1765 5555 καὶ

1881 5498 2195 5562 distributa,
2224 5504 2347 5567 post
2371 5495 2568 5551 factam
2591 5495 2988 5563 ascensionem,
3022 5493 3427 5552 manifestatum

261 5625 285 5657 ο
317 5614 451 5673 Luc.
484 5633 602 5684 vui,
637 5617 723 5672 18.
814 5618 843 5659 δ
876 5618 1043 5675 Hebr.
1080 5634 1137 5682 ιι,
1164 5619 1221 5682 9;
1255 5617 1275 5670 1
1307 5614 1435 5671 Cor.
1464 5631 1523 5680 ιι,
1560 5616 1613 5673 9.

265 5726 376 5803 (£4)
408 5730 554 5786 Idem
580 5732 705 5785 ibid.
732 5748 852 5802 cap.
891 5733 974 5798 t6,
1018 5731 1201 5801 p.v857
1224 5745 1306 5800 sq.
1342 5738 1472 5784 tom.
1501 5730 1520 5785 l
1549 5729 1687 5800 Opp.
1730 5729 1862 5785 edit.
1892 5728 2092 5785 Bened.
