3938 6192
485 389 621 456 1363

1643 401 1703 461 S.
1745 401 2033 462 MAXIMI
2072 401 2584 466 CONFESSORIS

3619 399 3743 464 1361

484 505 548 561 iri
603 508 869 564 bonorum
904 511 1148 575 culmen.
1191 513 1339 584 quod
1369 513 1520 568 nullo
1546 514 1721 569 verbo
1741 522 1837 568 aut
1887 515 2055 569 notio

2174 518 2439 573 ἀνάϐασιν
2477 518 2907 592 δειχθησομένην
2930 520 3036 574 τῶν
3064 519 3290 590 ἀγαθῶν
3316 516 3629 603 ἀκροτάτην
3660 534 3749 570 κο-

479 614 549 654 ne
595 601 706 655 diri
760 613 854 658 aut
904 605 1133 676 intelligi
1194 616 1379 676 queat,
1411 616 1521 662 tam
1559 622 1751 662 eorum
1806 608 2055 662 bonorun

2181 611 2357 682 ρυφὴν
2380 612 2768 683 αἰνιττόμενος,
2790 613 2888 685 τὴν
2916 610 3277 684 μηδενὶ).ὡγῳ
3305 612 3338 683 ἢ
3368 610 3443 679 νῷ
3466 601 3698 682 ῥηθῆναι
3715 608 3752 677 ἢ

480 709 603 760 quae
639 695 743 749 hoc
790 712 908 752 aevo
948 699 1159 767 possint
1191 700 1384 771 attingi
1419 715 1584 771 quam
1622 715 1817 755 eorum
1855 715 1978 770 quae
2022 699 2055 753 it

2177 704 2484 774 γνωσθῆναι
2503 703 2683 775 (245
2705 706 2758 773 a)
2780 704 3108 776 δυναμένην,
3130 705 3224 757 τὸν
3234 722 3293 757 τε
3311 703 3451 758 κατὰ
3470 702 3562 754 τὸν
3581 698 3755 755 αἰῶνα

480 782 667 837 futuro
734 786 845 840 sint
911 791 1270 858 apparitura,
1317 806 1381 846 ac
1457 791 1693 847 fortasse
1743 792 2055 847 nominari:

2174 795 2362 850 τοῦτον
2389 798 2520 868 ἡμῖν
2550 796 2809 865 ἐφικτῶν,
2838 797 2951 851 τῶν
2980 815 3044 851 τε
3065 796 3208 850 κατά
3236 796 3326 849 τὸν
3361 795 3624 865 μέλλοντα
3656 792 3757 845 δει-

479 876 640 929 nobis
663 880 970 949 etintelligi
1021 884 1265 951 capiant.
1333 883 1564 954 Semper
1614 884 1762 938 enim
1807 884 1902 954 qui
1958 900 2073 940 ca:-

478 967 563 1022 los
594 972 965 1038 pcrtrausivit,
994 974 1152 1029 .Iesus
1177 987 1198 1013 ε
1233 974 1327 1029 Dei
1354 976 1571 1036 Sermo,
1605 984 1662 1031 et
1695 977 1915 1031 cunctis
1955 992 2070 1031 coe-

478 1061 548 1115 lis
577 1064 832 1133 superior
862 1065 1043 1121 factus
1063 1107 1077 1132 ,
1133 1083 1229 1122 eos
1276 1068 1375 1138 qui
1406 1069 1624 1124 actione
1648 1078 1705 1124 et
1734 1064 2070 1138 contempla-

480 1152 630 1206 tione
680 1155 859 1224 ipsum
910 1167 1225 1226 sequuntur
1288 1158 1356 1213 de
1385 1160 1674 1229 peioribus
1724 1161 1791 1215 ad
1826 1160 2067 1215 meliora

481 1244 742 1300 transfert
779 1257 943 1317 atque
984 1251 1315 1319 transponit,
1369 1260 1425 1306 et
1457 1252 1524 1307 de
1565 1252 1652 1306 his
1686 1252 1751 1307 ad
1784 1253 1892 1307 alia
1942 1268 2065 1322 quae

477 1337 641 1390 etiam
672 1337 758 1391 his
809 1340 1092 1409 superiora
1143 1351 1288 1407 sunt,
1338 1352 1413 1409 et,
1464 1354 1523 1399 ut
1551 1344 1799 1399 breviter
1833 1343 2012 1399 dicam
2043 1386 2058 1409 ,

479 1437 697 1498 tempus
739 1429 1020 1497 deﬁceret,
1055 1435 1100 1488 si
1149 1435 1364 1491 divinas
1420 1445 1737 1491 sanctorum
1778 1437 2059 1492 ascensio-

477 1547 579 1588 nes
619 1542 674 1589 et
705 1535 1072 1592 revelationes
1095 1553 1195 1607 per
1223 1538 1468 1609 singulas
1496 1539 1563 1594 de
1612 1540 1783 1609 gloria
1842 1541 1909 1594 ad
1944 1541 2062 1611 glo—

476 1626 615 1681 riam
642 1626 1056 1683 immutationes
1096 1644 1359 1685 enarrare
1389 1631 1611 1693 vellem,
1680 1631 1856 1686 donec
1903 1647 2058 1687 suam

476 1718 709 1788 quisque
746 1729 803 1773 et
844 1721 1262 1793 convenientem
1286 1736 1387 1776 suo
1412 1721 1912 1790 ordiniaccepisset
1942 1722 2059 1778 dci-

475 1808 820 1865 ﬁcationem.
858 1810 1047 1881 Itaque
1081 1827 1311 1883 magnus
1351 1812 1455 1878 ,hic
1487 1814 1682 1895 doctor
1734 1813 1853 1883 ejus
1903 1814 2055 1883 quod

474 1904 620 1958 circa
651 1905 822 1959 Deum
860 1905 1132 1961 habemus
1175 1908 1445 1962 naturalis
1496 1908 1781 1975 desiderii,
1830 1909 1899 1964 de
1943 1924 2053 1978 quo

473 2010 638 2065 supra
679 1996 940 2062 diximus,
986 2014 1188 2067 gnarus
1230 1999 1558 2055 adhortatur
1610 2015 1805 2055 omnes
1866 2010 1922 2056 et
1956 2017 2055 2070 per

473 2086 781 2142 doctrinam
814 2104 967 2142 suam
1001 2099 1163 2144 vocat
1191 2090 1259 2145 ad
1292 2091 1639 2160 spiritualem
1670 2093 1809 2163 Agni
1836 2109 1934 2163 pro
1951 2109 2054 2147 no-

472 2177 560 2233 bis
602 2179 824 2234 mactati
871 2180 1239 2250 gustationem
1296 2198 1627 2253 servareque
1649 2184 1857 2240 diserte
1889 2193 2055 2255 atque

474 2270 684 2324 utiliter
716 2272 1064 2326 commendat
1100 2272 1475 2326 membrorum
1531 2288 1781 2338 suorum,
1822 2274 1928 2328 hoc
1971 2283 2056 2329 est

472 2363 631 2434 Agni,
655 2365 1030 2435 compaginem
1066 2365 1336 2435 integram
1363 2375 1420 2420 et
1444 2366 1809 2432 inconfusam,
1826 2382 1894 2421 ne
1920 2382 2054 2422 con-

471 2455 798 2510 dcmnemur
825 2457 974 2526 quod
1022 2458 1197 2512 divini
1231 2442 1482 2529 corporis
1512 2459 1894 2530 compaginem
1922 2473 2057 2513 con-

472 2547 799 2601 concinnam
828 2548 1201 2606 distrahamus
1249 2559 1307 2605 et
1339 2551 1706 2614 lancinemus,
1766 2551 2056 2606 audacter-

472 2652 560 2701 ve,
590 2645 650 2691 ut
683 2654 848 2706 supra
882 2639 1221 2703 facultatem,
1259 2648 1352 2695 aut
1384 2641 1618 2706 nefarie,
1660 2651 1721 2695 ut
1764 2650 1954 2695 contra
1980 2640 2057 2695 fa-

473 2725 922 2795 cultatem,Agni
980 2736 1036 2781 et
1063 2727 1347 2783 Sermonis
1398 2745 1595 2785 carnes
1663 2729 2052 2785 comedamus:

474 2831 666 2871 verum
729 2818 1105 2888 unusquisque
1156 2836 1256 2889 pro
1297 2821 1558 2876 facultate
1589 2837 1684 2876 sua
1726 2832 1784 2878 et
1837 2821 2054 2885 ordine,

475 2925 684 2979 proque
738 2908 976 2978 Spiritus
1030 2912 1227 2981 gratia,
1286 2928 1408 2983 quae
1437 2913 1487 2967 ei
1527 2914 1749 2983 obtigit,
1807 2913 2056 2967 divinum

474 3015 785 3055 sermonem
824 3002 1172 3071 participato,
1212 3020 1310 3073 pro
1370 3003 1715 3075 singulorum
1772 3006 2057 3059 membro-

475 3106 597 3144 rum
643 3089 952 3161 significatu
975 3131 987 3144 .
1040 3090 1131 3146 Sic
1163 3100 1327 3161 caput
1358 3093 1581 3162 quidem
1620 3093 1982 3164 participabit
2013 3092 2057 3147 is

473 3183 568 3250 qui
595 3198 662 3237 ex
691 3183 979 3252 principiis
1003 3198 1125 3253 qua:
1172 3184 1543 3239 demonstrari
1569 3193 1857 3255 nequeunt
1889 3184 2052 3238 ﬁdem
2082 3212 2123 3269 ο

472 3272 576 3324 sibi
622 3273 875 3341 quaesivit
911 3273 1069 3342 plane
1093 3274 1299 3329 liberas
1320 3274 1619 3330 habentem
1648 3276 1797 3331 circa
1832 3276 2053 3331 theolo-

473 3364 615 3431 giam
651 3364 915 3427 rationes,
955 3366 1100 3421 unde
1149 3377 1593 3437 coagmentatum
1654 3378 1833 3426 totum
1874 3370 2091 3456 virtu“

475 3464 589 3507 tum
613 3470 815 3525 corpus
836 3464 892 3511 et
916 3457 1292 3527 cognitionum
1316 3459 1682 3529 spiritualiter
1710 3470 1893 3530 auget.
1936 3461 2050 3514 Au-

473 3560 562 3599 res
585 3562 713 3600 vero
754 3547 1101 3617 participabit
1130 3549 1175 3603 is
1214 3549 1306 3619 qui
1366 3550 1582 3605 divinas
1617 3551 1862 3606 rationes
1888 3550 2051 3620 spiri-

472 3636 693 3690 tualiter
721 3651 846 3690 cum
891 3637 1253 3709 intelligentia
1303 3641 1531 3711 recepit,
1579 3658 1787 3711 perque
1838 3656 1933 3695 eos
1980 3639 2049 3695 ad

469 3737 704 3782 mortem
762 3746 934 3798 usque
964 3732 1122 3786 factis
1150 3734 1266 3787 suis
1306 3733 1499 3788 obedit
1533 3735 1647 3789 Deo
1680 3743 1844 3804 atque
1875 3735 2042 3788 mori-

468 3828 709 3887 geratur.
741 3820 941 3876 Oculos
972 3838 1159 3892 porro,
1190 3825 1285 3894 qui
1317 3826 1690 3880 conditionem
1744 3824 2052 3895 spirituali-

470 3924 556 3965 ιρι·
604 3912 854 3967 intuetur
891 3955 905 3975 ,
935 3930 1235 3985 omnesque
1285 3927 1337 3971 et
1388 3920 1672 3973 sensuales
1716 3928 1772 3973 et
1827 3918 2050 3973 intelle-

469 4005 680 4058 Ctuales
698 4006 938 4063 rationes
964 4007 1081 4062 sine
1100 4007 1437 4064 offendiculo
1462 4011 1529 4064 ad
1558 4012 2049 4069 consummandam

474 4096 632 4151 unice
680 4099 829 4165 cogit
854 4098 949 4153 Dei
985 4099 1238 4169 gloriam.
1275 4102 1473 4157 Pectus
1490 4110 1671 4158 autem
1699 4104 2051 4174 participabit

469 4187 561 4255 qui
586 4186 829 4241 animum
857 4190 1174 4261 theologicis
1191 4194 1752 4264 contemplationihus
1774 4197 2048 4273 expletus,

469 4276 773 4330 secundum
827 4294 1082 4351 magnum
1125 4284 1517 4354 evangelistam
1541 4285 1828 4346 Joannem.
1857 4285 1925 4339 ad
1970 4288 2051 4340 in-

468 4377 582 4420 star
620 4367 783 4424 fontis
841 4374 1102 4440 perennis
1163 4375 1431 4431 rationem
1490 4393 1643 4431 suam
1689 4386 1746 4432 et
1801 4366 2047 4443 modum,

467 4469 792 4514 cunctorum
833 4462 1240 4520 Providentiam
1288 4468 1772 4537 complectentem,
1814 4470 1904 4539 pie
1933 4470 2046 4525 dis-
2088 4484 2095 4490 ‘

2174 888 2550 959 χοησομένων,
2582 889 2676 942 καὶ
2703 888 3073 960 ὀνομασθῆναι
3106 888 3202 941 καὶ
3232 887 3541 956 γνωσθῆναι
3590 881 3755 951 τυχδν

2171 983 2304 1053 ήμίν
2333 981 2665 1051 δυναμένων.
2686 981 2798 1033 ‘Ast
2822 982 2930 1051 γὰρ
2957 983 2985 1034 6
3011 978 3335 1048 διεληλυθὼς
3347 980 3471 1041 τοὺς
3490 975 3758 1045 οὐρανοὺς

2182 1074 2410 1145 Ἰησοῦς,
2458 1077 2487 1127 6
2531 1073 2625 1127 τοῦ
2674 1072 2809 1127 Θεοῦ
2861 1074 3053 1141 Λόγος,
3108 1073 3202 1126 καὶ¹
3238 1071 3494 1143 ὑπεράνω
3534 1069 3759 1122 πάντων

2165 1164 2276 1235 τῷν
2300 1164 2547 1235 οὐρανῶν
2570 1164 3012 1235 γενόμενος,τοὺς
3034 1162 3470 1224 ἀκολουθοῦντας
3491 1159 3647 1228 αὐτῷ
3668 1157 3759 1211 διὰ

2128 1240 2135 1246 ’
2164 1255 2416 1325 πράξεως
2433 1256 2525 1309 καὶ
2553 1254 2783 1324 Θεωρίας
2813 1254 3162 1324 μεταϐιϐάζει
3188 1271 3251 1307 τε
3276 1254 3368 1306 καὶ
3389 1250 3756 1323 μετατίθησιν

2162 1345 2271 1398 ἀπὸ
2298 1345 2405 1398 τῶν
2442 1345 2681 1415 ἡττόνων
2712 1346 2807 1398 ἐπὶ
2839 1346 2907 1398 τά
2936 1346 3244 1415 κρείττονα,
3274 1344 3369 1399 καὶ
3398 1343 3510 1398 ἀπὸ
3548 1340 3763 1394 τούτων

2161 1435 2323 1490 πάλιν
2349 1436 2442 1488 ἐπὶ
2480 1434 2548 1488 τὰ
2581 1427 2661 1489 ἔτι
2692 1437 2897 1489 τούτων
2924 1435 3194 1507 ἀνώτερα,
3219 1438 3310 1490 καὶ
3334 1435 3522 1498 ἁπλῶς
3547 1435 3757 1493 εἰπεῖν.

2160 1527 2427 1598 ἐπιλείψει
2457 1546 2524 1599 με
2556 1530 2585 1581 6
2630 1529 2820 1600 χρόνος
2859 1529 3087 1598 λέγοντα
3118 1530 3218 1593 τάς
3244 1529 3394 1592 θείας
3431 1527 3545 1581 τῶν
3582 1527 3764 1595 ἁγίων

2159 1621 2455 1684 ἀναϐάσεις
2474 1639 2529 1673 τε
2555 1623 2648 1674 καὶ
2681 1621 3053 1691 ἀποκαλύψεις
3072 1622 3217 1675 κατά
3249 1621 3344 1689 τὴν
3365 1621 3475 1675 ἀπὸ
3489 1621 3662 1689 δόξης
3690 1620 3766 1681 εἰς

2157 1709 2315 1775 δόξαν
2361 1710 2685 1776 ἀλλοίωσιν,
2736 1713 2842 1777 ἕως
2875 1712 3109 1779 ἕκαστος
3140 1712 3238 1783 τὴν
3274 1714 3332 1765 ἐν
3366 1712 3447 1782 τῷ
3494 1711 3621 1781 ἰδίῳ
3654 1710 3757 1763 τά-

2157 1819 2347 1872 γματι,
2384 1803 2730 1873 ἁρμόζουσαν
2756 1804 2964 1871 δέξοιτο
2992 1804 3209 1858 θέωσιν.
3241 1804 3552 1857 Τὸντοίνυν
3587 1791 3764 1875 προρ-

2160 1884 2392 1965 ρἤέντα
2447 1897 2574 1966 περὶ
2596 1896 2731 1950 Θεοῦ
2761 1898 2989 1967 φυσικὸν
3029 1897 3191 1951 πόθον
3220 1897 3441 1968 ἔχοντας
3484 1898 3646 1968 ἡμᾶς
3672 1898 3755 1950 εἰ-

2156 1985 2262 2050 δὼς
2281 1981 2435 2050 οὗτος
2452 1989 2481 2040 6
2501 1988 2674 2057 μέγας
2692 1988 3011 2052 διδάσκαλος
3034 1989 3330 2060 προτρέπει
3351 2006 3410 2043 τε
3438 1989 3657 2052 πάντας
3671 1988 3763 2043 καὶ

2156 2079 2313 2132 καλεῖ
2352 2078 2440 2132 διὰ
2478 2080 2576 2149 τῆς
2605 2081 2771 2133 αὑτοῦ
2798 2081 3148 2145 διδασκαλίας
3181 2082 3318 2152 πρὸς
3364 2082 3466 2152 τὴν
3508 2099 3763 2151 πνευμα-

2155 2170 2316 2240 τικὴν
2346 2169 2551 2240 βρῶσιν
2601 2170 2695 2225 τοῦ
2722 2172 2862 2244 ὑπὲρ
2888 2174 3047 2243 ήμῶν
3084 2174 3521 2243 σφαγιασθέντος
3553 2175 3760 2246 ἀμνοῦ,

2159 2260 2396 2331 φυλάξαι
2415 2279 2473 2314 τε
2499 2262 2767 2334 εὐκρινῶς
2804 2264 2899 2317 καὶ
2936 2264 3252 2337 εὐχρήστως
3281 2265 3615 2319 ὑποτίθεται
3654 2267 3760 2320 τῶν

2157 2352 2345 2417 αὐτοῦ,
2401 2345 2712 2424 τοῦάμνοῦ
2769 2354 3034 2422 δηλονότι,
3083 2354 3262 2425 μελῶν
3314 2356 3415 2425 τὴν
3479 2358 3759 2428 ἁρμονίαν

2157 2446 2463 2516 ἄθραυστον
2486 2446 2580 2499 καὶ
2600 2446 2976 2517 ἀσύμφυρτον,
3008 2446 3096 2499 ἵνα
3129 2445 3669 2517 μὴ’κατακριθῶμεν
3691 2448 3759 2511 ὡς

2156 2539 2493 2602 διασπῶντες
2520 2540 2614 2592 καὶ⁸
2639 2539 3139 2611 διασπαράττοντες
3180 2538 3279 2610 τὴν
3319 2538 3552 2593 εὔθετον
3580 2542 3759 2610 ἁρμο-

2157 2632 2276 2685 νίαν
2301 2632 2396 2685 τοῦ
2429 2632 2577 2685 θείου
2609 2631 2893 2703 σώματος,
2932 2632 2964 2703 ἢ
3008 2622 3278 2703 θρασέως,
3315 2631 3391 2694 ὡς
3412 2631 3565 2700 ὑπὲρ
3600 2632 3762 2685 δύνα-

2162 2738 2277 2792 μιν,
2324 2722 2357 2793 ἢ
2401 2722 2656 2793 ἀνιέρως,
2699 2723 2775 2786 ὡς
2824 2722 2977 2793 παρὰ
3008 2722 3263 2793 δύναμιν,
3297 2721 3391 2776 τοῦ
3433 2722 3627 2792 ἀμνοῦ
3670 2724 3762 2776 καὶ

2158 2814 2332 2883 Λόγου
2355 2814 2454 2877 τὰς
2484 2816 2693 2885 σάρκας
2721 2814 2993 2878 ἐσθίοντες
3020 2831 3033 2845 ·
3066 2814 3431 2877 ἀλλ’ἓκαστος
3465 2814 3628 2867 κατὰ
3664 2814 3761 2883 τὴν

2158 2904 2324 2957 αὑτοῦ
2358 2904 2588 2975 δύναμίν
2635 2922 2696 2958 τε
2745 2906 2840 2958 καὶ
2870 2905 3043 2973 τάξιν,
3074 2906 3168 2959 καὶ
3214 2905 3314 2974 τὴν
3345 2902 3763 2958 ἐπιϐάλλουσαν

2161 2993 2307 3064 αὐτῷ
2363 2995 2523 3065 χάριν
2580 2993 2675 3047 τοῦ
2708 2996 3031 3065 Πνεύματος
3057 3038 3073 3060 ,
3134 2995 3621 3066 μεταλαμϐανέτω
3666 2994 3759 3049 τοῦ

2161 3086 2306 3139 θείου
2368 3088 2542 3154 Λόγου
2598 3087 2743 3141 κατά
2793 3087 2892 3158 τὴν
2937 3088 3167 3141 ἑκάστου
3224 3087 3417 3157 μέλους
3476 3088 3759 3142 ἐπίνοιαν.

2138 3174 2284 3233 -Οἷον
2312 3180 2555 3249 κεφαλῆς
2576 3182 2680 3250 μὲν
2712 3183 2739 3235 6
2769 3181 2828 3246 ἐξ
2854 3181 3261 3235 ἀναποδείκτων
3293 3180 3484 3252 ἀρχῶν
3515 3182 3762 3249 ἀφέτους

2158 3271 2436 3335 παντελῶς
2457 3271 2687 3340 ἔχουσαν
2707 3274 2833 3337 τοὺς
2864 3274 2996 3344 περὶ⁵
3024 3272 3304 3342 θεολογίας
3328 3272 3534 3338 λόγους
3568 3271 3761 3324 πίστιν

2154 3363 2494 3433 κεκτημένος
2546 3364 2939 3434 μεταλήψεται,
2975 3364 3035 3429 ἐξ
3075 3360 3144 3437 ἧς
3181 3365 3240 3416 τὸ
3286 3363 3393 3415 πᾶν
3435 3361 3616 3432 σῶμα.
3654 3361 3761 3413 τῶν

2155 3455 2368 3527 ἀρετῶν
2398 3474 2456 3508 τε
2491 3456 2585 3509 καὶ
2618 3456 2723 3509 τῶν
2769 3457 3026 3525 γνὼσεων
3071 3455 3556 3527 συμϐιϐαζόμενον
3604 3453 3756 3517 αὔξει

2152 3549 2252 3617 τὴν
2306 3550 2684 3619 πνευματικὴν
2739 3548 2991 3619 αὔξησιν.
3034 3551 3219 3603 Ὠτων
3255 3550 3310 3603 δέ
3364 3548 3753 3619 μεταλήψεται

2155 3640 2339 3712 (245
2389 3642 2439 3709 b)
2490 3644 2518 3695 6
2565 3642 2693 3705 τοὺς
2728 3641 2912 3706 Θείους
2946 3643 3139 3710 λόγους
3189 3641 3594 3711 πνευματικῶς
3637 3644 3757 3713 μετ’

2152 3733 2464 3804 ἐπιστήμης
2493 3734 2929 3805 ὑποδεχόμενοςη
2949 3735 3043 3789 καὶ¹
3077 3734 3337 3803 εὐπειθὴς
3362 3735 3462 3788 καὶ
3503 3733 3759 3806 ὑπήκοος

2152 3826 2273 3895 Θεῷ
2302 3825 2372 3877 δι’
2410 3825 2610 3892 αὐτοὺς
2658 3825 2823 3895 μέχρι
2862 3823 3094 3878 θανάτου
3124 3825 3215 3877 διὰ
3253 3824 3361 3876 τῶν
3393 3823 3586 3894 ἔργων
3623 3824 3761 3891 γινο-

2157 3935 2319 3989 μενος
2342 3936 2354 3949 ο
2389 3917 2685 3987 ὀφθαλμῶν
2708 3917 2784 3982 δὲ,
2810 3920 2839 3971 6
2864 3918 2965 3989 τήν
3008 3917 3188 3971 κτίσιν
3221 3916 3629 3987 πνευματικῶς
3662 3932 3762 3969 και

2152 4009 2380 4075 τανοῶν,
2416 4010 2510 4062 καὶ
2555 4010 2766 4073 πάντας
2796 4010 2925 4073 τοὺς
2956 4012 3075 4063 κατ’
3105 4008 3370 4080 αἴσθησίν
3397 4025 3464 4060 τε
3497 4008 3603 4060 καὶ
3633 4007 3759 4061 νοῦν

2152 4102 2345 4170 λόγους
2391 4102 2761 4173 άπροσκὸπως
2794 4102 2873 4163 είς
2924 4101 3054 4173 μίαν
3102 4101 3260 4170 δόξης
3303 4099 3444 4153 Θεοῦ
3493 4101 3761 4168 συνάγων

2155 4193 2529 4264 ἐκπλήρωσιν.
2564 4193 2802 4262 Στήθους
2827 4193 2884 4246 δὲ
2917 4193 3289 4263 μεταλήψεται
3313 4194 3342 4245 6
3372 4194 3475 4261 τὴν
3510 4193 3759 4264 καρδίαν

2155 4284 2484 4353 θεολογικῶν
2516 4284 2816 4356 πληρώσας
2848 4284 3244 4356 θεωρημάτων,
3268 4285 3406 4338 κατὰ
3437 4284 3535 4337 τὸν
3576 4287 3758 4355 μέγαν

2154 4375 2550 4447 εὐαγγελιστὴν
2597 4375 2854 4447 Ἰωάννην
2881 4417 2897 4439 ,
2935 4377 3034 4430 καὶ
3087 4376 3271 4445 πηγῆς
3302 4375 3537 4428 ἀεννάου
3592 4376 3756 4443 δίκην

2154 4468 2245 4521 τὸν
2281 4466 2632 4537 περιεκτικὸν
2673 4466 2775 4535 τῆς
2812 4466 2906 4519 τοῦ
2940 4468 3143 4528 παντὸς
3188 4464 3447 4537 προνοίας
3498 4467 3754 4529 εὐσεϐῶς

466 4553 722 4607 omnibus
754 4554 1057 4624 profundit.
1101 4557 1291 4613 Manus
1328 4576 1544 4625 rursus,
1571 4570 1631 4617 ut
1662 4578 1760 4631 par
1788 4570 1892 4627 est,
1921 4579 2048 4632 par-

2156 4557 2403 4627 προχέων
2428 4558 2539 4619 τοῖς
2575 4555 2906 4625 μανθάνουσι
2935 4556 3096 4622 λόγον
3124 4572 3184 4607 τε
3216 4557 3309 4608 καὶ
3345 4558 3587 4624 τρόπον.
3624 4560 3753 4610 Xa:-

466 4646 657 4715 ticipat
692 4647 787 4715 qui
822 4646 1099 4702 actionum
1132 4648 1402 4706 divinitus
1451 4653 1880 4721 prohibiturum,
1932 4654 2049 4710 sive

2156 4649 2257 4720 ρῶν
2295 4648 2338 4700 δ’
2371 4646 2436 4701 αὖ
2475 4648 2884 4718 μεταλαμϐάνει
2934 4647 3165 4712 δεόντως
3201 4647 3229 4699 6
3275 4648 3443 4718 μηδὲν
3475 4650 3598 4702 τῶν
3629 4651 3751 4705 κατ’

466 4754 566 4806 per
611 4737 884 4807 ignaviam
913 4739 1029 4793 sive
1061 4755 1158 4809 per
1201 4740 1589 4812 negligentiam
1612 4754 1898 4815 perpetrat
1928 4747 2052 4800 nul-

2156 4742 2371 4810 ἐντολὴν
2403 4740 2709 4810 ἀνειμένως
2733 4740 2908 4810 ἔργων
2936 4740 3031 4792 καὶ
3052 4740 3418 4810 ἠμελημένως
3451 4742 3752 4809 ἐπιτελῶν,

466 4830 595 4887 lazn.
632 4830 725 4884 sed
762 4847 956 4886 omnes
986 4832 1182 4888 animae
1216 4834 1272 4888 in
1300 4836 1514 4906 agendo
1565 4838 1715 4893 vires
1753 4839 1818 4892 ad
1880 4840 2048 4910 perli-

466 4919 661 4973 rienda
694 4921 789 4975 Dei
822 4921 1077 4976 mandata
1137 4934 1356 4993 paratas
1387 4926 1554 4981 habet
1588 4937 1751 4997 atque
1779 4931 2046 4988 intentas.

467 5013 730 5066 Ventrem
762 5029 915 5078 veno,
952 5014 1047 5084 qui
1078 5016 1293 5078 animm,
1324 5018 1470 5088 quod
1504 5035 1724 5089 semper
1755 5023 2041 5088 scaturiat,

464 5103 700 5171 genitale
726 5103 914 5181 habet,
948 5105 1043 5174 qui
1088 5106 1467 5176 spiritualibus
1512 5108 1756 5164 abundat
1796 5121 2047 5166 contem-

465 5194 818 5262 platiouihus,
838 5195 930 5265 qui
960 5196 1464 5268 incxstinguihilcm
1488 5207 1542 5251 et
1569 5199 2048 5268 ﬂagrantissimum

463 5286 818 5356 impassihilis
845 5290 1123 5359 appetitus
1144 5296 1272 5345 cum
1302 5292 1411 5344 Dco
1429 5292 1663 5347 coeundi
1692 5307 1931 5347 amorem
1950 5294 2047 5348 ha—

464 5379 578 5433 bet.
636 5380 896 5435 Intestina
926 5397 1058 5435 vero
1098 5382 1452 5451 participabit
1488 5384 1904 5449 convenienter,
1952 5387 2044 5455 qui

467 5471 815 5543 indagationc
844 5473 1017 5544 magis
1048 5475 1262 5529 occulta
1292 5476 1678 5545 etcognitione
1701 5477 2047 5532 intellectua-

467 5560 505 5613 li
541 5562 808 5630 profunda
845 5564 940 5618 Dei
963 5566 1316 5634 pervestigat.
1361 5573 1416 5619 et
1442 5565 1813 5624 iucfl‘abilibus
1839 5576 2044 5638 myste-

466 5651 566 5706 riis
607 5664 905 5709 saturatur.
941 5656 1110 5725 Majus
1132 5658 1263 5726 quid
1298 5656 1490 5712 Sermo
1525 5657 1773 5713 audebit.
1814 5656 2043 5712 Inferio-

560 5842 581 5869 τ
618 5830 785 5885 Ilcbt‘.
823 5849 892 5890 tv,
926 5832 1006 5884 l-i.

2148 4830 2425 4899 ἀλλ’ὂλην
2456 4831 2599 4902 ἔχων
2636 4831 2861 4902 ἑτοίμην
2895 4832 2989 4883 καὶ
3016 4830 3234 4885 εὖτονον
3274 4833 3410 4903 πρὸς
3442 4834 3753 4906 ἐκπλήρω-

2151 4941 2234 4978 σιν
2263 4923 2371 4977 τῶν
2399 4924 2563 4976 θείων
2603 4923 2783 4993 νόμων
2813 4925 2912 4994 τῆς
2939 4923 3121 4994 ψυχῆς
3146 4924 3245 4995 τήν
3281 4925 3425 4979 κατὰ
3451 4926 3559 4995 τὴν
3602 4930 3752 4994 api-

2158 5013 2240 5078 ξιν
2291 5014 2573 5085 ἐνέργειαν
2598 5027 2612 5041 ·
2652 5014 2863 5079 κοιλίας
2891 5014 2968 5078 δὲ,
3002 5014 3030 5064 ὀ
3068 5016 3128 5067 τὸ
3170 5015 3393 5084 γόνιμον
3423 5015 3534 5085 τῆς
3563 5018 3753 5088 ψυχῆς

2154 5102 2476 5159 ἁείὸλυστον
2512 5104 2674 5176 ἔχων,
2715 5105 2810 5158 καὶ
2841 5104 3250 5174 πληθυνόμενος
3275 5108 3386 5169 τοῖς
3428 5124 3757 5180 πνευματι-

2154 5199 2268 5259 κοῖς
2298 5196 2644 5268 θεωρήμασι,
2681 5197 2775 5249 κοιλ⁸
2817 5196 3231 5251 ἀκατάσῦεστον
3280 5198 3373 5252 τὸν
3426 5200 3755 5254 καυστικὼ-

2152 5305 2313 5342 τατον
2351 5288 2452 5357 τῆς
2493 5287 2629 5359 πρὸς
2660 5290 2760 5359 τὴν
2806 5289 2960 5343 θείαν
2993 5290 3285 5344 συνουσίαν
3324 5291 3593 5355 ἀπαθοῦς
3626 5294 3751 5362 ἐφέ-

2156 5399 2296 5445 σεως
2336 5381 2516 5451 ἔρωτα
2552 5382 2910 5452 κεκτημένος.
2973 5383 3291 5437 Ἐνδοσθίων
3330 5384 3386 5437 δὲ
3431 5386 3754 5457 μεταλήψει

2152 5491 2243 5527 ται
2277 5474 2687 5544 προσηκόντως,
2720 5477 2748 5527 6
2776 5477 2842 5546 τῇ
2875 5475 3231 5547 κρυφιωτέρα
3268 5474 3501 5545 ζητήσει
3550 5495 3618 5531 τε
3656 5477 3750 5531 καὶ

2153 5564 2355 5633 γνώσει
2396 5566 2490 5618 τοῦ
2522 5565 2613 5619 νοῦ
2645 5565 2714 5619 τὰ
2757 5565 2896 5636 βάθη
2941 5566 3037 5620 τοῦ
3089 5566 3227 5619 Θεοῦ
3279 5566 3745 5639 διερευνώμενος,

2155 5658 2248 5710 καὶ
2279 5657 2609 5728 ἀπορρήτων
2638 5658 3054 5729 ἐμφορούμενος
3090 5658 3430 5749 μυστηρίων..
3455 5660 3751 5733 Τολμήπι
