3938 6192
205 299 343 365 1365

1424 303 1944 369 AMBIGUORUM
1985 307 2238 366 LIBER.

3329 294 3465 360 I366

199 435 251 470 τι
277 416 462 488 μεῖζον
492 418 520 471 6
556 418 738 488 λόγος.
767 393 889 473 Τῶν
922 419 1075 474 κάτω
1119 418 1215 474 τοῦ
1245 418 1420 488 Λόγου
1462 419 1648 492 μερῶν
1683 435 1781 489 με-

1907 433 1980 474 'es
2019 415 2306 474 Sermonis
2336 423 2522 487 partes
2553 410 2910 485 participabit
2959 411 3238 483 sapienter
3284 410 3330 468 is
3372 415 3465 484 qui

200 507 598 579 ταλαμόανέτω
642 511 957 580 σωφρόνως,
996 513 1025 564 6
1057 509 1295 579 λογικῶς
1342 510 1487 563 κατά
1524 511 1622 577 τῆς
1650 509 1784 579 ὕλης

203 599 516 669 ἱστάμενος,
552 599 646 654 καὶ
669 600 1024 654 παντάπασιν
1049 599 1354 672 ἀμόλυντον
1383 600 1524 671 μετὰ
1554 600 1655 670 τῆς
1680 599 1784 669 ψυ-

209 692 310 763 χῆς
342 692 440 763 τήν
481 692 662 764 σάρκα
710 691 1006 764 διατηρῶν,
1037 693 1135 746 καὶ
1183 691 1305 747 ὅλον
1352 691 1785 763 άπαραλείπτως

205 783 340 852 αὐτῇ
372 781 465 834 τὸν
498 781 674 848 Λόγον
695 784 816 846 ταῖς
831 782 1054 853 ἀρεταῖς
1081 781 1400 853 διαμορφῶν
1427 780 1607 852 σάρκα
1630 780 1789 848 γενό-

209 891 390 945 μενον.
420 871 630 944 Μηρῶν
652 873 707 926 δὲ
742 873 1116 945 μεταλήψεται
1141 876 1170 928 6
1191 873 1463 942 τδνΛόγον
1496 872 1787 943 ἐπικείμε-

206 984 296 1019 νον
330 966 473 1037 ἔχων
511 966 590 1036 τῷ
631 965 732 1037 τῆς
767 965 949 1037 ψυχῆς
977 965 1274 1037 παθητικῷ
1313 965 1494 1036 μέρει,
1525 966 1622 1019 καὶ
1655 980 1792 1018 παν-

203 1057 374 1122 τελῶς
412 1057 696 1128 ἐκτέμνων
724 1058 895 1130 αὐτῆς
921 1058 1020 1130 τὴν
1047 1057 1319 1130 πρόσυλον
1349 1056 1591 1126 κίνησιν’
1623 1056 1790 1124 γονά-

205 1169 315 1205 των
373 1151 456 1218 δέ,
496 1155 524 1206 6
585 1151 720 1222 πρὸς
758 1153 891 1216 τοὺς
949 1150 1238 1223 κειμένους
1275 1148 1374 1204 καὶ
1426 1147 1793 1213 ἀσθενοῦντας

208 1245 398 1317 (246
431 1245 484 1316 α)
517 1247 582 1317 τῇ
625 1245 804 1300 πίστει
839 1244 1144 1316 συμπαθῶς
1179 1242 1322 1298 κατὰ
1368 1241 1632 1315 πρόνοιαν
1672 1242 1793 1295 ἐπι-

204 1337 546 1408 κλινόμενος,
570 1339 666 1392 καὶ
693 1337 793 1409 τὴν
809 1337 948 1409 πρὸς
978 1338 1128 1409 ἡμᾶς
1161 1335 1258 1391 τοῦ
1290 1336 1468 1404 Λόγου
1513 1334 1792 1406 μιμούμε-

206 1447 298 1495 νος
339 1430 774 1500 συγκατάεασιν.
806 1429 1049 1501 Κνημῶν
1082 1430 1140 1484 δὲ
1168 1428 1265 1484 καὶ
1295 1427 1474 1482 ποδῶν
1505 1426 1793 1500 μεταλαμ-

207 1523 422 1578 ϐανέτω
468 1524 606 1595 πρὸς
650 1521 884 1589 τούτοις,
931 1525 960 1576 6
1011 1522 1107 1576 ἐπὶ
1154 1520 1256 1591 τῆς
1303 1519 1543 1583 πίστεως
1573 1518 1796 1588 καὶτῆς

209 1616 416 1686 ἀρετῆς
457 1616 551 1670 καὶ
584 1617 687 1686 τῆς
716 1614 976 1685 γνώσεως
1014 1613 1347 1676 ἁσαλεύτους
1383 1613 1522 1683 ἔχων
1553 1613 1653 1682 τῆς
1700 1610 1799 1679 ψυ-

1889 510 2238 570 rationaliter
2284 517 2476 564 contra
2511 507 2800 564 materiam
2846 515 2987 569 stat,
3020 515 3076 562 et
3123 501 3466 574 impollutam

1886 601 2112 656 omnino
2153 606 2280 654 cum
2317 599 2498 653 anima
2536 612 2759 654 carnem
2794 603 3109 658 conservat,
3141 601 3197 648 et
3216 601 3390 648 totum
3409 610 3472 645 ac

1887 691 2009 747 sine
2047 689 2265 745 defectu
2298 706 2363 746 ea
2393 690 2740 754 Sermonem,
2766 687 2867 764 qui
2896 702 3028 742 caro
3056 694 3140 742 est
3165 685 3344 740 factus
3361 685 3471 737 vir-

1889 783 2102 838 tutibus
2169 783 2397 854 eilingit.
2438 783 2672 836 Femora
2717 789 2903 836 autem
2967 778 3337 850 participabit‘
3377 779 3466 846 qui

1890 875 2240 940 Sermonem,
2268 875 2323 928 in
2347 874 2597 944 passibili
2631 874 2829 929 anima:
2855 880 3013 944 parte
3050 872 3217 926 habet
3247 870 3470 940 imposi-

1888 976 2028 1033 tum,
2065 983 2129 1022 ac
2156 967 2454 1022 motionem
2487 966 2610 1036 ejus
2635 967 2692 1020 in
2722 965 3008 1020 materiam
3045 979 3293 1034 pronam-
3315 978 3472 1032 prer-

1890 1076 1986 1117 sus
2010 1060 2297 1130 exstirpat;
2328 1075 2507 1131 genua
2543 1067 2758 1124 contra,
2781 1057 2917 1127 quid
2962 1057 3030 1112 ad
3050 1059 3299 1128 jacentes
3327 1066 3384 1111 et
3405 1055 3473 1109 η.

1891 1152 1961 1208 de
1994 1153 2250 1209 labantes
2279 1151 2715 1208 misericorditer
2744 1151 2813 1206 de
2835 1151 3194 1206 Providentia
3221 1150 3472 1213 inclinat,

1891 1251 2058 1314 atque
2094 1243 2379 1299 Sermonis
2417 1242 2486 1298 ad
2517 1258 2619 1298 nos
2638 1242 3170 1298 condescensionem
3206 1241 3474 1296 imitatur.

1893 1335 2083 1391 Tibias
2099 1336 2338 1408 denique
2376 1343 2433 1392 et
2460 1336 2631 1406 pedes
2663 1336 2998 1407 participato
3029 1336 3094 1391 ad
3119 1335 3259 1396 haec.
3277 1336 3372 1404 qui
3396 1335 3479 1389 in-

1893 1426 2141 1498 trepidos
2163 1439 2218 1482 et
2244 1430 2606 1483 inconcussos
2631 1427 2688 1481 in
2720 1427 2829 1482 (ide
2860 1435 2917 1484 et
2944 1427 3150 1482 virtute
3181 1434 3238 1482 et
3292 1429 3480 1498 cogni-

1894 1525 2043 1580 tione
2089 1525 2260 1580 habet
2291 1525 2490 1580 anima:
2533 1540 2778 1596 gressus,
2845 1533 2904 1580 et
2934 1527 3087 1595 juxta
3134 1525 3481 1594 propositum

1895 1624 2227 1685 approperat
2271 1614 2338 1670 ad
2393 1614 2680 1684 praemium
2748 1613 3058 1669 vocationis
3121 1613 3178 1668 in
3239 1614 3480 1677 coelum,

218 1707 321 1776 χῆς
358 1709 458 1770 τάς
504 1707 691 1777 βάσεις
747 1706 840 1760 καὶ
881 1704 1245 1774 ἀκλονήτους,
1279 1701 1375 1756 καὶ
1407 1700 1550 1755 κατά
1593 1699 1796 1753 σκοπὸν

1907 1707 2102 1776 quique
2128 1706 2449 1777 ignorantia:
2470 1716 2685 1762 montes
2710 1706 3081 1777 nequitiaeque
3121 1707 3291 1762 colles
3307 1715 3490 1761 trans-

383 1767 453 1850 :6
478 1767 727 1868 βραϐεῖον
755 1796 856 1867 τῆς
881 1795 992 1850 ἄνω
1014 1767 1260 1864 κλήσεως
1290 1790 1667 1861 ἐπειγόμενος,
1699 1788 1796 1842 καλ⁸

1908 1767 1994 1850 ilit
2014 1767 2416 1852 'cumvratione.
2445 1795 2552 1851 Sed
2594 1797 2722 1867 quis
2752 1767 2939 1851 omnia
2970 1767 3274 1853 Salvatoris
3305 1783 3498 1852 nostri.

211 1887 313 1956 τῆς
343 1885 568 1954 ἀγνοίας
613 1884 683 1938 τὰ
734 1883 836 1955 ὅρη
886 1884 984 1937 καὶ
1025 1880 1153 1944 τοὺς
1190 1879 1411 1950 βουνοὺς
1453 1879 1552 1949 τῆς
1599 1879 1800 1942 κακίας

213 1973 549 2046 ὑπερπηδῶν
600 1971 740 2044 μετά
767 1971 863 2026 τοῦ
893 1971 1070 2041 Λόγου
1116 1969 1212 2025 καὶ
1231 1968 1599 2038 διαλλόμενος.
1640 1965 1802 2020 Ἀλλά

222 2067 306 2130 τίς
339 2067 629 2137 δυνήσεται
664 2065 846 2130 πάσας
890 2063 986 2118 τοῦ
1040 2063 1298 2134 Σωτῆρος
1343 2061 1501 2133 ήμῶν
1531 2060 1669 2114 Θεοῦ
1701 2059 1801 2124 τάς

214 2158 284 2212 δι’
319 2159 469 2230 ἡμᾶς
513 2157 761 2221 ἐπινοίας
813 2154 1190 2228 ἐξαριθμῆσαι
1247 2153 1371 2208 καθ’
1426 2156 1493 2217 ἃς
1541 2151 1802 2222 ἐδώδιμον

216 2251 409 2306 ἑαυτὸν
447 2250 544 2305 καὶ
593 2249 942 2322 μεταληπτδν
993 2249 1273 2317 ἀναλόγως
1306 2247 1525 2316 ἑκάστῳ
1571 2244 1804 2316 πεποίη-

213 2362 332 2398 κεν.
374 2344 496 2397 Ἕτι
547 2342 658 2413 γάρ
690 2344 805 2414 ἔχει
847 2341 986 2414 πρὸς
1033 2341 1250 2404 τούτοις
1301 2341 1468 2394 πᾶσιν
1510 2339 1540 2392 6
1595 2337 1804 2408 Κύριος

218 2433 575 2506 βοστρύχους,
597 2434 692 2487 καὶ
739 2435 914 2505 ῥῖνας,
939 2432 1034 2486 καὶ
1085 2431 1264 2503 χείλη,
1292 2429 1563 2503 τράχηλόν
1588 2446 1674 2496 τε,
1709 2427 1804 2482 καὶ

213 2523 430 2595 ὤμους,
463 2525 560 2578 καὶ
587 2523 910 2589 δακτύλους,
954 2524 1047 2577 καὶ
1061 2524 1165 2577 ὅσα
1191 2522 1292 2590 τῆς
1326 2520 1606 2593 ήμετέρας
1636 2536 1804 2573 κατα-

216 2615 418 2685 σκευῆς
449 2616 536 2668 ἐπ’
564 2613 732 2669 αὐτοῦ
786 2615 1006 2683 λέγεται
1051 2604 1586 2686 τροπολογικῶς.Ὦν
1631 2627 1804 2682 προσ-

215 2707 368 2778 φυῶς
413 2724 473 2760 τε
515 2707 612 2760 καὶ
652 2705 977 2778 εὐχρήστως
1040 2704 1555 2776 μεταλαμϐάνουσιν
1584 2702 1635 2756 0i
1667 2701 1806 2772 πρὸς

215 2800 452 2854 ἕκαστον
490 2800 587 2853 καὶ
626 2798 691 2852 δι’
721 2797 954 2852 ἑκάστου
981 2798 1180 2869 μέλους
1213 2795 1614 2867 σημαινόμενον
1643 2810 1808 2849 πνευ-

223 2891 452 2962 ματικὸν
487 2884 950 2962 μεταποιούμενοι
1001 2889 1184 2958 λόγον.
1235 2887 1424 2952 Οῦτως
1456 2889 1484 2941 6
1509 2885 1680 2957 ἀμνὸς
1708 2884 1804 2939 τοῦ

223 2982 362 3038 Θεοῦ
400 2981 791 3055 βιὸρώσκεται,
815 2982 957 3037 κατὰ
983 2982 1078 3036 τὸν
1109 2981 1264 3051 ἅγιον
1284 2980 1477 3035 τοῦτον
1504 2979 1601 3033 καὶ
1631 2977 1806 3050 μέγαν

1898 1888 1996 1943 Dei
2031 1874 2256 1958 propter
2299 1904 2404 1944 nos
2455 1887 2694 1960 cogitata
2742 1905 3071 1946 enumerare
3092 1889 3305 1961 poterit
3357 1890 3484 1960 qui-

1901 1980 2006 2036 bus
2023 1981 2371 2036 esculentum
2394 1995 2515 2037 sese
2544 1989 2712 2052 atque
2743 1981 3042 2037 fruendum
3077 1981 3481 2038 convenienter

1901 2072 2205 2142 unicuique
2227 2071 2529 2128 eﬁ‘ecerit?
2563 2072 2741 2129 Habet
2767 2074 2917 2129 enim
2956 2073 3226 2130 Dominus
3253 2071 3320 2128 ad
3368 2088 3486 2127 om-

1907 2163 2003 2219 nia
2030 2163 2148 2219 haac
2182 2163 2474 2219 cincinnos
2510 2173 2568 2220 et
2600 2178 2764 2220 nares
2795 2173 2852 2220 et
2878 2164 3053 2230 labra,
3079 2163 3352 2219 cervicem
3375 2162 3515 2216 hu-.

1902 2271 2198 2326 merosque
2228 2271 2294 2312 ac
2322 2256 2546 2328 digitos,
2585 2265 2643 2312 et
2677 2272 3024 2328 quaecunque
3053 2263 3261 2311 nostrae
3280 2254 3494 2311 consti-f

1905 2347 2139 2402 tutionis
2171 2347 2240 2402 de
2272 2361 2340 2402 eo
2377 2346 2930 2418 ﬁgurate‘praedicari
2959 2347 3142 2403 solent
3181 2346 3258 2400 Ea
3287 2360 3510 2401 conve-.

1902 2436 2122 2491 nienter
2157 2444 2322 2507 atque
2348 2437 2561 2493 utiliter
2608 2438 2944 2510 participant
2995 2438 3090 2509 qui
3127 2437 3183 2491 in
3213 2450 3490 2508 quamque

1903 2535 1960 2582 et
1994 2543 2094 2597 per
2125 2528 2386 2598 quodque
2437 2528 2750 2585 membrum
2787 2528 3158 2602 signiﬁcatam
3213 2527 3487 2582 rationem

1907 2617 2311 2674 instaurantur.
2343 2619 2426 2676 Ita
2451 2621 2640 2692 Agnus
2673 2621 2770 2676 Dei
2809 2619 3156 2686 comedetur,
3181 2619 3488 2675 secundum

1905 2709 2056 2765 hunc
2081 2717 2332 2766 sanctum
2359 2719 2416 2767 et
2441 2694 2704 2784 magnum
2751 2712 3062 2777 doctorem,
3119 2718 3176 2766 et
3203 2711 3259 2765 in
3292 2725 3494 2768 conco-

1907 2801 2148 2857 ctionem
2177 2803 2525 2873 spiritualem
2574 2789 2880 2875 digeretur,
2919 2803 3052 2859 dum
3091 2802 3492 2874 participantes

1905 2907 1965 2949 se
1994 2893 2203 2964 Spiritu
2235 2895 2292 2951 in
2353 2896 2599 2967 seipsum
2661 2897 2916 2952 immutat
2959 2903 3129 2966 atque
3180 2902 3490 2966 regenerat,

1907 2980 2364 3055 unumquemque
2396 3001 2592 3042 eorum
2625 2986 2682 3041 in
2723 2985 2962 3042 membri
3008 2985 3078 3040 ab
3104 2999 3180 3040 eo-
3203 2984 3493 3040 voratilo-

221 3074 562 3138 διδάσκαλον,
597 3075 692 3128 καὶ
728 3076 810 3138 εἰς
849 3074 1015 3145 πέψιν
1054 3071 1432 3144 πνευματικὴν
1461 3069 1801 3134 ἀναδίδοται,

1917 3089 2043 3129 cum
2067 3091 2170 3146 pro
2194 3077 2502 3148 corporalis
2525 3077 2740 3134 ordinis
2755 3087 2813 3133 et
2835 3076 3495 3149 coagmentationisposi-

226 3165 538 3234 μεταποιῶν
569 3166 706 3238 πρὸς
738 3166 932 3220 ἑαυτὸν
953 3164 1034 3234 τῷ
1065 3165 1341 3234 πνεύματι
1366 3164 1493 3226 τοὺς
1524 3161 1806 3233 μεταλαμ-

225 3257 518 3324 ϐάνοντας,
570 3259 804 3314 ἕκαστον
843 3259 1026 3314 αὐτῶν
1077 3262 1158 3324 είς
1208 3259 1301 3313 τὸν
1350 3256 1444 3312 τοῦ
1493 3255 1802 3328 βρωθέντος

225 3347 318 3400 ὑπ’
345 3347 508 3401 αὑτοῦ
544 3347 932 3418 πνευματικῶς
977 3346 1175 3418 μέλους
1207 3345 1372 3399 τόπον
1411 3342 1553 3397 κατὰ
1578 3340 1679 3413 τὴν
1709 3339 1801 3394 θέ-

1917 3162 2069 3221 tione
2086 3167 2378 3224 attrahens
2399 3176 2568 3240 atque
2594 3175 2984 3240 transportetis,
3004 3169 3080 3223 ita
3101 3175 3163 3222 ut
3177 3167 3496 3224 humaniter

1908 3269 1972 3309 ea
1997 3271 2120 3326 qua
2153 3259 2432 3316 universis
2459 3261 2605 3316 inest
2629 3261 2772 3325 ratio
2799 3261 2855 3316 in
2903 3259 3072 3316 rebus
3112 3260 3357 3316 essentia
3377 3259 3494 3347 ﬁat,

1900 3360 2023 3415 quae
2052 3348 2196 3404 ratio
2216 3351 2331 3406 sola
2353 3358 2584 3422 superat
2609 3359 2866 3406 naturam
2891 3351 3136 3420 itemque
3157 3365 3490 3407 sermonem.

226 3459 311 3495 σιν
341 3444 442 3512 τῆς
476 3443 797 3512 σωματικῆς
842 3441 1112 3511 ἁρμονίας
1152 3438 1363 3507 ἐνάγων
1403 3454 1466 3490 τε
1509 3436 1606 3490 καὶ
1639 3431 2080 3509 μετατιθέμενος,
2143 3442 2285 3498 ὥστε
2349 3444 2749 3516 φιλανθρώπως
2810 3445 2902 3497 τὸν
2949 3444 3007 3497 ἐν
3048 3443 3342 3509 τοῖςπγδλοις
3404 3443 3496 3498 λά-

223 3553 319 3606 γον
350 3537 463 3597 τοῖς
493 3532 814 3604 πράγμασιν
855 3531 1046 3586 οὐσίαν
1075 3530 1323 3600 γίνεσθαι
1351 3527 1444 3582 τὸν
1471 3527 1631 3607 μόνον
1655 3526 1794 3600 ὑπὲρ
1837 3535 2000 3598 φύσιν
2035 3533 2335 3606 καὶγλόγον.

237 3720 342 3775 Ἐκ
367 3719 473 3775 τοῦ
495 3717 684 3774 αὐτοῦ
705 3716 920 3787 λόγου,
937 3717 1023 3782 είς
1045 3715 1134 3770 τό·
1159 3733 1178 3766 ι
1205 3712 1529 3782 Νεκρώσας
1556 3713 1628 3768 τὰ
1651 3715 1811 3785 μέλη

296 3811 368 3866 τὰ
395 3808 489 3865 ἐπὶ
508 3808 614 3879 τῆς
646 3807 779 3880 γῆς,
809 3807 907 3863 καὶ
939 3807 1054 3876 τὴν
1083 3805 1273 3879 ζώνην
1302 3804 1578 3860 Ἰωάννου
1605 3805 1815 3874 μιμού-

291 3924 497 3976 μενος,
534 3906 640 3961 τοῦ
671 3902 959 3974 ἐρημικοῦ
995 3902 1096 3958 καὶ
1135 3888 1475 3971 προδρόμου
1509 3898 1608 3953 καὶ
1635 3899 1814 3971 μετά-

296 4000 412 4052 λου
436 3995 544 4066 τῆς
568 3997 853 4065 ἀληθείας
887 3993 1149 4064 κήρυκος
1167 3993 1299 4064 (45).
1333 4011 1351 4044 ι
1444 3985 1450 3992 ’

311 4111 370 4164 '0
407 4111 505 4183 τὴν
539 4110 787 4165 Ἰωάννου
822 4109 1002 4178 ζώνην
1033 4105 1372 4178 μιμούμενός
1397 4105 1547 4158 ἐστιν
1569 4106 1598 4158 6
1625 4105 1692 4174 τῇ
1716 4101 1810 4156 δυ-

227 4202 393 4273 νάμει
425 4203 519 4258 τοῦ
541 4203 704 4272 λόγου
739 4202 801 4255 τὸ
833 4201 1058 4272 γόνιμον
1090 4203 1191 4269 τῆς
1221 4199 1402 4270 ψυχῆς
1429 4197 1519 4251 διὰ
1552 4195 1809 4266 γνώσεως

230 4297 552 4365 πρακτικῶς
591 4296 934 4365 ἐπισφίγγων
958 4333 973 4356 ,
1034 4294 1128 4347 καὶ
1173 4292 1461 4362 ἀδιάχυτον
1505 4289 1637 4344 αὐτὸ
1671 4289 1809 4360 πρὸς

229 4384 328 4456 τὴν
359 4386 491 4458 ὓλην
518 4385 917 4454 διαφυλάττων.
961 4383 1261 4456 Ἐρημικὸς
1291 4382 1349 4435 δέ
1370 4384 1518 4435 ἐστιν
1547 4378 1734 4452 (246
1756 4380 1806 4449 b)

229 4479 259 4530 6
299 4477 488 4532 παθῶν
528 4477 941 4549 καθαρεύουσαν
972 4477 1072 4548 τὴν
1116 4475 1231 4542 ἕξιν
1275 4473 1643 4544 κτησάμενος.
1679 4471 1811 4544 Πρό-

229 4569 431 4642 δρομος
469 4571 528 4624 δὲ
557 4573 585 4624 6
618 4570 710 4624 διὰ
743 4570 844 4640 τῆς
873 4568 1107 4640 γνησίας
1144 4566 1437 4639 μετανοίας
1466 4566 1566 4637 τὴν
1610 4567 1816 4619 ἐπακο-

231 4661 535 4717 λουθοῦσαν
567 4662 704 4733 αὐτῇ
741 4661 1114 4730 δικαιοσύνην,
1162 4658 1254 4713 καὶ
1294 4657 1384 4713 διὰ
1419 4658 1520 4730 τῆς
1551 4656 1816 4726 φαινομέ-

231 4771 329 4824 νης
357 4755 560 4825 ἀρετῆς
600 4753 700 4825 τὴν
733 4752 1022 4824 ἐπιδημεῖν
1053 4751 1234 4805 αὐτῶν
1269 4751 1577 4822 μέλλουσαν
1604 4750 1810 4819 γνῶσιν

233 4843 588 4914 προμηνύων.
629 4845 819 4913 Μέγας
857 4843 914 4897 δὲ
945 4842 1046 4913 τῆς
1083 4841 1340 4912 ἀληθείας
1375 4839 1554 4911 κῆρύξ
1593 4841 1741 4894 ἐστιν
1781 4842 1811 4894 ό

232 4934 313 5005 τῷ
343 4935 530 5006 οἰκείῳ
563 4936 663 5007 βίῳ
698 4936 790 4989 τὸν
831 4933 925 4990 ὑπ’
961 4932 1129 4990 αὑτοῦ
1161 4934 1205 4966 δι
1235 4932 1570 5004 λαλούμενον
1600 4934 1700 5003 τῆς
1729 4931 1810 4986 δι·-

232 5025 530 5092 δατκαλίας
557 5028 718 5097 λόγον
750 5025 1132 5098 πιστούμενος.

309 5210 336 5251 δ
372 5210 585 5267 Coloss.
625 5229 704 5277 In,
736 5213 788 5267 5.

1912 3713 1998 3769 Ea:
2020 3713 2201 3768 eodem
2219 3729 2483 3779 sermone,
2506 3714 2561 3767 in
2581 3711 2756 3767 illud:
2789 3729 2807 3764 ι
2853 3709 3205 3780 Mortiﬁcatus
3261 3711 3495 3770 membra

1984 3822 2101 3878 qua:
2127 3814 2251 3859 sum
2287 3821 2446 3876 super
2477 3814 2677 3859 terram
2694 3803 2744 3870 ἀ,
2772 3811 2822 3858 et
2841 3802 3071 3857 solitarii
3102 3801 3246 3856 illius
3271 3801 3496 3856 Joannis

1978 3910 2029 3955 et
2072 3899 2414 3970 prazcursoris
2448 3899 2734 3970 magnique
2775 3896 3022 3955 veritatis.
3053 3896 3340 3967 prwconis,
3362 3911 3499 3966 prat-

1981 3994 2293 4048 cinctionem
2326 3993 2564 4047 imitans.
2606 4010 2625 4044 ι

1985 4111 2216 4169 Joannis
2248 4125 2443 4166 zonam
2481 4109 2729 4164 imitatur
2756 4107 2852 4180 qui
2887 4107 3123 4163 rationis
3164 4105 3372 4161 virtute
3400 4122 3512 4177 ge-~

1914 4203 2083 4260 nitale
2137 4201 2336 4256 animae
2387 4217 2488 4272 per
2521 4201 2895 4272 cognitionem
2931 4202 3108 4266 active
3143 4202 3493 4272 constringit,

1914 4304 1972 4352 et
2012 4294 2366 4350 inconfusum
2393 4302 2588 4349 contra
2617 4294 2908 4361 materiam
2953 4301 3157 4350 servat.
3202 4293 3497 4350 Solitarius

1917 4393 2102 4441 autem
2137 4394 2223 4440 est
2263 4383 2356 4454 qui
2389 4397 2589 4453 purum
2619 4381 2910 4437 aﬂ‘ectibus
2935 4381 3186 4436 habitum
3213 4381 3316 4436 sibi
3352 4395 3497 4450 qure-

1919 4475 2068 4531 sivit.
2108 4475 2430 4529 Praecursor
2477 4487 2614 4528 vero
2641 4481 2726 4529 est
2770 4471 2865 4543 qui
2900 4472 3130 4527 sincerae
3158 4470 3497 4544 poenitentia:

1914 4585 2018 4640 ope
2032 4568 2330 4641 justitiam,
2355 4584 2478 4640 qua
2498 4569 2649 4624 illam
2669 4567 3056 4639 subsequitur,
3079 4566 3497 4637 conspicuaque

1911 4661 2121 4716 virtute
2163 4660 2411 4716 futuram
2455 4661 2522 4716 ad
2575 4677 2741 4732 quam
2793 4661 2865 4716 sit
2912 4675 3240 4716 accessurus
3301 4656 3496 4727 cogni-

1911 4753 2119 4809 tionem
2146 4754 2500 4824 praenuntiat.
2539 4753 2771 4826 Magnus
2789 4751 3301 4824 denique-veritatis
3316 4761 3496 4820 prmco

1909 4851 1998 4898 est
2047 4843 2143 4914 qui
2179 4843 2445 4900 doctrinae
2489 4859 2806 4900 sermonem
2861 4860 2891 4899 a
2943 4842 3258 4913 semetipso.
3296 4835 3495 4911 praedi-

1919 4942 2106 4990 catum
2141 4951 2238 4991 sua
2286 4935 2515 5012 propria
2532 4977 2534 4980 μ
2549 4936 2666 4993 vita
2685 4935 3017 4994 .conilrmat.
3379 4955 3386 4960 ~

1497 5322 1735 5378 VARUE
1774 5321 2196 5378 LECTIONES.

307 5436 352 5469 ³⁸
383 5439 432 5491 τί
458 5439 624 5495 habet
654 5440 776 5495 cod.
799 5440 942 5496 Gud.

235 5507 408 5576 phum
443 5510 609 5581 habet
651 5511 789 5578 μετὰ
823 5511 924 5581 τῆς
955 5511 1096 5564 κατὰ
1118 5510 1218 5581 τῆς
1237 5507 1435 5580 ψυχῆς.

1044 5442 1088 5473 ³⁸
1119 5441 1195 5494 lta
1227 5439 1508 5510 rescripsi.
1543 5439 1955 5510 Apograpﬁhumr
1981 5439 2164 5494 habet
2186 5437 2344 5510 λόγος
2387 5439 2496 5510 τῶν
2524 5438 2618 5510 καὶ
2642 5438 2749 5510 τῶν
2776 5435 2882 5510 .τοῦ
2913 5433 3094 5510 λόγου.

3172 5432 3227 5514 ⁸⁰.
3243 5430 3393 5514 ΑΙ)οξ
3404 5445 3487 5509 “at

1527 5510 1568 5540 "
1595 5498 1738 5565 'Co'd.
1764 5498 1912 5565 Cud.
1947 5509 2112 5565 habet
2141 5498 2366 5579 quidem
2395 5509 2488 5562 τὸν
2511 5509 2602 5563 ὑπ’
2638 5505 2826 5579 αὑτοῦ,
2857 5505 2952 5561 scd
2976 5498 3169 5579 vocum
3207 5498 3306 5555 ὑπ”
3326 5498 3500 5553 αὐτοῦ

234 5573 365 5646 pars
389 5579 540 5648 prior
567 5573 786 5649 punctis
818 5573 1207 5650 subterpositis
1236 5573 1601 5635 sun't'notata.
1634 5580 1826 5635 Aliena
1864 5595 2059 5636 manus
2113 5573 2322 5650 aliquid
2370 5580 2704 5650 rescriptura
2735 5577 2903 5632 fuisse
2945 5573 3186 5631 videtur.

305 5719 418 5786 (-55)
450 5719 595 5773 ldcm
623 5719 747 5773 ibid.
778 5735 898 5789 cap.
931 5718 1013 5783 l8,
1055 5736 1109 5790 p.
1157 5720 1281 5784 859,
1322 5728 1454 5776 tom.
1480 5719 1502 5773 l
1527 5718 1663 5789 Opp.
1692 5719 1780 5773 ed.
1823 5719 2026 5775 Bcncd.
