3938 6192
263 351 397 417 1369

1488 365 2009 432 AMBIGUORUM
2049 373 2318 463 LIBER.

257 465 362 520 λων
388 467 479 520 καὶ
504 468 850 537 αἰνιγμάτων
878 472 1092 543 καὶτῆς
1119 473 1185 527 δι’
1202 473 1510 547 αἰσθήσεως
1534 480 1827 546 ποικιλίας,

1944 490 2085 555 poris
2117 496 2373 556 expertes
2398 486 2726 552 ediscimus;
2762 495 2819 541 et
2849 501 3042 542 rursus
3069 486 3124 541 in
3156 485 3345 542 futuro
3376 471 3518 543 diri-

255 556 462 626 νοητῶς
494 574 552 609 τε
601 559 697 611 καὶ
725 559 1035 631 άσωμάτως
1071 564 1469 634 μανθάνοντεςο
1519 572 1614 623 καὶ
1673 569 1831 638 αὖθις

255 647 397 701 κατὰ
428 647 523 700 τὸν
575 647 839 718 μέλλοντα
882 651 990 705 τῶν
1041 654 1205 708 θείων
1253 658 1607 727 ἀπαγγελιῶν
1656 663 1830 718 αἰῶνα

255 735 590 807 ἑορτάζομεν
618 739 679 792 τὸ
708 739 913 810 πάσχα,
956 741 1048 795 τὸν
1079 744 1381 815 ἀκρότατον
1424 749 1647 818 άμέσως
1685 753 1833 807 ἐσθί-

251 847 405 894 οντες
449 834 548 902 τῆς
593 834 785 903 σοφίας
831 835 1009 905 λόγον,
1067 840 1204 911 πρὸς
1261 842 1325 897 ὃν
1367 847 1831 917 μεταποιηθέντες

252 924 396 975 κατὰ
418 924 581 993 χάριν
608 924 902 996 θεούμεθα,
930 931 1033 1001 τὴν
1055 934 1191 1003 πρὸς
1217 934 1343 989 ἄλλο
1370 939 1556 1009 πάσχα
1578 940 1830 996 διάϐασιν

252 1012 372 1066 καθ’
398 1014 576 1068 ὁτιοῦν
609 1015 781 1086 ἄλλην
801 1018 902 1071 οὐκ
928 1018 1164 1089 ἔχοντες.
1192 1023 1335 1094 πλὴν
1354 1025 1438 1079 ὅτι
1473 1028 1564 1081 καὶ
1595 1029 1831 1084 ἐνταῦθα

252 1104 527 1173 παροῦσιν
558 1108 689 1179 ἡμῖν
718 1109 943 1166 δυνατόν
969 1114 1085 1167 ἐστι
1119 1115 1254 1188 πρὸς
1278 1116 1377 1188 τὴν
1402 1100 1632 1174 ἑκάστου
1663 1122 1833 1177 κατά-

253 1213 446 1252 στασιν
503 1201 869 1273 εἰκονισθῆναι
936 1206 1046 1259 τῶν
1124 1210 1433 1280 εἰρημένων
1494 1211 1676 1267 τόπων
1732 1214 1833 1285 τήν

254 1290 515 1361 ἰδιότητα.
559 1291 617 1347 '0
641 1293 751 1365 γάρ
790 1296 1025 1377 εκάστου
1066 1300 1224 1371 ήμῶν
1254 1300 1367 1371 βίος
1397 1320 1833 1377 χαρακτηριστι-

251 1381 348 1445 κός
382 1384 501 1435 ἐστι
535 1383 631 1436 τοῦ
679 1386 737 1438 ὲν
785 1376 830 1453 ᾧ
875 1388 995 1442 ἐστι
1042 1390 1234 1446 τόπου.
1300 1387 1446 1460 οἷον,
1510 1398 1558 1449 εί
1732 1399 1841 1470 τὴν

252 1473 567 1546 πρακτικὴν
619 1477 890 1547 ἀνδρικῶς
934 1483 1314 1555 μετερχόμεθα
1375 1485 1716 1557 φιλοσοφίαν,
1774 1494 1834 1546 ὲν

253 1564 525 1636 Αἰγύπτῳ
559 1566 621 1621 τὸ
656 1568 846 1640 πάσχα
882 1572 1065 1637 καλῶς
1098 1575 1481 1649 ἐπιτελοῦμεν,
1530 1583 1670 1650 μετὰ
1724 1581 1834 1637 τῶν

251 1659 572 1726 Αἰγυπτίων
646 1661 747 1730 μὲν
821 1663 1183 1735 ὑπάρχοντες,
1258 1669 1360 1723 οὐκ
1423 1671 1712 1739 Αἰγύπτιοι
1776 1674 1835 1728 δὲ

252 1749 642 1820 τυγχάνοντες,
670 1751 748 1817 ὡς
766 1753 824 1807 ὲν
842 1757 1007 1826 σαρκὶ
1033 1757 1133 1827 μὲν
1157 1758 1333 1824 ὄντες,
1372 1762 1433 1815 οὐ
1481 1763 1624 1817 κατά
1654 1765 1835 1833 σάρκα

252 1839 312 1892 δὲ
346 1842 785 1912 στρατευόμενοι.
836 1845 1023 1919 (24⁸1
1052 1848 1124 1916 b)
1178 1851 1240 1904 Ei
1288 1851 1346 1905 δὲ
1379 1852 1480 1924 τὴν
1511 1828 1746 1926 φυσικὴν
1777 1858 1835 1911 ἐν
1869 1828 1909 1884 Β

256 1931 532 2003 πνεύματι
580 1933 819 2008 θεωρίαν
857 1940 1101 2004 εὐσεϐῶς
1142 1941 1545 2015 ὲξασκούμεθα,
1585 1948 1727 2003 ὅπλα
1759 1948 1836 2019 τῷ

253 2021 379 2092 Θεῷ
434 2024 637 2080 δυνατά
691 2026 788 2092 τὰς
822 2029 922 2100 τῆς
961 2030 1142 2103 ψυχῆς
1190 2033 1507 2106 ποιούμενοι
1551 2037 1835 2108 δυνάμεις,

255 2112 398 2181 πρὸς
431 2112 755 2185 καθαίρεσιν
794 2118 897 2189 μὶν
931 2120 1308 2193 ὀχυρωμάτων
1336 2125 1431 2179 καὶ
1458 2127 1659 2191 παντὸς
1689 2127 1838 2198 ὑψώ-

256 2218 430 2271 ματος
456 2205 829 2277 ἐπαιρομένου
877 2212 1020 2265 κατά
1060 2214 1161 2283 τῆς
1203 2213 1461 2285 γνώσεως
1518 2219 1614 2272 τοῦ
1673 2219 1834 2286 Θεοῦ,

253 2293 493 2366 θεωρίαν
540 2297 600 2351 δὲ
645 2298 757 2354 τῶν
785 2303 842 2354 ὲν
874 2305 993 2368 τοῖς
1035 2300 1156 2360 οὖσι
1206 2311 1594 2379 πνευματικῶν
1636 2312 1833 2378 λόγων,

251 2385 448 2458 ὥσπερ
478 2391 677 2459 γυμνοὶ
731 2392 985 2463 σώματος
1011 2398 1108 2476 καὶ.
1146 2399 1246 2470 τῆς
1281 2400 1422 2456 κατὰ
1453 2403 1552 2474 τὴν
1583 2404 1837 2477 αἴσθησιν

251 2477 541 2550 άπατηλῆς
588 2484 889 2551 φαντασίας
925 2486 1218 2568 ἐλεύθεροι,
1251 2491 1350 2562 τήν
1380 2493 1518 2563 πρὸς
1546 2497 1645 2558 τὰς
1686 2495 1837 2559 θείας

254 2571 599 2638 ἐπαγγελίας
620 2577 943 2642 γνωστικῶς
972 2580 1288 2652 ποιούμενοι
1309 2586 1555 2654 πορείαν,
1580 2588 1750 2656 ἐσμὲν
1775 2590 1837 2641 ἐν

248 2662 321 2731 τῇ
356 2662 571 2734 ἐρήμῳ,
595 2667 661 2737 τῇ
696 2666 889 2722 παθῶν
918 2669 1084 2739 λέγω,
1127 2671 1221 2725 καὶ
1254 2674 1440 2745 πάσης
1482 2675 1673 2746 ὑλικῆς
1702 2694 1837 2745 φαν-

245 2751 451 2816 τασίας
478 2753 864 2831 καθαρευούσῃ
921 2763 1281 2817 καταστάσει.
1325 2765 1389 2818 Ei
1426 2763 1482 2819 δὲ
1531 2766 1629 2837 τὴν
1659 2766 1839 2822 θεολο-

247 2848 421 2915 γικὴν
479 2849 873 2917 μυσταγωγίαν
908 2852 1169 2925 ἀρρήτοις
1228 2856 1347 2920 νοὸς
1404 2857 1670 2928 κινήμασι
1701 2875 1835 2930 μορ-

249 2935 567 3006 φαζόμεθα,
595 2939 651 2991 τί
679 2939 741 2992 τὸ
769 2941 972 3006 πλάτος
1003 2945 1098 2998 κα)⁵
1137 2946 1315 3017 μῆκος
1340 2949 1436 3001 καὶ
1463 2948 1626 3019 βάθος
1652 2951 1747 3004 καὶ
1776 2953 1836 3007 τὸ

250 3028 600 3100 ὑπερὸάλλον
649 3034 727 3096 είς
756 3035 907 3103 ἡμᾶς
935 3038 1170 3106 μέγεθος
1204 3041 1304 3110 τῆς
1341 3039 1436 3094 τοῦ
1475 3041 1611 3096 Θεοῦ
1643 3043 1837 3111 σοφίας

1932 592 2131 632 narum
2185 577 2670 633 annuntiationunt
2726 592 2844 631 aevo
2884 578 3087 647 pascha
3142 578 3512 643 celebramus,

1930 669 2062 723 dum
2112 678 2417 725 extremam
2470 670 3038 724 edimus'immediate
3082 669 3365 738 sapientiae
3395 683 3517 724 ser-

1930 776 2175 827 monem,
2237 762 2305 817 ad
2360 776 2525 832 quem
2582 762 2893 833 regenerati
2939 777 3038 831 per
3084 762 3315 831 gratiam
3351 760 3513 815 deifi-

1931 868 2158 919 camur;
2201 869 2304 908 nec
2351 854 2521 908 ullum
2569 853 2637 908 ad
2694 854 2931 908 alterum
2982 854 3182 922 pascha
3215 853 3513 908 transitum

1931 942 2100 997 alium
2152 943 2441 1007 habentes,
2485 953 2687 1012 praeter
2715 943 2864 1012 quod
2916 943 3080 997 nobis
3125 943 3295 997 etiam
3326 942 3381 996 in
3410 942 3514 999 hac

1929 1038 2043 1092 vita
2078 1038 2144 1092 ad
2191 1037 2627 1107 uniuscujusque
2663 1048 2866 1093 statum
2907 1039 3180 1103 locorum,
3219 1054 3343 1109 qua;
3372 1037 3511 1102 dixi,

1932 1128 2246 1199 proprietas
2268 1144 2368 1198 per
2401 1128 2696 1199 imaginem
2727 1129 3112 1198 repraesentari
3146 1139 3347 1199 potest.
3377 1129 3512 1184 Nam

1934 1220 2371 1291 uniuscujusque
2403 1228 2652 1275 nostrum
2698 1219 2811 1273 vita
2857 1220 2978 1288 ejus
3022 1218 3079 1274 in
3119 1236 3229 1290 quo
3262 1230 3515 1274 versatur

1931 1309 2038 1364 loci
2067 1308 2225 1379 quasi
2268 1309 2566 1378 imaginem
2616 1308 2843 1378 praebet.
2875 1308 3059 1372 Velut,
3105 1309 3150 1363 si
3184 1307 3512 1377 practicam,

1933 1414 2056 1467 qua:
2088 1396 2313 1462 dicitur,
2358 1396 2765 1467 philosophiam
2817 1391 3038 1452 fortiter
3086 1407 3407 1461 tractamus,
3456 1397 3515 1451 in

1932 1488 2169 1560 Egypto
2227 1489 2431 1559 pascha
2488 1488 2663 1559 probe
2718 1489 2974 1555 ohimus,
3031 1490 3177 1544 inter
3226 1487 3515 1560 [Egyptios

1933 1582 2160 1652 quidem
2192 1588 2499 1645 versantes,
2541 1596 2645 1636 nec
2699 1589 2884 1636 tamen
2928 1580 3167 1653 [Egyptii
3203 1580 3330 1649 ipsi,
3365 1588 3430 1635 ut
3458 1579 3516 1634 in

1934 1688 2100 1728 carne
2128 1672 2350 1742 quidem
2378 1680 2689 1736 versantes,
2725 1686 2829 1727 nec
2865 1679 3048 1726 tamen
3083 1672 3386 1727 carnaliter
3412 1669 3516 1724 mi-

1935 1766 2181 1821 litantes.
2232 1763 2290 1818 Si
2320 1779 2454 1818 vero
2487 1763 2799 1819 naturalem
2849 1764 2903 1817 in
2937 1763 3137 1833 spiritu
3176 1761 3515 1830 contempla-

1938 1857 2146 1911 tionem
2187 1855 2277 1925 pie
2305 1870 2652 1919 exercemus,
2683 1869 2835 1908 arma
2866 1855 2980 1909 Deo
3013 1853 3177 1908 fortia
3218 1852 3516 1915 reddentes

1938 1946 2135 2000 animae
2160 1944 2470 2007 facultates,
2502 1943 2571 1999 ad
2595 1943 2957 2015 expugnanda
2988 1942 3241 2013 praesidia
3267 1956 3517 1996 omnem-

1937 2051 2045 2106 que
2070 2034 2458 2089 'summitatem
2488 2043 2683 2089 contra
2715 2035 2812 2089 Dei
2843 2034 3214 2104 cognitionem
3245 2040 3511 2095 erectam,

1936 2135 1993 2182 et
2015 2126 2081 2182 ad
2105 2126 2554 2195 contemplandas
2576 2127 2893 2197 spirituales
2914 2128 2969 2182 in
2996 2128 3079 2182 eis
3099 2142 3220 2197 qua
3241 2126 3517 2181 exsistunt

1939 2220 2202 2283 rationes,
2251 2219 2427 2274 veluti
2472 2233 2706 2289 corpore
2757 2218 2892 2273 nudi
2937 2234 3002 2273 ac
3043 2218 3285 2274 sensuali
3324 2216 3517 2288 imagi-

1936 2312 2180 2368 nationis
2218 2310 2411 2365 fraude
2445 2310 2632 2374 liberi,
2677 2302 2767 2365 ad“
2797 2310 3014 2366 divinas
3061 2309 3516 2365 annuntiationes

1936 2403 2186 2474 gnostice
2236 2402 2343 2456 iter
2386 2400 2680 2468 facientes,
2720 2412 2837 2457 tum
2869 2403 2924 2458 in
2955 2403 3175 2458 deserto
3216 2415 3427 2464 sumus,
3456 2399 3515 2453 in

1937 2500 2109 2558 statu,
2164 2494 2410 2561 inquam,
2460 2492 2530 2546 ab
2576 2493 2871 2548 aﬂ'ectibus
2926 2502 2985 2549 et
3027 2495 3175 2548 omni
3237 2491 3514 2547 materiali

1936 2583 2177 2638 vanitate
2205 2595 2368 2652 puro.
2398 2580 2455 2636 Si
2485 2581 2726 2651 denique
2753 2582 3113 2653 theologicam
3144 2582 3515 2637 initiationem

1939 2671 2315 2728 inefl'abilibus
2335 2672 2538 2726 mentis
2567 2670 2906 2727 motionibus
2926 2672 3230 2736 imitamur,
3264 2685 3514 2742 quaenam

1937 2765 2009 2819 sit
2063 2763 2297 2818 latitudo
2325 2762 2700 2840 et.longitudo
2741 2772 2798 2819 et
2841 2764 3077 2819 altitudo
3108 2772 3165 2819 et
3197 2762 3515 2818 redundans

1939 2857 1993 2910 in
2039 2870 2139 2910 nos
2182 2854 2503 2925 magnitudo
2552 2855 2841 2924 sapientiae
2894 2855 3014 2921 Dei,
3069 2856 3253 2926 quoad
3301 2855 3517 2926 possint

1937 2949 2211 3013 homines,
2261 2946 2412 3002 haud
2443 2946 2783 3017 ignorantes,
2815 2948 2871 3003 in
2903 2956 3051 3004 terra
3078 2964 3269 3004 sumus
3296 2964 3517 3004 annun-

1924 3041 2206 3096 "tiationis.
2238 3039 2546 3096 Practicam
2590 3040 2760 3111 igitur
2799 3052 2859 3095 et
2883 3041 3195 3096 naturalem
3224 3048 3280 3095 et
3309 3039 3519 3095 theolo-

248 3120 401 3175 κατὰ
425 3122 486 3175 τὸ
522 3124 746 3192 ἐφικτὸν
785 3126 1097 3199 ἀνθρώποις
1142 3131 1242 3184 οὐκ
1279 3131 1624 3201 ἀγνοοῦντες,
1670 3136 1837 3206 ἐσμὲν

1944 3133 2115 3205 gicam
2158 3132 2566 3203 philosophiam
2611 3146 2714 3202 per
2756 3132 2924 3187 trium
2959 3147 3321 3202 personarum
3361 3129 3520 3186 diﬂ‘e-

246 3216 315 3265 ὲν
341 3215 408 3284 τῇ
447 3216 516 3286 γῇ
552 3215 653 3286 τῆς
688 3219 1047 3287 ἐπαγγελίας.
1080 3222 1193 3293 Τὴν
1235 3225 1547 3297 πρακτικὴν
1574 3227 1691 3291 οῦν,
1743 3229 1838 3283 καὶ

1944 3227 2173 3283 rentiam
2212 3241 2241 3280 a
2267 3224 2528 3297 magistro
2550 3224 2848 3296 signiﬁcari
2877 3226 3015 3281 mihi
3042 3225 3283 3290 videtur,
3316 3223 3519 3294 quibus

232 3305 357 3376 τὴν
392 3309 650 3380 φυσικὴν,
685 3312 782 3365 καὶ
816 3313 918 3383 τὴν
956 3312 1271 3386 θεολογικὴν
1319 3316 1640 3387 φιλοσοφίαν
1681 3314 1836 3385 οἶμαι

229 3397 347 3450 ’διά
379 3399 476 3470 τῆς
503 3400 822 3472 διαιρέσεως
860 3404 969 3458 τῶν
1003 3405 1175 3474 τριῶν
1219 3408 1531 3476 προσώπων
1558 3407 1650 3461 τὸν
1691 3409 1836 3462 διδά-

1938 3320 2340 3376 convenienter
2372 3334 2473 3388 pro
2496 3332 2595 3372 sua
2620 3317 2855 3387 quisque
2880 3317 3142 3372 facultate
3167 3315 3520 3371 intellectua-

1937 3412 1986 3465 le
2017 3410 2271 3465 comedat
2311 3411 2535 3481 pascha.
3010 3471 3037 3481 ,
3506 3402 3515 3409 ⁸
3592 3400 3599 3411 ’

249 3493 458 3549 σναλον
517 3471 990 3566 παραινξττεσθαι,
1040 3471 1111 3553 δι’
1161 3493 1240 3554 ὧν
1264 3471 1571 3571 -άναλόγως
1638 3503 1871 3568 ἕκαστος
1909 3507 2049 3559 κατὰ
2086 3506 2185 3576 τὴν
2223 3471 2470 3559 ὑποῦσαν
2508 3471 2669 3575 ἀὐτῷ
2717 3503 2950 3575 δύναμιν
3010 3471 3075 3556 τὸ
3115 3502 3307 3573 νοητὸν
3348 3496 3521 3555 ισθῐει

247 3585 467 3655 πάσχα.

264 3764 377 3817 Ἕκ
432 3764 538 3819 τοῦ
588 3766 775 3821 αὑτοῦ
819 3770 1031 3837 λόγου,
1068 3771 1157 3836 είς
1183 3772 1250 3823 τό
1275 3787 1289 3801 ο
1359 3774 1461 3826 «ΕΙ
1500 3771 1615 3843 μέν
1654 3791 1742 3839 τις
1785 3771 1843 3828 si

346 3857 575 3924 Ῥαχὴλ
611 3857 648 3925 ἢ
692 3858 856 3924 Λεία,
904 3861 1079 3929 ψυχὴ
1144 3860 1545 3931 παὲριαρχικὴ
1591 3865 1691 3918 καὶ
1734 3883 1843 3935 με·

335 3948 512 4017 τάλη,
566 3950 666 4004 καὶ
699 3951 773 4005 τὰ
819 3950 1039 4006 εἴδωλα
1075 3953 1312 4022 κλέψων
1353 3953 1502 4021 ἅπερ
1542 3954 1620 4009 ἂν
1657 3955 1842 4023 εὕρῃς

332 4041 441 4095 τοῦ
477 4041 594 4095 σοῦ
622 4042 867 4110 πατρὸς,
908 4044 1021 4112 οὐχ
1073 4045 1175 4098 ἵνα
1217 4045 1519 4116 φυλάξῃς,
1568 4046 1708 4100 ἀλλ’
1739 4047 1841 4101 ἵνα

332 4132 639 4203 ἀφανίσῃς
660 4151 677 4168 ο
715 4136 768 4188 εὶ
804 4134 875 4187 δὲ
908 4135 1289 4205 Ἰσραηλίτης
1313 4137 1525 4206 σοφὸς,
1553 4137 1703 4205 πρὸς
1728 4137 1843 4206 τὴν

334 4223 452 4293 γῆν
492 4223 603 4293 τῆς
625 4225 986 4294 ἐπαγγελίας
1002 4228 1353 4298 μετένεγκαι
1388 4229 1556 4300 (47).»

345 4334 548 4404 Ῥαχὴλ
608 4335 728 4406 μὲν,
752 4336 829 4401 ὦς
887 4355 1070 4408 φασιν,
1114 4341 1309 4410 ἀμνὰς
1350 4342 1382 4413 ἢ
1435 4343 1844 4411 atoma/rauca

273 4422 658 4495 ἑρμηνεύεται,
713 4428 837 4499 sse
885 4431 1039 4494 Λεία,
1075 4432 1422 4500 κοπουμένη
1481 4433 1514 4503 ἢ
1572 4434 1840 4500 κόπωσις

266 4514 649 4586 ἑρμηνεύεται.
704 4520 1060 4588 Ποιμαίνεται
1102 4517 1198 4574 οὖν
1246 4523 1341 4575 καὶ
1411 4522 1688 4592 ποιμαίνει
1747 4524 1843 4578 καὶ

263 4608 459 4674 ἄγεται
489 4610 584 4669 καὶ
612 4610 734 4677 ἄγει
756 4612 789 4681 ἡ
816 4611 1037 4682 Ῥαχὴλ,
1065 4610 1207 4665 κατὰ
1232 4612 1330 4683 τὴν
1346 4612 1448 4683 τῆς
1470 4613 1842 4684 προσηγορίας

263 4694 516 4769 δύναμιν.
562 4698 763 4771 Ῥαχὴλ
788 4696 883 4753 οὖν
925 4702 1042 4754 ἐστι
1071 4702 1222 4754 πᾶσα
1247 4701 1392 4773 ψυχὴ
1436 4702 1766 4774 θεωρητικὴ,
1808 4705 1842 4775 ἡ

264 4785 344 4854 τῷ
370 4786 521 4856 νόμῳ
546 4787 642 4840 τοῦ
681 4789 817 4842 Θεοῦ
856 4791 933 4854 ῶς
973 4791 1155 4862 ἀμνὰς
1207 4795 1599 4867 ποιμαινομένη
1641 4813 1702 4849 τε
1747 4797 1844 4850 καὶ

264 4876 535 4947 ἀγομένη,
601 4879 865 4935 καὶκατὰ
904 4881 997 4935 τὸν
1034 4883 1198 4954 νόμον
1235 4885 1330 4939 τοῦ
1360 4886 1495 4940 Θεοῦ
1529 4889 1643 4950 τοῖς
1693 4890 1868 4941 κατά·

267 4966 467 5036 πρᾶξιν
499 4967 722 5039 θεσμοῖς
753 4973 1120 5043 ποιμαίνουσά
1164 4992 1222 5028 τε
1273 4976 1365 5030 καί¹
1411 4976 1620 5045 ἄγουσα
1669 4979 1841 5049 αὐτῆς

264 5058 334 5110 τά
361 5060 642 5132 κινήματα
674 5065 769 5118 καὶ
799 5066 866 5121 τὰ
899 5064 1263 5137 διανοήματα,
1316 5070 1411 5123 καὶ
1453 5070 1522 5123 τὰ
1565 5070 1714 5139 πάθη
1743 5071 1841 5140 τῆς

268 5149 471 5219 σαρκὸς
516 5151 597 5221 τῷ
655 5153 841 5227 (248
869 5156 933 5223 α)
988 5156 1197 5227 γονίμῳ
1224 5158 1324 5228 τῆς
1354 5160 1556 5231 ἀρετῆς
1602 5159 1844 5212 ὑποτάσ-

271 5256 442 5294 σουσα
466 5241 627 5308 τέως,
653 5247 746 5299 καὶ
773 5245 948 5309 οὕτως
977 5248 1116 5316 μετὰ
1150 5249 1250 5319 τὴν
1290 5250 1372 5312 εἰς
1405 5249 1609 5317 γνῶσιν
1638 5249 1845 5304 εἴσοδον

268 5332 551 5398 παντελῶς
606 5337 967 5405 ἀφανίζουσα.
1028 5341 1165 5395 Λεία
1218 5342 1276 5394 δέ
1326 5342 1444 5395 ἔστι
1498 5344 1649 5413 πᾷσα
1697 5343 1844 5416 ψυχὴ

269 5424 570 5496 πρακτικὴ,
630 5426 728 5498 τὴν
786 5430 929 5501 ὑπὲρ
977 5432 1178 5503 ἀρετῆς
1237 5432 1435 5502 ἔχουσα
1477 5435 1740 5499 κόπωσιν,
1776 5436 1844 5507 ἣν

273 5512 508 5582 μάλιστα
537 5520 764 5591 πρώτην
794 5524 902 5586 πᾶς
933 5540 1015 5587 τις
1046 5524 1146 5594 τήν
1178 5522 1331 5578 θείαν
1378 5524 1579 5593 μετιὼν
1619 5523 1841 5594 φιλοσο-

370 5644 384 5682 ⁸
424 5648 562 5703 Gen.
594 5666 739 5716 xxxi,
768 5654 853 5707 19.

1936 3770 2022 3825 Ea:
2053 3768 2233 3822 eodem
2261 3780 2523 3830 sermone,
2553 3766 2609 3818 in
2641 3763 2779 3817 illud
2814 3780 2831 3817 :
2879 3781 2898 3815 ι
2932 3762 2992 3818 Si
3033 3762 3232 3818 Rachel
3276 3762 3520 3833 quaedam

2008 3880 2080 3926 es,
2117 3868 2211 3914 aut
2239 3859 2357 3922 Lia,
2386 3861 2481 3913 hoc
2510 3866 2583 3911 est
2618 3858 2975 3927 patriarchica
3009 3865 3057 3910 et
3086 3874 3283 3929 magna
3314 3858 3517 3923 anima,

2008 3953 2176 4025 patris
2203 3966 2405 4021 quoque
2421 3951 2496 4003 tui
2516 3947 2683 4013 idola,
2708 3963 3028 4020 quacunque
3043 3948 3323 4014 inveneris,
3345 3948 3520 4001 subri-

2007 4061 2073 4116 pe
2107 4044 2171 4107 ί⁶,
2208 4058 2311 4094 ηοη
2348 4049 2409 4093 ut
2463 4054 2658 4104 serves,
2692 4040 2784 4094 sed
2809 4046 2867 4092 ut
2894 4038 3112 4103 deleas;
3141 4039 3188 4093 si
3227 4046 3402 4093 autem
3431 4053 3522 4092 sa-

2011 4138 2159 4208 piens
2184 4132 2453 4198 Israelita,
2490 4133 2561 4187 ad
2590 4142 2790 4187 terram
2819 4133 3179 4203 promissionis
3212 4133 3465 4200 transfer.
3493 4148 3512 4181 ι

2011 4328 2217 4384 Rachel
2252 4328 2503 4398 quidem,
2552 4336 2613 4381 ut
2658 4326 2905 4389 tradunt,
2959 4343 3100 4396 agna
3152 4324 3239 4380 vel
3298 4339 3519 4396 pascens

1940 4438 2056 4477 oves
2105 4420 2434 4490 explicatur,
2480 4419 2635 4473 Liam
2685 4434 2820 4473 vero
2869 4417 3154 4489 fatigatam
3196 4417 3281 4471 vel
3326 4417 3516 4486 fatiga-

1945 4516 2141 4568 tionem
2187 4513 2651 4583 interpretantur.
2700 4511 2955 4565 Pascitur
3006 4510 3175 4581 igitur
3219 4517 3276 4563 et
3321 4507 3520 4577 pascit,

1945 4613 2003 4660 et
2036 4604 2217 4675 agitur
2260 4612 2318 4659 et
2371 4603 2504 4675 agit,
2558 4604 2787 4670 Rachel,
2835 4603 3138 4658 secundum
3170 4599 3325 4655 vocis
3352 4599 3523 4671 signi-

1941 4697 2277 4752 ﬁcationem.
2315 4696 2523 4751 Rachel
2570 4695 2740 4768 igitur
2792 4686 2878 4751 est
2927 4694 3110 4750 omnis
3157 4692 3341 4748 anima
3384 4706 3522 4747 con-

1940 4790 2280 4863 templativa,
2308 4796 2451 4860 :qute
2501 4790 2619 4861 lege
2656 4789 2754 4844 Dei
2792 4799 3050 4861 tanquam
3087 4804 3226 4859 agna
3273 4793 3430 4858 pasta
3465 4793 3523 4841 et

1940 4892 2084 4950 acta,
2134 4893 2191 4939 et
2227 4885 2382 4956 juxta
2433 4885 2609 4956 legem
2663 4883 2758 4938 Dei
2818 4882 3106 4953 praeceptis
3149 4881 3231 4936 eis
3284 4892 3407 4949 qua!
3452 4877 3521 4932 ad

1940 4975 2215 5030 actionem
2270 4974 2552 5044 pertinent
2584 4983 2640 5029 et
2669 4973 2846 5044 pascit
2873 4982 2929 5028 et
2958 4973 3070 5043 agit
3094 4971 3371 5026 motiones
3393 4984 3523 5024 suas

1939 5066 2436 5137 cogitationesque,
2481 5074 2647 5135 atque
2691 5066 2874 5120 carnis
2929 5066 3163 5120 aﬂ'ectus
3194 5061 3519 5118 fecunditati

1940 5156 2168 5211 virtutis
2226 5155 2451 5211 interim
2501 5156 2745 5227 subjicit,
2790 5156 3041 5225 adeoque
3090 5165 3381 5224 postquam
3430 5152 3516 5206 in-

1946 5263 2133 5319 gressa
2168 5246 2224 5301 in
2250 5247 2621 5318 cognitionem
2662 5255 2765 5313 est,
2796 5263 3024 5317 prorsus
3064 5246 3386 5315 exstinguit.
3421 5243 3517 5298 Lia

1946 5349 2130 5396 autem
2177 5350 2261 5396 est
2306 5340 2488 5396 omnis
2528 5340 2711 5395 anima
2766 5347 2992 5394 strenua
3042 5353 3146 5408 pro
3194 5338 3401 5391 virtute
3441 5336 3522 5389 la-

1946 5431 2172 5496 borans,
2206 5447 2370 5501 quam
2398 5431 2579 5486 omnis
2624 5429 2859 5485 maxime
2906 5429 3107 5485 divinae
3157 5425 3522 5501 philosophia

1945 5534 2184 5584 sectator
2226 5527 2283 5583 in
2315 5526 2724 5583 matrimonium
2755 5525 2899 5597 apud
2924 5541 2983 5582 se
3016 5524 3241 5596 excipit.
3276 5518 3526 5579 Israelita

336 5761 451 5835 (47)
481 5764 651 5820 Idem.
684 5768 806 5823 ibid.
832 5783 950 5840 cap.
981 5769 1072 5834 21,
1100 5785 1154 5840 p.
1194 5770 1316 5839 86l,
1354 5780 1484 5826 tom.
1516 5770 1698 5844 lOpp.
1724 5772 1812 5829 ed.
1855 5774 2060 5831 Bcned.

3376 372 3513 439 1370
3580 393 3607 401 “
