3946 6206
464 257 597 324 13Ἂ
1616 259 1677 320 8.
1716 258 2004 319 MAXIMI

2101 220 2552 320 SNFEssonIs
3382 240 3391 247 ’
3559 262 3659 334 1372

460 381 648 427 autem
686 369 909 441 sapiens
951 362 1039 425 est
1080 382 1239 425 mens
1281 368 1713 440 contemplativa
1737 373 1840 426 aevi
1874 372 2013 441 huju

2102 370 2285 439 ιφίαν
2331 370 2588 442 γαμικῶς
2624 368 3001 436 είσοίκίζεται.
3058 370 3390 444 ἰσραηλίτης
3439 372 3491 427 δὲ
3538 380 3660 447 σοςός

460 464 830 537 cogitationes
876 462 934 517 in
983 469 1192 517 terram
1238 460 1574 533 cognitionis
1610 461 1955 518 transferens
1985 475 2015 514 a

2156 463 2277 516 ἐστι
2298 461 2425 526 νοῦς
2448 462 2785 534 θεωρητικὸς
2810 461 2880 516 τὰ
2909 460 3005 516 τοῦ
3034 463 3230 526 αἰῶνος
3258 466 3437 518 τούτου
3466 467 3660 537 νοήματα

459 560 779 630 exemplum
814 556 1001 628 magni
1045 556 1196 612 illius
1235 555 1450 621 Jacobi,
1490 556 1587 626 qui
1634 562 1807 610 totam
1845 553 2017 609 Labar

2157 554 2295 625 πρὸς
2339 554 2440 627 τὴν
2491 555 2677 627 χώραν
2724 555 2826 623 τῆς
2871 554 3128 624 γνώσεως
3173 555 3524 627 μεταϐιϐάζων
3555 563 3662 617 κατὰ

462 652 833 708 substantiam
882 649 954 704 ad
1012 658 1221 704 terram
1285 656 1508 719 patrum
1558 645 1957 718 transportavit
2006 642 2020 695 i

2156 643 2248 696 τὸν
2278 642 2454 714 μέγαν
2489 644 2700 697 ἐκεῖνον
2735 642 2958 708 Ἰακὼϐ,
3010 643 3104 697 τὸν
3126 645 3302 699 πάντα
3332 644 3394 699 τά
3416 645 3502 699 τοῦ
3520 647 3660 704 Δάόαν

462 742 939 810 Quemadmodum
989 740 1141 796 enim
1174 739 1532 796 admirandus
1567 738 1662 794 ille
1703 737 1965 802 Iacobus,
1994 752 2020 791 υ

2159 734 2301 806 πρὸς
2338 734 2438 806 τὴν
2466 734 2573 805 γῆν
2598 735 2709 789 τῶν
2746 736 3010 807 Πατὲρων
3049 735 3492 807 μετακομίσαντα.
3517 739 3657 794 Καθά-

463 835 732 891 traditum
780 816 888 899 est,
934 833 1119 903 virgas
1166 832 1537 888 deeortieatas
1577 845 1848 899 aquarum
1892 844 2021 884 cana

2159 843 2266 898 περ
2296 826 2407 899 γὰρ
2438 829 2644 892 ἐκεῖνος
2666 829 2696 882 ὁ
2722 825 3041 898 θαυμαστὸς
3074 826 3269 882 ’ῐακὼδ
3298 829 3554 899 ίστορικῶς
3590 833 3662 896 τὰς

464 925 611 980 libus
655 925 849 996 injecit
896 931 955 979 et
991 922 1289 993 concipere
1335 921 1406 976 ad
1454 936 1551 977 eas
1605 919 1739 975 fecit
1782 934 1914 975 oves
1973 918 2022 973 bi

2161 916 2392 987 ῥάϐδους
2420 916 2654 982 λεπίσας
2680 917 2776 971 καὶ
2797 916 3023 982 ὑποθεὶς
3050 920 3172 982 ταῖς
3191 918 3365 989 ληνοῖς
3384 919 3481 973 τῶν
3502 920 3662 977 ὑδάτων

465 1016 663 1071 bentes
703 1015 752 1083 Ιι,
811 1013 894 1069 sic
927 1014 1108 1069 omnis
1130 1028 1289 1069 mens
1321 1014 1377 1067 in
1406 1011 1607 1082 spiritu
1647 1004 2020 1081 sapientissim

2159 1010 2296 1078 πρὸς
2342 1007 2511 1072 αύτάς
2568 1009 2836 1081 ἐγκισσᾷν
2868 1009 3044 1062 ὲποίει
3083 1010 3153 1063 τὰ
3202 1009 3412 1065 πίνοντα
3449 1012 3661 1083 πρόόατα,

465 1122 689 1179 quoque
753 1105 999 1160 rationes
1052 1121 1243 1160 rerum
1299 1110 1433 1173 qum
1478 1109 1609 1158 sunt
1657 1101 1964 1157 diviniores

2157 1101 2302 1156 οὕτω
2330 1101 2427 1156 καὶ
2458 1102 2567 1166 πᾶς
2591 1102 2650 1155 ὲν
2672 1101 2949 1172 πνεύματι
2975 1100 3287 1171 σοφώτατος
3306 1102 3421 1167 νοῦς
3445 1104 3532 1174 τῆς
3554 1121 3663 1177 περι-

466 1197 699 1251 materia
731 1195 1219 1252 circumvestiente
1250 1186 1567 1250 ᾱοηιιᾱιιιεέ
1585 1193 1764 1248 modis
1784 1193 2024 1264 cognitio

2158 1196 2419 1268 κειμένης
2472 1194 2607 1267 ὖλης
2658 1195 2787 1260 τοὺς
2832 1195 2943 1248 τῶν
2988 1194 3160 1253 ὄντων
3190 1195 3476 1267 θειοτέρους
3518 1197 3663 1267 λόγους

462 1287 553 1342 nis
573 1286 1019 1357 contemplativis
1036 1286 1286 1357 subjicit,
1311 1295 1369 1341 et
1394 1285 1831 1356 incorporalium
1849 1293 2020 1339 statur

2157 1287 2587 1359 ἀπογυμνώσας,
2651 1288 2748 1343 καὶ
2777 1290 2893 1352 τοῖς
2937 1288 3086 1342 κατὰ
3122 1289 3220 1360 τὴν
3248 1288 3465 1360 Θεωρίαν
3488 1290 3663 1360 τρόποις

463 1378 703 1433 formare
741 1393 1019 1449 quemque
1054 1378 1362 1433 discentem
1401 1385 1458 1431 et
1497 1377 1696 1431 anima:
1731 1392 1845 1431 sua:
1880 1375 2021 1446 ipsiu

2154 1380 2256 1450 τῆς
2282 1378 2538 1449 γνώσεως
2562 1378 2921 1452 ὑποθέμενος,
2948 1380 3052 1452 τὴν
3082 1379 3190 1434 τῶν
3220 1380 3502 1449 ἀσωμάτων
3532 1382 3662 1435 κατά-

465 1474 738 1528 motiones
765 1474 982 1528 edocet.
1027 1471 1348 1526 Patriarcha
1376 1471 1564 1540 itaque
1604 1485 1799 1524 eorum
1830 1468 2023 1539 quidet

2160 1489 2351 1527 στασιν
2405 1470 2768 1544 μορφοῦσθαι,
2828 1471 2957 1537 τούς
2998 1489 3062 1526 τε
3109 1471 3663 1543 μανθάνονταςοπάντας

465 1564 560 1634 qui
600 1580 697 1634 per
737 1565 978 1618 activum
1022 1564 1267 1617 laborem
1304 1562 1498 1617 virtuti
1547 1562 1773 1630 operam
1820 1554 2023 1615 navant

2157 1566 2250 1619 xui.
2303 1563 2373 1618 τὰ
2417 1565 2521 1635 τῆς
2577 1564 2775 1621 ἑαυτοῦ
2839 1566 3025 1636 ψυχῆς
3076 1564 3376 1619 ἐκδιδάσκει
3425 1567 3659 1635 κινήματα.

466 1656 565 1711 Lia
601 1664 708 1721 est,
759 1664 953 1710 contra
1000 1669 1195 1709 eorum
1247 1654 1344 1724 qui
1396 1668 1498 1723 per
1562 1652 1876 1707 naturalem
1925 1666 2024 1706 con

2106 1716 2128 1728 ἱ
2157 1655 2515 1728 Πατριάρχης
2540 1652 2637 1709 οὖν
2666 1656 2778 1710 τῶν
2821 1657 2923 1724 μὲν
2955 1656 3050 1711 διά
3097 1655 3401 1727 πρακτικῆς
3434 1655 3664 1720 κοπώσεως

467 1750 890 1819 templationem
925 1741 1276 1804 rationaliter
1300 1748 1561 1802 virtutem
1593 1747 1807 1813 colunt,
1847 1746 2025 1801 Raebe

2105 1716 2131 1769 3
2154 1747 2253 1818 τὴν
2549 1715 2965 1819 κατορθοῦντων
3010 1715 3162 1802 ἐστὶν
3189 1749 3222 1819 ἡ
3256 1715 3401 1811 Λεία,
3423 1745 3518 1799 τῶν
3535 1747 3578 1799 δὲ
3601 1715 3663 1800 διά

466 1850 584 1907 est,
629 1850 824 1913 utpote
890 1843 990 1898 Dei
1044 1843 1166 1913 lege
1213 1841 1545 1897 obedienter
1600 1840 2023 1910 gubernata,'a

2152 1839 2253 1910 τῆς
2290 1841 2529 1911 φυσικῆς
2552 1839 2785 1911 θεωρίας
2814 1839 2916 1912 τὴν
2944 1838 3149 1911 ἀρετὴν
3174 1838 3404 1909 λογικῶς
3435 1838 3663 1913 μετιόντων

466 1933 670 1988 leniter
696 1933 999 1988 secundum
1026 1947 1149 1987 eam
1183 1932 1521 2002 gubernans.
1556 1931 1764 1985 Eorum
1797 1942 1932 1985 vero
1960 1944 2024 1999 qu

2153 1929 2302 1982 ἐστὶν
2330 1930 2365 1998 ἡ
2414 1928 2641 1999 Ῥαχὴλ,
2679 1928 2757 1993 ῶς
2782 1928 3056 1993 εὐπειθῶς
3083 1929 3325 2000 ἀγομένη
3353 1929 3424 1999 τῷ
3453 1928 3576 1999 νόμῳ
3597 1927 3662 1981 τοῦ

464 2025 618 2094 juxta
669 2022 1201 2093 contemplationem
1242 2022 1596 2092 spiritualem
1651 2026 1850 2090 petunt
1885 2018 2022 2075 subli

2153 2016 2288 2071 Θεοῦ
2317 2017 2413 2071 καὶ
2446 2017 2641 2090 πράως
2683 2019 2808 2073 κατ’
2860 2019 3024 2073 αὐτὸν
3058 2019 3288 2089 ἀγουσα.
3340 2019 3451 2073 Τῶν
3486 2018 3535 2072 δὲ
3560 2018 3663 2071 κατά

464 2115 717 2170 mitatem
764 2113 1098 2185 cognitionis
1126 2113 1366 2169 Iacobus
1412 2123 1499 2169 est
1529 2113 1625 2167 ille
1657 2111 1861 2168 eximia
1889 2109 2020 2166 laud

2155 2109 2392 2183 θεωρίαν
2433 2111 2816 2183 πνευματικὴν
2859 2111 2923 2165 τὸ
2973 2111 3111 2181 ὕψος
3158 2111 3563 2183 μεταδιωκόντων
3594 2110 3664 2181 τῆς

467 2206 873 2279 praedicandus,
919 2207 1026 2262 hoc
1070 2214 1157 2262 est
1204 2221 1397 2261 eorum
1428 2205 1525 2275 qui
1549 2220 1613 2260 ea
1651 2218 1775 2275 qua:
1797 2202 2023 2258 videntu

2163 2199 2437 2270 γνώσεως,
2502 2200 2698 2255 Ἰακὼϐ
2726 2202 2755 2254 ό
2799 2202 3183 2275 πανεύφημος,
3212 2201 3317 2256 τῶν
3348 2201 3417 2272 μὴ
3443 2201 3504 2255 τὰ
3529 2200 3665 2270 φαινό-

468 2315 582 2354 non
630 2299 708 2353 ita
760 2306 820 2353 ut
857 2298 1139 2366 videntur,
1174 2297 1273 2353 sed
1300 2305 1363 2353 ut
1407 2297 1717 2354 intellectui
1750 2309 2026 2365 repraesen

2167 2306 2304 2360 μενα
2367 2288 2552 2353 καθὼς
2623 2289 2906 2359 φαίνονται
2979 2291 3282 2358 παντελῶς,
3352 2290 3475 2345 ἀλλὰ
3532 2289 3667 2354 καθὼς

368 2410 377 2415 α
468 2399 659 2446 tantur
696 2392 1003 2461 inspiciunt
1045 2398 1210 2460 atque
1252 2397 1615 2462 cognoscunt,
1672 2397 1729 2446 et
1779 2403 1907 2444 eum

2163 2380 2431 2448 νοοῦνται,
2458 2380 2748 2453 θεωμένων
2784 2399 2846 2436 τε
2888 2382 2984 2438 καὶ
3023 2382 3414 2453 γινωσκόντων,
3453 2381 3533 2435 καὶ
3568 2378 3666 2450 ptri

468 2480 830 2551 gitationibus
861 2481 990 2537 inde
1023 2481 1285 2552 repetitis
1315 2480 1518 2536 divites
1543 2479 1612 2535 ad
1636 2477 2026 2535 immaterialen

2161 2472 2270 2527 τῶν
2294 2475 2354 2526 ὲν
2390 2472 2605 2539 τούτοις
2628 2476 2919 2545 νοημάτων
2966 2474 3241 2538 πλουσίως
3276 2474 3407 2546 πρὸς
3436 2472 3521 2544 τὴν
3550 2470 3667 2526 άῦλον

468 2582 528 2629 et
576 2574 980 2645 incorporalem
1019 2573 1397 2645 cognitionem
1445 2580 1758 2627 transeunt.

2163 2564 2259 2619 καὶ
2291 2563 2583 2635 ἀσώματον
2616 2563 3141 2638 μεταδιδαζομένων
3170 2564 3386 2635 γνῶσιν.

2079 2680 2154 2693 —

469 2747 560 2805 Ea:
594 2748 773 2803 eodem
796 2764 1059 2813 sermone,
1102 2750 1158 2802 in
1187 2746 1323 2801 illud
1358 2762 1376 2801 :
1420 2764 1439 2797 ι
1474 2744 1533 2800 Si
1567 2743 1749 2800 Simon
1775 2744 2027 2817 Cyrenen

2164 2743 2266 2798 Ἕκ
2318 2741 2425 2802 τοῦ
2473 2740 2661 2797 αὐτοῦ
2713 2742 2922 2813 λόγου,
2971 2741 3063 2807 είς
3108 2741 3179 2795 τό
3194 2756 3210 2772 θ
3246 2740 3379 2794 «Ἂν
3399 2738 3567 2807 Σίμων
3614 2729 3667 2804 ᾗς

744 2837 840 2911 sis,
876 2851 1080 2889 crucem
1122 2834 1268 2899 tolle,
1328 2850 1391 2888 ac
1432 2849 1651 2905 sequere
1685 2832 1728 2888 ι.
1760 2852 1779 2885 ι
2221 2839 2302 2890 Κυ

2221 2834 2577 2904 Κυρηναῖος,
2633 2834 2743 2889 τὸν
2802 2835 3079 2903 σταυρόν
3131 2825 3279 2903 ἆρον
3328 2832 3419 2885 καὶ
3471 2826 3666 2884 ἀκολού-

2233 2932 2427 2995 θησον
2452 2927 2584 2998 (48).
2619 2946 2637 2979 υ

544 3032 736 3090 Simon
766 3033 991 3105 quidem
1024 3041 1108 3087 est
1148 3032 1463 3093 obedientia.
1507 3030 1804 3102 Cyrenazus
1845 3038 2055 3097 autem,

2231 3038 2412 3107 Σίμων
2446 3037 2543 3106 μὲν
2573 3034 2836 3103 ὑπακοὴ,
2857 3037 3174 3108 Κυρηναῖος
3219 3034 3276 3088 δὲ
3303 3032 3592 3103 ἑτοιμότης,
3617 3026 3669 3091 ὥς

475 3135 537 3182 ut
580 3127 826 3190 tradunt,
859 3126 1169 3196 explicatur
1201 3135 1425 3197 paratus
1468 3126 1699 3179 animus.
1729 3124 2033 3195 Quicunqui

2112 3108 2128 3164 ἶ
2159 3145 2344 3197 φασιν,
2370 3127 2758 3198 ἑρμηνεύεται.
2795 3125 2997 3199 (248
3021 3127 3087 3198 b)
3118 3128 3231 3191 Πᾶς
3253 3126 3344 3181 οὖν
3365 3126 3554 3195 ἕτοιμος
3574 3123 3670 3192 πρὸς

475 3217 647 3289 igitur
690 3218 758 3272 ad
790 3216 1165 3272 obediendum
1193 3216 1497 3286 Evangelio
1534 3224 1784 3285 paratus,
1822 3216 2029 3272 terreni

2160 3218 2411 3289 ὑπακοὴν
2443 3217 2537 3289 τοῦ
2571 3217 2932 3287 Εύαγγελίου,
2972 3219 3072 3271 καὶ
3104 3217 3393 3290 προθύμως
3415 3213 3492 3269 διὰ
3515 3208 3671 3282 νεκρὼ-

476 3308 1125 3364 mortificatismembris
1168 3323 1266 3377 per
1317 3307 1620 3376 praetieam
1648 3307 2034 3378 pbilosophian

2157 3327 2296 3373 σεως
2315 3310 2424 3363 τῶν
2454 3309 2547 3363 ἐπὶ
2575 3309 2680 3379 γῆς
2724 3309 2909 3377 μελῶν
2934 3309 3038 3380 τὴν
3070 3310 3219 3380 ὑπὲρ
3239 3308 3431 3380 ἀρετῆς
3455 3303 3572 3359 κατὰ
3604 3301 3672 3370 τὴν

474 3415 579 3470 pro
597 3400 802 3455 virtute
825 3400 1085 3455 lubenter
1103 3399 1255 3455 subit
1268 3399 1640 3464 vexationem,
1662 3400 1853 3455 Simon
1877 3399 2032 3454 factu

2159 3401 2473 3472 πρακτικὴν
2505 3401 2827 3471 φιλοσοφίαν
2867 3401 3247 3473 ὑπερχόμενος
3273 3401 3515 3461 κάκωσιν,
3536 3393 3671 3464 Σίμων

475 3501 561 3547 est
602 3491 919 3563 Cyrenaeus,
965 3492 1334 3548 voluntariam
1390 3500 1612 3548 sectans
1664 3492 1951 3558 virtutem,
2003 3493 2033 3546 ii

2162 3496 2355 3561 γέγονε
2390 3493 2721 3563 Κυρηναῖος,
2768 3490 3017 3547 ἑκούσιον
3071 3492 3459 3565 μετερχόμενος
3505 3483 3672 3556 ἀρετὴν,

476 3581 726 3638 humeris
754 3584 884 3638 dum
936 3583 1045 3640 fert
1090 3599 1313 3640 crucem
1353 3593 1412 3640 et
1459 3584 1743 3640 Christum
1789 3584 2034 3655 sequitur

2161 3585 2249 3638 ἐπ’
2279 3584 2445 3655 ὤμων
2478 3601 2537 3637 τε
2577 3584 2669 3638 τὸν
2720 3584 2956 3655 σταυρὸν
2986 3583 3133 3656 ἔχων
3181 3585 3275 3639 καὶ
3313 3577 3584 3638 ἀκολουθῶν
3620 3572 3673 3642 τῷ

442 3674 961 3730 ‘conversationem
1036 3676 1163 3731 vitre
1215 3676 1331 3731 Deo
1393 3677 1783 3732 convenientis
1845 3684 2000 3731 terre]

2161 3675 2382 3747 Χριστῷ
2425 3675 2838 3748 ἀνεσταλμένην
2883 3677 3173 3741 παντελῶς
3207 3677 3306 3747 τῆς
3345 3674 3440 3745 γῆς
3470 3668 3552 3724 τοῦ
3576 3663 3675 3720 κατὰ

480 3780 708 3835 prorsus
759 3775 1074 3823 aversatam
1117 3767 1440 3823 ostendens.

2163 3767 2297 3822 Θεδν
2335 3768 2451 3839 βίου
2482 3768 2584 3841 τὴν
2604 3768 2832 3840 ἀγωγὴν
2861 3768 3335 3839 ἐπιδεικνύμενος.
3446 3836 3460 3865 Ι

478 3935 565 3992 Ex
601 3937 779 3991 eodem
828 3953 1089 4001 sermone,
1138 3939 1195 3991 in
1247 3936 1384 3991 illud
1417 3955 1436 3992 :
1478 3956 1495 3988 ι
1526 3935 1586 3992 Si
1619 3944 1677 3990 ut
1723 3937 1862 3991 latro
1916 3955 2036 3994 cruc

2181 3946 2276 4000 Ἐκ
2328 3945 2436 3999 τοῦ
2474 3945 2663 4001 αὐτοῦ
2714 3946 2925 4015 λόγου,
2974 3918 3061 4012 είς
3107 3946 3178 4000 τό
3201 3960 3216 3976 ο
3249 3941 3426 3997 «Ἐὰν
3468 3951 3675 3994 avetau-

513 4027 675 4082 simul
694 4027 893 4097 afﬁxus
917 4027 1099 4097 fueris,
1122 4036 1181 4081 ut
1205 4027 1285 4081 vir
1304 4022 1523 4098 probus,
1547 4027 1713 4080 Deum
1735 4044 1974 4098 agnosce.
2000 4048 2020 4081 ι

2232 4038 2432 4106 ρωθῇς
2479 4040 2561 4104 ὡς
2616 4038 2877 4107 λῃστὴς,
2930 4039 3013 4119 (ἧς
3066 4037 3385 4108 εὐγνώμων
3434 4032 3529 4086 τὸν
3569 4026 3678 4083 Θεὸν

1840 4137 1843 4140 '
2238 4124 2532 4193 γνώρισον
2554 4125 2683 4196 (49).
2717 4144 2737 4176 ι

532 4230 716 4284 Latro
768 4229 978 4299 probus
1023 4243 1149 4283 eum
1195 4227 1418 4307 Christo
1465 4229 1632 4284 simul
1681 4228 1831 4283 cruci
1874 4224 2065 4286 afﬁxus

2251 4237 2474 4307 Λῃστής
2504 4237 2652 4290 ἐστιν
2691 4237 2991 4308 εὐγνώμων
3017 4236 3477 4309 συσταυρούμενθς
3496 4231 3561 4303 τῷ
3582 4230 3677 4299 x9“

480 4322 664 4376 omnis
696 4328 781 4375 est
810 4321 991 4376 -homo
1030 4322 1125 4391 qui
1176 4337 1277 4392 pro
1304 4321 1545 4391 peccatis
1579 4320 1721 4375 male
1768 4320 1977 4390 patitur
2010 4338 2038 4375 u

2119 4317 2146 4370 9
2173 4326 2283 4398 στῷ
2320 4329 2427 4387 πᾶς
2466 4329 2756 4400 ἄνθρωπος
2788 4330 2931 4401 ὑπὲρ
2976 4330 3269 4403 ἁμαρτιῶν
3306 4330 3513 4399 πάσχων
3542 4318 3677 4381 κακῶς

482 4411 778 4475 obnoxius,
829 4411 991 4465 simul
1020 4411 1162 4465 male
1190 4410 1407 4480 patiens
1442 4410 1568 4465 cum
1600 4410 1866 4465 Sermone
1898 4410 2039 4481 ipsiu

2170 4416 2246 4479 ὡς
2293 4416 2616 4480 ὑπεύθυνος,
2676 4416 2756 4486 τῷ
2807 4416 3122 4480 ἀνευθύνως
3177 4418 3246 4471 δι’
3296 4416 3447 4470 αὑτὸν
3490 4423 3678 4466 κακοπα-

482 4504 657 4571 gratia
693 4504 916 4558 innoxie
964 4504 1108 4558 male
1155 4503 1424 4573 patiente,
1449 4512 1506 4559 et
1537 4519 1662 4558 eum
1700 4511 1859 4573 grata
1905 4504 2040 4559 bene

2171 4507 2353 4561 θοῦντι
2395 4509 2542 4578 λόγῳ
2580 4508 3023 4577 συγκακοπαθῶν
3067 4509 3163 4563 καὶ
3200 4508 3377 4581 φέρων
3418 4506 3524 4576 μετ’
3560 4501 3678 4567 εὺΧ²’

484 4591 594 4645 ﬁcii
625 4593 1009 4648 recordatione
1037 4592 1245 4656 ferens,
1267 4593 1516 4664 justique
1530 4592 1731 4663 judicii
1764 4594 2042 4650 secundun

2174 4598 2405 4668 ριστίας,
2430 4601 2525 4652 καὶ
2557 4599 2647 4653 τὸν
2674 4599 2817 4653 κατά
2848 4599 3108 4669 πρόνοιαν
3140 4599 3241 4670 τῆς
3275 4597 3475 4659 δικαίας
3502 4592 3678 4663 κρίσεως

483 4684 894 4754 providentiam
922 4700 1110 4740 recum
1151 4700 1271 4741 esse
1296 4683 1629 4740 Sermonem]
1647 4700 1976 4756 agnoscens,
2017 4703 2041 4743 ε

2171 4689 2345 4758 Λόγον
2373 4690 2602 4745 συνόντα
2629 4689 2932 4762 γνωρίζων,
2956 4692 3053 4744 καὶ
3071 4689 3350 4761 ὁμολογῶν
3378 4686 3469 4757 τὴν
3489 4683 3604 4787 ύπξρ

483 4777 705 4845 «ιιιιροιιι
756 4792 923 4847 quam
975 4777 1119 4831 male
1181 4775 1445 4846 patiendo
1499 4775 1607 4831 luit
1651 4776 1944 4840 conﬁtens,
2006 4793 2041 4832 at

2178 4782 2377 4852 πάσχει
2424 4782 2611 4845 κακῶς
2644 4782 2847 4847 αἰτίαν,
2892 4783 2988 4836 καὶ
3027 4783 3199 4837 αἰτῶν
3242 4780 3425 4849 ὥσπερ
3463 4772 3587 4843 αὐτῷ
3613 4767 3677 4822 τος

485 4884 721 4939 precans
740 4880 801 4924 ut
819 4869 1018 4925 Sermo
1039 4867 1508 4940 quemadmodum
1534 4869 1790 4940 quamvis
1811 4870 2039 4925 innoxiu

2178 4873 2384 4938 πάθους
2407 4873 2766 4945 ἐκοινώνησεν
2805 4873 3097 4937 ἀνεύθυνος
3125 4872 3202 4928 ὢν
3241 4874 3271 4926 ό
3311 4871 3475 4939 λόγος,
3500 4864 3616 4920 οὕτω
3633 4856 3679 4910 δι’

486 4954 802 5030 passionem
845 4978 1001 5019 suam
1045 4962 1496 5029 communicarit,
1545 4962 1620 5018 ita
1666 4963 1773 5019 sibi
1821 4964 2041 5034 quamvi

2180 4964 2373 5018 ἑαυτὸν
2426 4964 2517 5019 τὸν
2561 4965 2719 5034 λόγον
2772 4964 2875 5031 τῆς
2925 4966 3135 5030 οἰκείας
3201 4964 3482 5024 εὐπαθείας
3528 4950 3679 5016 ἀναξίῳ

487 5054 718 5126 indigno
767 5071 869 5126 per
922 5055 1283 5126 semetipsum
1308 5054 1444 5110 velit
1491 5053 1755 5125 gaudium
1806 5070 1966 5109 suum
2019 5069 2045 5108 e

2179 5054 2504 5127 τυγχάνοντι
2566 5053 2911 5126 μεταδοῦναι,
2956 5056 3054 5110 καὶ
3099 5056 3199 5127 τὴν
3247 5057 3312 5109 ὲκ
3376 5047 3680 5122 περιστάσεως

491 5146 925 5203 oblectationem
952 5147 1403 5221 communicare,
1420 5157 1477 5202 et
1503 5147 1985 5203 mortiﬁcationem
2009 5165 2049 5203 e:

2136 5131 2140 5135 I
2182 5126 2451 5219 νέκρωσιν
2484 5149 2567 5212 είς
2603 5148 2855 5203 ἑκούσιον
2883 5147 3053 5202 αὐτοῦ
3079 5126 3279 5221 ἀρετὴν
3310 5145 3395 5200 διὰ
3419 5144 3509 5213 τὴν
3529 5138 3681 5221 εὐγνωξ

489 5218 1354 5295 circumstantiainvolu‘ntariam
1376 5239 1548 5310 ipsius
1559 5238 1820 5294 virtutem
1843 5240 2047 5312 benigni

2186 5218 2425 5311 μοσύνην
2447 5241 2788 5310 λογίσασθαι,
2813 5243 2975 5315 ἡνίκα
2986 5243 3095 5312 τῆς
3117 5218 3368 5313 προνοίας
3392 5235 3457 5290 τά
3479 5228 3594 5299 σοφὰ
3615 5220 3679 5315 ﬂ”?

491 5342 878 5395 annumerare,
910 5328 1133 5400 quando
1164 5329 1448 5386 Sermonis
1498 5328 1891 5395 velaminibus,
1952 5347 2049 5401 qua

2165 5332 2343 5403 Λόγου
2418 5313 2863 5405 προκαλύμματα
2928 5334 3103 5404 πέρας
3148 5331 3375 5386 λαϐόντα
3429 5324 3520 5396 τῆς
3558 5313 3679 5376 αὒτιῦ

568 5457 584 5509 i
619 5459 757 5516 Gen.
783 5477 909 5528 xxx,
941 5465 1165 5534 passim.
1244 5465 1272 5504 ιι
1307 5464 1443 5520 ibid.
1524 5459 1543 5523 1
1578 5462 1771 5520 Matth.
1805 5480 1971 5531 xxvu,
2003 5465 2093 5520 52.

493 5599 679 5728 mgf;
706 5601 854 5659 Idem
884 5606 1031 5670 ibid.,
1063 5622 1185 5676 cap.
1209 5606 1298 5673 2.5,
1334 5623 1387 5677 [ι.
1418 5600 1541 5672 861,
1572 5614 1703 5661 tom.
1739 5605 1924 5676 lOpp.
1977 5605 2043 5660 ed

2185 5604 2367 5731 Bc(59‘)l
2389 5606 2538 5661 ldem
2575 5605 2722 5671 ibid.,
2755 5619 2878 5675 cap.
2903 5602 2992 5667 24,
3024 5619 3078 5673 ρ,
3106 5601 3227 5665 864,
3250 5576 3383 5654 ἰοιη,
3405 5595 3443 5649 ι.
3480 5587 3592 5657 Opp.
3614 5577 3673 5634 ed.

2265 5693 2330 5731 ne
2376 5715 2390 5729 .
