3946 6206
295 348 408 413 137!

1530 347 2049 408 AMBIGUORUM
2089 346 2343 408 LIBER.

3418 333 3558 401 137‘

296 458 576 551 βασιλείας
611 458 672 513 τὺ
708 458 822 528 φῶς
859 459 1000 530 φανῇ
1032 459 1092 511 τὸ
1126 458 1446 529 ἀπρόσιτον.
1505 457 1665 512 Οὕτω
1722 476 1876 530 περι-

1991 482 2259 551 sapienter
2292 481 2548 535 induerat
2580 476 2951 551 providentia,
2984 476 3223 548 demptis
3255 475 3407 546 regni
3439 475 3559 545 ejus

298 550 514 605 ίσταται
551 550 703 621 αὐτῷ
743 551 1007 619 πάσχοντι
1039 549 1105 603 δι’
1129 549 1408 620 ἁμαρτίας
1444 550 1478 621 ὴ
1519 550 1584 603 ἐκ
1616 550 1877 619 περιστά-

298 660 436 706 σεως
465 643 575 696 τῶν
615 642 793 713 μελῶν
818 641 913 695 τοῦ
949 640 1203 712 σώματος
1246 641 1533 712 νέκρωσις,
1575 640 1642 695 δι’
1670 641 1877 709 εὐγνώ-

300 753 462 806 μονος
516 736 870 806 εὐχαριστίας
917 736 999 798 εἰς
1063 734 1389 806 αὐθαίρετον
1455 733 1658 806 ἀρετὴν
1709 751 1878 805 μετα-

296 828 593 894 πίπτουσα,
618 827 740 880 καθ’
772 827 841 898 ἢν
879 826 990 880 τῶν
1022 826 1147 881 καθ’
1189 826 1467 898 ἁμαρτίαν
1503 823 1716 881 πολλῶν
1740 827 1880 880 ἀπο-

295 920 551 990 λυόμενος
626 919 961 989 ὀφλημάτων
1042 918 1181 989 μετὰ
1250 917 1345 971 τοῦ
1425 916 1589 985 λόγου
1652 916 1877 979 δικαίως

294 1016 519 1066 εἴσεισιν
579 1015 661 1077 εἰς
702 1013 801 1084 τὴν
839 1013 1025 1084 χώραν
1058 1014 1158 1084 τῆς
1201 1012 1474 1081 γνώσεως,
1510 1013 1653 1083 φημὶ
1691 1011 1748 1065 δὲ
1785 1009 1878 1064 τὸν

295 1106 649 1175 παράδεισον,
691 1106 749 1159 ὲν
843 1107 1136 1178 γενόμενος
1164 1106 1435 1175 γνώσεται
1456 1104 1554 1176 τὴν
1579 1102 1760 1159 αἰτίαν
1779 1104 1878 1173 τῆς

294 1198 352 1251 ὲν
463 1198 843 1269 καθείργμεθα
870 1199 966 1255 νῦν
1000 1200 1306 1269 καταδίκης
1350 1200 1445 1252 καὶ
1476 1195 1875 1258 κακοπαθείας.

294 1289 525 1361 Andri};
560 1290 617 1344 δὲ
668 1289 943 1360 ἀγνώμων
987 1292 1137 1346 ἐστὶν
1176 1292 1204 1344 ὁ
1234 1290 1303 1343 δι’
1336 1289 1611 1360 ἁμαρτίας
1652 1274 1878 1357 πάσχων

292 1383 483 1445 κακῶς
511 1382 586 1446 ὡς
614 1381 938 1446 ὑπεύθυνος,
970 1384 1062 1437 καὶ
1097 1382 1172 1453 μὴ
1205 1382 1486 1451 γνωρίζων
1509 1379 1596 1433 διὰ
1614 1378 1801 1451 (249
1821 1378 1876 1443 a)

293 1474 746 1545 φιλαπεχθήμονα
772 1476 999 1545 γνώμην
1036 1474 1127 1527 τὸν
1157 1468 1465 1535 ἀνευθύνως
1504 1472 1643 1542 ὑπὲρ
1694 1469 1881 1539 φιλαν-

1975 570 2071 625 lux
2132 572 2412 626 inaccessa
2472 569 2811 641 apparuerit.
2877 569 2969 625 Sic
3033 570 3361 623 circumstat
3428 579 3557 619 eum

1977 666 2188 734 peccati
2242 681 2410 721 causa
2456 666 2759 735 patientem
2795 662 3045 734 corporis
3079 662 3459 717 membrorum
3488 656 3559 713 de

1976 756 2392 811 circumstantia
2435 755 2811 819 mortiﬁcatio,
2856 770 2978 824 quae
3016 768 3117 824 per
3171 751 3387 807 ﬁdelem
3430 764 3560 821 gra-

1980 856 2203 915 tamque
2261 846 2516 901 beneticii
2567 845 3009 900 recordationem
3064 845 3122 899 in
3190 841 3559 898 voluntariam

1978 943 2227 990 mutatur
2264 935 2549 998 virtutem,
2601 951 2725 1005 qua;
2756 933 2960 989 debitis
3000 933 3213 1003 peccati
3257 930 3448 985 multis
3473 943 3563 984 so-

1978 1026 2128 1079 lutus
2165 1024 2219 1078 in
2267 1023 2549 1093 regionem
2584 1023 2921 1093 cognitionis
2963 1036 3088 1075 cum
3137 1020 3405 1073 Sermone
3433 1016 3561 1085 jure

1978 1115 2168 1179 intrat,
2202 1114 2308 1168 hoc
2337 1121 2422 1167 est
2468 1113 2523 1166 in
2555 1112 2894 1182 paradisum,
2940 1111 3037 1164 ubi
3093 1109 3301 1164 certior
3355 1106 3451 1161 ﬁet
3492 1104 3562 1160 de

1978 1220 2143 1259 causa
2195 1212 2399 1258 nostrze
2432 1201 2807 1257 damnationis
2849 1208 3014 1270 atque
3054 1198 3311 1259 miseriae,
3358 1194 3563 1265 quibus

1978 1310 2130 1348 nunc
2187 1303 2446 1362 tanquam
2484 1293 2538 1346 in
2583 1306 2805 1345 carcere
2855 1288 3203 1344 cobibemur.
3254 1284 3421 1338 Latro
3457 1283 3561 1336 im-

1979 1386 2189 1456 probus
2262 1394 2455 1439 contra
2513 1391 2598 1439 est
2648 1382 2743 1452 qui
2810 1379 3021 1452 peccati
3078 1392 3241 1432 causa
3294 1373 3566 1429 obnoxius

1981 1477 2215 1548 patitur,
2264 1476 2471 1546 quique
2531 1483 2757 1544 propter
2813 1471 3116 1527 voluntatis
3169 1465 3563 1537 malignitatem

294 1567 545 1638 θρωπίας
577 1567 726 1639 αὐτῷ
763 1567 1157 1637 συμπάσχοντα
1190 1568 1289 1637 τῆς
1329 1563 1677 1632 δικαιοσύνης
1701 1562 1876 1631 λόγον,

1991 1567 2201 1635 iustitiae
2223 1581 2534 1622 sermonem
2552 1581 2663 1620 non
2682 1562 2930 1635 agnoscit
2952 1578 3061 1616 una
3081 1575 3205 1615 cum
3230 1573 3309 1622 se,
3331 1555 3426 1612 sed
3444 1554 3565 1610 sine

294 1658 431 1713 ἀλλὰ
466 1658 806 1730 βλασφήμως
835 1658 1298 1729 ἀποπεμπόμενος
1329 1655 1419 1708 τὸν
1450 1655 1537 1708 ἐπ’
1567 1653 1719 1724 αὐτῷ
1740 1652 1881 1707 κατὰ

1991 1659 2165 1728 culpa,
2184 1658 2481 1729 patientem
2506 1672 2607 1727 pro
2630 1655 2969 1726 benignitate
2997 1667 3118 1715 sua,
3141 1652 3250 1705 imo
3276 1663 3401 1703 cum
3426 1660 3563 1701 con-

297 1751 558 1822 πρόνοιαν
593 1751 821 1814 δικαίως
863 1751 1151 1821 ὁρισθέντα
1182 1750 1283 1819 τῆς
1326 1750 1559 1818 κρίσεως
1600 1747 1782 1815 λόγον,
1821 1745 1882 1808 δς

1991 1751 2126 1805 vicio
2155 1749 2410 1820 repudiat
2433 1748 2628 1820 judicii
2656 1761 2965 1803 sermonem
2994 1744 3194 1799 merito
3216 1739 3267 1796 ei
3294 1739 3362 1794 de
3382 1736 3567 1808 provi-

296 1817 486 1910 ὲπειδὴ
518 1841 593 1909 μὴ
635 1817 908 1910 ἐγνώρισε*
927 1840 1017 1893 τὸν
1041 1817 1253 1911 ἀτίμως
1278 1817 1427 1908 αὐτῷ
1454 1838 1593 1891 κατὰ
1622 1836 1879 1906 βούλησιν

1991 1841 2173 1897 dentia
2190 1817 2483 1896 deﬁnitum
2509 1858 2522 1893 :
2550 1839 2645 1909 qui
2669 1855 2793 1894 cum
2819 1837 3141 1893 Sermonem
3169 1827 3565 1888 contumeliose

298 1930 873 1997 συγκαταδικασθέντα
931 1931 1090 1999 λόγον
1142 1929 1239 1983 καλ⁸
1288 1930 1531 2000 ᾐτήσατο
1590 1927 1749 1997 χάριν
1800 1919 1876 1979 ὧν

1993 1950 2201 2000 secum,
2228 1943 2284 1989 et
2302 1950 2399 1988 sua
2426 1932 2600 2003 ipsius
2628 1942 2846 2002 sponte,
2876 1929 3300 1985 condemnatum
3334 1935 3447 1977 non
3473 1933 3568 1974 co-

284 2020 745 2091 ἐπλημμέλησεν,
799 2022 1019 2090 ἀφίεται
1074 2021 1177 2091 τῆς
1240 2020 1515 2091 βασιλείας
1573 2018 1875 2089 ἀλλότριος,

1991 2033 2205 2097 gnosset
2226 2041 2328 2081 nec
2351 2025 2677 2080 delictorum
2697 2018 2924 2079 suorum
2944 2021 3162 2076 veniant
3189 2014 3511 2086 rogavisset,
3532 2025 3565 2064 e

294 2112 553 2183 οὐδεμίαν
581 2113 673 2169 τοῦ
696 2131 827 2168 ποτε
856 2114 1063 2187 ταύτης
1089 2115 1375 2180 τεύξεσθαι
1418 2114 1568 2185 παρὰ
1592 2113 1686 2167 τοῦ
1715 2112 1875 2179 λόγου

1991 2133 2155 2188 regno
2189 2116 2431 2187 ejicitur,
2468 2124 2527 2171 ut
2550 2115 2782 2180 alienus,
2806 2114 3014 2168 nullam
3040 2123 3282 2179 unquam
3302 2120 3360 2160 se
3376 2103 3569 2159 civita-

294 2203 474 2259 λαϐὼν
497 2206 826 2276 ὲπάγγελον.

1991 2217 2093 2267 tem
2106 2211 2228 2282 ejus
2244 2217 2594 2284 recepturum
2610 2222 2732 2263 esse
2750 2207 2931 2261 ltetum
2948 2210 3273 2271 accepturus
3286 2194 3565 2253 nuntium.

1905 2324 1973 2340 ’-

2347 2383 2471 2439 Alia
2522 2384 2577 2438 in
2623 2383 2760 2437 idem
2805 2376 3202 2448 contemplatio.

367 2494 479 2549 Kal.
506 2494 669 2548 πάλιν
691 2494 898 2566 λῃστής
934 2496 1082 2548 ἐστιν
1116 2492 1416 2564 εὐγνώμων
1447 2496 1475 2548 ό
1500 2494 1603 2548 κᾶν
1643 2495 1729 2549 ἐπ’
1753 2496 1884 2550 αὐτὸ

2050 2502 2231 2566 Atque
2275 2495 2475 2550 iterum
2508 2494 2650 2548 latro
2694 2492 2905 2562 probus
2933 2497 3020 2544 est
3053 2486 3173 2558 qui,
3223 2483 3394 2539 etiam
3430 2481 3477 2538 si
3511 2482 3567 2537 in

293 2581 359 2659 τδ
379 2584 553 2655 πέρας
580 2583 679 2653 τῆς
714 2582 998 2653 παρούσης
1038 2581 1186 2653 αὐτῷ
1214 2583 1505 2653 γενόμενος
1539 2582 1687 2654 ζωῆς
1718 2582 1884 2637 ἐλθὼν

1991 2593 2103 2661 ipso
2136 2590 2359 2644 demum
2411 2587 2520 2641 (ine
2557 2583 2848 2657 praesentis
2890 2581 3037 2645 vitae,
3075 2576 3231 2633 venit
3273 2576 3328 2630 in
3369 2587 3569 2645 pecca-

294 2676 379 2741 εἰς
431 2674 785 2745 συναίσθησιν
852 2673 962 2727 τῶν
1009 2673 1518 2745 πλημμεληθέντων
1565 2674 1737 2745 αὐτῷ,
1789 2675 1884 2727 καὶ

1991 2690 2166 2736 torum
2191 2693 2422 2735 suorum
2445 2676 2872 2747 reputationem,
2903 2670 3319 2742 prudenterque
3348 2664 3571 2736 agnovit

652 2383 842 2437 Ἀλλο
871 2384 958 2449 εἰς
985 2382 1050 2436 τὸ
1072 2382 1219 2437 αὐτὸ
1244 2381 1531 2451 θεώρημα.

296 2766 582 2839 γνωρίζων
636 2765 775 2837 μετὰ
834 2766 1103 2830 συνέσεως
1164 2766 1256 2818 τὸν
1306 2765 1394 2819 ἐπ’
1445 2764 1595 2837 αύτῷ
1655 2764 1882 2827 δικαίως

1991 2772 2218 2828 verbum
2262 2770 2438 2825 divini
2486 2767 2681 2839 judicii
2730 2766 2786 2820 in
2836 2779 2895 2819 se
2948 2762 3042 2817 hic
3098 2763 3566 2818 consummatum,

296 2859 604 2932 ὡρισμένον
624 2856 861 2912 ἐνταῦθα
891 2859 989 2928 τῆς
1012 2858 1164 2921 θείας
1195 2857 1434 2929 κρίσεως
1460 2857 1881 2928 συντελούμενον

1991 2864 2129 2936 quod
2160 2864 2212 2919 ei
2244 2862 2442 2918 merito
2474 2838 2596 2915 erat
2646 2856 2965 2918 deﬁnitum,
2996 2851 3204 2923 quique
3233 2838 3448 2906 sincere
3495 2860 3565 2901 ex

297 2950 450 3021 αὐτῷ
479 2950 659 3019 λόγον,
718 2950 814 3003 καὶ
856 2950 1025 3003 αἰτῶν
1076 2949 1409 3022 συγγνώμην
1454 2951 1765 3021 εἰλικρινῶς
1812 2951 1877 3003 ἐκ

1991 2958 2176 3013 intimo
2221 2955 2391 3012 corde
2425 2968 2620 3011 eorum
2650 2966 2774 3022 quas
2803 2947 3105 3018 deliquerit
3134 2945 3356 3001 veniam
3402 2941 3566 3013 petit.

302 3041 500 3113 βάθους
548 3039 728 3112 ψυχῆς
758 3033 833 3094 ὧν
878 3040 1148 3111 ἥμαρτεν.
1226 3039 1522 3111 Ἀγνώμων
1568 3041 1632 3110 ,δὲ
1674 3041 1882 3113 λῃστής

1991 3049 2264 3119 [mprobus
2303 3054 2497 3101 contra
2553 3045 2699 3099 latro
2763 3048 2850 3098 est
2897 3040 2995 3111 qui
3035 3038 3123 3094 vel
3166 3037 3225 3092 in
3275 3035 3395 3106 ipso
3441 3033 3571 3089 vitae

300 3134 448 3185 ἐστιν
476 3133 504 3184 ὁ
534 3132 653 3185 κατ’
679 3131 812 3185 αὐτὸ
832 3130 894 3185 τὸ
915 3132 1089 3202 πέρας
1119 3132 1218 3202 τῆς
1250 3132 1536 3203 παρούσης
1556 3134 1706 3203 αὐτῷ
1728 3134 1876 3204 ζωῆς

1991 3138 2272 3211 praesentis
2313 3138 2424 3211 ﬁne
2461 3136 2561 3192 Dei
2600 3135 2779 3206 legem
2827 3146 2893 3186 ac
2946 3128 3326 3185 deﬁnitionem
3372 3125 3570 3180 animae

302 3222 589 3293 γενόμενος
648 3223 743 3277 καί
780 3222 873 3276 τὸν
924 3223 1067 3277 κατὰ
1122 3221 1303 3292 ψῆφον
1347 3222 1563 3277 δικαίαν
1600 3223 1695 3277 τοῦ
1738 3223 1875 3277 Θεοῦ

1991 3248 2021 3287 a
2055 3245 2286 3302 corpore
2343 3206 2685 3299 separandze,
2739 3223 2992 3295 quamvis
3038 3222 3187 3293 justo
3228 3216 3441 3291 judicio
3498 3230 3565 3270 ac

302 3315 527 3368 τεθέντα
583 3314 765 3381 σοφῶς
809 3313 905 3366 τοῦ
953 3312 1223 3383 μερισμοῦ
1282 3313 1380 3382 τῆς
1424 3311 1599 3383 ψυχῆς
1632 3313 1740 3366 ἀπὸ
1778 3312 1881 3366 ,τοῦ

1991 3325 2273 3393 sapienter
2324 3321 2615 3382 sancitum,
2668 3317 2796 3373 vita:
2836 3328 3043 3375 .amore
3106 3321 3373 3383 tanquam
3426 3307 3571 3364 male

304 3407 553 3475 σώματος
583 3405 748 3474 νόμον
790 3421 852 3456 τε
883 3405 978 3457 καὶ
1022 3406 1147 3473 ὅρον
1181 3403 1258 3466 ὡς
1307 3403 1384 3475 μὴ
1425 3395 1612 3468 καλῶς
1656 3403 1882 3458 δοθέντα

302 3497 393 3549 διὰ
422 3496 717 3564 φιλοζωΐαν
752 3494 1126 3564 μεμφόμενος.

660 3673 841 3726 Ἄλλο
868 3675 956 3739 εἰς
979 3673 1044 3726 τὸ
1068 3673 1213 3729 αὐτύ
1243 3676 1531 3746 θεώρήμα.

374 3786 485 3841 Καὶ
526 3785 690 3839 πάλιν
724 3785 1025 3856 ἐπειδήπερ
1065 3786 1298 3850 ἕκαστος
1328 3789 1483 3859 ἡμῶν
1508 3788 1729 3854 διπλοῦς
1774 3792 1890 3845 ἐστι

306 3881 406 3948 τὴν
428 3879 614 3950 φύσιν,
642 3880 705 3933 ὲκ
731 3878 913 3949 ψυχῆς
946 3878 1042 3932 καὶ
1075 3878 1325 3949 σώματος
1365 3882 1656 3948 συνεστὼς,
1688 3883 1890 3956 λῃστής

307 3973 500 4026 ἰστινό
522 3971 644 4024 καθ’
674 3972 937 4042 ἑκάτερον
959 3971 1067 4024 τῶν
1097 3971 1156 4038 ἐξ
1185 3964 1261 4025 ὧν
1293 3972 1594 4043 συνέστηκε
1622 3975 1766 4029 κατὰ
1789 3977 1889 4048 τὴν

309 4060 537 4133 θατέρου
578 4062 739 4132 φύσιν
778 4063 941 4133 νόμον
992 4063 1133 4135 ὑπὲρ
1172 4065 1375 4135 ἀρετῆς
1405 4064 1483 4136 τῷ
1506 4064 1664 4138 Λόγῳ
1696 4085 1890 4138 μυστι-

309 4155 421 4219 κῶς
442 4156 938 4227 συσταυρούμενος,
970 4157 1062 4210 καὶ
1091 4158 1182 4211 τὸν
1211 4158 1310 4227 μὲν
1339 4159 1439 4228 τῆς
1474 4158 1676 4232 σαρκὸς
1702 4160 1887 4231 νόμον,

310 4244 498 4318 ῶσπερ
534 4246 826 4317 ἀγνώμονα
863 4246 1066 4320 λῃστὴν
1108 4246 1188 4317 τῷ
1215 4247 1359 4318 λόγῳ
1387 4250 1487 4319 τῆς
1513 4251 1715 4321 ἀρετῆς
1736 4252 1889 4305 ἀντι-

312 4339 601 4401 πίπτοντα,
627 4340 717 4393 τὸν
737 4340 793 4392 δὲ
818 4340 912 4392 τοῦ
942 4338 1255 4408 πνεύματος
1281 4340 1443 4409 νόμον
1465 4340 1658 4413 ῶσπερ
1683 4341 1888 4413 λῃστὴν

311 4431 450 4501 ἔχων
478 4431 815 4499 εὐγνώμονα,
840 4430 1044 4483 καὶτὸν
1070 4430 1299 4499 Σωτῆρα
1324 4431 1495 4497 Λόγον
1516 4430 1603 4483 διὰ
1619 4431 1728 4483 τῶν
1750 4430 1888 4484 κατὰ

310 4519 407 4591 τὴν
436 4520 745 4592 πρακτικὴν
773 4518 1011 4589 τρόπων,
1053 4516 1155 4570 κᾶν
1198 4517 1447 4571 ὲπίπονοι
1490 4511 1647 4581 ὦσιν.
1688 4518 1887 4571 ἀποδε-

1990 3414 2299 3469 institutam
2342 3413 2643 3481 vituperat.

2365 3676 2489 3732 Alia
2534 3677 2592 3730 in
2635 3674 2775 3729 idem
2821 3669 3214 3742 contemplatio.

2060 3792 2240 3862 Atque
2282 3806 2477 3845 rursus
2514 3804 2641 3844 cum
2685 3795 2936 3843 nostrum
2973 3780 3356 3854 unusquisque
3387 3775 3573 3848 dupli-

1991 3901 2110 3942 cem
2181 3884 2386 3938 habeat
2437 3890 2718 3945 naturam,
2774 3894 2843 3934 ex
2887 3876 3068 3932 anima
3124 3884 3288 3943 atque
3342 3881 3574 3938 corpore

1989 3975 2321 4039 consistens,
2344 3974 2485 4027 latro
2506 3981 2592 4027 est
2610 3970 2702 4041 qui
2731 3966 3036 4024 secundum
3065 3974 3356 4031 utramque
3379 3972 3574 4013 eorum

1987 4082 2055 4123 ex
2100 4063 2306 4135 quibus
2350 4068 2566 4117 constat
2614 4073 2714 4129 pro
2752 4054 2979 4110 alterius
3006 4060 3206 4107 natura
3249 4048 3427 4116 legem
3471 4057 3575 4112 pro

1989 4158 2198 4213 virtute
2241 4168 2369 4208 cum
2425 4152 2693 4205 Sermone
2748 4146 2978 4216 mystice
3027 4138 3180 4197 cruci
3216 4135 3475 4206 aﬂigitur,
3517 4135 3577 4188 et

1992 4249 2177 4303 carnis
2208 4245 2432 4316 quidem
2477 4243 2653 4312 legem
2703 4237 2875 4293 veluti
2926 4232 3242 4304 improbum
3298 4228 3573 4281 latronem

1991 4338 2212 4394 virtutis
2255 4333 2496 4391 sermoni
2543 4331 2910 4388 obnitentem,
2968 4325 3197 4395 spiritus
3229 4335 3365 4375 vero
3394 4318 3570 4387 legem

1992 4428 2162 4483 veluti
2190 4426 2425 4497 probum
2468 4424 2742 4478 latronem
2768 4418 2960 4480 habet,
2986 4415 3195 4484 quique
3227 4411 3572 4466 Salvatorem

1993 4520 2314 4576 Sermonem
2361 4532 2461 4586 per
2513 4513 2770 4596 practicze
2803 4505 3171 4580 phil030pbia3
3217 4501 3434 4562 modos,
3470 4498 3573 4571 etsi

311 4612 560 4683 χόμενον,
636 4604 681 4678 ᾧ
726 4609 1135 4680 συνεισέρχεται
1190 4609 1439 4679 γεγηθὼς
1501 4610 1582 4671 εἰς
1635 4609 1728 4663 τὸν
1782 4609 1882 4679 τῆς

1991 4624 2190 4681 magno
2214 4622 2341 4664 cum
2371 4592 2562 4660 labore
2593 4603 2704 4658 sint
2729 4592 3034 4670 conjuncti,
3076 4592 3296 4662 recipit,
3333 4601 3574 4660 quocum

311 4702 545 4774 εὐωχίας
586 4702 751 4755 τόπον
786 4701 879 4753 τὸν
913 4701 1097 4770 πάσης
1132 4701 1436 4773 κατάκορον
1480 4699 1755 4769 γνώσεως,
1790 4698 1885 4752 τοῦ

311 4793 453 4846 κατὰ
521 4791 702 4861 σάρκα
775 4790 1121 4861 φρονήματος
1180 4789 1462 4855 παντελῶς
1517 4788 1888 4878 ,ἀπηλλαγμέ-

311 4900 420 4948 νος.

514 5089 715 5163 (249
732 5090 784 5162 b)
822 5092 1011 5147 Ἀλλο
1039 5092 1122 5155 εἰς
1147 5089 1213 5144 τὸ
1238 5088 1382 5143 αὐτὸ
1404 5087 1693 5158 θεώρημα.

382 5203 491 5256 Καὶ
532 5203 688 5267 αὖθις
735 5204 937 5274 λῃστής
984 5204 1133 5256 ἐστιν
1192 5199 1492 5270 εὐγνώμων
1539 5199 1568 5250 ό
1616 5195 1892 5260 καταξιω‹

314 5294 427 5358 θεὶς
464 5295 913 5366 συσταυρωθῆναι
941 5293 1162 5364 Χριστῷ
1186 5293 1279 5351 ,διὰ
1307 5289 1604 5353 παντελοῦς
1636 5288 1732 5342 καὶ
1769 5286 1891 5341 ὁλο-

313 5385 519 5456 κλήρου
558 5386 666 5439 τῶν
704 5385 894 5440 παθῶν
920 5384 1265 5455 νεκρώσεως,
1286 5384 1380 5437 καὶ
1403 5382 1589 5447 δεξιῶς
1622 5379 1775 5449 αὐτῷ
1798 5397 1891 5432 συ-

314 5476 739 5547 σταυρούμενος.
789 5475 1036 5529 τουτέστι
1100 5474 1235 5544 μετὰ
1281 5473 1442 5543 λόγου
1493 5473 1586 5527 καὶ
1633 5470 1889 5547 γνώσεως

313 5568 497 5621 πᾶσαν
528 5566 739 5631 διεξιὼν
769 5566 991 5639 ἀρετὴν,
1036 5567 1130 5620 καὶ
1170 5565 1519 5636 ἀπρόσκοπον
1573 5565 1740 5617 πᾶσιν
1796 5563 1883 5616 ἁν-

381 5732 415 5753 "
450 5718 588 5779 ibid.
624 5721 711 5777 38.

1994 4702 2160 4759 simul
2230 4698 2543 4770 ingreditur
2596 4695 2756 4748 lzetus
2814 4691 2870 4745 in
2931 4683 3319 4744 oblectationis
3368 4682 3577 4742 locum,

1995 4790 2147 4846 omni
2190 4767 2507 4858 cognitione
2544 4781 2830 4845 refertum,
2856 4775 3072 4841 carnali
3112 4788 3279 4830 sensu
3313 4785 3378 4826 ac
3423 4767 3577 4840 cogi-

1998 4882 2207 4936 tatione
2260 4878 2423 4949 plane
2466 4873 2756 4929 liberatus.

2383 5075 2506 5132 Alia
2534 5076 2591 5129 in
2619 5072 2756 5127 idem
2797 5067 3192 5141 contemplatio.

2071 5200 2245 5265 Atque
2268 5204 2461 5246 rursus
2487 5188 2632 5242 latro
2653 5184 2862 5256 probus
2891 5191 2977 5239 est
3007 5183 3053 5237 is
3080 5181 3177 5252 qui
3206 5194 3330 5236 cum
3359 5176 3582 5234 Christo

1991 5288 2157 5345 simul
2187 5284 2341 5341 cruci
2389 5279 2531 5351 attigi
2561 5276 2765 5333 meruit
2808 5290 2908 5345 per
2950 5275 3169 5346 plenam
3200 5281 3365 5342 atque
3397 5269 3581 5341 perfe-

1989 5389 2133 5435 ctam
2163 5376 2481 5448 passionum
2527 5368 3032 5431 mortiﬁcationem,
3078 5366 3283 5437 quique
3334 5363 3403 5419 ad
3445 5362 3579 5418 dex-

1990 5482 2129 5528 tram
2160 5470 2280 5540 ejus
2310 5474 2396 5522 cst
2426 5464 2575 5521 cruci
2608 5461 2801 5517 afﬁxus
2831 5470 2892 5526 σι,
2924 5460 3031 5513 hoc
3072 5465 3157 5513 est
3186 5456 3279 5527 qui
3316 5469 3442 5510 cum
3486 5467 3579 5507 ra-

1987 5564 2137 5619 tione
2170 5568 2224 5615 et
2260 5557 2573 5629 cognitione
2625 5568 2845 5609 omnem
2892 5548 3242 5622 persequitur
3288 5547 3574 5610 virtutem,
