3946 6206
442 279 581 347 13⁸15

1608 285 1668 345 S.
1710 284 1901 345 MAXI
1910 286 1998 346 MI
2038 285 2549 347 CONFESSORIS

3540 285 3645 355 i376

436 392 762 462 cunctisque
785 391 1106 449 hominibus
1133 391 1459 448 inoﬁ'ensam
1487 402 1671 449 servat
1690 394 1882 461 vitam,
1905 395 2021 466 qui-

2132 395 2372 469 θρώποις
2405 395 2498 450 τὸν
2527 394 2640 467 βίον
2663 392 2956 467 διατηρῶν,
3012 394 3109 449 καὶ
3156 364 3414 469 μηδεμίαν
3453 396 3569 470 ἔχων
3597 420 3645 458 το

434 499 547 553 que
574 484 778 541 nullam
810 499 1036 554 prorsus
1063 500 1186 555 qua:
1214 485 1537 540 austeritate
1570 501 1602 539 a
1634 487 1907 542 sermonis
1937 487 2020 541 le-

434 575 606 629 nitate
650 574 924 643 discrepet
957 575 1125 630 habet
1150 576 1473 631 motionem.
1501 576 1795 646 Improbus
1828 586 2021 632 contra

432 665 575 719 latro
603 673 687 719 est
730 665 824 734 qui
870 665 1057 735 gloria:
1101 667 1469 722 lautiorumve
1516 666 2021 722 emolumentorum

432 756 608 823 gratia
661 756 929 826 Speciosis
972 756 1153 812 modis
1200 757 1432 812 subdole
1471 757 1697 813 simulat
1729 759 1898 813 vitam
1933 774 2022 814 se-

432 846 673 901 cundum
711 847 973 903 virtutem
1013 848 1344 911 institutam,
1377 849 1652 920 unicoque
1684 865 1750 905 ac
1783 851 1884 907 soli
1919 867 2022 921 pro

433 938 586 992 omni
624 938 833 994 virtute
876 947 934 995 et
986 941 1297 1011 cognitione
1336 940 1390 995 in
1426 941 1847 997 conversatione
1895 958 2021 997 cum

433 1030 632 1085 alienis
675 1031 919 1085 sermoni
949 1030 1223 1086 adulatori
1256 1032 1351 1087 dat
1383 1047 1629 1103 operam,
1668 1048 1800 1103 erga
1826 1049 2021 1089 neces—

433 1121 610 1176 sarios
632 1130 822 1177 contra
850 1137 1082 1192 pravum
1115 1138 1173 1177 se
1202 1122 1344 1193 gerit
1370 1124 1649 1178 voluntate
1682 1139 1747 1179 ac
1771 1125 2022 1181 moribus

431 1220 489 1265 ct
533 1211 860 1268 illiberalem
891 1229 1140 1283 prorsus,
1178 1214 1268 1269 cui
1299 1216 1606 1284 praesertim
1652 1216 1755 1270 viae
1798 1216 1894 1271 Dei
1925 1232 2021 1271 ca—

431 1301 750 1355 lumniatori
777 1301 1082 1370 prudenter
1118 1310 1199 1357 est
1236 1317 1300 1357 os
1342 1301 1732 1357 obturandum.
1766 1301 2021 1357 Fortasse

431 1394 581 1448 enim
617 1393 835 1448 desinet
880 1393 1028 1462 quod
1077 1394 1135 1448 in
1186 1408 1285 1449 sua
1333 1402 1645 1448 revertatur
1689 1392 2020 1449 calumniari

431 1483 754 1539 Sermonem
803 1484 872 1538 ab
907 1484 1234 1554 increpante
1278 1484 1613 1549 admonitus,
1660 1485 2020 1555 quemadmo-

404 1574 407 1577 ’
432 1576 563 1631 dum
588 1576 642 1631 in
670 1591 835 1631 cruce
862 1576 1094 1647 contigit
1120 1576 1200 1630 illi
1237 1578 1332 1647 qui
1361 1576 1479 1631 sine
1504 1575 1839 1631 verecundia
1871 1576 2021 1633 blas-

434 1669 709 1739 phemiam
769 1669 1079 1740 protulerat
1110 1669 1251 1723 latro
1282 1679 1330 1722 ιι.
1361 1668 1516 1736 Quod
1546 1669 1693 1724 enim
1724 1684 1836 1724 non
1863 1669 2021 1724 oblo-
2066 1694 2071 1699 υ

2130 489 2395 562 παράπαν
2423 488 2525 559 τῆς
2562 486 2657 541 τοῦ
2710 488 2872 557 λόγου
2923 487 3228 559 πραότητος
3275 490 3553 560 ἀπᾴδουοαν
3592 494 3643 549 δι’

2129 581 2516 653 αύστηρότητα
2542 579 2778 650 κίνησιν.
2816 577 3115 649 Ἀγνώμων
3138 578 3197 634 δὲ
3236 578 3424 652 λῃστής
3474 584 3594 638 ἐστιν
3624 589 3647 640 ὁ

2131 675 2290 746 δόξης
2318 675 2505 729 ἕνεκεν
2532 674 2565 745 ἢ
2592 673 2902 744 λημμάτων
2939 671 3245 742 ἀδροτέρων
3285 676 3390 737 τοῖς
3429 678 3645 747 φαινομέ-

2130 784 2243 829 νοις
2275 766 2497 837 τρόποις
2531 764 2782 826 ὑπούλως
2811 764 2906 816 τὸν
2934 764 3055 816 κατ’
3085 762 3285 834 ἀρετὴν
3313 762 3417 833 βίον
3460 765 3644 838 ὑποκρι.

2129 857 2377 927 νόμενος,
2412 856 2506 909 καὶ
2536 855 2635 909 ἓνα
2680 852 2776 908 καὶ
2825 852 2985 923 μόνον
3018 851 3156 922 πρὸς
3189 853 3313 916 τοὺς
3347 853 3443 917 ἔξω
3469 854 3548 908 τὸν
3574 856 3644 915 3:6-

2128 949 2270 1004 λακα
2307 949 2464 1019 λόγον
2492 947 2615 1001 ἀντὶ
2636 946 2819 1015 πάσης
2846 943 3050 1016 ἀρετῆς
3076 960 3136 997 τε
3167 944 3259 997 καὶ
3287 942 3518 1012 γνώσεως
3541 964 3642 1016 μετ.

2129 1040 2445 1111 ερχόμενος,
2472 1038 2611 1108 πρὸς
2639 1036 2698 1095 δὲ
2733 1037 2862 1100 τοὺς
2915 1035 3169 1105 συνήθεις
3213 1036 3417 1100 σκολιός
3458 1055 3530 1101 τις
3567 1038 3645 1111 τὴν

2128 1131 2355 1202 γνώμην
2393 1129 2742 1184 παντάπασιν
2772 1128 2849 1181 ὣν
2876 1127 2970 1182 καὶ
2997 1126 3343 1198 δυσάντητος,
3365 1128 3419 1181 ὃν
3441 1128 3513 1182 δεῖ
3534 1131 3643 1199 μάλα

2128 1240 2192 1291 γε
2222 1223 2323 1292 τὴν
2358 1222 2477 1275 όδδν
2511 1219 2608 1274 τοῦ
2638 1219 2773 1273 Θεοῦ
2810 1216 3241 1290 βλασφημοῦντα
3268 1218 3397 1290 μετά
3424 1220 3643 1285 συνέσεως

2128 1313 2522 1383 ἐπιστομίζειν.
2585 1312 2749 1374 Ἴσως
2803 1309 2912 1381 γὰρ
2954 1310 3231 1364 παύσεται
3268 1308 3357 1363 τοῦ
3393 1309 3643 1365 διαϐάλλειν

2127 1408 2218 1461 διά
2244 1408 2343 1478 τῆς
2367 1406 2576 1471 οίκείας
2595 1406 2944 1476 ἀναστροφῆς
2974 1404 3069 1458 τὸν
3101 1404 3260 1472 λόγον
3290 1407 3353 1474 τῇ
3378 1405 3643 1476 παραινέσει

2128 1498 2222 1553 τοῦ
2251 1498 2711 1568 ἐπιπλήσσοντος,
2737 1496 2929 1566 ὥσπερ
2952 1495 3051 1549 ἐπὶ
3081 1494 3177 1549 τοῦ
3223 1493 3443 1567 σταυροῦ
3484 1494 3641 1548 πέπον-

2129 1592 2224 1647 θεν
2246 1590 2274 1643 ὁ
2307 1589 2410 1661 τὴν
2450 1588 2802 1660 βλασφημίαν
2851 1587 3025 1651 ἀδεῶς
3072 1586 3432 1658 προσενέγκας
3465 1586 3639 1659 λῃστής.

2129 1680 2206 1733 Τὸ
2233 1679 2341 1750 γὰρ
2373 1679 2449 1750 μὴ
2485 1678 2951 1749 ἀντιφθέγξασθαι
2979 1678 3061 1749 τῷ
3093 1677 3441 1748 ὲπιπλήξαντι
3468 1681 3643 1749 σημεῖον

432 1770 596 1816 cutus
622 1770 705 1817 est
732 1761 1061 1832 increpanti,
1087 1761 1142 1816 id
1168 1777 1480 1817 sermonem
1504 1761 1597 1832 qui
1631 1762 1877 1831 prolatus
1904 1770 2021 1817 erat

2128 1770 2240 1841 ἔχει
2276 1772 2373 1841 τῆς
2397 1770 2491 1824 τοῦ
2526 1771 2787 1843 ῥηθέντος
2810 1771 3085 1842 ἀποδοχῆς
3121 1770 3283 1836 λόγου
3312 1768 3405 1840 τὴν
3458 1770 3640 1838 σιωπήν.

434 1856 597 1911 tacite
642 1856 934 1926 probatum
966 1854 1258 1926 signiﬁcat.
1288 1853 1628 1925 Quacunque
1674 1856 1864 1925 utique
1891 1871 2024 1910 con-

432 1947 808 2017 templationis
854 1948 1067 2002 ratione
1106 1962 1234 2002 cum
1262 1946 1486 2002 Christo
1518 1947 1681 2002 simul
1714 1948 1867 2001 cruci
1902 1945 2019 2000 alii-

432 2039 638 2111 gimur,
671 2040 803 2094 dum
848 2039 924 2093 ibi
958 2055 1167 2105 sumus,
1204 2038 1526 2094 Sermonem
1560 2055 1667 2093 una
1701 2053 1826 2093 cum
1861 2038 2021 2092 nobis

434 2126 590 2192 cruci,
629 2125 848 2181 allixum
881 2127 1098 2197 placare
1137 2128 1479 2192 studeamus,
1508 2142 1573 2182 ac
1608 2142 1858 2182 veracem
1886 2142 2022 2183 con-

435 2214 667 2272 scientia
690 2232 721 2272 a
744 2217 1171 2288 cogitationibus
1198 2234 1320 2273 eam
1349 2218 1766 2287 increpantibus
1794 2227 2022 2288 purgata

435 2309 688 2378 accipere
707 2310 915 2379 quietis
933 2310 1437 2374 annuntiationem,
1457 2310 1733 2380 siquidem
1752 2310 2020 2365 hodierna

437 2401 555 2456 dies
571 2413 895 2472 praesentem
921 2403 1087 2473 hujus
1109 2403 1209 2458 aevi
1235 2403 1381 2458 diem
1401 2403 1626 2459 denotat
1643 2405 1812 2474 (nam,
1833 2405 2017 2466 Hodie,

439 2491 638 2562 inquit,
661 2510 861 2548 mecum
884 2495 987 2548 eris
1008 2496 1063 2548 in
1085 2494 1338 2566 paradiso
1357 2493 1430 2563 ιι),
1455 2495 1694 2549 crastina
1718 2510 1855 2548 vero
1877 2494 2024 2548 futu-

439 2599 577 2646 ram.
603 2600 711 2654 qua
741 2600 850 2639 non
876 2594 1232 2656 peccatorum
1261 2585 1516 2640 remissio
1546 2586 1916 2655 exspectanda
1942 2592 2028 2639 est

439 2677 573 2737 ulla.
623 2675 718 2731 sed
766 2676 881 2731 sola
924 2676 1050 2732 vitae
1099 2692 1165 2731 ex
1218 2678 1418 2733 merito
1466 2678 1806 2733 conveniens
1862 2678 2023 2731 retri-

438 2766 619 2822 butio.

2129 1862 2267 1916 Kaﬁ'
2299 1863 2491 1933 ἥντινα
2526 1862 2657 1930 γοῦν
2692 1861 2803 1915 τῶν
2846 1862 3160 1931 εἰρημένων
3201 1859 3423 1930 θεωρίαν
3446 1858 3513 1929 τῷ
3540 1859 3641 1929 Χρι-

2123 1952 2242 2023 ιστῷ
2277 1953 2754 2024 συσταυρούμεθα,
2805 1952 3224 2022 σπουδάσωμεν,
3282 1951 3354 2014 ὥς
3398 1951 3542 2017 ἐσμεν
3578 1950 3641 2000 ὲν·

2127 2043 2324 2107 ταῦθα,
2367 2044 2460 2097 τὸν
2499 2042 2980 2115 συσταυρούμενον
3020 2045 3158 2111 ἡμῖν
3182 2033 3641 2107 ίλεώσασθαιΛόγον,

2128 2137 2223 2190 καὶ
2266 2137 2368 2207 τὴν
2419 2135 2626 2207 ἀψευδῆ
2673 2133 2925 2201 δέξασθαι
2963 2134 3111 2188 κατά
3151 2132 3444 2203 συνείδησιν
3486 2131 3642 2198 meap-

2127 2226 2316 2280 θεῖσαν
2344 2225 2452 2280 τῶν
2484 2226 2836 2295 πλησσόντων
2873 2224 3044 2295 αὐτὴν
3091 2223 3373 2295 νοημάτων
3422 2221 3509 2289 τῆς
3541 2221 3640 2271 ἀνα-

2127 2314 2383 2378 παύσεως
2416 2314 2774 2384 ἐπαγγελίαν,
2792 2313 2999 2383 εἶπερὴ
3018 2314 3259 2384 σήμερον
3276 2310 3377 2382 τὴν
3398 2308 3641 2362 ἐνεστῶσαν

2128 2405 2638 2475 τούτουτοῦμίῶνος
2664 2404 2878 2477 ἡμέραν
2904 2403 3242 2458 ἐνδείκνυται
3266 2402 3534 2473 (σήμερον
3544 2399 3643 2470 γὰρ,

2131 2499 2316 2570 φησὶν,
2345 2499 2461 2566 ἔσῃ
2489 2499 2615 2566 μετ’
2640 2491 2786 2565 ἐμοῦ
2819 2497 2890 2549 ἐν
2918 2493 3000 2561 τῷ
3030 2494 3412 2564 παραδείσῳ),
3447 2492 3547 2562 ἠδὲ
3574 2490 3643 2543 αὖ·

2127 2608 2243 2660 ριον
2274 2589 2372 2660 τὴν
2402 2588 2498 2642 τοῦ
2534 2586 2839 2659 μέλλοντος,
2871 2588 2994 2641 καθ’
3026 2590 3095 2659 ἢν
3115 2586 3365 2657 οὐδεμίαν
3390 2583 3478 2653 μὲν
3496 2583 3642 2648 ἄφεσιν

2125 2681 2542 2750 ἁμαρτημάτων
2575 2678 2892 2749 ἐκδέχεσθαι
2913 2679 3046 2749 χρὴ,
3088 2676 3258 2747 μόνην
3289 2675 3343 2729 δὲ
3369 2671 3459 2741 τῆς
3478 2670 3643 2738 ἑκάστῳ

2124 2772 2443 2843 πρεπούσης
2515 2770 2638 2825 κατ’
2696 2770 2853 2834 ἀξίαν
2908 2769 3151 2841 ἀμοιϐῆς
3201 2767 3307 2823 τῶν
3360 2762 3642 2833 θεϐιωμένων

2120 2864 2411 2917 ἀντίδοσιν.

437 3046 522 3102 Ea:
560 3047 740 3101 eodem
773 3064 1034 3115 sermone,
1069 3051 1123 3103 in
1167 3048 1302 3103 illud
1331 3066 1348 3103 :
1385 3066 1404 3099 ι
1436 3046 1494 3102 Si
1518 3046 1771 3117 Iosephus
1805 3048 2021 3102 Arima-

2128 3043 2149 3111 (
2165 3041 2327 3113 250
2353 3040 2413 3110 a)
2458 3042 2554 3093 Ἰσῗκ
2609 3039 2716 3094 τοῦ
2762 3037 2950 3093 αὐτοῦ
3000 3039 3213 3107 λόγου,
3241 3037 3325 3101 εις
3373 3034 3437 3090 τό
3450 3048 3465 3063 ⁸
3520 3028 3643 3085 ιιῐὸν

504 3141 671 3196 titanas
695 3141 789 3205 sis,
821 3140 887 3194 ab
921 3157 980 3194 eo
1004 3143 1095 3211 qui
1120 3141 1263 3195 cruci
1292 3141 1458 3211 aﬁixit
1483 3155 1672 3211 corpus
1701 3149 1815 3210 pete
1842 3150 1888 3194 ι).
1923 3157 1941 3190 ι

502 3340 720 3411 Corpus
747 3339 953 3397 Christi
981 3348 1068 3396 est
1092 3342 1299 3405 anima,
1326 3341 1411 3396 vel
1452 3340 1743 3396 facultates
1764 3341 1904 3412 ejus,
1930 3340 2020 3397 vel

435 3448 653 3496 sensus,
680 3432 768 3486 vel
798 3432 1140 3502 singulorum
1176 3447 1400 3501 corpus,
1427 3432 1515 3486 vel
1553 3431 1806 3501 corporis
1841 3447 2021 3486 mem-

434 3521 558 3586 bra,
593 3521 681 3576 vel
715 3522 993 3584 mandata.
1030 3522 1116 3577 vel
1151 3522 1405 3585 virtutes,
1429 3523 1518 3577 vel
1549 3524 1791 3577 rationes
1824 3539 2017 3578 eorum

435 3626 559 3680 qua:
592 3610 732 3666 facta
768 3614 918 3678 sunt,
965 3612 1073 3677 vel,
1125 3621 1186 3667 ut
1229 3613 1414 3669 verius
1452 3614 1775 3684 simpliciter
1814 3614 2016 3680 dicam,

436 3703 692 3772 privatim
726 3713 780 3758 et
812 3704 867 3758 in
892 3719 1207 3769 commune,
1236 3705 1361 3759 haec
1380 3705 1565 3758 omnia
1598 3713 1653 3759 et
1676 3704 1875 3760 horum
1909 3707 2023 3759 sin-

435 3797 561 3866 gula
590 3812 823 3865 quaeque
867 3806 995 3851 sunt
1040 3813 1242 3867 corpus
1271 3797 1497 3853 Christi.
1528 3797 1683 3865 Quod
1716 3801 1870 3854 cruci
1901 3799 2020 3853 afﬁ-

436 3890 535 3957 git,
573 3904 772 3959 nempe
805 3889 923 3943 lucc
962 3889 1170 3948 omnia.
1212 3889 1488 3954 diabolus,
1522 3889 1575 3942 in
1620 3903 1687 3943 eo
1716 3889 1811 3958 qui
1858 3890 2020 3943 talem

439 3979 635 4034 horum
681 3979 1095 4035 cruciﬁxionem
1132 3979 1395 4044 admittit,
1434 3979 1736 4034 secundum
1766 3989 2018 4035 naturam

436 4084 503 4123 ca
535 4070 755 4140 operari
791 4071 1131 4140 prohibens‘
1165 4072 1439 4142 Josephus
1483 4080 1668 4126 autem
1715 4071 2022 4141 eXplicatur

437 4160 747 4215 secundum
786 4161 1107 4216 Hebraicam
1152 4162 1396 4233 linguam
1438 4162 1649 4217 Additio
1674 4161 2021 4217 :Arimathia

438 4264 594 4313 vero,
628 4249 771 4304 Tolle
815 4249 971 4305 illud.
998 4249 1136 4316 Quid
1171 4253 1374 4324 igitur?
1408 4252 1584 4308 Homo
1631 4251 1756 4307 ﬁdei
1804 4250 2021 4307 addita-

438 4347 624 4394 menta
658 4340 867 4396 habens
899 4350 956 4397 et
996 4340 1344 4429 cognitionis,
1375 4353 1433 4399 et
1465 4343 1687 4398 virtutis
1712 4342 1893 4398 modis
1918 4358 2019 4396 au-

2207 3130 2429 3200 Ἰωσὴφ
2458 3125 2532 3201 ᾖς
2560 3133 2595 3185 ό
2618 3131 2736 3184 ἀπὸ
2765 3131 3161 3200 Ἁριμαθαίας,
3179 3129 3410 3195 almam
3428 3126 3486 3179 τὸ
3512 3121 3643 3193 σῶμα

2190 3223 2353 3292 παρὰ
2402 3221 2511 3276 τοῦ
2546 3221 2960 3290 σταυροῦντος
2988 3221 3128 3291 (50).
3159 3241 3178 3273 ι

2189 3338 2264 3391 Τὸ
2297 3337 2459 3409 σῶμα
2495 3337 2589 3392 τοῦ
2615 3336 2854 3410 Χριστοῦ
2894 3338 3046 3391 ὲστιν
3078 3338 3112 3408 ἠ
3141 3335 3311 3406 ψυχὴ,
3341 3335 3373 3405 ἢ
3403 3335 3453 3388 αἱ
3484 3331 3643 3399 ταύτης

2119 3430 2402 3501 δυνάμεις,
2438 3429 2472 3501 ἢ
2520 3430 2576 3484 αἱ
2619 3428 2922 3498 αίσθήσεις,
2955 3429 2989 3500 ἢ
3028 3429 3092 3483 τὺ
3120 3428 3280 3500 σῶμα
3302 3425 3389 3481 τοῦ
3411 3423 3517 3479 καθ’
3538 3423 3641 3476 ἱκα-

2121 3538 2269 3585 στον,
2306 3520 2338 3590 ἢ
2377 3520 2446 3574 τά
2498 3519 2631 3591 μέλη
2685 3519 2780 3572 τοῦ
2822 3517 3099 3590 σώματος,
3147 3519 3181 3590 ἢ
3230 3520 3283 3571 αἱ
3326 3514 3531 3591 ἐντολαὶ,
3559 3509 3643 3581 ﬁsi

2119 3588 2337 3682 afﬁni;
2384 3611 2416 3681 ἦ
2459 3588 2510 3664 οἱ
2555 3588 2703 3680 λόγοι
2733 3610 2844 3664 τῶν
2879 3588 3208 3679 γεγονότων,
3244 3610 3276 3680 ἢ
3308 3588 3642 3670 ἁπλῶςέίπεῖν

2120 3703 2500 3775 ἀληθέστερον,
2523 3702 2631 3774 ἰδίᾳ
2644 3719 2703 3755 τε
2720 3702 2815 3756 καὶ
2831 3704 3007 3773 κοινῇ,
3026 3703 3200 3756 ταῦτα
3215 3701 3382 3756 πάντα
3396 3694 3643 3751 καὶτούτων

2118 3794 2353 3849 ἕκαστόν
2380 3796 2495 3848 ἐστι
2522 3794 2582 3847 τὸ
2612 3794 2772 3864 σῶμα
2796 3792 2892 3847 τοῦ
2921 3793 3183 3865 Χριστοῦ.
3207 3794 3427 3864 Σταυροῖ
3443 3790 3490 3871 δὲ
3506 3785 3641 3847 τοῦτον

2119 3887 2287 3957 ἡγουν
2314 3884 2484 3939 ταῦτα
2524 3886 2703 3939 πάντα
2739 3887 2767 3938 ό
2791 3884 3060 3950 διάϐολος,
3087 3888 3146 3938 ὲν
3172 3884 3249 3955 τῷ
3276 3876 3642 3954 παραδεξαμένη)

2119 3979 2326 4033 τούτων
2370 3977 2469 4049 τὴν
2524 3977 2857 4048 σταύρωσιν,
2889 3978 2991 4031 οὐκ
3033 3977 3142 4031 ἐῶν
3186 3971 3493 4042 existimari
3518 3968 3643 4039 φύσιν

2124 4069 2487 4141 ἐνεργεῖσθαι.
2533 4067 2733 4140 Ἰωσὴφ
2769 4068 2825 4123 δὲ
2856 4068 3225 4141 ἑρμηνεύεται
3253 4064 3389 4121 κατά
3424 4060 3641 4132 Ἐϐραίων

2126 4163 2327 4233 φωνὴν,
2375 4161 2709 4231 Πρόσθεσις
2739 4175 2752 4189 ⁸
2795 4158 3092 4230 Ἀριμαθία
3139 4159 3218 4223 δὲ,
3258 4153 3423 4225 Ἆρον
3468 4149 3640 4207 ἐκεῖνο.

2126 4254 2250 4318 [Ιῶς
2275 4249 2407 4318 οὖν;
2438 4249 2764 4321 Ἀνθρωπος
2804 4249 3125 4321 προσθήκας
3166 4251 3396 4308 πίστεως
3425 4244 3543 4313 ἔχων
3571 4238 3641 4291 καὶ

2124 4348 2235 4408 τοῖς
2282 4344 2402 4397 κατ’
2435 4342 2637 4414 ἀρετὴν
2681 4339 3047 4412 ηύξημένοςέθ
3080 4341 3321 4412 τρόποις,
3365 4335 3453 4389 καὶ
3502 4331 3641 4385 πᾶσαν

442 4442 584 4495 ctus,
614 4446 945 4503 omnemque
979 4410 1343 4489 materialium
1382 4433 1631 4490 fraudem
1663 4433 1718 4488 in
1748 4448 1806 4488 se
1833 4432 2021 4503 profli-

2126 4435 2344 4505 ἀπάτην
2366 4433 2476 4488 τῶν
2505 4432 2705 4486 ύλικῶν
2735 4430 2927 4518 ἑαυτοῦ
2968 4432 3372 4503 περιελόμενος,
3394 4420 3527 4486 οὗτος
3553 4421 3641 4473 Ἰω-

441 4533 594 4590 gans,
625 4520 898 4592 Iosephus
941 4522 1031 4576 hic
1054 4530 1140 4578 est
1176 4519 1625 4593 spiritualis,.qui
1658 4521 1865 4577 Christi
1894 4537 2020 4577 cor-

440 4626 546 4680 pus
569 4611 919 4683 desumptum
945 4614 1095 4670 laute
1116 4614 1423 4686 pollingere
1447 4622 1632 4685 potest
1659 4613 1827 4685 inque
1853 4614 2021 4669 corde

440 4705 680 4760 condere
728 4721 796 4761 ex
846 4706 971 4762 ﬁdei
1023 4716 1280 4783 tanquam
1331 4706 1514 4777 lapide
1564 4714 1799 4772 structo,
1846 4706 2021 4775 ipsius

441 4812 640 4867 corpus
661 4797 730 4852 ad
753 4798 927 4853 instar
954 4798 1159 4854 Christi
1179 4814 1383 4869 corpus
1410 4814 1509 4870 per
1536 4799 1789 4870 gratiam.
1814 4806 1871 4852 et
1897 4813 2018 4852 cor-

443 4888 596 4957 poris
616 4890 861 4946 membra
884 4891 1110 4962 iustitia:
1132 4906 1282 4946 arma
1315 4891 1427 4946 Deo
1454 4892 1509 4946 in
1534 4890 2025 4946 sanctiﬁcationem

443 4978 708 5046 emciens,
742 4997 939 5038 sensus
970 4998 1100 5038 vero
1147 4985 1395 5055 corporis
1426 4983 1731 5039 secundum
1782 4983 2028 5037 innatam

446 5070 716 5124 rationem
748 5072 814 5126 ad
845 5074 1151 5128 naturalem
1187 5074 1244 5129 in
1279 5075 1477 5145 spiritu
1511 5074 2029 5144 contemplationem

446 5158 643 5216 anima:
684 5162 993 5219 ministerio
1022 5166 1245 5232 sistens,
1287 5167 1499 5237 ipsique
1528 5166 1725 5221 animae
1762 5165 1829 5220 ad
1860 5165 2035 5219 virtu-

450 5260 534 5306 tes
575 5254 942 5323 perﬁciendas
1002 5274 1190 5329 parem
1242 5267 1408 5330 atque
1468 5258 1830 5313 facultatibus
1877 5258 2035 5313 attri-

526 5398 555 5429 ³³
582 5388 717 5448 Luc.
748 5409 896 5459 χχιιι,
928 5396 1016 5449 59.
1095 5406 1120 5433 ο
1154 5398 1286 5453 ibid.
1319 5398 1406 5453 45.
1486 5408 1513 5448 v
1547 5398 1680 5453 ibid.
1715 5399 1801 5454 52.

2128 4528 2239 4597 σήφ
2282 4529 2399 4580 ἐστι
2451 4511 2845 4595 πνευματικὸς,
2892 4524 3190 4595 δυνάμενος
3216 4523 3275 4576 τὸ
3326 4520 3471 4589 σῶμα
3498 4511 3640 4568 λαΰεῖν

2122 4617 2219 4672 τοῦ
2261 4616 2497 4688 Χριστοῦ
2535 4616 2630 4671 καὶ
2668 4616 2851 4681 καλῶς
2890 4617 3215 4685 ἐνταφιάσαι
3245 4613 3336 4667 καὶ
3367 4609 3565 4665 ἐνθεῖναι
3589 4602 3638 4670 τῇ

2124 4713 2188 4764 ὲκ
2239 4710 2475 4774 πίστεως
2517 4708 2935 4781 λελατομημένῃ
2966 4708 3185 4779 καρδία,
3224 4707 3284 4759 τό
3323 4720 3379 4757 τε
3425 4699 3560 4768 σῶμα
3595 4690 3640 4743 τὺ

2124 4802 2321 4860 ἑαυτοῦ
2382 4804 2457 4867 ὡς
2519 4802 2755 4874 Χριστοῦ
2805 4803 2964 4872 σῶμα
3019 4801 3109 4855 διά
3160 4800 3257 4870 τὴν
3288 4799 3455 4869 χάριν,
3484 4788 3564 4843 καὶ
3587 4783 3640 4837 τὰ

2125 4894 2380 4964 σώματος
2415 4892 2548 4963 μέλη
2594 4892 2735 4946 ὅπλα
2777 4892 3126 4962 δικαιοσύνης
3173 4891 3250 4962 τῷ
3279 4887 3391 4957 Θεῷ
3420 4885 3490 4945 είς
3515 4881 3639 4945 ἁγια-

2128 4987 2264 5057 σμὸν
2306 4985 2647 5055 ποιούμενος,
2701 4987 2802 5048 τὰς
2855 4985 2912 5037 δὲ
2966 4984 3245 5051 αἰσθήσεις
3301 4978 3389 5032 τοῦ
3437 4973 3638 5040 σώματος

2129 5079 2439 5149 ὑπουργοὺς
2480 5071 2620 5130 εῖναι
2667 5079 2734 5147 τῇ
2784 5076 2928 5146 ψυχῇ
2964 5074 3105 5128 κατὰ
3150 5073 3240 5127 τὸν
3269 5071 3488 5141 ἔμφυτον
3518 5058 3638 5149 λόγον

2130 5145 2399 5241 πρὸς-’ξῆν
2422 5171 2479 5222 ὲν
2507 5145 2779 5238 πνεύματι
2808 5145 3045 5239 φυσικὴν
3084 5164 3316 5237 θεωρίαν
3345 5145 3638 5228 παρασκευά-

2132 5258 2262 5326 ζων,
2291 5260 2462 5331 αὐτὴν
2497 5260 2554 5313 δὲ
2591 5259 2693 5330 τὴν
2728 5257 2907 5330 ψυχὴν
2956 5258 3226 5328 ίσονομεῖν
3276 5253 3389 5313 ταῖς
3423 5241 3639 5311 δυνάμεσι

1731 5489 1963 5545 VARLE
2004 5487 2293 5547 LECTION
2303 5487 2405 5543 ES.

523 5550 571 5585 “
600 5553 987 5626 Apographum
1014 5559 1179 5614 habet
1209 5559 1523 5628 εὑξηρένος.

526 5682 638 5755 (50)
668 5685 812 5741 Idem
843 5688 965 5742 ibid.
1008 5701 1124 5758 cap.
1151 5691 1241 5754 2i,
1270 5707 1323 5760 p.
1356 5691 1477 5755 864,
1504 5704 1634 5747 ιοιη.
1669 5691 1686 5744 1
1716 5689 1852 5759 Opp.
1881 5692 1965 5746 ccl.
2004 5692 2208 5747 Bened-
