3946 6206
274 232 401 300 13."!

1507 228 2054 289 AMBIGUORUMr
2078 227 2332 289 LIBER.

3392 232 3529 300 1378

271 349 434 407 ποιῶν
473 351 611 420 πρὸς
657 347 755 420 τὴν
800 348 906 403 τῶν
944 345 1156 419 ἀρετῶν
1199 343 1577 413 ἐκπλήρωσιν,
1622 342 1719 397 καὶ
1762 341 1841 395 ἔτι

1959 339 2124 395 buens
2148 335 2545 405 conditionem,
2579 354 2643 395 ac
2683 347 2945 409 prieterea
2981 342 3222 396 animam
3252 352 3417 414 atque
3450 345 3532 401 fa-

269 445 362 511 τὴν
388 444 569 512 ψυχήν
596 458 658 495 τε
680 441 775 495 καὶ
800 440 900 504 τὰς
937 439 1109 509 αὐτῆς
1129 437 1392 506 δυνάμεις
1421 433 1701 498 δουλώσας
1723 436 1844 498 ταῖς

268 534 503 597 ἐντολαῖς
552 532 646 587 τοῦ
678 533 836 599 Θεοῦ,
872 530 1044 595 αὑτὰς
1075 529 1136 608 δὲ
1183 528 1282 592 τὰς
1335 527 1558 590 ἐντολὰς
1607 526 1844 596 φυσικὰς

269 624 361 693 τῆς
418 622 598 693 ψυχῆς
635 620 964 684 ἀποδεικνὺς
995 619 1297 691 ἐνεργείας,
1325 618 1420 671 καὶ
1450 616 1540 670 διὰ
1578 617 1678 686 τῆς
1720 614 1843 670 κατ’

269 713 461 786 ἀρετὴν
486 713 818 784 ἀμεταθέτου
844 713 938 766 καὶ
967 710 1172 778 παγίας
1199 708 1366 774 ἕξεως
1400 708 1481 770 είς
1507 706 1838 777 κατανόησιν

268 804 330 859 αὖ
362 808 454 860 καλ⁵
488 804 754 876 ὑποδοχὴν
785 804 895 858 τῶν
929 801 1401 874 ἐγκεκρυμμὲνων
1432 801 1557 862 ταῖς
1592 799 1838 863 ἐντολαῖς

270 893 555 965 θειοτέρων
598 894 771 964 λόγων
812 892 1237 964 διεγειρόμενος,
1270 890 1365 943 καὶ
1398 888 1591 958 ὥσπερ
1639 888 1837 942 σινδόνι

266 987 371 1043 τινὶ
390 989 504 1050 τοῖς
528 989 657 1058 περὶ
676 987 768 1040 τὸν
799 985 974 1040 αἰῶνα
1005 984 1193 1038 τοῦτον
1234 983 1627 1052 πνευματικοῖς
1663 981 1845 1049 λόγοις

269 1076 613 1150 περιϐάλλειν
640 1077 743 1132 ’τὸν
785 1075 1024 1148 πρῶτον,
1052 1074 1112 1141 ἐξ
1148 1067 1211 1127 οῦ
1249 1072 1345 1126 καὶ
1363 1071 1428 1125 δι’
1454 1065 1516 1126 οὗ
1546 1072 1641 1125 καὶ
1673 1072 1754 1135 είς
1786 1070 1846 1123 ὃν

267 1169 331 1224 τὰ
372 1168 574 1234 πάντα,
611 1169 804 1238 Λόγον.
848 1168 907 1221 '0
944 1167 1151 1236 ταύτην
1175 1163 1320 1218 οὕτω
1356 1164 1605 1235 τηρήσας
1635 1162 1734 1233 τὴν
1759 1160 1849 1216 εῦ-

267 1277 467 1333 κοσμον
491 1258 770 1327 εὐταξίαν,
800 1261 1000 1331 Ἰωσήφ
1031 1260 1169 1322 ἐστι,
1197 1256 1259 1311 τὸ
1283 1256 1543 1328 μυστικὸν
1573 1254 1733 1325 σῶμα
1754 1254 1849 1309 τοῦ

267 1351 499 1423 Χριστοῦ
527 1342 806 1425 μυστικῶς
833 1348 1196 1420 ἐνταφιάζων.

616 1536 795 1589 Ἀλλο
825 1536 913 1598 εις
940 1532 1006 1587 τὸ
1030 1531 1180 1586 αὐτὸ
1206 1531 1493 1602 θεώρημα.

334 1651 445 1707 Καὶ
486 1649 567 1704 ἐτι
614 1649 896 1720 συντόμως
941 1648 1137 1710 εἰπεῖν,
1183 1647 1213 1699 ό
1251 1644 1452 1717 πράξει
1498 1643 1594 1697 καὶ
1641 1640 1847 1715 θεωρίᾳ

1950 430 2188 485 cultates
2232 430 2353 500 ejus
2401 429 2497 484 Dei
2543 428 2815 484 mandatis
2861 431 3179 502 subjiciens,
3234 433 3351 503 ipsa
3399 450 3532 490 vero

1949 525 2204 581 mandata
2233 526 2514 581 naturales
2546 525 2743 579 animae
2776 524 3011 580 virtutes
3036 526 3298 595 probans,
3326 542 3391 583 ac
3432 543 3533 598 per

1949 617 2349 673 immutabilem
2378 617 2685 673 secundum
2715 616 2977 672 virtutem
3011 626 3068 691 et
3093 617 3347 672 stabilem
3372 617 3533 675 habi-

1949 718 2065 764 tum
2109 708 2178 764 ad
2225 708 2614 779 percipiendas
2665 722 2862 763 rursus
2900 718 2958 763 et
3016 708 3361 778 recipiendas
3395 709 3533 764 divi-

1942 800 2132 856 niores
2161 816 2286 871 qua:
2318 801 2375 856 in
2418 802 2516 857 Dei
2550 800 2824 856 mandatis
2863 802 3036 856 latent
3081 803 3325 857 rationes
3364 803 3533 857 exsti—

1944 895 2208 962 mulatus,
2236 904 2297 952 ut
2327 902 2589 967 tanquam
2619 896 2852 952 sindone
2881 896 3122 965 quodam
3149 895 3533 966 spiritualibus
3609 943 3613 948 .

1904 1034 1917 1045 .
1945 985 2094 1041 circa
2119 986 2225 1042 hoc
2250 1002 2427 1041 aevum
2449 987 2799 1042 sermonibus
2822 987 3242 1043 circumvestiat
3262 987 3529 1057 primum,

1943 1089 2011 1131 ex
2034 1090 2145 1147 quo
2167 1086 2225 1132 et
2247 1091 2346 1147 per
2368 1090 2534 1146 quem
2558 1085 2615 1131 et
2640 1076 2698 1130 in
2720 1090 2885 1145 quem
2912 1076 3173 1132 universa
3200 1076 3528 1141 decurrunt,

1946 1166 2288 1222 Sermonem.
2317 1166 2423 1234 Qui
2450 1174 2560 1222 tam
2591 1168 2847 1223 decoram
2878 1176 3063 1223 servat
3087 1168 3459 1238 disciplinam,
3485 1169 3534 1222 is

1946 1258 2221 1329 Josephus
2289 1268 2409 1324 est,
2476 1259 2788 1332 mysticum.
2836 1258 3045 1316 Christi
3107 1275 3311 1331 corpus
3370 1275 3529 1331 sepe-

1949 1351 2113 1406 liens.

2339 1538 2464 1594 Alia
2500 1541 2556 1594 in
2578 1540 2717 1594 idem
2751 1539 3142 1612 contemplatio.

2022 1647 2314 1717 Praeterea,
2349 1660 2411 1707 ut
2441 1650 2686 1708 breviter
2711 1652 2913 1718 dicam,
2945 1654 3038 1724 qui
3068 1655 3285 1709 actione
3315 1663 3372 1710 et
3402 1669 3535 1709 con-

269 1744 394 1808 τοὺς
437 1743 568 1811 περὶ
608 1740 704 1796 τοῦ
753 1738 989 1810 σταυροῦ
1049 1740 1163 1803 τοῖς
1211 1736 1471 1790 ἀκούουσι
1520 1734 1841 1805 θαυμαστῶς

1959 1740 2305 1809 lemplatione
2338 1742 2408 1798 de
2436 1759 2601 1799 cruce
2639 1758 2924 1799 sermones
2967 1746 3182 1816 egregie
3227 1745 3396 1800 tradit
3436 1761 3535 1800 au-

269 1836 456 1905 λόγους
484 1842 500 1903 (
524 1833 688 1905 25o
713 1832 780 1905 b)
808 1832 1119 1895 ἀποδιδοὺς,
1163 1823 1317 1894 οὗτος
1359 1828 1557 1900 Ἰωσήφ
1609 1827 1705 1899 μὲν
1749 1827 1842 1896 γέ-

270 1944 424 1998 γονεν
455 1928 615 1991 ἀλλος
645 1926 735 1981 διὰ
778 1927 876 1997 τῆς
908 1923 1227 1997 προσθήκης
1252 1924 1364 1979 τῶν
1389 1923 1533 1978 κατά
1567 1923 1670 1994 τὴν
1700 1922 1841 1977 θεω-

274 2021 391 2091 ρίαν
434 2018 653 2088 ἀγαθῶν
692 2019 774 2081 είς
815 2015 1018 2086 γνῶσιν
1061 2016 1378 2083 ἐπαυξήσας
1431 2014 1841 2087 πνευματικὴν,

282 2110 633 2186 Ἀριμαθαῖος
660 2110 717 2164 δέ
748 2108 837 2163 διὰ
866 2110 965 2179 τῆς
995 2108 1225 2179 γνησίας
1253 2107 1362 2161 τῶν
1392 2106 1607 2177 ἀρετῶν
1645 2106 1845 2159 οίκειό-

267 2221 426 2274 τητος
462 2204 606 2257 κατά
657 2202 758 2274 τὴν
800 2200 1001 2271 πρᾶξιν
1035 2201 1216 2255 πᾶσαν
1248 2200 1357 2253 τῶν
1396 2199 1599 2254 ύλικῶν
1648 2197 1844 2252 ἐαυτοῦ

269 2296 614 2369 περιτέμνων
645 2294 746 2365 τὴν
779 2291 1176 2365 προσπάθειαν.

585 2472 767 2527 Ἄλλο
799 2470 1073 2540 θεώρημα
1101 2472 1191 2535 ek
1218 2468 1286 2524 τό
1315 2470 1484 2523 αὐτό.

335 2583 639 2657 Σταυροῦσι
685 2582 743 2637 δὲ
789 2582 951 2637 πάλιν
998 2581 1091 2635 τὸν
1130 2579 1367 2652 Χριστὸν
1406 2581 1456 2632 οἱ
1506 2578 1845 2649 βλασφήμως

265 2677 390 2741 τοὺς
416 2676 546 2746 περὶ
580 2674 683 2746 τῆς
715 2672 1161 2745 ἐνσωματώσεως
1188 2670 1282 2725 τοῦ
1326 2670 1464 2725 Θεοῦ
1499 2670 1844 2733 διδάσκοντες

266 2769 474 2838 λόγους,
509 2766 823 2836 ὲνταφιάζει
851 2766 908 2820 δὲ
934 2765 1095 2819 πάλιν
1124 2764 1153 2817 δ
1181 2765 1308 2826 τοὺς
1342 2764 1470 2834 περὶ
1497 2762 1595 2833 τῆς
1628 2759 1846 2831 σαρκώ-

268 2876 404 2924 σεως
439 2858 535 2912 τοῦ
561 2857 698 2912 Θεοῦ
738 2857 932 2927 λόγους
979 2857 1116 2929 μετά
1149 2855 1466 2927 παρρησίας
1497 2854 1662 2907 πᾶσιν
1697 2853 1841 2906 εὗσε-

267 2949 378 3016 ὄῶς
407 2950 823 3023 ἀνακηρύττων.

1951 1830 2335 1897 dientibus,is
2375 1834 2651 1905 Josephus
2684 1836 2825 1891 alter
2864 1835 3042 1891 factus
3072 1845 3159 1891 est
3189 1837 3532 1906 contempla-

1921 1912 2109 1979 tionis
2141 1924 2305 1981 bonis
2335 1926 2443 1981 sibi
2474 1927 2677 1983 additis
2720 1938 2921 1984 auctus
2968 1927 3025 1983 in
3056 1927 3401 1999 spiritualem
3436 1943 3531 1984 co-

1940 2013 2274 2084 gnitionem;
2312 2015 2676 2073 Arimathaeus
2700 2024 2836 2072 vero
2866 2017 2963 2087 qui
2993 2017 3207 2073 sincera
3252 2033 3379 2072 cum
3421 2018 3536 2071 vir-

1942 2104 2157 2161 tutibus
2195 2108 2421 2178 junctus
2451 2109 2865 2165 necessitudine
2904 2110 3211 2189 secundum
3257 2110 3530 2165 actionem

1944 2195 2003 2249 in
2049 2210 2106 2251 se
2139 2212 2357 2253 omnem
2391 2215 2498 2270 qua
2532 2200 2912 2257 materialibus
2943 2213 3029 2257 est
3068 2201 3321 2257 addictus
3350 2210 3407 2258 et
3435 2201 3532 2256 ob-

1947 2288 2144 2344 noxius
2172 2290 2317 2344 tollit
2344 2290 2718 2346 affectionem.

2346 2463 2469 2518 Alia
2499 2464 2553 2517 in
2582 2464 2721 2518 idem
2750 2466 3144 2536 contemplatio.

2019 2574 2184 2631 Cruci
2228 2591 2423 2631 rursus
2452 2576 2677 2649 aﬂlgunt
2702 2577 2983 2635 Christum
3014 2582 3107 2651 qui
3135 2583 3532 2640 contumeliose

1948 2667 2016 2720 de
2044 2667 2137 2720 Dei
2170 2668 2622 2738 incorporatione
2652 2670 2896 2736 tradunt,
2926 2674 3180 2742 sepulcro
3202 2684 3385 2729 autem
3411 2692 3531 2730 rur-

1946 2771 2041 2811 sus
2086 2767 2361 2827 praaparat
2404 2760 2498 2828 qui
2550 2760 2860 2815 doctrinam
2908 2763 2976 2817 de
3019 2763 3134 2817 Deo
3179 2765 3531 2835 incorporate

1945 2857 2134 2917 aperte
2161 2857 2217 2903 et
2249 2849 2428 2919 palam
2458 2851 2717 2907 omnibus
2742 2852 2832 2922 pie
2857 2853 3138 2922 praedicat.

278 3140 382 3196 Ἐκ
427 3136 533 3194 τοῦ
564 3134 752 3193 αὐτοῦ
791 3136 1002 3205 λόγου,
1033 3138 1120 3201 εἰς
1168 3132 1237 3188 τό
1269 3149 1282 3163 ·
1324 3151 1343 3183 ε
1363 3129 1489 3185 Κᾶν
1519 3129 1841 3199 Νικόδημος

1959 3124 2036 3180 Ea;
2076 3126 2255 3180 eodem
2295 3142 2556 3192 sermone,
2599 3128 2654 3182 in
2685 3126 2867 3183 illud:
2895 3148 2915 3181 ‹
2968 3128 3027 3185 Si
3070 3129 3384 3188 Nicodamus
3428 3136 3524 3200 sis,

334 3225 410 3303 ᾗς
446 3232 480 3284 δ
508 3227 859 3301 νυκτερινὸς
882 3226 1193 3294 θεοσεϐὴς,
1219 3225 1433 3295 μύροις
1464 3221 1651 3276 αὑτὸν
1679 3220 1843 3276 ἐντα-

333 3321 558 3393 φίασον
595 3320 731 3393 (51).
772 3337 793 3371 ι

332 3431 645 3504 Νικόδημός
673 3434 842 3493 ἐστιν,
872 3429 1187 3500 νυκτερινὸς
1217 3427 1474 3499 θεοσεϐὴς
1524 3428 1617 3481 καὶ
1649 3424 1842 3496 μύροις

261 3524 327 3581 τὸ
360 3525 518 3594 σῶμα
547 3510 644 3575 τοῦ
672 3519 911 3591 Χριστοῦ
943 3518 1301 3587 ἐνταφιάζων,
1344 3520 1372 3571 ό
1416 3517 1557 3571 κατὰ
1598 3516 1840 3568 διάνοιαν

265 3617 369 3690 μὲν
404 3613 719 3687 ἐρρωμένος
752 3613 832 3674 είς
870 3610 968 3681 τὴν
1003 3609 1300 3678 ἐπίγνωσιν
1325 3608 1418 3662 τοῦ
1452 3606 1713 3678 Χριστοῦ,
1742 3606 1841 3677 τὴν

260 3708 324 3762 δὲ
368 3707 470 3779 τῆς
509 3703 765 3775 πράξεως
812 3699 923 3753 τῶν
973 3698 1204 3752 ἐντολῶν
1234 3696 1543 3767 φιλοτιμίαν
1574 3696 1650 3759 ὡς
1669 3693 1842 3756 δειλὸς

259 3799 354 3853 διὰ
379 3799 471 3853 τὸν
499 3795 664 3867 φόϐον
704 3792 814 3846 τῶν
854 3789 1125 3863 Ἰουδαίων
1151 3789 1329 3860 (λέγω
1354 3789 1409 3842 δὲ
1444 3788 1552 3841 τῶν
1579 3786 1771 3840 παθῶν
1801 3785 1835 3856 ἢ

260 3890 375 3945 τῶν
416 3888 689 3961 δαιμόνων
731 3885 831 3949 τὰς
869 3879 1213 3954 προσϐολὰς)
1263 3882 1437 3951 φειδοῖ
1482 3881 1581 3951 τῆς
1641 3877 1845 3951 σαρκὸς

264 3979 723 4053 παραιτούμενος,
756 3971 801 4046 ᾧ
832 3976 975 4047 μέγα
1010 3972 1146 4044 πρὸς
1186 3971 1457 4043 ἀποδοχὴν
1480 3971 1585 4025 κᾶν
1613 3970 1676 4023 τὸ
1702 3967 1845 4023 καλὰ

265 4075 486 4143 φρονεῖν
531 4072 662 4143 περὶ
705 4068 945 4142 Χριστοῦ
1001 4069 1095 4123 καὶ
1139 4067 1212 4135 μὴ
1254 4064 1610 4135 βλασφήμους
1656 4061 1845 4132 προϊε-

264 4164 393 4218 σθαι
421 4163 633 4232 λόγους.
955 4179 959 4184 ·

275 4342 374 4395 Ἐκ
412 4340 516 4395 τοῦ
558 4340 748 4395 αὐτοῦ
804 4341 1015 4410 λόγου,
1069 4342 1156 4406 είς
1200 4340 1289 4393 τόο
1329 4337 1496 4391 ιΚᾶν
1521 4337 1726 4408 Μαρία,
1747 4353 1838 4401 τις

332 4426 429 4504 ᾖς,
482 4431 597 4486 κᾶν
655 4432 694 4499 ἠ
746 4431 905 4499 ἄλλη
962 4429 1181 4498 Μαρια,
1240 4426 1357 4480 κᾶν
1415 4424 1690 4492 Σαλώμη,
1723 4422 1840 4476 κᾶν

2014 3229 2303 3275 nocturnus
2330 3220 2423 3275 ille
2459 3221 2556 3275 Dei
2581 3221 2774 3290 cultor,
2807 3222 3108 3292 funebribus
3135 3227 3414 3296 unguentis
3444 3229 3527 3300 ip-

2012 3329 2129 3368 sum
2166 3329 2306 3384 ungc
2332 3323 2383 3366 ς.
2420 3332 2438 3365 ι
3508 3322 3525 3337 ‘

2015 3423 2369 3489 Nicodemus,
2416 3434 2724 3481 nocturnus
2767 3427 2864 3482 Dei
2913 3429 3110 3493 cultor,
3141 3438 3197 3483 et
3231 3432 3527 3501 unguentis

1943 3510 2149 3567 Christi
2197 3529 2400 3583 corpus
2447 3530 2757 3584 praeparans
2791 3517 2858 3571 ad
2904 3519 3261 3588 sepulturam,
3310 3523 3523 3592 estqui

1945 3616 2128 3659 mente
2159 3604 2383 3675 quidem
2410 3604 2478 3659 ad
2508 3607 2950 3676 cognoscendum
2980 3608 3257 3665 Christum
3286 3612 3446 3668 fortis
3468 3624 3524 3668 et

1944 3695 2179 3766 impiger
2217 3706 2323 3761 est,
2369 3704 2427 3750 at
2466 3697 2846 3752 mandatorum
2887 3701 3362 3770 exsequendorum
3403 3713 3522 3760 stu-

1943 3787 2095 3842 dium
2122 3796 2183 3843 ut
2212 3787 2441 3859 ignavus
2462 3787 2530 3844 de
2554 3788 2869 3844 Judazorum
2897 3790 3258 3861 (passionum,
3276 3794 3521 3864 inquam,

1941 3881 2027 3935 vel
2060 3880 2368 3936 daemonum
2408 3882 2834 3955 incursationes)
2861 3893 3032 3951 metu,
3062 3887 3246 3942 carnis
3272 3902 3406 3943 cura
3432 3904 3522 3945 re-

1943 3981 2119 4035 cusat,
2138 3974 2225 4028 cui
2252 3990 2511 4047 magnum
2528 3983 2613 4031 est
2634 3974 2701 4030 ad
2719 3976 3250 4032 commendationem
3272 3980 3357 4035 vel
3384 3980 3527 4037 bene

1944 4064 2012 4119 de
2041 4063 2264 4121 Christo
2297 4067 2503 4122 sentire
2530 4082 2633 4124 nec
2661 4071 3065 4127 contumeliose
3088 4070 3156 4127 de
3184 4086 3252 4127 eo
3276 4071 3450 4143 loqui.
3568 4071 3575 4079 ’

1946 4331 2030 4387 Ex
2061 4332 2241 4385 eodem
2287 4346 2547 4399 sermone,
2591 4336 2643 4389 in
2692 4335 2831 4390 illud
2864 4352 2883 4392 :
2912 4356 2930 4389 ι
2976 4337 3035 4393 Si
3063 4339 3239 4395 Maria
3282 4340 3526 4411 qua'dam

2014 4424 2106 4486 sis,
2137 4424 2182 4477 si
2231 4423 2341 4479 alia
2372 4425 2567 4492 Maria,
2597 4429 2646 4480 si
2673 4426 2907 4492 Salome,
2938 4431 2984 4482 si
3024 4430 3259 4495 Joanna,
3290 4431 3531 4487 diluculo

346 4496 614 4587 ;lwdrra,
672 4496 984 4590 δάκρυάον
1041 4496 1265 4589 όρθρία.
1324 4517 1445 4573 Ἴδε
1465 4505 1473 4512 ’
1493 4516 1693 4584 πρώτη
1733 4514 1841 4568 τὸν

2018 4513 2280 4584 lacrymas
2310 4516 2587 4586 profunde.
2632 4517 2741 4572 Fac
2783 4528 2839 4571 ut
2872 4521 3046 4591 prima
3085 4521 3353 4577 sublatum
3389 4522 3528 4594 lapi-

328 4615 508 4668 ⁵ιίθοιν
533 4614 816 4682 ἠρμένον,
845 4611 1036 4682 τυχὸν
1061 4610 1131 4665 δὲ
1159 4611 1259 4665 καὶ
1322 4608 1465 4675 τοὺς
1517 4601 1835 4678 ἀγγέλους,

329 4704 433 4758 καὶ
474 4704 719 4770 Ἰησοῦν
742 4704 932 4757 αὐτόν
954 4702 1087 4773 (52).
1128 4720 1147 4752 ι

330 4815 527 4887 Μαρία
572 4817 606 4885 ἠ
661 4815 876 4887 πρώτη,
906 4814 964 4880 ἐξ
993 4807 1060 4884 ἦς
1086 4811 1425 4883 ἐκϐέϐληκεν
1454 4813 1481 4864 ό
1499 4808 1669 4876 Λόγος
1696 4809 1836 4863 ἑπτὰ

254 4906 543 4977 δαιμόνια,
591 4908 708 4960 ἐστὶ
748 4907 896 4960 πᾶσα
936 4903 1215 4976 πρακτική
1240 4903 1411 4973 ψυχὴ,
1439 4900 1527 4953 διὰ
1554 4899 1648 4952 τοῦ
1679 4899 1836 4967 λόγου

252 4998 373 5051 τῶν
414 4995 789 5065 εύαγγελικῶν
828 4994 1057 5050 ἐντολῶν
1103 4994 1204 5063 τῆς
1242 4992 1372 5064 περὶ
1406 4991 1499 5044 τὸν
1523 4990 1693 5045 αἰῶνα
1714 4989 1839 5043 τοῦ·

251 5103 354 5143 τον
385 5088 721 5158 καθαρθεῖσαι
763 5087 1068 5155 πτοήσεως.
1111 5080 1499 5152 Ἐὅδομαδικὸς
1538 5080 1645 5150 γὰρ
1683 5075 1839 5141 οὗτος

252 5182 287 5233 δ
318 5180 477 5247 αἰὼν,
510 5183 574 5251 τῇ
598 5182 644 5213 ⁸⁸
673 5181 756 5244 είς
786 5177 977 5232 ἐαυτὸν
1005 5175 1098 5230 τοῦ
1138 5174 1335 5247 χρόνου
1380 5171 1676 5243 περιελίξει
1702 5172 1839 5240 πλη-

333 5299 362 5338 ‘l
392 5296 590 5352 Joann.
629 5312 739 5361 ιιι,
767 5294 856 5351 59.
932 5304 954 5332 τ
984 5292 1152 5348 Marc.
1184 5306 1294 5357 xvr,
1343 5288 1395 5352 1,
1428 5287 1483 5342 9.

2015 4607 2153 4671 dem,
2185 4607 2398 4678 angelos
2423 4610 2583 4664 etiam
2613 4611 2858 4679 fortasse,
2890 4621 3047 4683 atque
3070 4614 3202 4669 adeo
3231 4614 3410 4669 Iesum
3443 4617 3527 4687 ip-

2012 4714 2128 4753 sum
2156 4699 2331 4753 videas
2361 4710 2402 4753 τ.
2442 4720 2459 4751 ι

2019 4810 2203 4865 Prima
2233 4811 2421 4877 Maria,
2449 4827 2517 4867 ex
2545 4829 2655 4883 qua
2679 4814 2873 4870 Sermo
2901 4824 3110 4886 septem
3137 4817 3299 4887 ejecit
3323 4816 3529 4873 daemo-

1946 4902 2060 4969 nia,
2090 4909 2174 4957 est
2206 4903 2388 4958 omnis
2433 4904 2609 4959 activa
2654 4907 2854 4972 anima,
2885 4922 2984 4977 per
3015 4923 3325 4962 sermonem
3359 4924 3529 4963 evan-

1945 4993 2246 5064 gelicorum
2283 4992 2666 5050 mandatorum
2706 5011 2735 5050 a
2769 4997 3211 5052 consternatione
3243 4997 3387 5051 circa
3420 4996 3531 5051 hoc

1943 5101 2121 5141 aevum
2147 5096 2397 5158 purgata.
2426 5086 2884 5144 Hebdomaticum
2910 5089 3055 5145 enim
3086 5089 3190 5143 hoc
3212 5099 3296 5144 est
3323 5104 3524 5154 rerum,

1943 5178 2090 5247 quod
2138 5181 2403 5251 temporis
2448 5181 2507 5237 in
2558 5186 2800 5252 seipsum
2861 5182 3355 5239 circumvolutione
3390 5196 3529 5237 con-

1541 5357 1778 5413 VARIAZ
1822 5359 2223 5421 LECTIONES.
2316 5396 2325 5399 ι

330 5435 378 5468 ⁸⁸
402 5435 790 5507 Apographum
822 5434 954 5487 τῶν.

342 5554 452 5624 (5|)
482 5554 652 5610 Idem.
678 5556 804 5610 ibid.
828 5569 947 5624 cap.
971 5553 1062 5618 24,
1086 5568 1143 5623 p.
1169 5552 1295 5619 864,
1345 5560 1477 5607 tom.
1504 5552 1521 5607 l
1546 5550 1686 5623 Opp.
1712 5551 1848 5608 edit.

249 5625 445 5680 Bened

1948 5554 2140 5678 Βισέῗι)
2170 5555 2316 5611 Hem
2353 5557 2503 5622 ibid.,
2535 5573 2654 5627 cap.
2683 5559 2771 5622 24,
2802 5574 2853 5628 p.
2883 5559 3006 5621 εδι,
3039 5564 3176 5610 tom.
3211 5555 3229 5609 l
3257 5551 3392 5625 Opp.
3436 5551 3525 5605 ad.

2011 5641 2093 5678 ‘llc
2138 5665 2153 5678 .
2214 5638 2251 5671 μ’

2011 5638 2153 5680 ξιιοιι.
2214 5664 2223 5671 ι
2242 5638 2251 5641 ⁷
