3946 6206
445 252 581 320 1379

1615 244 1676 303 S.
1715 242 2004 302 MAXIMI
2042 242 2553 306 CONFESSORIS

3592 256 3727 322 138.0

442 376 776 435 summatnr,
800 383 829 422 a
864 380 974 438 quo
1005 363 1199 421 Sermo
1230 356 1614 428 suimetipsius
1637 357 1880 435 cultores
1902 354 2032 410 lihe-

2144 357 2428 428 ρούμενος,
2451 354 2663 426 οὗτινος
2694 364 2974 438 ἐλευθεροῖ
2991 370 3120 434 τοὺς
3152 374 3351 428 ἑαυτοῦ
3376 375 3662 439 θιασώτας
3700 383 3727 432 6

442 471 550 525 rat,
572 475 739 529 supra
777 455 962 512 omnia
994 451 1317 523 temporalia
1350 466 1446 506 eos
1473 448 1702 503 omnino
1729 447 2027 502 collocans.

441 553 625 607 Altera
660 564 793 605 vero
842 548 1012 603 Maria
1051 553 1136 600 est
1172 543 1354 598 omnis
1385 540 1570 597 anima
1602 538 2032 607 contemplativa

442 658 566 712 quae
616 656 762 696 verae
799 636 1132 709 cognitionis
1178 649 1283 704 Ope
1329 630 1703 702 cognitionem
1743 644 1869 691 cum
1904 626 2032 682 Ser-

442 748 607 789 mone
657 748 755 802 per
801 730 1032 801 gratiam
1081 726 1187 782 sibi
1240 724 1515 795 quaesivit.
1563 721 1781 775 Salome
1823 727 2028 782 autem,

442 841 608 896 quam
652 826 1090 893 interpretantur
1132 819 1348 879 Pacem,
1386 817 1471 870 vel
1517 813 1910 875 Plenissimam,
1945 819 2031 865 est

442 919 623 974 omnis
669 918 851 972 anima
888 912 1239 985 passionibus
1271 907 1504 979 abjectis
1554 915 1769 976 pacata,
1804 913 1860 958 et
1906 918 2033 973 pra-

440 1012 706 1067 cticarum
758 1009 1027 1063 virtutum
1077 1004 1235 1072 c0pia
1292 1002 1478 1057 carnis
1522 998 1760 1069 cogitata
1806 996 2031 1066 spiritus

441 1103 549 1173 legi
578 1101 899 1171 subjiciens,
933 1113 1030 1167 per
1072 1095 1446 1164 expletionem
1484 1106 1617 1145 vero
1646 1089 2031 1159 contemplati-

440 1207 636 1248 varum
679 1188 1050 1261 spiritualium
1087 1183 1482 1252 cogitationum
1516 1196 1701 1234 rerum
1739 1194 1861 1248 qua;
1888 1177 2033 1232 exsi-

442 1291 597 1338 stunt
630 1281 1001 1351 cognitionem
1030 1294 1133 1349 pro
1173 1277 1321 1331 virili
1364 1276 1640 1346 sapienter
1671 1272 2032 1343 comprehen-

443 1375 580 1431 dens
604 1381 781 1444 parte.
803 1372 1013 1427 Joanna
1036 1379 1244 1434 autem,
1269 1384 1391 1445 quae
1412 1367 1720 1438 explicatur
1749 1363 2027 1427 Columba,

442 1468 649 1523 animal
680 1468 835 1531 mite,
873 1465 1002 1521 bilis
1032 1478 1232 1535 expers
1257 1471 1314 1518 et
1342 1461 1664 1527 fecundum,
1700 1459 1882 1515 omnis
1913 1457 2031 1512 ani-

442 1574 532 1613 ma
579 1564 665 1611 est
705 1571 828 1626 quae
879 1570 980 1625 per
1030 1553 1515 1610 mansuetudinem
1561 1550 1716 1606 exuit
1761 1548 2025 1610 all‘ectus,

442 1658 609 1729 atque
632 1646 858 1718 spiritus
880 1647 935 1701 in
960 1646 1274 1717 cognitione
1300 1643 1695 1700 fecunditatem
1725 1640 2029 1694 ferventem

2135 448 2332 518 Λόγος,
2365 452 2587 517 πάντως
2644 441 2846 521 αὖτοὺς
2906 460 3167 533 ὑπεράνω
3217 465 3392 532 τιθεὶς
3446 468 3560 521 τῶν
3621 469 3730 522 ὑπὸ

2133 540 2343 610 χρόνον.
2391 543 2455 597 Ἦ
2502 546 2559 599 δὲ
2608 548 2742 619 ἄλλη
2781 551 2973 623 Μαρία
3006 556 3125 608 ἐστὶ
3152 559 3302 612 πᾶσα
3332 560 3478 633 ψυχὴ
3513 562 3730 633 θεωρη-

2131 633 2283 701 τικὴ,
2312 634 2401 689 διὰ
2429 638 2683 705 γνώσεως
2709 642 2946 711 ἀληθοῦς
2971 646 3071 719 τὴν
3096 650 3233 718 πρὸς
3263 652 3356 705 τὸν
3371 654 3543 721 Λόγον
3581 655 3728 708 κατὰ

2132 724 2294 817 χάριν
2323 731 2640 802 κτησαμένη
2676 736 3021 803 συγγένειαν.
3060 742 3294 814 Σαλώμη
3325 745 3382 797 δέ
3407 748 3581 809 ἐστιν,
3603 748 3726 817 ἣτις

2134 816 2859 918 έρεμηνεύεταικξὶριὶνηῃῆ
2904 833 3319 902 Πληρεστάτη,
3364 839 3514 890 πᾶσα
3574 838 3727 909 ψυχὴ

2132 904 2221 1008 Mf
2272 905 2372 975 μὲν
2404 908 2697 1008 (251μα)
2744 916 2846 985 τῆς
2890 919 3163 992 ἀποϐολῆς
3196 924 3307 976 τῶν
3335 927 3523 978 παθῶν
3570 904 3729 998 sip};

2134 1001 2386 1088 νεύουσα,
2420 1001 2516 1052 καὶ
2556 1005 2622 1072 τῇ
2666 1007 2957 1075 περιουσίᾳ
2995 1010 3104 1063 τῶν
3153 1016 3480 1083 πρακτικῶν
3504 1019 3727 1088 ἀρετῶν

2131 1086 2192 1139 τὸ
2225 1090 2481 1160 φρόνημα
2504 1095 2605 1162 τῆς
2636 1096 2840 1165 σαρκὸς
2870 1100 3293 1168 καθυποτὰξασα
3324 1106 3403 1176 τῷ
3441 1086 3597 1177 νόμω
3630 1109 3726 1162 τοῦ

2135 1179 2470 1249 πνεύματος,
2508 1183 2596 1237 διὰ
2637 1183 2693 1236 δὲ
2743 1187 2844 1257 τῆς
2890 1190 3227 1259 πληρώσεως
3263 1194 3372 1247 τῶν
3402 1197 3548 1249 κατὰ
3586 1197 3726 1250 θεω-

2134 1270 2257 1342 ρίαν
2291 1275 2681 1343 πνευματικῶν
2713 1281 3003 1349 νοημάτων
3033 1284 3134 1353 τὴν
3174 1286 3283 1340 τῶν
3319 1288 3492 1342 ὄντων
3517 1289 3729 1357 γνῶσιν

2133 1363 2275 1416 κατὰ
2325 1364 2387 1417 τὸ
2436 1365 2662 1421 δυνατὸν
2727 1371 2909 1439 σοφῶς
2947 1373 3340 1444 περιλαϐοῦσα.
3384 1356 3622 1434 ςιωάννιι.
3671 1382 3728 1434 δέ

2102 1456 2301 1545 νὲστιν,
2342 1457 2466 1527 ἥτις
2509 1461 2873 1532 ἑρμηνεύεται
2905 1466 3258 1535 περιστερὰ,
3274 1469 3336 1522 τὸ
3371 1473 3551 1540 πρᾶον
3586 1472 3732 1534 ζῶον

2132 1550 2225 1601 καὶ
2266 1548 2461 1619 ἄχολον
2494 1555 2589 1606 καὶ
2631 1553 2949 1624 πολύγονον,
2986 1559 3135 1612 πᾶσα
3180 1560 3325 1633 ψυχὴ
3355 1562 3447 1617 διὰ
3477 1565 3731 1633 πραότη-

2135 1654 2222 1701 τος
2254 1639 2316 1691 τὸ
2348 1641 2594 1710 ἐμπαθὲς
2634 1644 2971 1716 ἀποθεμένη,
2998 1648 3089 1700 καὶ
3120 1647 3219 1720 τὴν
3243 1652 3300 1703 ἐν
3324 1651 3528 1719 γνώσει
3565 1654 3734 1707 mitu-

360 1816 367 1819 Α
443 1742 629 1798 habet.
678 1741 772 1796 Ha:
825 1749 1012 1796 autem
1066 1756 1227 1795 mane
1282 1740 1437 1804 ﬂent,
1485 1738 1594 1792 hoc
1637 1743 1724 1791 est
1768 1735 2032 1804 lacrymas

2143 1730 2321 1799 γονίαν
2364 1733 2457 1786 τοῦ
2501 1734 2814 1805 πνεύματος
2855 1739 3119 1817 διάπυρον
3172 1740 3393 1811 ἔχουσα.
3452 1737 3636 1796 Λῦται
3674 1746 3734 1797 δὲ

442 1833 721 1905 gnosticas
773 1830 1156 1902 profundunt,
1209 1830 1341 1885 dum
1395 1831 1719 1884 Sermonem
1778 1833 2034 1897 quaerunt

441 1926 624 1981 omnis
652 1925 877 1980 virtutis
907 1933 965 1979 et
1004 1923 1338 1994 cognitionis
1372 1938 1650 1977 summum
1700 1918 2029 1990 principem.

442 2021 509 2073 Et
547 2020 741 2089 prima:
766 2017 960 2072 vident
998 2016 1238 2085 lapidem
1272 2015 1340 2070 de
1368 2016 1539 2084 janua
1568 2011 1806 2083 sepulcri
1849 2009 2035 2065 subla-

441 2119 583 2177 tum,
616 2111 723 2164 hoc
745 2117 830 2164 est
853 2107 1209 2179 obscuritatis
1238 2104 1523 2162 Sermonis
1547 2119 1670 2173 quae
1696 2102 1851 2158 cordi
1879 2101 2033 2154 incu-

439 2205 537 2262 bat
570 2202 1015 2265 indurationem;
1047 2198 1251 2255 deinde
1297 2197 1542 2269 angelos,
1579 2196 1685 2250 hoc
1733 2203 1817 2249 est
1866 2188 2028 2247 natu—

441 2297 587 2351 rales
617 2308 802 2348 rerum
838 2306 960 2361 quae
990 2288 1267 2345 exsistunt
1296 2288 1354 2341 in
1383 2285 1579 2357 spiritu
1606 2270 1870 2348 rationes,
1901 2282 2030 2337 Ser-

439 2403 661 2444 monem
705 2400 894 2441 rerum
930 2383 1316 2439 universarum
1348 2393 1571 2435 causam
1614 2376 1780 2433 tacite
1822 2374 2027 2446 praedi-

440 2494 540 2534 can
549 2487 630 2534 tes
636 2517 650 2530 .

793 2658 916 2714 Alia
943 2659 999 2713 in
1028 2655 1241 2728 angelos
1276 2651 1673 2724 contemplatio.

512 2770 614 2829 Vel
662 2786 834 2826 sacrae
879 2769 1179 2840 Scripturae
1223 2782 1508 2824 sermones
1553 2765 1649 2835 qui
1697 2754 2029 2834 apertiorem

441 2864 528 2921 eis
552 2863 623 2920 de
653 2862 879 2920 Christo
920 2870 981 2917 ut
1010 2863 1124 2917 Deo
1153 2869 1209 2916 et
1234 2860 1478 2924 homine,
1508 2858 1562 2911 id
1606 2864 1691 2912 est
1719 2856 1788 2910 de
1818 2854 2033 2910 theolo-

2132 1822 2461 1894 δακρύουσιν
2511 1826 2763 1898 ὄρθριαι,
2821 1830 3071 1885 τουτέστι
3133 1831 3351 1903 δάκρυα.
3417 1836 3734 1904 προχέοντι

2132 1916 2430 1992 γνωυστικὰ,
2468 1917 2732 1987 ζητοῦσαι
2774 1920 2868 1974 τὸν
2913 1922 3097 1993 πάσης
3129 1924 3335 1994 ἀρετῆς
3363 1942 3423 1978 τε
3454 1927 3559 1979 καὶ
3587 1926 3734 1994 γνὼ-

2133 2022 2271 2070 σεως
2317 2008 2697 2079 ἀρχικώτατον
2747 2011 2941 2081 Λόγον.
2992 2017 3102 2068 Καὶ
3151 2016 3371 2087 πρῶτον
3414 2019 3597 2086 ὁρῶσι
3642 2020 3737 2074 τὸν

2130 2095 2280 2150 λίθον
2314 2100 2378 2152 ὲκ
2404 2101 2504 2170 τῆς
2544 2101 2716 2173 θύρας
2747 2106 2988 2175 ἠρμένον
3016 2108 3110 2160 τοῦ
3146 2110 3442 2179 μνημείου,
3470 2111 3737 2165 τουτέστι

2132 2191 2232 2263 τὴν
2259 2193 2616 2265 ἐπικειμένην
2650 2200 2716 2267 τῇ
2759 2197 2957 2270 καρδίᾳ
2984 2199 3083 2269 τῆς
3113 2201 3384 2269 ἀσαφείας
3413 2201 3511 2255 τοῦ
3550 2204 3738 2272 Λόγου

2135 2282 2427 2352 πώρωσιν’
2473 2282 2595 2340 εἶτα
2641 2289 2769 2353 τοὺς
2823 2291 3123 2359 ἀγγέλους,
3164 2291 3412 2345 τουτέστι
3475 2294 3612 2355 τοὺς
3677 2298 3738 2347 ὲν

2134 2377 2411 2448 πνεύματι
2453 2379 2563 2432 τῶν
2604 2380 2775 2435 ὄντων
2825 2384 3094 2452 φυσικοὺς
3144 2383 3358 2451 λόγους,
3402 2389 3600 2458 σιωπῇ
3632 2405 3739 2459 κη-

2138 2466 2433 2538 ρύττοντας
2452 2470 2543 2524 τὸν
2575 2472 2858 2527 παναίτιον
2884 2474 3077 2543 Λόγον.

2359 2630 2568 2707 ’Ἄλλο
2595 2654 2868 2727 θεώρημα
2888 2660 2975 2723 εις
3000 2658 3141 2726 τοὺς
3168 2663 3489 2731 ἀγγέλους.

2207 2764 2278 2817 Ἢ
2307 2764 2435 2828 τοὺς
2473 2764 2668 2834 λόγους
2696 2769 2805 2837 τῆς
2834 2770 2997 2838 ἁγίας
3044 2773 3290 2843 Γραφῆς,
3319 2778 3422 2847 τὴν
3463 2779 3608 2849 περὶ
3643 2781 3739 2834 τοῦ

2131 2857 2370 2928 Χριστοῦ
2411 2857 2486 2921 ὡς
2528 2858 2666 2913 Θεοῦ
2715 2860 2813 2913 καὶ
2860 2861 3173 2933 ἀνθρώπου,
3221 2867 3389 2937 ἤγουν
3430 2868 3539 2940 τὴν
3606 2874 3741 2941 περὶ

442 2958 532 3031 gia
563 2966 728 3028 atque
758 2954 948 3010 divino
982 2950 1381 3007 incarnationis
1416 2948 1650 3004 consilio
1691 2946 1901 3017 praebet
1944 2947 2032 3001 in-

2143 2948 2411 3018 Βεολογίας
2442 2952 2538 3004 καὶ
2577 2953 2915 3021 οἰκονομίας,
2946 2956 3280 3028 τρανοτέραν
3320 2960 3522 3024 αὐταῖς
3570 2964 3744 3031 παρε-

444 3048 920 3120 terpretationem.
963 3046 1141 3102 Unum
1175 3044 1321 3099 enim
1372 3049 1565 3097 narrat
1606 3038 1892 3108 Scriptura
1937 3054 2031 3093 eas

2143 3041 2396 3111 κομένους
2451 3040 2682 3098 ἔννοιαν.
2738 3045 2874 3096 Ἕνα
2932 3022 3040 3116 γόιρ
3081 3022 3245 3118 φησιν
3287 3051 3317 3102 ό
3353 3022 3519 3119 λόγος
3550 3022 3744 3120 ἀὐτὰς

441 3114 647 3195 vidisse
678 3138 844 3208 capiti
877 3144 1174 3201 astantem,
1218 3143 1276 3190 et
1327 3135 1561 3188 alterum
1598 3132 1664 3186 ad
1706 3131 1894 3202 pedes.
1932 3130 2031 3185 Et-

2143 3132 2444 3201 ἑωρακέναι
2483 3134 2621 3204 πρὸς
2648 3138 2716 3206 τῇ
2753 3137 2987 3208 κεφαλῇ,
3011 3114 3106 3192 καί
3141 3114 3236 3194 ἕνα
3261 3141 3395 3212 πρὸς
3425 3114 3734 3207 τάξει-ποσί

443 3230 593 3285 enim
617 3229 713 3299 qui
742 3227 909 3297 capiti
940 3234 1118 3281 astare
1147 3225 1438 3295 theologia:
1466 3238 1777 3279 sermonem
1807 3231 2032 3291 propter

2143 3222 2282 3292 Πρὸς
2315 3224 2381 3294 τῇ
2431 3224 2640 3296 κεφαλῇ
2677 3226 2788 3297 γὰρ
2854 3223 2998 3281 εἶναι
3033 3229 3125 3282 τὸν
3173 3230 3273 3299 τῆς
3317 3232 3615 3299 θεολογίας
3643 3236 3740 3287 λό-

386 3351 394 3359 ~
444 3321 653 3378 Christi
712 3321 1010 3386 deitatem,
1066 3318 1304 3390 pedibus
1364 3326 1544 3373 astare
1605 3314 2032 3387 diSpensationis

446 3423 675 3487 prepter
703 3414 1160 3475 incarnationem,
1188 3419 1243 3467 et
1263 3408 1586 3480 quiChristi
1611 3408 1837 3479 quidem
1869 3416 2031 3477 caput

446 3508 789 3564 divinitatem
821 3507 961 3577 ejus,
1007 3503 1176 3575 pedes
1205 3502 1607 3557 humanitatem
1648 3501 1767 3572 ejus
1807 3500 2027 3565 dixerit,

445 3599 494 3656 is
525 3613 555 3655 a
581 3613 713 3654 vero
738 3612 849 3652 non
871 3595 1179 3652 aberrahit.

791 3862 917 3931 Alia
944 3863 1001 3917 in
1037 3860 1247 3915 eosdem
1282 3857 1678 3929 contemplatio.

515 3980 614 4037 Vel
659 3978 915 4043 fortasse,
962 3974 1109 4030 circa
1144 3970 1364 4045 pietatis
1402 3985 1714 4026 sermonem
1762 3969 2037 4026 motiones

448 4075 504 4129 in
531 4068 868 4128 conscientia
913 4066 1141 4138 angelos
1172 4078 1316 4129 esse,
1352 4070 1577 4134 propter
1607 4060 1909 4131 perfectam
1935 4077 2035 4117 ne-

447 4165 636 4237 quitia;
664 4160 732 4218 ‘et
774 4158 1096 4231 ignorantiae
1126 4155 1546 4227 depositionem,
1592 4153 2037 4210 intellectualiter

347 4265 357 4275 '
447 4258 532 4314 eis
563 4255 924 4326 praedicantes
952 4249 1237 4307 Sermonis
1262 4249 1334 4303 ob
1367 4246 1670 4317 nequitiam
1700 4245 1829 4301 olim
1864 4245 1922 4301 in
1946 4247 2033 4317 ip-

448 4348 526 4405 sis
588 4344 900 4401 mortificati
972 4341 1456 4397 resurrectionem.
1518 4338 1696 4408 Atque
1758 4347 2036 4407 postremo

449 4439 630 4511 ipsum
674 4436 866 4509 vident
911 4433 1234 4501 Sermonem
1279 4432 1427 4486 clare
1467 4429 1551 4485 eis
1594 4427 2033 4492 manifestatum,

449 4532 570 4588 sine
621 4529 886 4603 symbolis
948 4537 1006 4583 et
1054 4526 1424 4597 imaginibus,
1482 4532 1646 4593 atque
1703 4520 2067 4592 intelligibili‘

450 4620 651 4696 gaudio
680 4621 983 4703 replentem
1023 4618 1421 4673 intellectuales
1449 4631 1640 4672 earum
1670 4629 1886 4669 sensus.

452 4903 538 4959 Ex
569 4901 747 4956 eodem
780 4914 1039 4963 sermone,
1070 4898 1124 4951 in
1153 4895 1290 4950 illud
1320 4912 1337 4950 :
1371 4915 1388 4945 ι
1419 4894 1637 4949 Petrum
1662 4893 1742 4948 vel
1772 4892 2031 4948 Joannem

521 4996 734 5051 imitare
781 5000 803 5027 '
831 5032 845 5058 ,
878 4992 948 5045 ad
986 4989 1287 5059 sepulcrum
1336 5004 1584 5059 propera,
1623 4985 1782 5039 simul
1818 5002 1880 5039 ac
1919 5002 2036 5039 cer-

524 5085 677 5138 tatim
719 5097 955 5147 currens,
995 5090 1152 5150 atque
1194 5080 1413 5132 honesta
1447 5076 1786 5131 wmulatione
1818 5084 2035 5132 conten-

521 5156 669 5208 dens.
702 5173 720 5204 ι

520 5267 718 5323 Petrus
742 5263 966 5335 quidem
1002 5271 1087 5318 est
1114 5261 1293 5316 onmis
1319 5261 1483 5315 homo
1516 5261 1609 5329 qui
1643 5258 1765 5313 ﬁdei
1793 5260 1847 5313 in
1878 5258 2036 5314 Chri-

450 5370 596 5417 stum
624 5357 1028 5413 ﬁrmamentum
1053 5370 1149 5424 per
1175 5353 1298 5407 vita:
1328 5352 1596 5407 rationem
1629 5351 1735 5405 sibi
1760 5352 2031 5420 acquirit;

447 5453 689 5511 Joannes
713 5466 846 5505 vero
886 5447 980 5519 qui
1013 5456 1238 5518 propter
1281 5445 1507 5499 multam
1555 5442 2032 5497 mansuetudinem

517 5575 542 5606 ι
572 5565 733 5620 Joan.
761 5579 852 5619 xx.
887 5560 938 5614 5.

2143 3331 2239 3383 γον
2290 3315 2378 3369 διὰ
2430 3316 2530 3387 τὴν
2582 3317 2812 3389 θεότητα
2865 3320 2962 3373 τοῦ
3014 3322 3278 3394 Χριστοῦ,
3312 3324 3450 3394 πρὸς
3506 3325 3574 3380 δὲ
3604 3331 3738 3391 ,τοίς

2135 3408 2263 3462 ποσὶ
2290 3409 2381 3462 τὸν
2406 3409 2509 3480 τῆς
2539 3412 2853 3482 οἰκονομίας
2877 3413 2967 3467 διὰ
2990 3414 3089 3485 τὴν
3118 3416 3417 3483 σάρκωσιν,
3450 3420 3554 3471 καὶ
3591 3422 3731 3490 Χρι-

2133 3500 2260 3551 στοῦ
2294 3499 2393 3569 μὲν
2423 3502 2664 3574 κεφαλὴν
2696 3502 2796 3575 τὴν
2828 3504 3059 3576 θεότητα
3092 3506 3279 3575 αὑτοῦ,
3311 3508 3479 3574 πόδας
3527 3510 3599 3564 δὲ
3632 3512 3725 3582 τὴν

2130 3589 2526 3733 ἁέθρωπότητα
2555 3595 2720 3648 αὑτοῦ
2749 3596 2921 3665 λέγων
2943 3616 3027 3663 τις
3055 3599 3148 3652 τοῦ
3176 3600 3383 3664 εἰκότος
3409 3601 3516 3672 οὐχ
3544 3604 3732 3673 ἀμαρ-

2130 3697 2157 3732 τ
2188 3698 2377 3733 .σεται.

2128 3697 2377 3751 τησεται.

2409 3868 2601 3923 Ἀλλο
2639 3868 2910 3955 θεξῦρημα
2930 3874 3018 3939 εὶς
3041 3873 3183 3941 τοὺς
3208 3874 3457 3941 αὐτούς.

2211 3974 2281 4027 Ἣ
2312 3975 2476 4047 τυχὸν
2508 3976 2607 4041 τὰς
2641 3979 2783 4033 κατὰ
2820 3981 3123 4053 συνείδησιν
3146 3984 3274 4051 περὶ
3302 3984 3397 4037 τὸν
3431 3985 3603 4050 λόγον
3632 3988 3739 4055 τῆς

2135 4064 2420 4130 εὐσεϐείας
2473 4070 2720 4140 κινήσεις
2776 4067 2917 4125 εἶναι
2972 4071 3100 4136 τοὺς
3159 4073 3451 4142 ἀγγέλους,
3480 4074 3579 4129 διὰ
3636 4078 3741 4147 τὴν

2136 4159 2377 4228 παντελῆ
2421 4152 2521 4230 τῆς
2572 4164 2771 4226 κακίας
2836 4179 2896 4217 τε
2946 4165 3040 4217 καὶ
3087 4165 3361 4232 ἀγνωσίας
3404 4169 3741 4238 ἀποϐολήν

2136 4251 2517 4320 κηρυττούσας
2560 4254 2754 4320 αὐταῖς
2801 4256 3011 4326 νοητῶς
3056 4257 3152 4310 τοῦ
3204 4258 3337 4310 ποτὲ
3388 4258 3483 4311 διὰ
3524 4263 3741 4313 κακξαν

2138 4342 2196 4395 ὲν
2227 4342 2422 4406 αὐταῖς
2482 4342 2857 4416 νεκρωθέντος
2878 4346 3060 4417 Λόγου
3102 4348 3203 4418 τὴν
3256 4349 3594 4406 ἀνάστασιν.
3630 4352 3743 4403 Καὶ

2141 4433 2292 4498 τέλος
2331 4435 2493 4489 αὐτὴν
2535 4437 2706 4508 ὁρῶσι
2736 4438 2830 4492 τὸν
2870 4439 3043 4509 Λόγον
3071 4440 3367 4513 διαρρήδην
3394 4442 3606 4505 αὐταῖς
3642 4446 3745 4512 ἐμ-

2141 4525 2521 4596 φανιζόμενον,
2576 4528 2861 4598 συμϐόλων
2899 4529 3021 4601 δίχα
3071 4531 3167 4584 καὶ
3212 4530 3425 4596 τόπων,
3470 4534 3574 4586 καὶ
3605 4536 3740 4604 πληο

2140 4616 2339 4779 ροῦνὲα
2386 4620 2561 4688 χαρᾶς
2599 4618 2795 4691 (251
2821 4621 2881 4693 b)
2931 4623 3127 4695 νοητῆς
3166 4623 3266 4687 τὰς
3295 4623 3493 4694 vespa;
3555 4627 3742 4679 αὐτῶν

2140 4723 2255 4778 χωρ
2300 4725 2433 4773 σεις.

2137 4723 2289 4778 χωρη
2300 4725 2433 4773 σεις.

2152 4898 2253 4952 Ἐκ
2283 4898 2389 4952 τοῦ
2419 4899 2607 4953 αὑτοῦ
2643 4903 2852 4970 λόγου,
2896 4905 2984 4968 εις
3016 4901 3085 4955 τό
3114 4921 3127 4934 ·
3158 4902 3403 4967 ιζΓενοῦ
3437 4904 3678 4974 Πέτρος
3700 4906 3737 4975 ἦ

2223 4984 2505 5054 Ἰωάννης
2518 5003 2531 5017 ·
2550 4987 2648 5041 ἐπὶ
2670 4988 2776 5042 τὸν
2790 4989 2983 5058 τάφον
2996 4991 3127 5044 ἐπεί
3130 4995 3319 5060 χθητι,
3339 4995 3739 5063 ἀντιτρέχων.

2210 5080 2592 5149 συντρέχων,
2636 5081 2769 5150 ίτὴν
2821 5082 3023 5151 καλὴν
3078 5083 3346 5153 ἅμιλλαν
3391 5085 3741 5157 ἁμιλλώμε-

2208 5186 2316 5235 νος
2339 5170 2473 5241 (55).
2515 5190 2534 5222 ι

2216 5263 2422 5333 Πέτρος
2457 5265 2555 5332 μὲν
2600 5263 2713 5317 ἔστι
2746 5268 2855 5329 πᾶς
2904 5266 3188 5349 ἄνθρωπος
3212 5269 3273 5322 τὸ
3310 5269 3615 5342 στερέωμα
3644 5273 3737 5343 τῆς

2126 5353 2223 5425 ⁸είς
2252 5353 2486 5424 Χριστὸν
2519 5356 2753 5419 πίστεως
2783 5359 2923 5411 κατὰ
2967 5360 3067 5429 τὴν
3114 5360 3466 5442 ἀναστροφὴν
3492 5362 3600 5415 τοῦ
3625 5363 3739 5433 βίον

2143 5445 2526 5515 κτησάμενος⁹
2587 5446 2842 5518 Ἰωάννης
2891 5448 2948 5503 δὲ
2986 5451 3013 5503 ό
3053 5449 3142 5504 διὰ
3192 5452 3481 5522 πραότητα
3532 5451 3741 5522 πολλὴν

472 5688 481 5697 “
523 5677 638 5750 (53)
671 5679 820 5735 Idem
847 5678 997 5747 ibid.,
1025 5686 1146 5749 Cap.
1173 5677 1263 5745 24,
1288 5694 1340 5748 p.
1378 5676 1502 5744 864,
1530 5684 1660 5730 tom.
1696 5675 1714 5730 Ι
1744 5674 1881 5746 Opp.
1917 5676 2004 5730 ed.
2046 5674 2251 5730 Bened.
