3946 6206
278 279 411 346 1381

1522 276 2044 337 AMBIGUORUM
2085 278 2336 338 LIBER.

3392 281 3535 348 1582

271 394 368 447 καὶ
392 391 491 462 τὴν
521 391 586 444 ὲκ
622 388 827 459 ταύτης
872 386 1150 460 ἀκραιφνῆ
1182 386 1530 457 καθαρότητα
1579 387 1678 456 τῆς
1712 403 1850 458 καρ-

1980 395 2121 457 itque
2169 402 2364 458 puram
2413 387 2598 442 cordis
2643 388 2770 443 inde
2817 388 3187 444 sinceritatem
3236 406 3266 444 a
3309 391 3544 447 Domino

272 483 390 546 δίας
418 480 785 552 ἀγαπώμενος
815 479 893 550 τῷ
925 481 1103 551 Λόγῳ,
1140 480 1232 532 καὶ
1291 478 1380 532 διὰ
1407 478 1567 532 τοῦτο
1603 481 1726 541 τοὺς
1755 480 1854 548 τῆς

273 574 468 645 σοφίας
515 573 612 626 καὶ
653 572 751 640 τῆς
797 571 1051 639 γνώσεως
1101 571 1409 639 θησαυροὺς
1442 571 1852 645 πιστευόμενος,

272 666 367 719 καὶ
404 666 471 734 τῇ
500 664 592 715 ἐπὶ
624 662 684 715 τὸ
716 661 912 729 στῆθος
945 660 1262 713 ἀναπτώσει
1290 661 1348 726 ἐξ
1365 660 1535 730 αὐτῆς
1555 658 1649 712 τοῦ
1679 659 1855 727 Λόγου

271 756 371 828 τῆς
397 754 636 826 κρυφίας
672 753 926 823 θεότητος
957 754 1057 822 τὴν
1104 752 1202 820 τῆς
1237 750 1512 818 θεολογίας
1545 752 1856 820 κομισάμε-

274 846 636 914 νοςδύναμιν.
685 843 1086 914 ’Λντιτρέχουσι
1112 843 1169 894 δὲ
1213 841 1464 910 ἀλλήλοις
1497 835 1664 903 οὗτοι,
1697 843 1725 893 ὁ
1756 839 1854 909 μὲν

275 938 418 992 κατά
445 936 544 1005 τὴν
585 935 840 1005 ἐνάρετον
885 933 1085 1005 πρᾶξιν
1126 935 1223 1004 τὴν
1253 933 1346 986 τοῦ
1379 934 1568 1002 ἐτέρου
1618 932 1854 1003 θεωρίαν

274 1029 495 1097 νικῆσαι
535 1024 878 1095 φιλονεικῶν,
925 1027 953 1077 ό
992 1025 1049 1077 δὲ
1079 1025 1218 1077 κατὰ
1250 1023 1350 1093 τὴν
1384 1021 1690 1093 γνωστικὴν
1723 1023 1857 1074 θεω-

276 1120 401 1188 ρίαν
429 1115 525 1187 τὴν
550 1115 748 1186 πρᾶξιν
767 1114 861 1168 τοῦ
881 1115 1041 1170 ἄλλου
1068 1115 1448 1184 παραδραμεῖν
1478 1113 1853 1183 ἐπειγόμενος.

256 1207 634 1280 Συντρέχουσι
664 1205 720 1259 δὲ
756 1207 900 1259 κατά
937 1207 1037 1276 τὴν
1072 1205 1329 1276 πρόθεσιν
1365 1206 1638 1276 ἀλλήλοις,
1668 1205 1858 1258 ἑκάτε-

272 1315 365 1369 ρος
395 1297 536 1351 κατὰ
559 1297 621 1350 τὸ
657 1296 772 1350 ἴσον
817 1297 946 1367 περὶ
971 1295 1030 1348 τὸ
1077 1297 1278 1349 οἰκεῖον
1321 1295 1525 1364 ἀγαθὸν
1572 1295 1859 1364 εύοδούμε-

270 1406 382 1454 νος.

537 1570 734 1624 ’Ἄλλο
769 1567 1041 1636 θεώρημα
1069 1569 1156 1632 εὶς
1190 1565 1331 1632 τοὺς
1353 1567 1600 1632 ἀὐτούς.
1684 1623 1701 1643 κ

343 1683 552 1753 Πέτρος
597 1682 656 1735 δέ
697 1683 810 1734 ἐστι
861 1680 1044 1744 πάλιν,
1085 1681 1180 1733 καὶ
1220 1679 1490 1749 Ἰωάννης,
1527 1677 1758 1740 ἕκαστος
1783 1677 1868 1731 άν-

1963 479 2242 549 diligitur,
2293 481 2493 549 cuique
2541 489 2834 550 propterea
2879 481 3122 536 thesauri
3168 483 3449 553 sapientize
3490 493 3547 539 et

1962 568 2293 638 cognitionis
2316 579 2443 623 sunt
2467 570 2684 635 crediti,
2708 579 2765 625 et
2791 571 2886 639 qui
2913 571 2980 624 ad
3008 581 3199 640 pectus
3225 573 3546 627 reclinando

1963 675 2029 713 ex
2070 660 2187 729 ipsa
2220 660 2503 716 Sermonis
2544 663 2758 716 occulta
2791 663 3076 718 divinitate
3116 665 3403 735 theologia:
3435 666 3547 720 vir-

1966 759 2138 804 tutem
2159 752 2347 805 refert.
2377 752 2688 808 Occurrunt
2710 764 2892 808 autem
2920 755 2975 808 hi
3003 755 3108 809 sibi
3136 756 3391 822 invicem,
3415 758 3546 812 dum

1963 840 2054 895 hic
2087 843 2389 897 secundum
2421 846 2692 900 actionem
2728 847 2932 900 virtute
2981 848 3284 901 institutam
3319 848 3548 903 alterius

1963 932 2481 1001 contemplationem
2537 935 2756 989 vincere
2811 936 3029 1001 studet,
3098 938 3187 991 ille
3243 939 3546 992 secundum

1963 1024 2266 1093 gnosticam
2298 1027 2817 1094 contemplationem
2856 1029 3083 1084 alterius
3128 1031 3398 1084 actionem
3446 1047 3548 1084 an-

1965 1123 2238 1170 tevertere
2284 1126 2562 1185 preperat.
2594 1116 2945 1174 Concurrunt
2988 1137 3120 1174 vero
3162 1123 3267 1177 sibi
3313 1123 3546 1177 invicem

1965 1208 2268 1260 secundum
2320 1207 2778 1276 propositionem,
2825 1209 2954 1263 dum
3002 1220 3236 1281 uterque
3279 1229 3347 1266 ex
3390 1228 3549 1281 aequo

1964 1295 2110 1350 circa
2140 1295 2427 1366 proprium
2464 1296 2672 1352 bonum
2715 1297 2862 1353 felici
2912 1316 3095 1355 rerum
3133 1317 3388 1358 successu
3437 1303 3549 1358 uti-
3633 1318 3652 1326 δ

1965 1391 2073 1439 tur.

2284 1565 2470 1620 Altera
2505 1569 2561 1620 in
2603 1567 2806 1620 eosdem
2841 1569 3230 1640 contemplatio.

2041 1679 2235 1734 Petrus
2260 1696 2391 1734 vero
2417 1697 2612 1735 rursus
2641 1691 2745 1746 est,
2777 1690 2833 1736 et
2872 1682 3132 1749 Joannes,
3165 1684 3553 1763 omnishomo

273 1773 495 1845 θρωπος
546 1771 665 1841 Θεῷ
721 1769 1044 1841 πλησιάζειν
1102 1769 1426 1838 ἠξιωμένος,
1485 1768 1577 1820 καὶ
1638 1767 1698 1819 τὸ
1762 1767 1860 1836 μὲν

1980 1770 2058 1838 ιιιὶ
2092 1769 2204 1824 Deo
2232 1770 2680 1841 apprOpinquare
2727 1773 2950 1836 meruit,
2994 1774 3200 1844 quique
3247 1777 3550 1845 practicum

275 1862 584 1935 πρακτικὸν
611 1863 710 1932 τῆς
732 1861 914 1931 ψυχῆς
935 1857 1044 1914 οἷόν
1074 1878 1198 1916 τινα
1231 1858 1539 1930 Πέτρον,τὸ
1566 1858 1623 1910 δὲ
1657 1857 1863 1928 θεωρη-

273 1959 427 2010 τικδν
451 1948 562 2008 οἷόν
579 1971 701 2008 τινα
754 1953 1026 2024 Ἰωάννην,
1073 1952 1324 2023 ἀλλήλοις
1376 1952 1519 2006 κατὰ
1567 1951 1660 2004 τὸν
1707 1949 1864 2018 λόγον

275 2047 420 2116 ἔχων
449 2046 831 2118 συντρέχοντα,
857 2045 980 2116 δίχα
1009 2045 1110 2115 τῆς
1145 2044 1376 2116 θατέρου
1419 2045 1555 2115 πρὸς
1590 2043 1650 2096 τὸ
1677 2044 1865 2113 ἓτερον

273 2135 589 2208 ὑπερϐολῆς
655 2135 750 2188 καὶ
823 2135 1158 2205 ἐλλείψεως*
1220 2134 1316 2187 καὶ
1381 2133 1545 2189 πάλιν
1613 2133 1866 2203 ἀλλήλοις

272 2226 420 2281 κατὰ
469 2225 566 2297 τὴν
609 2225 868 2297 πρόθεσιν
911 2226 1296 2296 ἀντιτρέχοντα
1347 2224 1425 2296 τῷ
1477 2224 1606 2294 περὶ
1673 2224 1863 2277 ἑκάτε-

277 2333 372 2388 ρον
421 2317 577 2388 ἄκρῳ
634 2316 1119 2389 παραδραμεῖσθαι
1182 2315 1410 2386 θάτερον
1471 2315 1576 2368 ὑπὸ
1630 2315 1860 2385 θατέρου

271 2390 577 2481 νομίζεται.

280 2587 390 2643 Ἐκ
421 2585 530 2642 τοῦ
571 2585 780 2652 αὐτοῦ,
827 2586 915 2651 εις
967 2584 1066 2638 τόο
1101 2583 1267 2640 «Κᾶν
1315 2585 1394 2650 ὠς
1445 2582 1649 2654 Θωμᾶς
1713 2584 1862 2638 ἀπο-

343 2675 600 2747 λειφθῇς
667 2675 786 2730 τῶν
827 2673 1111 2746 μαθητῶν
1161 2673 1252 2742 οἷς
1306 2674 1561 2743 Χριστὸς
1618 2674 1864 2744 ἐμφανί-

347 2769 521 2834 ζεται,
601 2767 749 2822 ὅταν
824 2766 961 2835 ἴδῃς
992 2808 1008 2831 ,
1093 2766 1180 2835 μὴ
1279 2765 1646 2833 ἀπιστήσῃς.
1735 2765 1864 2818 Κᾶν

343 2858 716 2927 ἀπιστήσῃς,
776 2856 904 2921 τοῖς
951 2856 1205 2926 λέγουσι
1261 2858 1618 2911 πίστευσον.
1675 2859 1744 2910 El
1795 2856 1864 2910 δὲ

339 2951 430 3021 μὴ
493 2951 749 3016 τούτοις,
801 2951 927 3016 τοῖς
986 2949 1200 3015 τύποις
1251 2947 1372 3003 τῶν
1427 2947 1597 3017 ἥλων
1646 2947 1867 3002 πιστώ-

345 3047 479 3113 θητι
502 3041 638 3114 (54).
668 3061 688 3095 ι

349 3154 550 3225 Θωμᾶς
598 3152 961 3225 ἑρμηνεύεται
1010 3151 1280 3222 δίδυμος,
1334 3151 1363 3204 ὃ
1401 3152 1516 3203 ἐστι
1565 3126 1933 3219 δισταγμδςς·

271 3249 312 3320 ῆ
340 3247 606 3312 διστάζων
635 3251 746 3314 τοῖς
781 3249 1086 3318 λογισμοῖς,
1114 3248 1210 3301 καὶ
1254 3246 1344 3300 διὰ
1370 3246 1530 3300 τοῦτο
1563 3247 1733 3316 χωρὶς
1765 3245 1865 3315 τῆς

269 3339 390 3394 τῶν
419 3340 606 3394 τύπων
651 3340 761 3395 τῶν
810 3341 957 3411 ἥλων
995 3340 1366 3410 ψηλαφήσεως
1403 3338 1540 3409 μηδὲ
1591 3336 1864 3389 πιστεύων

268 3433 562 3502 γεγονέναι
590 3431 684 3484 τοῦ
713 3432 886 3498 Λόγου
915 3431 1012 3500 τὴν
1044 3433 1361 3484 ἀνάστασιν.
1395 3430 1597 3497 Θωμᾶς
1625 3425 1717 3482 οὖν
1748 3430 1866 3480 ἐστι

269 3528 389 3589 πᾶς
419 3522 764 3585 διστακτικὸς
815 3521 1101 3592 ἄνθρωπος
1145 3522 1244 3592 τὴν
1272 3522 1365 3574 τοῦ
1407 3522 1465 3574 ὲν
1509 3519 1658 3590 αὐτῷ
1690 3521 1865 3587 Λόγου

269 3619 382 3690 τῆς
411 3616 615 3689 ἀρετῆς
685 3614 780 3667 καὶ
830 3614 930 3685 τῆς
968 3611 1222 3682 γνώσεως
1265 3613 1448 3684 (252
1497 3613 1551 3684 a)
1620 3613 1866 3680 γίνεσθαι

271 3711 560 3773 δυσκόλως
615 3706 888 3761 πιστεύων
946 3705 1276 3768 ἀνάπασιν,
1345 3707 1526 3759 ὅντινα
1589 3704 1750 3774 μόνον
1811 3707 1866 3756 αἱ

277 3802 498 3874 μνῆμαι
551 3798 658 3856 τῶν
707 3797 1120 3870 προγεγονότων
1168 3797 1600 3867 ἁμαρτημάτων,
1643 3795 1868 3859 ἀπαθῶς

275 3889 626 3960 τυπούμεναι
673 3888 817 3943 κατά
865 3887 1125 3952 διάνοιαν,
1182 3885 1430 3938 πείθουσι
1482 3886 1576 3939 τοῦ
1621 3887 1678 3939 ὲν
1717 3885 1868 3956 αὐτῷ

279 3982 434 4036 θείου
467 3981 643 4050 Λόγου
682 3979 941 4046 δέξασθαι
991 3978 1091 4049 τὴν
1120 3978 1441 4044 ἀνάστασιν,
1481 3979 1576 4032 καὶ
1605 3977 1870 4054 ὁμολογῆτ-

283 4091 380 4128 σαι
423 4074 584 4128 αὐτὸν
645 4072 852 4143 Κύριον
902 4071 998 4126 καὶ
1046 4071 1179 4124 Θεόν
1210 4088 1224 4101 ο
1252 4072 1458 4142 Κύριον
1502 4071 1601 4142 μὲν
1647 4072 1722 4136 ὡς
1767 4071 1869 4142 τῆς

240 4230 242 4232 τ
287 4166 434 4221 κατά
463 4167 662 4236 πρᾶξιν
706 4165 1045 4235 τελειότητος
1075 4163 1395 4235 νομοθέτην,
1426 4164 1558 4217 Θεὸν
1580 4165 1636 4218 δὲ
1665 4165 1752 4228 ὡς.
1768 4164 1870 4235 τῆς

286 4258 426 4310 κατὰ
448 4257 547 4328 τὴν
567 4258 798 4328 θεωρίαν
825 4255 1122 4320 παντελοῦς
1151 4257 1539 4327 μυσταγωγίας
1563 4257 1867 4328 ύφηγητήν.

304 4347 546 4417 Ἀπαθὴς
597 4348 653 4401 δὲ
696 4349 888 4420 μνήμη
929 4347 1046 4401 ἐστὶ
1093 4347 1202 4401 τῶν
1249 4349 1742 4420 προγεγενημένων
1778 4346 1872 4400 τύ-

294 4453 472 4500 πωσις
500 4439 533 4508 η
564 4439 735 4508 χωρὶς
779 4437 976 4508 ἡδονῆς
1019 4437 1116 4492 καὶ
1144 4436 1322 4507 λύπης
1367 4438 1495 4509 περὶ
1533 4437 1732 4508 πρᾶξιν
1779 4436 1870 4489 καὶ

290 4528 466 4597 Λόγον
490 4529 814 4600 ἐγγινομένη
847 4532 912 4600 τῇ
958 4529 1101 4600 ψυχῇ
1146 4531 1276 4600 περὶ
1317 4529 1424 4582 τῶν
1457 4529 1599 4582 ίδίων
1627 4530 1804 4598 ἔργων
1835 4530 1867 4600 ἢ

290 4619 582 4690 νοημάτων
604 4619 918 4688 διάγνωσις,
947 4619 1170 4685 τύπους,
1196 4619 1311 4672 ἀλλ’
1340 4620 1400 4673 οὐ
1425 4620 1651 4690 τρήσεις
1675 4619 1871 4690 ἔχουσα

290 4711 399 4763 τῶν
415 4712 748 4782 τραυμάτων
793 4710 993 4782 διάτὴν
1026 4711 1392 4781 ἐγγενομένην
1439 4711 1708 4766 ἀπάθειαν
1745 4728 1872 4765 συν-

293 4801 664 4856 ουλωθέντων.

655 5076 834 5130 Ἀλλο
855 5075 1122 5145 θεώρημα
1143 5081 1230 5143 εις
1264 5078 1328 5130 τὸ
1353 5078 1520 5129 αὐτό.

372 5190 443 5242 Ἦ
498 5190 670 5244 πάλιν
703 5186 823 5263 ἧλοι
853 5191 1211 5260 τυγχάνουσιν
1245 5192 1291 5244 οί
1331 5191 1472 5244 κατὰ
1501 5192 1598 5261 τὴν
1643 5211 1869 5265 πρακτιο

1966 1858 2162 1912 anima:
2209 1859 2453 1914 studium
2501 1861 2570 1914 ad
2619 1862 2766 1916 Petri
2822 1861 3013 1927 instar,
3065 1867 3552 1935 contemplativum

1965 1963 2098 2002 vero
2123 1948 2192 2002 ad
2218 1949 2443 2004 Joannis
2474 1952 2669 2017 instar,
2704 1953 2936 2008 invicem
2963 1955 3068 2009 sibi
3095 1957 3398 2011 secundum
3431 1973 3552 2013 ser-

1968 2055 2188 2094 monem
2242 2044 2628 2098 concurrentia
2678 2044 2880 2111 habet,
2951 2047 3103 2100 nullo
3156 2047 3385 2103 alterius
3440 2065 3554 2118 prae

1967 2129 2140 2183 altero
2177 2145 2407 2186 excessu
2453 2143 2548 2186 aut
2600 2134 2839 2189 defectu.
2889 2137 3068 2206 Atque
3115 2154 3307 2193 rursus
3359 2139 3554 2203 eadem

1968 2220 2074 2274 sibi
2109 2221 2346 2276 invicem
2394 2223 2698 2278 secundum
2733 2227 3167 2294 propositionem
3205 2230 3554 2284 occurrentia

1967 2313 2294 2379 creduntur,
2335 2331 2459 2371 cum
2506 2326 2735 2394 uterque
2771 2327 3066 2388 utrumque
3100 2334 3196 2373 sua
3241 2329 3555 2376 antevertat

1966 2405 2309 2461 excellentia.

1969 2585 2054 2640 Ex
2084 2584 2283 2650 eodem,
2317 2585 2371 2638 in
2399 2582 2536 2637 illud
2559 2600 2576 2638 :
2608 2603 2625 2634 ι
2655 2582 2807 2649 Quod
2837 2587 2882 2639 si
2912 2585 3118 2640 Thema:
3149 2589 3320 2642 instar
3347 2607 3381 2643 a
3421 2597 3554 2644 coetu

2040 2676 2436 2747 discipulorum,
2473 2677 2655 2746 quibus
2701 2680 2953 2747 apparuit
2999 2677 3260 2746 Christus,
3296 2681 3550 2751 abfuerit,

2041 2779 2385 2839 posteaquam
2415 2768 2624 2823 videris.
2660 2785 2724 2821 ne
2765 2770 2840 2820 rei
2869 2767 3026 2835 ﬁdem
3060 2769 3295 2839 abroges.
3329 2769 3482 2836 Quod
3506 2771 3556 2827 si

2040 2856 2096 2908 id
2124 2855 2214 2908 tibi
2241 2855 2400 2923 ﬁdem
2441 2871 2545 2908 non
2591 2855 2739 2924 facit,
2772 2857 3114 2910 narrantibus
3141 2857 3333 2913 saltem
3375 2861 3549 2914 crede.

2038 2947 2094 3002 Si
2124 2965 2188 3001 ne
2228 2949 2307 3002 his
2344 2949 2574 3018 quidem,
2606 2957 2662 3002 at
2703 2958 2839 3002 certe
2887 2948 3158 3004 clavorum
3188 2953 3551 3023 impressioni-

2039 3041 2130 3094 bus
2155 3039 2314 3109 ﬁdem
2341 3041 2472 3094 habe
2502 3042 2546 3094 ι.
2589 3059 2606 3092 ι

2037 3155 2276 3209 Thomas
2323 3155 2626 3224 explicatur
2668 3157 2927 3226 geminus,
2963 3155 3110 3226 quod
3163 3165 3247 3212 est
3279 3157 3552 3216 dubitatio

1965 3247 2051 3302 vel
2083 3247 2342 3302 dubitans
2371 3255 2573 3312 mente,
2605 3257 2661 3301 et
2695 3257 2984 3317 propterea
3013 3249 3290 3303 clavorum
3320 3251 3550 3321 impres-

1966 3339 2216 3394 sionibus
2250 3355 2361 3394 non
2397 3336 2753 3394 conti-celatis
2782 3355 2886 3394 nec
2929 3343 3296 3407 resurrexisse
3332 3343 3553 3398 Sermo-

1943 3446 2093 3510 ‘nem
2126 3432 2377 3486 credens.
2430 3433 2670 3486 Thomas
2712 3433 2882 3501 igitur
2930 3443 3016 3489 cst
3059 3437 3239 3490 omnis
3282 3437 3448 3492 homo
3492 3438 3550 3491 in

1967 3521 2366 3576 dubitationem
2401 3523 2660 3590 proclivis
2688 3523 2784 3589 qui
2824 3521 3105 3579 Sermonis
3132 3526 3352 3580 virtutis
3384 3535 3550 3595 atque

1967 3611 2298 3683 cognitionis
2339 3627 2500 3681 quem
2553 3613 2610 3665 in
2661 3613 2960 3682 semetipso
3006 3614 3170 3670 habet
3215 3617 3360 3671 haud
3389 3618 3550 3672 facile

1967 3703 2146 3758 credit
2179 3703 2428 3757 futuram.
2467 3718 2588 3757 esse
2634 3703 3120 3769 resurrectionem,
3157 3707 3246 3760 cui
3291 3715 3548 3776 peccato-

1968 3813 2091 3850 rum
2114 3797 2291 3851 solum
2317 3804 2477 3851 antea
2501 3796 2769 3851 factorum
2800 3806 3176 3863 monumenta,
3203 3800 3320 3854 sine
3349 3799 3549 3854 aﬂ‘ectu

1969 3885 2027 3940 in
2077 3893 2260 3940 mente
2304 3885 2592 3954 impressa,
2627 3884 2799 3940 divini
2833 3887 2890 3940 in
2928 3877 3226 3956 semetipso
3271 3888 3552 3944 Sermonis

1968 3978 2447 4034 resuscitationem
2477 3978 2717 4032 futuram
2745 3993 2866 4034 esse
2890 3979 3224 4048 persuadent
3256 3989 3313 4034 ut
3340 3981 3548 4047 credat,

1969 4079 2135 4142 atque
2169 4081 2242 4126 .ut
2292 4086 2419 4126 eum
2467 4071 2762 4126 Dominum
2809 4086 2872 4126 ac
2915 4072 3086 4126 Deum
3134 4087 3255 4127 esse
3284 4073 3549 4142 accipiat;

1969 4165 2262 4220 Dominum
2297 4163 2522 4234 quidem
2554 4171 2615 4217 ut
2641 4165 2915 4233 practicze,
2947 4179 3110 4233 quam
3139 4164 3395 4230 dicimus,
3425 4181 3552 4235 per-

1970 4257 2228 4312 fectionis
2268 4256 2664 4327 legislatorem,
2708 4255 2879 4309 Deum
2926 4270 3060 4309 vero
3112 4265 3173 4309 ut
3218 4258 3556 4327 contempla-

1974 4349 2098 4403 tivze
2130 4364 2194 4402 ac
2234 4347 2410 4418 plena:
2443 4345 2768 4401 initiationis
2808 4344 3183 4400 deductorem.
3234 4347 3557 4402 Monumen-

1901 4462 1949 4520 ι)
1976 4447 2091 4492 tum
2118 4453 2252 4493 vero
2275 4438 2480 4492 all‘ectu
2503 4451 2698 4491 carens
2718 4445 2803 4489 est
2825 4443 2951 4490 ante
2975 4435 3242 4490 factorum
3267 4435 3556 4505 impressio

1975 4528 2123 4597 quod
2171 4528 2342 4582 menti
2380 4527 2499 4583 sine
2544 4527 2826 4596 voluptate
2860 4541 2923 4581 ac
2961 4525 3152 4580 dolore
3191 4525 3339 4580 circa
3384 4526 3558 4581 actio-

1974 4634 2101 4673 nem
2131 4626 2188 4672 et
2217 4617 2536 4697 Sermonem
2562 4616 3128 4686 insidetpropriorum
3160 4608 3428 4668 fac’torum
3462 4623 3558 4668 aut

1976 4713 2339 4784 cogitatorum
2366 4713 2659 4784 judicium,
2691 4711 3180 4782 impressiones,.at
3217 4725 3328 4764 non
3375 4708 3558 4780 perfo-

1979 4806 2222 4860 rationes
2256 4805 2544 4859 vulnerum
2595 4803 2822 4868 habens,
2853 4818 2975 4872 quae
3007 4806 3235 4872 prOpter
3261 4801 3559 4857 all‘ectuum

1979 4896 2280 4950 absentiam
2319 4897 2372 4949 in
2403 4894 2688 4951 cicatrices
2715 4895 3019 4950 coiverunt.

1907 5013 1980 5028 ν

2369 5076 2493 5130 Alia
2522 5079 2576 5130 in
2606 5078 2743 5130 idem
2769 5077 3162 5148 contemplatio.

2054 5195 2150 5249 Vel
2193 5207 2387 5248 rursus
2421 5192 2560 5246 clavi
2599 5201 2727 5246 sunt
2759 5192 3026 5246 virtutum
3081 5191 3385 5246 secundum
3431 5207 3559 5263 pra-

297 5279 403 5351 κὴν
429 5279 748 5350 φιλοσοφίαν
791 5281 981 5351 τρόποι
1024 5281 1131 5333 τῶν
1178 5281 1410 5351 ἀρετῶν,
1447 5283 1865 5354 προσηλωμένηη

1981 5287 2178 5342 cticam
2239 5284 2649 5354 philosophiam
2707 5285 2878 5345 modi,
2927 5285 3123 5337 anima:
3177 5285 3436 5338 allectum
3495 5283 3564 5340 ti-

301 5370 444 5442 μετὰ
473 5371 638 5425 πόνου
687 5372 766 5442 τῷ
806 5372 936 5442 θείῳ
988 5371 1139 5442 φόϐῳ
1181 5373 1514 5443 κρατοῦντες
1558 5375 1656 5444 τῆς
1702 5377 1865 5445 ψυχῆς

1983 5377 2155 5447 moris
2207 5377 2303 5432 Dei
2348 5377 2521 5432 clavis
2584 5375 2800 5430 affixam
2869 5393 2993 5431 cum
3051 5377 3240 5432 labore
3289 5385 3560 5445 tenentes,

374 5529 394 5568 ⁸
423 5531 580 5587 Joan.
606 5545 695 5592 xx,
726 5530 795 5585 25
819 5546 900 5599 sq.

373 5667 833 5741 (5ι)1ιὶεωὶὁὶι1.,
857 5681 975 5736 cap.
1007 5665 1096 5731 24,
1129 5682 1180 5735 p.
1219 5666 1340 5732 864,
1380 5675 1510 5720 tom.
1539 5665 1560 5719 Ι
1585 5664 1722 5736 Opp.
1755 5666 1843 5720 ed.
1887 5665 2089 5724 Bened.
