3946 6206
230 297 362 367 1385
388 274 402 288 ’

1458 290 1692 355 AMBIG
1702 291 1972 354 UORUM
2006 289 2256 353 LIBER-

3322 286 3455 354 1386

226 412 588 487 διαπεράσας,
618 413 714 468 καὶ
734 413 814 479 είς
836 412 936 486 τὴν
968 413 1076 468 οὐδ’
1105 411 1239 476 ὅλως
1264 409 1362 483 τὴν
1387 410 1598 464 οἱανοῦν
1623 410 1793 481 φορὰν

1908 418 2058 475 ποια,
2082 420 2246 480 atque
2268 409 2324 464 in
2348 414 2548 464 statum
2564 406 2890 465 cessationis
2914 407 3142 464 omnino
3171 411 3461 479 qualicun-

228 510 260 580 ἢ
293 508 507 579 κίνησιν
549 504 800 576 ἔχουσαν,
836 505 973 575 πρὸς
1019 506 1087 575 ἥν
1113 504 1374 573 ἠπείγετο
1419 503 1675 572 μάλιστα,
1701 502 1790 556 διὰ

228 600 426 662 παντὸς
461 597 621 666 λόγου
657 615 717 651 τε
768 596 865 652 καὶ
888 597 1088 668 τρόπου
1122 595 1273 666 λῆξιν
1303 593 1653 666 ἀναληφθεὶς,
1684 595 1792 647 ἀπὸ

226 690 333 743 τῶν
372 688 849 759 παραπεμπόντων
886 686 1075 757 ὥσπερ
1120 685 1369 754 ἀγγέλων
1396 685 1559 739 τινῶν
1587 685 1695 737 τῶν
1734 685 1792 737 ὲν

225 784 335 844 τοῖς
362 779 482 833 οὖσι
528 778 627 848 τῆς
665 775 925 847 προνοίας
953 775 1129 844 λόγων
1154 777 1249 829 ἐπὶ
1278 776 1376 847 τὴν
1406 774 1516 828 τῶν
1546 775 1796 844 ὑποδεχο-

227 871 403 942 μένων
430 869 684 939 ἀρρήτων
714 866 814 936 τῆς
844 866 1119 934 θεολογίας
1166 867 1337 935 λόγων
1358 883 1416 919 τε
1443 866 1536 920 καὶ
1584 881 1795 936 μυστη-

227 959 356 1032 ρίων
384 959 566 1030 χώραν
615 957 968 1027 ἀναγόμενος,
1017 956 1198 1028 (253
1232 959 1286 1027 ιι)
1336 959 1431 1011 καὶ
1478 960 1600 1020 ταῖς
1654 958 1796 1010 κατά

229 1052 391 1123 μέρος
421 1051 750 1106 ἀναδάσεσιν
784 1050 1123 1122 ὑψηλοτέρας
1153 1051 1323 1105 ποιῶν
1352 1052 1488 1122 πρὸς
1533 1049 1797 1120 ὑποδοχὴν

223 1142 313 1195 τοῦ
365 1141 805 1214 θεαρχικωτάτου
858 1141 1058 1211 Λόγου,
1110 1142 1209 1206 τὰς
1251 1144 1444 1215 νοερὰς
1487 1142 1585 1213 τῆς
1619 1142 1798 1212 ψυχῆς

224 1232 417 1298 πύλας.
460 1242 465 1247 ‘

563 1407 743 1462 Ἄλλο
766 1407 1036 1478 θεώρημα
1066 1411 1152 1475 εἰς
1182 1409 1250 1463 τὸ
1281 1411 1449 1465 αὐτό.

291 1520 401 1583 Καὶ
432 1520 641 1591 ἑτέρως
670 1520 731 1575 δὲ
762 1520 925 1576 πάλιν
971 1522 1177 1577 ἀνιόντι
1204 1522 1283 1593 τῷ
1308 1522 1452 1595 λόγῳ
1489 1524 1794 1582 συνάγεισιν

223 1613 254 1665 6
321 1610 431 1664 ἀπὸ
476 1610 587 1665 τῶν
655 1610 777 1666 κατ’
831 1612 1033 1686 ἀρετὴν
1071 1612 1288 1683 τρόπων
1329 1612 1430 1682 τῆς
1482 1616 1795 1687 πρακτικῆς

1896 516 2003 572 que
2038 502 2247 571 impetu
2288 508 2345 556 et
2376 508 2527 556 motu
2554 510 2851 565 carentem,
2898 517 3008 571 quo
3066 502 3301 558 maxime
3334 520 3464 574 pro-

1897 594 2144 663 perabat,
2180 609 2280 663 per
2307 608 2526 648 omnem
2564 593 2836 647 rationem
2891 608 2954 647 ac
2983 593 3205 648 modum
3251 609 3465 650 assum-

1898 692 2046 753 ptus,
2109 699 2141 737 a
2198 683 2595 738 comitantibus
2655 683 2826 738 veluti
2879 684 3087 756 angelis
3135 685 3461 755 quibusdam

1896 773 2253 842 providentiae
2281 774 2337 828 in
2397 774 2564 829 rebus
2601 774 2993 831 exsistentibus
3037 776 3343 831 rationibus
3392 777 3462 830 ad

1899 865 2293 936 excipientium
2340 865 2699 921 ineﬂ'abilium
2757 866 3043 937 theologia:
3076 868 3351 922 rationum
3398 883 3462 923 ac

1896 958 2282 1030 mysteriorum
2308 958 2587 1029 regionem
2614 958 2940 1025 subductus,
2987 966 3043 1013 et
3074 959 3305 1031 singulis
3334 959 3463 1030 qui-

1896 1051 2108 1119 busque
2131 1047 2398 1119 gradatim
2456 1048 2871 1103 aseensionibus
2896 1049 3071 1121 magis
3114 1052 3170 1105 in
3226 1050 3463 1127 sublime

1876 1140 2086 1195 levans
2106 1137 2508 1193 intellectuales
2562 1137 2757 1192 animte
2781 1146 2970 1208 portas
3012 1139 3080 1193 ad
3137 1141 3464 1196 Sermonem

1900 1229 2277 1302 recipiendum
2305 1227 2573 1283 divinum.

2287 1409 2410 1465 Alia
2430 1411 2486 1464 in
2517 1409 2656 1463 idem
2684 1408 3076 1480 contemplatio.

1969 1526 2147 1595 Atque
2173 1522 2334 1578 aliter
2368 1537 2561 1576 rursus
2587 1520 2909 1576 Sermonem
2946 1523 3243 1576 comitatur
3269 1536 3464 1576 ascen-

1896 1615 2116 1671 dentem
2147 1614 2292 1684 quia
2319 1612 2576 1683 practicm
2607 1609 2974 1681 pltilOSOphim
3003 1609 3307 1666 secundum
3345 1612 3463 1665 vir-

224 1702 540 1773 φιλοσοφίας
618 1700 812 1774 ὥσπερ
903 1703 1015 1757 ἀπό
1077 1719 1224 1766 τινος
1294 1703 1401 1773 γῆς
1477 1704 1556 1768 είς
1640 1722 1796 1772 τινας

1908 1714 2069 1762 tutem
2097 1705 2274 1760 modis
2301 1703 2458 1774 quasi
2496 1718 2527 1757 a
2562 1711 2707 1757 terra
2734 1700 2969 1771 quadam
3000 1700 3056 1755 in
3099 1702 3267 1756 caelos
3294 1717 3467 1770 quos-

224 1795 488 1865 οὑρανοὺς
552 1794 683 1859 τοὺς
738 1795 881 1848 κατὰ
946 1793 1178 1864 Θεωρίαν
1241 1794 1643 1864 πνευματικοὺς
1694 1797 1796 1869 τῆς

1908 1797 2023 1853 iam
2053 1796 2354 1851 secundum
2381 1793 2900 1863 contemplationem
2925 1791 3241 1861 spirituales
3279 1792 3468 1861 cogni-

223 1884 478 1954 γνώσεως
503 1884 583 1956 τῷ
632 1884 969 1949 ἀνατατικῶς
996 1884 1207 1938 ἕλκοντι
1237 1883 1368 1959 θείῳ
1393 1886 1794 1959 συνυψούμενος

226 1976 406 2050 Λόγῳ.
1506 1978 1515 1981 ’

567 2152 754 2208 Ἄλλο
783 2154 1054 2225 θεώρημα
1077 2156 1161 2225 εὶς
1193 2158 1260 2213 τὸ
1287 2161 1455 2215 αὐτό.

293 2263 404 2318 Καὶ
437 2263 845 2335 μυστικώτερον
884 2267 963 2321 ἔτι
1015 2270 1144 2340 περὶ⁵
1192 2271 1398 2327 τούτων
1434 2273 1627 2338 εἰπεῖν,
1655 2275 1683 2327 ὁ
1710 2271 1801 2328 δυ·
1850 2258 1853 2262 ’

224 2353 456 2424 νάμενος
481 2353 589 2407 ἀπὸ
612 2355 716 2423 τῆς
748 2358 888 2411 κατὰ
911 2358 1011 2430 τὴν
1058 2362 1372 2434 οἰκονομίαν
1398 2362 1671 2433 γνώσεως,
1707 2365 1801 2434 ἀφ’

225 2436 293 2512 ἦς
325 2443 354 2495 6
380 2441 483 2511 τῆς
514 2442 718 2515 σαρκὸς
740 2442 832 2515 τοῦ
864 2446 1040 2515 Λόγου
1083 2450 1287 2520 κόσμος
1313 2450 1503 2519 γέγονε
1538 2451 1687 2521 παρὰ
1725 2451 1803 2523 τῷ

1896 1888 2066 1943 tionis
2117 1902 2223 1942 una
2276 1900 2401 1940 cum
2429 1883 2695 1941 Sermone
2744 1883 2932 1939 divino
2964 1885 3020 1939 in
3073 1882 3303 1939 sublime
3334 1897 3465 1937 eve-

1897 1979 2072 2034 hitur.

2267 2161 2390 2217 Alia
2433 2163 2489 2214 in
2521 2161 2660 2215 idem
2700 2157 3093 2231 contemplatio.

1966 2278 2142 2349 Atque
2182 2286 2243 2333 ut
2264 2277 2430 2332 etiam
2454 2275 2624 2347 magis
2663 2274 2891 2347 mystice
2918 2274 2985 2330 de
3014 2273 3103 2328 bis
3138 2272 3339 2339 dicam,
3370 2272 3463 2342 qui

1898 2386 1929 2425 a
1958 2370 2270 2442 cognitione
2301 2368 2601 2425 secundum
2633 2367 3123 2438 dispensationem,
3157 2364 3303 2420 unde
3344 2380 3467 2419 car-

1898 2462 1988 2518 nis
2022 2461 2306 2517 Sermonis
2355 2460 2596 2516 mundus
2644 2459 2788 2530 apud
2817 2461 3031 2515 Patrem
3062 2456 3237 2512 factus
3260 2466 3366 2515 est.
3408 2455 3464 2508 in

224 2533 426 2626 Πατρὶ,
469 2532 550 2595 είς
578 2534 679 2626 τὴν
861 2536 972 2607 πρὸ
1019 2536 1116 2592 τοῦ
1160 2539 1251 2593 τὸν
1297 2540 1501 2609 κόσμον
1543 2542 1643 2614 τῆς
1701 2540 1797 2597 τοῦ

1908 2553 2284 2626 cogitationem
2311 2552 2515 2623 gloriae,
2550 2559 2842 2620 antequam
2892 2547 3132 2604 mundus
3183 2543 3466 2602 Sermonis

229 2624 405 2692 Λόγου
426 2623 754 2695 σαρκώσεως
781 2620 921 2679 εἶναι
944 2628 1091 2699 παρὰ
1117 2628 1194 2700 τῷ
1221 2631 1396 2703 Πατρὶ
1414 2631 1570 2703 δόξης
1590 2633 1797 2690 ἔννοιαν

1908 2620 2168 2698 incarnati
2209 2620 2353 2713 apud
2383 2641 2597 2696 Patrem
2654 2640 2821 2696 fuerit
2848 2639 3008 2694 evehi
3034 2646 3234 2709 potest,
3270 2637 3317 2691 is
3372 2651 3464 2691 re-

227 2712 554 2783 ἀναχθῆναι,
614 2715 755 2769 κατὰ
810 2715 1069 2787 ἀλήθειαν
1114 2713 1269 2784 οὗτος
1333 2720 1662 2792 συνανῆλθεν
1719 2723 1797 2787 είς

1908 2748 2030 2792 vera
2057 2748 2166 2788 una
2193 2733 2250 2788 in
2283 2732 2453 2788 cmlos
2475 2732 2723 2787 ascendit
2762 2717 2887 2786 cuin
2917 2730 3031 2785 Deo
3066 2744 3129 2785 ac
3174 2728 3461 2791 Sermone,

229 2804 494 2898 οὐρανοὺς
519 2803 597 2875 τῷ
612 2805 694 2898 Αδΰ
731 2805 896 2861 αὐτὸν
930 2809 1023 2862 ἐπὶ
1057 2813 1159 2881 γῆς
1211 2811 1522 2867 κατελθόντι
1549 2812 1667 2885 Θεῷ
1702 2814 1797 2868 καὶ

1908 2826 1993 2898 qui
2022 2824 2196 2896 ipsius
2217 2839 2382 2880 causa
2406 2824 2460 2878 in
2485 2833 2687 2878 terram
2710 2821 3109 2888 descenderat,
3133 2818 3466 2891 cognitionis

228 2897 405 2966 Λόγῳ,
441 2896 738 2968 πληρώσας
773 2899 874 2970 τῆς
905 2900 1212 2972 ἀνθρώποις
1244 2906 1501 2976 χωρητῆς
1534 2905 1676 2959 κατὰ
1706 2904 1797 2959 τὸν

1908 2896 1997 2986 qui
2020 2915 2126 2970 hoc
2151 2929 2268 2969 aevo
2297 2912 2617 2968 hominibus
2646 2926 2943 2967 concessus
2981 2919 3068 2966 est
3095 2908 3320 2964 modulo
3356 2909 3464 2964 im-

230 2988 403 3042 αἰῶνα
450 2987 639 3042 τοῦτον
676 2988 937 3077 γνώσεως
978 2992 1040 3047 τὸ
1090 2994 1310 3066 μέτρον,
1354 2996 1450 3049 καὶ
1506 2996 1797 3067 γενόμενος

1908 3006 2070 3077 pleto,
2099 3005 2155 3060 in
2182 3012 2390 3061 tantum
2413 3002 2588 3058 factus
2610 3002 2776 3067 Deus,
2805 3001 2861 3056 in
2877 3009 3140 3071 quantum
3162 3000 3252 3054 ille
3275 2999 3460 3063 homo,

226 3077 478 3132 τοσοῦτον
506 3077 639 3142 Θεὸς
669 3076 794 3133 ὅσον
833 3081 1038 3148 ἐκεῖνος
1082 3084 1388 3155 ἄνθρωπος,
1416 3083 1494 3155 τῷ
1518 3085 1797 3156 ὑψωθῆναι

1908 3112 1969 3153 eo
1995 3096 2144 3167 quod
2171 3096 2227 3149 in
2255 3103 2468 3150 tantum
2514 3093 2719 3149 divinis
2742 3091 3159 3147 ascensionibus
3179 3090 3274 3144 Dei
3299 3103 3462 3144 causa

227 3167 480 3223 τοσοῦτον
525 3171 647 3231 ταῖς
693 3169 866 3235 θείαις
913 3173 1209 3228 ἀναδάσεσι
1255 3174 1344 3229 διὰ
1366 3177 1468 3236 Ϊτὸν
1495 3176 1647 3243 Θεὸν,
1673 3178 1797 3232 ὅσον

1908 3196 1986 3243 est
2008 3158 2300 3254 exaltatus,
2330 3186 2386 3240 in
2418 3192 2687 3256 quantum
2730 3183 2971 3239 hominis
3017 3197 3181 3238 causa
3211 3182 3354 3237 Deus
3393 3181 3462 3235 ad

228 3259 318 3312 διὰ
365 3260 457 3312 τὸν
512 3259 795 3331 ἄνθρωπον
842 3264 870 3316 6
916 3264 1049 3326 Θεὸς
1111 3266 1250 3337 πρὸς
1299 3268 1360 3322 τὸ
1411 3267 1640 3340 ἔσχατον
1694 3268 1795 3340 τῆς

1908 3287 2104 3335 nosn'ae
2140 3286 2352 3334 natura:
2372 3293 2546 3348 usque
2584 3264 2983 3332 extremitatem
3005 3274 3337 3341 exinanitus,
3365 3272 3461 3329 sed

229 3350 503 3495 ζιμξτέρας
537 3350 748 3421 φύσεως
771 3353 962 3411 ἑαυτὸν
981 3356 1266 3429 ἀτρέπτως
1293 3360 1536 3426 κενώσας
1566 3359 1797 3433 κατελή-

248 3462 291 3495 .υ
328 3459 406 3495 εν.

1908 3370 2105 3427 nullam
2131 3370 2567 3427 immutationem
2599 3383 2814 3440 passus,
2862 3367 3179 3422 devenerat.

248 3459 406 3499 ιυυεν.

1793 3540 1893 3585 Γ...

231 3620 346 3677 Τοῦ
373 3618 584 3686 αὑτοῦ,
609 3618 680 3675 ἐκ
709 3620 816 3678 τοῦ
830 3594 918 3691 είς
942 3624 1057 3694 τὴν
1082 3626 1310 3697 Καινὴν
1337 3630 1646 3701 Κυριακὴν
1672 3582 1797 3689 λόλ

1908 3635 2156 3708 Ejusdem
2185 3649 2249 3688 ea:
2269 3647 2509 3688 sermone
2535 3626 2591 3686 in
2618 3628 2822 3685 Novam
2834 3623 3185 3690 Dominicam,
3211 3624 3267 3677 in
3291 3621 3460 3676 illud:
3560 3610 3569 3636 ⁵

297 3729 428 3781 του,
465 3714 555 3778 εις
614 3713 705 3766 τό*
733 3731 752 3766 ι
795 3714 1210 3784 Ἐγκαινίζεται
1254 3718 1324 3772 δὲ
1357 3721 1395 3789 ἡ
1446 3721 1648 3790 σκηνὴ
1689 3723 1797 3779 τοῦ

1974 3745 1994 3779 ι
2015 3726 2308 3782 Innovatur
2333 3739 2455 3778 uero
2476 3719 2877 3776 tabernaculum
2912 3717 3218 3781 testimonii,
3268 3722 3317 3768 et
3345 3714 3464 3783 qui-

294 3804 639 3872 μαρτυρίου,
665 3801 764 3856 καὶ
785 3804 928 3857 λίαν
955 3806 1326 3873 πολυτελῶς,
1353 3809 1433 3877 ἣν
1471 3812 1617 3877 Θεὸς
1643 3825 1793 3882 παρ-

1963 3817 2081 3870 dem
2108 3812 2399 3884 magniﬁcis
2420 3810 2731 3881 sumptibus,
2765 3807 2903 3879 quod
2943 3806 3083 3861 Deus
3137 3803 3380 3871 ostendit,
3408 3812 3463 3857 et

294 3896 506 3961 ἐδειξε,
540 3897 663 3950 καιο
700 3894 1012 3967 Βεσελεὴλ
1048 3898 1362 3957 ἐτελείωσε
1393 3902 1494 3960 καὶ
1529 3905 1792 3977 Μωῦσῆς

1962 3902 2191 3962 Beseleel
2212 3903 2451 3975 confecit,
2476 3911 2524 3957 et
2552 3900 2752 3973 Moyses
2779 3896 2917 3968 ﬁxit.
2944 3917 2962 3950 ι

293 3984 557 4054 ἐπήξατο
583 3986 715 4059 (57).
757 4003 779 4039 ι

296 4094 639 4166 Πολύτροπον
678 4096 806 4151 ὄντα
846 4098 941 4152 τὸν
967 4100 1109 4155 κατὰ
1133 4100 1232 4174 τὴν
1269 4106 1472 4178 σκηνὴν
1522 4109 1795 4179 ἀναγωγι-

1963 4106 2246 4179 Mysticam
2292 4104 2361 4159 de
2414 4101 2768 4158 tabernaculo
2826 4096 3309 4168 contemplationis
3365 4110 3456 4149 ra-

226 4183 321 4236 κὸν
358 4185 459 4253 τῆς
490 4185 722 4255 θεωρίας
751 4188 908 4265 λόγον
936 4190 1029 4244 ἐπὶ
1058 4192 1154 4245 τοῦ
1182 4194 1450 4266 παρόντος
1492 4196 1569 4263 ὡς
1602 4200 1793 4256 ἐλαϐεν

1908 4197 2062 4252 .ionis
2087 4194 2408 4250 varietatem
2440 4190 2933 4263 impraesentiarum
2977 4186 3253 4257 quomodo
3278 4186 3455 4242 inter-

226 4275 389 4328 αὐτὸν
417 4277 445 4328 6
475 4276 797 4342 διδάσκαλος
847 4280 941 4333 καὶ
987 4282 1149 4352 ἡμεῖς
1202 4285 1569 4359 θεωρήσωμεν
1601 4290 1786 4348 αὐτόν,
1888 4294 2139 4359 pretatus
2195 4285 2268 4341 sit
2320 4285 2534 4348 doctor,
2586 4296 2688 4336 nos
2740 4294 2960 4350 quoque
2997 4277 3453 4348 contemplemur.

224 4364 404 4437 Σκηνὴ
477 4367 766 4438 τοιγαροῦν
814 4368 908 4423 τοῦ
970 4374 1275 4445 μαρτυρίου
1321 4374 1355 4448 ἡ
1410 4381 1791 4453 μυστηριώδης

1908 4378 2329 4436 [‘abernaculum
2357 4375 2525 4446 igitur
2550 4372 2852 4429 testimonii
2893 4371 3183 4442 mysticum
3222 4379 3308 4424 est
3358 4370 3457 4424 Dei

221 4454 372 4507 ἐστὶν
393 4456 672 4527 οἰκονομία
698 4460 796 4530 τῆς
820 4461 912 4514 τοῦ
932 4461 1269 4533 Θεοῦᾏόγου
1300 4467 1652 4539 σαρκώσεως,
1673 4474 1739 4544 ἢν
1757 4475 1786 4528 6

1908 4471 2169 4528 iermonis
2214 4466 2609 4523 incarnationis
2636 4464 2948 4527 consilium,
2976 4462 3124 4534 quod
3145 4463 3291 4517 Deus
3324 4475 3457 4530 pro-

372 4548 463 4600 καὶ
486 4547 671 4620 Πατὴρ
700 4550 996 4621 εὐδοκήσας
1019 4555 1324 4625 παρέδειξε,
1353 4560 1446 4612 καὶ
1474 4561 1535 4613 τὸ
1565 4563 1790 4635 Πνεῦμα

1908 4568 2027 4620 fans
2047 4557 2291 4618 ostendit
2322 4569 2486 4630 atque
2516 4566 2739 4615 sanctus
2765 4557 3003 4627 Spiritus
3027 4570 3126 4626 per
3150 4552 3454 4623 sapientem

217 4633 280 4686 1:6
307 4633 461 4703 ἅγιον
474 4636 562 4690 διὰ
586 4636 680 4691 τοῦ
711 4638 876 4707 σοφοῦ
898 4640 1163 4711 Βεσελεὴλ
1193 4647 1636 4718 προτυπούμενον
1661 4633 1788 4705 συν-

1908 4654 2128 4710 3e$eleel
2158 4652 2566 4723 praeformatum
2603 4650 2868 4721 adjuvans
2912 4647 3162 4718 perfecit,
3189 4654 3245 4700 et
3292 4645 3459 4698 intel-

218 4727 462 4796 εργῆσαν
490 4727 796 4797 ἐτελείωσε,
826 4732 921 4783 καὶ
938 4732 967 4782 6
985 4733 1174 4800 νοητὸς
1208 4735 1451 4807 Μωῡσῆς
1477 4741 1505 4791 6
1532 4739 1626 4793 τοῦ
1650 4743 1786 4796 Θεοῦ

1908 4746 2138 4801 ectualis
2168 4744 2377 4815 Moyses
2395 4742 2489 4797 Dei
2513 4756 2577 4797 ac
2598 4740 2777 4796 Patris
2800 4739 3119 4811 unigenitus
3158 4735 3331 4791 Filius
3357 4748 3457 4803 per

217 4818 316 4869 καὶ
345 4818 562 4888 Πατρὸς
591 4821 886 4891 μονογενὴς
909 4821 1035 4885 Υίὸς
1057 4823 1422 4896 αὐτούργησε,
1450 4828 1547 4900 τὴν
1570 4832 1785 4903 ἀνθρω-

1908 4852 2007 4892 ιθεο
2031 4842 2290 4906 operatus
2318 4841 2424 4897 est,
2447 4847 2571 4887 cum
2593 4832 2888 4886 humanam
2916 4837 3169 4885 naturam
3198 4825 3456 4881 substan-

219 4906 387 4975 πίνην
425 4907 589 4977 φύσιν
619 4910 691 4979 ⁸έν
744 4908 925 4982 ἑαυτῷ
971 4912 1285 4986 πηξάμενος
1332 4916 1522 4973 ένώσει
1563 4920 1631 4992 τῇ
1660 4922 1784 4977 καθ’

215 4997 533 5052 ὑπόστασιν.
904 5026 909 5035 ν

1908 4928 2007 4983 iali
2030 4926 2281 4983 unitione
2309 4925 2365 4980 in
2388 4940 2447 4980 se
2471 4924 2643 4978 tinxit.

253 5012 462 5053 ποστασ
464 5016 533 5054 ιν.
904 5026 909 5035 '

2940 4981 2971 4990 .-

1813 5139 1880 5155 —

530 5190 719 5246 Ἀλλο
745 5191 834 5260 εις
874 5190 942 5247 τό
977 5194 1124 5249 αὐτὸ
1158 5194 1441 5268 θεώρημα.

2268 5202 2393 5260 Alia
2420 5207 2477 5259 in
2510 5202 2643 5256 idem
2673 5198 3064 5270 contemplatio.

1961 5320 2067 5377 Sed
2096 5320 2261 5376 etiam
2293 5320 2563 5374 universa:
2593 5313 2926 5371 conditionis
2958 5320 3017 5368 et
3067 5310 3455 5368 intellectualis

1891 5422 1949 5468 et
1974 5412 2254 5468 sensibilis
2284 5413 2463 5483 imago
2491 5419 2576 5466 est
2635 5407 3074 5471 tabernaculum,
3118 5403 3268 5477 quod
3306 5402 3455 5460 Deus

286 5302 434 5374 Πλὴν
461 5301 543 5358 δτι
576 5304 671 5358 καὶ
697 5304 799 5375 τῆς
824 5304 951 5376 ὅλης
981 5302 1214 5373 κτίσεως
1251 5313 1446 5383 νοητῆς
1476 5331 1535 5368 τε
1570 5316 1666 5371 καὶ
1696 5320 1782 5373 at-

213 5396 423 5468 σθητῆς
453 5399 602 5451 ἐστιν
632 5397 797 5451 εἰκὼν
836 5400 873 5469 ὴ
899 5400 1097 5470 σκηνὴ,
1152 5402 1218 5471 ἣν
1270 5404 1299 5455 ό
1339 5404 1470 5470 Θεὸς
1520 5411 1613 5462 καὶ
1677 5412 1785 5465 Πα-

283 5524 314 5554 ιι
349 5511 522 5571 Exod.
554 5528 735 5580 xxxvi,
767 5515 791 5569 Ι
823 5524 880 5571 et
925 5515 1149 5586 passim.

284 5633 399 5705 (57)
434 5633 606 5690 Idem.
659 5633 749 5690 0r.
805 5637 860 5689 in
905 5634 1109 5690 Novam
1156 5630 1504 5701 Dominicam,
1551 5649 1671 5708 cap.
1722 5637 1777 5708 2,
1817 5656 1871 5712 ρ.
1906 5642 2029 5711 85θ,
2061 5652 2191 5699 tom.
2226 5643 2246 5699 Ι
2278 5641 2416 5714 Opp.
2453 5642 2585 5698 edit.
2618 5643 2820 5698 Bencd.

573 5724 841 5785 Parnm"
887 5726 997 5785 Gn.
1056 5727 1201 5785 XCI.

2512 5754 2531 5769 ι-
3037 5732 3119 5792 Ms
