3946 6206
544 248 697 314 ⁷1387
1694 240 1756 301 S.
1790 238 2078 299 ΜΑΧῙΜΙ
2119 243 2134 298 ί

2223 238 2630 300 NFESSORIS
3568 258 3654 326 ηδε

558 371 613 418 et
632 362 795 416 Pater
826 366 1086 429 tanquam
1144 369 1301 409 meus
1342 351 1624 424 cogitavit,
1689 357 1747 406 et
1798 350 1970 405 Filius
2001 358 2123 405 tan-

2227 351 2333 422 τὴρ
2394 346 2483 405 οἷα
2513 350 2638 410 νοῦς
2676 351 2924 421 ὶνενόησε
2947 391 2964 417 ,
3020 354 3108 408 καὶ
3135 356 3160 409 ό
3192 356 3302 421 Υἱὸς
3339 356 3412 413 οἶα
3437 361 3556 429 λόγος
3582 370 3658 437 ειη.

556 467 721 522 quam
756 464 938 505 sermo
975 454 1234 518 operatus
1259 453 1364 510 est,
1394 452 1451 500 et
1480 443 1720 513 Spiritus
1763 451 1984 497 sanctus
2009 457 2133 511 per-

2238 443 2564 515 μιούργησε,
2609 444 2704 498 καὶ
2757 444 2820 498 τὸ
2877 444 3094 516 Πνεῦμα
3156 448 3213 501 τὸ
3264 449 3399 517 ἆγιον
3448 454 3659 515 ἐτελείωσε.

555 537 705 593 fecit.
733 538 913 606 Atque
941 549 1133 589 rursus
1156 532 1390 589 visibilis
1413 532 1586 595 solius
1624 538 1835 585 natura:
1864 546 1927 585 ac
1958 529 2130 585 solius

2241 534 2260 601 (
2286 532 2445 603 253
2476 531 2543 602 b)
2577 532 2685 586 Kal.
2713 532 2871 596 αὖθις
2899 534 2995 602 τῆς
3048 537 3292 605 αἰσθητῆς
3334 540 3472 612 μόνης
3494 544 3662 615 etiam,

554 627 802 683 hominis
826 643 890 682 ex
916 642 1149 696 corpore
1189 634 1246 681 et
1272 625 1454 679 anima
1503 622 1829 685 constantis,
1858 630 1915 676 et
1957 621 2128 676 solius

2231 625 2329 677 καὶ
2377 624 2539 694 μόνου
2618 623 2713 677 τοῦ
2769 623 3052 695 ἀνθρώπου
3119 627 3208 680 τοῦ
3267 632 3324 681 ὲκ
3375 631 3518 701 ψυχῆς
3569 636 3664 701 ὂντυς

554 735 747 775 rursus
793 720 1004 774 animae
1063 734 1229 788 quam
1276 733 1376 788 per
1430 716 1667 787 seipsam
1725 713 2130 783 contemplatur

2233 715 2329 769 καὶ
2381 714 2652 785 σώματος,
2702 715 2795 768 καὶ
2849 715 3013 787 μόνης
3063 716 3129 770 αὖ
3166 718 3257 788 τῆς
3294 719 3447 790 ψυχῆς
3480 723 3665 779 καθ’ὲαυ-

556 796 767 875 sermo,
810 811 990 881 imago
1022 809 1436 864 tabernaculum
1479 815 1585 870 est,
1616 815 1923 878 spectatum
1974 805 2130 860 vide-

555 903 685 957 licet
710 902 1013 957 secundum
1044 902 1315 957 rationem
1357 899 1658 970 unicuique
1685 897 2129 953 convenientem.

2237 805 2336 878 τὴν
2398 806 2474 872 τῷ
2519 806 2661 875 λόγῳ
2709 806 3108 878 Θεωρουμένης,
3149 809 3288 862 ἐστὶν
3328 810 3510 881 εἰκὼνή
3538 817 3665 884 σκηνὴ,

2236 896 2381 950 κατὰ
2431 897 2523 950 τὸν
2582 896 2802 967 ἑκᾶστῳ
2869 898 3136 975 πρέποντα
3184 897 3366 969 δηλαδὴ
3421 900 3666 973 θεωρουμένη

2239 988 2418 1058 λόγον.

2252 1172 2346 1225 Ἐκ
2380 1170 2485 1226 τοῦ
2514 1171 2702 1225 αὐτοῦ
2728 1170 2937 1239 ⁵λόγου,
2963 1171 3048 1236 εις
3070 1170 3152 1224 τόο
3192 1188 3210 1221 ι
3230 1170 3570 1239 Ἐγκαιγίζεται
3587 1172 3668 1242 lii)

2302 1262 2597 1326 ,βασιλεία
2622 1260 2802 1314 Δαϐίδ
2823 1300 2837 1325 ,
2862 1260 2960 1313 καί
2992 1261 3100 1328 οὐχ
3138 1259 3307 1322 ἅπαξ,
3338 1260 3473 1313 ἀλλὰ
3511 1263 3668 1329 χριομέ-

2306 1369 2417 1405 νου
2443 1351 2510 1405 τὸ
2542 1353 2856 1420 πρότερον,
2887 1352 2987 1405 καὶ
3016 1351 3484 1421 ἀναγορευομένου
3513 1351 3563 1404 τὸ
3584 1352 3668 1406 bai-

2303 1459 2479 1511 τερον
2510 1442 2643 1515 (58).
2682 1462 2702 1495 ι

555 1177 639 1231 Ex
670 1177 852 1231 eodem
879 1192 1141 1240 sermone,
1170 1176 1224 1228 in
1245 1175 1382 1229 illud
1423 1191 1440 1228 :
1486 1192 1504 1224 ι
1526 1172 1823 1227 Innovatur
1855 1182 2031 1227 autem
2060 1188 2134 1227 rc-

623 1289 785 1343 gnum
806 1271 996 1334 David,
1015 1286 1183 1340 neque
1204 1270 1259 1323 id
1279 1269 1463 1334 semel,
1482 1269 1574 1323 sed
1596 1270 1741 1338 prius
1766 1286 1884 1323 cum
1910 1284 2132 1339 ungere-

626 1374 734 1428 tur,
765 1381 826 1415 ac
846 1369 1027 1432 postea
1051 1378 1169 1414 cum
1198 1376 1291 1414 rex
1308 1359 1635 1415 salutaretur
1658 1369 1707 1414 τ.
1731 1378 1749 1411 ι

624 1556 748 1611 Pari
772 1555 935 1611 modo
952 1569 1210 1626 magnum
1236 1553 1499 1617 Davidem
1524 1568 1743 1625 quoque
1801 1552 2126 1622 prophetam

2318 1551 2557 1622 Ὁμοίως
2591 1553 2687 1606 καὶ
2724 1551 2818 1606 τὸν
2851 1551 3027 1623 μέγαν
3054 1550 3211 1606 Δαϐὶδ
3248 1551 3334 1604 τδν
3373 1520 3597 1621 προφήτην
3614 1550 3672 1602 καὶ

555 1659 722 1719 atque
756 1664 960 1718 regem,
986 1655 1220 1718 augusto
1251 1646 1558 1716 spiritualis
1584 1660 1778 1700 sensus
1814 1660 1880 1699 ac
1911 1643 2128 1715 mystici

2237 1641 2463 1713 βασιλέα
2485 1680 2500 1707 ,
2529 1642 2869 1714 πολύσεμνον
2911 1641 3104 1711 ἔχοντα
3134 1642 3221 1695 τὸν
3253 1641 3334 1714 ἐπ’
3363 1640 3489 1710 αὖτῷ
3513 1640 3585 1708 τῆς
3614 1642 3672 1693 ἀν-

554 1741 774 1796 nomine
824 1751 1101 1802 ornatum,
1153 1753 1263 1808 quo
1313 1752 1441 1791 eum
1471 1737 1526 1790 in
1559 1736 1813 1806 przesenti
1847 1736 1969 1791 loco
2019 1751 2133 1791 ma-

2236 1734 2463 1805 αγωγῆς
2506 1732 2688 1802 λόγον,
2738 1734 2862 1788 καθ’
2897 1732 2957 1787 ὃν
2992 1733 3082 1787 ἐπὶ
3128 1731 3216 1785 τοῦ
3262 1733 3496 1802 παρόντος
3530 1731 3673 1784 uitiati

555 1832 725 1903 gister
757 1830 1160 1899 contemplatus
1208 1838 1312 1894 est,
1337 1844 1439 1883 nos
1502 1843 1721 1898 quoque
1770 1827 2124 1897 accipiamus.

2234 1825 2555 1891 διδάσκαλος
2582 1825 2883 1898 ἐθεώρησε,
2912 1829 3010 1880 καὶ
3050 1827 3206 1895 ἡμεῖς
3236 1823 3547 1893 ὲκδεξώμεθα.
3572 1822 3674 1875 Δαεῶ

553 1922 727 1978 David
759 1921 925 1992 igitur
952 1920 1339 1975 intellectualis
1367 1928 1452 1974 est
1468 1934 1633 1975 verus
1665 1934 1761 1973 rex
1800 1919 2018 1973 lsraelis
2070 1924 2129 1973 et

2235 1915 2415 1971 τοίνυν
2448 1916 2566 1969 ἐστὶ
2597 1915 2787 1985 νοητὸς
2819 1917 2848 1968 ό
2879 1915 3133 1984 ἀληθινὸς
3162 1913 3395 1984 βασιλεὺς
3420 1912 3494 1965 τοῦ
3527 1912 3669 1983 Ὶσριὴὶ

555 2016 728 2069 Deum
753 2011 994 2067 videntis
1011 2012 1175 2067 Jesus
1217 2010 1492 2074 Christus,
1540 2026 1641 2080 pro
1679 2009 1869 2079 priore
1904 2008 2129 2079 quidem

2235 2004 2332 2057 καὶ
2379 2004 2613 2076 ὁρῶντος
2650 2005 2784 2059 Θεὸν
2825 2004 3040 2076 Ἰησοῦς
3080 2005 3336 2076 Χριστὸς,
3361 2003 3481 2057 κατά
3520 2003 3590 2073 μὲν
3616 2004 3675 2070 τὴν

557 2121 659 2161 suo
689 2105 931 2160 adventu
954 2103 1320 2157 humanitatis
1362 2102 1623 2173 opinione
1678 2111 1902 2169 unctus,
1939 2110 2000 2156 ut
2025 2102 2129 2156 do-

2227 2093 2452 2165 πρὼτην
2479 2095 2645 2150 αὑτοῦ
2671 2096 3013 2166 παρουσίαν,
3050 2098 3116 2166 τῇ
3148 2094 3349 2163 ἐπινοίᾳ
3372 2094 3455 2162 τῆς
3484 2091 3676 2161 ἀνθρωπό-

558 2207 679 2255 ctor
707 2197 842 2252 alibi
861 2191 964 2261 ait,
984 2195 1389 2250 humanitatem
1430 2209 1647 2265 ungens
1678 2194 1910 2259 deitate,
1943 2204 1999 2249 et
2046 2193 2128 2248 fa-

2225 2203 2388 2256 τητος
2435 2186 2750 2258 χριόμενος,
2786 2187 2979 2257 ὥσπερ
3019 2186 3246 2256 ἀλλαχοῦ
3309 2182 3678 2254 φησινόδιδάσκι-

558 2291 713 2346 ciens
732 2288 886 2360 quod
942 2294 1331 2358 unguentum:
1381 2300 1483 2355 pro
1510 2286 1687 2340 altero
1732 2300 1867 2339 vero
1894 2292 1949 2340 et
1989 2300 2131 2355 pra:-

2228 2275 2353 2340 λος,
2414 2278 2610 2347 χρίσας
2661 2278 2762 2349 τὴν
2820 2278 3214 2347 ἀνθρωπότητα
3267 2278 3329 2347 τῇ
3384 2275 3572 2342 θεότητι,
3619 2272 3679 2360 ut

558 2382 710 2437 claro
746 2358 1012 2445 adventu,
1058 2388 1123 2434 ut
1149 2380 1295 2435 Deus
1320 2390 1378 2434 et
1422 2378 1689 2433 Dominus
1727 2385 1895 2446 atque
1949 2376 2131 2431 omnis

2227 2364 2460 2433 ποιήσας
2488 2365 2624 2436 ὅπερ
2650 2365 2713 2418 τὸ
2738 2365 2953 2435 χρίσαν·
2990 2366 3128 2420 κατὰ
3161 2367 3216 2418 δὲ
3237 2364 3328 2435 τὴν
3350 2363 3561 2432 δευτέραν
3576 2358 3679 2412 αὐτοῦ

558 2472 894 2530 conditionis
912 2487 1009 2528 rex
1030 2480 1085 2528 et
1108 2472 1384 2549 exsistengs
1407 2479 1463 2527 et
1494 2469 1826 2541 appellatus.

2226 2454 2323 2508 καὶ
2353 2453 2559 2519 ἔνδοξον
2612 2456 2954 2525 ἐπιφάνειαν,
3012 2457 3088 2519 ὠς
3146 2456 3271 2519 Θεὸς
3319 2454 3404 2507 καὶ
3450 2452 3604 2521 Κύριος
3624 2446 3681 2501 καὶ

2231 2545 2411 2616 πάσης
2462 2547 2688 2611 κτίσεως
2735 2548 3013 2618 βασιλεὺς,
3071 2549 3165 2603 καὶ
3215 2547 3447 2618 ὑπάρχων
3484 2544 3559 2597 καὶ
3601 2544 3681 2596 ἁνα-

2231 2637 2590 2710 γορευόμενος
2618 2639 2753 2711 (59).

552 2817 626 2875 -Ὶη
659 2822 975 2888 praesentem
1004 2832 1297 2870 sermonem
1330 2827 1452 2870 sunt
1486 2819 1578 2887 qui
1610 2826 1854 2886 quierunt
1883 2816 2132 2871 dicentes:

2241 2819 2345 2883 Εἰς
2376 2816 2481 2872 τὸν
2502 2819 2770 2886 παρόντα
2796 2819 2985 2889 λόγον
3010 2818 3172 2882 τινὲς
3208 2812 3474 2882 ἀποροῦσι
3501 2809 3683 2879 φάσκον-

638 2929 656 2962 ι
683 2907 823 2975 Quid
844 2907 1059 2963 tandem
1087 2908 1262 2961 dicens
1289 2909 1542 2979 magister
1578 2906 1975 2962 resurrectionis
1997 2909 2132 2963 diem

2312 2923 2430 2973 τες,
2453 2905 2555 2962 ,Τι
2574 2908 2797 2976 δήποτε
2820 2908 3026 2979 φήσας
3069 2911 3101 2963 ό
3139 2906 3476 2969 διδάσκαλος
3498 2899 3685 2992 ὑπφῲῖζ

631 3012 891 3069 superare
912 3011 1091 3050 omnes
1109 3011 1267 3066 super
1288 3004 1492 3048 terram
1548 2994 1880 3065 festivitates,
1912 3010 2015 3048 non
2044 3010 2132 3050 so-

2304 3015 2436 3052 νειν
2472 2999 2589 3067 τὴν
2617 2999 3041 3069 ἁναστάσιμον
3073 2998 3294 3067 ἡμέραν
3329 2994 3503 3057 πάσας
3527 2991 3603 3053 τὰς
3623 2986 3684 3039 ἐστι

633 3089 744 3144 lum
762 3090 1025 3142 humanas
1045 3097 1094 3140 et
1128 3088 1183 3140 in
1214 3094 1357 3139 terra
1396 3085 1624 3155 futuras,
1651 3085 1743 3140 sed
1770 3086 1882 3152 iam
1902 3085 1983 3139 vel
2018 3101 2134 3157 qua:

2306 3087 2419 3160 τῆς
2444 3088 2674 3157 ἑορτὰς,
2694 3092 2767 3143 οὑ
2784 3080 2889 3155 τάξ
2908 3087 3284 3159 ἀνθρωπικὰς
3292 3086 3463 3154 μόνον
3475 3081 3552 3134 καὶ
3572 3074 3688 3147 χαμαὶ

630 3181 797 3250 ipsius
841 3179 1036 3234 Christi
1093 3181 1201 3232 sint
1232 3188 1281 3232 et
1315 3180 1370 3231 in
1425 3176 1631 3233 Christo
1683 3188 2130 3243 consummentur,

2305 3178 2651 3249 ἐρχομένης,
2677 3180 2815 3233 ἀλλ’
2845 3179 2961 3247 ἤδη
2994 3180 3091 3233 καὶ
3130 3179 3234 3243 τὰς
3277 3173 3443 3229 αὑτοῦ
3484 3168 3568 3223 τοῦ
3602 3170 3686 3233 Χρι-

629 3266 797 3321 ueluti
833 3281 942 3320 sua:
982 3266 1146 3336 ipsius
1202 3265 1394 3320 oblitus
1447 3268 1741 3331 sententia,
1784 3269 2134 3321 encamiorum

2305 3272 2455 3325 στοῦ
2485 3272 2584 3325 καί
2613 3271 2706 3325 ἐπ’
2737 3271 2897 3337 αὐτῷ
2922 3269 3318 3339 τελουμένας,
3343 3266 3517 3331 ὥσπερ
3553 3261 3690 3314 excla-

552 3392 555 3393 ν
632 3359 774 3412 diem
803 3359 922 3412 huic
956 3359 1239 3429 prwponit,
1273 3359 1482 3412 dicens:
1533 3355 1795 3412 «Sublimi
1839 3357 2133 3422 sublimior,

2306 3364 2556 3432 θόμενος
2610 3362 2722 3431 τῆς
2769 3362 2922 3429 ιδίας
2956 3361 3336 3432 ἀποφάσεως,
3380 3357 3481 3424 τὴν
3510 3354 3601 3406 τῶν
3634 3349 3689 3416 έῖδ

634 3469 683 3512 et
712 3458 1018 3525 admirabili
1047 3457 1434 3522 admirabilior,
1455 3475 1474 3508 ι
1504 3456 1636 3510 adeo
1669 3463 1726 3509 ut
1746 3456 1867 3511 hinc
1902 3457 2001 3510 sibi
2036 3457 2136 3526 ipsi

633 3548 925 3604 adversarii
957 3549 1208 3619 magister
1231 3545 1397 3602 videri
1416 3549 1605 3617 possit.
1630 3573 1647 3599 ο

2308 3456 2558 3509 καινίων
2611 3455 2844 3525 ἡμέραν
2878 3456 3107 3521 ταύτης
3154 3452 3512 3520 ὺπερτίθησιγ
3551 3439 3686 3496 εἰπών.

2315 3565 2335 3600 ι
2387 3546 2661 3615 ’Υψηλῆς
2690 3545 3040 3615 ὑψηλοτέρα
3062 3586 3077 3610 ,
3105 3544 3201 3598 καὶ
3224 3540 3523 3609 θαυμασίας
3543 3538 3690 3599 θαυμα-

2209 3650 2216 3658 ’
2298 3639 2571 3705 σιωτέρα,
2596 3636 2677 3702 ὡς
2710 3636 2779 3689 ἐκ
2812 3636 3034 3689 τούτου
3068 3630 3418 3703 νομισθῆναι
3445 3623 3599 3689 ἐαυτῷ
3633 3636 3695 3674 xs-

2302 3730 2611 3798 ριπΙπτειν
2634 3727 2737 3781 τὸν
2761 3725 3141 3780 διδάσκαλον
3168 3725 3298 3796 (60).
3320 3747 3338 3781 ι

2308 3840 2452 3911 Πρὸς
2472 3840 2645 3894 ταῦτα
2669 3839 2913 3904 λεκτέον,
2936 3838 3015 3903 ὡς
3038 3837 3202 3901 αὐτὸς
3230 3839 3257 3890 ὁ
3283 3832 3563 3893 διδάσκαλος
3585 3831 3627 3881 ὲν
3654 3822 3699 3891 τῷ

2239 3930 2386 3999 αὐτῷ
2408 3929 2551 4001 λόγῳ
2572 3928 2761 4000 (256.
2786 3929 2840 3998 a)
2879 3929 3020 3999 μετά
3050 3928 3176 3981 τινά
3225 3941 3401 3995 φησιν·
3438 3943 3454 3975 ι
3479 3923 3540 3975 Οὐ
3576 3916 3699 3987 βούλευ

2237 4021 2326 4075 ταί
2359 4037 2417 4073 σε
2472 4021 2501 4073 ό
2555 4019 2714 4089 λόγος
2765 4018 2898 4072 ποτὲ
2946 4019 3005 4072 ὲν
3052 4019 3129 4089 τῷ
3171 4018 3315 4088 αὐτῷ
3351 4002 3702 4087 μένειν,ἁλλ’ἀεὶ

2240 4112 2460 4183 κινητὸν
2492 4107 2654 4175 εἶναι,
2689 4110 2999 4182 εὐκίνητον,
3027 4112 3247 4174 πάντως
3270 4109 3545 4162 νεόκτιστον
3569 4098 3700 4183 (61).t

2242 4180 2452 4274 Ὥσπερ
2482 4197 2576 4255 οὖν
2616 4201 2707 4254 τὸν
2748 4180 3202 4270 ἐγκαινιζόμενον
3243 4197 3543 4268 ὑψηλότερον
3572 4180 3706 4243 ἑαυτοῦ

2238 4291 2486 4362 γίνεσθαι
2520 4291 2614 4344 καὶ
2644 4288 3042 4359 θεοειδέστερον
3074 4292 3197 4350 ταῖς
3226 4290 3304 4353 είς
3345 4286 3520 4357 ἀρετὴν
3562 4291 3704 4348 προκο-

566 4376 752 4432 ctibus
784 4376 851 4431 ad
879 4376 1142 4432 virtutem
1184 4386 1546 4448 expurgatum
1591 4376 1711 4432 ﬁeri
1743 4377 2134 4433 animadverti-

2243 4384 2370 4445 παῖς
2420 4379 2849 4451 φαιδρυνάμενον
2902 4379 3282 4451 γινώσκομεν,
3312 4376 3445 4431 οὕτω
3476 4372 3530 4443 δὴ
3554 4364 3711 4423 aulai-

566 4480 711 4530 mus,
749 4466 960 4538 sicjam
983 4481 1204 4520 omnem
1232 4481 1453 4535 quoque
1484 4481 1873 4537 quamcunque
1922 4468 2134 4538 cogita-

2243 4488 2345 4525 σαν
2370 4470 2438 4524 δι’
2473 4470 2621 4541 ἡμᾶς
2662 4468 3044 4539 ὲπινοηθείσαν
3100 4470 3300 4540 ἑορτῆς
3337 4466 3529 4537 ἡμέραν
3562 4461 3607 4510 ὲν
3628 4453 3712 4522 ἡμὶν

565 4570 691 4609 mus
755 4555 880 4610 festi
943 4555 1091 4610 diem
1139 4556 1195 4610 in
1249 4556 1413 4611 nobis
1457 4572 1521 4611 ac
1566 4573 1666 4626 per
1705 4571 1809 4611 nos
1838 4558 2134 4628 semetipsa

2242 4559 2335 4612 καὶ
2364 4558 2431 4611 δι’
2466 4557 2622 4629 ἡμῶν
2652 4557 2853 4628 ἑαυτῆς
2878 4557 3224 4629 ὑψηλοτέραν
3266 4553 3493 4626 γίνεσθαι
3516 4541 3712 4601 πιστεῦειν

637 3830 720 3887 Ad
768 3831 888 3887 haec
928 3832 1226 3888 dicendum
1281 3840 1387 3896 est,
1433 3831 1582 3902 quod
1627 3830 1745 3903 ipse
1780 3832 2041 3902 magister
2079 3831 2137 3886 in

568 3923 766 3979 eodem
796 3937 1052 3978 sermone
1083 3923 1392 3993 interiectis
1412 3923 1743 3994 quibusdam
1766 3922 1903 3977 dicit
1937 3940 1950 3976 :
1980 3922 2138 3977 «Non

566 4015 688 4069 vult
717 4029 900 4069 sermo
930 4021 991 4067 ut
1020 4014 1076 4067 in
1101 4012 1297 4067 eodem
1330 4028 1549 4083 semper
1576 4021 1722 4068 statu
1765 4028 2013 4078 maneas,
2038 4013 2137 4068 sed

568 4114 631 4161 ut
678 4110 949 4176 perpetuo
985 4118 1049 4158 ac
1078 4103 1344 4158 laudabili
1403 4113 1558 4158 motu
1603 4104 1849 4175 agiteris,
1885 4119 1950 4158 ac
1994 4120 2138 4160 nova

565 4210 796 4268 prorsus
850 4204 1105 4249 creatura
1171 4194 1312 4248 sis.»
1375 4194 1445 4250 Ut
1506 4194 1678 4265 igitur
1723 4194 2044 4249 innovatum
2076 4210 2135 4251 sc

566 4286 688 4356 ipso
714 4284 1095 4339 sublimiorem
1126 4293 1293 4355 atque
1316 4285 1416 4340 Dei
1457 4285 1632 4357 magis
1676 4285 1913 4340 similem
1947 4285 2134 4355 prole-

566 4646 947 4701 sublimiorem
968 4646 1329 4701 ﬁericredere
1347 4646 1636 4713 debemus,
1659 4663 1784 4703 cum
1811 4650 2134 4720 mysterium

2242 4652 2389 4722 ἡμᾶς
2435 4649 2689 4721 χρὴίτοῦ
2739 4650 2808 4704 δι’
2835 4650 3007 4719 αὐτῆς
3054 4649 3446 4722 σημαινομένου
3498 4633 3713 4710 μυστηρίου

564 4738 717 4808 quod
751 4753 850 4807 per
875 4753 997 4794 eam
1022 4737 1367 4809 signiﬁcatur
1399 4740 1681 4809 propriam
1711 4756 1866 4795 suam
1893 4742 1949 4795 in
1978 4742 2134 4796 nobis

2236 4742 2337 4812 τὴν
2362 4740 2571 4794 οἰκείαν
2591 4740 2823 4811 δύναμιν
2849 4742 2906 4794 ὲν
2940 4743 3071 4811 ἡμῖν
3096 4741 3238 4811 πρὸς
3267 4738 3525 4793 τελείωσιν
3540 4731 3712 4796 ἄγοντος·

565 4829 830 4884 virtutem
864 4828 931 4883 ad
959 4829 1358 4898 perfectionem
1395 4840 1539 4901 agat.
1571 4832 1739 4887 Recte
1766 4832 1935 4903 igitur
1960 4833 2137 4888 subli-

564 4919 638 4973 mi
666 4918 1047 4973 sublimiorem
1081 4933 1281 4972 novam
1306 4920 1569 4990 magister
1601 4920 1743 4975 dixit
1770 4921 2134 4987 Dominicam,

563 5009 827 5080 quoniam
854 5009 1048 5065 eadem
1108 5023 1328 5078 semper
1370 5010 1663 5066 nobiscum
1709 5027 1817 5066 una
1859 5012 2137 5067 exaltetur

480 5152 484 5157 λ
574 5115 745 5170 seque
789 5099 963 5168 ipsam
1004 5099 1473 5169 transgrediatur.
1510 5100 1724 5171 Quippe
1763 5104 2135 5159 resurrectio-

563 5190 670 5253 nis,
710 5188 869 5243 idest
898 5188 1097 5257 prima,
1132 5189 1417 5245 Dominica
1440 5191 1655 5245 occulte
1684 5206 1787 5261 per
1822 5207 1983 5247 suum
2020 5208 2137 5264 my-

633 5316 661 5343 '
694 5304 737 5360 11
775 5304 907 5375 Reg.
943 5321 1001 5369 ιι,
1029 5307 1088 5362 ι.

774 5420 923 5477 Idem
949 5421 1099 5487 ibid.,
1124 5436 1246 5491 cap.
1275 5419 1331 5483 2,
1362 5437 1416 5491 p.
1449 5420 1572 5487 836,
1599 5430 1733 5476 tom.
1762 5421 1785 5475 l
1830 5419 1967 5492 Opp.
1994 5421 2129 5477 edit.

629 5507 930 5633 lggitgbreg.
962 5563 1093 5633 Naz.
1129 5560 1444 5633 0r._rTheol.
1501 5577 1572 5633 iv,
1623 5561 1685 5614 de
1710 5559 1882 5629 Filio;
1907 5576 2028 5633 cap.
2072 5563 2126 5629 3,

558 5643 613 5701 p.
643 5630 769 5697 bii,
797 5630 929 5687 tom.
960 5633 978 5686 ι
1006 5632 1144 5703 Opp.
1177 5631 1309 5686 edit.
1336 5632 1541 5687 Bened.

2240 5015 2577 5085 υψουμένης,
2608 5014 2706 5067 καὶ
2768 5014 2969 5085 ἑαυτὴν
3018 5012 3454 5085 ὑπερὸαινούσης
3479 5022 3493 5038 '

2238 5510 2289 5563 p.
2321 5495 2616 5569 _8‘l’_i_8,7tom.
2649 5498 2833 5569 lOpp.
2868 5499 3001 5552 edit.
3038 5499 3242 5552 Bened.

2235 5546 3007 5689 adsiduitatis;
3038 5546 3251 5639 ιῖῐιό,
3287 5579 3415 5623 tom.
3465 5562 3483 5617 ι
3522 5557 3635 5626 Opp.
3664 5546 3709 5601 ed

2241 4833 2480 4895 Εἰκότως
2513 4827 2609 4885 οὖν
2646 4830 2859 4901 ὑψηλῆς
2886 4832 3235 4903 ὑψηλοτέραν
3261 4832 3357 4900 τὴν
3388 4825 3556 4893 καινὴν
3577 4825 3600 4874 ὁ
3623 4813 3715 4870 itii-

2238 4923 2434 4986 σκαλος
2464 4922 2569 4993 ἔφη
2605 4922 2910 4994 Κυριακὴν,
2944 4921 3019 4985 ὡς
3046 4923 3136 4975 ἀεὶ
3163 4922 3263 4992 τῆς
3307 4918 3468 4988 αὐτῆς
3493 4914 3600 4985 ἡμῖν
3635 4922 3717 4957 ω’

2240 5015 2573 5057 υὼηειηὲυηε,
2608 5014 2706 5057 καὶ
2768 5014 2969 5057 taurina
3018 5012 3454 5057 ὐπςηϐαινηύσηε
3479 5022 3493 5038 '
3544 4999 3615 5057 οἷα
3652 4996 3716 5057 τῆς

3575 5032 3615 5055 zu
3660 5032 3715 5061 μιν

2238 5104 2612 5167 ἀναστάσεως,
2644 5103 2789 5172 λέγω
2820 5104 2876 5158 δὲ
2915 5104 3019 5174 τῆς
3067 5102 3298 5176 πρώτης
3339 5097 3609 5173 Κυριακῆςν

2240 5194 2379 5264 φίως
2412 5192 2499 5248 διὰ
2523 5195 2617 5248 τοῦ
2645 5196 2767 5250 κατ’
2788 5194 2961 5267 αὐτὴν
2995 5196 3300 5267 μυστηρίου
3330 5194 3497 5261 πάσης
3523 5193 3719 5257 προσωλου

2314 5425 2426 5498 (βίθ)
2455 5426 2617 5498 Greg.
2679 5429 2811 5483 Naz.
2853 5427 2946 5484 0r.
2976 5430 3030 5483 in
3055 5428 3188 5483 Non.
3228 5426 3554 5483 Dominicam,
3580 5406 3720 5480 cap-5.
