3946 6206
246 346 383 412 1:39
1499 326 2017 390 AMBIGUORUM
2055 329 2304 389 LIBER.
3354 326 3491 395 139;,

246 461 404 533 μόνον
458 455 762 529 φαντασίας
822 453 1134 511 παντάπασι
1189 444 1605 518 καθαρεύουσαν
1670 444 1816 512 ζωὴν

1943 441 2153 497 teriam
2185 440 2269 497 eis
2292 440 2388 511 qui
2433 440 2538 496 hoc
2570 441 2942 510 spiritualiter
2986 444 3273 499 celebrant
3322 445 3495 500 vitam

240 551 590 626 δωρουμένης
617 552 731 613 τοῖς
770 547 915 602 οὕτω
957 547 1018 601 τὸ
1060 545 1181 599 κατ’
1214 540 1385 611 αὐτὴν
1432 533 1819 626 πνευματικῶς

1943 533 2103 588 ιοιιιιι]
2121 533 2193 588 ab
2225 533 2374 588 omni
2399 533 2549 604 quod
2572 536 2820 591 materiae
2876 535 3122 592 adbzeret
3165 539 3411 595 ludibrio
3443 552 3500 596 et

242 624 905 713 ἐπιτελοῦσιμυστήριον,
934 640 1036 710 τῆς
1068 637 1127 691 δὲ
1169 634 1297 696 νέας
1345 628 1632 700 Κυριακῆς
1682 624 1819 695 πρὸς

1943 625 2170 681 ranitate
2224 625 2460 680 liberam
2498 624 2691 691 donat,
2752 640 2897 681 nova
2926 644 3060 683 vero
3093 628 3381 684 Dominica
3413 631 3501 685 in-

244 733 453 797 τούτοις
481 733 578 788 καὶ
601 732 784 802 πάσης
805 730 1004 792 αὑτοὺς
1030 732 1089 782 ἐν
1120 721 1384 797 μετουσίᾳ
1420 718 1683 787 ποιούσης
1712 717 1815 785 τῆς

1943 732 2091 786 ιυρει·
2136 717 2459 771 divinorum
2509 717 2787 772 bonorum
2818 720 2981 789 plene
3015 721 3379 776 fruendorum
3402 736 3501 777 eos

243 819 378 896 ὧνή
431 830 539 895 πρὸ
582 824 752 895 αὐτῆς
788 821 1074 896 ἀπήρξατο
1115 818 1277 875 θείων
1315 811 1537 882 ἀγαθῶν
1578 806 1818 865 ἀπολαύ-

1946 823 1980 860 n
2013 807 2356 863 consortium
2416 808 2666 874 deducit,
2721 826 2964 880 quorum
3007 812 3278 868 bonorum
3308 813 3502 883 primi-

1924 900 2028 955 tias
2052 900 2142 954 illa
2175 900 2330 969 prior
2362 900 2659 957 obtulerat.

247 932 403 980 σεως.

577 1101 759 1182 Ἄλλο
803 1099 1073 1169 θεώρημα
1094 1099 1183 1163 εἰς
1220 1094 1286 1149 τὸ
1312 1092 1484 1148 αὐτό.

319 1215 383 1269 Εἰ
417 1215 475 1270 δέ
509 1231 587 1285 τῳ
609 1214 659 1246 ⁸⁸
694 1213 887 1267 πιστὸν
917 1208 1058 1265 εἶναι
1080 1208 1312 1263 δοκεῖτὸ
1342 1205 1658 1274 λεγόμενον,
1686 1196 1820 1263 φασὶ

244 1305 343 1374 τὴν
379 1305 478 1376 μὲν
506 1302 729 1374 πρώτην
760 1300 1045 1371 Κυριακὴν
1074 1299 1243 1352 τύπον
1267 1293 1407 1349 εἶναι
1429 1297 1528 1363 τῆς
1552 1288 1695 1344 κατὰ
1719 1287 1819 1355 τὴν

247 1396 575 1468 προαίρεσιν
603 1396 685 1457 είς
714 1392 916 1465 ἀρετὴν
948 1391 1319 1450 ἀναστάσεως,
1349 1387 1449 1457 τὴν
1476 1386 1532 1438 δὲ
1560 1380 1820 1449 δευτέραν

244 1486 349 1558 τῆς
409 1488 554 1542 κατὰ
607 1487 930 1559 προαίρεσιν
980 1482 1149 1547 ἕξεως
1186 1483 1267 1544 εἰς
1292 1478 1497 1549 γνῶσιν
1547 1473 1821 1540 τελειότη-

243 1594 356 1644 τος.

600 1764 780 1818 Ἀλλο
806 1763 1074 1831 θεώρημα
1106 1763 1190 1825 εἰς·
1216 1758 1281 1812 τὸ
1307 1757 1474 1811 αὐτό.

316 1874 430 1929 Καὶ
458 1870 615 1937 αὖθις
641 1873 739 1943 τὴν
767 1873 865 1942 μὲν
890 1870 1113 1941 πρώτην
1137 1866 1422 1938 Κυριακὴν
1464 1866 1563 1933 τῆς
1596 1858 1821 1931 μελλού·

247 1984 351 2036 σης
384 1966 621 2036 φυσικῆς
650 1963 997 2026 ἀναστάσεως
1027 1961 1119 2013 καὶ
1153 1955 1465 2030 ἀφθαρσίας
1493 1950 1635 2006 εἶναι
1679 1951 1819 2022 σύμ-

246 2058 427 2119 6ολον,
463 2056 562 2129 τὴν
615 2055 673 2107 δὲ
722 2054 981 2123 δευτέραν
1024 2053 1120 2121 τῆς
1155 2050 1293 2104 κατά
1326 2050 1485 2120 χάριν
1522 2043 1821 2115 μελλούσης

2308 1075 2432 1130 Alia
2459 1078 2515 1130 in
2559 1076 2697 1131 idem
2722 1080 3119 1150 contemplatio.

1997 1189 2108 1245 Sed
2158 1190 2203 1245 si
2260 1190 2351 1245 cui
2382 1189 2490 1245 lida
2533 1190 2760 1246 videtur
2805 1192 3214 1263 interpretatio,
3270 1198 3505 1266 primam

1928 1282 2274 1337 Dominicam
2321 1281 2518 1337 dicunt
2554 1282 2850 1353 imaginem
2886 1300 3010 1339 esse
3062 1287 3393 1344 voluntaria:
3448 1292 3504 1345 in

1927 1376 2191 1430 virtutem
2243 1374 2694 1438 resurrectionis,
2748 1376 2976 1429 alteram
3020 1393 3153 1432 vero
3208 1381 3505 1435 voluntarii

1888 1466 1896 1472 ”
1928 1467 2151 1522 habitus
2173 1466 2228 1520 in
2260 1466 2633 1536 cognitionem
2659 1469 3049 1522 consummati.

2308 1739 2427 1797 Alia
2456 1742 2509 1795 in
2544 1741 2681 1794 idem
2721 1743 3119 1813 contemplatio.

1996 1857 2176 1927 Atque
2198 1871 2393 1910 rursus
2416 1856 2652 1926 primam
2686 1856 3030 1912 Dominicam
3065 1859 3339 1913 naturalis
3384 1875 3506 1928 quze

1923 1947 2113 2003 futura
2148 1956 2233 2002 est
2254 1946 2680 2002 resurrectionis
2716 1958 2772 2003 et
2804 1948 3356 2020 incorruptibilitatis
3381 1966 3505 2006 esse

1925 2036 2235 2110 symbolum
2290 2035 2507 2101 volunt,
2556 2036 2784 2091 alteram
2834 2054 2967 2093 vero
3024 2039 3167 2094 ferre
3213 2040 3507 2111 imaginem

244 2127 525 2210 Beroeam:
574 2146 761 2216 φέρειν
813 2146 1015 2198 εἰκόνα.
1048 2145 1110 2196 EE
1143 2143 1324 2194 τοίνυν
1372 2140 1468 2208 τῆς
1512 2138 1609 2207 μὲν
1662 2137 1822 2189 καθα-

1943 2127 2298 2183 iciﬁcationis
2343 2142 2469 2196 quae
2515 2128 2821 2182 secundum
2869 2130 3103 2199 gratiam
3151 2130 3340 2186 futura
3396 2143 3505 2188 est.

244 2239 518 2308 ρευούσης
552 2236 735 2289 κακῶν
766 2236 930 2300 ἕξεως
960 2238 992 2304 ἡ
1024 2233 1133 2286 τῶν
1156 2231 1375 2302 ἀγαθῶν
1394 2228 1688 2291 ἀπόλαυσίς
1714 2231 1822 2280 ἐστι

1943 2219 2084 2289 ξιιοά
2115 2219 2160 2273 si
2186 2217 2377 2273 habitu
2404 2234 2435 2272 a
2486 2219 2646 2274 malis
2697 2231 2932 2291 purgato
2962 2231 3185 2292 praestat
3229 2224 3504 2279 bonorum

241 2328 570 2399 τιμιωτέρα,
602 2327 703 2396 τῆς
741 2327 798 2380 δὲ
837 2326 957 2378 κατ’
988 2325 1189 2396 ἀρετὴν
1219 2323 1408 2391 ὑγιοῦς
1444 2318 1817 2391 προαιρέσεως

241 2419 361 2484 ἕξις
393 2420 491 2485 τῆς
522 2417 663 2471 κατὰ
690 2418 787 2487 τὴν
817 2417 989 2486 ἀληθῆ
1009 2416 1209 2484 γνῶσιν
1232 2415 1587 2483 τελειότητος,
1613 2412 1705 2465 καὶ
1727 2411 1824 2479 τῆς

241 2512 485 2583 φυσικῆς
509 2510 821 2581 ἀφθαρσίας
854 2509 887 2579 ή
913 2510 970 2560 ὲν
998 2509 1180 2578 χάριτι
1209 2506 1347 2576 πρὸς
1377 2505 1467 2557 τὸν
1506 2504 1639 2556 Θεὸν
1675 2500 1820 2555 κατὰ

238 2601 344 2673 τὴν
369 2600 564 2655 θέωσιν
604 2601 985 2672 μεταποίησις,
1018 2593 1092 2650 ὧν
1129 2598 1161 2667 ὴ
1191 2597 1290 2668 μὲν
1329 2594 1514 2665 πρώτη
1563 2588 1820 2663 Κυριακὴ

238 2695 404 2763 φέρει
439 2693 632 2753 τύπον,
661 2689 844 2762 (254
870 2691 920 2759 b)
953 2692 985 2761 ἡ
1020 2689 1077 2743 δὲ
1098 2689 1333 2756 δευτέρα
1383 2687 1641 2757 τυγχάνει
1679 2681 1821 2751 σύμ-

236 2783 424 2849 ϐολον,
467 2781 691 2843 εἰκότως
736 2782 946 2851 ὑψηλῆς
977 2779 1317 2851 ὑψηλοτέραν
1357 2778 1624 2847 ἀγόμενος
1662 2772 1824 2827 πνεύ-

236 2893 405 2946 ματι,
435 2875 533 2947 τὴν
556 2872 748 2943 καινὴν
773 2876 801 2925 ὁ
830 2871 1148 2934 διδάσκαλος
1178 2871 1280 2941 ἔφη
1315 2867 1624 2940 Κυριακήν.

1922 2312 2139 2374 fruitio,
2162 2326 2296 2366 sana
2322 2319 2508 2366 autem
2551 2327 2650 2381 per
2678 2311 2937 2367 virtutem
2968 2315 3253 2369 voluntate
3283 2326 3507 2385 prastat

1923 2400 2147 2455 habitus
2168 2400 2429 2471 perfectae
2450 2417 2549 2470 per
2588 2401 2882 2457 veritatem
2910 2405 3267 2473 cognitionis,
3319 2422 3385 2461 ac
3411 2419 3508 2461 aa-

1924 2493 2090 2547 turali
2172 2493 2706 2563 incorruptibilitate
2765 2503 2984 2564 praestat
3039 2498 3388 2568 regeneratio
3448 2499 3503 2554 in

1922 2583 2099 2655 gratia
2121 2584 2187 2639 ad
2215 2585 2385 2639 Deum
2413 2602 2535 2655 quae
2561 2586 2621 2641 lit
2649 2602 2750 2657 per
2800 2587 3234 2654 deilicationcm,
3264 2607 3501 2661 quarum

1922 2674 2075 2744 prior
2129 2675 2416 2729 Dominica
2470 2675 2575 2729 fert
2625 2675 2944 2746 imaginem,
3007 2678 3179 2732 altera
3235 2696 3369 2735 vero
3420 2691 3507 2736 est

1924 2766 2257 2838 symbolum,
2293 2774 2441 2821 recte
2466 2766 2684 2821 sublimi
2736 2767 3116 2822 sublimiorem
3162 2769 3363 2839 spiritu
3383 2771 3503 2841 agi-

1926 2870 2073 2917 tatus
2103 2861 2301 2917 doctor
2338 2876 2537 2916 novam
2561 2862 2700 2917 dixit
2732 2860 3093 2918 Dominicam.

245 3058 363 3112 Ἐκ
394 3055 499 3110 τοῦ
527 3055 712 3113 αὑτοῦ
733 3055 942 3124 λόγου,
971 3057 1058 3121 εὶς
1100 3056 1197 3109 τό·
1234 3072 1252 3105 ι
1286 3052 1455 3108 Μισῶ
1481 3051 1575 3107 καὶ
1607 3051 1720 3120 τὴν
1749 3049 1822 3103 δι’

1943 3047 2014 3102 Ex
2033 3036 2213 3101 eodem
2254 3063 2497 3101 sermone
2539 3047 2593 3099 in
2646 3045 2817 3099 illud:
2853 3065 2870 3095 ι
2898 3045 3036 3100 Eam
3097 3062 3302 3116 quoque
3341 3046 3502 3116 [ami-

649 3147 829 3216 ἀέρος
847 3144 1182 3213 συνήθειαν
1209 3145 1342 3215 (6‘2).
1375 3162 1395 3196 ι

323 3341 465 3414 Πρὸς
493 3345 775 3410 γυναῖκας,
808 3341 905 3395 καὶ
938 3341 1173 3412 μάλιστα
1209 3340 1302 3394 τὸν
1341 3340 1552 3411 μονήρη
1583 3338 1696 3408 βίον
1725 3340 1823 3390 ἐπ-

238 3430 627 3501 ανῃρημένας,
664 3431 832 3483 πολὺν
877 3431 1005 3501 περὶ
1048 3426 1441 3497 κατορθώσεως
1489 3426 1638 3494 ἠθῶν
1682 3427 1823 3480 ἀπο-

231 3521 429 3583 τείνας
456 3521 614 3588 λόγον
638 3520 702 3573 δι’
725 3522 1017 3591 ἐμφάσεως
1042 3523 1069 3574 ὁ
1089 3520 1401 3583 διδάσκαλος
1432 3519 1625 3589 ηπίως,
1643 3513 1819 3587 οἶμαι,

237 3613 533 3682 παραινεῖ,
567 3610 644 3681 μὴ
699 3611 809 3663 δεῖν
849 3610 949 3673 τὰς
985 3611 1333 3681 ἀσκουμένας
1384 3609 1596 3664 οἴκοθεν
1634 3608 1819 3679 θυρίσι

237 3701 609 3758 κατοπτεύειν
643 3701 766 3755 τινὰ
804 3700 1104 3766 παντελῶς,
1140 3701 1234 3753 καὶ
1264 3700 1499 3770 μάλιστα
1532 3700 1658 3762 τοὺς
1679 3716 1822 3769 παρ·-

241 3794 450 3856 ιὸντας,
484 3791 560 3855 ῶς
616 3791 681 3844 ἂν
741 3791 814 3861 μὴ
842 3791 1056 3845 λάὸοιεν
1087 3791 1290 3860 κέντρα
1332 3790 1565 3845 θανάτου
1582 3791 1682 3845 ηδιά
1721 3791 1822 3861 τῆς

236 3884 476 3952 ἀκαίρου
505 3882 753 3954 θεωρίας.

2002 3140 2297 3193 liaritatem
2325 3153 2443 3209 qua:
2461 3154 2553 3209 per
2592 3154 2767 3192 aerem
2802 3139 3159 3206 contrahitur,
3196 3138 3284 3191 odi
3323 3154 3386 3192 ac
3409 3139 3499 3192 de-

1999 3239 2178 3284 ιρδιον.
2202 3251 2220 3282 ³

1996 3337 2079 3393 Ad
2108 3338 2387 3403 mulieres,
2412 3353 2477 3393 ac
2493 3338 2797 3408 przesertim
2820 3353 2914 3393 eas
2942 3353 3065 3407 qua:
3087 3338 3348 3394 solitaria).
3377 3338 3505 3394 vitae

1926 3443 2050 3484 sese
2099 3428 2451 3491 addixerunt,
2506 3427 2677 3485 multa
2736 3427 2804 3482 de
2856 3426 3199 3496 corrigendis
3256 3429 3504 3482 moribus

1923 3535 1984 3575 se
2016 3528 2348 3573 convertens
2371 3518 2626 3572 oratione
2672 3532 2737 3572 ac
2780 3517 2947 3573 tacite
2995 3518 3130 3587 quid
3183 3519 3503 3589 significans

1921 3608 2136 3673 doctor,
2167 3607 2248 3661 uti
2269 3607 2512 3668 videtur.
2539 3608 2738 3662 leniter
2760 3607 3040 3672 admonet,
3070 3608 3501 3680 haudquaquam

1928 3700 2099 3755 licere
2155 3698 2240 3753 eis
2263 3714 2385 3768 qua:
2439 3698 2708 3753 Severiori
2743 3700 2871 3754 vitae
2904 3701 3107 3770 regulae
3138 3701 3513 3757 astrinxerint

1923 3808 1991 3848 ex
2017 3791 2273 3846 domibus
2297 3806 2395 3861 per
2415 3788 2685 3847 fenestras
2715 3793 2988 3862 speculari
3029 3809 3391 3865 quemquam,
3433 3812 3503 3853 ac
3575 3852 3582 3859 ,

1924 3883 2231 3954 praesertim
2292 3890 2710 3952 praetereuntes,
2746 3900 2817 3939 ne
2842 3884 2985 3940 forte
3028 3902 3126 3956 per
3159 3887 3503 3958 intempesti-

1924 3989 2054 4030 vum
2083 3983 2443 4045 conspectum
2475 3976 2672 4030 mortis
2698 3976 2925 4033 aculeos
2947 3978 3189 4048 capiant.

246 4150 365 4206 Τοῦ
412 4148 599 4205 αὐτοῦ
648 4151 717 4205 ἐκ
744 4150 852 4206 τοῦ
904 4155 991 4217 εις
1036 4129 1151 4220 τὴν
1191 4152 1371 4223 ἁγίαν
1397 4155 1822 4225 Πεντηκοστὴν

1943 4157 2186 4230 Ejusdem
2216 4175 2278 4213 ea:
2305 4176 2547 4214 sermone
2572 4161 2627 4213 in
2650 4172 2896 4217 sanctam
2926 4162 3293 4231 Pentecosten,
3346 4168 3403 4222 in
3425 4168 3499 4223 il-

318 4241 528 4308 λόγου,
560 4244 648 4307 είς
691 4241 779 4293 τόο
821 4260 840 4292 ι
879 4241 1031 4307 Mair;
1066 4242 1328 4313 δεούσης
1372 4245 1616 4315 ἡμέρας,
1647 4244 1728 4314 ἢν
1758 4248 1846 4301 ἐκ-

318 4330 426 4382 to?)
448 4330 784 4428 μέλλοντος
808 4329 1024 4399 αἰῶνος
1047 4336 1540 4405 προσειλήφαμεν
1558 4379 1573 4404 ,
1598 4338 1818 4406 ὀγδόην
1849 4372 1892 4428 D

317 4436 382 4472 τε
416 4416 617 4475 οὖσαν
650 4419 767 4488 τὴν
797 4421 993 4489 αὐτὴν
1034 4422 1133 4476 καὶ
1169 4424 1429 4492 πρώτην,
1477 4425 1721 4495 μᾶλλον
1745 4427 1815 4480 δὲ

317 4511 461 4564 μίαν
480 4512 575 4564 καὶ
594 4510 993 4565 ὰκατάλυτον.
1015 4513 1115 4566 Δεῖ
1129 4515 1239 4584 γὰρ
1263 4516 1460 4571 ἐκεῖσε
1478 4516 1814 4586 καταλῆξαι

313 4603 423 4656 τὸν
450 4603 710 4657 ἐνταῦθα
734 4605 1152 4672 σαϐϐατισμύν
1187 4605 1308 4660 τῶν
1343 4609 1559 4678 ψυχῶν
1581 4610 1713 4681 (βὸ).
1753 4630 1771 4661 ι

329 4696 389 4749 '0
423 4696 564 4748 ἑπτὰ
589 4693 732 4748 κατὰ
765 4693 865 4764 τὴν
895 4694 1061 4762 ἁγίαν
1087 4695 1333 4766 Γραφὴν,
1365 4698 1439 4760 ὡς
1462 4698 1559 4767 μὲν
1580 4699 1814 4770 ἀριθμὸς

234 4788 408 4857 μόνον
430 4785 862 4855 λαμϐανόμενος,
886 4784 1089 4856 πολλὴν
1101 4785 1214 4856 ἔχει
1241 4790 1490 4855 φυσικῶς
1504 4791 1603 4862 τὴν
1618 4792 1704 4845 ἐπ’
1725 4794 1825 4844 a0“-

228 4878 323 4949 τῷ
366 4876 628 4947 κειμένην
667 4875 774 4929 τῶν
820 4876 1249 4945 φιλοπονοῦντων
1276 4880 1355 4933 τὰ
1394 4881 1512 4935 θεῖα
1554 4883 1821 4955 μυστικὴν

224 4967 501 5039 θεωρίαν.
552 4967 813 5038 Σημαίνει
864 4968 975 5038 γὰρ
1001 4968 1097 5021 καὶ
1127 4969 1336 5040 χρόνον,
1369 4973 1464 5025 καὶ
1494 4974 1699 5041 αἰῶνα,
1726 4977 1821 5029 καὶ

222 5062 468 5125 αἰῶνας,
505 5061 723 5132 κίνησίν
750 5078 811 5114 τε
854 5060 950 5113 καὶ
1004 5061 1264 5132 περιοχὴν
1323 5066 1417 5119 καὶ
1469 5068 1689 5138 μέτρον,
1723 5069 1819 5122 καὶ

216 5152 387 5222 ὅρον,
423 5154 519 5206 καὶ
541 5152 818 5224 πρόνοιαν,
855 5151 948 5204 καὶ
981 5151 1143 5222 ἕτερα
1174 5153 1362 5217 πολλὰ,
1392 5157 1535 5210 κατά
1557 5158 1647 5212 τὸν
1676 5158 1808 5212 ἐκά-

1995 4250 2124 4305 Iud:
2157 4270 2175 4302 ι
2208 4251 2321 4306 Uno
2359 4253 2442 4305 die
2494 4260 2727 4322 excepto,
2760 4270 2918 4324 quem
2958 4271 3022 4308 ea:
3077 4257 3258 4326 futuro
3304 4258 3499 4314 san:qu

1992 4341 2396 4410 assumpsimus,
2427 4348 2670 4395 octavum
2716 4343 2955 4396 eumdem
3006 4353 3054 4397 et
3089 4349 3346 4415 primum,
3394 4352 3496 4415 vel,

1988 4442 2045 4484 ut
2073 4432 2264 4485 rectius
2283 4430 2495 4500 loquar,
2521 4440 2571 4484 et
2600 4434 3003 4503 sempiternum.
3029 4435 3150 4489 Illic
3203 4439 3342 4492 enim
3365 4456 3507 4509 prat-

1995 4539 2115 4576 acns
2161 4523 2465 4577 animarum
2514 4532 2820 4578 nostrarum
2876 4526 3229 4582 sabbatismus
3289 4518 3495 4585 desinat

1993 4629 2199 4667 necesse
2225 4621 2322 4667 est.
2349 4633 2367 4664 ι

1995 4724 2359 4793 Septenarius
2419 4725 2726 4789 secundum
2764 4742 2976 4782 sacram
3008 4728 3374 4800 Scripturam,
3430 4741 3491 4787 ut

1918 4826 2187 4866 numerus
2208 4813 2553 4871 solummodo
2583 4815 2628 4870 si
2664 4825 2973 4886 spectatur,
2997 4820 3225 4873 multam
3260 4831 3490 4876 natura~

1916 4900 2049 4956 liter
2078 4901 2133 4955 in
2166 4917 2226 4957 se
2255 4903 2582 4959 collocatam
2612 4904 2781 4960 habet
2813 4922 3009 4962 eorum
3037 4910 3132 4979 qui
3164 4926 3250 4965 res
3275 4911 3488 4969 divinas

1914 4993 2165 5064 gnaviter
2193 5002 2432 5049 tractant
2478 4996 2765 5067 mysticam
2819 5000 3365 5068 contemplationem.
3402 5004 3480 5060 Si-

1914 5080 2139 5151 gniﬁcat
2169 5083 2317 5137 enim
2346 5092 2404 5138 et
2460 5092 2727 5161 tempus,
2760 5096 2813 5142 et
2847 5090 3133 5154 saeculum,
3164 5102 3224 5146 et
3264 5096 3484 5161 sarcula,
3519 5143 3531 5158 .

1916 5171 2218 5229 motionem
2246 5181 2411 5242 atque
2446 5176 3022 5244 comprehensionem,
3074 5187 3131 5233 et
3170 5180 3478 5245 modulum,

219 5258 368 5296 στου
412 5244 570 5311 λόγον
602 5243 782 5307 καλῶς
843 5241 1237 5312 θεωρούμενος.
1279 5245 1367 5308 Ὦς
1414 5247 1718 5311 ἀνάπαυσις
1750 5249 1806 5302 δὲ

1950 5262 2264 5329 tlinem,et
2291 5241 2713 5333 provident—iam,
2766 5280 2823 5324 et
2852 5270 2958 5324 alia
3010 5241 3215 5336 multa,
3262 5241 3486 5341 quando

216 5334 404 5406 μόνον
438 5334 833 5404 σκοπούμενος,
869 5336 963 5387 καὶ
988 5333 1129 5385 οὕτω
1162 5334 1363 5406 πολλὴν
1409 5337 1523 5408 ἔχει
1569 5341 1664 5412 τὴν
1717 5345 1803 5396 ἐπ’

1914 5353 2217 5408 secundum
2243 5356 2686 5427 uniuscujusque
2709 5359 2979 5416 rationem
3009 5360 3152 5417 bene
3179 5370 3481 5433 spectatur.

1476 5450 1705 5511 VARle
1737 5460 2031 5519 LECTION
2041 5465 2141 5519 ES.

309 5517 358 5552 “
386 5518 774 5590 Apograpbum
796 5517 965 5572 habet
992 5519 1053 5571 Et
1075 5517 1136 5571 δὲ
1166 5516 1262 5586 τῷ.

324 5630 417 5705 eg)
450 5631 611 5705 greg.
636 5632 769 5705 lfaz.
814 5631 961 5705 ἧὺὶιί2
995 5646 1113 5699 cap.
1147 5632 1199 5695 8,
1244 5642 1372 5688 tom.
1410 5636 1427 5688 Ι
1474 5634 1591 5705 ΟΠ)
1646 5638 1710 5691 σί]
1749 5641 1950 5696 nonut,

324 5631 417 5701 6‘2)
451 5631 611 5701 Greg.
636 5632 769 5685 Ναί.
814 5631 961 5689 ἱὺὶιί..
995 5646 1113 5699 cap.
1147 5632 1199 5695 8,
1244 5642 1372 5688 tom.
1410 5636 1427 5688 l
1474 5634 1591 5705 Opp
1646 5638 1710 5691 rd
1749 5641 1950 5696 Bened.

300 5631 418 5774 263)
449 5702 598 5756 Idem
624 5700 777 5756 Orat.
820 5702 873 5754 in
921 5701 1299 5781 Pentrcostcn.,
1345 5721 1462 5774 (τδρ.
1507 5706 1558 5771 9.,
1592 5726 1643 5777 p.
1692 5712 1812 5765 75:2.
1859 5723 1987 5767 tom.
2020 5714 2037 5767 l
2067 5714 2204 5784 Opp.
2239 5715 2372 5769 edit.
2408 5715 2609 5770 Bcned.
