  <div class='ocr_page' id='page_1' title='image "/cluster/home/n/w/nwhite01/storage/ocr_20150623/91/hvd.32044052742962/699.png"; bbox 0 0 3946 6206; ppageno 0'>
   <div class='ocr_carea' id='block_1_1' title="bbox 570 265 724 337">
    <p class='ocr_par' dir='ltr' id='par_1_1' title="bbox 570 265 724 337">
     <span class='ocr_line' id='line_1_1' title="bbox 570 265 724 337; baseline 0.013 -1"><span class='ocrx_word' id='word_1_1' title='bbox 570 265 724 337; x_wconf 71' lang='grc'><strong>⁸1391</strong></span> 
     </span>
    </p>
   </div>
   <div class='ocr_carea' id='block_1_2' title="bbox 585 477 2159 553">
    <p class='ocr_par' dir='ltr' id='par_1_2' title="bbox 585 477 2159 553">
     <span class='ocr_line' id='line_1_2' title="bbox 585 477 2159 553; baseline 0.004 -23"><span class='ocrx_word' id='word_1_2' title='bbox 585 478 816 532; x_wconf 88' lang='lat' dir='ltr'><strong>multam</strong></span> <span class='ocrx_word' id='word_1_3' title='bbox 847 477 1092 532; x_wconf 91' lang='lat' dir='ltr'><strong>continet</strong></span> <span class='ocrx_word' id='word_1_4' title='bbox 1120 478 1177 532; x_wconf 89' lang='lat' dir='ltr'><strong>in</strong></span> <span class='ocrx_word' id='word_1_5' title='bbox 1232 494 1291 534; x_wconf 90' lang='lat' dir='ltr'><strong>se</strong></span> <span class='ocrx_word' id='word_1_6' title='bbox 1316 481 1686 552; x_wconf 76' lang='lat' dir='ltr'><strong>cognitionem</strong></span> <span class='ocrx_word' id='word_1_7' title='bbox 1716 483 1942 553; x_wconf 85' lang='lat' dir='ltr'><strong>mystice</strong></span> <span class='ocrx_word' id='word_1_8' title='bbox 1979 482 2159 552; x_wconf 75' lang='lat' dir='ltr'><strong>expli-</strong></span> 
     </span>
    </p>
   </div>
   <div class='ocr_carea' id='block_1_3' title="bbox 584 567 2159 642">
    <p class='ocr_par' dir='ltr' id='par_1_3' title="bbox 584 567 2159 642">
     <span class='ocr_line' id='line_1_3' title="bbox 584 567 2159 642; baseline 0.005 -20"><span class='ocrx_word' id='word_1_9' title='bbox 584 577 784 623; x_wconf 83' lang='lat' dir='ltr'><strong>catam.</strong></span> <span class='ocrx_word' id='word_1_10' title='bbox 805 567 911 623; x_wconf 91' lang='lat' dir='ltr'><strong>Sed</strong></span> <span class='ocrx_word' id='word_1_11' title='bbox 937 584 1007 624; x_wconf 88' lang='lat' dir='ltr'><strong>ne</strong></span> <span class='ocrx_word' id='word_1_12' title='bbox 1034 569 1249 642; x_wconf 81' lang='lat' dir='ltr'><strong>singula</strong></span> <span class='ocrx_word' id='word_1_13' title='bbox 1283 574 1665 642; x_wconf 89' lang='lat' dir='ltr'><strong>persequendo</strong></span> <span class='ocrx_word' id='word_1_14' title='bbox 1708 574 2000 629; x_wconf 90' lang='lat' dir='ltr'><strong>molestum</strong></span> <span class='ocrx_word' id='word_1_15' title='bbox 2035 573 2159 629; x_wconf 77' lang='lat' dir='ltr'><strong>&#39;red-</strong></span> 
     </span>
    </p>
   </div>
   <div class='ocr_carea' id='block_1_4' title="bbox 585 659 2156 733">
    <p class='ocr_par' dir='ltr' id='par_1_4' title="bbox 585 659 2156 733">
     <span class='ocr_line' id='line_1_4' title="bbox 585 659 2156 733; baseline 0.003 -20"><span class='ocrx_word' id='word_1_16' title='bbox 585 659 707 713; x_wconf 83' lang='lat' dir='ltr'><strong>dam</strong></span> <span class='ocrx_word' id='word_1_17' title='bbox 737 667 793 713; x_wconf 92' lang='lat' dir='ltr'><strong>et</strong></span> <span class='ocrx_word' id='word_1_18' title='bbox 814 673 1110 728; x_wconf 85' lang='lat' dir='ltr'><strong>operosum</strong></span> <span class='ocrx_word' id='word_1_19' title='bbox 1134 661 1629 733; x_wconf 88' lang='lat' dir='ltr'><strong>sermonem,quod</strong></span> <span class='ocrx_word' id='word_1_20' title='bbox 1659 662 1878 717; x_wconf 63' lang='lat' dir='ltr'><strong>caeteris</strong></span> <span class='ocrx_word' id='word_1_21' title='bbox 1895 673 2156 732; x_wconf 59' lang='lat' dir='ltr'><strong>praestare</strong></span> 
     </span>
    </p>
   </div>
   <div class='ocr_carea' id='block_1_5' title="bbox 579 750 2155 824">
    <p class='ocr_par' dir='ltr' id='par_1_5' title="bbox 579 750 2155 824">
     <span class='ocr_line' id='line_1_5' title="bbox 579 750 2155 824; baseline 0.004 -21"><span class='ocrx_word' id='word_1_22' title='bbox 579 750 806 805; x_wconf 88' lang='lat' dir='ltr'><strong>videtur</strong></span> <span class='ocrx_word' id='word_1_23' title='bbox 833 751 1198 807; x_wconf 90' lang='lat' dir='ltr'><strong>illustremus.</strong></span> <span class='ocrx_word' id='word_1_24' title='bbox 1228 753 1367 809; x_wconf 86' lang='lat' dir='ltr'><strong>Tres</strong></span> <span class='ocrx_word' id='word_1_25' title='bbox 1390 754 1537 808; x_wconf 91' lang='lat' dir='ltr'><strong>enim</strong></span> <span class='ocrx_word' id='word_1_26' title='bbox 1569 754 1665 824; x_wconf 90' lang='lat' dir='ltr'><strong>qui</strong></span> <span class='ocrx_word' id='word_1_27' title='bbox 1718 770 1905 809; x_wconf 91' lang='lat' dir='ltr'><strong>rerum</strong></span> <span class='ocrx_word' id='word_1_28' title='bbox 1937 755 2155 810; x_wconf 88' lang='lat' dir='ltr'><strong>divina-</strong></span> 
     </span>
    </p>
   </div>
   <div class='ocr_carea' id='block_1_6' title="bbox 580 843 2156 913">
    <p class='ocr_par' dir='ltr' id='par_1_6' title="bbox 580 843 2156 913">
     <span class='ocr_line' id='line_1_6' title="bbox 580 843 2156 913; baseline 0.004 -17"><span class='ocrx_word' id='word_1_29' title='bbox 580 858 705 897; x_wconf 93' lang='lat' dir='ltr'><strong>rum</strong></span> <span class='ocrx_word' id='word_1_30' title='bbox 728 843 888 913; x_wconf 91' lang='lat' dir='ltr'><strong>periti</strong></span> <span class='ocrx_word' id='word_1_31' title='bbox 912 853 1043 899; x_wconf 87' lang='lat' dir='ltr'><strong>sunt</strong></span> <span class='ocrx_word' id='word_1_32' title='bbox 1092 853 1348 901; x_wconf 88' lang='lat' dir='ltr'><strong>statuunt</strong></span> <span class='ocrx_word' id='word_1_33' title='bbox 1380 846 1593 903; x_wconf 90' lang='lat' dir='ltr'><strong>modos.</strong></span> <span class='ocrx_word' id='word_1_34' title='bbox 1656 846 1924 903; x_wconf 80' lang='lat' dir='ltr'><strong>Universa</strong></span> <span class='ocrx_word' id='word_1_35' title='bbox 1985 849 2156 904; x_wconf 86' lang='lat' dir='ltr'><strong>totius</strong></span> 
     </span>
    </p>
   </div>
   <div class='ocr_carea' id='block_1_7' title="bbox 580 935 2156 1008">
    <p class='ocr_par' dir='ltr' id='par_1_7' title="bbox 580 935 2156 1008">
     <span class='ocr_line' id='line_1_7' title="bbox 580 935 2156 1008; baseline 0.004 -21"><span class='ocrx_word' id='word_1_36' title='bbox 580 935 991 989; x_wconf 88' lang='lat' dir='ltr'><strong>rationabilium</strong></span> <span class='ocrx_word' id='word_1_37' title='bbox 1056 936 1424 992; x_wconf 89' lang='lat' dir='ltr'><strong>essentiarum</strong></span> <span class='ocrx_word' id='word_1_38' title='bbox 1495 939 1870 1008; x_wconf 79' lang='lat' dir='ltr'><strong>generationis</strong></span> <span class='ocrx_word' id='word_1_39' title='bbox 1941 940 2156 995; x_wconf 84' lang='lat' dir='ltr'><strong>ratione</strong></span> 
     </span>
    </p>
   </div>
   <div class='ocr_carea' id='block_1_8' title="bbox 586 1025 2153 1095">
    <p class='ocr_par' dir='ltr' id='par_1_8' title="bbox 586 1025 2153 1095">
     <span class='ocr_line' id='line_1_8' title="bbox 586 1025 2153 1095; baseline 0.003 -14"><span class='ocrx_word' id='word_1_40' title='bbox 586 1025 880 1081; x_wconf 91' lang='lat' dir='ltr'><strong>continere</strong></span> <span class='ocrx_word' id='word_1_41' title='bbox 914 1027 1165 1083; x_wconf 85' lang='lat' dir='ltr'><strong>videmus</strong></span> <span class='ocrx_word' id='word_1_42' title='bbox 1181 1029 1451 1085; x_wconf 91' lang='lat' dir='ltr'><strong>rationem</strong></span> <span class='ocrx_word' id='word_1_43' title='bbox 1467 1029 1795 1095; x_wconf 79' lang='lat' dir='ltr'><strong>exsistendi,</strong></span> <span class='ocrx_word' id='word_1_44' title='bbox 1833 1030 1978 1085; x_wconf 88' lang='lat' dir='ltr'><strong>bene</strong></span> <span class='ocrx_word' id='word_1_45' title='bbox 2001 1031 2153 1086; x_wconf 78' lang='lat' dir='ltr'><strong>exsi-</strong></span> 
     </span>
    </p>
   </div>
   <div class='ocr_carea' id='block_1_9' title="bbox 574 1116 2153 1194">
    <p class='ocr_par' dir='ltr' id='par_1_9' title="bbox 574 1116 2153 1194">
     <span class='ocr_line' id='line_1_9' title="bbox 574 1116 2153 1194; baseline 0.006 -24"><span class='ocrx_word' id='word_1_46' title='bbox 574 1116 781 1182; x_wconf 79' lang='lat' dir='ltr'><strong>stendi,</strong></span> <span class='ocrx_word' id='word_1_47' title='bbox 812 1126 869 1172; x_wconf 91' lang='lat' dir='ltr'><strong>et</strong></span> <span class='ocrx_word' id='word_1_48' title='bbox 895 1133 1116 1189; x_wconf 86' lang='lat' dir='ltr'><strong>semper</strong></span> <span class='ocrx_word' id='word_1_49' title='bbox 1131 1119 1450 1185; x_wconf 80' lang='lat' dir='ltr'><strong>exsistendi,</strong></span> <span class='ocrx_word' id='word_1_50' title='bbox 1476 1129 1639 1191; x_wconf 91' lang='lat' dir='ltr'><strong>atque</strong></span> <span class='ocrx_word' id='word_1_51' title='bbox 1656 1122 1889 1191; x_wconf 84' lang='lat' dir='ltr'><strong>primam</strong></span> <span class='ocrx_word' id='word_1_52' title='bbox 1908 1124 2153 1194; x_wconf 89' lang='lat' dir='ltr'><strong>quidem,</strong></span> 
     </span>
    </p>
   </div>
   <div class='ocr_carea' id='block_1_10' title="bbox 576 1208 2153 1282">
    <p class='ocr_par' dir='ltr' id='par_1_10' title="bbox 576 1208 2153 1282">
     <span class='ocr_line' id='line_1_10' title="bbox 576 1208 2153 1282; baseline 0.004 -21"><span class='ocrx_word' id='word_1_53' title='bbox 576 1208 629 1262; x_wconf 83' lang='lat' dir='ltr'><strong>id</strong></span> <span class='ocrx_word' id='word_1_54' title='bbox 658 1218 742 1264; x_wconf 90' lang='lat' dir='ltr'><strong>est</strong></span> <span class='ocrx_word' id='word_1_55' title='bbox 769 1210 1094 1276; x_wconf 77' lang='lat' dir='ltr'><strong>exsistendi,</strong></span> <span class='ocrx_word' id='word_1_56' title='bbox 1118 1212 1357 1281; x_wconf 92' lang='lat' dir='ltr'><strong>primum</strong></span> <span class='ocrx_word' id='word_1_57' title='bbox 1390 1226 1511 1266; x_wconf 88' lang='lat' dir='ltr'><strong>esse</strong></span> <span class='ocrx_word' id='word_1_58' title='bbox 1540 1212 1621 1267; x_wconf 90' lang='lat' dir='ltr'><strong>eis</strong></span> <span class='ocrx_word' id='word_1_59' title='bbox 1645 1212 1740 1282; x_wconf 91' lang='lat' dir='ltr'><strong>qui</strong></span> <span class='ocrx_word' id='word_1_60' title='bbox 1793 1220 1925 1266; x_wconf 90' lang='lat' dir='ltr'><strong>sunt</strong></span> <span class='ocrx_word' id='word_1_61' title='bbox 1960 1228 2153 1267; x_wconf 88' lang='lat' dir='ltr'><strong>essen-</strong></span> 
     </span>
    </p>
   </div>
   <div class='ocr_carea' id='block_1_11' title="bbox 562 1301 2154 1373">
    <p class='ocr_par' dir='ltr' id='par_1_11' title="bbox 562 1301 2154 1373">
     <span class='ocr_line' id='line_1_11' title="bbox 562 1301 2154 1373; baseline 0.004 -21"><span class='ocrx_word' id='word_1_62' title='bbox 562 1301 790 1355; x_wconf 88' lang='lat' dir='ltr'><strong>.tialitcr</strong></span> <span class='ocrx_word' id='word_1_63' title='bbox 814 1302 1094 1367; x_wconf 82' lang='lat' dir='ltr'><strong>donatam,</strong></span> <span class='ocrx_word' id='word_1_64' title='bbox 1129 1302 1357 1357; x_wconf 85' lang='lat' dir='ltr'><strong>alteram</strong></span> <span class='ocrx_word' id='word_1_65' title='bbox 1391 1302 1474 1357; x_wconf 91' lang='lat' dir='ltr'><strong>eis</strong></span> <span class='ocrx_word' id='word_1_66' title='bbox 1507 1302 1575 1357; x_wconf 89' lang='lat' dir='ltr'><strong>de</strong></span> <span class='ocrx_word' id='word_1_67' title='bbox 1610 1303 1915 1367; x_wconf 87' lang='lat' dir='ltr'><strong>voluntate,</strong></span> <span class='ocrx_word' id='word_1_68' title='bbox 1963 1312 2154 1373; x_wconf 86' lang='lat' dir='ltr'><strong>utpote</strong></span> 
     </span>
    </p>
   </div>
   <div class='ocr_carea' id='block_1_12' title="bbox 574 1392 2151 1463">
    <p class='ocr_par' dir='ltr' id='par_1_12' title="bbox 574 1392 2151 1463">
     <span class='ocr_line' id='line_1_12' title="bbox 574 1392 2151 1463; baseline 0.004 -20"><span class='ocrx_word' id='word_1_69' title='bbox 574 1409 699 1461; x_wconf 78' lang='lat' dir='ltr'><strong>qua:</strong></span> <span class='ocrx_word' id='word_1_70' title='bbox 722 1392 961 1462; x_wconf 68' lang='lat' dir='ltr'><strong>propria:</strong></span> <span class='ocrx_word' id='word_1_71' title='bbox 995 1393 1262 1448; x_wconf 88' lang='lat' dir='ltr'><strong>motionis</strong></span> <span class='ocrx_word' id='word_1_72' title='bbox 1288 1402 1574 1463; x_wconf 87' lang='lat' dir='ltr'><strong>compotes</strong></span> <span class='ocrx_word' id='word_1_73' title='bbox 1621 1401 1771 1460; x_wconf 92' lang='lat' dir='ltr'><strong>sunt,</strong></span> <span class='ocrx_word' id='word_1_74' title='bbox 1796 1410 1917 1449; x_wconf 90' lang='lat' dir='ltr'><strong>esse</strong></span> <span class='ocrx_word' id='word_1_75' title='bbox 1947 1395 2151 1461; x_wconf 85' lang='lat' dir='ltr'><strong>datam,</strong></span> 
     </span>
    </p>
   </div>
   <div class='ocr_carea' id='block_1_13' title="bbox 570 1489 2156 1561">
    <p class='ocr_par' dir='ltr' id='par_1_13' title="bbox 570 1489 2156 1561">
     <span class='ocr_line' id='line_1_13' title="bbox 570 1489 2156 1561; baseline 0.003 -19"><span class='ocrx_word' id='word_1_76' title='bbox 570 1490 794 1543; x_wconf 79' lang='lat' dir='ltr'><strong>tertiam</strong></span> <span class='ocrx_word' id='word_1_77' title='bbox 833 1489 1095 1560; x_wconf 88' lang='lat' dir='ltr'><strong>denique,</strong></span> <span class='ocrx_word' id='word_1_78' title='bbox 1131 1489 1186 1543; x_wconf 91' lang='lat' dir='ltr'><strong>id</strong></span> <span class='ocrx_word' id='word_1_79' title='bbox 1209 1500 1539 1561; x_wconf 88' lang='lat' dir='ltr'><strong>estsemper</strong></span> <span class='ocrx_word' id='word_1_80' title='bbox 1571 1492 1898 1552; x_wconf 80' lang='lat' dir='ltr'><strong>exsistendi,</strong></span> <span class='ocrx_word' id='word_1_81' title='bbox 1945 1492 2028 1547; x_wconf 92' lang='lat' dir='ltr'><strong>eis</strong></span> <span class='ocrx_word' id='word_1_82' title='bbox 2067 1508 2156 1547; x_wconf 88' lang='lat' dir='ltr'><strong>se-</strong></span> 
     </span>
    </p>
   </div>
   <div class='ocr_carea' id='block_1_14' title="bbox 572 1580 2153 1654">
    <p class='ocr_par' dir='ltr' id='par_1_14' title="bbox 572 1580 2153 1654">
     <span class='ocr_line' id='line_1_14' title="bbox 572 1580 2153 1654; baseline 0.003 -21"><span class='ocrx_word' id='word_1_83' title='bbox 572 1580 814 1634; x_wconf 89' lang='lat' dir='ltr'><strong>cundum</strong></span> <span class='ocrx_word' id='word_1_84' title='bbox 858 1581 1062 1651; x_wconf 79' lang='lat' dir='ltr'><strong>gatiam</strong></span> <span class='ocrx_word' id='word_1_85' title='bbox 1111 1596 1233 1636; x_wconf 90' lang='lat' dir='ltr'><strong>esse</strong></span> <span class='ocrx_word' id='word_1_86' title='bbox 1301 1596 1644 1637; x_wconf 85' lang='lat' dir='ltr'><strong>concessam.</strong></span> <span class='ocrx_word' id='word_1_87' title='bbox 1700 1583 1879 1654; x_wconf 83' lang='lat' dir='ltr'><strong>Atque</strong></span> <span class='ocrx_word' id='word_1_88' title='bbox 1919 1584 2153 1653; x_wconf 85' lang='lat' dir='ltr'><strong>primam</strong></span> 
     </span>
    </p>
   </div>
   <div class='ocr_carea' id='block_1_15' title="bbox 569 1671 2151 1742">
    <p class='ocr_par' dir='ltr' id='par_1_15' title="bbox 569 1671 2151 1742">
     <span class='ocr_line' id='line_1_15' title="bbox 569 1671 2151 1742; baseline 0.003 -17"><span class='ocrx_word' id='word_1_89' title='bbox 569 1672 793 1742; x_wconf 85' lang='lat' dir='ltr'><strong>quidem</strong></span> <span class='ocrx_word' id='word_1_90' title='bbox 860 1672 1051 1726; x_wconf 86' lang='lat' dir='ltr'><strong>volunt</strong></span> <span class='ocrx_word' id='word_1_91' title='bbox 1105 1687 1226 1727; x_wconf 89' lang='lat' dir='ltr'><strong>esse</strong></span> <span class='ocrx_word' id='word_1_92' title='bbox 1274 1671 1549 1728; x_wconf 81' lang='lat' dir='ltr'><strong>facultatis</strong></span> <span class='ocrx_word' id='word_1_93' title='bbox 1576 1715 1591 1739; x_wconf 94' lang='lat'><strong>,</strong></span> <span class='ocrx_word' id='word_1_94' title='bbox 1634 1674 1859 1730; x_wconf 83' lang='lat' dir='ltr'><strong>alteram</strong></span> <span class='ocrx_word' id='word_1_95' title='bbox 1900 1676 2151 1742; x_wconf 82' lang='lat' dir='ltr'><strong>actionis,</strong></span> 
     </span>
    </p>
   </div>
   <div class='ocr_carea' id='block_1_16' title="bbox 1755 278 2711 350">
    <p class='ocr_par' dir='ltr' id='par_1_16' title="bbox 1755 278 2711 350">
     <span class='ocr_line' id='line_1_16' title="bbox 1755 278 2711 350; baseline 0.012 -11"><span class='ocrx_word' id='word_1_96' title='bbox 1755 280 1816 340; x_wconf 91' lang='lat' dir='ltr'><strong>S.</strong></span> <span class='ocrx_word' id='word_1_97' title='bbox 1849 279 2142 339; x_wconf 81' lang='grc' dir='ltr'><strong>ΜΑΧΙΜΙ</strong></span> <span class='ocrx_word' id='word_1_98' title='bbox 2182 278 2711 350; x_wconf 77' lang='lat' dir='ltr'><strong>CONFESSORIS.</strong></span> 
     </span>
    </p>
   </div>
   <div class='ocr_carea' id='block_1_17' title="bbox 572 384 2142 502">
    <p class='ocr_par' dir='ltr' id='par_1_17' title="bbox 572 384 2142 502">
     <span class='ocr_line' id='line_1_17' title="bbox 572 384 2142 461; baseline -0.001 -20"><span class='ocrx_word' id='word_1_99' title='bbox 572 385 697 441; x_wconf 69' lang='lat' dir='ltr'><strong>Sed</strong></span> <span class='ocrx_word' id='word_1_100' title='bbox 734 384 956 455; x_wconf 87' lang='lat' dir='ltr'><strong>quando</strong></span> <span class='ocrx_word' id='word_1_101' title='bbox 1005 390 1065 439; x_wconf 91' lang='lat' dir='ltr'><strong>ut</strong></span> <span class='ocrx_word' id='word_1_102' title='bbox 1111 385 1336 458; x_wconf 85' lang='lat' dir='ltr'><strong>requies</strong></span> <span class='ocrx_word' id='word_1_103' title='bbox 1388 388 1566 443; x_wconf 89' lang='lat' dir='ltr'><strong>solum</strong></span> <span class='ocrx_word' id='word_1_104' title='bbox 1613 398 1920 461; x_wconf 88' lang='lat' dir='ltr'><strong>spectatur,</strong></span> <span class='ocrx_word' id='word_1_105' title='bbox 1968 390 2055 445; x_wconf 91' lang='lat' dir='ltr'><strong>vel</strong></span> <span class='ocrx_word' id='word_1_106' title='bbox 2086 390 2142 443; x_wconf 70' lang='lat' dir='ltr'><strong>Sit</strong></span> 
     </span>
     <span class='ocr_line' id='line_1_18' title="bbox 585 477 2123 502; baseline 0 0"><span class='ocrx_word' id='word_1_107' title='bbox 585 478 815 502; x_wconf 70' lang='lat'><strong>.......-...</strong></span> <span class='ocrx_word' id='word_1_108' title='bbox 851 477 1086 502; x_wconf 54' lang='grc' dir='ltr'><strong>Μυκη.</strong></span> <span class='ocrx_word' id='word_1_109' title='bbox 1121 478 1173 502; x_wconf 71' lang='grc' dir='ltr'>ε-</span> <span class='ocrx_word' id='word_1_110' title='bbox 1233 494 1287 502; x_wconf 79' lang='lat'><strong>--</strong></span> <span class='ocrx_word' id='word_1_111' title='bbox 1322 481 1682 502; x_wconf 47' lang='grc' dir='ltr'><strong>---μεηηω</strong></span> <span class='ocrx_word' id='word_1_112' title='bbox 1987 482 2123 502; x_wconf 57' lang='lat'><strong>-__.,</strong></span> 
     </span>
    </p>
   </div>
   <div class='ocr_carea' id='block_1_18' title="bbox 2234 384 3545 502">
    <p class='ocr_par' dir='ltr' id='par_1_18' title="bbox 2234 393 3545 502">
     <span class='ocr_line' id='line_1_19' title="bbox 2234 393 3545 502; baseline 0.032 -60"><span class='ocrx_word' id='word_1_113' title='bbox 2234 431 2243 449; x_wconf 69' lang='lat'><strong>,</strong></span> <span class='ocrx_word' id='word_1_114' title='bbox 2261 393 2421 502; x_wconf 58' lang='grc' dir='ltr'>ρὺτῷ</span> <span class='ocrx_word' id='word_1_115' title='bbox 2458 404 3000 502; x_wconf 61' lang='grc' dir='ltr'>μυσταγωγουμένην</span> <span class='ocrx_word' id='word_1_116' title='bbox 3024 412 3232 478; x_wconf 84' lang='grc' dir='ltr'>γνῶσιν.</span> <span class='ocrx_word' id='word_1_117' title='bbox 3265 418 3386 476; x_wconf 80' lang='grc' dir='ltr'>Ἀλλ’</span> <span class='ocrx_word' id='word_1_118' title='bbox 3409 427 3482 483; x_wconf 83' lang='grc' dir='ltr'>ῐνα</span> <span class='ocrx_word' id='word_1_119' title='bbox 3515 449 3545 502; x_wconf 76' lang='grc' dir='ltr'><strong>μ</strong></span> 
     </span>
    </p>
   </div>
   <div class='ocr_carea' id='block_1_19' title="bbox 3595 324 3679 396">
    <p class='ocr_par' dir='ltr' id='par_1_19' title="bbox 3595 324 3679 396">
     <span class='ocr_line' id='line_1_20' title="bbox 3595 324 3679 396; baseline 0.083 -7"><span class='ocrx_word' id='word_1_120' title='bbox 3595 324 3679 396; x_wconf 76' lang='lat' dir='ltr'><strong>139i</strong></span> 
     </span>
    </p>
   </div>
   <div class='ocr_carea' id='block_1_20' title="bbox 2260 435 3684 595">
    <p class='ocr_par' dir='ltr' id='par_1_20' title="bbox 2260 435 3684 595">
     <span class='ocr_line' id='line_1_21' title="bbox 2273 435 3682 508; baseline 0.033 -67"><span class='ocrx_word' id='word_1_121' title='bbox 2273 435 2339 445; x_wconf 80' lang='lat'><strong>..-</strong></span> <span class='ocrx_word' id='word_1_122' title='bbox 2355 435 2420 465; x_wconf 57' lang='grc' dir='ltr'><strong>με.</strong></span> <span class='ocrx_word' id='word_1_123' title='bbox 2458 435 2565 466; x_wconf 53' lang='grc' dir='ltr'><strong>...νυ</strong></span> <span class='ocrx_word' id='word_1_124' title='bbox 2581 435 3000 476; x_wconf 67' lang='grc' dir='ltr'>...ιωτνυμενην</span> <span class='ocrx_word' id='word_1_125' title='bbox 3025 435 3232 478; x_wconf 78' lang='grc' dir='ltr'>γνωσιν.</span> <span class='ocrx_word' id='word_1_126' title='bbox 3270 435 3386 476; x_wconf 59' lang='lat' dir='ltr'><strong>AUC</strong></span> <span class='ocrx_word' id='word_1_127' title='bbox 3409 435 3482 483; x_wconf 74' lang='grc' dir='ltr'>ἵνα</span> <span class='ocrx_word' id='word_1_128' title='bbox 3515 435 3571 508; x_wconf 70' lang='grc' dir='ltr'>μὴ</span> <span class='ocrx_word' id='word_1_129' title='bbox 3605 446 3682 498; x_wconf 67' lang='grc' dir='ltr'><strong>καθ’</strong></span> 
     </span>
     <span class='ocr_line' id='line_1_22' title="bbox 2260 483 3684 595; baseline 0.032 -59"><span class='ocrx_word' id='word_1_130' title='bbox 2260 483 2493 595; x_wconf 49' lang='grc' dir='ltr'>ἕκαστον</span> <span class='ocrx_word' id='word_1_131' title='bbox 2513 490 2756 595; x_wconf 38' lang='grc' dir='ltr'>’διεξιὼν</span> <span class='ocrx_word' id='word_1_132' title='bbox 2788 500 3046 568; x_wconf 72' lang='grc' dir='ltr'>φορτικὸν</span> <span class='ocrx_word' id='word_1_133' title='bbox 3071 505 3159 560; x_wconf 81' lang='grc' dir='ltr'>τὸν</span> <span class='ocrx_word' id='word_1_134' title='bbox 3196 509 3337 579; x_wconf 86' lang='grc' dir='ltr'>λόγον</span> <span class='ocrx_word' id='word_1_135' title='bbox 3371 522 3684 595; x_wconf 74' lang='grc' dir='ltr'>ποιήσωμαι,τδ</span> 
     </span>
    </p>
   </div>
   <div class='ocr_carea' id='block_1_21' title="bbox 2257 572 3685 686">
    <p class='ocr_par' dir='ltr' id='par_1_21' title="bbox 2257 572 3685 686">
     <span class='ocr_line' id='line_1_23' title="bbox 2257 572 3685 686; baseline -0.009 2"><span class='ocrx_word' id='word_1_136' title='bbox 2257 572 2449 686; x_wconf 33' lang='grc' dir='ltr'><strong>ἐξῆ-ὗν</strong></span> <span class='ocrx_word' id='word_1_137' title='bbox 2501 579 2850 686; x_wconf 48' lang='grc' dir='ltr'><strong>ψηλὸτερον,</strong></span> <span class='ocrx_word' id='word_1_138' title='bbox 2876 587 2987 642; x_wconf 71' lang='grc' dir='ltr'>τῶν</span> <span class='ocrx_word' id='word_1_139' title='bbox 3031 593 3199 650; x_wconf 65' lang='grc' dir='ltr'>ἄλλων</span> <span class='ocrx_word' id='word_1_140' title='bbox 3239 572 3365 657; x_wconf 53' lang='lat' dir='ltr'><strong>sint</strong></span> <span class='ocrx_word' id='word_1_141' title='bbox 3399 572 3685 686; x_wconf 44' lang='grc' dir='ltr'><strong>τυῷξξξῷξ</strong></span> 
     </span>
    </p>
   </div>
   <div class='ocr_carea' id='block_1_22' title="bbox 2260 664 3682 775">
    <p class='ocr_par' dir='ltr' id='par_1_22' title="bbox 2260 664 3682 775">
     <span class='ocr_line' id='line_1_24' title="bbox 2260 664 3682 775; baseline 0.031 -58"><span class='ocrx_word' id='word_1_142' title='bbox 2260 664 2428 775; x_wconf 48' lang='grc' dir='ltr'>Ἐρεῖς</span> <span class='ocrx_word' id='word_1_143' title='bbox 2449 671 2557 741; x_wconf 80' lang='grc' dir='ltr'>γάρ</span> <span class='ocrx_word' id='word_1_144' title='bbox 2589 690 2723 775; x_wconf 50' lang='grc' dir='ltr'>φα-σι</span> <span class='ocrx_word' id='word_1_145' title='bbox 2754 679 2987 775; x_wconf 71' lang='grc' dir='ltr'>τρόπους</span> <span class='ocrx_word' id='word_1_146' title='bbox 3022 686 3071 737; x_wconf 76' lang='grc' dir='ltr'>οἱ</span> <span class='ocrx_word' id='word_1_147' title='bbox 3092 688 3196 742; x_wconf 90' lang='grc' dir='ltr'><strong>τῶν</strong></span> <span class='ocrx_word' id='word_1_148' title='bbox 3223 691 3366 749; x_wconf 84' lang='grc' dir='ltr'>Θείων</span> 
     </span>
    </p>
   </div>
   <div class='ocr_carea' id='block_1_23' title="bbox 2271 758 3685 864">
    <p class='ocr_par' dir='ltr' id='par_1_23' title="bbox 2271 758 3685 864">
     <span class='ocr_line' id='line_1_25' title="bbox 2271 758 3685 864; baseline 0.029 -53"><span class='ocrx_word' id='word_1_149' title='bbox 2271 758 2331 864; x_wconf 70' lang='lat'><strong>:0</strong></span> <span class='ocrx_word' id='word_1_150' title='bbox 2366 761 2591 864; x_wconf 64' lang='grc' dir='ltr'>σύμπας</span> <span class='ocrx_word' id='word_1_151' title='bbox 2608 768 2724 864; x_wconf 45' lang='grc' dir='ltr'>τῆς</span> <span class='ocrx_word' id='word_1_152' title='bbox 2751 770 2881 864; x_wconf 72' lang='grc' dir='ltr'>δλης</span> <span class='ocrx_word' id='word_1_153' title='bbox 2912 774 3019 864; x_wconf 84' lang='grc' dir='ltr'><strong>τῶν</strong></span> <span class='ocrx_word' id='word_1_154' title='bbox 3064 778 3283 847; x_wconf 81' lang='grc' dir='ltr'><strong>λογικῶν</strong></span> <span class='ocrx_word' id='word_1_155' title='bbox 3302 787 3470 844; x_wconf 73' lang='grc' dir='ltr'>οὐσιῶν</span> 
     </span>
    </p>
   </div>
   <div class='ocr_carea' id='block_1_24' title="bbox 2258 844 3685 944">
    <p class='ocr_par' dir='ltr' id='par_1_24' title="bbox 2258 844 3685 944">
     <span class='ocr_line' id='line_1_26' title="bbox 2258 844 3685 944; baseline 0.02 -44"><span class='ocrx_word' id='word_1_156' title='bbox 2258 844 2397 916; x_wconf 76' lang='grc' dir='ltr'>ἔχων</span> <span class='ocrx_word' id='word_1_157' title='bbox 2431 849 2723 923; x_wconf 83' lang='grc' dir='ltr'><strong>θεωρεῖται</strong></span> <span class='ocrx_word' id='word_1_158' title='bbox 2752 856 2911 927; x_wconf 93' lang='grc' dir='ltr'>λόγος</span> <span class='ocrx_word' id='word_1_159' title='bbox 2935 862 3027 916; x_wconf 82' lang='grc' dir='ltr'>τὸν</span> <span class='ocrx_word' id='word_1_160' title='bbox 3070 867 3160 920; x_wconf 83' lang='grc' dir='ltr'>τοῦ</span> <span class='ocrx_word' id='word_1_161' title='bbox 3206 866 3355 938; x_wconf 79' lang='grc' dir='ltr'>εἶναι,</span> <span class='ocrx_word' id='word_1_162' title='bbox 3378 877 3455 932; x_wconf 77' lang='grc' dir='ltr'>τὸν</span> <span class='ocrx_word' id='word_1_163' title='bbox 3478 844 3551 936; x_wconf 39' lang='lat' dir='ltr'><strong>res</strong></span> <span class='ocrx_word' id='word_1_164' title='bbox 3581 844 3685 944; x_wconf 49' lang='lat'><strong>55:;</strong></span> 
     </span>
    </p>
   </div>
   <div class='ocr_carea' id='block_1_25' title="bbox 2258 943 3685 1037">
    <p class='ocr_par' dir='ltr' id='par_1_25' title="bbox 2258 943 3685 1037">
     <span class='ocr_line' id='line_1_27' title="bbox 2258 943 3685 1037; baseline 0.027 -47"><span class='ocrx_word' id='word_1_165' title='bbox 2258 956 2367 1005; x_wconf 88' lang='grc' dir='ltr'>ναι,</span> <span class='ocrx_word' id='word_1_166' title='bbox 2403 943 2498 995; x_wconf 77' lang='grc' dir='ltr'>καὶ</span> <span class='ocrx_word' id='word_1_167' title='bbox 2542 946 2636 999; x_wconf 82' lang='grc' dir='ltr'>τὸν</span> <span class='ocrx_word' id='word_1_168' title='bbox 2673 949 2766 1003; x_wconf 77' lang='grc' dir='ltr'>τοῦ</span> <span class='ocrx_word' id='word_1_169' title='bbox 2815 953 2903 1005; x_wconf 79' lang='grc' dir='ltr'><strong>ἀεὶ</strong></span> <span class='ocrx_word' id='word_1_170' title='bbox 2947 949 3106 1019; x_wconf 85' lang='grc' dir='ltr'>εἶναι,</span> <span class='ocrx_word' id='word_1_171' title='bbox 3145 960 3233 1012; x_wconf 77' lang='grc' dir='ltr'><strong>καὶ</strong></span> <span class='ocrx_word' id='word_1_172' title='bbox 3270 965 3350 1016; x_wconf 72' lang='grc' dir='ltr'>τὸν</span> <span class='ocrx_word' id='word_1_173' title='bbox 3392 968 3475 1037; x_wconf 80' lang='grc' dir='ltr'>μὲν</span> <span class='ocrx_word' id='word_1_174' title='bbox 3506 973 3685 1032; x_wconf 70' lang='grc' dir='ltr'>τοῦεῖναι</span> 
     </span>
    </p>
   </div>
   <div class='ocr_carea' id='block_1_26' title="bbox 2257 1034 3685 1127">
    <p class='ocr_par' dir='ltr' id='par_1_26' title="bbox 2257 1034 3685 1127">
     <span class='ocr_line' id='line_1_28' title="bbox 2257 1034 3685 1127; baseline 0.027 -43"><span class='ocrx_word' id='word_1_175' title='bbox 2257 1034 2473 1127; x_wconf 62' lang='grc' dir='ltr'>πρῶτον</span> <span class='ocrx_word' id='word_1_176' title='bbox 2509 1040 2629 1092; x_wconf 84' lang='grc' dir='ltr'>κατ’</span> <span class='ocrx_word' id='word_1_177' title='bbox 2649 1041 2840 1097; x_wconf 79' lang='grc' dir='ltr'>οὐσίαν</span> <span class='ocrx_word' id='word_1_178' title='bbox 2862 1044 3186 1118; x_wconf 78' lang='grc' dir='ltr'><strong>δεδωρῆσθαι</strong></span> <span class='ocrx_word' id='word_1_179' title='bbox 3205 1057 3308 1119; x_wconf 83' lang='grc' dir='ltr'>τοῖς</span> <span class='ocrx_word' id='word_1_180' title='bbox 3334 1034 3455 1127; x_wconf 80' lang='grc' dir='ltr'>οὖσι,</span> <span class='ocrx_word' id='word_1_181' title='bbox 3478 1063 3551 1116; x_wconf 70' lang='grc' dir='ltr'>τὸν</span> <span class='ocrx_word' id='word_1_182' title='bbox 3573 1067 3613 1119; x_wconf 73' lang='grc' dir='ltr'>δὲ</span> <span class='ocrx_word' id='word_1_183' title='bbox 3629 1072 3685 1122; x_wconf 74' lang='grc' dir='ltr'>τοῦ</span> 
     </span>
    </p>
   </div>
   <div class='ocr_carea' id='block_1_27' title="bbox 2255 1121 3686 1223">
    <p class='ocr_par' dir='ltr' id='par_1_27' title="bbox 2255 1121 3686 1223">
     <span class='ocr_line' id='line_1_29' title="bbox 2255 1121 3686 1223; baseline 0.023 -45"><span class='ocrx_word' id='word_1_184' title='bbox 2255 1121 2396 1223; x_wconf 76' lang='grc' dir='ltr'>εἶναι</span> <span class='ocrx_word' id='word_1_185' title='bbox 2425 1128 2681 1223; x_wconf 63' lang='grc' dir='ltr'>δευτερον</span> <span class='ocrx_word' id='word_1_186' title='bbox 2708 1133 2960 1191; x_wconf 79' lang='grc' dir='ltr'><strong>δεδόσθαι</strong></span> <span class='ocrx_word' id='word_1_187' title='bbox 2992 1142 3129 1194; x_wconf 78' lang='grc' dir='ltr'>κατὰ</span> <span class='ocrx_word' id='word_1_188' title='bbox 3162 1121 3452 1217; x_wconf 35' lang='grc' dir='ltr'>προαίρεσιν,</span> <span class='ocrx_word' id='word_1_189' title='bbox 3474 1156 3611 1221; x_wconf 74' lang='grc' dir='ltr'>αὐτοῖς</span> <span class='ocrx_word' id='word_1_190' title='bbox 3641 1162 3686 1223; x_wconf 83' lang='grc' dir='ltr'>ὡς</span> 
     </span>
    </p>
   </div>
   <div class='ocr_carea' id='block_1_28' title="bbox 2256 1217 3687 1309">
    <p class='ocr_par' dir='ltr' id='par_1_28' title="bbox 2256 1217 3687 1309">
     <span class='ocr_line' id='line_1_30' title="bbox 2256 1217 3687 1309; baseline 0.022 -40"><span class='ocrx_word' id='word_1_191' title='bbox 2256 1217 2652 1290; x_wconf 81' lang='grc' dir='ltr'>αὐτοκινήτοις,</span> <span class='ocrx_word' id='word_1_192' title='bbox 2676 1227 2771 1279; x_wconf 79' lang='grc' dir='ltr'>τὸν</span> <span class='ocrx_word' id='word_1_193' title='bbox 2799 1227 2855 1280; x_wconf 85' lang='grc' dir='ltr'>δὲ</span> <span class='ocrx_word' id='word_1_194' title='bbox 2875 1228 2971 1282; x_wconf 72' lang='grc' dir='ltr'>τοῦ</span> <span class='ocrx_word' id='word_1_195' title='bbox 3003 1230 3086 1284; x_wconf 76' lang='grc' dir='ltr'><strong>ἀεὶ</strong></span> <span class='ocrx_word' id='word_1_196' title='bbox 3107 1229 3239 1288; x_wconf 80' lang='grc' dir='ltr'>εἶναι</span> <span class='ocrx_word' id='word_1_197' title='bbox 3259 1239 3421 1306; x_wconf 83' lang='grc' dir='ltr'>τρίτον</span> <span class='ocrx_word' id='word_1_198' title='bbox 3437 1243 3582 1309; x_wconf 75' lang='grc' dir='ltr'>αὐτοῖς</span> 
     </span>
    </p>
   </div>
   <div class='ocr_carea' id='block_1_29' title="bbox 2256 1311 3687 1402">
    <p class='ocr_par' dir='ltr' id='par_1_29' title="bbox 2256 1311 3687 1402">
     <span class='ocr_line' id='line_1_31' title="bbox 2256 1311 3687 1402; baseline 0.022 -40"><span class='ocrx_word' id='word_1_199' title='bbox 2256 1311 2419 1380; x_wconf 72' lang='grc' dir='ltr'>χάριν</span> <span class='ocrx_word' id='word_1_200' title='bbox 2449 1315 2928 1388; x_wconf 73' lang='grc' dir='ltr'><strong>πεφιλοτιμῆσθαι.</strong></span> <span class='ocrx_word' id='word_1_201' title='bbox 2964 1323 3074 1376; x_wconf 74' lang='grc' dir='ltr'><strong>Καὶ</strong></span> <span class='ocrx_word' id='word_1_202' title='bbox 3120 1326 3206 1379; x_wconf 77' lang='grc' dir='ltr'><strong>τὸν</strong></span> <span class='ocrx_word' id='word_1_203' title='bbox 3247 1330 3337 1397; x_wconf 80' lang='grc' dir='ltr'>μὲν</span> <span class='ocrx_word' id='word_1_204' title='bbox 3380 1334 3554 1402; x_wconf 84' lang='grc' dir='ltr'>πρῶτον</span> <span class='ocrx_word' id='word_1_205' title='bbox 3588 1339 3687 1394; x_wconf 76' lang='grc' dir='ltr'>δυνά-</span> 
     </span>
    </p>
   </div>
   <div class='ocr_carea' id='block_1_30' title="bbox 2260 1406 3687 1491">
    <p class='ocr_par' dir='ltr' id='par_1_30' title="bbox 2260 1406 3687 1491">
     <span class='ocr_line' id='line_1_32' title="bbox 2260 1406 3687 1491; baseline 0.02 -38"><span class='ocrx_word' id='word_1_206' title='bbox 2260 1418 2427 1471; x_wconf 85' lang='grc' dir='ltr'>μεως,</span> <span class='ocrx_word' id='word_1_207' title='bbox 2455 1406 2655 1478; x_wconf 78' lang='grc'><strong>(255</strong></span> <span class='ocrx_word' id='word_1_208' title='bbox 2684 1427 2717 1462; x_wconf 90' lang='lat' dir='ltr'><strong>a</strong></span> <span class='ocrx_word' id='word_1_209' title='bbox 2739 1414 2756 1477; x_wconf 87' lang='lat'>)</span> <span class='ocrx_word' id='word_1_210' title='bbox 2781 1411 2871 1467; x_wconf 83' lang='grc' dir='ltr'>τὸν</span> <span class='ocrx_word' id='word_1_211' title='bbox 2908 1412 2964 1465; x_wconf 85' lang='grc' dir='ltr'>δὲ</span> <span class='ocrx_word' id='word_1_212' title='bbox 3009 1413 3253 1487; x_wconf 84' lang='grc' dir='ltr'>δεύτερον</span> <span class='ocrx_word' id='word_1_213' title='bbox 3276 1421 3547 1491; x_wconf 78' lang='grc' dir='ltr'>ἐνεργείας,</span> <span class='ocrx_word' id='word_1_214' title='bbox 3570 1428 3633 1480; x_wconf 67' lang='grc' dir='ltr'><strong>τὸν</strong></span> <span class='ocrx_word' id='word_1_215' title='bbox 3654 1431 3687 1482; x_wconf 82' lang='grc' dir='ltr'>δὲ</span> 
     </span>
    </p>
   </div>
   <div class='ocr_carea' id='block_1_31' title="bbox 2256 1495 3686 1583">
    <p class='ocr_par' dir='ltr' id='par_1_31' title="bbox 2256 1495 3686 1583">
     <span class='ocr_line' id='line_1_33' title="bbox 2256 1495 3686 1583; baseline 0.02 -38"><span class='ocrx_word' id='word_1_216' title='bbox 2256 1495 2443 1564; x_wconf 81' lang='grc' dir='ltr'>τρίτον</span> <span class='ocrx_word' id='word_1_217' title='bbox 2469 1500 2671 1570; x_wconf 81' lang='grc' dir='ltr'>ἀργίας</span> <span class='ocrx_word' id='word_1_218' title='bbox 2701 1498 2841 1557; x_wconf 84' lang='grc' dir='ltr'>εἶναι</span> <span class='ocrx_word' id='word_1_219' title='bbox 2873 1510 3237 1576; x_wconf 78' lang='grc' dir='ltr'><strong>περιεκτικόν.</strong></span> <span class='ocrx_word' id='word_1_220' title='bbox 3266 1508 3425 1565; x_wconf 76' lang='grc' dir='ltr'>Οἴονὸ</span> <span class='ocrx_word' id='word_1_221' title='bbox 3452 1517 3532 1583; x_wconf 80' lang='grc' dir='ltr'>μὲν</span> <span class='ocrx_word' id='word_1_222' title='bbox 3561 1518 3686 1573; x_wconf 70' lang='grc' dir='ltr'>τοῦεῖ-</span> 
     </span>
    </p>
   </div>
   <div class='ocr_carea' id='block_1_32' title="bbox 2256 1586 3687 1676">
    <p class='ocr_par' dir='ltr' id='par_1_32' title="bbox 2256 1586 3687 1676">
     <span class='ocr_line' id='line_1_34' title="bbox 2256 1586 3687 1676; baseline 0.016 -40"><span class='ocrx_word' id='word_1_223' title='bbox 2256 1601 2346 1676; x_wconf 82' lang='grc' dir='ltr'><strong>ναι</strong></span> <span class='ocrx_word' id='word_1_224' title='bbox 2367 1586 2526 1655; x_wconf 90' lang='grc' dir='ltr'>λόγος</span> <span class='ocrx_word' id='word_1_225' title='bbox 2566 1590 2735 1662; x_wconf 82' lang='grc' dir='ltr'>μόνην</span> <span class='ocrx_word' id='word_1_226' title='bbox 2778 1595 3028 1661; x_wconf 76' lang='grc' dir='ltr'><strong>φυσικῶς</strong></span> <span class='ocrx_word' id='word_1_227' title='bbox 3064 1597 3202 1667; x_wconf 82' lang='grc' dir='ltr'>ἔχων</span> <span class='ocrx_word' id='word_1_228' title='bbox 3243 1600 3332 1670; x_wconf 80' lang='grc' dir='ltr'>τὴν</span> <span class='ocrx_word' id='word_1_229' title='bbox 3366 1605 3481 1672; x_wconf 72' lang='grc' dir='ltr'>πρὸς</span> <span class='ocrx_word' id='word_1_230' title='bbox 3500 1606 3687 1676; x_wconf 77' lang='grc' dir='ltr'>ἐνέργειαν</span> 
     </span>
    </p>
   </div>
   <div class='ocr_carea' id='block_1_33' title="bbox 2257 1675 3687 1768">
    <p class='ocr_par' dir='ltr' id='par_1_33' title="bbox 2257 1675 3687 1768">
     <span class='ocr_line' id='line_1_35' title="bbox 2257 1675 3687 1768; baseline 0.017 -40"><span class='ocrx_word' id='word_1_231' title='bbox 2257 1675 2508 1749; x_wconf 76' lang='grc' dir='ltr'>δύναμιν,</span> <span class='ocrx_word' id='word_1_232' title='bbox 2543 1683 2710 1754; x_wconf 79' lang='grc' dir='ltr'>αὐτὴν</span> <span class='ocrx_word' id='word_1_233' title='bbox 2740 1685 3120 1759; x_wconf 75' lang='grc' dir='ltr'><strong>πληρεστάτην</strong></span> <span class='ocrx_word' id='word_1_234' title='bbox 3159 1691 3275 1762; x_wconf 86' lang='grc' dir='ltr'>δίχα</span> <span class='ocrx_word' id='word_1_235' title='bbox 3305 1693 3395 1764; x_wconf 81' lang='grc' dir='ltr'>τῆς</span> <span class='ocrx_word' id='word_1_236' title='bbox 3423 1675 3687 1768; x_wconf 73' lang='grc' dir='ltr'>προαιρέσεως</span> 
     </span>
    </p>
   </div>
   <div class='ocr_carea' id='block_1_34' title="bbox 570 1736 2142 1851">
    <p class='ocr_par' dir='ltr' id='par_1_34' title="bbox 570 1760 2142 1818">
     <span class='ocr_line' id='line_1_36' title="bbox 570 1760 2142 1818; baseline 0.003 -4"><span class='ocrx_word' id='word_1_237' title='bbox 570 1760 790 1815; x_wconf 87' lang='lat' dir='ltr'><strong>tertiam</strong></span> <span class='ocrx_word' id='word_1_238' title='bbox 815 1760 1037 1815; x_wconf 88' lang='lat' dir='ltr'><strong>virtutis</strong></span> <span class='ocrx_word' id='word_1_239' title='bbox 1069 1762 1557 1816; x_wconf 85' lang='lat' dir='ltr'><strong>conservatricem.</strong></span> <span class='ocrx_word' id='word_1_240' title='bbox 1592 1761 1685 1817; x_wconf 86' lang='lat' dir='ltr'><strong>Sic</strong></span> <span class='ocrx_word' id='word_1_241' title='bbox 1724 1763 2026 1818; x_wconf 79' lang='lat' dir='ltr'><strong>exsistendi</strong></span> <span class='ocrx_word' id='word_1_242' title='bbox 2062 1780 2142 1818; x_wconf 89' lang='lat' dir='ltr'><strong>ra-</strong></span> 
     </span>
    </p>
   </div>
   <div class='ocr_carea' id='block_1_35' title="bbox 2234 1736 3686 1851">
    <p class='ocr_par' dir='ltr' id='par_1_35' title="bbox 2258 1736 3686 1851">
     <span class='ocr_line' id='line_1_37' title="bbox 2394 1736 3685 1768; baseline 0.016 -19"><span class='ocrx_word' id='word_1_243' title='bbox 2394 1736 2407 1749; x_wconf 93' lang='lat'><strong>.</strong></span> <span class='ocrx_word' id='word_1_244' title='bbox 2496 1736 2507 1745; x_wconf 64' lang='grc' dir='ltr'><strong><em>ρ</em></strong></span> <span class='ocrx_word' id='word_1_245' title='bbox 2666 1736 2679 1754; x_wconf 89' lang='grc'><strong>.</strong></span> <span class='ocrx_word' id='word_1_246' title='bbox 2748 1736 2771 1739; x_wconf 53' lang='grc' dir='ltr'><strong>ν</strong></span> <span class='ocrx_word' id='word_1_247' title='bbox 2804 1736 3113 1759; x_wconf 57' lang='lat' dir='ltr'><strong>&quot;rr&quot;&quot;‘&quot;l&#39;</strong></span> <span class='ocrx_word' id='word_1_248' title='bbox 3162 1736 3274 1762; x_wconf 69' lang='grc' dir='ltr'><strong>--Α-</strong></span> <span class='ocrx_word' id='word_1_249' title='bbox 3313 1736 3391 1764; x_wconf 73' lang='grc' dir='ltr'>--ιν</span> <span class='ocrx_word' id='word_1_250' title='bbox 3429 1736 3685 1768; x_wconf 62' lang='grc' dir='ltr'>ηεινυηιινεων</span> 
     </span>
     <span class='ocr_line' id='line_1_38' title="bbox 2258 1768 3686 1851; baseline 0.015 -32"><span class='ocrx_word' id='word_1_251' title='bbox 2258 1768 2356 1839; x_wconf 78' lang='grc' dir='ltr'>τὴν</span> <span class='ocrx_word' id='word_1_252' title='bbox 2386 1770 2671 1851; x_wconf 79' lang='grc' dir='ltr'>ἐνέργειαν</span> <span class='ocrx_word' id='word_1_253' title='bbox 2700 1774 2847 1845; x_wconf 79' lang='grc' dir='ltr'>ἔχειν</span> <span class='ocrx_word' id='word_1_254' title='bbox 2876 1779 2936 1831; x_wconf 72' lang='grc' dir='ltr'>οὗ</span> <span class='ocrx_word' id='word_1_255' title='bbox 2973 1778 3188 1835; x_wconf 77' lang='grc' dir='ltr'>δύναται</span> <span class='ocrx_word' id='word_1_256' title='bbox 3222 1785 3469 1848; x_wconf 76' lang='grc' dir='ltr'>παντελῶς</span> <span class='ocrx_word' id='word_1_257' title='bbox 3491 1804 3503 1817; x_wconf 87' lang='grc'><strong>·</strong></span> <span class='ocrx_word' id='word_1_258' title='bbox 3522 1790 3544 1841; x_wconf 82' lang='grc' dir='ltr'><strong>ὁ</strong></span> <span class='ocrx_word' id='word_1_259' title='bbox 3562 1789 3602 1841; x_wconf 83' lang='grc' dir='ltr'>δὲ</span> <span class='ocrx_word' id='word_1_260' title='bbox 3630 1791 3686 1843; x_wconf 74' lang='grc' dir='ltr'>τοῦ</span> 
     </span>
    </p>
   </div>
   <div class='ocr_carea' id='block_1_36' title="bbox 568 1850 2149 1923">
    <p class='ocr_par' dir='ltr' id='par_1_36' title="bbox 568 1850 2149 1923">
     <span class='ocr_line' id='line_1_39' title="bbox 568 1850 2149 1923; baseline 0 -18"><span class='ocrx_word' id='word_1_261' title='bbox 568 1854 670 1917; x_wconf 86' lang='lat' dir='ltr'><strong>tio,</strong></span> <span class='ocrx_word' id='word_1_262' title='bbox 702 1868 823 1923; x_wconf 71' lang='lat' dir='ltr'><strong>qum</strong></span> <span class='ocrx_word' id='word_1_263' title='bbox 859 1853 1031 1906; x_wconf 84' lang='lat' dir='ltr'><strong>solam</strong></span> <span class='ocrx_word' id='word_1_264' title='bbox 1065 1850 1396 1905; x_wconf 89' lang='lat' dir='ltr'><strong>naturaliter</strong></span> <span class='ocrx_word' id='word_1_265' title='bbox 1425 1851 1594 1908; x_wconf 88' lang='lat' dir='ltr'><strong>habet</strong></span> <span class='ocrx_word' id='word_1_266' title='bbox 1635 1852 1872 1906; x_wconf 87' lang='lat' dir='ltr'><strong>actionis</strong></span> <span class='ocrx_word' id='word_1_267' title='bbox 1919 1852 2149 1907; x_wconf 85' lang='lat' dir='ltr'><strong>faculta-</strong></span> 
     </span>
    </p>
   </div>
   <div class='ocr_carea' id='block_1_37' title="bbox 562 1944 2147 2015">
    <p class='ocr_par' dir='ltr' id='par_1_37' title="bbox 562 1944 2147 2015">
     <span class='ocr_line' id='line_1_40' title="bbox 562 1944 2147 2015; baseline 0 -17"><span class='ocrx_word' id='word_1_268' title='bbox 562 1953 702 2007; x_wconf 85' lang='lat' dir='ltr'><strong>tem,</strong></span> <span class='ocrx_word' id='word_1_269' title='bbox 738 1946 913 2015; x_wconf 84' lang='lat' dir='ltr'><strong>ipsam</strong></span> <span class='ocrx_word' id='word_1_270' title='bbox 940 1946 1319 2015; x_wconf 88' lang='lat' dir='ltr'><strong>plenissimam</strong></span> <span class='ocrx_word' id='word_1_271' title='bbox 1363 1946 1482 2001; x_wconf 87' lang='lat' dir='ltr'><strong>sine</strong></span> <span class='ocrx_word' id='word_1_272' title='bbox 1514 1944 1821 1999; x_wconf 82' lang='lat' dir='ltr'><strong>voluntatis</strong></span> <span class='ocrx_word' id='word_1_273' title='bbox 1864 1944 2147 2013; x_wconf 89' lang='lat' dir='ltr'><strong>proposito</strong></span> 
     </span>
    </p>
   </div>
   <div class='ocr_carea' id='block_1_38' title="bbox 560 2033 2146 2105">
    <p class='ocr_par' dir='ltr' id='par_1_38' title="bbox 560 2033 2146 2105">
     <span class='ocr_line' id='line_1_41' title="bbox 560 2033 2146 2105; baseline -0.003 -15"><span class='ocrx_word' id='word_1_274' title='bbox 560 2036 842 2090; x_wconf 76' lang='lat' dir='ltr'><strong>actionem</strong></span> <span class='ocrx_word' id='word_1_275' title='bbox 868 2051 1217 2105; x_wconf 84' lang='lat' dir='ltr'><strong>nequaquam</strong></span> <span class='ocrx_word' id='word_1_276' title='bbox 1248 2044 1429 2105; x_wconf 89' lang='lat' dir='ltr'><strong>potest</strong></span> <span class='ocrx_word' id='word_1_277' title='bbox 1478 2033 1686 2089; x_wconf 89' lang='lat' dir='ltr'><strong>habere</strong></span> <span class='ocrx_word' id='word_1_278' title='bbox 1720 2051 1733 2087; x_wconf 90' lang='lat'><strong>:</strong></span> <span class='ocrx_word' id='word_1_279' title='bbox 1785 2033 1928 2087; x_wconf 85' lang='lat' dir='ltr'><strong>ratio</strong></span> <span class='ocrx_word' id='word_1_280' title='bbox 1962 2041 2146 2087; x_wconf 86' lang='lat' dir='ltr'><strong>autem</strong></span> 
     </span>
    </p>
   </div>
   <div class='ocr_carea' id='block_1_39' title="bbox 565 2124 2147 2191">
    <p class='ocr_par' dir='ltr' id='par_1_39' title="bbox 565 2124 2147 2191">
     <span class='ocr_line' id='line_1_42' title="bbox 565 2124 2147 2191; baseline -0.003 -10"><span class='ocrx_word' id='word_1_281' title='bbox 565 2126 709 2181; x_wconf 85' lang='lat' dir='ltr'><strong>bene</strong></span> <span class='ocrx_word' id='word_1_282' title='bbox 736 2126 1058 2191; x_wconf 81' lang='lat' dir='ltr'><strong>exsistendi,</strong></span> <span class='ocrx_word' id='word_1_283' title='bbox 1085 2128 1255 2181; x_wconf 91' lang='lat' dir='ltr'><strong>solam</strong></span> <span class='ocrx_word' id='word_1_284' title='bbox 1296 2127 1441 2181; x_wconf 85' lang='lat' dir='ltr'><strong>hanc</strong></span> <span class='ocrx_word' id='word_1_285' title='bbox 1468 2126 1536 2180; x_wconf 90' lang='lat' dir='ltr'><strong>de</strong></span> <span class='ocrx_word' id='word_1_286' title='bbox 1597 2125 1882 2180; x_wconf 83' lang='lat' dir='ltr'><strong>voluntate</strong></span> <span class='ocrx_word' id='word_1_287' title='bbox 1940 2124 2147 2177; x_wconf 85' lang='lat' dir='ltr'><strong>habens</strong></span> 
     </span>
    </p>
   </div>
   <div class='ocr_carea' id='block_1_40' title="bbox 566 2215 2145 2286">
    <p class='ocr_par' dir='ltr' id='par_1_40' title="bbox 566 2215 2145 2286">
     <span class='ocr_line' id='line_1_43' title="bbox 566 2215 2145 2286; baseline -0.003 -14"><span class='ocrx_word' id='word_1_288' title='bbox 566 2217 833 2272; x_wconf 72' lang='lat' dir='ltr'><strong>naturalis</strong></span> <span class='ocrx_word' id='word_1_289' title='bbox 878 2217 1156 2273; x_wconf 81' lang='lat' dir='ltr'><strong>facultatis</strong></span> <span class='ocrx_word' id='word_1_290' title='bbox 1204 2217 1499 2281; x_wconf 67' lang='lat' dir='ltr'><strong>actionem,</strong></span> <span class='ocrx_word' id='word_1_291' title='bbox 1555 2216 1772 2286; x_wconf 89' lang='lat' dir='ltr'><strong>plenam</strong></span> <span class='ocrx_word' id='word_1_292' title='bbox 1830 2215 2145 2269; x_wconf 82' lang='lat' dir='ltr'><strong>facultatem</strong></span> 
     </span>
    </p>
   </div>
   <div class='ocr_carea' id='block_1_41' title="bbox 570 2305 2145 2381">
    <p class='ocr_par' dir='ltr' id='par_1_41' title="bbox 570 2305 2145 2381">
     <span class='ocr_line' id='line_1_44' title="bbox 570 2305 2145 2381; baseline -0.004 -15"><span class='ocrx_word' id='word_1_293' title='bbox 570 2311 690 2366; x_wconf 83' lang='lat' dir='ltr'><strong>sine</strong></span> <span class='ocrx_word' id='word_1_294' title='bbox 724 2319 920 2365; x_wconf 87' lang='lat' dir='ltr'><strong>natura</strong></span> <span class='ocrx_word' id='word_1_295' title='bbox 953 2325 1182 2381; x_wconf 90' lang='lat' dir='ltr'><strong>prorsus</strong></span> <span class='ocrx_word' id='word_1_296' title='bbox 1206 2316 1316 2364; x_wconf 77' lang='lat' dir='ltr'><strong>nun</strong></span> <span class='ocrx_word' id='word_1_297' title='bbox 1356 2309 1557 2364; x_wconf 87' lang='lat' dir='ltr'><strong>habet:</strong></span> <span class='ocrx_word' id='word_1_298' title='bbox 1588 2324 1808 2378; x_wconf 87' lang='lat' dir='ltr'><strong>semper</strong></span> <span class='ocrx_word' id='word_1_299' title='bbox 1840 2305 2145 2362; x_wconf 82' lang='lat' dir='ltr'><strong>exsistendi</strong></span> 
     </span>
    </p>
   </div>
   <div class='ocr_carea' id='block_1_42' title="bbox 566 2392 2146 2473">
    <p class='ocr_par' dir='ltr' id='par_1_42' title="bbox 566 2392 2146 2473">
     <span class='ocr_line' id='line_1_45' title="bbox 566 2392 2146 2473; baseline -0.003 -17"><span class='ocrx_word' id='word_1_300' title='bbox 566 2392 806 2473; x_wconf 85' lang='lat' dir='ltr'><strong>denique</strong></span> <span class='ocrx_word' id='word_1_301' title='bbox 834 2403 971 2457; x_wconf 79' lang='lat' dir='ltr'><strong>ratio</strong></span> <span class='ocrx_word' id='word_1_302' title='bbox 995 2418 1187 2457; x_wconf 88' lang='lat' dir='ltr'><strong>earum</strong></span> <span class='ocrx_word' id='word_1_303' title='bbox 1212 2418 1333 2472; x_wconf 70' lang='lat' dir='ltr'><strong>qua:</strong></span> <span class='ocrx_word' id='word_1_304' title='bbox 1388 2400 1830 2471; x_wconf 70' lang='lat' dir='ltr'><strong>prmgrediuntur</strong></span> <span class='ocrx_word' id='word_1_305' title='bbox 1874 2398 2146 2470; x_wconf 76' lang='lat' dir='ltr'><strong>generali-</strong></span> 
     </span>
    </p>
   </div>
   <div class='ocr_carea' id='block_1_43' title="bbox 566 2489 2145 2562">
    <p class='ocr_par' dir='ltr' id='par_1_43' title="bbox 566 2489 2145 2562">
     <span class='ocr_line' id='line_1_46' title="bbox 566 2489 2145 2562; baseline -0.003 -14"><span class='ocrx_word' id='word_1_306' title='bbox 566 2502 654 2548; x_wconf 89' lang='lat' dir='ltr'><strong>ter</strong></span> <span class='ocrx_word' id='word_1_307' title='bbox 675 2493 1142 2559; x_wconf 88' lang='lat' dir='ltr'><strong>circumcludens,</strong></span> <span class='ocrx_word' id='word_1_308' title='bbox 1170 2492 1337 2548; x_wconf 90' lang='lat' dir='ltr'><strong>unius</strong></span> <span class='ocrx_word' id='word_1_309' title='bbox 1368 2491 1593 2562; x_wconf 83' lang='lat' dir='ltr'><strong>qnidem</strong></span> <span class='ocrx_word' id='word_1_310' title='bbox 1644 2490 1982 2554; x_wconf 85' lang='lat' dir='ltr'><strong>facultatem,</strong></span> <span class='ocrx_word' id='word_1_311' title='bbox 2007 2489 2145 2545; x_wconf 88' lang='lat' dir='ltr'><strong>alte-</strong></span> 
     </span>
    </p>
   </div>
   <div class='ocr_carea' id='block_1_44' title="bbox 568 2580 2143 2654">
    <p class='ocr_par' dir='ltr' id='par_1_44' title="bbox 568 2580 2143 2654">
     <span class='ocr_line' id='line_1_47' title="bbox 568 2580 2143 2654; baseline -0.004 -15"><span class='ocrx_word' id='word_1_312' title='bbox 568 2584 687 2641; x_wconf 79' lang='lat' dir='ltr'><strong>rius</strong></span> <span class='ocrx_word' id='word_1_313' title='bbox 707 2586 999 2649; x_wconf 84' lang='lat' dir='ltr'><strong>rationem,</strong></span> <span class='ocrx_word' id='word_1_314' title='bbox 1021 2600 1202 2654; x_wconf 88' lang='lat' dir='ltr'><strong>neque</strong></span> <span class='ocrx_word' id='word_1_315' title='bbox 1231 2583 1559 2639; x_wconf 88' lang='lat' dir='ltr'><strong>naturaliter</strong></span> <span class='ocrx_word' id='word_1_316' title='bbox 1580 2582 1806 2637; x_wconf 90' lang='lat' dir='ltr'><strong>omnino</strong></span> <span class='ocrx_word' id='word_1_317' title='bbox 1838 2580 2143 2636; x_wconf 90' lang='lat' dir='ltr'><strong>secundum</strong></span> 
     </span>
    </p>
   </div>
   <div class='ocr_carea' id='block_1_45' title="bbox 563 2675 2142 2747">
    <p class='ocr_par' dir='ltr' id='par_1_45' title="bbox 563 2675 2142 2747">
     <span class='ocr_line' id='line_1_48' title="bbox 563 2675 2142 2747; baseline -0.003 -17"><span class='ocrx_word' id='word_1_318' title='bbox 563 2675 1051 2732; x_wconf 78' lang='lat' dir='ltr'><strong>facultatem&#39;inest</strong></span> <span class='ocrx_word' id='word_1_319' title='bbox 1084 2677 1139 2730; x_wconf 93' lang='lat' dir='ltr'><strong>in</strong></span> <span class='ocrx_word' id='word_1_320' title='bbox 1178 2677 1261 2732; x_wconf 90' lang='lat' dir='ltr'><strong>eis</strong></span> <span class='ocrx_word' id='word_1_321' title='bbox 1282 2691 1404 2747; x_wconf 61' lang='lat' dir='ltr'><strong>quae</strong></span> <span class='ocrx_word' id='word_1_322' title='bbox 1441 2675 1734 2739; x_wconf 79' lang='lat' dir='ltr'><strong>exsistunt,</strong></span> <span class='ocrx_word' id='word_1_323' title='bbox 1780 2688 1962 2744; x_wconf 92' lang='lat' dir='ltr'><strong>neque</strong></span> <span class='ocrx_word' id='word_1_324' title='bbox 2012 2688 2142 2743; x_wconf 87' lang='lat' dir='ltr'><strong>pro-</strong></span> 
     </span>
    </p>
   </div>
   <div class='ocr_carea' id='block_1_46' title="bbox 572 2763 2142 2837">
    <p class='ocr_par' dir='ltr' id='par_1_46' title="bbox 572 2763 2142 2837">
     <span class='ocr_line' id='line_1_49' title="bbox 572 2763 2142 2837; baseline -0.004 -14"><span class='ocrx_word' id='word_1_325' title='bbox 572 2768 726 2823; x_wconf 87' lang='lat' dir='ltr'><strong>fecto</strong></span> <span class='ocrx_word' id='word_1_326' title='bbox 749 2767 817 2822; x_wconf 90' lang='lat' dir='ltr'><strong>de</strong></span> <span class='ocrx_word' id='word_1_327' title='bbox 852 2783 921 2822; x_wconf 92' lang='lat' dir='ltr'><strong>ne</strong></span> <span class='ocrx_word' id='word_1_328' title='bbox 933 2767 1186 2822; x_wconf 89' lang='lat' dir='ltr'><strong>cessitate</strong></span> <span class='ocrx_word' id='word_1_329' title='bbox 1214 2783 1445 2837; x_wconf 88' lang='lat' dir='ltr'><strong>prorsus</strong></span> <span class='ocrx_word' id='word_1_330' title='bbox 1472 2765 1772 2820; x_wconf 83' lang='lat' dir='ltr'><strong>voluntatis</strong></span> <span class='ocrx_word' id='word_1_331' title='bbox 1796 2763 2142 2835; x_wconf 87' lang='lat' dir='ltr'><strong>propositum</strong></span> 
     </span>
    </p>
   </div>
   <div class='ocr_carea' id='block_1_47' title="bbox 564 2857 2143 2931">
    <p class='ocr_par' dir='ltr' id='par_1_47' title="bbox 564 2857 2143 2931">
     <span class='ocr_line' id='line_1_50' title="bbox 564 2857 2143 2931; baseline -0.004 -15"><span class='ocrx_word' id='word_1_332' title='bbox 564 2859 820 2931; x_wconf 88' lang='lat' dir='ltr'><strong>sequitur</strong></span> <span class='ocrx_word' id='word_1_333' title='bbox 856 2858 1153 2931; x_wconf 83' lang='lat' dir='ltr'><strong>(quomodo</strong></span> <span class='ocrx_word' id='word_1_334' title='bbox 1179 2859 1326 2913; x_wconf 90' lang='lat' dir='ltr'><strong>enim</strong></span> <span class='ocrx_word' id='word_1_335' title='bbox 1349 2859 1407 2913; x_wconf 88' lang='lat' dir='ltr'><strong>in</strong></span> <span class='ocrx_word' id='word_1_336' title='bbox 1433 2858 1518 2913; x_wconf 86' lang='lat' dir='ltr'><strong>eis</strong></span> <span class='ocrx_word' id='word_1_337' title='bbox 1542 2873 1663 2927; x_wconf 76' lang='lat' dir='ltr'><strong>qua:</strong></span> <span class='ocrx_word' id='word_1_338' title='bbox 1689 2857 1915 2911; x_wconf 88' lang='lat' dir='ltr'><strong>initium</strong></span> <span class='ocrx_word' id='word_1_339' title='bbox 1943 2872 2143 2912; x_wconf 88' lang='lat' dir='ltr'><strong>secun-</strong></span> 
     </span>
    </p>
   </div>
   <div class='ocr_carea' id='block_1_48' title="bbox 563 2946 2142 3016">
    <p class='ocr_par' dir='ltr' id='par_1_48' title="bbox 563 2946 2142 3016">
     <span class='ocr_line' id='line_1_51' title="bbox 563 2946 2142 3016; baseline -0.003 -10"><span class='ocrx_word' id='word_1_340' title='bbox 563 2951 696 3006; x_wconf 90' lang='lat' dir='ltr'><strong>dum</strong></span> <span class='ocrx_word' id='word_1_341' title='bbox 732 2960 985 3005; x_wconf 91' lang='lat' dir='ltr'><strong>naturam</strong></span> <span class='ocrx_word' id='word_1_342' title='bbox 1008 2957 1063 3004; x_wconf 91' lang='lat' dir='ltr'><strong>et</strong></span> <span class='ocrx_word' id='word_1_343' title='bbox 1098 2949 1261 3004; x_wconf 78' lang='lat' dir='ltr'><strong>tinent</strong></span> <span class='ocrx_word' id='word_1_344' title='bbox 1295 2956 1353 3004; x_wconf 91' lang='lat' dir='ltr'><strong>et</strong></span> <span class='ocrx_word' id='word_1_345' title='bbox 1372 2948 1675 3003; x_wconf 90' lang='lat' dir='ltr'><strong>motionem</strong></span> <span class='ocrx_word' id='word_1_346' title='bbox 1720 2946 1928 3002; x_wconf 90' lang='lat' dir='ltr'><strong>habent</strong></span> <span class='ocrx_word' id='word_1_347' title='bbox 1944 2953 2142 3016; x_wconf 80' lang='lat' dir='ltr'><strong>potest</strong></span> 
     </span>
    </p>
   </div>
   <div class='ocr_carea' id='block_1_49' title="bbox 2250 1854 3686 1947">
    <p class='ocr_par' dir='ltr' id='par_1_49' title="bbox 2250 1854 3686 1947">
     <span class='ocr_line' id='line_1_52' title="bbox 2250 1854 3686 1947; baseline 0.015 -37"><span class='ocrx_word' id='word_1_348' title='bbox 2250 1854 2311 1911; x_wconf 78' lang='grc' dir='ltr'>εὖ</span> <span class='ocrx_word' id='word_1_349' title='bbox 2342 1854 2483 1913; x_wconf 77' lang='grc' dir='ltr'>εἶναι</span> <span class='ocrx_word' id='word_1_350' title='bbox 2512 1863 2683 1933; x_wconf 75' lang='grc' dir='ltr'>αὐτὴν</span> <span class='ocrx_word' id='word_1_351' title='bbox 2735 1866 2903 1937; x_wconf 83' lang='grc' dir='ltr'>μόνην</span> <span class='ocrx_word' id='word_1_352' title='bbox 2946 1873 3235 1939; x_wconf 81' lang='grc' dir='ltr'>γνωμικῶς</span> <span class='ocrx_word' id='word_1_353' title='bbox 3279 1873 3403 1942; x_wconf 83' lang='grc' dir='ltr'>ἔχων</span> <span class='ocrx_word' id='word_1_354' title='bbox 3429 1877 3509 1945; x_wconf 81' lang='grc' dir='ltr'><strong>τῆς</strong></span> <span class='ocrx_word' id='word_1_355' title='bbox 3535 1880 3686 1947; x_wconf 66' lang='grc' dir='ltr'>φυσικῆς</span> 
     </span>
    </p>
   </div>
   <div class='ocr_carea' id='block_1_50' title="bbox 2246 1945 3687 2036">
    <p class='ocr_par' dir='ltr' id='par_1_50' title="bbox 2246 1945 3687 2036">
     <span class='ocr_line' id='line_1_53' title="bbox 2246 1945 3687 2036; baseline 0.015 -38"><span class='ocrx_word' id='word_1_356' title='bbox 2246 1945 2532 2018; x_wconf 82' lang='grc' dir='ltr'>δυνάμεως</span> <span class='ocrx_word' id='word_1_357' title='bbox 2557 1953 2655 2023; x_wconf 82' lang='grc' dir='ltr'>τὴν</span> <span class='ocrx_word' id='word_1_358' title='bbox 2690 1956 2977 2027; x_wconf 83' lang='grc' dir='ltr'>ἐνέργειαν</span> <span class='ocrx_word' id='word_1_359' title='bbox 3015 1999 3029 2021; x_wconf 83' lang='grc'><strong>,</strong></span> <span class='ocrx_word' id='word_1_360' title='bbox 3060 1960 3228 2031; x_wconf 82' lang='grc' dir='ltr'>αὐτὴν</span> <span class='ocrx_word' id='word_1_361' title='bbox 3261 1963 3514 2034; x_wconf 78' lang='grc' dir='ltr'>ὁλόκληρον</span> <span class='ocrx_word' id='word_1_362' title='bbox 3545 1966 3612 2036; x_wconf 77' lang='grc' dir='ltr'><strong>τὴν</strong></span> 
     </span>
    </p>
   </div>
   <div class='ocr_carea' id='block_1_51' title="bbox 2248 2040 3687 2124">
    <p class='ocr_par' dir='ltr' id='par_1_51' title="bbox 2248 2040 3687 2124">
     <span class='ocr_line' id='line_1_54' title="bbox 2248 2040 3687 2124; baseline 0.015 -34"><span class='ocrx_word' id='word_1_363' title='bbox 2248 2054 2414 2109; x_wconf 79' lang='grc' dir='ltr'>ναμιν</span> <span class='ocrx_word' id='word_1_364' title='bbox 2444 2040 2505 2094; x_wconf 85' lang='grc' dir='ltr'>τὸ</span> <span class='ocrx_word' id='word_1_365' title='bbox 2531 2042 2751 2098; x_wconf 86' lang='grc' dir='ltr'>σύνολον</span> <span class='ocrx_word' id='word_1_366' title='bbox 2796 2048 2968 2118; x_wconf 78' lang='grc' dir='ltr'>χωρὶς</span> <span class='ocrx_word' id='word_1_367' title='bbox 3014 2051 3113 2104; x_wconf 79' lang='grc' dir='ltr'>οὐκ</span> <span class='ocrx_word' id='word_1_368' title='bbox 3136 2051 3244 2122; x_wconf 82' lang='grc' dir='ltr'>ἔχει</span> <span class='ocrx_word' id='word_1_369' title='bbox 3279 2054 3370 2124; x_wconf 84' lang='grc' dir='ltr'>τῆς</span> <span class='ocrx_word' id='word_1_370' title='bbox 3405 2055 3687 2124; x_wconf 71' lang='grc' dir='ltr'>φύσεως-ὅδὲ</span> 
     </span>
    </p>
   </div>
   <div class='ocr_carea' id='block_1_52' title="bbox 2247 2312 3689 2401">
    <p class='ocr_par' dir='ltr' id='par_1_52' title="bbox 2247 2312 3689 2401">
     <span class='ocr_line' id='line_1_55' title="bbox 2247 2312 3689 2401; baseline 0.017 -39"><span class='ocrx_word' id='word_1_371' title='bbox 2247 2312 2493 2377; x_wconf 82' lang='grc' dir='ltr'>φυσικῶς</span> <span class='ocrx_word' id='word_1_372' title='bbox 2525 2317 2665 2370; x_wconf 86' lang='grc' dir='ltr'>κατά</span> <span class='ocrx_word' id='word_1_373' title='bbox 2691 2317 2925 2390; x_wconf 78' lang='grc' dir='ltr'>δύναμιν</span> <span class='ocrx_word' id='word_1_374' title='bbox 2961 2327 3078 2386; x_wconf 74' lang='grc' dir='ltr'>τοῖς</span> <span class='ocrx_word' id='word_1_375' title='bbox 3101 2320 3247 2380; x_wconf 76' lang='grc' dir='ltr'>οὖσιν</span> <span class='ocrx_word' id='word_1_376' title='bbox 3275 2328 3532 2401; x_wconf 80' lang='grc' dir='ltr'>ἐνυπάρχει</span> <span class='ocrx_word' id='word_1_377' title='bbox 3570 2348 3689 2386; x_wconf 64' lang='grc' dir='ltr'>πανπ-</span> 
     </span>
    </p>
   </div>
   <div class='ocr_carea' id='block_1_53' title="bbox 2245 2399 3687 2492">
    <p class='ocr_par' dir='ltr' id='par_1_53' title="bbox 2245 2399 3687 2492">
     <span class='ocr_line' id='line_1_56' title="bbox 2245 2399 3687 2492; baseline 0.017 -40"><span class='ocrx_word' id='word_1_378' title='bbox 2245 2399 2373 2465; x_wconf 82' lang='grc' dir='ltr'>λῶς,</span> <span class='ocrx_word' id='word_1_379' title='bbox 2407 2401 2530 2460; x_wconf 75' lang='grc' dir='ltr'>οὔτε</span> <span class='ocrx_word' id='word_1_380' title='bbox 2565 2405 2672 2478; x_wconf 81' lang='grc' dir='ltr'>μὴν</span> <span class='ocrx_word' id='word_1_381' title='bbox 2698 2408 2765 2475; x_wconf 75' lang='grc' dir='ltr'>ἐξ</span> <span class='ocrx_word' id='word_1_382' title='bbox 2790 2411 3040 2484; x_wconf 80' lang='grc' dir='ltr'>ἀνάγκης</span> <span class='ocrx_word' id='word_1_383' title='bbox 3069 2416 3127 2467; x_wconf 74' lang='grc' dir='ltr'>τὸ</span> <span class='ocrx_word' id='word_1_384' title='bbox 3159 2419 3405 2489; x_wconf 79' lang='grc' dir='ltr'>παράπαν</span> <span class='ocrx_word' id='word_1_385' title='bbox 3423 2399 3590 2492; x_wconf 68' lang='grc' dir='ltr'>θελήσει</span> <span class='ocrx_word' id='word_1_386' title='bbox 3607 2439 3687 2492; x_wconf 82' lang='grc' dir='ltr'>προ-</span> 
     </span>
    </p>
   </div>
   <div class='ocr_carea' id='block_1_54' title="bbox 2247 2493 3688 2582">
    <p class='ocr_par' dir='ltr' id='par_1_54' title="bbox 2247 2493 3688 2582">
     <span class='ocr_line' id='line_1_57' title="bbox 2247 2493 3688 2582; baseline 0.015 -36"><span class='ocrx_word' id='word_1_387' title='bbox 2247 2493 2517 2562; x_wconf 81' lang='grc' dir='ltr'>αιρέσεως</span> <span class='ocrx_word' id='word_1_388' title='bbox 2550 2497 2771 2554; x_wconf 77' lang='grc' dir='ltr'>ἕπεται·</span> <span class='ocrx_word' id='word_1_389' title='bbox 2814 2503 2930 2568; x_wconf 89' lang='grc' dir='ltr'><strong>πῶς</strong></span> <span class='ocrx_word' id='word_1_390' title='bbox 2968 2506 3077 2577; x_wconf 84' lang='grc' dir='ltr'>γὰρ</span> <span class='ocrx_word' id='word_1_391' title='bbox 3119 2510 3228 2573; x_wconf 87' lang='grc' dir='ltr'>τοῖς</span> <span class='ocrx_word' id='word_1_392' title='bbox 3255 2510 3411 2582; x_wconf 77' lang='grc' dir='ltr'>ἀρχὴν</span> <span class='ocrx_word' id='word_1_393' title='bbox 3450 2512 3688 2581; x_wconf 72' lang='grc' dir='ltr'>κατὰφύσιν</span> 
     </span>
    </p>
   </div>
   <div class='ocr_carea' id='block_1_55' title="bbox 2246 2586 3689 2670">
    <p class='ocr_par' dir='ltr' id='par_1_55' title="bbox 2246 2586 3689 2670">
     <span class='ocr_line' id='line_1_58' title="bbox 2246 2586 3689 2670; baseline 0.014 -34"><span class='ocrx_word' id='word_1_394' title='bbox 2246 2586 2338 2637; x_wconf 73' lang='grc' dir='ltr'><strong>καὶ</strong></span> <span class='ocrx_word' id='word_1_395' title='bbox 2365 2587 2518 2652; x_wconf 84' lang='grc' dir='ltr'>τέλος</span> <span class='ocrx_word' id='word_1_396' title='bbox 2549 2591 2690 2644; x_wconf 80' lang='grc' dir='ltr'>κατᾶ</span> <span class='ocrx_word' id='word_1_397' title='bbox 2712 2593 2931 2665; x_wconf 87' lang='grc' dir='ltr'>κίνησιν</span> <span class='ocrx_word' id='word_1_398' title='bbox 2962 2598 3180 2670; x_wconf 76' lang='grc' dir='ltr'>ἔχουσιν</span> <span class='ocrx_word' id='word_1_399' title='bbox 3204 2595 3308 2655; x_wconf 77' lang='grc' dir='ltr'>οἷόν</span> <span class='ocrx_word' id='word_1_400' title='bbox 3328 2620 3381 2656; x_wconf 89' lang='grc' dir='ltr'><strong>τε</strong></span> <span class='ocrx_word' id='word_1_401' title='bbox 3415 2605 3573 2657; x_wconf 82' lang='grc' dir='ltr'>ἐνεῖναι</span> <span class='ocrx_word' id='word_1_402' title='bbox 3591 2606 3689 2657; x_wconf 54' lang='lat' dir='ltr'><strong>nisi</strong></span> 
     </span>
    </p>
   </div>
   <div class='ocr_carea' id='block_1_56' title="bbox 2242 2675 3689 2768">
    <p class='ocr_par' dir='ltr' id='par_1_56' title="bbox 2242 2675 3689 2768">
     <span class='ocr_line' id='line_1_59' title="bbox 2242 2675 3689 2768; baseline 0.012 -38"><span class='ocrx_word' id='word_1_403' title='bbox 2242 2675 2303 2730; x_wconf 81' lang='grc' dir='ltr'><strong>δν</strong></span> <span class='ocrx_word' id='word_1_404' title='bbox 2328 2680 2421 2732; x_wconf 60' lang='grc' dir='ltr'><strong>καὶ⁵</strong></span> <span class='ocrx_word' id='word_1_405' title='bbox 2454 2681 2631 2754; x_wconf 75' lang='grc' dir='ltr'>ἀρχὴν</span> <span class='ocrx_word' id='word_1_406' title='bbox 2683 2685 2779 2738; x_wconf 76' lang='grc' dir='ltr'>καὶ</span> <span class='ocrx_word' id='word_1_407' title='bbox 2826 2687 2984 2754; x_wconf 83' lang='grc' dir='ltr'>τέλος</span> <span class='ocrx_word' id='word_1_408' title='bbox 3030 2693 3129 2746; x_wconf 80' lang='grc' dir='ltr'>οὐκ</span> <span class='ocrx_word' id='word_1_409' title='bbox 3172 2692 3326 2764; x_wconf 79' lang='grc' dir='ltr'>ἐχον;</span> <span class='ocrx_word' id='word_1_410' title='bbox 3368 2696 3689 2768; x_wconf 76' lang='grc' dir='ltr'>ἀλλ’ὃροςέστὶ,</span> 
     </span>
    </p>
   </div>
   <div class='ocr_carea' id='block_1_57' title="bbox 2244 2771 3688 2860">
    <p class='ocr_par' dir='ltr' id='par_1_57' title="bbox 2244 2771 3688 2860">
     <span class='ocr_line' id='line_1_60' title="bbox 2244 2771 3688 2860; baseline 0.012 -37"><span class='ocrx_word' id='word_1_411' title='bbox 2244 2771 2509 2843; x_wconf 80' lang='grc' dir='ltr'>στάσιμον</span> <span class='ocrx_word' id='word_1_412' title='bbox 2558 2775 2731 2829; x_wconf 87' lang='grc' dir='ltr'>ποιῶν</span> <span class='ocrx_word' id='word_1_413' title='bbox 2764 2777 2863 2851; x_wconf 78' lang='grc' dir='ltr'>τὴν</span> <span class='ocrx_word' id='word_1_414' title='bbox 2909 2781 3015 2851; x_wconf 83' lang='grc' dir='ltr'>μὲν</span> <span class='ocrx_word' id='word_1_415' title='bbox 3046 2784 3210 2854; x_wconf 78' lang='grc' dir='ltr'>φύσιν</span> <span class='ocrx_word' id='word_1_416' title='bbox 3242 2787 3377 2840; x_wconf 80' lang='grc' dir='ltr'>κατὰ</span> <span class='ocrx_word' id='word_1_417' title='bbox 3416 2788 3501 2860; x_wconf 75' lang='grc' dir='ltr'>τὴν</span> <span class='ocrx_word' id='word_1_418' title='bbox 3519 2788 3688 2857; x_wconf 73' lang='grc' dir='ltr'>δύναμιν,</span> 
     </span>
    </p>
   </div>
   <div class='ocr_carea' id='block_1_58' title="bbox 2240 2864 3690 2951">
    <p class='ocr_par' dir='ltr' id='par_1_58' title="bbox 2240 2864 3690 2951">
     <span class='ocr_line' id='line_1_61' title="bbox 2240 2864 3690 2951; baseline 0.014 -36"><span class='ocrx_word' id='word_1_419' title='bbox 2240 2864 2341 2933; x_wconf 79' lang='grc' dir='ltr'>τὴν</span> <span class='ocrx_word' id='word_1_420' title='bbox 2368 2865 2425 2919; x_wconf 81' lang='grc' dir='ltr'>δὲ</span> <span class='ocrx_word' id='word_1_421' title='bbox 2458 2868 2779 2938; x_wconf 84' lang='grc' dir='ltr'>προαίρεσιν</span> <span class='ocrx_word' id='word_1_422' title='bbox 2819 2874 2961 2928; x_wconf 85' lang='grc' dir='ltr'>κατὰ</span> <span class='ocrx_word' id='word_1_423' title='bbox 3010 2877 3110 2948; x_wconf 79' lang='grc' dir='ltr'>τὴν</span> <span class='ocrx_word' id='word_1_424' title='bbox 3163 2879 3443 2951; x_wconf 78' lang='grc' dir='ltr'>ἐνέργειαν,</span> <span class='ocrx_word' id='word_1_425' title='bbox 3469 2880 3690 2949; x_wconf 73' lang='grc' dir='ltr'>οὐδ’ἐτέρας</span> 
     </span>
    </p>
   </div>
   <div class='ocr_carea' id='block_1_59' title="bbox 2241 2955 3691 3040">
    <p class='ocr_par' dir='ltr' id='par_1_59' title="bbox 2241 2955 3691 3040">
     <span class='ocr_line' id='line_1_62' title="bbox 2241 2955 3691 3040; baseline 0.012 -33"><span class='ocrx_word' id='word_1_426' title='bbox 2241 2955 2488 3025; x_wconf 76' lang='grc' dir='ltr'>ἀμείϐων</span> <span class='ocrx_word' id='word_1_427' title='bbox 2514 2963 2830 3019; x_wconf 79' lang='grc' dir='ltr'>παντάπασι</span> <span class='ocrx_word' id='word_1_428' title='bbox 2860 2966 2952 3020; x_wconf 72' lang='grc' dir='ltr'>τὸν</span> <span class='ocrx_word' id='word_1_429' title='bbox 2977 2969 3102 3023; x_wconf 78' lang='grc' dir='ltr'>καθ’</span> <span class='ocrx_word' id='word_1_430' title='bbox 3128 2971 3187 3024; x_wconf 84' lang='grc' dir='ltr'>ὃν</span> <span class='ocrx_word' id='word_1_431' title='bbox 3214 2962 3326 3025; x_wconf 82' lang='grc' dir='ltr'><strong>ἐστί</strong></span> <span class='ocrx_word' id='word_1_432' title='bbox 3347 2973 3499 3040; x_wconf 88' lang='grc' dir='ltr'>λόγον,</span> <span class='ocrx_word' id='word_1_433' title='bbox 3519 2973 3591 3026; x_wconf 73' lang='grc' dir='ltr'>καὶ</span> <span class='ocrx_word' id='word_1_434' title='bbox 3610 2973 3691 3024; x_wconf 72' lang='grc' dir='ltr'>πᾶσι</span> 
     </span>
    </p>
   </div>
   <div class='ocr_carea' id='block_1_60' title="bbox 562 3033 2142 3144">
    <p class='ocr_par' dir='ltr' id='par_1_60' title="bbox 562 3033 2141 3108">
     <span class='ocr_line' id='line_1_63' title="bbox 562 3033 2141 3108; baseline -0.004 -13"><span class='ocrx_word' id='word_1_435' title='bbox 562 3040 744 3095; x_wconf 88' lang='lat' dir='ltr'><strong>inesse</strong></span> <span class='ocrx_word' id='word_1_436' title='bbox 772 3038 829 3093; x_wconf 89' lang='lat' dir='ltr'><strong>id</strong></span> <span class='ocrx_word' id='word_1_437' title='bbox 862 3038 1011 3108; x_wconf 90' lang='lat' dir='ltr'><strong>quod</strong></span> <span class='ocrx_word' id='word_1_438' title='bbox 1048 3054 1269 3108; x_wconf 84' lang='lat' dir='ltr'><strong>semper</strong></span> <span class='ocrx_word' id='word_1_439' title='bbox 1292 3037 1512 3093; x_wconf 78' lang='lat' dir='ltr'><strong>exsistit</strong></span> <span class='ocrx_word' id='word_1_440' title='bbox 1538 3046 1703 3106; x_wconf 90' lang='lat' dir='ltr'><strong>atque</strong></span> <span class='ocrx_word' id='word_1_441' title='bbox 1749 3035 1972 3089; x_wconf 89' lang='lat' dir='ltr'><strong>initium</strong></span> <span class='ocrx_word' id='word_1_442' title='bbox 1992 3042 2048 3088; x_wconf 90' lang='lat' dir='ltr'><strong>et</strong></span> <span class='ocrx_word' id='word_1_443' title='bbox 2074 3033 2141 3088; x_wconf 78' lang='lat' dir='ltr'><strong>fi-</strong></span> 
     </span>
    </p>
   </div>
   <div class='ocr_carea' id='block_1_61' title="bbox 2234 3033 3692 3144">
    <p class='ocr_par' dir='ltr' id='par_1_61' title="bbox 2244 3033 3692 3133">
     <span class='ocr_line' id='line_1_64' title="bbox 2244 3033 3692 3133; baseline 0.008 -34"><span class='ocrx_word' id='word_1_444' title='bbox 2244 3046 2456 3112; x_wconf 79' lang='grc' dir='ltr'>πάντας</span> <span class='ocrx_word' id='word_1_445' title='bbox 2485 3049 2691 3117; x_wconf 77' lang='grc' dir='ltr'>αἰῶνας</span> <span class='ocrx_word' id='word_1_446' title='bbox 2739 3071 2799 3107; x_wconf 87' lang='grc' dir='ltr'><strong>τε</strong></span> <span class='ocrx_word' id='word_1_447' title='bbox 2847 3056 2944 3109; x_wconf 80' lang='grc' dir='ltr'><strong>καὶ</strong></span> <span class='ocrx_word' id='word_1_448' title='bbox 2977 3058 3208 3128; x_wconf 89' lang='grc' dir='ltr'>χρόνους</span> <span class='ocrx_word' id='word_1_449' title='bbox 3250 3033 3449 3133; x_wconf 74' lang='grc' dir='ltr'>ὁρίζων.</span> <span class='ocrx_word' id='word_1_450' title='bbox 3479 3033 3566 3114; x_wconf 65' lang='grc' dir='ltr'><strong>Καὶ</strong></span> <span class='ocrx_word' id='word_1_451' title='bbox 3593 3057 3692 3111; x_wconf 71' lang='grc' dir='ltr'>τοῦτό</span> 
     </span>
    </p>
   </div>
   <div class='ocr_carea' id='block_1_62' title="bbox 560 3125 2139 3199">
    <p class='ocr_par' dir='ltr' id='par_1_62' title="bbox 560 3125 2139 3199">
     <span class='ocr_line' id='line_1_65' title="bbox 560 3125 2139 3199; baseline -0.004 -13"><span class='ocrx_word' id='word_1_452' title='bbox 560 3146 689 3186; x_wconf 90' lang='lat' dir='ltr'><strong>nem</strong></span> <span class='ocrx_word' id='word_1_453' title='bbox 712 3145 822 3185; x_wconf 91' lang='lat' dir='ltr'><strong>non</strong></span> <span class='ocrx_word' id='word_1_454' title='bbox 861 3128 1114 3199; x_wconf 69' lang='lat' dir='ltr'><strong>habetl),</strong></span> <span class='ocrx_word' id='word_1_455' title='bbox 1147 3128 1245 3183; x_wconf 90' lang='lat' dir='ltr'><strong>sed</strong></span> <span class='ocrx_word' id='word_1_456' title='bbox 1292 3127 1563 3182; x_wconf 90' lang='lat' dir='ltr'><strong>terminus</strong></span> <span class='ocrx_word' id='word_1_457' title='bbox 1595 3136 1699 3190; x_wconf 88' lang='lat' dir='ltr'><strong>est,</strong></span> <span class='ocrx_word' id='word_1_458' title='bbox 1739 3126 1992 3181; x_wconf 86' lang='lat' dir='ltr'><strong>stabilem</strong></span> <span class='ocrx_word' id='word_1_459' title='bbox 2019 3125 2139 3180; x_wconf 89' lang='lat' dir='ltr'><strong>red-</strong></span> 
     </span>
    </p>
   </div>
   <div class='ocr_carea' id='block_1_63' title="bbox 562 3215 2165 3294">
    <p class='ocr_par' dir='ltr' id='par_1_63' title="bbox 562 3215 2165 3294">
     <span class='ocr_line' id='line_1_66' title="bbox 562 3215 2165 3294; baseline -0.005 -18"><span class='ocrx_word' id='word_1_460' title='bbox 562 3221 702 3276; x_wconf 87' lang='lat' dir='ltr'><strong>dens</strong></span> <span class='ocrx_word' id='word_1_461' title='bbox 731 3228 982 3274; x_wconf 89' lang='lat' dir='ltr'><strong>naturam</strong></span> <span class='ocrx_word' id='word_1_462' title='bbox 1024 3217 1249 3289; x_wconf 88' lang='lat' dir='ltr'><strong>quidem</strong></span> <span class='ocrx_word' id='word_1_463' title='bbox 1293 3216 1602 3273; x_wconf 90' lang='lat' dir='ltr'><strong>secundum</strong></span> <span class='ocrx_word' id='word_1_464' title='bbox 1650 3215 1989 3280; x_wconf 87' lang='lat' dir='ltr'><strong>facultatem,</strong></span> <span class='ocrx_word' id='word_1_465' title='bbox 2044 3231 2165 3294; x_wconf 54' lang='grc' dir='ltr'><strong>νο-⁸</strong></span> 
     </span>
    </p>
   </div>
   <div class='ocr_carea' id='block_1_64' title="bbox 561 3303 2139 3369">
    <p class='ocr_par' dir='ltr' id='par_1_64' title="bbox 561 3303 2139 3369">
     <span class='ocr_line' id='line_1_67' title="bbox 561 3303 2139 3369; baseline -0.001 -8"><span class='ocrx_word' id='word_1_466' title='bbox 561 3307 836 3361; x_wconf 83' lang='lat' dir='ltr'><strong>luntatem</strong></span> <span class='ocrx_word' id='word_1_467' title='bbox 914 3320 1048 3361; x_wconf 87' lang='lat' dir='ltr'><strong>vero</strong></span> <span class='ocrx_word' id='word_1_468' title='bbox 1119 3304 1425 3360; x_wconf 90' lang='lat' dir='ltr'><strong>secundum</strong></span> <span class='ocrx_word' id='word_1_469' title='bbox 1508 3304 1827 3369; x_wconf 89' lang='lat' dir='ltr'><strong>actionem,</strong></span> <span class='ocrx_word' id='word_1_470' title='bbox 1881 3303 2139 3359; x_wconf 89' lang='lat' dir='ltr'><strong>neutrius</strong></span> 
     </span>
    </p>
   </div>
   <div class='ocr_carea' id='block_1_65' title="bbox 560 3395 2134 3469">
    <p class='ocr_par' dir='ltr' id='par_1_65' title="bbox 560 3395 2134 3469">
     <span class='ocr_line' id='line_1_68' title="bbox 560 3395 2134 3469; baseline -0.003 -17"><span class='ocrx_word' id='word_1_471' title='bbox 560 3413 797 3468; x_wconf 87' lang='lat' dir='ltr'><strong>prorsus</strong></span> <span class='ocrx_word' id='word_1_472' title='bbox 826 3396 1129 3454; x_wconf 88' lang='lat' dir='ltr'><strong>secundum</strong></span> <span class='ocrx_word' id='word_1_473' title='bbox 1163 3412 1328 3469; x_wconf 88' lang='lat' dir='ltr'><strong>quam</strong></span> <span class='ocrx_word' id='word_1_474' title='bbox 1359 3404 1446 3452; x_wconf 87' lang='lat' dir='ltr'><strong>est</strong></span> <span class='ocrx_word' id='word_1_475' title='bbox 1464 3405 1813 3453; x_wconf 89' lang='lat' dir='ltr'><strong>commutans</strong></span> <span class='ocrx_word' id='word_1_476' title='bbox 1840 3395 2134 3459; x_wconf 90' lang='lat' dir='ltr'><strong>rationem,</strong></span> 
     </span>
    </p>
   </div>
   <div class='ocr_carea' id='block_1_66' title="bbox 561 3489 2135 3559">
    <p class='ocr_par' dir='ltr' id='par_1_66' title="bbox 561 3489 2135 3559">
     <span class='ocr_line' id='line_1_69' title="bbox 561 3489 2135 3559; baseline -0.002 -13"><span class='ocrx_word' id='word_1_477' title='bbox 561 3498 619 3547; x_wconf 88' lang='lat' dir='ltr'><strong>et</strong></span> <span class='ocrx_word' id='word_1_478' title='bbox 666 3490 924 3545; x_wconf 89' lang='lat' dir='ltr'><strong>omnibus</strong></span> <span class='ocrx_word' id='word_1_479' title='bbox 959 3490 1147 3545; x_wconf 90' lang='lat' dir='ltr'><strong>omnia</strong></span> <span class='ocrx_word' id='word_1_480' title='bbox 1193 3490 1394 3545; x_wconf 80' lang='lat' dir='ltr'><strong>saecula</strong></span> <span class='ocrx_word' id='word_1_481' title='bbox 1435 3497 1492 3544; x_wconf 91' lang='lat' dir='ltr'><strong>et</strong></span> <span class='ocrx_word' id='word_1_482' title='bbox 1537 3499 1787 3559; x_wconf 83' lang='lat' dir='ltr'><strong>tempora</strong></span> <span class='ocrx_word' id='word_1_483' title='bbox 1843 3489 2135 3544; x_wconf 82' lang='lat' dir='ltr'><strong>definiens.</strong></span> 
     </span>
    </p>
   </div>
   <div class='ocr_carea' id='block_1_67' title="bbox 558 3580 2138 3653">
    <p class='ocr_par' dir='ltr' id='par_1_67' title="bbox 558 3580 2138 3653">
     <span class='ocr_line' id='line_1_70' title="bbox 558 3580 2138 3653; baseline -0.003 -16"><span class='ocrx_word' id='word_1_484' title='bbox 558 3581 743 3653; x_wconf 85' lang='lat' dir='ltr'><strong>Atque</strong></span> <span class='ocrx_word' id='word_1_485' title='bbox 768 3582 875 3637; x_wconf 89' lang='lat' dir='ltr'><strong>hoc</strong></span> <span class='ocrx_word' id='word_1_486' title='bbox 899 3587 986 3636; x_wconf 92' lang='lat' dir='ltr'><strong>est</strong></span> <span class='ocrx_word' id='word_1_487' title='bbox 1008 3581 1260 3645; x_wconf 83' lang='lat' dir='ltr'><strong>fortasse,</strong></span> <span class='ocrx_word' id='word_1_488' title='bbox 1282 3580 1363 3635; x_wconf 92' lang='lat' dir='ltr'><strong>uti</strong></span> <span class='ocrx_word' id='word_1_489' title='bbox 1396 3580 1642 3644; x_wconf 87' lang='lat' dir='ltr'><strong>videtur,</strong></span> <span class='ocrx_word' id='word_1_490' title='bbox 1677 3581 1812 3644; x_wconf 79' lang='lat' dir='ltr'><strong>illud</strong></span> <span class='ocrx_word' id='word_1_491' title='bbox 1836 3580 2138 3635; x_wconf 89' lang='lat' dir='ltr'><strong>Sabbatum</strong></span> 
     </span>
    </p>
   </div>
   <div class='ocr_carea' id='block_1_68' title="bbox 559 3672 2140 3747">
    <p class='ocr_par' dir='ltr' id='par_1_68' title="bbox 559 3672 2140 3747">
     <span class='ocr_line' id='line_1_71' title="bbox 559 3672 2140 3747; baseline -0.001 -18"><span class='ocrx_word' id='word_1_492' title='bbox 559 3675 788 3747; x_wconf 86' lang='lat' dir='ltr'><strong>mystice</strong></span> <span class='ocrx_word' id='word_1_493' title='bbox 808 3675 1166 3739; x_wconf 90' lang='lat' dir='ltr'><strong>celebratum,</strong></span> <span class='ocrx_word' id='word_1_494' title='bbox 1200 3684 1258 3728; x_wconf 88' lang='lat' dir='ltr'><strong>et</strong></span> <span class='ocrx_word' id='word_1_495' title='bbox 1292 3687 1523 3743; x_wconf 78' lang='lat' dir='ltr'><strong>magnus</strong></span> <span class='ocrx_word' id='word_1_496' title='bbox 1551 3672 1620 3727; x_wconf 89' lang='lat' dir='ltr'><strong>de</strong></span> <span class='ocrx_word' id='word_1_497' title='bbox 1641 3672 1847 3728; x_wconf 86' lang='lat' dir='ltr'><strong>divinis</strong></span> <span class='ocrx_word' id='word_1_498' title='bbox 1871 3673 2140 3743; x_wconf 89' lang='lat' dir='ltr'><strong>operibus</strong></span> 
     </span>
    </p>
   </div>
   <div class='ocr_carea' id='block_1_69' title="bbox 559 3764 2135 3838">
    <p class='ocr_par' dir='ltr' id='par_1_69' title="bbox 559 3764 2135 3838">
     <span class='ocr_line' id='line_1_72' title="bbox 559 3764 2135 3838; baseline -0.001 -17"><span class='ocrx_word' id='word_1_499' title='bbox 559 3766 942 3838; x_wconf 84' lang='lat' dir='ltr'><strong>requiescendi</strong></span> <span class='ocrx_word' id='word_1_500' title='bbox 983 3767 1103 3823; x_wconf 89' lang='lat' dir='ltr'><strong>dies</strong></span> <span class='ocrx_word' id='word_1_501' title='bbox 1132 3779 1179 3832; x_wconf 76' lang='grc' dir='ltr'>ι,</span> <span class='ocrx_word' id='word_1_502' title='bbox 1229 3780 1353 3836; x_wconf 73' lang='lat' dir='ltr'><strong>quae</strong></span> <span class='ocrx_word' id='word_1_503' title='bbox 1394 3765 1705 3821; x_wconf 88' lang='lat' dir='ltr'><strong>secundum</strong></span> <span class='ocrx_word' id='word_1_504' title='bbox 1733 3764 1969 3821; x_wconf 85' lang='lat' dir='ltr'><strong>Genesis</strong></span> <span class='ocrx_word' id='word_1_505' title='bbox 1994 3765 2135 3820; x_wconf 91' lang='lat' dir='ltr'><strong>seri-</strong></span> 
     </span>
    </p>
   </div>
   <div class='ocr_carea' id='block_1_70' title="bbox 559 3858 2143 3930">
    <p class='ocr_par' dir='ltr' id='par_1_70' title="bbox 559 3858 2143 3930">
     <span class='ocr_line' id='line_1_73' title="bbox 559 3858 2143 3930; baseline 0 -17"><span class='ocrx_word' id='word_1_506' title='bbox 559 3866 784 3930; x_wconf 87' lang='lat' dir='ltr'><strong>pturam</strong></span> <span class='ocrx_word' id='word_1_507' title='bbox 810 3873 991 3929; x_wconf 90' lang='lat' dir='ltr'><strong>neque</strong></span> <span class='ocrx_word' id='word_1_508' title='bbox 1029 3858 1249 3913; x_wconf 90' lang='lat' dir='ltr'><strong>initium</strong></span> <span class='ocrx_word' id='word_1_509' title='bbox 1281 3873 1461 3929; x_wconf 90' lang='lat' dir='ltr'><strong>neque</strong></span> <span class='ocrx_word' id='word_1_510' title='bbox 1492 3858 1658 3913; x_wconf 86' lang='lat' dir='ltr'><strong>finem</strong></span> <span class='ocrx_word' id='word_1_511' title='bbox 1706 3873 1890 3928; x_wconf 87' lang='lat' dir='ltr'><strong>neque</strong></span> <span class='ocrx_word' id='word_1_512' title='bbox 1912 3874 2143 3929; x_wconf 80' lang='lat' dir='ltr'><strong>genera-</strong></span> 
     </span>
    </p>
   </div>
   <div class='ocr_carea' id='block_1_71' title="bbox 561 3949 2139 4019">
    <p class='ocr_par' dir='ltr' id='par_1_71' title="bbox 561 3949 2139 4019">
     <span class='ocr_line' id='line_1_74' title="bbox 561 3949 2139 4019; baseline 0 -13"><span class='ocrx_word' id='word_1_513' title='bbox 561 3951 767 4006; x_wconf 89' lang='lat' dir='ltr'><strong>tionem</strong></span> <span class='ocrx_word' id='word_1_514' title='bbox 828 3950 1034 4006; x_wconf 89' lang='lat' dir='ltr'><strong>habere</strong></span> <span class='ocrx_word' id='word_1_515' title='bbox 1090 3950 1332 4015; x_wconf 89' lang='lat' dir='ltr'><strong>videtur,</strong></span> <span class='ocrx_word' id='word_1_516' title='bbox 1377 3965 1570 4005; x_wconf 89' lang='lat' dir='ltr'><strong>eorum</strong></span> <span class='ocrx_word' id='word_1_517' title='bbox 1624 3965 1747 4019; x_wconf 66' lang='lat' dir='ltr'><strong>quae</strong></span> <span class='ocrx_word' id='word_1_518' title='bbox 1797 3949 2139 4006; x_wconf 81' lang='lat' dir='ltr'><strong>definitionis</strong></span> 
     </span>
    </p>
   </div>
   <div class='ocr_carea' id='block_1_72' title="bbox 559 4043 2137 4114">
    <p class='ocr_par' dir='ltr' id='par_1_72' title="bbox 559 4043 2137 4114">
     <span class='ocr_line' id='line_1_75' title="bbox 559 4043 2137 4114; baseline 0 -16"><span class='ocrx_word' id='word_1_519' title='bbox 559 4058 623 4098; x_wconf 88' lang='lat' dir='ltr'><strong>ac</strong></span> <span class='ocrx_word' id='word_1_520' title='bbox 651 4043 954 4100; x_wconf 88' lang='lat' dir='ltr'><strong>mensionis</strong></span> <span class='ocrx_word' id='word_1_521' title='bbox 980 4043 1227 4113; x_wconf 77' lang='lat' dir='ltr'><strong>expertia</strong></span> <span class='ocrx_word' id='word_1_522' title='bbox 1272 4050 1403 4097; x_wconf 88' lang='lat' dir='ltr'><strong>sunt</strong></span> <span class='ocrx_word' id='word_1_523' title='bbox 1452 4051 1578 4114; x_wconf 91' lang='lat' dir='ltr'><strong>post</strong></span> <span class='ocrx_word' id='word_1_524' title='bbox 1612 4043 1909 4098; x_wconf 82' lang='lat' dir='ltr'><strong>motionem</strong></span> <span class='ocrx_word' id='word_1_525' title='bbox 1944 4059 2137 4099; x_wconf 92' lang='lat' dir='ltr'><strong>eorum</strong></span> 
     </span>
    </p>
   </div>
   <div class='ocr_carea' id='block_1_73' title="bbox 563 4132 2141 4204">
    <p class='ocr_par' dir='ltr' id='par_1_73' title="bbox 563 4132 2141 4204">
     <span class='ocr_line' id='line_1_76' title="bbox 563 4132 2141 4204; baseline -0.001 -16"><span class='ocrx_word' id='word_1_526' title='bbox 563 4149 687 4204; x_wconf 78' lang='lat' dir='ltr'><strong>quae</strong></span> <span class='ocrx_word' id='word_1_527' title='bbox 715 4136 773 4188; x_wconf 90' lang='lat' dir='ltr'><strong>in</strong></span> <span class='ocrx_word' id='word_1_528' title='bbox 821 4148 1083 4189; x_wconf 89' lang='lat' dir='ltr'><strong>mensura</strong></span> <span class='ocrx_word' id='word_1_529' title='bbox 1106 4132 1333 4188; x_wconf 87' lang='lat' dir='ltr'><strong>definita</strong></span> <span class='ocrx_word' id='word_1_530' title='bbox 1360 4144 1490 4189; x_wconf 91' lang='lat' dir='ltr'><strong>sunt</strong></span> <span class='ocrx_word' id='word_1_531' title='bbox 1515 4133 1906 4198; x_wconf 88' lang='lat' dir='ltr'><strong>manifestatio,</strong></span> <span class='ocrx_word' id='word_1_532' title='bbox 1933 4143 1990 4189; x_wconf 91' lang='lat' dir='ltr'><strong>et</strong></span> <span class='ocrx_word' id='word_1_533' title='bbox 2018 4133 2141 4189; x_wconf 86' lang='lat' dir='ltr'><strong>inli-</strong></span> 
     </span>
    </p>
   </div>
   <div class='ocr_carea' id='block_1_74' title="bbox 556 4226 2137 4302">
    <p class='ocr_par' dir='ltr' id='par_1_74' title="bbox 556 4226 2137 4302">
     <span class='ocr_line' id='line_1_77' title="bbox 556 4226 2137 4302; baseline -0.001 -19"><span class='ocrx_word' id='word_1_534' title='bbox 556 4227 673 4284; x_wconf 84' lang='lat' dir='ltr'><strong>nita</strong></span> <span class='ocrx_word' id='word_1_535' title='bbox 725 4242 919 4283; x_wconf 88' lang='lat' dir='ltr'><strong>eorum</strong></span> <span class='ocrx_word' id='word_1_536' title='bbox 976 4242 1098 4298; x_wconf 64' lang='lat' dir='ltr'><strong>quae</strong></span> <span class='ocrx_word' id='word_1_537' title='bbox 1165 4226 1561 4302; x_wconf 85' lang='lat' dir='ltr'><strong>comprehendi</strong></span> <span class='ocrx_word' id='word_1_538' title='bbox 1630 4241 1695 4281; x_wconf 91' lang='lat' dir='ltr'><strong>ac</strong></span> <span class='ocrx_word' id='word_1_539' title='bbox 1752 4226 2137 4282; x_wconf 89' lang='lat' dir='ltr'><strong>circumscribi</strong></span> 
     </span>
    </p>
   </div>
   <div class='ocr_carea' id='block_1_75' title="bbox 556 4320 2136 4390">
    <p class='ocr_par' dir='ltr' id='par_1_75' title="bbox 556 4320 2136 4390">
     <span class='ocr_line' id='line_1_78' title="bbox 556 4320 2136 4390; baseline -0.001 -15"><span class='ocrx_word' id='word_1_540' title='bbox 556 4335 670 4375; x_wconf 90' lang='lat' dir='ltr'><strong>non</strong></span> <span class='ocrx_word' id='word_1_541' title='bbox 721 4326 954 4389; x_wconf 89' lang='lat' dir='ltr'><strong>possunt</strong></span> <span class='ocrx_word' id='word_1_542' title='bbox 979 4327 1103 4389; x_wconf 91' lang='lat' dir='ltr'><strong>post</strong></span> <span class='ocrx_word' id='word_1_543' title='bbox 1134 4320 1457 4389; x_wconf 86' lang='lat' dir='ltr'><strong>qualitatem</strong></span> <span class='ocrx_word' id='word_1_544' title='bbox 1485 4334 1679 4375; x_wconf 91' lang='lat' dir='ltr'><strong>eorum</strong></span> <span class='ocrx_word' id='word_1_545' title='bbox 1719 4335 1842 4390; x_wconf 75' lang='lat' dir='ltr'><strong>quas</strong></span> <span class='ocrx_word' id='word_1_546' title='bbox 1880 4334 2136 4389; x_wconf 89' lang='lat' dir='ltr'><strong>compre-</strong></span> 
     </span>
    </p>
   </div>
   <div class='ocr_carea' id='block_1_76' title="bbox 2242 3141 3693 3223">
    <p class='ocr_par' dir='ltr' id='par_1_76' title="bbox 2242 3141 3693 3223">
     <span class='ocr_line' id='line_1_79' title="bbox 2242 3141 3693 3223; baseline 0.008 -30"><span class='ocrx_word' id='word_1_547' title='bbox 2242 3141 2411 3208; x_wconf 88' lang='grc' dir='ltr'>ἐστιν,</span> <span class='ocrx_word' id='word_1_548' title='bbox 2466 3144 2541 3209; x_wconf 81' lang='grc' dir='ltr'>ὡς</span> <span class='ocrx_word' id='word_1_549' title='bbox 2586 3143 2763 3217; x_wconf 75' lang='grc' dir='ltr'>οἶμαι,</span> <span class='ocrx_word' id='word_1_550' title='bbox 2804 3150 2970 3220; x_wconf 82' lang='grc' dir='ltr'>τυχὸν</span> <span class='ocrx_word' id='word_1_551' title='bbox 3012 3152 3074 3206; x_wconf 83' lang='grc' dir='ltr'>τὸ</span> <span class='ocrx_word' id='word_1_552' title='bbox 3125 3153 3392 3223; x_wconf 80' lang='grc' dir='ltr'>μυστικῶς</span> <span class='ocrx_word' id='word_1_553' title='bbox 3434 3152 3693 3223; x_wconf 72' lang='grc' dir='ltr'>εὐλογημένοι</span> 
     </span>
    </p>
   </div>
   <div class='ocr_carea' id='block_1_77' title="bbox 2237 3234 3693 3317">
    <p class='ocr_par' dir='ltr' id='par_1_77' title="bbox 2237 3234 3693 3317">
     <span class='ocr_line' id='line_1_80' title="bbox 2237 3234 3693 3317; baseline 0.005 -29"><span class='ocrx_word' id='word_1_554' title='bbox 2237 3234 2539 3301; x_wconf 77' lang='grc' dir='ltr'>Σάϐϐατόν,</span> <span class='ocrx_word' id='word_1_555' title='bbox 2573 3240 2718 3310; x_wconf 77' lang='grc' dir='ltr'>καὶὴ</span> <span class='ocrx_word' id='word_1_556' title='bbox 2749 3242 2960 3312; x_wconf 78' lang='grc' dir='ltr'>μεγάλη</span> <span class='ocrx_word' id='word_1_557' title='bbox 2996 3244 3101 3315; x_wconf 84' lang='grc' dir='ltr'>τῆς</span> <span class='ocrx_word' id='word_1_558' title='bbox 3126 3246 3232 3300; x_wconf 86' lang='grc' dir='ltr'><strong>τῶν</strong></span> <span class='ocrx_word' id='word_1_559' title='bbox 3258 3245 3403 3300; x_wconf 85' lang='grc' dir='ltr'>θείων</span> <span class='ocrx_word' id='word_1_560' title='bbox 3430 3245 3569 3317; x_wconf 81' lang='grc' dir='ltr'>ἔργων</span> <span class='ocrx_word' id='word_1_561' title='bbox 3589 3259 3693 3297; x_wconf 70' lang='grc' dir='ltr'>κατα·</span> 
     </span>
    </p>
   </div>
   <div class='ocr_carea' id='block_1_78' title="bbox 2238 3325 3692 3410">
    <p class='ocr_par' dir='ltr' id='par_1_78' title="bbox 2238 3325 3692 3410">
     <span class='ocr_line' id='line_1_81' title="bbox 2238 3325 3692 3410; baseline 0 -21"><span class='ocrx_word' id='word_1_562' title='bbox 2238 3325 2491 3391; x_wconf 77' lang='grc' dir='ltr'>παύσεως</span> <span class='ocrx_word' id='word_1_563' title='bbox 2543 3331 2743 3401; x_wconf 79' lang='grc' dir='ltr'>ἡμέρα,</span> <span class='ocrx_word' id='word_1_564' title='bbox 2775 3334 2916 3399; x_wconf 71' lang='grc' dir='ltr'>ἥτις,</span> <span class='ocrx_word' id='word_1_565' title='bbox 2952 3337 3099 3391; x_wconf 79' lang='grc' dir='ltr'>κατὰ</span> <span class='ocrx_word' id='word_1_566' title='bbox 3125 3339 3224 3410; x_wconf 77' lang='grc' dir='ltr'>τὴν</span> <span class='ocrx_word' id='word_1_567' title='bbox 3257 3339 3453 3410; x_wconf 77' lang='grc' dir='ltr'>γραφὴν</span> <span class='ocrx_word' id='word_1_568' title='bbox 3467 3339 3545 3407; x_wconf 81' lang='grc' dir='ltr'>τῆς</span> <span class='ocrx_word' id='word_1_569' title='bbox 3566 3351 3692 3403; x_wconf 77' lang='grc' dir='ltr'>κοσμο-</span> 
     </span>
    </p>
   </div>
   <div class='ocr_carea' id='block_1_79' title="bbox 2237 3414 3689 3498">
    <p class='ocr_par' dir='ltr' id='par_1_79' title="bbox 2237 3414 3689 3498">
     <span class='ocr_line' id='line_1_82' title="bbox 2237 3414 3689 3498; baseline 0.006 -31"><span class='ocrx_word' id='word_1_570' title='bbox 2237 3414 2475 3483; x_wconf 71' lang='grc' dir='ltr'>γενείας,</span> <span class='ocrx_word' id='word_1_571' title='bbox 2500 3417 2623 3472; x_wconf 73' lang='grc' dir='ltr'>οὔτε</span> <span class='ocrx_word' id='word_1_572' title='bbox 2654 3421 2847 3493; x_wconf 80' lang='grc' dir='ltr'>ἀρχὴν,</span> <span class='ocrx_word' id='word_1_573' title='bbox 2872 3422 3001 3478; x_wconf 77' lang='grc' dir='ltr'>οὔτε</span> <span class='ocrx_word' id='word_1_574' title='bbox 3036 3427 3208 3494; x_wconf 81' lang='grc' dir='ltr'>τέλος,</span> <span class='ocrx_word' id='word_1_575' title='bbox 3238 3429 3355 3483; x_wconf 76' lang='grc' dir='ltr'>οὔτε</span> <span class='ocrx_word' id='word_1_576' title='bbox 3380 3428 3551 3497; x_wconf 84' lang='grc' dir='ltr'>γένεσιν</span> <span class='ocrx_word' id='word_1_577' title='bbox 3568 3426 3689 3498; x_wconf 60' lang='grc' dir='ltr'>ἔχοντι</span> 
     </span>
    </p>
   </div>
   <div class='ocr_carea' id='block_1_80' title="bbox 2239 3507 3693 3592">
    <p class='ocr_par' dir='ltr' id='par_1_80' title="bbox 2239 3507 3693 3592">
     <span class='ocr_line' id='line_1_83' title="bbox 2239 3507 3693 3592; baseline 0.014 -34"><span class='ocrx_word' id='word_1_578' title='bbox 2239 3507 2571 3581; x_wconf 76' lang='grc' dir='ltr'>φαίνεται,ή</span> <span class='ocrx_word' id='word_1_579' title='bbox 2627 3515 2766 3580; x_wconf 72' lang='grc' dir='ltr'>μετὰ</span> <span class='ocrx_word' id='word_1_580' title='bbox 2811 3515 2911 3586; x_wconf 82' lang='grc' dir='ltr'>τὴν</span> <span class='ocrx_word' id='word_1_581' title='bbox 2950 3517 3062 3575; x_wconf 83' lang='grc' dir='ltr'><strong>τῶν</strong></span> <span class='ocrx_word' id='word_1_582' title='bbox 3107 3521 3166 3573; x_wconf 82' lang='grc' dir='ltr'><strong>ἐν</strong></span> <span class='ocrx_word' id='word_1_583' title='bbox 3217 3521 3391 3592; x_wconf 85' lang='grc' dir='ltr'>μέτρῳ</span> <span class='ocrx_word' id='word_1_584' title='bbox 3429 3518 3693 3591; x_wconf 68' lang='grc' dir='ltr'>διωρισμένων</span> 
     </span>
    </p>
   </div>
   <div class='ocr_carea' id='block_1_81' title="bbox 2239 3599 3695 3683">
    <p class='ocr_par' dir='ltr' id='par_1_81' title="bbox 2239 3599 3695 3683">
     <span class='ocr_line' id='line_1_84' title="bbox 2239 3599 3695 3683; baseline 0.007 -32"><span class='ocrx_word' id='word_1_585' title='bbox 2239 3599 2453 3669; x_wconf 86' lang='grc' dir='ltr'>κίνησιν</span> <span class='ocrx_word' id='word_1_586' title='bbox 2492 3603 2599 3655; x_wconf 84' lang='grc' dir='ltr'><strong>τῶν</strong></span> <span class='ocrx_word' id='word_1_587' title='bbox 2628 3604 2770 3677; x_wconf 84' lang='grc' dir='ltr'>ὑπὲρ</span> <span class='ocrx_word' id='word_1_588' title='bbox 2796 3606 2920 3676; x_wconf 80' lang='grc' dir='ltr'>ὅρον</span> <span class='ocrx_word' id='word_1_589' title='bbox 2970 3610 3068 3664; x_wconf 66' lang='grc' dir='ltr'><strong>καὶ⁵</strong></span> <span class='ocrx_word' id='word_1_590' title='bbox 3115 3612 3368 3683; x_wconf 85' lang='grc' dir='ltr'>μέτρησιν</span> <span class='ocrx_word' id='word_1_591' title='bbox 3402 3608 3695 3682; x_wconf 70' lang='grc' dir='ltr'>ἐκφανσις,ιιὶ</span> 
     </span>
    </p>
   </div>
   <div class='ocr_carea' id='block_1_82' title="bbox 2239 3688 3696 3773">
    <p class='ocr_par' dir='ltr' id='par_1_82' title="bbox 2239 3688 3696 3773">
     <span class='ocr_line' id='line_1_85' title="bbox 2239 3688 3696 3773; baseline -0.005 -13"><span class='ocrx_word' id='word_1_592' title='bbox 2239 3688 2272 3760; x_wconf 65' lang='grc' dir='ltr'><strong>ἡ</strong></span> <span class='ocrx_word' id='word_1_593' title='bbox 2322 3691 2460 3761; x_wconf 77' lang='grc' dir='ltr'><strong>μετά</strong></span> <span class='ocrx_word' id='word_1_594' title='bbox 2496 3693 2594 3764; x_wconf 67' lang='grc' dir='ltr'><strong>τὴν</strong></span> <span class='ocrx_word' id='word_1_595' title='bbox 2650 3697 2758 3750; x_wconf 84' lang='grc' dir='ltr'><strong>τῶν</strong></span> <span class='ocrx_word' id='word_1_596' title='bbox 2803 3704 3213 3773; x_wconf 82' lang='grc' dir='ltr'>κεχωρημένων</span> <span class='ocrx_word' id='word_1_597' title='bbox 3243 3702 3332 3755; x_wconf 72' lang='grc' dir='ltr'><strong>καὶ</strong></span> <span class='ocrx_word' id='word_1_598' title='bbox 3363 3698 3696 3771; x_wconf 79' lang='grc' dir='ltr'>περιγεγραμμέ-</span> 
     </span>
    </p>
   </div>
   <div class='ocr_carea' id='block_1_83' title="bbox 2237 3784 3697 3865">
    <p class='ocr_par' dir='ltr' id='par_1_83' title="bbox 2237 3784 3697 3865">
     <span class='ocr_line' id='line_1_86' title="bbox 2237 3784 3697 3865; baseline 0.005 -32"><span class='ocrx_word' id='word_1_599' title='bbox 2237 3797 2344 3835; x_wconf 89' lang='grc' dir='ltr'><strong>νων</strong></span> <span class='ocrx_word' id='word_1_600' title='bbox 2369 3784 2643 3855; x_wconf 82' lang='grc' dir='ltr'>ποσότητα</span> <span class='ocrx_word' id='word_1_601' title='bbox 2671 3788 2778 3843; x_wconf 84' lang='grc' dir='ltr'><strong>τῶν</strong></span> <span class='ocrx_word' id='word_1_602' title='bbox 2800 3792 3103 3864; x_wconf 80' lang='grc' dir='ltr'>ἁχωρήτων</span> <span class='ocrx_word' id='word_1_603' title='bbox 3133 3795 3222 3847; x_wconf 73' lang='grc' dir='ltr'><strong>καὶ</strong></span> <span class='ocrx_word' id='word_1_604' title='bbox 3245 3794 3586 3865; x_wconf 71' lang='grc' dir='ltr'>ἀπεριγράφων</span> <span class='ocrx_word' id='word_1_605' title='bbox 3603 3792 3697 3845; x_wconf 75' lang='grc' dir='ltr'>ἄπει-</span> 
     </span>
    </p>
   </div>
   <div class='ocr_carea' id='block_1_84' title="bbox 2239 3876 3699 3957">
    <p class='ocr_par' dir='ltr' id='par_1_84' title="bbox 2239 3876 3699 3957">
     <span class='ocr_line' id='line_1_87' title="bbox 2239 3876 3699 3957; baseline 0.008 -31"><span class='ocrx_word' id='word_1_606' title='bbox 2239 3889 2333 3944; x_wconf 86' lang='grc' dir='ltr'><strong>ρος</strong></span> <span class='ocrx_word' id='word_1_607' title='bbox 2386 3876 2671 3947; x_wconf 84' lang='grc' dir='ltr'>ταὺτότης.</span> <span class='ocrx_word' id='word_1_608' title='bbox 2715 3880 2802 3943; x_wconf 83' lang='grc' dir='ltr'>Ὡς</span> <span class='ocrx_word' id='word_1_609' title='bbox 2842 3882 2909 3936; x_wconf 84' lang='grc' dir='ltr'>ἂν</span> <span class='ocrx_word' id='word_1_610' title='bbox 2962 3885 3061 3938; x_wconf 78' lang='grc' dir='ltr'>οὖν</span> <span class='ocrx_word' id='word_1_611' title='bbox 3096 3887 3129 3957; x_wconf 80' lang='grc' dir='ltr'>ἡ</span> <span class='ocrx_word' id='word_1_612' title='bbox 3166 3888 3303 3940; x_wconf 73' lang='grc' dir='ltr'>κατὰ</span> <span class='ocrx_word' id='word_1_613' title='bbox 3354 3884 3615 3956; x_wconf 79' lang='grc' dir='ltr'>προαίρεσιν</span> <span class='ocrx_word' id='word_1_614' title='bbox 3648 3880 3699 3930; x_wconf 71' lang='grc' dir='ltr'><strong>ἐν’</strong></span> 
     </span>
    </p>
   </div>
   <div class='ocr_carea' id='block_1_85' title="bbox 2239 3964 3700 4047">
    <p class='ocr_par' dir='ltr' id='par_1_85' title="bbox 2239 3964 3700 4047">
     <span class='ocr_line' id='line_1_88' title="bbox 2239 3964 3700 4047; baseline 0.005 -30"><span class='ocrx_word' id='word_1_615' title='bbox 2239 3964 2432 4035; x_wconf 85' lang='grc' dir='ltr'>έργεια</span> <span class='ocrx_word' id='word_1_616' title='bbox 2457 3970 2724 4039; x_wconf 85' lang='grc' dir='ltr'>χρήσαιτο</span> <span class='ocrx_word' id='word_1_617' title='bbox 2763 3975 2827 4044; x_wconf 78' lang='grc' dir='ltr'>τῇ</span> <span class='ocrx_word' id='word_1_618' title='bbox 2878 3973 3113 4047; x_wconf 75' lang='grc' dir='ltr'>δυνάμει</span> <span class='ocrx_word' id='word_1_619' title='bbox 3147 3978 3245 4047; x_wconf 84' lang='grc' dir='ltr'>τῆς</span> <span class='ocrx_word' id='word_1_620' title='bbox 3271 3977 3483 4047; x_wconf 77' lang='grc' dir='ltr'>φύσεως,</span> <span class='ocrx_word' id='word_1_621' title='bbox 3510 3977 3593 4027; x_wconf 81' lang='grc' dir='ltr'>εἴτε</span> <span class='ocrx_word' id='word_1_622' title='bbox 3612 3968 3700 4025; x_wconf 73' lang='grc' dir='ltr'>κστᾶ</span> 
     </span>
    </p>
   </div>
   <div class='ocr_carea' id='block_1_86' title="bbox 2244 4055 3701 4140">
    <p class='ocr_par' dir='ltr' id='par_1_86' title="bbox 2244 4055 3701 4140">
     <span class='ocr_line' id='line_1_89' title="bbox 2244 4055 3701 4140; baseline 0.002 -31"><span class='ocrx_word' id='word_1_623' title='bbox 2244 4055 2427 4125; x_wconf 77' lang='grc' dir='ltr'>φύσιν,</span> <span class='ocrx_word' id='word_1_624' title='bbox 2462 4059 2572 4112; x_wconf 74' lang='grc' dir='ltr'>εἴτε</span> <span class='ocrx_word' id='word_1_625' title='bbox 2625 4062 2776 4131; x_wconf 80' lang='grc' dir='ltr'>παρὰ</span> <span class='ocrx_word' id='word_1_626' title='bbox 2825 4064 3012 4133; x_wconf 76' lang='grc' dir='ltr'>φύσιν,</span> <span class='ocrx_word' id='word_1_627' title='bbox 3040 4067 3103 4121; x_wconf 81' lang='grc' dir='ltr'>τὸ</span> <span class='ocrx_word' id='word_1_628' title='bbox 3148 4063 3266 4140; x_wconf 72' lang='grc' dir='ltr'>εὖῆ</span> <span class='ocrx_word' id='word_1_629' title='bbox 3320 4070 3377 4123; x_wconf 77' lang='grc' dir='ltr'>τὸ</span> <span class='ocrx_word' id='word_1_630' title='bbox 3411 4067 3498 4135; x_wconf 80' lang='grc' dir='ltr'>φεῦ</span> <span class='ocrx_word' id='word_1_631' title='bbox 3543 4060 3701 4118; x_wconf 70' lang='grc' dir='ltr'>εἶναιτὸ</span> 
     </span>
    </p>
   </div>
   <div class='ocr_carea' id='block_1_87' title="bbox 2238 4146 3793 4230">
    <p class='ocr_par' dir='ltr' id='par_1_87' title="bbox 2238 4146 3793 4230">
     <span class='ocr_line' id='line_1_90' title="bbox 2238 4146 3793 4230; baseline 0.004 -31"><span class='ocrx_word' id='word_1_632' title='bbox 2238 4146 2415 4220; x_wconf 86' lang='grc' dir='ltr'>πέρας</span> <span class='ocrx_word' id='word_1_633' title='bbox 2451 4150 2619 4223; x_wconf 79' lang='grc' dir='ltr'>αὐτὴν</span> <span class='ocrx_word' id='word_1_634' title='bbox 2660 4151 2890 4223; x_wconf 80' lang='grc' dir='ltr'>ἔχουσαν</span> <span class='ocrx_word' id='word_1_635' title='bbox 2934 4157 3279 4223; x_wconf 80' lang='grc' dir='ltr'>ὑποδέξεται,</span> <span class='ocrx_word' id='word_1_636' title='bbox 3313 4159 3437 4230; x_wconf 82' lang='grc' dir='ltr'>ὅπερ</span> <span class='ocrx_word' id='word_1_637' title='bbox 3466 4156 3561 4210; x_wconf 76' lang='grc' dir='ltr'>ἐστὶ</span> <span class='ocrx_word' id='word_1_638' title='bbox 3587 4152 3631 4205; x_wconf 69' lang='grc' dir='ltr'>τὸ</span> <span class='ocrx_word' id='word_1_639' title='bbox 3650 4147 3702 4203; x_wconf 77' lang='grc' dir='ltr'><strong>ἀεὶ</strong></span> <span class='ocrx_word' id='word_1_640' title='bbox 3792 4204 3793 4225; x_wconf 18' lang='grc' dir='ltr'><strong>ᾖ</strong></span> 
     </span>
    </p>
   </div>
   <div class='ocr_carea' id='block_1_88' title="bbox 2236 4232 3703 4320">
    <p class='ocr_par' dir='ltr' id='par_1_88' title="bbox 2236 4232 3703 4320">
     <span class='ocr_line' id='line_1_91' title="bbox 2236 4232 3703 4320; baseline 0.006 -30"><span class='ocrx_word' id='word_1_641' title='bbox 2236 4232 2401 4304; x_wconf 76' lang='grc' dir='ltr'>εἶναι,</span> <span class='ocrx_word' id='word_1_642' title='bbox 2431 4240 2489 4293; x_wconf 78' lang='grc' dir='ltr'><strong>ἐν</strong></span> <span class='ocrx_word' id='word_1_643' title='bbox 2512 4234 2556 4309; x_wconf 76' lang='grc' dir='ltr'>ᾧ</span> <span class='ocrx_word' id='word_1_644' title='bbox 2579 4243 2999 4311; x_wconf 74' lang='grc' dir='ltr'>σαῦσατίζουσιν</span> <span class='ocrx_word' id='word_1_645' title='bbox 3037 4251 3095 4304; x_wconf 75' lang='grc' dir='ltr'>αἱ</span> <span class='ocrx_word' id='word_1_646' title='bbox 3120 4250 3308 4320; x_wconf 72' lang='grc' dir='ltr'>ψυχαὶ,</span> <span class='ocrx_word' id='word_1_647' title='bbox 3344 4250 3504 4319; x_wconf 83' lang='grc' dir='ltr'>πάσης</span> <span class='ocrx_word' id='word_1_648' title='bbox 3528 4243 3703 4299; x_wconf 62' lang='grc' dir='ltr'>λαϐοῦσαι</span> 
     </span>
    </p>
   </div>
   <div class='ocr_carea' id='block_1_89' title="bbox 2236 4329 3793 4421">
    <p class='ocr_par' dir='ltr' id='par_1_89' title="bbox 2236 4329 3793 4421">
     <span class='ocr_line' id='line_1_92' title="bbox 2236 4329 3793 4421; baseline 0.003 -39"><span class='ocrx_word' id='word_1_649' title='bbox 2236 4329 2447 4421; x_wconf 84' lang='grc' dir='ltr'>παῦλαν</span> <span class='ocrx_word' id='word_1_650' title='bbox 2481 4336 2765 4403; x_wconf 78' lang='grc' dir='ltr'>κινήσεως.</span> <span class='ocrx_word' id='word_1_651' title='bbox 2812 4338 3003 4410; x_wconf 86' lang='grc' dir='ltr'>Ὀγδόη</span> <span class='ocrx_word' id='word_1_652' title='bbox 3037 4342 3137 4394; x_wconf 77' lang='grc' dir='ltr'>καὶ</span> <span class='ocrx_word' id='word_1_653' title='bbox 3165 4341 3371 4411; x_wconf 82' lang='grc' dir='ltr'>πρώτη,</span> <span class='ocrx_word' id='word_1_654' title='bbox 3397 4338 3564 4410; x_wconf 80' lang='grc' dir='ltr'>μᾶλλον</span> <span class='ocrx_word' id='word_1_655' title='bbox 3584 4334 3626 4387; x_wconf 82' lang='grc' dir='ltr'>δὲ</span> 
     </span>
    </p>
   </div>
   <div class='ocr_carea' id='block_1_90' title="bbox 556 4409 2142 4503">
    <p class='ocr_par' dir='ltr' id='par_1_90' title="bbox 556 4409 2130 4481">
     <span class='ocr_line' id='line_1_93' title="bbox 556 4409 2130 4481; baseline -0.002 -15"><span class='ocrx_word' id='word_1_656' title='bbox 556 4411 725 4467; x_wconf 86' lang='lat' dir='ltr'><strong>hensa</strong></span> <span class='ocrx_word' id='word_1_657' title='bbox 751 4418 807 4466; x_wconf 89' lang='lat' dir='ltr'><strong>et</strong></span> <span class='ocrx_word' id='word_1_658' title='bbox 830 4410 1250 4481; x_wconf 87' lang='lat' dir='ltr'><strong>circumscripta</strong></span> <span class='ocrx_word' id='word_1_659' title='bbox 1298 4419 1428 4465; x_wconf 89' lang='lat' dir='ltr'><strong>sunt</strong></span> <span class='ocrx_word' id='word_1_660' title='bbox 1482 4409 1763 4465; x_wconf 90' lang='lat' dir='ltr'><strong>identitas.</strong></span> <span class='ocrx_word' id='word_1_661' title='bbox 1795 4411 1931 4467; x_wconf 88' lang='lat' dir='ltr'><strong>Utut</strong></span> <span class='ocrx_word' id='word_1_662' title='bbox 1964 4411 2130 4481; x_wconf 84' lang='lat' dir='ltr'><strong>igitur</strong></span> 
     </span>
    </p>
   </div>
   <div class='ocr_carea' id='block_1_91' title="bbox 2234 4409 3793 4503">
    <p class='ocr_par' dir='ltr' id='par_1_91' title="bbox 2236 4409 3793 4503">
     <span class='ocr_line' id='line_1_94' title="bbox 2236 4409 3793 4503; baseline 0.006 -28"><span class='ocrx_word' id='word_1_663' title='bbox 2236 4420 2331 4475; x_wconf 78' lang='grc' dir='ltr'>καὶ</span> <span class='ocrx_word' id='word_1_664' title='bbox 2368 4424 2710 4488; x_wconf 81' lang='grc' dir='ltr'>ἀκατάλυτος</span> <span class='ocrx_word' id='word_1_665' title='bbox 2737 4428 2921 4499; x_wconf 83' lang='grc' dir='ltr'>ἡμέρα</span> <span class='ocrx_word' id='word_1_666' title='bbox 2958 4409 3258 4503; x_wconf 56' lang='lat' dir='ltr'><strong>(2551i)</strong></span> <span class='ocrx_word' id='word_1_667' title='bbox 3290 4409 3703 4501; x_wconf 15' lang='grc' dir='ltr'><strong>ὴήὰκραιφνήςὲστῖ</strong></span> 
     </span>
    </p>
   </div>
   <div class='ocr_carea' id='block_1_92' title="bbox 557 4501 2131 4567">
    <p class='ocr_par' dir='ltr' id='par_1_92' title="bbox 557 4501 2131 4567">
     <span class='ocr_line' id='line_1_95' title="bbox 557 4501 2131 4567; baseline 0 -10"><span class='ocrx_word' id='word_1_668' title='bbox 557 4501 858 4557; x_wconf 85' lang='lat' dir='ltr'><strong>voluntatis</strong></span> <span class='ocrx_word' id='word_1_669' title='bbox 887 4502 1033 4556; x_wconf 79' lang='lat' dir='ltr'><strong>actio</strong></span> <span class='ocrx_word' id='word_1_670' title='bbox 1067 4501 1326 4556; x_wconf 85' lang='lat' dir='ltr'><strong>facultate</strong></span> <span class='ocrx_word' id='word_1_671' title='bbox 1386 4511 1600 4557; x_wconf 66' lang='lat' dir='ltr'><strong>natura:</strong></span> <span class='ocrx_word' id='word_1_672' title='bbox 1632 4501 1826 4567; x_wconf 92' lang='lat' dir='ltr'><strong>utitur,</strong></span> <span class='ocrx_word' id='word_1_673' title='bbox 1870 4501 1988 4557; x_wconf 86' lang='lat' dir='ltr'><strong>sive</strong></span> <span class='ocrx_word' id='word_1_674' title='bbox 2041 4518 2131 4557; x_wconf 82' lang='lat' dir='ltr'><strong>se-</strong></span> 
     </span>
    </p>
   </div>
   <div class='ocr_carea' id='block_1_93' title="bbox 551 4592 2134 4659">
    <p class='ocr_par' dir='ltr' id='par_1_93' title="bbox 551 4592 2134 4659">
     <span class='ocr_line' id='line_1_96' title="bbox 551 4592 2134 4659; baseline 0.001 -10"><span class='ocrx_word' id='word_1_675' title='bbox 551 4592 798 4650; x_wconf 83' lang='lat' dir='ltr'><strong>eundum</strong></span> <span class='ocrx_word' id='word_1_676' title='bbox 826 4602 1102 4659; x_wconf 84' lang='lat' dir='ltr'><strong>naturam,</strong></span> <span class='ocrx_word' id='word_1_677' title='bbox 1134 4593 1250 4648; x_wconf 87' lang='lat' dir='ltr'><strong>sive</strong></span> <span class='ocrx_word' id='word_1_678' title='bbox 1286 4600 1482 4647; x_wconf 90' lang='lat' dir='ltr'><strong>contra</strong></span> <span class='ocrx_word' id='word_1_679' title='bbox 1518 4601 1795 4659; x_wconf 91' lang='lat' dir='ltr'><strong>naturam,</strong></span> <span class='ocrx_word' id='word_1_680' title='bbox 1843 4593 2002 4648; x_wconf 72' lang='lat' dir='ltr'><strong>bonae</strong></span> <span class='ocrx_word' id='word_1_681' title='bbox 2037 4603 2134 4650; x_wconf 89' lang='lat' dir='ltr'><strong>aut</strong></span> 
     </span>
    </p>
   </div>
   <div class='ocr_carea' id='block_1_94' title="bbox 555 4684 2128 4757">
    <p class='ocr_par' dir='ltr' id='par_1_94' title="bbox 555 4684 2128 4757">
     <span class='ocr_line' id='line_1_97' title="bbox 555 4684 2128 4757; baseline -0.001 -12"><span class='ocrx_word' id='word_1_682' title='bbox 555 4686 1117 4746; x_wconf 64' lang='lat' dir='ltr'><strong>miserarexsisteutize</strong></span> <span class='ocrx_word' id='word_1_683' title='bbox 1145 4684 1313 4741; x_wconf 81' lang='lat' dir='ltr'><strong>finem</strong></span> <span class='ocrx_word' id='word_1_684' title='bbox 1344 4687 1617 4757; x_wconf 78' lang='lat' dir='ltr'><strong>suscipiet</strong></span> <span class='ocrx_word' id='word_1_685' title='bbox 1649 4702 1773 4742; x_wconf 90' lang='lat' dir='ltr'><strong>eam</strong></span> <span class='ocrx_word' id='word_1_686' title='bbox 1803 4687 2128 4757; x_wconf 88' lang='lat' dir='ltr'><strong>habentem,</strong></span> 
     </span>
    </p>
   </div>
   <div class='ocr_carea' id='block_1_95' title="bbox 552 4778 2132 4850">
    <p class='ocr_par' dir='ltr' id='par_1_95' title="bbox 552 4778 2132 4850">
     <span class='ocr_line' id='line_1_98' title="bbox 552 4778 2132 4850; baseline 0 -15"><span class='ocrx_word' id='word_1_687' title='bbox 552 4792 676 4850; x_wconf 63' lang='lat' dir='ltr'><strong>quae</strong></span> <span class='ocrx_word' id='word_1_688' title='bbox 708 4788 796 4835; x_wconf 88' lang='lat' dir='ltr'><strong>est</strong></span> <span class='ocrx_word' id='word_1_689' title='bbox 824 4779 1166 4849; x_wconf 84' lang='lat' dir='ltr'><strong>sempiterna</strong></span> <span class='ocrx_word' id='word_1_690' title='bbox 1195 4778 1540 4844; x_wconf 81' lang='lat' dir='ltr'><strong>exsistentia,</strong></span> <span class='ocrx_word' id='word_1_691' title='bbox 1584 4778 1641 4833; x_wconf 91' lang='lat' dir='ltr'><strong>in</strong></span> <span class='ocrx_word' id='word_1_692' title='bbox 1677 4795 1788 4850; x_wconf 91' lang='lat' dir='ltr'><strong>qua</strong></span> <span class='ocrx_word' id='word_1_693' title='bbox 1826 4778 2132 4835; x_wconf 90' lang='lat' dir='ltr'><strong>Sabbatum</strong></span> 
     </span>
    </p>
   </div>
   <div class='ocr_carea' id='block_1_96' title="bbox 549 4870 2126 4942">
    <p class='ocr_par' dir='ltr' id='par_1_96' title="bbox 549 4870 2126 4942">
     <span class='ocr_line' id='line_1_99' title="bbox 549 4870 2126 4942; baseline 0.001 -14"><span class='ocrx_word' id='word_1_694' title='bbox 549 4871 841 4929; x_wconf 84' lang='lat' dir='ltr'><strong>celebrant</strong></span> <span class='ocrx_word' id='word_1_695' title='bbox 863 4870 1063 4926; x_wconf 65' lang='lat' dir='ltr'><strong>animas</strong></span> <span class='ocrx_word' id='word_1_696' title='bbox 1091 4870 1161 4926; x_wconf 89' lang='lat' dir='ltr'><strong>ab</strong></span> <span class='ocrx_word' id='word_1_697' title='bbox 1211 4870 1363 4926; x_wconf 92' lang='lat' dir='ltr'><strong>omni</strong></span> <span class='ocrx_word' id='word_1_698' title='bbox 1389 4871 1636 4926; x_wconf 90' lang='lat' dir='ltr'><strong>motione</strong></span> <span class='ocrx_word' id='word_1_699' title='bbox 1682 4873 2126 4942; x_wconf 84' lang='lat' dir='ltr'><strong>requiescentes.</strong></span> 
     </span>
    </p>
   </div>
   <div class='ocr_carea' id='block_1_97' title="bbox 551 4960 2132 5032">
    <p class='ocr_par' dir='ltr' id='par_1_97' title="bbox 551 4960 2132 5032">
     <span class='ocr_line' id='line_1_100' title="bbox 551 4960 2132 5032; baseline 0.001 -15"><span class='ocrx_word' id='word_1_700' title='bbox 551 4966 757 5023; x_wconf 81' lang='lat' dir='ltr'><strong>Octava</strong></span> <span class='ocrx_word' id='word_1_701' title='bbox 787 4970 844 5017; x_wconf 90' lang='lat' dir='ltr'><strong>et</strong></span> <span class='ocrx_word' id='word_1_702' title='bbox 866 4961 1064 5032; x_wconf 88' lang='lat' dir='ltr'><strong>prima,</strong></span> <span class='ocrx_word' id='word_1_703' title='bbox 1102 4961 1188 5016; x_wconf 90' lang='lat' dir='ltr'><strong>vel</strong></span> <span class='ocrx_word' id='word_1_704' title='bbox 1216 4960 1402 5031; x_wconf 89' lang='lat' dir='ltr'><strong>potius</strong></span> <span class='ocrx_word' id='word_1_705' title='bbox 1427 4977 1537 5016; x_wconf 90' lang='lat' dir='ltr'><strong>una</strong></span> <span class='ocrx_word' id='word_1_706' title='bbox 1557 4970 1612 5016; x_wconf 90' lang='lat' dir='ltr'><strong>et</strong></span> <span class='ocrx_word' id='word_1_707' title='bbox 1642 4976 1753 5017; x_wconf 90' lang='lat' dir='ltr'><strong>non</strong></span> <span class='ocrx_word' id='word_1_708' title='bbox 1783 4962 2132 5018; x_wconf 89' lang='lat' dir='ltr'><strong>dissolvenda</strong></span> 
     </span>
    </p>
   </div>
   <div class='ocr_carea' id='block_1_98' title="bbox 551 5038 2127 5124">
    <p class='ocr_par' dir='ltr' id='par_1_98' title="bbox 551 5038 2127 5124">
     <span class='ocr_line' id='line_1_101' title="bbox 551 5038 2127 5124; baseline 0.002 -17"><span class='ocrx_word' id='word_1_709' title='bbox 551 5053 672 5110; x_wconf 87' lang='lat' dir='ltr'><strong>dies</strong></span> <span class='ocrx_word' id='word_1_710' title='bbox 686 5038 862 5124; x_wconf 77' lang='lat' dir='ltr'><strong>purus</strong></span> <span class='ocrx_word' id='word_1_711' title='bbox 892 5059 1001 5119; x_wconf 90' lang='lat' dir='ltr'><strong>est,</strong></span> <span class='ocrx_word' id='word_1_712' title='bbox 1032 5051 1329 5122; x_wconf 90' lang='lat' dir='ltr'><strong>omniaque</strong></span> <span class='ocrx_word' id='word_1_713' title='bbox 1361 5053 1483 5107; x_wconf 89' lang='lat' dir='ltr'><strong>luce</strong></span> <span class='ocrx_word' id='word_1_714' title='bbox 1509 5067 1610 5107; x_wconf 90' lang='lat' dir='ltr'><strong>sua</strong></span> <span class='ocrx_word' id='word_1_715' title='bbox 1663 5054 1998 5109; x_wconf 83' lang='lat' dir='ltr'><strong>collustrans</strong></span> <span class='ocrx_word' id='word_1_716' title='bbox 2030 5055 2127 5110; x_wconf 88' lang='lat' dir='ltr'><strong>Dei</strong></span> 
     </span>
    </p>
   </div>
   <div class='ocr_carea' id='block_1_99' title="bbox 550 5145 2130 5214">
    <p class='ocr_par' dir='ltr' id='par_1_99' title="bbox 550 5145 2130 5214">
     <span class='ocr_line' id='line_1_102' title="bbox 550 5145 2130 5214; baseline -0.001 -14"><span class='ocrx_word' id='word_1_717' title='bbox 550 5147 843 5211; x_wconf 87' lang='lat' dir='ltr'><strong>adventus,</strong></span> <span class='ocrx_word' id='word_1_718' title='bbox 871 5145 968 5214; x_wconf 80' lang='lat' dir='ltr'><strong>qui</strong></span> <span class='ocrx_word' id='word_1_719' title='bbox 995 5152 1120 5214; x_wconf 91' lang='lat' dir='ltr'><strong>post</strong></span> <span class='ocrx_word' id='word_1_720' title='bbox 1145 5158 1333 5198; x_wconf 85' lang='lat' dir='ltr'><strong>rerum</strong></span> <span class='ocrx_word' id='word_1_721' title='bbox 1359 5150 1636 5198; x_wconf 90' lang='lat' dir='ltr'><strong>motarum</strong></span> <span class='ocrx_word' id='word_1_722' title='bbox 1674 5146 1971 5200; x_wconf 87' lang='lat' dir='ltr'><strong>stationem</strong></span> <span class='ocrx_word' id='word_1_723' title='bbox 1998 5159 2130 5200; x_wconf 86' lang='lat' dir='ltr'><strong>eve-</strong></span> 
     </span>
    </p>
   </div>
   <div class='ocr_carea' id='block_1_100' title="bbox 549 5233 2126 5306">
    <p class='ocr_par' dir='ltr' id='par_1_100' title="bbox 549 5233 2126 5306">
     <span class='ocr_line' id='line_1_103' title="bbox 549 5233 2126 5306; baseline -0.001 -13"><span class='ocrx_word' id='word_1_724' title='bbox 549 5238 652 5304; x_wconf 86' lang='lat' dir='ltr'><strong>nit,</strong></span> <span class='ocrx_word' id='word_1_725' title='bbox 673 5243 732 5292; x_wconf 90' lang='lat' dir='ltr'><strong>et</strong></span> <span class='ocrx_word' id='word_1_726' title='bbox 754 5236 837 5292; x_wconf 90' lang='lat' dir='ltr'><strong>eis</strong></span> <span class='ocrx_word' id='word_1_727' title='bbox 866 5235 1095 5306; x_wconf 86' lang='lat' dir='ltr'><strong>quidem</strong></span> <span class='ocrx_word' id='word_1_728' title='bbox 1118 5234 1215 5305; x_wconf 84' lang='lat' dir='ltr'><strong>qui</strong></span> <span class='ocrx_word' id='word_1_729' title='bbox 1247 5233 1548 5290; x_wconf 75' lang='lat' dir='ltr'><strong>exsistendi</strong></span> <span class='ocrx_word' id='word_1_730' title='bbox 1575 5235 1793 5290; x_wconf 82' lang='lat' dir='ltr'><strong>ratione</strong></span> <span class='ocrx_word' id='word_1_731' title='bbox 1817 5236 2126 5292; x_wconf 90' lang='lat' dir='ltr'><strong>secundum</strong></span> 
     </span>
    </p>
   </div>
   <div class='ocr_carea' id='block_1_101' title="bbox 548 5325 2125 5390">
    <p class='ocr_par' dir='ltr' id='par_1_101' title="bbox 548 5325 2125 5390">
     <span class='ocr_line' id='line_1_104' title="bbox 548 5325 2125 5390; baseline 0 -5"><span class='ocrx_word' id='word_1_732' title='bbox 548 5338 803 5386; x_wconf 88' lang='lat' dir='ltr'><strong>naturam</strong></span> <span class='ocrx_word' id='word_1_733' title='bbox 820 5330 1108 5384; x_wconf 86' lang='lat' dir='ltr'><strong>voluntate</strong></span> <span class='ocrx_word' id='word_1_734' title='bbox 1134 5325 1344 5383; x_wconf 76' lang='lat' dir='ltr'><strong>fuerint</strong></span> <span class='ocrx_word' id='word_1_735' title='bbox 1400 5326 1508 5390; x_wconf 90' lang='lat' dir='ltr'><strong>usi,</strong></span> <span class='ocrx_word' id='word_1_736' title='bbox 1543 5335 1701 5389; x_wconf 76' lang='lat' dir='ltr'><strong>totus</strong></span> <span class='ocrx_word' id='word_1_737' title='bbox 1726 5331 2125 5386; x_wconf 86' lang='lat' dir='ltr'><strong>convenienter</strong></span> 
     </span>
    </p>
   </div>
   <div class='ocr_carea' id='block_1_102' title="bbox 550 5414 2122 5492">
    <p class='ocr_par' dir='ltr' id='par_1_102' title="bbox 550 5414 2122 5492">
     <span class='ocr_line' id='line_1_105' title="bbox 550 5414 2122 5492; baseline -0.003 -12"><span class='ocrx_word' id='word_1_738' title='bbox 550 5426 683 5480; x_wconf 89' lang='lat' dir='ltr'><strong>totis</strong></span> <span class='ocrx_word' id='word_1_739' title='bbox 712 5414 961 5487; x_wconf 36' lang='lat' dir='ltr'><strong>ad‘vcnit,</strong></span> <span class='ocrx_word' id='word_1_740' title='bbox 994 5431 1162 5492; x_wconf 89' lang='lat' dir='ltr'><strong>atque</strong></span> <span class='ocrx_word' id='word_1_741' title='bbox 1194 5420 1394 5475; x_wconf 88' lang='lat' dir='ltr'><strong>bonam</strong></span> <span class='ocrx_word' id='word_1_742' title='bbox 1419 5419 1798 5475; x_wconf 77' lang='lat' dir='ltr'><strong>exsistentiam</strong></span> <span class='ocrx_word' id='word_1_743' title='bbox 1826 5421 2122 5492; x_wconf 85' lang='lat' dir='ltr'><strong>sempiter-</strong></span> 
     </span>
    </p>
   </div>
   <div class='ocr_carea' id='block_1_103' title="bbox 2235 4512 3793 4592">
    <p class='ocr_par' dir='ltr' id='par_1_103' title="bbox 2235 4512 3793 4592">
     <span class='ocr_line' id='line_1_106' title="bbox 2235 4512 3793 4592; baseline -0.003 -27"><span class='ocrx_word' id='word_1_744' title='bbox 2235 4512 2330 4565; x_wconf 77' lang='grc' dir='ltr'>τοῦ</span> <span class='ocrx_word' id='word_1_745' title='bbox 2350 4512 2484 4566; x_wconf 74' lang='grc' dir='ltr'>Θεοῦ</span> <span class='ocrx_word' id='word_1_746' title='bbox 2504 4516 2597 4569; x_wconf 70' lang='grc' dir='ltr'>καὶ</span> <span class='ocrx_word' id='word_1_747' title='bbox 2617 4518 2883 4590; x_wconf 80' lang='grc' dir='ltr'>παμφαὴς</span> <span class='ocrx_word' id='word_1_748' title='bbox 2905 4523 3205 4592; x_wconf 81' lang='grc' dir='ltr'>παρουσία,</span> <span class='ocrx_word' id='word_1_749' title='bbox 3233 4522 3364 4592; x_wconf 74' lang='grc' dir='ltr'>μετὰ</span> <span class='ocrx_word' id='word_1_750' title='bbox 3384 4523 3474 4591; x_wconf 76' lang='grc' dir='ltr'>τὴν</span> <span class='ocrx_word' id='word_1_751' title='bbox 3490 4518 3577 4571; x_wconf 87' lang='grc' dir='ltr'><strong>τῶν</strong></span> <span class='ocrx_word' id='word_1_752' title='bbox 3589 4528 3703 4565; x_wconf 74' lang='grc' dir='ltr'>κινον-</span> <span class='ocrx_word' id='word_1_753' title='bbox 3792 4516 3793 4523; x_wconf 81' lang='lat'>‘</span> 
     </span>
    </p>
   </div>
   <div class='ocr_carea' id='block_1_104' title="bbox 2240 4590 3704 4683">
    <p class='ocr_par' dir='ltr' id='par_1_104' title="bbox 2240 4590 3704 4683">
     <span class='ocr_line' id='line_1_107' title="bbox 2240 4590 3704 4683; baseline 0.003 -27"><span class='ocrx_word' id='word_1_754' title='bbox 2240 4604 2418 4674; x_wconf 85' lang='grc' dir='ltr'>μένων</span> <span class='ocrx_word' id='word_1_755' title='bbox 2470 4607 2659 4662; x_wconf 82' lang='grc' dir='ltr'>στάσιν</span> <span class='ocrx_word' id='word_1_756' title='bbox 2709 4610 2966 4681; x_wconf 83' lang='grc' dir='ltr'>γινομένη</span> <span class='ocrx_word' id='word_1_757' title='bbox 2987 4590 3009 4677; x_wconf 36' lang='grc'>-,</span> <span class='ocrx_word' id='word_1_758' title='bbox 3044 4590 3142 4666; x_wconf 60' lang='grc' dir='ltr'><strong>κῖιὶ</strong></span> <span class='ocrx_word' id='word_1_759' title='bbox 3174 4590 3288 4679; x_wconf 69' lang='lat' dir='ltr'><strong>toi;</strong></span> <span class='ocrx_word' id='word_1_760' title='bbox 3320 4614 3414 4683; x_wconf 82' lang='grc' dir='ltr'>μὲν</span> <span class='ocrx_word' id='word_1_761' title='bbox 3438 4612 3507 4681; x_wconf 83' lang='grc' dir='ltr'>τῷ</span> <span class='ocrx_word' id='word_1_762' title='bbox 3530 4606 3600 4661; x_wconf 69' lang='grc' dir='ltr'>τοῦ</span> <span class='ocrx_word' id='word_1_763' title='bbox 3622 4600 3704 4657; x_wconf 65' lang='grc' dir='ltr'>εἶναι</span> 
     </span>
    </p>
   </div>
   <div class='ocr_carea' id='block_1_105' title="bbox 2236 4694 3702 4776">
    <p class='ocr_par' dir='ltr' id='par_1_105' title="bbox 2236 4694 3702 4776">
     <span class='ocr_line' id='line_1_108' title="bbox 2236 4694 3702 4776; baseline -0.001 -25"><span class='ocrx_word' id='word_1_764' title='bbox 2236 4695 2379 4767; x_wconf 80' lang='grc' dir='ltr'>λόγῳ</span> <span class='ocrx_word' id='word_1_765' title='bbox 2429 4698 2570 4752; x_wconf 80' lang='grc' dir='ltr'>κατὰ</span> <span class='ocrx_word' id='word_1_766' title='bbox 2622 4701 2784 4769; x_wconf 83' lang='grc' dir='ltr'>φύσιν</span> <span class='ocrx_word' id='word_1_767' title='bbox 2832 4705 3243 4774; x_wconf 85' lang='grc' dir='ltr'>προαιρετικῶς</span> <span class='ocrx_word' id='word_1_768' title='bbox 3280 4694 3702 4776; x_wconf 69' lang='grc' dir='ltr'>χρησαμένοις,ᾰὶσ¹δ</span> 
     </span>
    </p>
   </div>
   <div class='ocr_carea' id='block_1_106' title="bbox 2237 4784 3706 4864">
    <p class='ocr_par' dir='ltr' id='par_1_106' title="bbox 2237 4784 3706 4864">
     <span class='ocr_line' id='line_1_109' title="bbox 2237 4784 3706 4864; baseline 0.003 -25"><span class='ocrx_word' id='word_1_769' title='bbox 2237 4789 2627 4859; x_wconf 83' lang='grc' dir='ltr'>προσηκόντως</span> <span class='ocrx_word' id='word_1_770' title='bbox 2649 4791 2789 4855; x_wconf 85' lang='grc' dir='ltr'>ὅλοις</span> <span class='ocrx_word' id='word_1_771' title='bbox 2822 4792 3244 4864; x_wconf 81' lang='grc' dir='ltr'>ἐπιδημοῦντος,</span> <span class='ocrx_word' id='word_1_772' title='bbox 3279 4798 3370 4849; x_wconf 81' lang='grc' dir='ltr'>καὶ</span> <span class='ocrx_word' id='word_1_773' title='bbox 3388 4794 3444 4848; x_wconf 78' lang='grc' dir='ltr'>τὸ</span> <span class='ocrx_word' id='word_1_774' title='bbox 3471 4794 3543 4847; x_wconf 76' lang='grc' dir='ltr'><strong>ἀεὶ</strong></span> <span class='ocrx_word' id='word_1_775' title='bbox 3559 4786 3605 4843; x_wconf 78' lang='grc' dir='ltr'>εὖ</span> <span class='ocrx_word' id='word_1_776' title='bbox 3623 4784 3706 4839; x_wconf 65' lang='grc' dir='ltr'>εἶναι</span> 
     </span>
    </p>
   </div>
   <div class='ocr_carea' id='block_1_107' title="bbox 2240 4878 3705 4957">
    <p class='ocr_par' dir='ltr' id='par_1_107' title="bbox 2240 4878 3705 4957">
     <span class='ocr_line' id='line_1_110' title="bbox 2240 4878 3705 4957; baseline 0.017 -28"><span class='ocrx_word' id='word_1_777' title='bbox 2240 4878 2576 4949; x_wconf 85' lang='grc' dir='ltr'>παρέχοντος</span> <span class='ocrx_word' id='word_1_778' title='bbox 2606 4880 2694 4934; x_wconf 80' lang='grc' dir='ltr'><strong>διὰ</strong></span> <span class='ocrx_word' id='word_1_779' title='bbox 2723 4883 2822 4952; x_wconf 84' lang='grc' dir='ltr'>τῆς</span> <span class='ocrx_word' id='word_1_780' title='bbox 2855 4884 3071 4948; x_wconf 75' lang='grc' dir='ltr'>οἰκείας</span> <span class='ocrx_word' id='word_1_781' title='bbox 3100 4887 3355 4957; x_wconf 83' lang='grc' dir='ltr'>μετοχῆς.</span> <span class='ocrx_word' id='word_1_782' title='bbox 3385 4885 3454 4949; x_wconf 78' lang='grc' dir='ltr'><strong>ὡς</strong></span> <span class='ocrx_word' id='word_1_783' title='bbox 3492 4882 3622 4952; x_wconf 69' lang='grc' dir='ltr'>μόνον</span> <span class='ocrx_word' id='word_1_784' title='bbox 3648 4892 3705 4927; x_wconf 61' lang='grc' dir='ltr'><strong>’ω’</strong></span> 
     </span>
    </p>
   </div>
   <div class='ocr_carea' id='block_1_108' title="bbox 2241 4963 3707 5041">
    <p class='ocr_par' dir='ltr' id='par_1_108' title="bbox 2241 4963 3707 5041">
     <span class='ocr_line' id='line_1_111' title="bbox 2241 4963 3707 5041; baseline 0.005 -18"><span class='ocrx_word' id='word_1_785' title='bbox 2241 4969 2371 5038; x_wconf 91' lang='grc' dir='ltr'>ρίως</span> <span class='ocrx_word' id='word_1_786' title='bbox 2399 4971 2492 5023; x_wconf 73' lang='grc' dir='ltr'>καὶ</span> <span class='ocrx_word' id='word_1_787' title='bbox 2514 4972 2666 5037; x_wconf 80' lang='grc' dir='ltr'>ὄντος</span> <span class='ocrx_word' id='word_1_788' title='bbox 2696 4973 2792 5027; x_wconf 76' lang='grc' dir='ltr'>καὶ</span> <span class='ocrx_word' id='word_1_789' title='bbox 2818 4974 2907 5027; x_wconf 77' lang='grc' dir='ltr'><strong>ἀεὶ</strong></span> <span class='ocrx_word' id='word_1_790' title='bbox 2946 4975 3101 5041; x_wconf 76' lang='grc' dir='ltr'>ὄντος</span> <span class='ocrx_word' id='word_1_791' title='bbox 3146 4980 3243 5032; x_wconf 81' lang='grc' dir='ltr'>καὶ</span> <span class='ocrx_word' id='word_1_792' title='bbox 3294 4974 3351 5032; x_wconf 79' lang='grc' dir='ltr'>εὖ</span> <span class='ocrx_word' id='word_1_793' title='bbox 3390 4976 3541 5039; x_wconf 74' lang='grc' dir='ltr'>δντος,</span> <span class='ocrx_word' id='word_1_794' title='bbox 3565 4971 3648 5031; x_wconf 81' lang='grc' dir='ltr'>τοῖς</span> <span class='ocrx_word' id='word_1_795' title='bbox 3675 4963 3707 5017; x_wconf 58' lang='grc' dir='ltr'>δῖ</span> 
     </span>
    </p>
   </div>
   <div class='ocr_carea' id='block_1_109' title="bbox 2236 5053 3704 5138">
    <p class='ocr_par' dir='ltr' id='par_1_109' title="bbox 2236 5053 3704 5138">
     <span class='ocr_line' id='line_1_112' title="bbox 2236 5053 3704 5138; baseline 0.008 -25"><span class='ocrx_word' id='word_1_796' title='bbox 2236 5062 2389 5132; x_wconf 81' lang='grc' dir='ltr'>παρὰ</span> <span class='ocrx_word' id='word_1_797' title='bbox 2419 5060 2580 5130; x_wconf 81' lang='grc' dir='ltr'>φύσιν</span> <span class='ocrx_word' id='word_1_798' title='bbox 2613 5063 2692 5134; x_wconf 82' lang='grc' dir='ltr'><strong>τῷ</strong></span> <span class='ocrx_word' id='word_1_799' title='bbox 2722 5063 2818 5118; x_wconf 80' lang='grc' dir='ltr'><strong>τοῦ</strong></span> <span class='ocrx_word' id='word_1_800' title='bbox 2839 5058 2978 5119; x_wconf 76' lang='grc' dir='ltr'>εἶναι</span> <span class='ocrx_word' id='word_1_801' title='bbox 3009 5066 3160 5137; x_wconf 87' lang='grc' dir='ltr'>λόγῳ</span> <span class='ocrx_word' id='word_1_802' title='bbox 3199 5068 3481 5138; x_wconf 80' lang='grc' dir='ltr'>γνωμικῶς</span> <span class='ocrx_word' id='word_1_803' title='bbox 3512 5053 3704 5135; x_wconf 75' lang='grc' dir='ltr'><strong>χρησαμέ·</strong></span> 
     </span>
    </p>
   </div>
   <div class='ocr_carea' id='block_1_110' title="bbox 2233 5145 3707 5227">
    <p class='ocr_par' dir='ltr' id='par_1_110' title="bbox 2233 5145 3707 5227">
     <span class='ocr_line' id='line_1_113' title="bbox 2233 5145 3707 5227; baseline -0.006 -21"><span class='ocrx_word' id='word_1_804' title='bbox 2233 5168 2368 5217; x_wconf 85' lang='grc' dir='ltr'>νοις,</span> <span class='ocrx_word' id='word_1_805' title='bbox 2390 5152 2507 5205; x_wconf 82' lang='grc' dir='ltr'>ἀντὶ</span> <span class='ocrx_word' id='word_1_806' title='bbox 2530 5153 2621 5206; x_wconf 72' lang='grc' dir='ltr'><strong>τοῦ</strong></span> <span class='ocrx_word' id='word_1_807' title='bbox 2639 5151 2698 5207; x_wconf 81' lang='grc' dir='ltr'>εὖ</span> <span class='ocrx_word' id='word_1_808' title='bbox 2722 5155 2783 5210; x_wconf 79' lang='grc' dir='ltr'>τὸ</span> <span class='ocrx_word' id='word_1_809' title='bbox 2794 5157 2883 5210; x_wconf 81' lang='grc' dir='ltr'><strong>ἀεὶ</strong></span> <span class='ocrx_word' id='word_1_810' title='bbox 2904 5156 3005 5227; x_wconf 82' lang='grc' dir='ltr'>φεῦ</span> <span class='ocrx_word' id='word_1_811' title='bbox 3030 5155 3177 5214; x_wconf 77' lang='grc' dir='ltr'>εἶναι</span> <span class='ocrx_word' id='word_1_812' title='bbox 3206 5160 3344 5214; x_wconf 73' lang='grc' dir='ltr'>κατὰ</span> <span class='ocrx_word' id='word_1_813' title='bbox 3361 5160 3415 5213; x_wconf 69' lang='grc' dir='ltr'>τὲ</span> <span class='ocrx_word' id='word_1_814' title='bbox 3438 5157 3559 5217; x_wconf 76' lang='grc' dir='ltr'>εἰκὸς</span> <span class='ocrx_word' id='word_1_815' title='bbox 3577 5145 3707 5206; x_wconf 65' lang='lat' dir='ltr'><strong>tmt-</strong></span> 
     </span>
    </p>
   </div>
   <div class='ocr_carea' id='block_1_111' title="bbox 2236 5240 3706 5323">
    <p class='ocr_par' dir='ltr' id='par_1_111' title="bbox 2236 5240 3706 5323">
     <span class='ocr_line' id='line_1_114' title="bbox 2236 5240 3706 5323; baseline -0.02 -1"><span class='ocrx_word' id='word_1_816' title='bbox 2236 5259 2447 5311; x_wconf 63' lang='grc' dir='ltr'><strong>μοντθςν</strong></span> <span class='ocrx_word' id='word_1_817' title='bbox 2459 5244 2533 5305; x_wconf 65' lang='grc' dir='ltr'><strong>ὡς</strong></span> <span class='ocrx_word' id='word_1_818' title='bbox 2549 5247 2648 5299; x_wconf 60' lang='grc' dir='ltr'><strong>οὐκ</strong></span> <span class='ocrx_word' id='word_1_819' title='bbox 2661 5246 2812 5311; x_wconf 66' lang='grc' dir='ltr'>ὄντος</span> <span class='ocrx_word' id='word_1_820' title='bbox 2822 5250 3001 5313; x_wconf 70' lang='grc' dir='ltr'>αὐτοῖς</span> <span class='ocrx_word' id='word_1_821' title='bbox 3013 5250 3206 5305; x_wconf 77' lang='grc' dir='ltr'>λοιπὸν</span> <span class='ocrx_word' id='word_1_822' title='bbox 3215 5251 3449 5323; x_wconf 80' lang='grc' dir='ltr'>χωρητοῦ</span> <span class='ocrx_word' id='word_1_823' title='bbox 3462 5248 3540 5303; x_wconf 82' lang='grc' dir='ltr'>τοῦ</span> <span class='ocrx_word' id='word_1_824' title='bbox 3554 5241 3599 5299; x_wconf 72' lang='grc' dir='ltr'>εὖ</span> <span class='ocrx_word' id='word_1_825' title='bbox 3608 5240 3706 5295; x_wconf 72' lang='grc' dir='ltr'>εἶναι.</span> 
     </span>
    </p>
   </div>
   <div class='ocr_carea' id='block_1_112' title="bbox 2230 5328 3708 5412">
    <p class='ocr_par' dir='ltr' id='par_1_112' title="bbox 2230 5328 3708 5412">
     <span class='ocr_line' id='line_1_115' title="bbox 2230 5328 3708 5412; baseline 0.001 -25"><span class='ocrx_word' id='word_1_826' title='bbox 2230 5335 2487 5399; x_wconf 79' lang='grc' dir='ltr'>ἐναντίως</span> <span class='ocrx_word' id='word_1_827' title='bbox 2505 5337 2640 5407; x_wconf 73' lang='grc' dir='ltr'>πρὸς</span> <span class='ocrx_word' id='word_1_828' title='bbox 2657 5338 2789 5393; x_wconf 80' lang='grc' dir='ltr'>αὐτὸ</span> <span class='ocrx_word' id='word_1_829' title='bbox 2801 5340 3189 5409; x_wconf 82' lang='grc' dir='ltr'>διακειμένοις,</span> <span class='ocrx_word' id='word_1_830' title='bbox 3212 5343 3304 5397; x_wconf 77' lang='grc' dir='ltr'>καὶ</span> <span class='ocrx_word' id='word_1_831' title='bbox 3318 5343 3509 5412; x_wconf 87' lang='grc' dir='ltr'>κίνησιν</span> <span class='ocrx_word' id='word_1_832' title='bbox 3522 5328 3708 5391; x_wconf 68' lang='grc' dir='ltr'>παντελῶς</span> 
     </span>
    </p>
   </div>
   <div class='ocr_carea' id='block_1_113' title="bbox 2227 5413 3709 5503">
    <p class='ocr_par' dir='ltr' id='par_1_113' title="bbox 2227 5413 3709 5503">
     <span class='ocr_line' id='line_1_116' title="bbox 2227 5413 3709 5503; baseline -0.003 -23"><span class='ocrx_word' id='word_1_833' title='bbox 2227 5425 2329 5480; x_wconf 84' lang='grc' dir='ltr'>οὐκ</span> <span class='ocrx_word' id='word_1_834' title='bbox 2355 5425 2534 5498; x_wconf 78' lang='grc' dir='ltr'>ἔχουσι</span> <span class='ocrx_word' id='word_1_835' title='bbox 2565 5428 2704 5498; x_wconf 77' lang='grc' dir='ltr'>μετὰ</span> <span class='ocrx_word' id='word_1_836' title='bbox 2725 5428 2824 5501; x_wconf 84' lang='grc' dir='ltr'>τὴν</span> <span class='ocrx_word' id='word_1_837' title='bbox 2853 5429 2945 5485; x_wconf 83' lang='grc' dir='ltr'>τοῦ</span> <span class='ocrx_word' id='word_1_838' title='bbox 2968 5430 3311 5503; x_wconf 77' lang='grc' dir='ltr'>ζητουμένου</span> <span class='ocrx_word' id='word_1_839' title='bbox 3345 5431 3617 5501; x_wconf 75' lang='grc' dir='ltr'>φανέρωσιν,</span> <span class='ocrx_word' id='word_1_840' title='bbox 3637 5413 3709 5471; x_wconf 67' lang='grc' dir='ltr'><strong>καθ’</strong></span> 
     </span>
    </p>
   </div>
   <div class='ocr_carea' id='block_1_114' title="bbox 546 5508 2142 5592">
    <p class='ocr_par' dir='ltr' id='par_1_114' title="bbox 546 5508 2122 5584">
     <span class='ocr_line' id='line_1_117' title="bbox 546 5508 2122 5584; baseline 0 -15"><span class='ocrx_word' id='word_1_841' title='bbox 546 5528 674 5569; x_wconf 89' lang='lat' dir='ltr'><strong>nam</strong></span> <span class='ocrx_word' id='word_1_842' title='bbox 702 5511 786 5567; x_wconf 86' lang='lat' dir='ltr'><strong>sui</strong></span> <span class='ocrx_word' id='word_1_843' title='bbox 812 5511 1238 5583; x_wconf 89' lang='lat' dir='ltr'><strong>participatione</strong></span> <span class='ocrx_word' id='word_1_844' title='bbox 1278 5518 1335 5566; x_wconf 88' lang='lat' dir='ltr'><strong>et</strong></span> <span class='ocrx_word' id='word_1_845' title='bbox 1374 5508 1775 5584; x_wconf 78' lang='lat' dir='ltr'><strong>communione</strong></span> <span class='ocrx_word' id='word_1_846' title='bbox 1817 5512 2027 5581; x_wconf 63' lang='lat' dir='ltr'><strong>prtebet</strong></span> <span class='ocrx_word' id='word_1_847' title='bbox 2060 5521 2122 5569; x_wconf 88' lang='lat' dir='ltr'><strong>ut</strong></span> 
     </span>
    </p>
   </div>
   <div class='ocr_carea' id='block_1_115' title="bbox 2234 5508 3630 5592">
    <p class='ocr_par' dir='ltr' id='par_1_115' title="bbox 2234 5514 3630 5592">
     <span class='ocr_line' id='line_1_118' title="bbox 2234 5514 3630 5592; baseline 0.002 -21"><span class='ocrx_word' id='word_1_848' title='bbox 2234 5517 2294 5591; x_wconf 66' lang='grc' dir='ltr'>ἢν</span> <span class='ocrx_word' id='word_1_849' title='bbox 2314 5521 2424 5582; x_wconf 82' lang='grc' dir='ltr'>τοῖς</span> <span class='ocrx_word' id='word_1_850' title='bbox 2448 5517 2671 5591; x_wconf 80' lang='grc' dir='ltr'>ζητοῦσι</span> <span class='ocrx_word' id='word_1_851' title='bbox 2696 5520 2905 5591; x_wconf 72' lang='grc' dir='ltr'>πέφυκε</span> <span class='ocrx_word' id='word_1_852' title='bbox 2935 5522 3310 5592; x_wconf 79' lang='grc' dir='ltr'>φανεροῦσθαι</span> <span class='ocrx_word' id='word_1_853' title='bbox 3341 5522 3398 5576; x_wconf 84' lang='grc' dir='ltr'>τὸ</span> <span class='ocrx_word' id='word_1_854' title='bbox 3427 5514 3630 5590; x_wconf 75' lang='grc' dir='ltr'>ζητητόν·</span> 
     </span>
    </p>
   </div>
   <div class='ocr_carea' id='block_1_116' title="bbox 614 5692 988 5759">
    <p class='ocr_par' dir='ltr' id='par_1_116' title="bbox 614 5692 988 5759">
     <span class='ocr_line' id='line_1_119' title="bbox 614 5692 988 5759; baseline -0.019 -4"><span class='ocrx_word' id='word_1_855' title='bbox 614 5703 647 5735; x_wconf 75' lang='grc' dir='ltr'><strong><em>ι</em></strong></span> <span class='ocrx_word' id='word_1_856' title='bbox 675 5692 814 5755; x_wconf 82' lang='lat' dir='ltr'><strong>Gen.</strong></span> <span class='ocrx_word' id='word_1_857' title='bbox 843 5710 902 5759; x_wconf 83' lang='grc' dir='ltr'><strong>ιι,</strong></span> <span class='ocrx_word' id='word_1_858' title='bbox 934 5694 988 5748; x_wconf 74' lang='grc'><strong>2.</strong></span> 
     </span>
    </p>
   </div>
  </div>
