3946 6206
248 265 385 333 1393
1464 269 1985 332 AMBIGUORUM
2023 273 2276 333 LIBER.
3360 234 3523 325 ηερε

243 382 338 454 qui
368 381 521 437 solus
546 377 775 450 proprie
811 387 869 435 et
903 379 1119 436 exsistit
1147 386 1205 434 et
1243 393 1462 449 semper
1499 382 1720 437 exsistit
1745 391 1803 437 et
1839 382 2235 449 beneexsistit,
2268 384 2352 439 eis
2386 390 2575 438 autem
2599 379 2695 451 qui
2725 388 2920 436 contra
2944 388 3201 434 naturam
3225 376 3515 433 exsistan-

246 474 302 529 di
334 475 552 529 ratione
577 482 775 542 suopte
804 473 1040 529 consilio
1070 471 1280 533 l‘ueriut
1314 472 1425 539 usi,
1458 473 1717 529 miseram
1762 489 1865 544 pro
1898 475 2058 531 beata
2088 476 2413 533 exsistentia
2469 476 2675 531 merito
2707 472 2990 537 retribuit,
3028 479 3090 527 ut
3131 471 3335 541 quibus
3366 469 3507 523 bea-

250 579 359 627 tam
391 569 794 633 exsistentiam,
822 569 911 624 cui
944 570 1058 638 jam
1104 567 1321 623 adversi
1358 575 1527 633 stant,
1558 584 1757 637 capere
1797 583 1909 623 non
1938 568 2128 637 liceat,
2161 571 2370 642 quique
2417 571 2716 641 quominus
2742 568 2796 623 id
2835 565 2985 637 quod
3022 565 3290 637 quaeritur
3331 562 3515 617 mani~

248 668 482 724 l'estetur
506 666 748 723 motione
780 680 1011 737 prorsus
1031 674 1245 731 carent,
1282 680 1392 736 qua
1431 665 1813 735 quaerentibus
1850 664 1908 719 id
1935 668 2086 736 quod
2110 669 2381 739 quaeritur
2406 665 2750 723 manifestari
2774 655 2983 736 potest.

567 850 758 904 Ἀλλο
795 851 882 915 εις
918 846 986 903 τὸ
1016 849 1165 903 αὐτὸ
1198 847 1495 916 θεώρημα.
1852 864 1899 919 Α

321 964 431 1017 Καὶ
464 962 624 1017 πάλιν
654 962 860 1033 ἑϐδόμη
891 963 988 1017 καὶ
1013 962 1295 1017 Σάϐϐατόν
1329 963 1480 1015 ἐστιν
1510 962 1673 1033 ἡτῶν
1697 964 1821 1016 κατ’

1998 965 2179 1036 Atque
2224 978 2417 1018 rursus
2460 962 2693 1032 septima
2740 969 2796 1016 et
2839 958 3143 1014 Sabbatum
3189 964 3274 1011 est
3312 952 3505 1009 modo-

249 1052 449 1125 ἀρετὴν
475 1053 734 1108 ἁπάντων
754 1054 972 1124 τρόπων
997 1054 1091 1108 καὶ
1118 1053 1225 1107 τῶν
1248 1052 1393 1108 κατὰ
1423 1052 1656 1124 Θεωρίαν
1683 1070 1829 1121 γνω-

1957 1072 2053 1111 um
2102 1038 2349 1111 omnium
2389 1052 2691 1108 secundum
2733 1051 2997 1105 virtutem
3038 1056 3092 1103 et
3135 1047 3506 1119 gnosticarum

251 1143 454 1196 στικῶν
492 1142 668 1211 λόγων
694 1143 964 1206 διάϐασις.
1008 1142 1201 1212 Ὀγδόη
1231 1143 1289 1197 δέ
1322 1144 1471 1197 ἐστιν
1496 1146 1529 1214 ἡ
1564 1143 1702 1212 πρὸς
1729 1143 1831 1213 τὴν

1957 1148 2206 1202 ιιιὶοηιιῐη
2232 1141 2537 1199 secundum
2564 1138 3097 1209 contemplationem
3114 1146 3505 1206 transgressus.

248 1234 426 1305 ἀρχὴν
455 1235 553 1288 καὶ
583 1236 768 1288 αἰτίαν
801 1234 911 1288 τῶν
952 1235 1277 1305 πρακτικῶς
1307 1235 1697 1306 πεποιημένων
1737 1235 1832 1289 καὶ

1957 1237 2135 1291 )etava
2183 1244 2367 1289 autem
2417 1242 2503 1289 est
2537 1246 2664 1287 vera
2709 1230 2776 1285 ad
2821 1228 3151 1299 principium
3192 1235 3250 1281 et
3284 1240 3510 1280 causam

247 1326 359 1379 τῶν
393 1326 751 1398 θεωρητικῶς
795 1326 1160 1399 ἐγνωσμένων
1188 1326 1330 1381 κατὰ
1359 1328 1461 1401 τὴν
1503 1328 1667 1399 χάριν
1697 1327 1832 1397 ἁλη-

1957 1341 2125 1381 :orum
2151 1341 2273 1395 qua:
2300 1324 2480 1378 active
2509 1330 2640 1377 sunt
2664 1321 2807 1376 facta
2838 1329 2896 1375 et
2924 1316 3349 1387 eontemplative
3382 1323 3525 1371 sunt.

250 1418 354 1489 θὴς
384 1420 769 1492 μεταποίησις.

1957 1416 2147 1488 agnita
2174 1431 2275 1486 per
2297 1414 2527 1486 gratiam
2557 1412 2937 1483 regeneratio.

2308 850 2431 905 Alia
2462 851 2515 903 in
2547 849 2684 903 idem
2720 845 3114 916 contemplatio.

610 1604 794 1669 Ἄλλη
832 1603 920 1668 εις
954 1600 1019 1656 τὸ
1052 1602 1201 1656 αὐτό
1242 1603 1472 1672 θεωρία.

327 1712 484 1766 Ἔστι
514 1713 614 1782 μὲν
653 1708 748 1767 οὖν
786 1713 881 1767 καὶ
910 1708 1067 1777 αὖθις
1101 1712 1304 1784 ἑϐδόμη
1340 1714 1434 1766 καὶ
1479 1713 1758 1768 Σάϐϐατόν
1796 1716 1829 1786 ἡ

255 1801 356 1874 τὴν
384 1802 506 1856 κατ’
536 1803 737 1874 ἀρετὴν
766 1804 1121 1874 διαδεχομένη
1156 1803 1468 1875 πρακτικὴν
1507 1805 1830 1875 φιλοσοφίαν

169 1959 195 1969 _
256 1891 515 1947 ἀπάθεια.
562 1892 754 1964 Ὀγδόη
799 1893 855 1947 δὲ
904 1894 998 1947 καὶ
1044 1893 1234 1965 πρώτη
1282 1895 1450 1959 ἐστὶν,
1482 1896 1558 1959 ὼς
1597 1895 1695 1965 μία
1736 1897 1832 1949 καὶ

258 1980 618 2045 ἁκατᾶλυτος,
661 1983 694 2051 ἡ
738 1981 883 2052 μετά
921 1984 1021 2051 τὴν
1054 1984 1367 2055 γνωστικὴν
1394 1984 1629 2053 Θεωρίαν
1661 1987 1838 2054 ἐπιγι-

258 2072 462 2143 νομένη
493 2073 679 2142 σοφία.
704 2074 815 2127 Καὶ
842 2075 960 2127 κατ’
982 2074 1177 2138 ἄλλους
1209 2074 1266 2127 δὲ
1296 2076 1534 2147 τρόπους
1570 2077 1836 2131 παντοδα-

260 2162 399 2227 πούς
448 2166 566 2217 ἐστι
609 2164 837 2218 δυνατὸν
880 2166 994 2226 τοῖς
1022 2164 1129 2218 τῶν
1159 2165 1320 2219 θείων
1364 2166 1718 2239 φι).οθεάμοσι
1745 2168 1836 2221 τὸν

259 2260 389 2330 περὶ
438 2258 547 2312 τῶν
583 2258 843 2313 τοιούτων
887 2258 1206 2329 ἐκδέχεσθαι
1247 2258 1442 2327 λόγον,
1494 2262 1589 2314 καὶ
1632 2259 1836 2324 πολλὰς

262 2350 433 2416 καλάς
464 2367 525 2404 τε
556 2351 653 2405 καὶ
691 2350 915 2423 ἀληθεῖς
950 2353 1202 2423 ἐφευρεῖν
1245 2350 1504 2421 θεωρίας.

276 2522 371 2575 Ἐκ
405 2521 513 2577 τοῦ
548 2521 738 2577 αὑτοῦ
774 2524 985 2591 λόγου,
1022 2522 1149 2589 πῶς
1177 2525 1274 2577 τό’
1311 2544 1328 2577 ι
1360 2526 1709 2582 Δισσώσατε
1736 2529 1834 2582 καί

330 2612 729 2680 τρισσώσατε,
762 2633 781 2665 ι
826 2613 1014 2668 ιαόὼν
1040 2618 1074 2668 ὀ
1107 2615 1477 2683 διδάσκαλος
1498 2621 1581 2685 εὶς
1611 2619 1675 2672 τὸ
1704 2620 1835 2687 περὶ

330 2700 441 2770 τῆς
480 2703 735 2772 ἑϐδόμης
787 2705 1129 2773 μυστήριόν
1173 2722 1383 2776 φησιν·
1422 2727 1440 2760 ι
1486 2709 1582 2773 Ὠς
1627 2710 1696 2763 δὲ
1739 2710 1837 2764 καὶ

333 2795 448 2865 τὴν
487 2796 753 2865 ἑϐδόμην
783 2798 1183 2869 ἀναστροφὴν
1234 2802 1438 2855 Ἠλίου
1464 2802 1571 2856 τοῦ
1609 2803 1839 2873 προφή-

332 2905 460 2953 του,
486 2887 568 2954 τῷ
592 2889 703 2958 τῆς
733 2891 1073 2961 Σαραερθίας
1100 2891 1229 2958 υἱῷ,
1274 2891 1342 2947 τὸ
1369 2891 1479 2961 ζῇν
1505 2895 1841 2964 ἐμπνεύσα-

332 2994 478 3044 σιιν,
508 2979 693 3052 (256
724 2982 779 3051 α)
821 2981 918 3036 καί
991 2982 1100 3038 τοῦ
1138 2984 1327 3040 αὐτοῦ
1364 2984 1481 3054 τὴν
1521 2985 1841 3058 ἰσάριθμον

335 3068 486 3124 κατὰ
523 3069 641 3125 τῶν
667 3072 976 3142 σχιδάκων
1014 3074 1362 3132 ἐπικλυσιν.
1390 3099 1410 3134 ι

349 3178 409 3234 '0
459 3183 728 3254 μακάριος
774 3184 953 3261 γέρων
1008 3188 1138 3259 παρ’
1172 3186 1307 3258 ἐμοῦ
1349 3189 1507 3245 τοῦτο
1544 3191 1843 3262 ἐρωτηθεὶς

271 3270 396 3342 ἔφη.
428 3274 585 3329 Κατὰ
610 3275 770 3331 τοῦτο
796 3278 960 3349 τυχὸν
1001 3282 1131 3352 περὶ
1156 3281 1249 3335 τοῦ
1275 3283 1415 3337 ἑπτὰ
1445 3282 1709 3349 διεξιόντα
1749 3288 1842 3340 τὸν

270 3358 582 3416 διδάσκαλον
616 3364 853 3436 ἀριθμοῦ
889 3369 1273 3440 τεκμήρασθαι
1316 3372 1559 3427 δυνατόν.
1621 3375 1842 3445 Πρῶτον

273 3451 371 3521 μιν
403 3454 547 3507 κατὰ
588 3457 715 3519 τοὺς
750 3456 1079 3529 λεγομένους
1111 3461 1529 3533 ἀριθμητικούς.
1564 3467 1699 3518 Φασὶ
1735 3467 1844 3538 γὰρ

269 3544 469 3598 ἐκεῖνοι
500 3546 856 3601 συνίστασθαι
885 3567 1038 3614 τινας
1080 3552 1349 3623 ἀριθμοὺς
1383 3555 1447 3607 ὲκ
1473 3556 1844 3627 δισσουμένων

270 3636 367 3687 καὶ
406 3637 818 3708 τρισσουμένων
873 3640 1095 3711 ἑτέρων,
1140 3643 1238 3712 τῆς
1287 3644 1513 3713 μονάδος
1541 3646 1845 3701 τελευταῖον

272 3728 732 3800 προστιθεμένης.
777 3726 905 3784 Οἷον
952 3734 1018 3785 ὲκ
1060 3732 1430 3804 δισσουμένων
1482 3737 1581 3807 μὲν
1628 3741 1657 3793 ὁ
1708 3737 1778 3805 ξδ’
1799 3738 1846 3771 ⁸⁷

2322 1597 2445 1653 Alia
2472 1599 2527 1652 in
2556 1596 2694 1651 idem
2726 1594 3117 1666 contemplatio.

2005 1716 2103 1771 Est
2133 1713 2301 1786 igitur
2323 1726 2515 1767 rursus
2544 1711 2710 1767 etiam
2741 1710 2973 1780 septima
3003 1717 3058 1764 et
3083 1707 3381 1763 Sabbatum
3412 1707 3512 1760 im-

1935 1805 2270 1876 passibilitas
2314 1818 2437 1873 qua:
2481 1801 2716 1856 activam
2756 1800 3163 1870 philosophiam
3208 1797 3509 1852 secundum

1934 1897 2196 1951 virtutem
2232 1894 2453 1963 excipit.
2480 1892 2685 1947 Octava
2713 1906 2844 1945 vero
2876 1898 2933 1945 et
2964 1890 3139 1960 prima
3175 1896 3281 1953 est,
3310 1896 3371 1941 ut
3404 1903 3511 1941 una

1932 1994 2098 2055 atque
2135 1983 2559 2049 indissolubilis,
2593 1982 2864 2053 sapientia
2900 1997 3023 2051 quae
3055 1989 3177 2051 post
3209 1978 3511 2051 gnosticam

1933 2075 2456 2145 contemplationem
2492 2073 2881 2143 subsequitur:
2908 2071 3016 2126 Sed
3052 2071 3178 2125 allis
3208 2082 3430 2139 quoque
3460 2076 3515 2123 et

1933 2182 2203 2236 perquam
2245 2164 2416 2221 variis
2464 2163 2643 2219 modis
2689 2178 2877 2217 rerum
2923 2161 3236 2215 divinarum
3284 2159 3514 2213 studiosi

1935 2274 2246 2315 sermonem
2289 2257 2358 2313 de
2399 2256 2601 2312 talibus
2642 2255 2892 2325 accipere
2931 2262 3193 2324 possunt,
3221 2253 3424 2307 multas
3462 2260 3519 2306 et

1870 2345 1910 2399 Β
1938 2353 2199 2423 pulchras
2227 2361 2284 2408 et
2306 2365 2464 2406 veras
2486 2348 2838 2405 adinventuri
2861 2346 3389 2417 contemplationes..

1944 2528 2028 2583 Ea:
2068 2528 2245 2581 eodem
2279 2542 2548 2592 sermone,
2580 2526 2836 2597 quomodo
2870 2525 3004 2580 illud
3040 2541 3059 2579 :
3101 2544 3120 2576 ι
3162 2523 3439 2595 Duplicate
3470 2532 3537 2576 eti

2014 2619 2306 2689 triplicate,
2361 2637 2378 2669 ι
2435 2619 2647 2688 cupiens
2694 2617 2945 2686 magister
2990 2617 3045 2669 in
3099 2615 3409 2686 mysterium
3457 2614 3524 2668 de

2015 2710 2335 2765 hebdomade
2378 2709 2520 2763 dicat
2553 2725 2572 2763 :
2613 2728 2631 2760 ι
2674 2707 2947 2764 Consimili
2984 2707 3137 2762 modo
3168 2715 3219 2760 et
3246 2713 3522 2777 septenum

2014 2804 2151 2858 Elite
2207 2804 2471 2874 prepltetaa
2525 2803 2949 2865 conversionem,
3006 2815 3124 2870 quia
3176 2798 3523 2870 Sarephtanaz
3605 2812 3614 2825 ‘

2016 2897 2185 2951 viduae
2221 2896 2334 2965 ﬁlio
2376 2898 2483 2951 vita
2529 2896 2794 2965 inspirata
2840 2904 2914 2948 est
2938 2903 2966 2941 γ
2991 2933 3006 2957 ,
3040 2892 3375 2964 ejusdemque
3416 2908 3520 2947 nu-

2016 3003 2162 3041 mero
2190 3003 2373 3058 parem
2399 3002 2556 3058 super
2584 2985 2791 3041 assulas
2818 2984 3177 3057 proluvionem
3206 2992 3256 3039 γ.
3292 3002 3310 3036 ι

2020 3183 2222 3238 Beatus
2260 3198 2430 3240 senex
2464 3184 2555 3240 ille
2590 3200 2619 3239 a
2655 3199 2742 3239 me
2778 3184 2847 3239 de
2879 3184 2987 3239 hoc
3014 3180 3394 3253 interrogatus
3432 3194 3521 3235 re-

1948 3271 2191 3341 spondit,
2219 3271 2325 3327 hoc
2352 3272 2475 3327 loco
2500 3272 2676 3328 videri
2705 3272 2938 3327 fortasse
2966 3286 3127 3341 posse
3155 3269 3301 3339 quod
3330 3269 3523 3324 doctor
3569 3272 3596 3295 ⁹

1949 3362 2019 3420 de
2046 3365 2363 3436 septenario
2386 3372 2712 3434 persecutus
2735 3377 2965 3417 numero
2985 3362 3358 3431 conjecturam
3381 3359 3525 3415 fece-

1950 3458 2044 3511 rit.
2076 3458 2321 3512 Primum
2362 3457 2584 3526 quidem
2629 3454 2935 3510 secundum
2983 3453 3346 3507 arithmeticae
3390 3452 3526 3507 artis

1950 3548 2181 3617 peritos.
2218 3548 2301 3601 llli
2342 3547 2490 3601 enim
2528 3545 2794 3615 quosdam
2831 3559 3093 3599 numeros
3129 3559 3196 3598 ex
3232 3543 3527 3611 duplicatis

1952 3647 2009 3695 et
2042 3639 2333 3708 triplicatis
2362 3638 2506 3702 aliis,
2537 3637 2747 3690 unitate
2778 3635 2833 3689 in
2866 3643 3113 3689 extremo
3146 3631 3522 3703 superaddita,

1954 3738 2209 3784 constare
2239 3729 2458 3784 docent.
2488 3728 2579 3783 Sic
2607 3743 2673 3783 cx
2701 3726 2996 3797 duplicatis
3021 3733 3235 3780 constat
3263 3738 3526 3779 numerus

275 3818 610 3883 συνίσταται,
661 3821 758 3892 τῆς
807 3822 1037 3892 μονάδος
1080 3823 1444 3895 δισσουμένης
1475 3806 1613 3897 μετὰ
1652 3828 1760 3882 τῶν
1788 3828 1844 3893 ἐξ

1957 3823 2040 3887 64,
2069 3822 2281 3876 unitate
2310 3820 2569 3876 videlicet
2598 3819 2873 3889 duplicata
2906 3833 3031 3873 cum
3067 3832 3161 3872 sex
3195 3816 3440 3871 numeris
3470 3826 3529 3871 et

274 3907 543 3979 ἀριθμῶν,
575 3912 1005 3983 προστιθεμένης
1044 3916 1138 3969 καὶ
1160 3915 1260 3986 τῆς
1286 3918 1531 3986 μονάδος,
1566 3921 1658 3973 καὶ
1677 3919 1850 3985 οὕτως

275 3997 309 4066 ἡ
342 3997 575 4067 ἑϐδομὰς
608 4000 933 4072 πληροῦται,
985 4000 1098 4059 οἷον
1135 4006 1219 4067 δὶς
1249 4013 1299 4062 α’
1350 4007 1416 4078 β’,
1455 4009 1541 4073 δὶς
1594 4010 1637 4080 β’
1672 4011 1735 4076 δ’,
1768 4011 1850 4075 δὶς

274 4084 316 4137 δ’
332 4091 401 4156 η’,
426 4086 506 4146 δίς
531 4094 579 4157 η·
605 4089 699 4154 ις’,
717 4090 797 4154 δὶς
827 4100 901 4157 ις’
921 4091 997 4163 λβ¹
1014 4095 1095 4158 δὶς
1116 4095 1307 4167 ).β¹,ξδ’.
1328 4099 1548 4152 Τούτων
1569 4099 1711 4154 οὕτω
1735 4101 1851 4155 δια-

279 4175 623 4233 πλασθέντων
658 4182 725 4235 δι’
752 4183 830 4250 [ἒξ
874 4186 1127 4257 ἀριθμῶν
1169 4190 1388 4244 δοκοῦσι
1440 4192 1846 4261 συντεθεῖσθαι,

279 4268 413 4322 ἀλλὰ
442 4271 979 4346 παραλαμϐανομένη
1004 4278 1314 4335 τελευταῖον
1336 4284 1431 4335 καὶ
1460 4284 1492 4352 ἡ
1518 4282 1687 4353 μονὰς
1713 4283 1849 4356 πλη-

281 4362 365 4429 ροῖ
393 4361 483 4415 τὸν
521 4364 680 4426 ἑπτὰ,
726 4364 786 4429 ἐξ
822 4363 890 4437 ἧς
921 4369 1020 4439 τὴν
1063 4371 1237 4442 ἀρχὴν
1275 4374 1303 4426 ό
1337 4373 1737 4446 διπλασιασμὸς
1772 4377 1851 4429 εἷο

278 4450 468 4523 ληφεν.
505 4452 693 4518 Οὕτως
720 4452 814 4510 οὖν
844 4459 1123 4514 κάνταῦθα
1168 4462 1259 4515 τὸν
1297 4464 1461 4517 αὐτὸν
1491 4466 1693 4518 κανόνα
1744 4484 1850 4519 κα⁸

277 4543 569 4613 τασχόντες
594 4546 967 4618 ἀπαρτίσομεν
993 4551 1082 4603 τὸν
1114 4552 1255 4605 ἑπτὰ
1275 4554 1527 4625 ἀριθμόν.
1553 4558 1690 4627 Φησὶ¹
1718 4558 1847 4628 γὰρ,

285 4651 303 4685 ι
354 4634 632 4702 Ἑκχέατε,
681 4637 981 4693 δισσώσατε
1022 4642 1118 4693 καὶ
1163 4645 1524 4714 τρισσώσατε.
1579 4666 1596 4698 ι
1640 4649 1732 4711 Δὶς
1759 4643 1851 4703 οὖν

282 4722 381 4811 μξα
409 4723 476 4794 β’.
516 4724 642 4811 ,τρὶς
680 4725 725 4794 β’
772 4726 851 4794 ἒξ.
900 4731 993 4782 καὶ
1031 4733 1064 4799 ἡ
1104 4732 1293 4805 πρώτη
1353 4736 1522 4804 μονὰς
1566 4738 1852 4811 προστεθε-

284 4807 417 4879 μένη
450 4810 563 4873 τοῖς
603 4811 788 4876 ἐξάσιν
817 4816 1107 4886 ἀπαρτίζει
1138 4820 1228 4874 τὸν
1267 4823 1407 4876 ἑπτὰ
1433 4824 1685 4895 ἀριθμόν.
1713 4807 1851 4880 diuisi.

278 4897 335 4950 δὲ
364 4900 458 4953 και)⁵
489 4902 811 4968 συγγένειάν
844 4924 967 4960 τινα
998 4913 1376 4984 πνευματικὴν
1401 4914 1545 4968 κατὰ
1581 4919 1851 4987 μυστικὴν

281 4989 515 5061 θεωρίαν
540 4994 677 5065 πρὸς
701 4997 792 5050 τὸν
816 4998 859 5062 ζ’
884 5000 1118 5071 ἀριθμὸν
1148 5003 1291 5073 ἔχειν
1318 5006 1410 5059 τὸν
1432 5013 1479 5075 γ’
1510 5008 1652 5061 κατὰ
1683 5010 1853 5062 τοιόν-

278 5081 337 5134 δε
359 5084 579 5152 τρόπον.
600 5086 679 5157 τῷ
699 5089 798 5159 τὴν
822 5092 1131 5147 πάνσεπτον
1160 5096 1256 5149 καὶ
1280 5098 1661 5171 προσκυνητὴν
1683 5101 1852 5170 Τριά-

278 5171 344 5235 δα
376 5173 464 5228 διὰ
500 5175 595 5229 τοῦ
626 5184 674 5245 γ’
708 5182 1094 5249 σημαίνεσθαι,
1130 5185 1225 5238 καὶ⁸
1252 5187 1415 5241 πάλιν
1442 5188 1542 5259 τὴν
1571 5189 1742 5260 αὐτὴν
1766 5191 1852 5245 διὰ

278 5263 375 5319 τοῦ
404 5265 470 5330 ζ’.
504 5268 582 5338 τῷ
632 5270 723 5324 τὸν
756 5271 801 5336 ζ’
832 5275 1069 5345 ἀριθμὸν
1100 5279 1369 5347 παρθένον
1397 5274 1556 5335 εἶναι.
1585 5282 1707 5334 Τῶν
1739 5282 1850 5354 γὰρ

347 5391 380 5433 1
402 5381 472 5441 ιιι
501 5384 635 5457 Reg.
668 5402 799 5454 xvn,
824 5386 1012 5454 25,2I.

1954 3917 2166 3972 unitate
2192 3917 2247 3970 in
2275 3924 2523 3971 extremo
2554 3913 2790 3982 adjecta,
2808 3927 2915 3982 qua
2941 3912 3156 3966 ratione
3182 3909 3529 3979 septenarius

1952 4009 2262 4079 completur
2292 4023 2586 4072 numerus;
2631 4021 2761 4059 nam
2798 4006 2817 4059 l
2860 4004 2946 4060 bis
2978 4012 3232 4073 sumptus
3262 4002 3430 4057 eﬂicit
3460 4002 3525 4067 2,

1950 4101 1986 4155 2
2020 4101 2105 4155 bis
2133 4101 2196 4162 4,
2225 4100 2259 4154 4
2287 4098 2374 4153 bis
2397 4099 2457 4162 8,
2489 4097 2522 4152 8
2552 4097 2637 4152 bis
2668 4097 2763 4161 16,
2798 4096 2862 4150 16
2893 4095 2979 4149 bis
3008 4094 3106 4159 52,
3131 4094 3201 4147 52
3228 4093 3315 4148 bis
3343 4093 3429 4150 64.
3460 4091 3527 4146 Hi
3598 4107 3606 4169 ξ

1952 4192 2029 4247 ita
2065 4190 2327 4261 duplicati
2362 4205 2463 4259 per
2493 4204 2587 4243 sex
2623 4201 2886 4241 numeros
2918 4184 3179 4240 videntur
3214 4183 3527 4254 compositi,

1953 4284 2047 4339 sed
2079 4286 2263 4339 unitas
2290 4283 2347 4336 in
2374 4291 2624 4337 extremo
2649 4287 2930 4348 assumpta
2948 4320 2961 4344 ,
2986 4295 3053 4333 ex
3078 4294 3184 4349 qua
3213 4277 3531 4348 duplicandi

1954 4376 2173 4430 initium
2223 4375 2425 4428 factum
2480 4381 2629 4435 erat,
2673 4371 2912 4441 complet
2961 4370 3355 4440 scptenarium.
3404 4370 3529 4424 Pari

1954 4470 2121 4540 igitur
2163 4467 2253 4521 hic
2295 4480 2516 4536 quoque
2561 4463 2725 4519 modo
2765 4463 3017 4518 eamdem
3061 4478 3310 4517 normam
3354 4461 3530 4517 secuti

1952 4560 2325 4631 septenarium
2362 4557 2714 4612 absolvemus
2745 4570 3061 4610 numerum.
3101 4574 3119 4606 ι
3157 4554 3469 4617 Eﬂ‘undite,
3508 4573 3526 4603 ι

1952 4650 2101 4703 enim
2136 4646 2335 4717 inquit,
2372 4665 2389 4696 ι
2422 4645 2702 4714 duplicate
2732 4652 2789 4699 et
2817 4643 3108 4712 tripliCate.
3140 4662 3158 4694 ι
3192 4643 3381 4712 Itaque
3410 4641 3534 4696 uni.

1954 4750 2064 4796 tate
2095 4739 2368 4809 duplicata
2405 4736 2462 4790 [it
2490 4736 2545 4801 2,
2577 4736 2849 4806 triplicata
2880 4736 2916 4789 2
2950 4735 3009 4789 tit
3038 4735 3091 4796 6,
3115 4742 3171 4788 et
3201 4733 3534 4803 prima.uni-

1954 4840 2039 4885 tas
2078 4829 2263 4883 addita
2308 4828 2541 4884 senariis
2586 4827 2839 4881 numeris
2881 4826 3119 4881 absolvit
3158 4825 3533 4894 septenarium

1951 4935 2264 4975 numerum.
2294 4919 2545 4973 Tradunt
2580 4933 2713 4973 vero
2751 4917 2917 4973 etiam
2959 4918 3303 4987 spiritualem
3342 4931 3535 4986 quam-

1952 5013 2076 5067 dam
2103 5012 2408 5067 secundum
2434 5011 2721 5081 mysticam
2747 5010 3265 5078 contemplationem
3296 5009 3536 5064 interce-

1953 5103 2087 5159 dere
2121 5103 2503 5173 cognationem
2544 5102 2688 5157 inter
2724 5101 3024 5156 ternarium
3058 5115 3123 5155 ac
3155 5099 3530 5170 septenarium

1958 5210 2253 5250 numerum
2285 5194 2391 5247 hoc
2424 5192 2540 5247 fere
2572 5193 2762 5257 modo,
2794 5192 2940 5263 quod
2978 5208 3190 5247 summe
3218 5190 3532 5246 veneranda

1958 5292 2015 5338 et
2051 5282 2330 5337 adoranda
2359 5282 2600 5338 Trinitas
2643 5298 2740 5353 per
2776 5282 3079 5338 ternarium
3120 5294 3446 5347 numerum,
3474 5284 3534 5337 et

1550 5459 1791 5515 VARUE
1824 5459 2231 5517 LECTIONES.

350 5547 397 5581 δ’
428 5550 667 5621 Antiqua
697 5566 891 5607 manus
921 5552 975 5607 in
1010 5565 1181 5623 marg.
1227 5551 1355 5606 libri
1394 5551 1534 5609 Gud.
1566 5555 1821 5625 aseripsit
1848 5556 1945 5628 τῆς
1975 5555 2289 5626 ἑϐδομάδος.

354 5662 467 5737 (θᾷ)
500 5664 661 5737 Greg.
699 5666 832 5721 Νη.
867 5667 1013 5735 ibid,
1042 5683 1161 5737 cap.
1191 5666 1243 5736 4,
1276 5683 1328 5735 p.
1363 5668 1485 5734 724,
1519 5676 1652 5725 tem.
1698 5669 1717 5725 ι
1761 5669 1896 5742 Opp.
1926 5671 2014 5729 ed.
2057 5671 2261 5728 Bened.
