3946 6206
545 281 702 349 .7309
1750 291 1810 352 S.
1851 291 2101 352 MAXIM

2109 295 2131 352 l
2172 295 2676 358 CONFESSORIS
3571 305 3659 370 1590

1067 399 1187 453 Alia
1224 398 1612 470 contemplatio.
2158 419 2200 472 Α

2158 419 2200 472 Α
2756 414 2946 480 ’Ἄλλη
2972 414 3183 481 θεωρία.

629 509 729 565 Vel
758 519 941 562 ternas
965 509 1031 564 de
1057 509 1525 567 intellectualibus
1545 514 1971 596 etisensualibus
1987 516 2134 584 judi-

2105 547 2134 569 ,-
2312 523 2380 574 Ἦ
2414 525 2537 587 τοὺς
2565 525 2690 592 περὶ
2719 525 2923 593 νοητῶν
2939 527 3028 577 καὶ
3055 525 3303 595 αἰσθητῶν
3328 527 3520 594 κρίσεώς
3541 547 3582 580 τε
3603 535 3663 583 7.1".

560 601 630 656 cii
665 616 729 655 ac
765 601 1127 670 providentiae
1164 603 1408 658 rationes
1439 605 1813 659 duodenarius
1846 606 1993 660 clare
2029 624 2118 660 nu-

2107 637 2132 647 -
2237 614 2491 684 προνοίας
2522 616 2769 682 τριττοὺς
2801 615 2990 682 λόγους
3033 618 3060 668 6
3088 615 3278 669 δώδεκα
3314 617 3470 683 coeti);
3504 620 3665 687 ante;

559 706 746 745 merus
773 690 1062 760 signiﬁcat.
1093 691 1208 746 Una
1237 693 1383 746 enim
1409 709 1642 763 quaeque
1669 695 1898 748 istarum
1922 696 1989 749 ad
2014 711 2117 752 sese

2109 712 2133 752 Β
2237 707 2557 778 παραδηλοῖ.
2600 707 2868 759 Ἕκαστον
2909 707 3015 775 γὰρ
3046 707 3236 758 τούτων
3261 707 3344 773 ἐφ’
3368 709 3500 760 ἑαυτὸ
3533 708 3667 761 τοῦεῖ-

557 778 804 833 admittit
851 789 966 834 tres
1011 782 1130 848 ejus
1178 782 1325 850 quod
1373 792 1459 837 est
1503 783 1806 838 exsistendi
1860 785 2105 840 rationes

2116 825 2131 851 ν
2235 814 2322 849 ναι
2361 796 2508 849 τοῦθ’
2537 799 2672 866 ὅπερ
2704 797 2821 848 ἐστὶ
2847 798 2994 864 τρεῖς
3036 796 3318 864 ἐπιδέχεται
3340 795 3516 862 λόγους,
3542 797 3669 860 καθὼς

557 868 1025 935 quemadmodum
1057 886 1124 924 ex
1157 872 1384 926 summis
1417 872 1686 928 doctrinae
1716 875 1990 943 capitibus
2025 885 2115 929 tan

2111 890 2134 928 [ι
2234 886 2346 946 τοῖς
2379 884 2568 954 ἄκροις
2597 883 2775 950 λόγοις
2801 883 2910 936 τῶν
2935 882 3089 934 θείων
3121 883 3331 951 μύσταις
3354 883 3436 935 καὶ
3462 901 3669 952 μυσταγω-

559 954 854 1024 discipulis
887 973 1050 1026 quam
1087 959 1410 1014 doctoribus
1443 961 1512 1017 de
1551 961 1767 1030 potiore
1807 963 1863 1016 in
1901 963 2117 1018 oraculi:

2112 979 2135 1019 5
2235 973 2352 1036 γοῖς
2383 969 2470 1022 διὰ
2503 968 2699 1040 πολλὴν
2724 970 2956 1039 ἄσκησιν
2991 969 3092 1021 τῶν
3124 969 3302 1037 λογίων
3333 973 3387 1022 ὲκ
3415 971 3582 1024 πολλῶν
3608 992 3670 1024 κι-

560 1046 766 1101 divinis
805 1050 1202 1106 exercitatione
1243 1052 1598 1106 multifariam
1638 1055 1989 1108 manifestum
2027 1065 2118 1108 est

2117 1095 2130 1107 .
2235 1059 2462 1131 τὰδηλον
2478 1060 2686 1128 γέγονε.
2716 1060 3202 1132 Τριπλασιάζοντες
3218 1058 3301 1114 οὖν
3327 1063 3505 1124 έαυτοίς
3520 1064 3559 1114 oi
3581 1064 3669 1115 me.

561 1134 929 1204 'l‘riplicantes
956 1139 1122 1208 igitur
1146 1142 1459 1211 semetipsis
1502 1158 1695 1197 eorum
1722 1159 1841 1212 quae
1863 1143 2119 1197 exsistunt

2113 1151 2134 1197 t
2235 1151 2356 1203 όλου
2409 1153 2615 1221 τριττοὶ
2643 1152 2751 1205 τῶν
2788 1153 2956 1205 ὄντων
2987 1153 3129 1218 λόγοι
3155 1152 3218 1204 τὰ
3241 1152 3318 1219 ἐφ’
3339 1146 3408 1215 οἷς
3429 1152 3669 1222 θεωροῦνται

561 1226 803 1282 rationes
843 1230 1128 1297 generales
1171 1242 1407 1300 quatuor
1448 1234 1537 1287 illa
1577 1234 1631 1287 in
1671 1235 1872 1303 quibus
1913 1235 2119 1303 conspi-

2113 1263 2134 1274 -
2234 1240 2278 1293 δ’
2306 1241 2460 1302 ὄντα,
2486 1240 2518 1310 ἢ
2550 1242 2610 1293 τὸ
2639 1241 2875 1311 ἔμπαλιν
2894 1245 3006 1304 τοῖς
3034 1235 3106 1294 ὧν
3128 1244 3255 1293 εἰσιν
3276 1243 3411 1294 αὑτοὶ
3429 1243 3671 1309 τετραπλεύ-

560 1314 784 1369 ciuntur
819 1317 1172 1382 exsistentia,
1202 1319 1286 1373 vel
1329 1335 1522 1374 rursus
1566 1322 1686 1376 istis
1729 1337 1962 1391 quorum
2008 1337 2118 1376 sun?

2117 1332 2136 1375 t
2237 1346 2408 1396 μενοι,
2438 1329 2530 1381 τὸν
2553 1329 2757 1382 δώδεκα
2784 1330 3027 1383 ποιοῦσιν
3047 1330 3282 1399 ἀριθμόν.
3316 1331 3371 1382 El
3404 1332 3494 1400 γὰρ
3515 1331 3567 1382 τὰ
3589 1331 3671 1384 εντα

563 1403 694 1471 ipsa:
733 1405 1050 1474 triplicata,
1091 1407 1491 1462 duodenarium
1535 1411 1779 1464 eﬁiciunt
1820 1425 2121 1465 numerum.

2117 1452 2131 1464 ο
2233 1421 2422 1472 οὑσίαν
2452 1420 2561 1490 ἔχει
2597 1421 2692 1473 καὶ
2720 1421 2948 1489 δύναμιν
2977 1421 3072 1473 καὶ
3117 1421 3393 1490 ἐνέργειαν,
3429 1421 3598 1489 τριττὸν
3615 1421 3672 1471 τὶν

559 1491 694 1546 Nam
727 1494 771 1547 si
800 1511 865 1548 ea
888 1512 1009 1564 qua:
1033 1500 1305 1553 exsistunt
1327 1501 1622 1554 essentiam
1656 1501 1862 1555 habent
1887 1511 1943 1556 et
1966 1500 2117 1554 facul-

2114 1530 2136 1543 -
2235 1509 2321 1559 ἐπ’
2352 1509 2535 1570 αὐτοῖς
2559 1509 2652 1560 τοῦ
2682 1505 2820 1562 εἶναι
2846 1509 3087 1578 δηλονότι
3124 1511 3392 1578 κέκτηνται
3413 1508 3556 1577 λόγον.
3582 1510 3672 1561 Εἱδὶ

565 1591 730 1637 tatem
770 1594 824 1640 et
866 1587 1158 1655 virtutem,
1190 1590 1463 1659 triplicem
1494 1590 1548 1643 in
1582 1607 1640 1646 se
1671 1592 1806 1660 ipsis
1834 1591 2123 1646 exsistendi

2118 1591 2133 1644 i
2235 1596 2454 1659 τούτους
2503 1597 2682 1650 συνδεῖ
2707 1599 2833 1660 τοὺς
2868 1598 3060 1666 λόγους
3107 1599 3236 1668 πρὸς
3269 1599 3325 1650 τὸ
3363 1595 3482 1650 εἷναι
3507 1597 3672 1665 δηλονότι

560 1674 824 1730 nimirum
858 1677 1064 1734 habent
1092 1681 1380 1735 rationem.
1407 1681 1526 1736 Jam
1567 1681 1611 1735 si
1657 1681 1758 1736 has
1792 1681 2034 1735 rationes
2065 1681 2118 1734 at

2115 1679 2133 1732 ι
2169 1736 2206 1758 η
2235 1686 2371 1739 καθό
2407 1690 2596 1757 είσινὴ
2635 1689 2877 1758 πρόνοια,
2906 1689 3163 1758 τριπλοὺς
3189 1689 3274 1741 καὶ
3301 1691 3328 1741 6
3360 1689 3505 1756 αὑτῆς
3526 1689 3673 1748 πάντως

559 1767 933 1822 exsistendum
953 1770 1207 1826 videlicet
1229 1772 1689 1842 quemadmodum
1711 1772 1981 1827 exsistunt
2004 1771 2117 1826 Pro

2115 1804 2136 1813 -
2169 1736 2206 1789 Β
2237 1779 2495 1846 ὑπάρχων
2524 1736 2824 1848 καθέστηκε
2849 1739 3027 1846 λόγος.
3058 1779 3115 1832 Et
3141 1780 3194 1832 δὲ
3226 1778 3324 1831 τῶν
3353 1736 3673 1846 λωϐίξσεωντῶν

560 1854 801 1911 videntia
834 1860 1145 1924 connectit,
1173 1861 1370 1929 triplex
1403 1861 1569 1915 etiam
1607 1860 1780 1930 ipsius
1809 1863 1970 1932 plane
2002 1877 2118 1916 eva-

2113 1891 2134 1902 -
2234 1868 2357 1920 καθ’
2411 1867 2505 1920 ἕνα
2561 1868 2670 1920 τῶν
2711 1869 3020 1938 εἰρημένων
3068 1869 3488 1939 παρατραπόντων
3529 1867 3671 1932 λόγων.

561 1945 655 2000 det
691 1950 850 2003 ratio.
887 1951 954 2004 At
993 1951 1036 2004 si
1078 1954 1423 2022 corruptelas
1460 1954 1802 2021 singularum
1843 1969 1981 2022 quas
2021 1953 2119 2006 dix.

2117 1953 2134 2006 i
2237 1957 2622 2026 παρελθουσῶν
2665 1975 2723 2010 τε
2773 1959 2870 2011 καὶ
2923 1959 3210 2029 παρουσῶν
3252 1959 3337 2011 καὶ
3381 1956 3672 2026 pinacotin

564 2038 839 2092 rationum
865 2055 988 2094 cum
1014 2041 1234 2096 deﬂexa:
1259 2042 1482 2108 fuerint,
1504 2052 1611 2097 tam
1639 2043 1942 2111 praeteritas
1968 2058 2122 2113 quam

2115 2058 2132 2095 ι
2236 2049 2414 2117 κρίσις
2461 2048 2577 2100 ἐστὶ
2620 2048 2964 2119 τιμωρητικὴ
2999 2050 3075 2111 ὼς
3102 2049 3288 2111 κακίας
3318 2047 3578 2115 κολαστικὴ,
3599 2064 3673 2115 τρι-

563 2138 860 2196 prtescntes
889 2137 945 2184 et
977 2130 1212 2196 futuras,
1235 2133 1502 2204 judicium
1531 2135 1774 2188 vindicat
1805 2134 2121 2203 pravitatem

2116 2149 2130 2186 I
2237 2139 2402 2192 πλοὺν
2426 2139 2538 2209 ἔχει
2574 2140 2667 2192 καὶ
2688 2141 2824 2207 αὑτὴ
2847 2141 2937 2192 τὸν
2961 2140 3050 2192 ἐπ’
3075 2139 3204 2210 αὑτῇ
3235 2139 3327 2207 τῆς
3345 2137 3539 2207 θεωρίας
3555 2137 3674 2203 λόγον,

563 2220 854 2289 castigans,
887 2221 947 2276 ﬁt
984 2232 1042 2276 ut
1077 2225 1240 2278 etiam
1281 2226 1396 2295 ipsa
1438 2227 1636 2281 habeat
1676 2228 1942 2296 triplicem
1980 2243 2121 2282 suam

2117 2243 2133 2281 ι
2236 2228 2358 2282 καθ’
2408 2229 2466 2280 ὃν
2504 2230 2693 2282 οὑσίαν
2730 2247 2790 2281 τε
2833 2231 2926 2282 καὶ
2969 2230 3195 2298 δύναμιν
3237 2229 3323 2281 καὶ
3352 2229 3578 2297 ἐνέργειαν
3606 2225 3675 2275 τῶν

563 2311 1039 2379 contemplationis
1086 2316 1383 2380 rationem,
1418 2333 1524 2386 qua
1567 2317 1695 2372 dum
1737 2320 2031 2373 essentiam
2079 2331 2121 2374 e1

2119 2328 2137 2373 ι
2234 2319 2400 2372 ὄντων
2439 2319 2854 2388 περιγράνέουσα
2887 2319 3039 2387 μένει
3059 2319 3154 2389 τὴν
3178 2318 3371 2371 οίκείαν
3399 2318 3467 2378 είς
3489 2316 3536 2368 τὸ
3561 2315 3677 2383 διηνε-

561 2396 877 2456 facultatem
899 2413 955 2458 et
975 2405 1232 2460 virtutem
1263 2423 1446 2461 rerum
1474 2424 1596 2478 quae
1620 2411 1895 2465 exsistunt
1916 2410 2119 2476 deﬁnit,

1474 2424 1596 2478 qua!
1620 2411 1895 2465 exsistunt
1916 2410 2129 2476 deﬁnit,
2235 2410 2328 2474 κὲς
2363 2409 2638 2478 ἀοριστίαν
2666 2409 3027 2478 φυλάττουσα.

562 2503 717 2546 suam
743 2491 800 2547 in
825 2503 1148 2565 perpetuum
1181 2507 1358 2553 servat
1382 2498 1726 2557 inﬁnitatem.

1058 2669 1182 2727 Alia
1223 2675 1616 2744 contemplatio.

2653 2679 2836 2750 (258
2849 2681 2904 2751 α)
2937 2681 3131 2747 ’Ἄλλη
3156 2677 3367 2746 θεωρία.

636 2779 730 2836 Vel
765 2781 1310 2850 rursusperfectam,
1342 2799 1504 2854 quam
1534 2786 1696 2840 nobis
1719 2787 1943 2856 assequi
1975 2788 2125 2851 licet,

2124 2837 2125 2842 η
2305 2792 2374 2844 Ἦ
2404 2789 2565 2844 πάλιν
2589 2791 2688 2860 τὴν
2715 2791 2942 2860 ὲφικτὴν
2967 2789 3063 2844 τοῦ
3093 2788 3264 2844 αἰτίου
3290 2783 3491 2839 καὶτῶν
3507 2777 3682 2835 olm-.6”

561 2885 743 2928 causa:
786 2879 842 2925 ct
875 2885 1070 2924 eorum
1105 2885 1228 2938 quae
1276 2887 1341 2926 ex
1389 2873 1499 2925 alio
1557 2882 1814 2942 tanquam
1849 2889 1914 2927 ex
1961 2889 2119 2928 causa

2123 2904 2127 2927 ι
2231 2883 2760 2950 τελείανὲπίγνωσιν
2791 2883 3072 2952 caepione;
3099 2879 3249 2945 οὗτος
3275 2881 3426 2951 δηλοῖ.
3451 2872 3681 2938 Δεκαδιγᾶρ

561 2962 870 3033 procedunt
909 2960 1246 3032 agnitionem
1277 2963 1380 3017 iste
1407 2961 1672 3018 numerﬁs
1699 2966 1990 3035 signiﬁcat.
2022 2967 2119 3020 De-

2125 2999 2127 3004 ν
2155 2997 2196 3052 C
2232 2976 2593 3045 προστεθεῖσα
2619 2974 2748 3036 δυὰς
2770 2977 2914 3026 ποιεῖ
2934 2974 3028 3026 τὸν
3051 2974 3139 3044 ιβ¹⁶
3171 2971 3327 3034 δεκὰς
3346 2971 3396 3023 δέ
3415 2961 3683 3032 ﬁnivit-605;

561 3053 686 3108 cadi
719 3053 866 3108 enim
894 3052 1028 3124 dyas
1074 3051 1289 3122 adjecta
1316 3052 1483 3107 eﬁlcit
1509 3055 1575 3108 l2
1603 3071 1922 3120 numerum;
1957 3056 2119 3110 decas

2169 3051 2176 3052 ί
2231 3069 2258 3120 6
2284 3066 2486 3135 Κύριος
2513 3066 2606 3118 καὶ
2633 3065 2764 3128 Θεὸς
2793 3066 2900 3118 τῶν
2927 3066 3095 3130 ὅλων,
3147 3065 3221 3128 ὠς
3248 3060 3592 3129 ἁνεκφοιτήτως
3610 3052 3683 3112 ταῖς

558 3158 695 3200 vero
727 3152 812 3199 est
851 3144 1014 3199 Jesus
1057 3143 1324 3197 Dominus
1354 3154 1411 3198 et
1449 3145 1594 3200 Deus
1625 3161 1808 3200 rerum
1841 3147 2116 3201 universa-

2127 3182 2128 3185 η
2232 3158 2339 3210 ἀπὸ
2371 3158 2592 3227 μονάδος
2628 3158 2874 3228 προόδοις
2915 3157 3056 3228 πρὸς
3085 3157 3275 3210 ἑαυτὸν
3303 3150 3562 3225 μοναδιώ
3582 3145 3685 3198 πάλιν

558 3251 708 3298 rum,
733 3235 938 3305 quippe
968 3234 1062 3304 qui
1097 3234 1165 3288 ab
1196 3235 1430 3290 monade
1461 3251 1804 3306 progressus,
1831 3237 1911 3291 sic
1947 3247 2116 3291 tamen

2231 3249 2759 3318 ἁποκαθιστάμενος.
2821 3249 3007 3311 Μονὰς
3051 3251 3160 3320 γὰρ
3216 3247 3305 3300 καὶ
3357 3246 3388 3314 ἡ
3429 3239 3586 3301 δεκὰς,
3629 3232 3686 3286 κεῖ

564 3334 624 3381 ut
672 3326 822 3380 foras
849 3341 957 3380 non
999 3325 1197 3388 exiret,
1227 3325 1296 3379 ad
1337 3341 1457 3380 sese
1489 3327 1667 3395 ipsum
1706 3343 1896 3381 rursus
1926 3335 1982 3380 et
2013 3341 2122 3380 mo-

2229 3339 2302 3402 t'o;
2326 3341 2449 3409 ὅρος
2484 3340 2591 3392 τῶν
2619 3338 2951 3409 ὁριζομένων
2996 3339 3092 3391 καὶ
3123 3337 3345 3408 περιοχὴ
3367 3333 3462 3386 τῶν
3515 3325 3686 3392 κλινομέ’

560 3417 760 3472 nadem
808 3417 1056 3472 revertit.
1094 3417 1282 3471 Menas
1327 3418 1474 3471 enim
1516 3420 1681 3472 etiam
1721 3417 1885 3472 decas
1933 3426 2038 3479 est,
2069 3425 2118 3471 et

2124 3457 2126 3465 π
2230 3445 2334 3480 νων
2368 3428 2461 3480 καὶ
2491 3428 2662 3496 πέρας
2693 3427 2874 3496 πάσης
2902 3425 3275 3496 ἀριθμητικῆς
3301 3412 3682 3487 ἁποπερατώσεωέ·

560 3519 822 3579 tanquam
861 3508 1135 3564 terminus
1163 3522 1356 3563 eorum
1397 3523 1519 3577 qua:
1562 3508 1830 3562 ﬁniuntur
1876 3518 1932 3562 et
1972 3524 2118 3562 com-

2230 3519 2340 3571 Καὶ
2395 3519 2525 3582 δυάς
2574 3521 2689 3570 ἐστι
2736 3518 2897 3570 πάλιν
2951 3519 3107 3570 πᾶσα
3151 3517 3257 3569 τῶν
3300 3510 3426 3582 μετὰ
3447 3509 3553 3561 Θεὸν
3580 3502 3687 3555 ὄντων

555 3601 852 3670 prehensio
874 3614 938 3654 ac
963 3599 1200 3654 munitio
1221 3613 1414 3654 eorum
1437 3615 1558 3667 qua:
1576 3598 1873 3653 ﬂectuntur
1894 3615 1956 3654 ac
1979 3610 2113 3654 meta

2231 3609 2262 3677 ἡ
2295 3609 2598 3678 σύμπηξις,
2635 3606 2745 3662 οἷον
2776 3611 2842 3662 τὰ
2876 3609 2974 3678 μὲν
3002 3608 3238 3676 αἰσθητὰ
3268 3607 3430 3659 πάντα
3457 3601 3518 3661 ὡς
3544 3596 3591 3658 ἐξ
3610 3592 3687 3654 ὕλης

557 3693 740 3745 omnis
767 3691 1134 3746 arithmetica:
1169 3690 1596 3744 terminationis.
1628 3690 1806 3758 Atque
1834 3690 1969 3760 dyas
2002 3707 2115 3744 rur-

2232 3700 2596 3770 συνεστηκότα
2648 3701 2739 3752 καὶ
2783 3700 2952 3761 είδους
3000 3701 3123 3752 ἐστὶ
3170 3699 3326 3759 δυὰς,
3384 3692 3443 3746 τὰ
3481 3689 3528 3741 δὲ
3569 3678 3689 3749 νοητάι

557 3796 653 3835 sus
684 3789 769 3836 est
814 3782 993 3836 omnis
1046 3797 1236 3836 eorum
1270 3797 1392 3850 quae
1430 3791 1555 3850 post
1610 3781 1782 3834 Deum
1827 3791 1958 3835 sunt
1993 3796 2115 3835 coa-

2227 3792 2490 3856 ὼσαὺτως
2523 3791 2772 3856 ἐξουσίας
2817 3791 2910 3843 καὶ
2938 3788 3036 3842 τοῦ
3071 3785 3444 3845 εἰδοποιοῦντος
3466 3778 3578 3832 αὐτὰ
3595 3773 3689 3824 οὖσι-

555 3873 877 3940 gmentatio.
916 3873 1009 3928 Sic
1062 3873 1348 3928 sensibilia
1393 3883 1626 3936 cuncta,
1686 3883 1745 3926 ut
1787 3873 1854 3928 de
1896 3874 2113 3927 materia

2228 3883 2380 3945 ωδῶς
2434 3881 2862 3951 συμϐεϐηκότος.
2923 3880 3062 3934 Οὑδὲ
3111 3879 3219 3949 γάρ
3275 3879 3385 3930 ἐστι
3432 3863 3693 3962 comptisz

559 3982 624 4021 ac
667 3968 842 4022 forma
877 3969 1208 4032 constantia,
1251 3968 1386 4039 dyas
1425 3978 1576 4031 sunt,
1621 3976 1677 4020 et
1732 3968 2117 4022 intellectualia

2229 3973 2458 4042 γενητὸν
2511 3973 2717 4041 κυρίως
2765 3970 2970 4024 ἁπλοῦν
2995 4009 3010 4032 ,
3079 3971 3164 4023 ὃτι
3206 3969 3280 4038 μὴ
3317 3965 3424 4018 τάδε
3458 3954 3693 4042 μόνον

559 4058 715 4122 item,
758 4058 826 4113 de
869 4060 1158 4128 potestatis
1209 4068 1267 4114 et
1310 4061 1430 4128 eius
1481 4060 1576 4129 qui
1623 4060 1714 4114 illa
1751 4061 2117 4115 essentialitcr

2227 4039 2260 4136 ἦ
2293 4039 2410 4118 τόδε
2436 4106 2452 4132 ,
2507 4039 2718 4127 ἀλλ’ὡς
2764 4065 2822 4116 ἐν
2860 4061 3214 4134 ὑποκειμένῳ
3256 4061 3320 4128 τῇ
3344 4053 3504 4122 ιοὺσίᾳ
3534 4048 3618 4114 ἔχει
3638 4039 3695 4105 τὴν

556 4149 758 4204 format
785 4151 1234 4220 congregatione.
1291 4151 1646 4222 Nequaquam
1677 4153 1826 4208 enim
1861 4154 2008 4223 quod
2045 4155 2114 4208 fa-

2231 4157 2564 4223 συστατικήν
2612 4172 2672 4208 τε
2728 4157 2823 4208 καὶ
2872 4154 3234 4225 ἁφοριστικὴν
3279 4145 3516 4217 διαφορὰν
3547 4147 3695 4232 συνεῖ-

555 4251 704 4293 ctum
751 4247 836 4294 est
878 4241 1108 4310 simplex
1159 4250 1267 4306 est,
1321 4257 1390 4297 eo
1444 4244 1592 4312 quod
1647 4259 1757 4297 non
1793 4244 1898 4298 hoc
1943 4246 2113 4298 solum

2232 4247 2642 4316 θεωρουμένην,
2691 4246 2789 4314 τὴν
2819 4245 2950 4299 αὑτὸ
2979 4245 3080 4314 μὲν
3114 4247 3291 4298 ἐκεῖνο
3320 4233 3619 4294 συνιστῶσαν.

554 4329 643 4384 vel
685 4328 824 4384 illud
877 4340 984 4395 est,
1034 4331 1136 4385 sed
1187 4311 1547 4402 tanquamiin
1581 4333 1830 4402 subjecto
1866 4335 2112 4390 essentia

2220 4339 2312 4391 λου
2353 4338 2409 4390 δὲ
2461 4339 2592 4390 αὑτὸ
2639 4337 2890 4407 φανερῶς
2933 4337 3335 4406 διακρίνουσαν.
3383 4327 3526 4382 Οὐδὲν
3548 4321 3591 4372 δὲ
3621 4311 3685 4409 καί

557 4418 728 4474 habet
780 4436 892 4474 una
948 4421 1284 4476 cernendam
1331 4431 1443 4476 tam
1491 4423 1904 4478 constitutivam
1957 4439 2115 4492 quam

2225 4427 2534 4497 οίθνδήποτε
2592 4427 2793 4497 τρόπον
2848 4426 3130 4488 οὑσιωδῶς
3185 4425 3305 4493 ἔχον
3361 4409 3697 4472 συνεπιθεωρου·

553 4511 895 4566 deﬁnitivam
947 4511 1340 4578 differentiam,
1367 4530 1491 4583 qua:
1521 4515 1699 4583 ipsum
1733 4515 1865 4568 illud
1908 4503 2111 4570 consti-

2231 4519 2392 4585 μενάν
2419 4535 2468 4570 τι
2499 4518 2635 4588 πρὸς
2659 4519 2895 4588 δήλωσιν
2920 4518 3019 4586 τῆς
3039 4517 3247 4579 οἰκείας
3272 4507 3533 4582 ὑπάρξεως
3551 4497 3697 4551 δύνετν

555 4613 697 4669 tuat,
749 4604 1041 4674 ipsumque
1085 4605 1155 4659 ab
1186 4605 1296 4659 alio
1329 4605 1619 4660 evidenter
1651 4615 1925 4660 secernat.
1978 4607 2113 4660 Nihil

2067 4607 2136 4687 nil.
2227 4609 2430 4679 κυρίως
2461 4604 2600 4663 εἶναι
2631 4609 2854 4663 ἁπλοῦν.
2967 4659 2977 4672 ,

550 4708 737 4754 autem
791 4700 939 4768 quod
983 4699 1356 4769 qualicunque
1402 4699 1567 4754 modo
1617 4716 1730 4755 suze
1779 4679 2561 4760 exsistentim'manifestanda:
2583 4721 2749 4760 causa
2781 4706 3160 4761 essentialiter
3217 4697 3417 4772 aliquid
3447 4672 3698 4764 (ιιιοίὶείωω

553 4790 806 4845 cernitur
851 4789 1022 4844 habet
1067 4791 1289 4861 proprie
1334 4791 1568 4860 simplex
1613 4807 1736 4847 esse
1775 4801 1976 4862 potest.

1073 4973 1191 5030 Alia
1221 4975 1614 5046 contemplatio.
1863 4959 1872 4961 _
2157 4985 2202 5042 D

1863 4959 1872 4961 ’
2157 4985 2202 5042 ι)
2731 4975 2734 4978 ’
2787 4973 2983 5038 ’Ἄλλη
3015 4972 3247 5039 θεωρία.

623 5087 723 5144 νει
761 5103 958 5142 rursus
1003 5087 1245 5142 divinam
1287 5089 1585 5143 essentiam
1617 5090 1708 5144 hic
1743 5105 2030 5154 numerus,
2072 5097 2128 5144 et

2297 5092 2365 5144 Ἢ
2389 5089 2551 5144 πάλιν
2571 5090 2670 5158 τὴν
2695 5086 2846 5140 θείαν
2867 5085 3055 5140 οὑσίαν
3076 5085 3175 5138 καὶ
3191 5084 3293 5151 τὴν
3315 5078 3471 5146 αὑτῆς
3489 5060 3700 5158 δραστικὴ1

552 5179 794 5234 alacrem
843 5180 968 5249 ejus
999 5178 1070 5233 ad
1105 5178 1379 5248 agendum
1422 5180 1684 5234 virtutem
1715 5181 1932 5235 occulte
1957 5179 2110 5250 signia

2224 5177 2505 5247 ἐνέργειαν
2527 5175 2795 5242 ὲπικεκρυ
2805 5191 2842 5244 μ
2849 5174 3025 5243 μένως
3037 5174 3063 5225 ὁ
3083 5173 3118 5224 ἀ
3129 5170 3213 5238 ριθ
3222 5168 3319 5240 μδς
3333 5162 3473 5226 οὗτος
3488 5163 3703 5250 ὑποσημαῒ

554 5273 700 5327 ﬁcat.
749 5271 999 5326 Divinam
1045 5270 1268 5340 quidem
1317 5272 1639 5334 essentiam,
1670 5287 1768 5341 per
1797 5280 1908 5326 tres
1929 5286 2112 5325 nume-

2223 5244 2329 5327 .VSt.
2379 5266 2489 5338 Τὴν
2525 5266 2623 5337 μὲν
2665 5266 2815 5319 θείαν
2843 5265 3065 5326 οὑσίαν,
3124 5263 3214 5316 διὰ
3253 5258 3345 5314 τοῦ
3383 5256 3516 5326 τρεῖς
3538 5244 3699 5341 ἀριθμξν

555 5379 674 5417 rum
705 5364 1026 5428 indicatam,
1047 5372 1108 5416 ut
1133 5362 1338 5432 triplici
1360 5362 1525 5418 modo
1545 5362 1873 5418 celebratam
1897 5369 2113 5432 preptet

2221 5331 2556 5430 δηλουμένην
2631 5357 2708 5421 ὡς
2773 5356 3066 5426 τριαδικῶς
3132 5351 3467 5425 ὑμνουμένην
3528 5339 3600 5446 δ.ιά

553 5456 884 5510 exstantiam
935 5470 1039 5526 per
1081 5463 1196 5510 tres
1255 5455 1631 5521 substantias;
1696 5455 1915 5510 trinitas
1967 5454 2111 5508 enim

2222 5424 2651 5521 τρισυπόστατον
2694 5424 2963 5522 ὓπαρξιν·
3023 5447 3184 5520 τριὰς
3223 5446 3332 5518 γάρ
3375 5445 3508 5497 ἐστιν
3542 5424 3700 5504 ήμηνὰί

1842 5592 2070 5649 VARI/EI
2099 5589 2502 5648 LECTIONES.

637 5661 676 5694 "
718 5662 1100 5735 Apographum
1133 5663 1298 5720 habet
1322 5662 1626 5730 οὐσιώδους.
