3946 6206
126 460 133 499 ί

224 1598 233 1605 ο
276 1588 491 1638 στασιν,
527 1572 695 1641 ἄκρον
723 1571 822 1642 μέν
851 1573 969 1625 ἐστι
998 1572 1079 1625 τό·
1114 1573 1219 1627 Καὶ
1247 1569 1417 1627 εἶπεν
1441 1577 1474 1628 ό
1499 1575 1672 1641 Θεὸς..
1696 1574 1867 1642 Ποιήο

213 2436 225 2444 ρ
264 2378 530 2450 καθάπερ
559 2377 742 2450 οἶμαι,
785 2384 1013 2453 μυηθεὶς
1044 2387 1072 2439 ό
1102 2385 1414 2455 σοφώτατος
1443 2388 1689 2458 Μωῦσῆς
1709 2427 1723 2452 ,
1759 2390 1855 2444 κα)⁸

338 4411 521 4482 (259
542 4411 596 4483 a)
657 4414 722 4466 Οἱ
766 4413 824 4466 δὲ
877 4413 1016 4467 ἑπτὰ
1052 4413 1164 4467 τῶν
1204 4412 1661 4484 τετρακισχιλίων
1689 4415 1845 4486 ἄρτοι

280 272 414 338 1401
1488 281 1855 344 AMBIGUOJ

1964 286 2010 344 Μ
2052 287 2305 348 LIBER.
3405 277 3547 343 1402

270 388 347 449 ὡς
380 388 439 439 ὲν
469 384 705 449 τελείαις
733 379 869 440 οὖσα
894 384 1076 438 τελεία
1109 385 1230 448 ταῖς
1262 385 1663 449 ὑποστάσεσινο
1698 389 1855 459 illm"

1967 402 2051 447 est
2083 393 2269 448 unitas
2300 401 2360 447 ut
2391 391 2448 446 in
2485 391 2751 462 perfectis
2772 390 3103 448 substantiis
3133 389 3251 460 ipsa
3278 389 3544 461 perlecta.

273 479 352 548 τῷ
391 477 495 548 τῆς
525 477 814 549 ὑπάρξεως
843 478 1031 549 τρόπῳ
1050 516 1065 540 ,
1118 476 1216 529 καὶ⁵
1265 478 1433 546 μονάς
1461 480 1615 531 ἐστιν
1647 482 1679 549 ἡ
1709 483 1855 551 τριὰς

1971 480 2027 534 id
2064 492 2149 534 est
2183 482 2471 536 exstantia:
2497 482 2682 547 modo,
2718 490 2775 537 et
2817 483 3003 536 unitas
3052 482 3276 535 trinitas
3301 496 3432 535 vere
3460 486 3548 534 est

273 570 493 640 ἀληθῶς
543 569 619 639 τῷ
660 569 762 639 τῆς
800 569 1027 633 οὐσίας,
1076 568 1248 638 ἤγουν
1293 567 1373 638 τῷ
1400 569 1493 621 τοῦ
1524 566 1665 623 εἶναι
1699 571 1855 642 λόγῳ⁴

1968 570 2247 635 οεεοιιιὶω,
2287 571 2341 625 id
2382 580 2468 626 est
2502 574 2807 628 exsistendi
2849 575 3085 628 ratione.
3130 572 3379 627 Alacrem
3411 585 3546 625 vero

274 661 387 733 Τὴν
415 662 474 716 δὲ
507 660 803 733 δραστικὴν
832 660 1116 730 ἐνέργειαν
1157 660 1248 713 διὰ
1275 661 1369 713 τοῦ
1394 660 1454 725 ἒξ
1478 661 1717 732 ἀριθμοῦ
1756 680 1855 733 μη‹

1968 661 2169 727 agendi
2222 661 2485 716 virtutem
2531 663 2805 733 signiﬁcat
2839 679 2939 733 per
2995 679 3087 718 sex
3135 676 3426 716 numerum
3462 661 3548 714 in-

279 751 547 821 νυομένην
570 792 584 814 ,
640 751 714 812 ὡς
750 750 914 821 μόνου
944 751 1054 803 τῶν
1085 751 1238 815 ἐντὸς
1265 752 1487 815 δεκάδος
1513 753 1747 824 ἀριθμοῦ
1774 771 1855 806 te-

1965 750 2227 816 dicatam,
2266 762 2328 806 ut
2377 736 2473 823 qui
2511 755 2665 809 solus
2715 755 2861 808 intra
2909 754 3200 809 denarium
3247 765 3542 831 numerum

274 842 424 894 λείου
457 841 552 893 καὶ
577 840 838 909 πλήρους,
870 840 967 893 καὶ¹
996 840 1059 893 ὲκ
1088 839 1197 893 τῶν
1224 840 1444 894 οἰκείων
1472 843 1855 912 συνισταμένου

1965 842 2249 912 perfectus
2284 859 2349 898 ac
2384 845 2582 914 plenus
2623 855 2731 910 est,
2775 856 2833 901 et
2883 862 2952 902 ex
2997 846 3238 916 propriis
3290 844 3545 914 partibus

281 930 499 1004 μερῶν,
555 931 651 985 καὶ
698 930 809 983 τῶν
856 926 923 984 αὖ
970 931 1201 985 καθόλου
1248 933 1343 985 καὶ
1384 932 1584 986 ἀνίσων
1613 932 1855 1003 ἀριθμῶν

1964 941 2204 995 constat,
2256 935 2468 1003 quique
2516 952 2712 991 rursus
2763 945 2871 991 tam
2914 937 3204 1008 generales
3253 949 3418 1005 quam
3462 934 3545 987 in-

278 1020 674 1091 περιεκτικοῦ,
731 1019 828 1074 τοῦ
875 1021 1066 1093 ἀρτίου
1112 1024 1257 1092 φημὶ
1309 1024 1402 1076 καὶ
1446 1023 1540 1076 τοῦ
1579 1022 1855 1093 περιττοῦ,

1964 1024 2203 1092 aequales
2225 1023 2646 1093 comprehendit
2664 1040 2943 1090 numeros,
2967 1040 3179 1095 parem,
3210 1026 3453 1094 inquam,
3485 1032 3542 1078 et

276 1112 468 1183 (258
491 1113 543 1169 bl
580 1114 655 1178 ὡς
691 1115 785 1168 καὶ¹
818 1116 988 1185 μόνην
1015 1115 1225 1169 τελείαν
1259 1117 1353 1170 καὶ
1380 1116 1623 1181 τελείων,
1656 1118 1778 1170 καθ’
1804 1118 1855 1171 ὃν

1964 1112 2250 1183 imparem,
2300 1122 2361 1168 ut
2418 1114 2591 1184 ipsam
2633 1131 2856 1185 quoque
2916 1119 3102 1178 solam
3129 1117 3430 1187 perfectam
3483 1122 3540 1169 et

272 1207 382 1258 εἱσι
439 1205 638 1273 λόγον,
719 1207 1139 1278 ἀπεργαστικήν
1190 1225 1250 1261 τε
1312 1209 1405 1262 καὶ
1462 1212 1855 1281 φρουρητικήν.

1964 1205 2357 1275 perfector-nm,
2410 1206 2715 1262 secundum
2770 1223 2936 1278 quam
2974 1219 3105 1264 sunt
3154 1210 3448 1273 rationem,
3483 1216 3542 1263 et

278 1296 476 1352 ’Ᾱνισα
506 1297 616 1367 γὰρ
647 1296 717 1350 τὰ
749 1299 888 1368 μετὰ
917 1300 1029 1361 τοῖς
1057 1297 1246 1368 ἄκροις
1274 1300 1570 1368 κινούμενα
1604 1301 1740 1370 πρὸς
1764 1302 1864 1371 τὴν

272 1387 385 1442 τῶν
443 1387 630 1458 ἄκρων
685 1388 995 1459 ἀεικίνητον
1055 1391 1266 1447 στάσιν.
1331 1388 1457 1445 Οἷον
1519 1392 1585 1444 ἵν’
1631 1391 1689 1458 ἐξ
1743 1394 1864 1457 ἑνὸς

273 1478 372 1532 καὶ
419 1479 530 1533 τῶν
567 1478 772 1533 λοιπῶν
817 1482 1139 1551 ποιήσωμαι
1172 1485 1285 1544 τοῖς
1316 1482 1626 1550 φιλοπόνοις
1656 1483 1753 1549 τὴν
1779 1483 1866 1536 ἔν-

1964 1298 2334 1366 operatricem
2391 1306 2449 1352 et
2488 1300 2983 1354 conservatricem.
3045 1299 3341 1370 Inaequalia
3388 1301 3538 1355 enim

1965 1396 2096 1443 sunt
2121 1389 2411 1458 quaeinter
2433 1391 2814 1446 extremitates
2837 1399 3118 1447 motantur
3143 1391 3213 1445 ad
3241 1390 3537 1445 stationem

1963 1478 2505 1547 extremitatumqute
2520 1493 2738 1547 semper
2763 1487 3025 1533 motatur.
3060 1477 3537 1545 Quemadmodum

1966 1575 2027 1621 ut
2062 1582 2130 1621 ex
2164 1582 2277 1621 uno
2316 1568 2528 1636 reliqua
2560 1583 2781 1637 quoque
2814 1567 3081 1623 studiosis
3121 1567 3402 1637 auspicer,
3441 1582 3538 1621 ex-

275 1678 482 1730 σωμεν
526 1660 839 1730 ἄνθρωπον
880 1663 1008 1717 κατ’
1036 1665 1243 1718 είκόνα
1268 1665 1562 1734 ἡμετέραν
1603 1667 1701 1720 καί
1732 1648 1855 1722 καθί

1964 1657 2219 1711 tremitas
2252 1665 2338 1713 est
2378 1656 2514 1711 illud
2555 1675 2570 1711 :
2607 1657 2676 1712 Et
2715 1658 2848 1712 dixit
2886 1658 3026 1712 Deus
3061 1674 3079 1712 :
3122 1657 3402 1711 Faciamus
3439 1658 3538 1710 Ιιο-

274 1753 596 1820 όμοίωσιζ·
656 1753 820 1823 μέσον
868 1752 926 1806 δὲ
974 1754 1074 1807 τό·
1132 1756 1243 1809 Kal
1295 1730 1587 1822 ἐποίησεν
1638 1760 1672 1811 ὁ
1713 1757 1855 1824 Θεὸς

1964 1748 2156 1801 minem
2185 1747 2255 1801 ad
2278 1738 2566 1817 imaginem
2600 1755 2837 1802 nostram
2880 1758 2930 1803 et
2959 1749 3030 1803 ad
3064 1746 3465 1801 similitudinem
3487 1756 3531 1816 ·;

273 1841 387 1895 τὸν
408 1842 742 1911 ἄνθρωπον,
778 1842 967 1912 ἄρσεν
995 1846 1091 1899 καὶ
1118 1846 1275 1915 θῆλυ
1297 1847 1588 1915 ἐποίησεν
1609 1850 1853 1915 αὐτούς·

1964 1839 2208 1894 medium
2233 1854 2404 1895 vero:
2435 1840 2506 1894 Et
2531 1840 2652 1909 fecit
2680 1840 2818 1895 Deus
2839 1841 3119 1906 hominem,
3145 1856 3346 1894 marem
3375 1846 3534 1910 atque

274 1932 373 1986 καὶ
397 1934 567 2004 ἄκρον
591 1934 775 1988 πάλινο
823 1936 918 1989 Ἐν
941 1936 1050 2005 γὰρ
1079 1936 1308 2006 Χριστῷ
1338 1938 1542 2005 Ἰησοῦ
1562 1941 1674 1994 οὐκ
1688 1941 1855 1994 ἐστιν

1964 1930 2214 2000 feminam
2244 1930 2367 2000 fecit
2404 1946 2490 1985 eos
2528 1930 2591 1996 ι³;
2624 1939 2789 2001 atque
2823 1932 3028 1987 iterum
3065 1930 3388 1987 extremitas
3421 1947 3434 1984 :
3463 1930 3531 1986 In

273 2023 418 2078 οὔτε
440 2024 630 2093 ὄρσεν
658 2027 797 2080 οὔτε
822 2025 1001 2092 θῆλυ.
1035 2028 1156 2081 Τῶν
1182 2028 1368 2099 ἄκρων
1391 2025 1484 2083 οὖν
1512 2032 1606 2084 καὶ
1630 2031 1737 2084 τῶν
1763 2032 1855 2100 μέ-

1964 2019 2086 2074 Jesu
2118 2018 2325 2076 Christo
2353 2037 2457 2074 non
2488 2029 2562 2074 est
2584 2037 2749 2091 neque
2778 2039 2893 2077 mas
2913 2039 3078 2093 neque
3096 2023 3294 2092 femina
3316 2033 3362 2076 ο.
3392 2021 3532 2077 Cum

275 2127 389 2165 σων
418 2113 621 2167 ἀνίσων
649 2114 822 2168 ὄντων
844 2157 859 2180 ,
910 2117 987 2180 ὠς
1033 2116 1142 2171 τῶν
1185 2118 1286 2187 μὲν
1331 2119 1394 2171 τὸ
1426 2118 1594 2190 ἄρρεν
1625 2120 1855 2190 ἐχόντων

1964 2113 2132 2183 igitur
2154 2113 2531 2167 extremitates
2557 2120 2614 2167 et
2640 2112 2883 2168 medium
2915 2114 3028 2169 sint
3061 2113 3373 2183 inaequalia,
3404 2127 3530 2168 cum

270 2200 371 2254 καί⁸
400 2201 462 2254 τδ
489 2201 621 2272 οῆλυ
644 2242 661 2265 ,
714 2202 825 2258 τῶν
857 2204 913 2259 δὲ
963 2205 1037 2277 μὴ
1072 2206 1327 2276 ἑχόντων,
1370 2207 1489 2261 ἐστὶ
1515 2212 1771 2281 ποιητική
1795 2227 1855 2263 τε

1964 2203 2137 2258 altera
2174 2204 2481 2258 masculum
2515 2218 2581 2258 ac
2622 2203 2884 2258 feminam
2918 2203 3184 2269 habeant,
3221 2203 3392 2259 altera
3421 2217 3530 2257 non

266 2292 369 2345 καὶ
415 2295 735 2365 περιεκτικὴ
786 2296 820 2366 ἠ
855 2296 975 2350 θεία
1006 2298 1256 2367 ἐνέργεια
1277 2337 1294 2364 ,
1328 2299 1521 2370 ἥντινα
1555 2301 1852 2370 μυστικῶς,

1964 2294 2227 2358 habeant,
2276 2294 2533 2350 eﬂ'ectiva
2592 2304 2680 2351 est
2727 2304 2893 2365 atque
2937 2293 3391 2364 comprehensiva
3430 2293 3530 2348 Dei

1958 2384 2162 2449 virtus,
2197 2400 2360 2455 quam
2405 2386 2683 2457 mystice,.
2702 2386 2784 2440 uti
2819 2385 2958 2440 mihi
3003 2385 3247 2445 videtur.
3280 2384 3531 2439 initiatus

1959 2476 2398 2546 sapientissimus
2450 2477 2681 2549 Moyses,
2720 2487 2778 2533 et
2820 2476 3036 2533 caeteris
3075 2476 3397 2532 hominibus
3428 2461 3530 2530 be-

1957 2568 2127 2638 nigne
2181 2569 2519 2639 significans,
2569 2567 2715 2624 intra
2758 2584 2855 2624 sex
2903 2569 3077 2624 Deum
3143 2567 3366 2638 scripsit
3408 2567 3529 2622 dies

1960 2661 2278 2716 universum
2310 2661 2578 2716 mundum
2608 2661 2922 2717 condidisse
2952 2660 2980 2702 ἀ
3015 2678 3027 2714 :
3065 2676 3174 2730 qua
3201 2661 3405 2715 virtute
3427 2674 3528 2728 per

1956 2751 2159 2806 seriem
2201 2759 2260 2807 et
2292 2751 2543 2807 ordinem
2582 2766 2707 2807 cum
2735 2751 3083 2822 providentia
3109 2759 3165 2806 et
3200 2750 3408 2806 indicio
3437 2764 3517 2805 re-

1958 2857 2080 2895 rum
2117 2858 2239 2912 qua:
2277 2852 2409 2899 sunt
2448 2845 2788 2899 creationem
2830 2843 3228 2898 convenienter
3273 2850 3521 2897 contem-

1956 2931 2174 3001 plantes
2214 2933 2344 3004 (ista
2372 2933 2520 2988 enim
2553 2934 2671 2989 haec
2703 2931 3278 3003 comprehenduntur)
3313 2930 3526 2987 duode-

1955 3022 2176 3078 narium
2225 3024 2607 3095 plenissimum
2654 3039 3105 3080 consummamus
3137 3036 3451 3078 numerum.

264 2471 393 2533 τοῖς
417 2470 626 2535 λοιποῖς
662 2473 770 2527 τῶν
796 2467 1102 2546 ανθρώπων
1144 2477 1546 2548 ἀγαθοπρεπῶς
1572 2480 1854 2550 ὑπεμφαί-

265 2576 417 2626 νων,
470 2562 530 2611 ἐν
573 2559 633 2625 ἐξ
675 2561 912 2633 ἡμέραις
948 2565 1194 2637 γέγραφε
1224 2569 1316 2620 τὸν
1341 2568 1473 2621 Θεὸν
1498 2571 1853 2640 πεποιηκέναι

257 2648 362 2703 τὸν
415 2649 706 2720 σύμπαντα
744 2653 948 2724 κόσμον
968 2673 983 2688 ο
1039 2651 1184 2730 ᾗτινι
1215 2657 1549 2729 καθέίρμὸν
1576 2661 1673 2715 καὶ
1700 2661 1854 2726 τάξιν

259 2739 416 2809 μετὰ
467 2740 569 2810 τῆς
624 2742 883 2811 προνοίας
936 2745 1030 2797 καὶ
1080 2745 1179 2815 τῆς
1232 2746 1469 2816 κρίσεως
1523 2747 1633 2799 τῶν
1681 2747 1852 2801 ὄντων

256 2831 599 2901 πρεπόντως
647 2835 1179 2906 συνεπιθεωροῦντες
1224 2837 1324 2908 τὴν
1363 2839 1576 2905 γένεσιν
1623 2838 1851 2910 (περιέ⁹

254 2937 431 2991 χεται
458 2925 564 2994 γὰρ
593 2924 731 2996 αὐτῇ
766 2924 960 2995 ταῦτα)
996 2926 1087 2981 τὸν
1118 2927 1185 2998 ιβ’
1214 2927 1592 2999 πληρέστατον
1618 2930 1851 2999 ἀπαρτί-

256 3010 442 3083 ζομεν
464 3013 718 3085 ἀριθμόν.

644 3199 864 3267 Θεωρία
888 3201 976 3266 είς
1002 3200 1145 3267 τοὺς
1172 3201 1483 3270 κοφίνους.

2338 3198 2728 3271 Contemplatio
2766 3201 2822 3254 in
2868 3200 3139 3271 cophinos.

344 3308 615 3378 Κοφίνους
658 3310 717 3364 δέ
774 3328 939 3379 φησιν
987 3314 1015 3365 ὁ
1055 3312 1252 3381 λόγος,
1314 3314 1373 3367 ὲν
1399 3309 1482 3377 οἷς
1511 3313 1746 3385 ἀπετέθη
1779 3313 1848 3367 τὰ

2015 3310 2299 3381 Cophinos
2342 3320 2552 3377 autem,
2600 3313 2657 3366 in
2696 3310 2905 3382 quibus
2946 3309 3206 3381 reposita:
3257 3317 3390 3366 sunt
3434 3325 3524 3366 re-

256 3399 732 3471 περισσεύσαντα,
788 3399 888 3470 τὴν
936 3401 1289 3472 παιδευτικὴν
1336 3404 1682 3471 οἰκονομίαν,
1736 3405 1846 3456 τῶν

1964 3400 2150 3470 iquiae,
2192 3416 2378 3456 sermo
2416 3403 2662 3472 appellat
2712 3402 3190 3472 dispensationem
3232 3401 3522 3456 instituto-

257 3489 653 3561 πνευματικῶς
697 3491 1012 3560 τραφέντων
1056 3492 1183 3554 τοὺς
1221 3493 1445 3562 νοητοὺς
1478 3492 1588 3545 τῶν
1616 3493 1847 3563 εἰρημέ-

1964 3492 2100 3560 ’ἰιιηι,
2128 3508 2318 3548 eorum
2346 3494 2441 3562 qui
2484 3492 2852 3562 spiritualiter
2882 3500 3011 3546 sunt
3044 3491 3518 3547 intellectualibus

255 3598 377 3637 νων
406 3581 620 3649 λόγους,
663 3580 750 3633 διὰ
781 3580 841 3633 τδ
877 3582 1045 3650 μήπω
1071 3582 1174 3649 τῆς
1202 3583 1619 3654 παῶαγωγικῆς
1649 3585 1849 3647 αὐτοὺς

1964 3582 2212 3636 ictorum
2244 3582 2553 3637 rationibus
2588 3581 2808 3644 nutriti,
2841 3590 3133 3651 prapterea
3151 3581 3301 3652 quod
3332 3581 3518 3651 paeda-

258 3671 524 3742 ὑπεράνω
551 3668 804 3738 γενέσθαι
833 3668 1201 3733 διδασκαλίας,
1245 3670 1341 3739 τῆς
1378 3671 1474 3724 καὶ
1504 3672 1573 3725 τὰ
1598 3672 1846 3742 χρήσιμα

1964 3671 2201 3742 gogicam
2230 3670 2475 3726 nondum
2489 3670 3233 3740 superaveruntdoctrinam,
3260 3684 3382 3738 quae
3408 3676 3519 3723 tam

258 3763 496 3826 δεόντως
527 3759 941 3830 ὑποτιθεμένης,
997 3760 1091 3812 καὶ
1137 3760 1236 3832 τὴν
1268 3760 1524 3832 ἀλγεινὴν
1558 3764 1669 3825 τοῖς
1698 3761 1842 3816 οὕτω

1964 3776 2063 3831 uite
2084 3761 2240 3816 utilia
2276 3762 2387 3816 sint
2411 3771 2559 3817 recte
2592 3760 2926 3831 suppeditat,
2972 3775 3136 3830 quam
3169 3775 3390 3830 gravem
3435 3760 3519 3816 eis

261 3852 680 3924 παιδευομένοις
729 3851 954 3921 ἀγωγὴν
996 3850 1416 3922 προτεινούσης,
1479 3851 1554 3915 ὡς
1589 3854 1729 3905 νοεῖν
1757 3851 1840 3905 δι-

1964 3851 2036 3922 ιιιί
2089 3852 2163 3907 ita
2220 3850 2595 3906 instituuntur
2649 3851 3130 3907 conversationem
3194 3850 3456 3920 proponit
3499 3867 3514 3918 ;

261 3946 429 3997 δωσιν
455 3945 487 4013 ἡ
514 3940 572 4007 ἐξ
591 3936 658 4013 ἦς
679 3939 1086 4011 οἱκοδομοῦνται
1113 3941 1161 3994 οἱ
1184 3939 1394 4009 κόφινοι
1416 3939 1538 4011 ὕλη,
1560 3939 1838 4012 πληκτικὴ

1964 3940 2220 4009 [nomodo
2267 3940 2576 4011 intelligere
2604 3956 2709 3996 nos
2738 3939 2897 4011 jubet
2927 3940 3162 3994 materia
3208 3954 3274 3992 ex
3299 3953 3406 4008 qua
3428 3953 3520 3992 co-

262 4033 408 4089 κατὰ
433 4032 594 4103 φύσιν
619 4032 957 4104 ὑπάρχουσα.

1964 4031 2095 4086 ιιιίιιί
2123 4040 2550 4096 construuntur,
2582 4047 2706 4101 quae
2739 4040 2938 4086 natura
2970 4046 3070 4086 sua
3108 4029 3176 4086 ad
3205 4029 3517 4086 feriendum

541 4114 547 4120 ’
1027 4137 1037 4146 ·
1933 4129 1990 4176 et
2013 4121 2436 4191 percutiendum
2462 4131 2775 4190 comparata
2814 4129 2916 4176 est.

716 4302 934 4370 Θεωρία
967 4301 1086 4355 τῶν
1117 4300 1161 4362 ζ’
1187 4301 1395 4370 ἄρτων.

2298 4298 2685 4369 Contemplatio
2726 4308 2924 4370 septem
2948 4317 3145 4370 panum

2016 4415 2238 4487 Septem
2279 4424 2464 4470 autem
2506 4423 2741 4483 quatuor
2787 4414 3023 4468 millium
3063 4428 3235 4484 panes
3263 4416 3514 4486 legalem,

264 4503 363 4575 τὴν
392 4502 645 4575 νομικὴν,
677 4506 754 4567 ὠς
788 4500 975 4574 οἶμαι,
1035 4505 1428 4574 μυσταγωγίαν
1456 4505 1839 4574 ὑποτυπώσιν,

1964 4516 2008 4562 ιι
2045 4507 2265 4577 Opinor,
2293 4507 2686 4578 mystagogiam
2710 4506 3049 4576 exprimunt,
3072 4506 3188 4560 sive
3213 4505 3515 4562 diviniorcs
3576 4530 3583 4535 κ

264 4597 386 4665 ἦτοι
436 4598 562 4660 τοὺς
611 4596 733 4650 κατ’
763 4596 934 4666 αὐτὴν
977 4595 1284 4668 Θειοτέρους
1321 4595 1545 4666 λόγους,
1592 4597 1845 4662 οὕστινας

1964 4598 2255 4655 ιθοιιιιᾶιιιῐι
2313 4614 2437 4654 eam
2496 4599 2764 4665 rationes,
2803 4613 2941 4668 quas
2982 4598 3066 4653 eis
3101 4598 3197 4668 qui
3243 4605 3358 4652 tres
3396 4596 3513 4654 dies

263 4686 378 4748 τοῖς
424 4684 791 4756 προσμένουσι
833 4665 983 4755 τρεῖς
1020 4665 1234 4755 ἡμέρας
1279 4686 1360 4757 τῷ
1398 4665 1563 4758 λόγῳ,
1594 4687 1844 4741 τουτέστι

1964 4691 2088 4762 ιι)υά
2122 4702 2434 4746 sermonem
2465 4698 2747 4757 maneant,
2779 4689 2836 4745 id
2868 4691 3066 4760 estqui
3094 4690 3341 4745 laborem
3367 4689 3514 4746 circa

268 4774 390 4841 μεθ’
429 4774 706 4845 ὑπομονῆς
751 4775 843 4827 τὸν
886 4773 1017 4843 περὶ
1042 4772 1142 4843 τὴν
1170 4774 1370 4845 ἠθικήν
1394 4793 1456 4829 τε
1488 4778 1582 4830 καὶ
1606 4775 1843 4847 φυσικὴν

1964 4783 2208 4838 noralem
2234 4791 2291 4837 et
2313 4783 2620 4838 naturalem
2639 4792 2696 4838 et
2722 4782 3083 4853 theologicam
3109 4780 3517 4852 philosophiam

266 4867 360 4917 ml.
408 4864 724 4937 θεολογικὴν
775 4865 1091 4934 φιλοσοφίαν
1138 4868 1557 4938 περιποιητικδν
1596 4868 1691 4923 τοῦ
1727 4886 1843 4938 φω-

1964 4890 2056 4946 [uo
2085 4874 2419 4946 cognitionis
2455 4875 2550 4929 lux
2599 4882 2958 4944 comparetur
2995 4889 3121 4930 eum
3154 4874 3421 4945 patientia
3458 4883 3516 4928 ct

262 4959 460 5029 τισμοῦ
512 4960 611 5031 τῆς
654 4961 909 5036 γνώσεως
952 4960 1114 5014 πόνον
1163 4961 1532 5035 μακροθύμως
1567 4962 1842 5036 φέρουσιν,

1964 4978 2102 5034 equo
2141 4964 2326 5018 animo
2371 4963 2573 5029 ferant,
2627 4962 2818 5019 Sermo
2864 4964 3095 5035 mystice
3146 4963 3336 5019 tradit.

263 5049 294 5101 ό
319 5048 475 5118 λόγος
507 5048 791 5120 μυστικῶς
817 5049 1057 5105 δίδωσιν.

446 5234 628 5302 Ἄλλη
655 5236 863 5304 θεωρία
893 5235 1029 5305 περὶ
1058 5236 1177 5291 τῶν
1202 5236 1377 5308 τριῶν
1401 5238 1658 5308 ἡμερῶν.

2184 5234 2307 5290 Alia
2338 5233 2711 5306 contemplatio
2762 5235 2825 5290 de
2858 5235 3023 5291 tribus
3060 5235 3255 5290 diebus.

340 5346 411 5399 Ἦ
456 5345 548 5398 τὸν
590 5346 817 5414 φυσικὸν
851 5348 1014 5418 τυχὸν
1057 5349 1150 5403 καὶ
1189 5349 1436 5420 γραπτὸν
1466 5352 1563 5403 καὶ
1590 5367 1836 5420 πνευμα-

2016 5355 2108 5410 Vel
2130 5353 2438 5408 naturalem
2477 5351 2710 5409 fortasse
2730 5362 2787 5409 et
2804 5355 3065 5426 scriptam
3091 5363 3146 5411 et
3168 5351 3510 5424 spiritualem

268 5442 418 5497 τικὸν
440 5441 602 5513 νόμον
630 5442 686 5495 αἱ
710 5443 858 5513 τρεῖς
883 5442 1086 5514 ἡμέραι
1121 5443 1553 5515 παραδηλοῦσιν,
1601 5446 1676 5510 ὡς
1704 5445 1835 5498 ἑκά-

1964 5461 2116 5517 cgem
2162 5455 2276 5502 tres
2317 5444 2441 5501 dies
2476 5443 2809 5517 signiﬁcant,
2846 5462 2972 5504 cum
2999 5447 3229 5520 singula:
3256 5444 3513 5503 videlicet

339 5653 370 5688 ι
394 5640 529 5701 Gen.
566 5659 603 5714 ι,
633 5637 1257 5709 26.δὶὺὶᾱι,27οοϐο1ιιι.
1293 5662 1370 5715 ιιι,
1401 5647 1491 5735 28.
1518 5648 1548 5736 Id
1563 5647 1701 5705 Gen.
1724 5664 1765 5713 ι,
1803 5648 1835 5704 7
1870 5646 2097 5722 passim.
