3946 6206
552 249 690 322 1403
745 226 755 237 ’

1677 256 1738 316 S.
1779 255 2070 316 ΜΑΧΙΜΙ
2110 253 2622 316 CONFESSORIS

3600 271 3691 339 148i

549 361 945 436 spiritualioris
979 362 1289 419 secundum
1340 363 1490 434 ipsas
1534 365 1771 421 rationis
1820 366 2001 421 lucem
2049 365 2124 421 eis

2233 381 2360 417 στου
2419 362 2512 416 τοῦ
2559 359 2681 417 κατ’
2720 362 2887 418 αὐτὸν
2938 370 3432 443 πνευματικωτὲρου
3467 373 3597 446 λόγου
3633 384 3695 437 την

548 454 647 527 qui
697 455 952 524 gnaviter
997 455 1226 510 student
1266 465 1551 526 praestent,
1592 458 1796 526 quibus
1833 458 1929 528 qui
1983 457 2124 512 bene

546 560 614 602 ac
662 561 795 601 vere
844 545 1032 601 divina
1069 548 1325 603 esuriunt
1357 548 1471 602 Deo
1499 557 1555 603 et
1586 548 1839 603 Sermoni
1886 549 2008 603 sine
2035 562 2124 603 re-

546 639 917 709 prehensione
961 641 1311 697 adhaerentes
1349 643 1643 713 mysticum
1690 641 1972 711 accipiunt
2023 657 2126 696 nu-

546 729 894 796 trimentum,
943 732 1091 801 quod
1131 731 1327 786 eodem
1375 740 1624 802 tempore
1678 737 1736 787 'et
1774 732 2022 787 victoriae
2069 740 2127 787 et

545 821 700 891 regni
726 821 833 877 fert
863 824 1195 894 symbolum,
1215 824 1575 879 saturationis
1596 825 1877 894 reliquias.
1903 823 2125 893 Septem

543 912 694 966 enim
727 923 928 982 sporta:
969 930 999 968 e
1026 915 1223 984 palmae
1248 915 1417 969 ramis
1440 927 1711 970 conserta:
1735 914 2000 986 (victoriae
2028 929 2128 968 au—

545 1012 658 1058 tem
697 1004 1011 1074 symbolum
1067 1013 1123 1060 et
1164 1006 1318 1075 regni
1370 1005 1552 1075 palma
1610 1005 1741 1073 est),
1780 1005 2126 1062 inconcussa:

540 1098 812 1161 praeterea
858 1108 924 1148 ac
968 1092 1129 1149 fortis
1173 1109 1298 1149 cum
1328 1094 1590 1149 violentis
1616 1095 1909 1163 spiritibus
1942 1096 2128 1150 incur-

543 1185 800 1240 rentibus
842 1188 1228 1242 contentionis
1261 1203 1361 1243 eos
1393 1191 1489 1257 qui
1530 1203 1631 1257 per
1671 1202 1730 1241 se
1770 1187 1967 1240 nutriti
1997 1196 2127 1242 sunt

542 1278 727 1332 omnis
763 1277 1055 1348 pravitatis
1088 1287 1146 1333 et
1171 1278 1497 1349 ignorantia:
1520 1280 1767 1333 victores
1794 1278 2127 1349 signiﬁcant,

544 1375 606 1422 ut
651 1368 748 1437 qui
794 1384 826 1424 a
866 1370 980 1424 Deo
1025 1369 1293 1425 Sermone
1335 1370 1594 1425 invictam
1634 1370 1949 1441 acceperint
1991 1369 2127 1425 all‘e-

540 1468 735 1517 ctuum
778 1478 845 1518 ac
880 1463 1180 1535 spirituum
1228 1464 1686 1520 dominationem.

609 1640 1001 1713 Contemplatio
1031 1643 1266 1698 virorum
1302 1651 1534 1713 quatuor
1565 1643 1794 1723 millium
1823 1644 2052 1698 numeri.

607 1754 792 1825 Atque
840 1756 1087 1826 ipsorum
1123 1756 1347 1811 illorum
1395 1771 1665 1811 numerus
1713 1756 1809 1825 qui
1842 1756 1932 1811 his
1959 1755 2125 1825 spiri-

539 1848 787 1904 tualibus
842 1850 1157 1905 rationibus
1210 1858 1340 1904 sunt
1389 1849 1623 1904 enutriti
1675 1864 1822 1904 verae
1874 1850 2123 1918 ipsorum

538 1939 903 2009 perfectionis
924 1940 1252 1994 manifestus
1269 1947 1325 1994 et
1351 1940 1597 2009 locuples
1615 1939 1770 1995 testis
1790 1948 1893 2003 est,
1913 1929 2119 2009 quippe

536 2031 636 2100 qui
669 2040 908 2100 quatuor
950 2034 1236 2101 generales
1276 2032 1525 2088 continet
1577 2031 1840 2095 unitates,
1885 2046 2120 2100 quarum

538 2122 719 2191 prima
766 2123 990 2192 quidem
1026 2132 1111 2177 est
1139 2124 1318 2193 prima
1357 2125 1563 2187 unitas,
1592 2122 1833 2177 secunda
1864 2137 1998 2176 vero
2039 2129 2124 2177 est

537 2211 804 2267 denarius
822 2227 1112 2276 numerus,
1143 2213 1308 2267 tertia
1346 2211 1724 2275 eentenarius,
1771 2219 1969 2281 quarta
2005 2226 2125 2266 mo-

539 2318 643 2358 nas
685 2313 771 2359 est
812 2304 1158 2359 millenarius
1202 2319 1492 2360 numerus.
1547 2304 1748 2358 Harum
1802 2304 1949 2358 enim
1986 2318 2125 2357 una-

538 2408 798 2462 quaeque,
838 2395 1017 2464 prima
1052 2394 1290 2449 monade
1324 2403 1573 2463 excepta,
1613 2401 1670 2447 et
1712 2407 1908 2447 monas
1932 2401 2020 2448 est
2067 2402 2125 2449 et

540 2483 748 2539 decas:
776 2500 971 2541 monas
1000 2485 1226 2555 quidem
1259 2500 1449 2539 earum
1482 2500 1605 2554 quae
1635 2495 1762 2553 post
1798 2500 1858 2539 se
1885 2499 2126 2553 sequun-

539 2585 656 2640 tur,
696 2588 759 2633 ut
810 2578 867 2632 in
914 2594 974 2634 se
1026 2579 1146 2649 ipsa
1193 2579 1521 2648 composita,
1569 2588 1735 2648 atque
1779 2578 2124 2648 decuplando

541 2667 718 2737 ipsius
746 2668 1009 2723 decadem
1036 2668 1371 2736 conficiens;
1408 2671 1577 2725 decas
1613 2685 1767 2735 vero,
1805 2671 1923 2725 sive
1957 2671 2125 2725 dena-

540 2758 662 2810 rius
694 2771 964 2812 numerus
1010 2766 1070 2810 ut
1107 2774 1301 2813 earum
1356 2774 1479 2829 quae
1508 2769 1635 2814 ante
1662 2775 1721 2815 se
1746 2768 1875 2815 sunt
1903 2774 2128 2830 compo—

540 2848 800 2903 sitionem
860 2849 916 2902 in
976 2850 1213 2919 seipsam
1257 2852 1734 2917 circnmcludens;
1782 2853 2126 2906 millenarius

536 2956 674 2997 vero
696 2957 963 2997 numerus
985 2942 1444 3013 quadruplicatus
1475 2943 1643 2999 efﬁcit
1669 2954 1909 3014 quatuor
1932 2944 2123 2998 millia.

538 3033 638 3088 Est
660 3031 827 3104 igitur
846 3035 1024 3105 prima
1060 3051 1254 3090 monas
1277 3036 1520 3106 mystica:
1549 3037 1859 3107 symbolum
1904 3036 2126 3091 theolo-

539 3129 662 3199 gite,
686 3131 856 3184 altera
878 3131 1078 3184 divinae
1098 3130 1530 3201 dispensationis
1552 3139 1608 3184 et
1625 3130 1887 3184 bonitatis
1916 3129 2120 3199 imago,

540 3220 706 3273 tertia
729 3234 920 3273 monas
945 3219 1170 3273 virtutis
1193 3227 1249 3273 et
1275 3218 1610 3289 cognitionis
1628 3227 1712 3272 est
1742 3219 2123 3283 simulacrum,

538 3319 741 3380 quarta
785 3309 1029 3379 denique
1080 3326 1277 3365 monas
1305 3311 1580 3380 generalis
1607 3325 1797 3363 rerum
1828 3325 1952 3378 qua:
1984 3308 2130 3364 exsi-

538 3408 698 3456 stunt
733 3400 1172 3472 regenerationis
1199 3401 1491 3457 divinioris
1521 3401 1915 3455 manifestatio.

644 3586 769 3643 Alia
814 3587 1189 3658 contemplatio
1218 3587 1275 3640 in
1303 3587 1663 3658 septenarium
1714 3602 2016 3642 numerum.

607 3696 970 3768 Septenarius
1000 3706 1185 3753 autem
1221 3705 1537 3768 sportarum
1582 3712 1849 3751 numerus
1882 3696 1992 3751 alio
2034 3710 2124 3751 se-

537 3792 785 3850 cundum
826 3792 1166 3863 superiorem
1221 3791 1387 3845 modo
1438 3790 1742 3861 inspectus,
1803 3796 1861 3843 ut
1908 3788 2123 3854 dicunt,

537 3883 816 3952 signiﬁcat
865 3884 1194 3953 sapientiam
1237 3891 1293 3938 et
1320 3882 1694 3953 prudentiam,
1731 3881 1873 3935 hanc
1896 3879 2124 3949 quidem

542 3981 608 4031 ut
651 3976 798 4031 circa
838 3991 1060 4030 causam
1089 3974 1358 4030 trifariam
1386 3988 1522 4029 ‘sese
1554 3981 1761 4036 mente,
1788 3972 1936 4026 illam
1970 3969 2119 4025 circa

496 4073 609 4124 'ea
650 4081 773 4136 quae
814 4075 942 4137 post
983 4082 1206 4124 causam
1266 4076 1323 4120 et
1377 4065 1528 4119 circa
1581 4079 1803 4119 causam
1851 4073 1982 4118 sunt
2036 4077 2129 4115 ra-

500 4142 503 4147 ’
544 4156 697 4217 tione
728 4172 829 4226 per
866 4172 1089 4212 causam
1119 4156 1469 4226 quadruplici
1506 4154 1673 4210 modo
1700 4170 1759 4209 se
1789 4160 2124 4208 moventem.

539 4245 815 4303 Neutrum
852 4247 1022 4317 igitur
1046 4246 1444 4302 irrationaliter
1482 4262 1514 4301 a
1549 4246 1779 4301 Domino
1806 4244 2012 4299 factum
2043 4251 2129 4299 est

540 4339 853 4396 secundum
886 4357 1145 4414 magnum
1179 4341 1329 4396 hunc
1365 4340 1715 4412 magistrum,
1764 4354 1868 4395 nec
1912 4337 2126 4409 Spiritu

539 4429 789 4503 indigne.

539 4612 630 4671 Eat
669 4615 849 4671 eodem
885 4632 1148 4680 sermone,
1200 4617 1256 4670 in
1301 4615 1437 4670 illud
1485 4632 1505 4671 :
1559 4634 1577 4666 ι
1606 4615 1776 4685 Atque
1820 4616 2124 4686 gratiarum

610 4705 890 4761 diversitas
942 4715 1039 4772 est,
1092 4706 1203 4760 alia
1233 4708 1411 4776 gratia
1443 4722 1572 4775 opus
1600 4705 1795 4760 habens
1833 4706 1905 4761 ad
1933 4706 2127 4761 discer-

610 4796 844 4853 nendum
896 4812 1145 4867 quaenam
1173 4797 1241 4850 sit
1290 4797 1634 4866 prwstantior
1662 4806 1706 4853 ο.
1744 4813 1763 4847 ι

612 4907 922 4969 Diversitas
948 4909 1249 4981 gratiarum
1279 4924 1401 4979 qua:
1430 4909 1536 4964 alia
1568 4909 1743 4980 gratia
1786 4908 1954 4964 habet
1985 4925 2126 4980 opus

540 4997 615 5057 ad
636 5000 1087 5068 discernendum,
1118 5001 1425 5057 secundum
1460 5017 1716 5072 magnum
1748 5002 1898 5057 hunc
1928 5002 2123 5058 docto-

542 5107 661 5151 rem
714 5093 1007 5164 prepbetia
1063 5101 1171 5159 est,
1221 5093 1688 5163 quemadmodum
1741 5093 2010 5159 arbitror,
2066 5102 2124 5149 et

544 5184 738 5256 linguis
791 5185 936 5255 loqui
983 5185 1029 5241 ί.
1063 5186 1360 5257 Prophetia
1405 5185 1554 5241 enim
1588 5199 1728 5255 opus
1756 5185 1923 5240 habet
1944 5186 2120 5256 gratia

543 5277 843 5346 spirituum
866 5277 1389 5341 discernendorum,
1409 5276 1476 5331 ad
1507 5275 1954 5346 cognoscendum
1975 5292 2125 5346 quaa-

540 5382 671 5430 lmn
720 5378 779 5425 et
827 5370 975 5427 unde
1005 5378 1065 5425 et
1100 5386 1214 5442 quo
1242 5370 1426 5427 ferens
1459 5378 1517 5425 et
1550 5367 1864 5441 cuiusmodi
1896 5367 2124 5437 spiritus

610 5516 638 5546 ο
663 5506 680 5559 1
709 5504 834 5561 Cor.
868 5524 967 5569 xu,
998 5508 1063 5571 4,
1106 5509 1158 5563 9.
1235 5504 1256 5545 τ
1285 5508 1406 5564 Act.
1464 5524 1521 5574 ιι,
1553 5507 1606 5561 4.

2227 452 2509 524 φωτισμὸν
2564 456 2677 515 τοῖς
2730 453 3079 523 φιλοπονοῦσι
3130 462 3473 530 παρέχοντος,
3523 471 3620 523 καθ’
3650 474 3696 537 ἃς

2227 547 2537 616 ἀμέμπτως
2558 548 2607 599 οί
2630 545 2812 609 καλῶς
2828 562 2890 599 τε
2919 548 3011 599 καὶ
3032 547 3239 617 ἀληθῶς
3260 554 3518 621 πεινῶντες
3531 560 3585 612 τὰ
3596 560 3695 627 θεῖα,

2225 639 2304 708 τῷ
2352 637 2472 707 Θεῷ
2518 637 2613 691 καὶ
2643 637 2804 707 Λόγῳ
2851 639 3269 709 προσμένοντες,
3316 643 3530 714 δέχονται
3552 653 3699 724 τροφὴν

2230 731 2501 802 μυστικὴν
2577 732 2718 785 κατὰ
2770 732 2972 786 ταύτὸν
3030 734 3183 804 νίκης
3236 753 3291 788 τε
3358 740 3440 792 καὶ
3493 741 3699 810 βασιλείας

2227 822 2454 893 ἔχουσαν
2506 823 2753 890 σύμϐολα
2803 823 2902 877 τοῦ
2953 824 3115 894 κόρου
3160 825 3227 878 τά
3273 826 3495 896 λείψανα.
3541 834 3593 885 Δί
3625 835 3700 903 γὰρ

2225 914 2366 967 ἑπτὰ
2418 914 2676 988 σπυρίδες
2718 916 2784 968 ὲκ
2826 915 3086 984 φοινίκων
3122 917 3219 987 τὴν
3247 916 3372 988 ὓλην
3396 918 3580 989 ἔχουσαι
3616 925 3699 988 (vi-

2225 1022 2331 1074 κης
2355 1006 2421 1059 δὲ
2458 1007 2728 1076 σύμϐολον
2762 1009 2858 1062 καὶ
2890 1007 3169 1077 βασιλείας
3207 1010 3235 1062 δ
3264 1011 3483 1080 φοῖνιξ),
3530 1013 3636 1083 πρδς
3663 1014 3702 1069 δὶ

2225 1097 2322 1150 καὶ
2358 1099 2457 1167 τῆς
2485 1099 2784 1169 ἀκλονήτου
2820 1100 2958 1170 πρὸς
2986 1100 3089 1161 τὰς
3119 1099 3224 1152 τῶν
3256 1100 3430 1170 βιαίων
3456 1105 3702 1173 πνευμάτων

2227 1189 2465 1260 ἐμϐολὰς
2511 1191 2653 1262 ὑπὲρ
2693 1191 2952 1261 ἀληθείας
2993 1192 3290 1255 ὲνστάσεως
3334 1193 3394 1246 δι’
3421 1195 3593 1248 ἑαυτῶν
3618 1198 3702 1261 τοὺς

2184 1282 2535 1352 ,τραφέντας
2598 1282 2780 1353 πάσης
2837 1282 3038 1345 κακίας
3100 1284 3193 1335 καὶ
3250 1285 3496 1351 ἀγνωσίας
3539 1288 3702 1356 νικητὰς

2224 1375 2640 1442 ἀποφαίνουσιν,
2687 1376 2765 1440 ὡς
2799 1376 2897 1446 τὴν
2930 1377 3072 1430 κατά
3104 1376 3288 1430 παθῶν
3311 1395 3367 1430 τε
3397 1380 3481 1432 καὶ
3502 1381 3702 1450 δαιμόνων

2226 1465 2380 1537 παρὰ
2403 1466 2497 1519 τοῦ
2519 1466 2655 1520 Θεοῦ
2674 1467 2850 1536 Λόγου
2877 1469 3148 1539 ἀήττητον
3172 1467 3421 1533 λαόόντας
3442 1471 3699 1525 δυναστείαν.

2227 1643 2449 1712 Θεωρία
2484 1644 2591 1715 τοῦ
2619 1643 2866 1713 ἀριθμοῦ
2897 1643 3012 1697 τῶν
3038 1647 3502 1714 τετρακισχιλίων
3519 1646 3701 1716 ἀνδρῶν.

2216 1814 2231 1829 ί
2296 1756 2412 1810 Καὶ
2454 1758 2484 1810 ό
2527 1756 2710 1810 αὐτῶν
2738 1756 2796 1810 δὲ
2833 1757 3061 1810 ἐκείνων
3120 1757 3222 1811 τῶν
3245 1756 3453 1822 τούτους
3472 1759 3704 1830 τραφέντων

2155 1861 2199 1916 Β
2226 1848 2352 1911 τοὺς
2404 1849 2813 1918 πνευματικοὺς
2864 1848 3061 1917 λόγους
3120 1848 3348 1921 ἀριθμὸς
3411 1851 3499 1920 τῆς
3539 1850 3704 1920 ἀληθοῦς

2220 1941 2403 1995 αὐτῶν
2425 1941 2683 2012 ἀρίδηλος
2710 1942 2920 2013 μάρτυς
2942 1943 3062 1995 ἐστὶ
3087 1942 3433 2013 τελειότητος,
3459 1943 3705 2007 ὡςτάςτίο-

2223 2047 2395 2102 σαρας
2440 2030 2670 2098 γενικὰς
2715 2031 2990 2102 περιέχων
3039 2033 3308 2102 μονάδας,
3358 2026 3428 2085 ὧν
3461 2031 3703 2103 πρὼτημίν

2221 2122 2370 2174 ἐστιν
2397 2123 2429 2192 ὴ
2456 2121 2647 2194 πρώτη
2672 2123 2861 2193 μονὰς,
2879 2124 3112 2195 δευτέρα
3132 2125 3189 2177 δὲ
3214 2124 3374 2195 μονάς
3393 2122 3703 2193 ἑστινὴδεχάς,

2220 2212 2381 2282 τρίτη
2429 2212 2487 2266 δὲ
2546 2215 2715 2284 μονάς
2759 2216 2909 2267 ἐστιν
2962 2215 2996 2283 ή
3047 2214 3373 2279 ἐκατοντᾶς,
3421 2214 3504 2267 καὶ
3540 2214 3705 2282 τετάρτη

2226 2303 2397 2373 μονάς
2440 2303 2589 2357 ἐστιν
2635 2305 2667 2375 ἡ
2715 2304 2914 2375 χιλιὰς.
2951 2304 3194 2374 Ἑκάστη
3224 2304 3331 2373 γὰρ
3361 2303 3564 2369 τούτων,
3589 2302 3706 2373 χωρὶς

2221 2393 2321 2464 τῆς
2362 2393 2588 2466 πρώτης
2635 2394 2862 2465 μονάδος
2885 2434 2901 2459 ,
2963 2396 3063 2449 καὶ
3120 2396 3290 2466 μονάς
3326 2396 3435 2449 ἐστι
3475 2396 3554 2448 καὶ
3578 2393 3705 2454 δεκάς

2234 2485 2402 2555 μονὰς
2448 2486 2550 2555 μὲν
2595 2487 2707 2540 τῶν
2755 2487 2871 2557 μετ’
2895 2487 3070 2555 αὐτὴν
3095 2527 3112 2553 ,
3168 2486 3245 2549 ὡς
3290 2488 3365 2549 είς
3393 2485 3561 2555 ἑαυτὴν
3582 2499 3707 2536 συντι-

2225 2576 2457 2646 θεμένη,
2500 2577 2598 2632 καὶ
2626 2578 2705 2645 τῷ
2728 2576 3202 2648 δεκαπλασιασμῷ
3229 2578 3326 2647 τὴν
3354 2576 3518 2647 (259
3533 2575 3573 2643 ι)
3594 2573 3709 2642 αὑτῆς

2223 2667 2608 2738 ἀπαρτίζουσα
2652 2669 2853 2723 δεκάδα
2877 2685 2892 2701 ο
2950 2669 3122 2733 δεκὰς
3149 2669 3228 2732 δὲ,
3263 2668 3337 2732 ὡς
3364 2667 3463 2719 τῶν
3489 2664 3577 2735 πρὸ
3594 2663 3708 2730 αὐτῆς

2229 2762 2473 2833 μονάδων
2525 2764 2626 2834 τὴν
2673 2761 2926 2816 σύνθεσιν
2980 2764 3066 2827 είς
3110 2761 3310 2828 ἑαυτὴν
3354 2758 3707 2830 περιγράφουσι·

2226 2852 2405 2922 χιλιὰς
2431 2851 2489 2905 δὲ
2529 2852 2979 2923 τετραπλουμένη
3007 2850 3461 2922 τετρακισχιλίους
3481 2847 3707 2915 ὑφίστηοιν.

2231 2947 2421 2998 Ἔστιν
2446 2941 2541 2999 οὖν
2572 2947 2606 3015 ἡ
2638 2945 2829 3016 πρώτη
2864 2946 3033 3016 μονάς
3070 2944 3344 3016 μυστικῆς
3366 2939 3603 3006 θεολογίας
3620 2936 3711 3004 σύμ-

2228 3036 2416 3100 ϐολον,
2478 3038 2512 3106 ἡ
2554 3035 2611 3090 δὲ
2658 3037 2892 3107 δευτέρα
2937 3036 3109 3107 μονὰς
3162 3034 3311 3098 θείας
3354 3032 3620 3100 οἰκονομίας
3650 3024 3710 3079 καὶ

2231 3128 2569 3197 ἀγαθότητος
2614 3128 2825 3192 τύπος,
2890 3128 3012 3199 ἠδὲ
3056 3128 3221 3198 τρίτη
3267 3125 3423 3197 μονὰς
3470 3122 3631 3193 ἀρετῆς
3654 3116 3714 3170 καὶ

2235 3218 2490 3287 γνώσεώς
2518 3221 2664 3273 ἐστιν
2690 3219 2876 3283 εἰκὼν,
2921 3220 3016 3273 καὶ
3052 3221 3089 3289 ἠ
3116 3218 3349 3289 τετάρτη
3375 3216 3519 3287 μονάς
3540 3214 3619 3281 τῆς
3632 3206 3715 3262 καθ·

2227 3309 2352 3364 όλου
2386 3308 2498 3366 τῶν
2524 3310 2695 3365 ὄντων
2723 3309 3008 3380 θειοτέρας
3041 3309 3451 3381 μεταποιήσεως
3473 3304 3671 3377 δήλωσις-

2508 3588 2696 3654 Ἀλλη
2727 3586 2939 3654 θεωρία
2967 3587 3057 3650 είς
3080 3583 3190 3639 τὸν
3217 3583 3260 3645 C'
3278 3583 3526 3652 ἀριθμόν.

2311 3700 2373 3752 '0
2413 3699 2471 3752 δὲ
2526 3697 2667 3752 ἑπτὰ
2712 3697 2945 3768 ἀριθμὸς
3007 3696 3123 3749 τῶν
3169 3694 3437 3765 σπυρίδων
3485 3689 3587 3744 κατ’
3614 3685 3718 3741 ἄλλοι

2232 3792 2371 3861 πρὸς
2418 3788 2497 3859 τῷ
2539 3790 2795 3860 προτέρῳ
2829 3787 3216 3858 θεωρούμενος
3246 3785 3462 3855 τρόπῳ,
3505 3782 3570 3843 ὥς
3591 3793 3717 3849 φασιν,

2230 3881 2484 3952 ἐμφαίνει
2515 3881 2709 3951 σοφίαν
2740 3881 2836 3935 καὶ
2863 3879 3163 3950 φρόνησιν,
3203 3879 3303 3950 τὴν
3331 3877 3423 3947 μὲν
3450 3875 3516 3937 ὠς
3543 3867 3720 3940 περὶτὴν

2222 3973 2408 4028 αἰτίαν
2441 3972 2679 4042 τρισσῶς
2714 3971 2857 4026 κατὰ
2886 3970 3010 4024 νοῦν
3042 3969 3376 4040 κινουμένην
3395 4008 3410 4033 ,
3456 3965 3541 4034 τὴν
3566 3961 3613 4015 δὲ
3637 3955 3721 4025 ιιιτείὶ

2223 4067 2291 4120 τὰ
2319 4065 2456 4137 μετὰ
2478 4066 2578 4135 τὴν
2602 4062 2783 4118 αἰτίαν
2814 4064 2911 4117 καὶ
2936 4080 3003 4115 πε
3013 4062 3068 4134 pl.
3094 4060 3195 4132 τὴν
3218 4059 3397 4115 αίτίαν
3418 4057 3531 4111 δντα
3550 4046 3723 4108 κατὰλό-

2224 4173 2320 4224 γον
2350 4154 2440 4208 διά
2466 4155 2564 4225 τὴν
2590 4154 2771 4208 αἰτίαν
2810 4152 3095 4224 τετραχῶς
3125 4150 3469 4219 κινουμένην.
3500 4144 3724 4207 υύοὲτερσν

2223 4243 2318 4298 οὖν
2344 4244 2556 4312 ἀλόγως
2585 4242 2739 4312 παρὰ
2763 4242 2860 4295 τοῦ
2886 4240 3099 4312 Κυρίου
3128 4238 3419 4308 γεγένηται
3441 4234 3565 4290 κατὰ
3579 4232 3649 4285 τὸν
3666 4225 3726 4297 μέο

2193 4315 2203 4323 ’
2225 4353 2329 4405 γαν
2358 4334 2549 4389 τοῦτον
2572 4333 2913 4397 διδάσκαλον,
2947 4330 3069 4384 οὐδὲ
3094 4330 3334 4396 ἀναξίως
3356 4328 3445 4383 τοῦ
3460 4324 3722 4393 Πνεύματος.

2157 4622 2202 4678 D
2236 4615 2341 4667 Ἐκ
2371 4608 2478 4664 τοῦ
2505 4608 2694 4663 αὐτοῦ
2719 4609 2928 4678 λόγον,
2961 4610 3051 4673 εις
3073 4610 3146 4663 τό
3164 4624 3180 4640 ·
3220 4626 3241 4660 ι
3276 4606 3381 4663 Kal
3406 4606 3525 4659 ἐστι
3546 4589 3727 4666 διαφορά

2298 4700 2710 4772 χαρισμάτων,
2762 4676 2958 4754 ἄλλου
2981 4698 3240 4769 δεομένη
3268 4698 3605 4770 χαρίσματος
3628 4685 3725 4752 πρὸς

2295 4796 2599 4865 διάκρισιν
2626 4793 2736 4849 τοῦ
2752 4795 3077 4860 ,βελτίονος
3098 4793 3238 4865 (66).
3264 4812 3285 4846 ι

2303 4910 2372 4963 Ἠ
2420 4908 2656 4980 διαφορὰ
2706 4907 2815 4961 τῶν
2862 4906 3230 4979 χαρισμάτων
3291 4908 3324 4977 ἡ
3374 4903 3523 4959 ἄλλον
3564 4887 3726 4961 δεομένη

2222 5002 2560 5073 χαρίσματος
2611 4999 2749 5072 πρὸς
2794 4999 3069 5069 διάκρισιν
3119 4997 3271 5053 κατὰ
3299 4997 3388 5050 τὸν
3423 4995 3575 5065 μέγαν
3596 4982 3727 5073 τοῦτοί

2228 5068 2549 5147 διδάσκαλόν
2595 5068 2774 5154 ἐστιν.
2813 5093 2847 5161 ἡ
2890 5068 3227 5162 προφητεία,
3263 5087 3440 5150 καθὼς
3466 5079 3628 5150 οἶμαι.
3668 5068 3728 5125 καὶ

2225 5184 2287 5237 τὸ
2313 5183 2527 5237 λαλεῖν
2557 5181 2885 5251 γλώσσαις.
2926 5181 2993 5236 Ἡ
3028 5184 3130 5254 μὲν
3162 5182 3275 5254 γὰρ
3305 5175 3588 5251 προφητεία
3612 5169 3725 5222 δεῖται

2224 5276 2316 5329 τοῦ
2364 5275 2701 5346 χαρίσματος
2769 5276 2868 5346 τῆς
2920 5275 3254 5345 διακρίσεως
3306 5273 3412 5325 τῶν
3458 5263 3725 5333 πνευμάτων

2228 5368 2365 5436 πρὸς
2410 5369 2469 5421 τδ
2507 5367 2821 5436 γνωσθῆναι
2852 5368 2935 5431 τίς
2977 5366 3075 5420 καὶ
3102 5366 3272 5422 τώθεν
3319 5362 3413 5419 καὶ
3438 5359 3529 5417 ποῦ
3552 5353 3728 5426 φέρουσα

612 5614 724 5680 (66)
755 5617 917 5680 Grca.
967 5617 1097 5675 Naz.
1136 5618 1287 5676 Orat.
1320 5621 1373 5674 in
1406 5618 1697 5675 Pentecost.
1732 5635 1851 5685 cap.
1901 5620 1984 5684 l6,
2017 5635 2069 5686 p.
2113 5619 2236 5687 745,
2269 5626 2401 5677 tom.
2437 5619 2459 5673 l
2494 5618 2634 5688 Opp.
2662 5617 2778 5674 edit
2801 5615 3011 5675 Bened.
