3946 6206
287 200 423 282 140?}

1488 226 2010 288 AMBIGUOBUM
2042 227 2299 289 LIBER.

3392 231 3529 299 1406

279 335 374 386 καὶ
406 331 559 386 ποίου
589 330 902 403 πνεύματός
926 335 1060 400 ἐστι,
1093 335 1186 389 καλ⁵
1213 335 1282 389 δι’
1301 336 1368 408 ἢν
1393 337 1589 401 αἰτίαν,
1625 341 1699 410 μή
1727 357 1843 404 πως

1953 341 2040 405 sit,
2079 348 2139 396 et
2182 358 2347 411 quam
2383 342 2591 399 habent
2634 359 2881 411 causam,
2920 363 2991 401 ne
3029 346 3173 402 forte
3219 363 3400 418 nugax
3430 348 3524 411 sit.

281 424 559 496 φληναφός
592 427 706 479 ἐστι
731 467 746 490 ,
806 426 966 495 μόνον
997 427 1118 497 εἰκῆ
1152 430 1535 501 προφερομένη
1555 432 1601 464 ⁵³
1650 435 1714 487 ἐκ
1752 436 1851 506 τῆς

283 516 419 570 κατὰ
443 516 503 569 τὸ
527 517 854 586 ἡγεμονικὸν
885 518 1090 589 βλάϐης
1123 518 1218 572 τοῦ
1250 519 1525 588 λέγοντος,
1562 524 1594 594 ἢ
1627 527 1850 582 αὐτοκί-

278 607 437 677 νητός
477 624 561 671 τις
606 609 749 679 ὁρμὴ
793 608 887 662 τοῦ
931 609 1093 679 δῆθεν
1128 612 1599 683 προφητεύοντος,
1657 618 1714 683 ἐξ
1748 621 1852 688 ἀγ-

276 699 481 767 χινοίας
534 699 660 768 περί
705 717 868 753 τινων
916 702 1163 769 φυσικῶς
1209 704 1351 757 κατά
1378 704 1535 771 λόγον
1566 706 1655 759 διὰ
1684 710 1852 763 πολυ-

277 790 497 858 πειρίαν
524 792 966 861 τεκμαιρομένου
995 795 1370 864 πραγμάτων,
1424 796 1456 867 ἢ
1489 797 1581 850 τοῦ
1613 800 1850 869 πονηροῦ

275 881 368 933 καὶ
433 880 818 950 δαιμονιώδους
876 884 1186 953 πνεύματος
1215 927 1231 950 ,
1297 887 1494 957 (260
1534 889 1603 957 a)
1663 889 1851 961 ὥσπερ

274 972 333 1024 ὲν
362 970 629 1042 Μοντανῷ
678 974 770 1025 καὶ
803 976 913 1036 τοῖς
953 975 1145 1044 ἐκείνῳ
1180 978 1581 1047 παραπλησίοις
1617 982 1732 1032 ἐστὶ
1759 998 1851 1033 τε·

214 1082 219 1089 ’
274 1064 563 1132 ρατολογία
593 1064 652 1116 ιν
682 1068 1024 1136 προφητείας
1053 1068 1186 1121 είδει
1214 1070 1273 1121 τὺ
1300 1069 1613 1138 λεγόμενον,
1638 1072 1671 1142 ἢ
1694 1073 1852 1142 δόξης

272 1155 458 1209 ἕνεκεν
487 1158 653 1225 κενῆς
684 1161 798 1219 τοῖς
825 1159 1000 1211 ἄλλων
1030 1159 1188 1223 ἄλλος
1220 1159 1380 1229 τυχὸν
1411 1161 1730 1231 ἁϐρύνεται,
1765 1163 1852 1216 λέ-

272 1264 386 1316 γων
432 1264 494 1300 τε
547 1249 641 1300 καὶ
684 1250 987 1317 πομπεύων
1035 1250 1180 1322 άπερ
1212 1252 1376 1314 αὐτὸς
1410 1252 1510 1304 οὒκ
1536 1254 1849 1323 ἐγέννησεν,

273 1339 415 1410 ὑπὲρ
440 1339 533 1393 τοῦ
560 1340 945 1409 θαυμασθῆναι
967 1342 1321 1413 ψευδόμενος,
1351 1345 1445 1397 καὶ
1470 1344 1678 1415 πατέρα
1701 1345 1852 1398 νόθον

270 1431 524 1499 ὀρφανῶν
554 1431 729 1501 λόγων
777 1434 872 1487 καὶ
916 1420 1206 1504 νοημάτων
1238 1437 1432 1489 ἑαυτὸν
1475 1437 1617 1507 ὑπὲρ
1644 1437 1737 1489 τοῦ
1768 1438 1853 1490 δό-

271 1523 543 1599 ξαινοοφός
566 1542 648 1589 τις
678 1521 818 1579 εἶναι
859 1526 1264 1596 προϐάλλεσθαι
1304 1529 1404 1580 οὐκ
1433 1529 1846 1598 αἰσχυνόμενος.

272 1614 573 1684 Προφῆται
600 1619 707 1685 γάρ
725 1617 809 1681 β’,
835 1617 1001 1687 φησὶν
1030 1620 1057 1670 ό
1082 1618 1225 1679 θεῖος
1257 1618 1599 1683 Ἀπόστολος,
1631 1620 1668 1686 ἣ
1695 1620 1850 1687 τρεῖς

1953 441 2165 488 temere
2199 435 2380 489 solum
2429 437 2644 505 prolata
2692 454 2759 492 ex
2796 438 2936 494 vitio
2985 440 3329 509 principatus
3360 438 3528 493 animi

1952 525 2073 594 ejus
2131 527 2223 596 qui
2284 527 2552 597 loquitur,
2591 538 2686 584 aut
2764 541 2946 585 motus
3016 542 3352 600 spontaneus
3408 532 3530 601 ejus

1950 618 2212 674 videlicet
2273 621 2366 689 qui
2430 618 2759 690 prophetat,
2831 637 2897 675 ex
2966 621 3173 692 ingenii
3231 620 3530 691 sagacitate

1951 707 2021 761 de
2068 710 2364 763 multarum
2410 725 2594 764 rerum
2627 710 2969 779 experientia
3011 709 3161 763 docti
3199 710 3529 767 naturaliter

1950 797 2019 851 de
2070 798 2397 866 quibusdam
2446 799 2615 853 rebus
2653 798 2961 853 secundum
3017 798 3288 852 rationem
3346 798 3533 866 conje—

1951 888 2177 949 ctantis,
2221 896 2316 941 aut
2360 902 2594 956 nequam
2642 896 2698 942 et
2727 887 3051 942 dzemoniaci
3099 887 3349 957 spiritus,
3385 887 3531 941 sicut

1953 980 2009 1035 in
2041 978 2302 1036 Montano
2331 990 2388 1036 et
2411 982 2532 1051 ejus
2558 980 2835 1035 similibus
2856 980 3005 1050 quod
3036 980 3373 1050 prmdicatur
3398 993 3529 1048 pro-

1952 1073 2163 1143 digiosa
2200 1074 2379 1128 oratio
2413 1079 2497 1126 est
2531 1072 2834 1141 prophetia:
2874 1072 3051 1125 forma
3074 1072 3296 1135 vestita,
3322 1079 3418 1124 aut
3457 1085 3529 1124 ne

1952 1166 2197 1236 gloriola:
2234 1180 2389 1219 vanae
2435 1163 2633 1217 alienis
2678 1164 2840 1226 alius,
2884 1172 3050 1232 prout
3092 1178 3251 1217 casus
3294 1162 3421 1223 fert,
3471 1176 3530 1216 se

1952 1263 2203 1320 exornet,
2227 1256 2463 1325 loquens
2491 1255 2780 1325 magniﬁce
2819 1264 2986 1324 atque
3024 1255 3240 1324 jactans
3264 1268 3386 1321 quae
3412 1253 3531 1321 ipse

1952 1365 2062 1403 non
2088 1347 2322 1417 peperit,
2345 1346 2726 1400 admirationis
2747 1345 3157 1399 commovenda:
3178 1344 3348 1414 gratia
3378 1358 3534 1397 men-

1953 1441 2079 1499 dax,
2116 1454 2281 1509 quem
2334 1453 2444 1491 non
2490 1437 2698 1507 pudeat
2745 1446 2960 1507 patrem
3013 1451 3135 1491 sese
3186 1435 3418 1489 nothum
3475 1442 3532 1488 et

1952 1527 2324 1582 adulterinum
2359 1526 2621 1579 orbarum
2653 1524 2963 1579 orationum
3000 1541 3064 1580 ac
3109 1523 3528 1594 cogitationum,

1952 1631 2015 1676 ut
2058 1622 2279 1690 sapiens
2322 1619 2521 1688 aliquis
2572 1633 2695 1673 esse
2744 1618 3022 1681 videatur,
3067 1625 3522 1688 repraesentasse.

270 1682 800 1772 λαλείτωσαν-,καὶ
826 1682 881 1761 οι
898 1682 1082 1762 ἄλλοι
1103 1682 1593 1777 διακρινέτωσαν,
1617 1682 1773 1769 Τίνες
1788 1682 1843 1764 δέ.

1953 1682 2225 1781 Propheta:
2258 1682 2567 1775 enim-duo,
2600 1711 2677 1764 ait
2706 1710 2926 1765 divinus
2955 1682 3271 1779 Apostolus,
3305 1709 3386 1763 vel
3413 1717 3520 1762 tres

271 1800 631 1869 τυγχάνουσιν
681 1800 730 1851 οἱ
776 1799 967 1864 ἄλλοις
1020 1799 1259 1870 δηλονότι
1302 1801 1352 1853 οί
1382 1802 1442 1853 τὸ
1470 1801 1715 1870 χάρισμα
1747 1801 1846 1869 τῆς

268 1888 595 1961 διακρίσεως
637 1889 854 1959 ἔχοντες
897 1890 1009 1942 τῶν
1052 1892 1401 1961 πνευμάτων.
1457 1895 1639 1944 Δεῖται
1668 1891 1847 1944 τοίνυν

269 1976 305 2049 ή
334 1980 434 2051 μὲν
460 1980 783 2051 προφητεία,
821 1980 1003 2044 καθὼς
1026 1980 1186 2052 ἔφην,
1237 1982 1336 2050 τῆς
1376 1982 1700 2051 διακρίσεως
1741 1980 1848 2032 τῶν

268 2071 625 2138 πνευμάτων,
670 2070 756 2123 ἵνα
790 2071 1007 2141 γνωσθῇ
1045 2071 1142 2124 καὶ
1173 2071 1439 2142 πιστευθῇ
1471 2071 1566 2124 καὶ⁵
1594 2072 1845 2142 ἐγκριθῇ,

267 2162 331 2217 τὸ
357 2162 414 2216 δὲ
454 2164 700 2234 χάρισμα
734 2162 844 2216 τῶν
869 2162 1132 2231 γλωσσῶν
1182 2164 1355 2217 δεῖται
1386 2161 1479 2216 τοῦ
1506 2164 1849 2234 χαρίσματος

250 2257 365 2326 ’τῆς
396 2254 724 2325 ἑρμηνείας,
780 2255 867 2308 ἶνα
906 2256 980 2326 μὴ
1009 2255 1135 2327 δόξῃ
1169 2257 1280 2319 τοῖς
1318 2254 1584 2327 παροῦσιν
1617 2256 1645 2306 ό
1672 2252 1849 2307 τοιοῦ-

267 2363 361 2411 τος
396 2347 721 2418 μαίνεσθαι,
778 2347 853 2418 μὴ
881 2347 1186 2417 δυναμένου
1220 2348 1365 2410 τινὺς
1398 2347 1508 2399 τῶν
1542 2345 1849 2398 ἀκουόντων

268 2440 755 2511 παρακολουθῆσαι
783 2443 895 2502 τοῖς
923 2441 1301 2508 λαλουμένοις.
1341 2437 1478 2490 Ἐὰν
1510 2436 1646 2507 γὰρ,
1684 2437 1850 2507 φησὶν

268 2533 298 2586 ὀ
318 2532 491 2603 μέγας
522 2533 870 2595 ’Δπόστολος.
893 2533 1137 2586 λαλεῖτε
1162 2530 1490 2601 γλώσσαις,
1514 2530 1760 2597 εισέλθῃ
1783 2528 1850 2582 δέ

269 2638 356 2687 τις
383 2622 640 2688 ἄπιστος
665 2622 703 2689 ἢ
730 2622 986 2689 ιὸιώτης,
1019 2624 1128 2676 οὐκ
1154 2619 1403 2689 ἐροῦσιν
1428 2620 1517 2672 ὅτι
1532 2618 1820 2687 μαίνεσθε
1829 2632 1849 2679 ;

1949 1806 2253 1876 loquantur,
2294 1813 2342 1857 et
2374 1805 2549 1857 ειτηενὶ
2580 1802 2868 1872 diiudicent
2891 1804 2937 1856 ε.
2964 1801 3198 1868 Quinam
3229 1816 3363 1855 vero
3393 1808 3525 1855 sunt

1947 1893 2167 1949 (ueteri?
2202 1892 2463 1946 nimirum
2496 1892 2570 1945 illi
2596 1891 2688 1961 qui
2715 1890 3194 1961 dijudicandorum
3231 1889 3525 1958 spirituum

1945 1988 2175 2058 gratiam
2227 1985 2455 2039 habent.
2512 1985 2700 2052 Itaque
2751 1983 3063 2053 prophetia,
3120 1982 3203 2035 uti
3251 1980 3524 2046 dicebam,

1947 2093 2086 2147 opus
2110 2077 2354 2131 hahetut
2377 2074 2607 2144 spiritus
2632 2074 2883 2145 judicare
2904 2073 3100 2143 possit,
3136 2082 3198 2127 ut
3224 2086 3527 2143 cognosca-

1948 2176 2040 2223 tur
2081 2177 2138 2222 et
2175 2167 2438 2222 credatur
2484 2174 2541 2221 et
2598 2166 2961 2235 approbetur,
3002 2164 3314 2234 linguarum
3342 2171 3527 2218 autem

1948 2260 2121 2330 gratia
2161 2274 2302 2329 opus
2344 2258 2515 2312 habet
2561 2257 3042 2327 interpretationis
3073 2256 3274 2325 gratia,
3327 2271 3398 2310 ne
3445 2256 3529 2310 eis

1949 2352 2043 2421 qui
2086 2351 2288 2405 adsunt
2327 2349 2598 2420 eiusmodi
2642 2349 2888 2403 insanire
2927 2350 3203 2414 videatur,
3254 2365 3382 2404 cum
3424 2365 3527 2405 au-

1948 2440 2217 2495 dientium
2284 2455 2447 2494 nemo
2520 2438 2740 2508 assequi
2803 2440 2951 2495 dicta
3006 2441 3205 2509 possit.
3255 2438 3396 2494 Nam
3455 2440 3524 2504 si,

1946 2547 2180 2602 magnus
2214 2531 2396 2601 inquit
2422 2531 2739 2600 Apostolus,
2775 2530 2972 2602 linguis
3014 2531 3326 2602 loquamini,
3366 2532 3528 2584 intret

1948 2632 2126 2679 autem
2165 2626 2281 2694 quis
2326 2624 2575 2692 inﬁdelis,
2606 2623 2686 2677 vel
2724 2624 2910 2687 idiota,
2957 2640 3131 2678 nonne
3173 2624 3344 2677 dicent
3387 2622 3530 2693 quod

268 2712 381 2765 Καὶ
417 2712 629 2766 κελεύει
661 2714 864 2782 μᾶλλον
899 2715 1111 2783 σιωπᾷν
1139 2711 1231 2764 τὸν
1259 2710 1524 2763 λαλοῦντα
1551 2707 1843 2775 γλώσσαις,

1953 2716 2194 2770 insanitis
2222 2717 2248 2756 ιι
2272 2715 2295 2767 ?
2317 2716 2497 2784 Atque
2545 2715 2782 2783 imperat
2814 2714 2997 2783 potius
3026 2722 3086 2768 ut
3118 2722 3297 2769 taceat
3323 2713 3529 2785 linguis

266 2801 365 2857 ἐὰν
414 2802 490 2874 μὴ
612 2805 640 2857 ὁ
672 2804 1068 2873 διερμηνεύων.
1109 2804 1182 2856 Τὸ
1210 2802 1265 2855 δὲ
1303 2822 1322 2854 ι
1355 2802 1497 2872 Πρὸς
1526 2801 1798 2869 διάκρισιν
1825 2820 1843 2852 ι

1953 2808 2200 2875 loquens,
2235 2806 2340 2859 nisi
2365 2805 2537 2859 fuerit
2559 2805 2654 2875 qui
2684 2805 3106 2873 interpretetur.
3144 2803 3300 2870 Quod
3339 2810 3518 2860 autem

266 2892 435 2962 φάναι
486 2894 579 2947 τὸν
620 2893 944 2947 διδάσκαλον
1001 2912 1020 2944 ι
1054 2893 1149 2946 τοῦ
1198 2892 1497 2962 βελτίονος,
1529 2910 1548 2941 ι
1602 2891 1766 2958 φασὶν
1797 2891 1843 2943 οί

1956 2898 2064 2951 «ad
2110 2897 2592 2957 discernendum,»
2643 2896 2784 2949 dixit
2820 2896 3097 2965 magister,
3138 2911 3413 2965 «quanam
3452 2895 3527 2951 sit

262 2987 380 3048 τοῖς
425 2985 592 3049 θείοις
642 2987 734 3038 τὸν
778 2985 904 3039 νοῦν
954 2984 1439 3052 καταφωτίσαντες
1473 2983 1652 3050 λόγοις
1680 2983 1843 3050 ὑπερ-

1953 2989 2351 3058 przestantior,c
2385 3002 2620 3056 quorum
2645 3002 2802 3042 mens
2822 2986 3006 3040 divina
3032 2986 3282 3041 doctrina
3314 2986 3526 3041 illumi-

265 3074 412 3146 ἐχειν
463 3075 523 3128 τὸ
564 3076 665 3145 τῆς
694 3079 1030 3147 προφητείας
1082 3076 1177 3129 καὶ
1214 3075 1274 3128 τὸ
1303 3075 1413 3127 τῶν
1441 3073 1704 3143 γλωσσῶν
1733 3072 1843 3142 χά-

1953 3089 2072 3134 nata
2095 3090 2200 3145 est,
2232 3082 2265 3134 ii
2297 3088 2556 3150 praestare
2574 3080 2766 3134 dicunt
2788 3080 3100 3149 prophetiae
3123 3078 3286 3150 atque
3307 3082 3524 3153 lingua-

269 3186 441 3244 ρισμα
467 3171 574 3224 τῶν
599 3167 673 3226 ὧν
700 3173 837 3244 πρὸς
859 3173 1134 3242 διάκρισίν
1157 3189 1215 3224 τε
1246 3174 1341 3225 καὶ
1367 3171 1697 3239 διασάιρησιν
1717 3168 1843 3239 χρῄ-

1953 3187 2068 3225 rum
2104 3173 2334 3240 gratiam
2360 3171 2430 3225 iis
2453 3171 2649 3242 gratiis
2687 3172 2892 3240 quibus
2916 3170 2981 3225 ad
3006 3171 3433 3226 discernendum
3468 3180 3527 3228 et

266 3260 418 3326 ζουσι
469 3264 867 3333 χαρισμάτων,
930 3264 1179 3318 τουτέστι
1225 3264 1328 3333 τῆς
1367 3263 1690 3332 διακρίσεως
1733 3259 1843 3311 τῶν

1953 3265 2328 3332 explicandum
2357 3279 2498 3334 opus
2529 3264 2756 3323 habent.
2784 3265 2888 3318 hoc
2918 3273 3002 3319 est
3038 3263 3388 3319 discernendi
3414 3265 3526 3335 spi-

260 3356 591 3426 πνευμάτων
634 3356 727 3410 καὶ
757 3357 859 3422 τῆς
888 3356 1209 3426 ἑρμηνείας.
1237 3355 1417 3425 Ὅπερ
1450 3353 1607 3415 εἰδὼς
1638 3355 1666 3405 ό
1696 3351 1841 3404 διδά-

1953 3354 2084 3406 ritus
2117 3362 2173 3407 et
2206 3354 2626 3423 interpretandi.
2654 3355 2811 3420 Quod
2843 3356 3152 3425 intelligens
3180 3356 3375 3411 doctor
3403 3357 3478 3412 ait
3505 3374 3520 3411 :

260 3447 460 3511 σκαλος
492 3448 620 3518 ἔφη,
662 3466 681 3498 ι
705 3448 850 3518 Πρὸς
878 3447 1152 3519 διάκρισιν
1186 3447 1279 3499 τοῦ
1311 3447 1633 3516 βελτίονος.»

1953 3458 1968 3490 ι
2016 3442 2098 3495 Ad
2160 3441 2588 3498 discernendum
2653 3459 2904 3514 quaenam
2960 3447 3312 3514 praestantior
3359 3449 3450 3505 sit.
3496 3467 3517 3501 ι

267 3627 382 3687 Τοῦ
408 3629 617 3697 αὐτοῦ,
669 3630 739 3684 ἐκ
785 3631 891 3684 τοῦ
934 3632 1020 3696 εὶς
1058 3630 1286 3699 Ἥρωνα
1329 3629 1435 3683 τὸν
1495 3630 1842 3697 φιλόσοφον

1953 3625 2221 3698 Ejusdem,
2270 3644 2335 3681 ex
2377 3645 2619 3683 sermone
2651 3632 2707 3684 in
2754 3631 3017 3686 Heronem
3046 3632 3431 3705 philosophum,
3464 3637 3522 3693 in
3592 3706 3596 3711 ρ

329 3721 543 3790 λόγου,
572 3726 660 3788 εις
696 3723 785 3776 τό’
819 3740 838 3773 ι
878 3721 1240 3792 Συμϐάματα
1298 3722 1396 3775 καὶ
1449 3718 1842 3789 παρασυμσὰ-

324 3832 485 3884 ματα
519 3815 652 3885 (67).
690 3833 708 3867 ρ

332 3904 607 3974 Σύμὸαμά
644 3905 760 3957 ἐστι
803 3902 948 3956 κατὰ
988 3903 1414 3972 γραμματικοὺς
1472 3902 1738 3974 πρότασις
1782 3899 1843 3966 ἐξ

234 3997 521 4068 ’ὀνόματος
571 3998 665 4050 καὶ
705 3999 948 4067 ῥήματος
999 3995 1266 4064 αὐτοτελῆ
1316 3996 1555 4050 διάνοιαν
1603 3995 1842 4066 ἀπαρτί-

259 4090 448 4155 ζουσα,
475 4091 661 4162 (260
694 4090 743 4158 ὁ)
779 4085 910 4155 οἷον,
943 4108 961 4140 ι
997 4088 1251 4153 Ἰωάννης
1277 4090 1624 4159 περιπατεῖ.»
1656 4089 1841 4157 Παρα-

263 4178 530 4249 σύμὸαμα
560 4178 618 4230 δέ.
649 4181 766 4231 ἐστι
794 4178 1060 4247 πρότασις
1088 4177 1147 4244 ἐξ
1176 4176 1440 4247 ὀνόματος
1470 4178 1567 4230 καὶ
1593 4177 1839 4248 ῥήματος

258 4267 362 4320 οὐκ
405 4265 666 4336 αὐτοτελῆ
719 4267 959 4321 διάνοιαν
1007 4266 1407 4336 άπαρτίζουσα,
1452 4260 1565 4318 οἷον
1616 4265 1838 4337 Ἰωάννῃ

263 4356 434 4426 μέλει.
475 4375 496 4408 s
530 4356 713 4426 Φήσας
739 4353 833 4409 οὖν
860 4373 965 4419 τις.
1002 4375 1021 4407 ι
1065 4357 1319 4426 Ἰωάννης
1349 4357 1659 4424 περιπατεῖ,
1698 4374 1716 4406 ι
1747 4356 1839 4408 ού-

256 4446 410 4510 δενδς
455 4447 644 4519 ἑτέρου
696 4446 921 4518 χρῄζειν
959 4447 1163 4512 ἔδειξεν
1193 4465 1207 4480 ·
1247 4447 1418 4502 εἰπὼν
1447 4448 1569 4514 δὲ,ι
1618 4448 1839 4520 Ἰωάννῃ

260 4538 474 4611 μέλει,ι
510 4538 638 4608 περὶ
664 4538 811 4601 τίνος
842 4538 991 4608 αὐτῷ
1033 4539 1185 4610 μέλ-ι
1218 4539 1549 4611 παρέλειψεν
1572 4541 1767 4595 εἰπεῖν.

2083 3717 2231 3791 illud
2246 3734 2265 3772 :
2306 3737 2325 3769 ι
2365 3717 2711 3791 Symbamata
2752 3730 2803 3775 et
2831 3724 3326 3794 parasymbamata.
3355 3745 3373 3777 ι

2014 3890 2306 3963 Symbama
2338 3893 2643 3950 secundum
2690 3899 3081 3968 grammaticos
3110 3911 3197 3959 est
3218 3905 3523 3974 propositio

1943 3999 2012 4039 ex
2056 3986 2281 4042 nomine
2326 3996 2385 4042 et
2434 3987 2605 4043 verbo
2649 3990 2960 4046 absolutam
3010 3996 3339 4052 sententiam
3383 4013 3519 4054 con-

1945 4079 2160 4145 ﬁciens,
2211 4090 2272 4137 ut
2321 4083 2637 4152 exemplum
2683 4084 2933 4150 atl'eram,
2988 4103 3007 4137 ι
3040 4087 3279 4144 Joannes
3329 4090 3519 4146 deam-

1940 4171 2117 4227 bulat.
2153 4192 2171 4226 ι
2221 4175 2646 4243 Parasymbama
2693 4184 2880 4231 autem
2945 4186 3034 4233 est
3085 4182 3394 4251 propositid
3451 4200 3519 4241 ex

1941 4268 2166 4321 nomine
2210 4275 2266 4323 et
2318 4268 2488 4323 verbo
2537 4284 2648 4325 non
2693 4270 3002 4327 absolutam
3050 4275 3349 4333 conﬁciens
3394 4294 3519 4335 sen-

1942 4358 2196 4422 tentiam,
2230 4367 2313 4421 ut,
2356 4378 2374 4411 ι
2407 4359 2604 4416 Joanni
2635 4375 2783 4416 curse
2816 4371 2922 4417 est.
2968 4382 2987 4415 ι
3021 4363 3209 4435 Itaque
3233 4383 3357 4423 cum
3393 4371 3517 4439 quis

1943 4447 2118 4502 dicit:
2156 4468 2175 4502 ι
2202 4449 2444 4506 Joannes
2470 4449 2807 4518 deambulat,
2845 4471 2864 4504 ι
2897 4453 3054 4509 nullo
3082 4456 3191 4510 alio
3220 4472 3344 4512 eum
3377 4474 3518 4529 opus

1953 4537 2161 4594 habere
2184 4548 2475 4617 monstrat,
2510 4556 2638 4597 cum
2665 4552 2874 4609 autem,
2908 4564 2926 4597 ι
2954 4545 3151 4601 Joanni
3195 4564 3341 4605 cura:
3380 4561 3465 4607 est
3489 4571 3509 4605 ι

1941 4631 2078 4703 quid
2127 4632 2177 4688 ei
2222 4648 2367 4689 curae
2413 4634 2488 4690 sit
2540 4633 2725 4691 dicere
2765 4637 2969 4692 omisit.

259 4805 378 4864 Τοῦ
406 4806 594 4863 αὑτοῦ
635 4807 705 4861 ἐκ
736 4807 844 4861 τοῦ
888 4808 976 4873 εἰς
1021 4805 1132 4862 τὸν
1162 4807 1335 4877 ἅγιον
1362 4809 1684 4865 Βασίλειον
1708 4810 1835 4867 ἐπι·

326 4900 566 4966 ταφίου,
603 4901 691 4964 εὶς
720 4898 806 4952 τό·
844 4916 862 4949 ι
913 4899 1033 4951 Ἐπ’
1068 4899 1320 4965 οὐδενὸς
1352 4895 1467 4955 οὖν
1493 4900 1614 4953 τῶν
1645 4901 1837 4957 ἀπάν-

326 5005 446 5042 των
464 4992 576 5044 οὐκ
600 4992 771 5044 ἐστιν
796 4989 888 5060 ἐφ’
917 4989 1031 5059 ὅτῳ
1055 4992 1190 5060 οὐχί
1223 4991 1342 5045 τῶν
1358 4991 1642 5046 ἁπάντων
1662 4993 1830 5066 (68).»

1935 4811 2194 4884 Ejusdem
2237 4829 2302 4868 ex
2340 4814 2547 4884 funebri
2580 4816 2636 4868 in
2682 4825 2926 4870 sanctum
2956 4816 3212 4872 Basiliam
3253 4823 3511 4890 oratione,

2007 4905 2063 4959 in
2106 4904 2242 4958 illud
2275 4922 2338 4961 τι
2376 4907 2436 4960 In
2470 4907 2626 4962 nulla
2665 4910 2826 4978 igitur
2869 4914 3023 4963 re‘ea:
3069 4912 3309 4968 omnibus
3355 4915 3514 4971 aliter

2010 4996 2200 5050 accidit
2251 4998 2380 5067 quin
2430 5000 2811 5053 incrementum
2860 5016 2925 5054 ea:
2980 5017 3038 5054 eo
3085 5003 3223 5072 quod
3270 5004 3514 5062 laudetur

2009 5088 2253 5157 accipiat.
2295 5106 2313 5138 ι

330 5165 455 5222 Ὀτι
489 5167 619 5221 ποτὲ
644 5185 728 5232 τις
762 5167 1084 5239 ἀποδέχεται
1115 5169 1223 5224 τῶν
1258 5162 1458 5239 καλῶν,
1512 5174 1632 5229 κατ’
1660 5176 1836 5229 ἐκεῖνο

2008 5156 2164 5243 Quod
2205 5178 2330 5247 quis
2362 5177 2653 5232 honestum
2701 5180 2917 5250 recipit,
2967 5156 3065 5252 puto
3093 5197 3161 5239 eo
3190 5184 3416 5241 omnino
3451 5193 3509 5243 et

326 5278 355 5359 ξ
385 5278 406 5335 Ι
450 5279 577 5337 Cor.
620 5299 730 5350 xw,
762 5285 852 5341 29.
922 5283 948 5324 δ
976 5286 1112 5342 ibid.
1140 5288 1231 5342 24.

1578 5360 1815 5418 νΑιυΑε
1853 5361 2254 5419 LECTIONES.

333 5422 379 5456 ⁸⁸
401 5419 787 5494 Apographum
822 5424 988 5481 habet
1014 5428 1437 5500 προφερόμενος.

331 5536 442 5625 (6η
457 5539 623 5625 ﬁreg.
646 5540 901 5625 Nania’nz.
927 5541 1077 5625 Orat.
1097 5546 1157 5625 in
1192 5547 1451 5625 Heronem
1480 5549 1673 5625 ξΙιίίοδ.
1703 5569 1819 5625 cap.
1998 5548 2091 5625 68)

457 5550 623 5626 11mg.
650 5550 901 5626 Nania’nz.
927 5550 1077 5626 Orat.
1097 5550 1157 5626 in
1192 5550 1451 5626 Heroden}
1480 5550 1673 5626 Elzilos.
1703 5569 1819 5625 cap.
1998 5550 2099 5626 68)_
2148 5551 2349 5626 Idem;
2385 5550 2475 5607 0r.
2533 5552 2717 5626 funebr
2741 5595 2754 5615 ,
2814 5556 2866 5626 in
2918 5555 3182 5626 Magnum
3248 5553 3506 5613 Basiliam

257 5616 392 5680 6,p.
418 5610 543 5665 458.
572 5619 704 5666 ιοιιι.
740 5612 760 5667 l
806 5612 944 5684 Opp.
973 5615 1062 5671 ed.
1095 5616 1297 5674 Bcncd.
1332 5618 1455 5690 (260
1486 5619 1569 5691 Β.)

1925 5638 2045 5693 cap.
2084 5623 2228 5693 l.,p.
2258 5620 2376 5678 770.
2413 5620 2546 5679 tom.
2576 5624 2594 5678 Ι
2620 5622 2759 5719 Ουινἐ
2798 5625 2887 5681 ed.
2913 5620 3125 5685 Βυιίριι.
