3946 6206
548 229 686 297 1407

1718 244 1785 304 S.
1825 244 2115 305 ΜΑΧῙΜΙ
2155 244 2673 309 CONFESSORIS

3579 256 3673 322 Illi

539 345 946 404 incrementum
999 349 1129 407 facit
1156 360 1213 407 et
1237 353 1321 410 eis
1358 370 1481 425 quae
1511 354 1580 411 de
1608 355 1715 412 isto
1757 359 2109 428 praedicantul

2196 402 2200 418 .
2235 360 2459 424 πάντως
2482 361 2574 415 καὶ
2597 363 2834 416 ποιεῖται
2864 362 2963 425 τὴν
2998 363 3227 418 ἐπίδοσιν
3262 367 3346 421 καὶ
3372 372 3465 433 τοῖς
3491 375 3587 443 περὶ
3607 380 3673 430 αὑ-

539 445 732 506 apertc
757 438 975 493 laetatur
1001 450 1056 495 et
1088 442 1375 498 invitatur.
1401 445 1646 501 Laetatur
1667 446 1894 516 quidem
1929 458 2127 505 auctus

537 524 727 579 animo
783 527 960 613 utje
1012 546 1072 585 re
1125 540 1301 603 grata,
1351 534 1621 590 invitatur
1661 551 1794 591 vero
1837 537 1907 593 ad
1951 540 2129 610 majus

538 616 947 674 incrementum
997 620 1127 676 inde
1185 624 1541 693 capiendum,
1592 642 1659 681 ex
1696 628 1862 683 laude
1908 645 1974 685 ea
2007 646 2126 686 ma-

532 706 711 777 jorem
740 710 1037 779 impulsum
1071 714 1376 785 accipiens.
1412 736 1430 767 ι
1454 716 1699 784 Quarum
1730 720 1879 775 enim
1915 737 2124 787 rerum,

537 797 720 868 inquit
758 802 1044 871 magister.
1076 805 1272 861 laudes
1315 808 1466 874 novi,
1496 825 1687 865 earum
1719 828 1942 883 quoque
1977 815 2126 870 haud

535 885 706 943 dubie
740 889 1080 949 incrementa
1099 897 1384 964 explorata
1417 898 1617 965 habeo,
1647 918 1665 952 ι
1696 901 1803 956 hoc
1838 911 1946 966 est,
1975 901 2125 969 Qua-

536 993 663 1032 rum
701 996 889 1035 rerum
939 984 1134 1041 laudes
1181 988 1332 1053 novi,
1378 990 1545 1044 etiam
1584 991 1872 1048 hominum
1904 994 1999 1064 qui
2030 1011 2124 1052 eas

531 1070 820 1140 accipiunt
866 1076 1164 1133 manifesto
1191 1079 1261 1134 ad
1290 1081 1552 1137 virtutem
1598 1083 1939 1142 incrementa
1969 1088 2120 1143 novi.

532 1159 792 1219 Omnium
815 1166 985 1235 igitur
1019 1185 1205 1224 rerum
1231 1172 1493 1229 videlicet
1511 1175 1773 1233 laudibus
1801 1190 2120 1236 ornatarum

531 1254 684 1308 nulla
732 1265 819 1311 est
864 1259 1093 1315 omnino
1128 1261 1197 1316 de
1230 1279 1337 1333 qua
1380 1280 1493 1320 non
1537 1282 1732 1322 eorum
1779 1270 1875 1338 qui
1923 1270 1991 1326 iis
2030 1271 2123 1327 la!-

532 1352 722 1400 tantur
764 1348 1169 1407 incrementum
1207 1356 1491 1424 invenias;
1541 1360 1627 1414 vel
1675 1375 1802 1415 cum
1846 1362 1899 1416 in
1949 1378 2119 1433 supe-

468 1420 472 1423 Δ
533 1436 780 1494 rioribus
815 1443 1080 1512 magister
1131 1446 1232 1500 tria
1286 1451 1689 1518 proposuisset,
1733 1454 2113 1524 semetipsum,

532 1540 842 1593 sermones,
888 1532 1116 1588 virtutis
1166 1536 1509 1602 laudatores,
1553 1539 1608 1593 in
1661 1541 1750 1596 his
1793 1545 2116 1613 complexus

530 1626 819 1673 oratorum
866 1637 1019 1678 more
1073 1626 1363 1695 explicuit,
1414 1630 1834 1689 inductionibus
1885 1636 1953 1692 ad
2012 1637 2114 1692 ista

530 1709 640 1765 tria
681 1715 1137 1782 accommodatis,
1184 1719 1252 1775 de
1306 1724 1605 1793 semetipso
1652 1726 1809 1795 prius
1854 1743 2116 1786 enarrare

529 1797 825 1869 incipiens,
883 1804 1084 1861 deinde
1131 1824 1232 1878 per
1276 1813 1491 1868 medios
1535 1816 1761 1874 virtutis
1796 1819 2117 1878 laudatores

527 1903 886 1960 percurrens,
936 1895 990 1951 in
1023 1913 1313 1958 sermones
1356 1904 1476 1960 illas
1508 1912 1944 1978 consummavit;
1988 1928 2116 1969 eum

526 1994 917 2052 argumentum
946 1988 1015 2042 ad
1063 1999 1314 2047 sanctum
1347 1995 1609 2052 Basiliqu
1640 2003 2115 2059 accommodatum

524 2078 583 2125 et
622 2073 726 2141 ipsi
757 2079 1103 2139 conveniret,
1139 2091 1200 2135 ut
1246 2085 1530 2155 magistro,
1573 2099 1632 2145 et
1660 2093 1936 2149 sermonis
1985 2110 2116 2166 pro-

523 2163 730 2232 posito,
782 2177 840 2223 et
899 2172 1242 2229 amatoribus
1291 2175 1538 2241 virtutis,
1591 2183 1679 2237 vel
1730 2163 2115 2244 laudatoribus

520 2256 666 2326 ejus,
692 2256 1090 2329 desideratum,
1113 2280 1238 2335 qute
1261 2283 1423 2324 nosse
1442 2268 1763 2329 desiderant
1783 2276 2111 2334 incrementi

524 2345 580 2402 in
618 2348 880 2406 virtutem
916 2369 1018 2424 per
1044 2355 1411 2415 imitationem
1438 2364 1584 2433 capti
1615 2366 1829 2432 modos,
1867 2370 2113 2441 ipsisque

521 2442 877 2499 sermonibus
920 2457 1380 2518 consentaneum,
1432 2464 1625 2525 utpote
1666 2463 2111 2529 praestantiarum

520 2529 752 2588 virtutis
819 2539 1392 2599 commendatoribus.
1450 2546 1749 2605 Enimvero
1812 2553 2113 2624 cujuslibet

521 2618 765 2679 hominis
816 2627 928 2681 vita
992 2631 1299 2689 secundum
1364 2636 1539 2693 Deum
1590 2640 1857 2697 laudabili
1881 2618 2107 2712 vernali,

520 2706 581 2764 in
638 2712 836 2780 primis
876 2730 1011 2771 vero
1038 2718 1228 2775 Basilii
1258 2725 1465 2796 egregii
1518 2728 1691 2797 illius,
1736 2732 1854 2787 sive
1889 2750 2108 2792 omnem

523 2806 821 2873 complecti
863 2813 1168 2879 potuerint,
1212 2825 1269 2871 et
1290 2828 1554 2889 tanquam
1576 2825 1758 2879 vivam
1792 2836 1849 2883 et
1895 2830 2109 2886 anima-

521 2900 635 2950 tam
670 2897 899 2955 virtutis
929 2906 1272 2963 amatoribus
1322 2911 1602 2983 subjicere
1647 2916 1966 2990 imaginem,
1992 2921 2108 2979 sive

522 3002 634 3043 non
689 2994 973 3060 potuerint
1020 2996 1088 3051 ad
1120 2998 1290 3071 hujus
1319 3006 1757 3075 magnitudinem
1790 3023 2104 3081 penetrare,
2135 3031 2178 3090 α

521 3080 578 3137 in
623 3082 776 3137 nulla
819 3085 990 3156 igitur
1022 3104 1083 3143 re
1114 3105 1181 3145 ex
1208 3094 1492 3162 omnibus,
1531 3106 1589 3152 et
1632 3114 1889 3158 sermone
1934 3112 1990 3159 et
2026 3106 2111 3160 lo-

521 3184 728 3240 quente
761 3184 821 3230 et
864 3176 1148 3245 audiente,
1197 3182 1361 3239 aliter
1386 3187 1592 3243 accidit
1628 3192 1763 3260 quin
1793 3198 2109 3265 argumenti

518 3275 914 3322 ornamentum
953 3274 1353 3330 convenienter
1379 3278 1696 3352 participet,
1728 3285 1814 3340 vel
1849 3293 1910 3341 ut
1940 3288 2107 3357 paulo

517 3370 687 3427 supra
729 3364 1052 3419 accuratius
1093 3368 1389 3437 quaesitum
1427 3381 1534 3429 est.

515 3704 774 3779 Ejusdem
829 3730 894 3768 ea:
941 3721 1287 3785 carminibus,
1342 3724 1397 3778 in
1451 3725 1635 3782 illud:
1680 3746 1698 3779 ι
1744 3729 1901 3785 Ludit
1955 3734 2095 3787 enim

584 3816 789 3858 summa
808 3808 946 3860 ratio
973 3813 1286 3867 omnimodis
1307 3815 1520 3887 ﬁguris,
1542 3820 1847 3878 discernens
1861 3825 2096 3895 qualibet

587 3892 843 3947 mundum
865 3911 1021 3952 suum
1058 3901 1180 3955 hinc
1212 3910 1261 3956 et
1282 3902 1449 3963 illinc.
1489 3927 1509 3960 ι

583 3999 817 4067 Quando
842 4015 1026 4063 mente
1053 4012 1225 4065 veluti
1261 4028 1361 4083 per
1382 4015 1582 4085 januas
1610 4020 1875 4087 quasdam
1899 4036 2093 4076 eorum

512 4108 636 4162 quae
657 4096 921 4152 videntur
947 4099 1014 4154 ad
1048 4102 1446 4162 intellectualia
1471 4111 1698 4180 trajecta
1743 4113 1860 4167 sola
1895 4112 2003 4169 llde
2037 4115 2093 4167 in

513 4182 712 4251 spiritu
737 4200 968 4257 magnus
999 4190 1167 4247 David
1197 4211 1227 4249 a
1271 4195 1459 4253 divina
1490 4201 1766 4270 sapientia
1800 4205 2096 4273 quamdam

512 4273 897 4342 mysteriorum
920 4295 1043 4349 qua:
1065 4284 1288 4353 quidem
1314 4286 1639 4345 hominibus
1662 4291 1938 4364 attingere
1968 4294 2096 4349 licet

515 4361 1026 4434 interpretationem
1054 4375 1295 4445 accepit,
1318 4387 1458 4445 tum,
1491 4391 1649 4451 puto,
1682 4384 1761 4438 ait
1863 4385 2094 4458 Abyssus

514 4452 753 4524 abyssum
786 4460 993 4517 invocat
1024 4466 1081 4519 in
1120 4483 1297 4522 vocem
1329 4480 1735 4530 cataractarum
1782 4484 2000 4533 tuarum
2031 4478 2048 4518 ί
2081 4500 2094 4536 :

515 4543 599 4599 his
653 4546 887 4606 fortasse
937 4554 1257 4625 signiﬁcans
1308 4576 1528 4617 omnem
1566 4576 1810 4622 mentem
1847 4579 2101 4626 contem-

512 4636 770 4704 plativam
795 4684 809 4705 ,
842 4659 910 4699 eo
944 4649 1095 4717 quod
1128 4655 1459 4712 naturaliter
1493 4658 1791 4717 invisibilis
1825 4663 1897 4719 sit
1930 4672 1988 4719 et
2025 4666 2097 4720 ob

510 4725 942 4792 profunditatem
964 4749 1021 4792 et
1038 4740 1455 4802 multitudinem
1474 4748 1874 4817 cogitationum
1896 4755 2097 4827 abysso

510 4814 770 4886 similem,
797 4835 1089 4897 postquam
1116 4834 1431 4894 universam
1459 4856 1653 4896 earum
1679 4860 1803 4914 qure
1827 4847 2095 4904 videntur

512 4922 699 4965 rerum
732 4918 1188 4979 constitutionem
1223 4936 1279 4982 et
1315 4931 1569 4988 ordinem
1616 4938 1901 5007 trajecerit
1934 4950 1989 4996 et
2036 4942 2092 4998 in

511 4997 968 5066 intellectualium
1028 5016 1311 5086 regionem
1363 5029 1721 5095 pervenerit,
1778 5032 2117 5103 horumque’

511 5088 768 5150 decorem
793 5103 1102 5181 secundum
1129 5107 1291 5167 {idem
1316 5129 1512 5173 rursus
1530 5129 1712 5175 motus
1736 5122 2092 5181 vehementia

590 5208 604 5249 ί
645 5210 760 5267 Pal.
793 5231 901 5282 xu,
932 5175 1022 5278 8..

2229 451 2323 505 τοῦ
2350 451 2666 523 λεγομένοις
2684 452 2843 522 δῆλον
2868 452 3052 524 ἥδεται
3079 456 3168 508 καὶ
3193 458 3548 528 παρακαλεῖται.
3566 466 3674 519 Ἥὸε-

2228 561 2319 597 ται
2359 545 2458 614 μὲν
2491 543 2923 615 προστιθέμενος
2955 545 3102 616 αὐτῷ
3147 547 3295 601 πλέον
3319 549 3440 604 κατὰ
3473 552 3607 635 ψυχὴν
3626 558 3675 620 ὡς

2228 635 2552 708 καταθυμὶῳ
2605 636 2915 707 πράγματι,
2963 639 3336 709 παρακαλεῖται
3380 642 3429 695 δὲ
3475 645 3553 714 τῆς
3591 650 3673 701 κατ’

2227 726 2358 779 αὐτὸ
2387 727 2629 790 πλείονος
2659 727 2977 793 ἐπιδόσεως,
3006 731 3069 784 ἐκ
3099 731 3189 785 τοῦ
3217 733 3331 802 περὶ
3354 735 3493 788 αὐτοῦ
3517 737 3675 808 δεχόμε-

2226 834 2315 879 νος
2345 816 2571 870 ἐπαίνου
2603 815 2824 886 μείζονα
2874 825 3205 892 προτροπὴν.
3232 840 3250 874 ι
3275 816 3365 876 Ὧν
3390 825 3499 895 γὰρ,
3522 828 3676 896 φησὶνὸ

2225 903 2567 972 διδάσκαλος,
2595 908 2721 971 τοὺς
2765 908 3024 971 ἐπαίνους
3069 905 3201 975 οἶδα,
3244 912 3426 967 τούτων
3446 916 3593 984 σαφῶς
3614 920 3676 971 καὶ

2224 993 2517 1062 ἐπιδόσεις,
2573 1015 2592 1049 ι
2645 999 2944 1064 τουτέστιν,
2993 992 3068 1054 ὧν
3117 997 3228 1056 οἴδα
3271 1006 3556 1075 πραγμάτων
3592 1011 3677 1072 τοὺς

2224 1084 2503 1152 ἐπαίνους,
2555 1089 2650 1142 καὶ
2704 1089 2815 1143 τῶν
2848 1091 3257 1163 ἀποδεχομένων
3293 1096 3417 1149 αὐτὰ
3440 1099 3586 1164 σαφῶς
3611 1100 3675 1153 ἁν-

2224 1174 2460 1247 θρὼπων
2478 1180 2581 1243 τὰς
2601 1182 2683 1244 εἰς
2707 1182 2911 1254 ἀρετὴν
2935 1184 3218 1249 ἐπιδόσεις,
3241 1187 3389 1257 ἤγουν
3415 1190 3673 1261 ἐπαυεήσεις,

2221 1268 2544 1339 ἐπίσταμαι.
2587 1271 2703 1325 Ἐπ’
2747 1272 2962 1337 οὐδενὸς
2997 1270 3092 1328 οὖν
3123 1275 3226 1329 τῶν
3263 1279 3553 1349 πραγμάτων
3583 1283 3675 1334 πᾶν·

2219 1377 2327 1414 των
2358 1360 2601 1432 δηλονότι
2630 1363 2739 1417 τῶν
2773 1366 3179 1436 ἐπαινουμένων
3199 1368 3293 1423 οὐκ
3315 1372 3445 1424 ἐστιν
3476 1373 3544 1441 ἐφ’
3575 1366 3675 1441 ᾧτινι

2218 1454 2340 1525 οὐχὶ
2394 1455 2616 1519 πάντως
2659 1457 2768 1510 τῶν
2818 1459 2907 1511 ἐπ’
2932 1457 3119 1520 αὐτοῖς
3155 1460 3409 1531 ἡδομένων
3445 1463 3588 1534 εὕροις
3611 1467 3675 1536 τὴν

2218 1545 2523 1617 ἐπαύξησιν
2542 1560 2557 1575 °
2592 1546 2624 1618 ἢ
2649 1547 2837 1618 ἐπειδὴ
2865 1548 2995 1619 τρία
3019 1549 3236 1621 προθεὶς
3252 1552 3278 1604 ὁ
3296 1550 3561 1616 διδάσκαλος
3581 1555 3675 1607 ἀνω·

2218 1637 2386 1708 τέρω,
2421 1638 2634 1704 ἐαυτὸν,
2669 1640 2798 1703 τοὺς
2833 1639 3048 1708 λόγους,
3096 1642 3219 1707 τοὺς
3259 1643 3352 1712 τῆς
3383 1643 3547 1714 ἀρετῆς
3570 1645 3676 1697 ἐπαι-

2219 1730 2400 1793 νέτας,
2433 1732 2492 1784 ἐν
2523 1730 2738 1795 τούτοις
2770 1732 3091 1803 περιλαϐὼν
3119 1733 3254 1787 κατὰ
3280 1735 3486 1806 ῥήτορας
3505 1735 3676 1805 ἐξήπλω-

2206 1833 2300 1882 σε,
2330 1818 2428 1881 τὰς
2456 1819 2754 1887 ἐπαγωγὰς
2806 1824 2921 1885 τοῖς
2973 1822 3154 1893 τρισὶν
3207 1823 3508 1894 ἐφαρμόσας,
3549 1823 3677 1887 ulli

2219 1904 2415 1958 ἐαυτοῦ
2444 1906 2710 1977 πρότερον
2739 1906 2840 1977 τῆς
2873 1909 3181 1972 ἀποδόσεως
3204 1910 3499 1982 ἀρξάμενος,
3518 1907 3604 1964 εἶτα
3619 1912 3675 1963 διὰ

2221 1996 2402 2066 μέσων
2427 1997 2537 2050 τῶν
2566 1999 2765 2069 ἀρετῆς
2792 2001 3105 2055 ἐπαινετῶν
3130 2002 3361 2067 διελθὼν,
3397 2005 3465 2066 εἱς
3498 2004 3593 2065 τοὺς
3622 2002 3677 2053 λό-

2217 2103 2346 2154 γους
2374 2086 2545 2149 αύτὰς
2566 2089 2906 2159 ἐπλήρωσεν,
2954 2090 3029 2155 ὡς
3062 2093 3160 2163 τῆς
3191 2093 3325 2147 κατὰ
3369 2094 3446 2145 τὸν
3469 2093 3587 2162 ἆγιον
3610 2093 3676 2144 Ba-

2219 2177 2419 2232 σίλειον
2452 2179 2764 2244 ὑποθέσεως
2794 2184 2890 2237 καὶ
2948 2184 3101 2255 αὐτῷ
3155 2186 3465 2256 πρεπούσης,
3492 2187 3550 2248 ὡς
3582 2185 3677 2237 διδα·

2218 2269 2422 2336 σκάλῳ,
2473 2270 2570 2323 καὶ
2627 2270 2722 2325 τοῦ
2795 2273 2955 2340 λόγου
3018 2276 3448 2347 προὸεϐλημένῳ,
3491 2277 3564 2328 καὶ
3602 2277 3678 2335 τοῖς

2217 2357 2411 2428 (261
2452 2359 2520 2425 a)
2554 2360 2811 2427 ἀγαπῶσι
2858 2363 2957 2429 τὴν
3012 2364 3237 2435 ἀρετὴν,
3280 2364 3432 2435 ἤγουν
3456 2366 3546 2426 τοῖς
3566 2363 3679 2431 αὐτῆς

2213 2445 2554 2512 ἐπαινέταις,
2584 2449 2995 2521 πεποθημένης,
3056 2449 3147 2507 οἷα
3182 2453 3393 2507 ποθοῦσι
3416 2453 3577 2522 γνῶναι
3598 2452 3679 2514 τώς

2210 2536 2447 2607 τρόπους
2488 2538 2587 2610 τῆς
2629 2540 2718 2595 διὰ
2756 2543 3044 2613 μιμήσεως
3085 2546 3167 2609 εις
3216 2545 3404 2617 ἀρετὴν
3453 2544 3679 2606 ἐπιδόσεως,

2212 2628 2448 2692 καὶτοῖς
2490 2629 2674 2699 λόγοις
2712 2632 2898 2698 αὐτοῖς
2927 2635 3295 2708 ἁρμοζούσης,
3344 2637 3412 2701 ὡς
3450 2639 3681 2707 tato:on-

2211 2724 2327 2784 κοῖς
2355 2720 2463 2775 τῶν
2493 2724 2619 2776 κατ’
2653 2724 2854 2796 ἀρετὴν
2883 2726 3092 2783 καλῶν.
3126 2729 3325 2793 Παντὸς
3350 2728 3437 2799 μὲν
3455 2728 3531 2783 οὖν
3554 2727 3695 2796 ἀνδρὸς

2213 2810 2326 2881 βίον
2355 2812 2571 2884 ἔχοντος
2607 2815 2751 2870 κατὰ
2788 2816 2923 2873 Θεὸν
2976 2819 3381 2892 ἐπαινούμενον,
3425 2820 3614 2890 μάλιστα
3647 2817 3681 2869 δὲ

2210 2903 2498 2959 Βασιλείου
2530 2905 2628 2960 τοῦ
2659 2909 2822 2975 πάνυ,
2855 2910 2959 2964 κᾶν
2985 2929 3049 2966 τε
3101 2912 3361 2984 δυνηθῶσι
3392 2913 3545 2966 πᾶσαν
3581 2926 3683 2980 nept-

2210 2995 2417 3062 λαϐεῖν,
2443 2998 2538 3051 καὶ
2570 2998 2759 3072 ὥσπερ
2812 3003 3001 3058 εἰκόνα
3028 3003 3213 3069 ζῶσαν
3249 3005 3340 3058 καὶ
3380 3004 3580 3073 ἔμψυχον
3600 3002 3686 3054 ὗπυν

2209 3086 2380 3154 δεῖξαι
2406 3093 2520 3155 τοῖς
2550 3093 2812 3164 ἐρασταῖς
2842 3094 2942 3166 τὴν
2984 3095 3085 3151 τοῦ
3123 3096 3312 3168 ἀνδρὸς
3336 3094 3527 3167 ἀρετὴν,
3555 3094 3629 3149 κᾶν
3648 3108 3685 3143 τε

2213 3178 2288 3251 μὴ
2310 3179 2582 3250 δυνηθῶσι
2608 3181 2702 3236 τοῦ
2725 3183 2931 3256 ταύτης
2954 3186 3245 3254 ἐφικέσθαι
3272 3186 3524 3256 μεγέθους,
3549 3182 3615 3236 ἐπ’
3629 3181 3687 3234 οὑ-

2206 3267 2358 3333 δενὺς
2385 3265 2480 3324 οὖν
2508 3271 2608 3324 οὐκ
2641 3271 2759 3326 ἐστι
2788 3273 2899 3327 τῶν
2937 3275 3220 3337 ἁπάντων,
3246 3277 3338 3330 καὶ
3382 3276 3520 3343 λόγου
3546 3271 3619 3326 καὶ
3633 3270 3689 3322 λέ-

2210 3374 2400 3428 γοντος
2426 3363 2522 3416 καὶ
2545 3363 2862 3429 ἀκούοντος,
2897 3366 2983 3435 ἐφ’
3030 3359 3186 3434 ᾧτινι
3228 3367 3286 3421 τὸ
3337 3368 3429 3437 τῆς
3460 3363 3689 3421 ὑποθέσεως

2126 3459 2139 3465 ’
2212 3455 2378 3508 καλὸν
2411 3456 2512 3526 οὐχ
2541 3457 2798 3527 ἁρμόσει,
2831 3458 2863 3531 ἢ
2897 3460 3083 3525 καθὼς
3110 3462 3362 3534 ἀνωτέρω
3393 3456 3687 3531 ἀκριϐέστερον

2214 3547 2416 3617 μᾶλλον
2443 3548 2758 3621 ἐξήτασται.

2206 3728 2318 3785 Τοῦ
2356 3726 2547 3781 αὑτοῦ
2591 3728 2661 3782 ἐκ
2710 3728 2830 3783 τῶν
2892 3730 3078 3801 ἐπῶν,
3110 3738 3199 3801 εἰς
3241 3736 3306 3789 τό
3327 3753 3340 3767 ο
3365 3753 3382 3786 ι
3436 3731 3594 3793 Παίζει
3621 3730 3691 3800 τὰρ

2272 3824 2455 3890 λόγος
2483 3821 2665 3885 αἰπὺς
2690 3823 2759 3875 ὲν
2780 3823 2969 3878 εἴδεσι
3004 3827 3454 3890 παντοδαποῖσι,
3477 3821 3692 3894 κρίνας”υ

2272 3911 2355 3977 ὡς
2398 3910 2601 3967 ἐθέλοι
2635 3912 2703 3977 ⁸⁸,
2727 3914 2964 3982 κόσμον
2988 3913 3097 3968 ἐὸν
3115 3916 3162 3948 ⁸⁸
3195 3916 3338 3971 ἔνθα
3356 3916 3445 3969 καὶ
3472 3908 3693 3981 ἕνθιι(69).

2287 4022 2478 4077 Ἥνίκα
2508 4023 2600 4077 τὸν
2629 4023 2756 4077 νοῦν
2783 4025 2860 4089 ὡς
2896 4025 2988 4080 διὰ
3020 4013 3292 4100 κλείθρων
3319 4027 3470 4082 τινῶν
3495 4025 3584 4079 τῶν
3608 4020 3697 4090 cat?

2201 4115 2446 4185 νομένων
2468 4116 2497 4166 ό
2533 4116 2709 4186 μέγας
2731 4117 2899 4171 Δαὸὶδ
2936 4120 3084 4174 κατὰ
3117 4122 3289 4191 μόνην
3314 4121 3481 4174 πίστιν
3504 4119 3552 4170 ἐν
3581 4114 3695 4168 ιτνεὺ-

2204 4226 2333 4279 ματι
2371 4210 2506 4281 πρὸς
2542 4210 2612 4263 τὰ
2633 4210 2801 4280 νοητὰ
2825 4212 3087 4278 διελάσας
3110 4214 3330 4279 ἐδέξατό
3360 4230 3473 4268 τινα
3496 4208 3617 4278 παρὰ
3634 4206 3699 4275 τῆς
3796 4248 3797 4263 χ

2203 4302 2359 4365 θείας
2389 4304 2604 4372 ισοφεας
2659 4302 2772 4357 τῶν
2822 4306 3064 4372 ἐφικτῶν
3112 4308 3417 4381 ἀνθρώποις
3462 4300 3699 4377 μυστηρίων

2199 4394 2463 4464 ἔμφασιν,
2519 4396 2662 4459 τότε,
2713 4396 2966 4467 καθάπερ
3023 4396 3207 4468 οἶμαι,
3265 4400 3439 4471 φησὶν,
3473 4396 3699 4453 Ἀὅυσσσς

2196 4488 2477 4542 ἄϐυσσον
2521 4487 2893 4542 ἐπικαλεῖται
2943 4493 3031 4556 εἷς
3069 4492 3287 4560 φωνὴν
3332 4470 3445 4544 τῶν
3482 4484 3696 4553 καταρῤα·
3796 4470 3797 4551 l

2198 4579 2360 4632 κτῶν
2385 4594 2503 4632 σου
2526 4596 2539 4610 ο
2598 4578 2810 4643 τούτοις
2861 4582 3023 4651 τυχὸν
3056 4583 3478 4654 ἐνδεικνύμενος,
3518 4581 3586 4632 ὅτι
3623 4573 3695 4634 πᾶς

2199 4668 2326 4732 νοῦς
2364 4669 2720 4740 θεωρητικὸς.
2756 4670 2845 4724 διὰ
2869 4687 2927 4724 τε
2966 4672 3027 4725 τὸ
3056 4673 3204 4727 κατὰ
3234 4674 3393 4743 φύσιν
3419 4670 3615 4740 ἀόρατον
3638 4661 3698 4715 καὶ

2198 4760 2261 4813 τὸ
2300 4759 2462 4829 βάθος
2493 4759 2588 4812 καὶ¹
2624 4759 2829 4829 πλῆθος
2854 4761 2965 4813 τῶν
2994 4767 3290 4834 νοημάτων
3316 4762 3521 4830 ἀϐύσσῳ
3546 4768 3700 4825 παρεω-

2200 4853 2333 4915 κὼς,
2368 4851 2586 4905 ἐπειδὰν
2608 4850 2716 4905 τῶν
2746 4854 3089 4922 φαινομένων
3115 4854 3311 4918 διαὸἁς
3338 4855 3507 4907 πᾶσαν
3528 4850 3608 4916 τὴν
3624 4844 3700 4896 δισ-

2201 4944 2495 5014 κόσμησιν,
2528 4941 2624 4996 καὶ
2652 4943 2731 5005 εἰς
2762 4942 2863 5013 τὴν
2890 4942 2999 4996 τῶν
3032 4943 3245 5014 νοητῶν
3268 4944 3443 5015 χώραν
3462 4940 3697 5009 γενόμενυς.

2200 5036 2295 5089 καὶ
2323 5035 2530 5089 τούτων
2558 5034 2721 5089 πάλιν
2754 5035 2900 5088 κατὰ
2927 5036 3112 5088 πίστιν
3148 5036 3229 5107 τῷ
3262 5035 3465 5105 σφοδρῷ
3497 5032 3580 5100 τῆς
3602 5022 3701 5088 πωνή·

2199 5142 2341 5189 σεως
2397 5124 2643 5196 ὑπερϐὰς
2698 5125 2799 5194 τὴν
2850 5126 3216 5198 εὐπρέπειαν,
3277 5127 3361 5195 ἐφ’
3407 5120 3577 5178 ἐαυτὸν
3616 5113 3698 5181 πῇ.

1811 5303 2044 5359 VARI/ﬁ
2084 5301 2494 5361 LECTIONES.

514 5432 551 5451 ρ-
586 5366 636 5400 ⁸⁸
652 5368 860 5451 ρέίῃθυ
899 5376 997 5451 8d;
1021 5381 1248 5451 Κιρνάς.

512 5440 643 5490 item
678 5440 867 5501 ἐθέλοι.

513 5505 738 5563 :imum.

1356 5385 1404 5419 ”
1433 5385 1639 5444 Caillau
1673 5389 1864 5454 ἐθέλει,
1893 5395 2039 5463 quod
2068 5395 2231 5449 tertio
2262 5395 2382 5449 loco
2420 5400 2475 5447 et
2506 5391 2645 5448 infra
2675 5394 2815 5461 apud
2870 5396 3167 5478 Maximum
3211 5407 3418 5481 exstat,
3454 5393 3537 5481 sed
3564 5390 3699 5481 alte?

1356 5456 1589 5481 ιρηζιι---
1640 5459 1769 5481 nu“.
1800 5462 1867 5481 In,
1922 5466 1933 5477 ο
2059 5466 2080 5481 ι-
2147 5466 2157 5477 ο
2246 5474 2258 5481 .
2332 5462 2392 5481 -j
2459 5463 2525 5481 II,
2564 5480 2569 5481 ,
2625 5464 2729 5481 [ιιι-ν
2772 5475 2808 5481 γ-
2837 5466 2873 5481 n
2967 5469 2979 5481 ι

961 5450 1009 5484 ⁸³
1043 5450 1163 5507 ὅλον
1190 5454 1363 5511 edidit
1383 5456 1612 5513 Caillau.
1639 5459 1774 5515 Cum
1796 5450 2029 5520 Maximo
2057 5466 2265 5520 faciunt
2292 5462 2416 5518 cod.
2456 5463 2590 5534 Reg.
2625 5450 2731 5520 993
2758 5475 2815 5519 et
2833 5450 3511 5540 Coislifapudveailorcm
3564 5457 3699 5516 novis-

589 5618 700 5691 (σο)
747 5622 905 5697 Greg.
938 5628 1192 5689 Nazianz.
1227 5635 1496 5711 Prwcepta
1527 5642 1597 5697 ad
1633 5645 1763 5717 virg.
1802 5662 1850 5702 v.
1887 5647 2034 5717 599.,
2075 5663 2129 5719 p.
2157 5647 2283 5720 372,
2317 5651 2529 5715 tomJl
2553 5649 2695 5726 Opp.
2723 5652 2853 5711 edit.
2887 5652 3094 5713 Bened.
3119 5639 3137 5652 ‘
3193 5694 3215 5712 .
