3946 6206
288 290 430 358 1409

1499 238 2019 358 ᾹΜΒΙΘΙΙΟΠΗΜ
2058 302 2308 367 LIBER.

3403 323 3540 393 1410

287 401 556 472 πεπηγὼς
592 405 910 459 παντάπασι
946 404 1041 459 καὶ
1072 404 1351 476 ἀκίνητος,
1381 404 1470 459 διὰ
1501 406 1601 477 τὴν
1642 405 1832 459 πάντω

1966 416 2335 481 superaverit,
2361 418 2586 490 jamque
2614 421 2673 478 in
2707 438 2766 479 se
2810 424 2931 495 ipsa
2962 436 3108 494 stet,
3159 430 3262 487 lixa
3306 449 3542 504 prorsus

284 490 560 559 διάϐασιν,
597 495 899 566 τηνικαῦτα
933 495 1031 567 τὴν
1069 496 1219 550 Θείαν
1243 496 1475 559 δεόντως
1514 496 1862 551 ἐπικαλεῖται

289 584 503 652 σοφίιν,
533 586 633 657 τὴν
652 586 822 649 ὅντως
847 605 906 640 τε
932 588 1026 641 καὶ
1057 587 1271 658 ἀληθῶς
1305 587 1483 659 (26],
1514 588 1565 649 b)
1597 588 1740 641 κατὰ
1763 588 1863 659 τὴν

283 670 489 740 γνῶσιν
518 674 851 745 ἀδιεξίτητον
879 677 1137 743 ἄϐυσσον,
1163 677 1346 748 φωνὴν
1371 677 1519 748 αὑτῷ
1543 677 1725 731 δοῦναι
1751 678 1861 731 τῶν

285 764 447 817 θείων
479 767 898 837 καταρῤακτῶν,
956 768 1069 820 ἀλλ’
1109 769 1209 821 οὑκ
1246 770 1446 831 αὐτοὺς
1496 770 1622 831 τοὺς
1654 769 1860 839 καταρ-

286 852 519 921 ράκτας,
561 856 696 927 ὅπερ
728 857 877 911 ἐστὶν
909 857 1150 928 ἕμφασίν
1195 876 1320 913 τινα
1350 859 1586 922 πίστεως
1620 876 1858 927 γνωστι-

281 947 388 1016 κὴν
417 948 526 1001 τῶν
554 951 683 1021 περὶ
711 950 771 1003 τὸ
804 953 915 1005 πᾶν
945 955 1043 1022 τῆς
1073 953 1225 1016 θείας
1267 953 1523 1023 προνοίας
1550 952 1764 1024 τρόπων
1796 969 1856 1005 τε

278 1044 372 1096 καὶ
425 1042 599 1112 λόγων
655 1045 822 1099 αίτῶν
883 1041 1267 1111 ὑποδέξασθαι,
1310 1046 1378 1100 δι’
1421 1041 1489 1118 ἦς
1551 1046 1854 1117 μνησθῆναι

277 1131 570 1203 δυνήσεται
590 1134 683 1187 τοῦ
715 1135 851 1190 Θεοῦ
871 1138 932 1190 ὲκ
953 1137 1056 1207 γῆς
1094 1138 1354 1208 Ἰορδάνου
1380 1140 1473 1191 καὶ
1514 1138 1850 1209 Ἐρμονιεὶμ,

278 1226 339 1277 ἐν
438 1225 537 1295 τῆς
571 1224 723 1290 θείας
748 1226 881 1298 πρὸς
897 1228 1216 1299 ἀνθρώπους
1236 1229 1329 1281 τοῦ
1354 1229 1490 1281 Θεοῦ
1519 1229 1693 1295 Λόγου
1724 1246 1854 1297 συγ-

277 1312 635 1377 καταϐἀσεως
664 1314 725 1368 τὸ
760 1315 904 1385 μέγα
934 1316 1029 1369 καὶ
1059 1317 1285 1386 φρικτὸν
1315 1318 1402 1370 διὰ
1438 1318 1633 1387 σαρκὸς
1669 1318 1851 1370 ἐπεὶέ-

280 1400 383 1472 σθη
413 1409 731 1474 μυστήριον,
762 1407 819 1460 ἐν
844 1399 888 1473 ᾧ
912 1407 1010 1475 τῆς
1034 1411 1114 1468 είς
1135 1408 1268 1462 Θεὸν
1294 1409 1573 1473 εὐσεϐείας
1603 1410 1848 1481 ἐδωρήθη

275 1496 391 1557 τοῖς
421 1493 731 1564 ἀνθρώποις
756 1496 819 1548 τὸ
852 1496 1070 1565 ἀληθὲς,
1098 1499 1235 1569 ὅπερ
1261 1497 1352 1552 διὰ
1384 1500 1444 1551 τὸ
1482 1500 1658 1552 πᾶσαν
1696 1500 1851 1552 ἐκϐε-

277 1583 504 1653 ϐηκέναι
538 1584 756 1654 φύσεως
775 1586 929 1652 τάξιν
960 1588 1056 1641 καὶ
1084 1587 1336 1657 δύναμιν·
1367 1587 1445 1658 τῷ
1478 1589 1577 1658 μὲν
1604 1588 1734 1659 Θείῳ
1756 1592 1848 1643 καὶ

274 1674 373 1745 τῆς
408 1674 562 1737 Θείας
597 1675 772 1748 μύστῃ
800 1694 859 1730 τε
893 1678 989 1730 καὶ
1029 1680 1371 1748 μυσταγωγῷ
1405 1680 1846 1750 κρυφιογνώστου

1965 510 2133 572 atque
2167 504 2489 576 immobilis,
2516 512 2588 567 ob
2621 525 2820 570 cuncta
2853 520 3102 589 trajecta,
3145 531 3260 575 tum
3297 524 3539 581 divinam

1963 598 2283 653 necessario
2312 600 2574 659 invocare
2599 607 2949 676 sapientiam,
3000 610 3257 682 abyssum
3285 629 3408 683 qua:
3448 631 3539 670 re-

1961 697 2092 738 vera
2125 701 2239 741 non
2265 691 2441 758 possit
2471 693 2788 777 cognitione
2819 699 3148 763 transcurri,
3203 710 3264 755 ut
3312 702 3418 756 sibi
3449 704 3537 759 di-

1960 774 2216 831 vinarum
2245 774 2651 840 cataractaruin
2682 803 2878 843 vocem
2911 789 3045 845 dare
3077 791 3233 858 velit,
3265 808 3377 847 non
3408 810 3538 850 vero

1959 860 2108 930 ipsas
2137 874 2443 924 cataractas
2472 911 2487 934 ,
2544 876 2692 943 quod
2722 887 2807 932 est
2838 879 3301 950 significationem
3333 898 3535 953 quam-

1957 951 2083 1007 dam
2122 955 2246 1011 ﬁdei
2278 974 2386 1028 qua
2413 961 2617 1019 divinae
2638 967 2785 1021 circa
2817 970 3138 1025 universum
3167 973 3537 1031 Providentia:

1957 1043 2152 1099 modos
2179 1054 2238 1101 et
2277 1050 2523 1107 rationes
2566 1070 2862 1113 noscamus
2914 1063 3178 1128 precibus
3213 1065 3530 1135 impetrare,

1954 1149 2063 1203 qua
2103 1136 2200 1193 Dei
2232 1142 2551 1200 meminisse
2580 1162 2850 1216 queamus
2877 1168 2945 1206 ex
2981 1162 3129 1210 terra
3183 1157 3440 1214 Jordanis
3473 1169 3531 1217 et

1953 1223 2303 1283 llermoniim
2332 1242 2379 1297 ι,
2405 1233 2461 1287 in
2490 1252 2599 1304 qua
2627 1237 2827 1295 divina:
2858 1242 2956 1297 Dei
2992 1244 3278 1302 Sermonis
3316 1249 3385 1303 ad
3433 1250 3532 1304 lto-

1952 1316 2135 1373 mines
2169 1322 2657 1384 condescensionis
2680 1346 2937 1401 magnum
2971 1344 3029 1389 et
3066 1335 3407 1392 horrendum
3432 1356 3532 1409 per

1950 1419 2293 1497 carnem/est
2323 1428 2767 1473 consummatum
2791 1426 3134 1493 mysterium,
3172 1428 3228 1480 ill
3259 1444 3368 1497 quo
3402 1445 3530 1484 vera

1950 1495 2279 1557 hominibus
2313 1520 2442 1575 erga
2471 1507 2645 1563 Deum
2680 1511 2857 1580 pietas
2887 1515 3088 1570 donata
3113 1525 3218 1583 est,
3256 1535 3379 1589 qua:
3403 1537 3528 1575 cum

1949 1602 2171 1644 omnem
2192 1599 2673 1655 naturwordincm
2702 1618 2767 1657 ac
2797 1614 3126 1672 potestatem
3153 1612 3527 1680 cxsuperarit,

1949 1694 1979 1732 a
2012 1679 2199 1737 divino
2231 1695 2398 1755 atque
2430 1689 2635 1746 divina:
2668 1694 2953 1763 sapientia:
2999 1700 3290 1755 sacerdote
3327 1711 3386 1756 et
3429 1702 3531 1756 do—
3578 1694 3583 1737 ⁸

279 1744 471 1833 σοφίας
506 1744 707 1836 Παύλῳ
844 1744 1065 1837 μεγάλῴ
1096 1744 1381 1838 amant},
1414 1744 1595 1839 μωρία
1616 1744 1834 1864 litvo-pd-

2309 1744 2324 1755 _
2594 1744 2629 1746 ,_
2668 1744 2952 1763 ητηηηη
3000 1744 3290 1755 --πηνα
3330 1744 3386 1756 υ.
3430 1744 3500 1756 ..ν

1949 1777 2103 1826 ctorc
2140 1779 2490 1835 occultorum
2542 1783 2845 1855 interprete
2897 1789 3089 1852 Paulo,
3144 1807 3348 1862 magno
3393 1810 3528 1864 apo-

279 1851 378 1922 σθη
404 1850 541 1905 Θεοῦ
570 1853 666 1906 καὶ
695 1854 968 1915 ἀσθένεια,
992 1855 1079 1907 διὰ
1100 1856 1198 1925 τὴν
1228 1856 1673 1927 ὑπερϐάλλουσαν
1692 1855 1845 1928 οἶμαι

276 1942 471 2011 σοφίαν
510 1944 605 1999 καὶ
631 1942 881 2014 δύναμιν
907 1945 983 2016 τῷ
1009 1946 1065 1999 δὲ
1104 1947 1605 2021 θεόφρονι”μεγὰ).ῳ
1636 1952 1846 2021 Γρηγο-

275 2034 377 2105 ρίῳ
402 2035 655 2103 παίγνιον
676 2036 1121 2108 προσηγορεύθη,
1154 2038 1240 2092 διὰ
1273 2040 1372 2109 τὴν
1400 2040 1844 2111 ὑπερϐάλλουσαν

271 2124 554 2196 φρόνησιν.
599 2127 659 2179 '0
691 2126 789 2196 μὲν
819 2128 929 2198 γάρ
975 2142 1133 2199 φησι*
1185 2129 1255 2183 Τὸ
1298 2130 1501 2198 μωρὸν
1544 2131 1649 2185 τοῦ
1694 2131 1843 2185 Θεοῦ

268 2215 616 2287 σοφώτερον
662 2217 784 2272 τῶν
811 2219 1138 2289 ἀνθρώπων
1164 2219 1317 2278 ἐστὶ.
1362 2220 1459 2273 καί
1489 2221 1557 2274 τὸ
1585 2220 1843 2287 ἀσθενὲς

267 2307 375 2363 τοῦ
407 2309 554 2362 Θεοῦ
582 2311 977 2379 ἰσχυρότερον
1001 2310 1120 2365 τῶν
1151 2308 1477 2377 ἀνθρώπιον
1505 2312 1636 2365 ἐστι
1657 2328 1670 2342 ·
1706 2315 1732 2365 ὁ
1760 2312 1836 2367 δέ·

267 2398 461 2461 Παίζει
490 2401 598 2470 γὰρ
625 2403 809 2471 λόγος
830 2402 1012 2469 αἰπὺς
1048 2403 1118 2456 ἐν
1154 2401 1344 2456 εἴδεσι
1378 2402 1838 2472 παντοδαποῖσι,

272 2493 492 2562 Kplrac
525 2493 605 2559 ὡς
626 2493 822 2549 ἐθέλοι
848 2495 1082 2564 κόσμον
1101 2494 1208 2548 ἐὸν
1221 2494 1377 2550 ἔνθα
1392 2495 1490 2547 καὶ
1515 2496 1660 2549 ἔνθα
1680 2512 1694 2527 ·

265 2581 523 2652 ἑκάτερος
576 2584 645 2652 τῇ
705 2584 960 2654 στερήσει
1028 2581 1140 2635 τῶν
1191 2583 1321 2651 παρ’
1353 2584 1484 2651 ἡμῖν
1533 2583 1837 2654 κρατίστων

266 2672 471 2727 Θέσεων
500 2670 596 2743 τὴν
618 2672 766 2726 Θείαν
782 2673 1184 2744 ἐνδεικνύμενος
1205 2670 1337 2739 ἕξιν,
1365 2673 1460 2727 καὶ
1485 2678 1602 2739 ταῖς
1625 2676 1835 2745 ἀποφά-

266 2780 384 2818 σεσι
411 2764 521 2817 τῶν
535 2764 817 2836 ἡμετέρων
836 2764 1153 2835 ποιούμενος
1175 2765 1269 2837 τὴν
1290 2764 1394 2818 τῶν
1417 2764 1574 2820 θείων
1588 2768 1835 2837 κατάφα-

263 2870 368 2911 σιν.
393 2855 593 2929 Μωρία
622 2855 733 2929 γὰρ
757 2856 887 2929 παρ’
915 2858 1047 2927 ἡμῖν
1066 2856 1159 2911 καὶ
1184 2855 1438 2945 ἀσθένεια
1468 2859 1562 2913 καὶ
1588 2860 1834 2929 παίγνιον

262 2948 548 3019 στερήσεις
578 2947 737 3014 εἰσὶν,
775 2948 808 3019 ἡ
848 2948 950 3019 μὲν
973 2948 1190 3016 σοφίας,
1223 2949 1256 3019 ἡ
1283 2949 1340 3003 δὲ
1367 2949 1674 3022 δυνάμεως,
1711 2953 1743 3023 ὴ
1773 2951 1831 3005 δὲ

259 3043 596 3111 φρονήσεως,
624 3040 718 3094 ἐπὶ
746 3039 881 3094 Θεοῦ
910 3040 968 3093 δὲ
999 3039 1294 3111 λεγόμεναι
1316 3041 1511 3133 σοφίας
1535 3042 1646 3095 καὶ.
1666 3042 1829 3097 δυνά-
1857 3072 1905 3133 c

263 3147 405 3194 μεως
432 3132 524 3184 καὶ
547 3134 864 3203 φρονήσεως
898 3130 1205 3204 ὑπερϐολὴν
1236 3132 1423 3202 σαφῶς
1448 3132 1825 3205 ὑποδηλοῦσιν.

259 3219 327 3275 Et
350 3238 401 3274 τι
448 3218 541 3277 οῦν
593 3223 724 3296 παρ’
758 3225 893 3297 ἡμῖν
945 3225 1088 3278 κατά
1141 3223 1399 3295 στέρησιν
1448 3223 1682 3293 λέγοιτο,
1735 3226 1828 3279 ἐπὶ

256 3310 391 3367 Θεοῦ
441 3312 730 3385 λεγόμενον
756 3314 873 3381 ἕξιν
902 3314 1202 3385 ὑποδηλοῦν
1237 3316 1458 3379 πάντως
1508 3315 1827 3386 ἐκδέχεσθαι

255 3401 482 3469 δίκαιον,
509 3405 688 3458 καὶτὸ
732 3404 995 3473 ἔμπαλιν.
1031 3405 1085 3457 εῐ
1109 3423 1163 3457 τι
1198 3406 1338 3460 κατὰ
1385 3402 1499 3468 ἕξιν
1533 3405 1620 3472 ἐφ’
1669 3405 1827 3475 ήμῶν

138 3503 149 3511 ⁵
252 3492 486 3563 λέγοιτο,
519 3494 703 3565 (262
740 3504 795 3563 α)
832 3495 925 3547 ἐπὶ
950 3493 1086 3548 Θεοῦ
1114 3494 1370 3566 στέρησιν
1412 3495 1501 3548 διὰ
1528 3496 1628 3566 τὴν
1661 3496 1829 3565 ὑπερ-

251 3585 383 3656 οχὴν
410 3584 734 3654 ἐκδέχεσθαι
757 3583 953 3655 δηλοῦν
983 3584 1458 3652 πρεπωδέστατον.
1483 3587 1552 3639 Δί
1578 3587 1688 3657 γὰρ
1717 3585 1826 3638 τῶν

253 3675 413 3730 θείων
451 3674 752 3747 ὑπερϐολαὶ
783 3675 877 3728 καὶ
907 3675 1049 3729 κατά
1086 3676 1344 3747 στέρησιν
1371 3677 1440 3730 δι’
1479 3676 1825 3745 ἀντιφάσεως

250 3767 541 3840 λεγόμεναι
572 3769 703 3840 παρ’
753 3767 911 3840 ἡμῶν
940 3769 1231 3823 ἀποδέουσι
1279 3769 1413 3823 πολὺ
1459 3769 1557 3840 τῆς
1590 3768 1824 3840 ἀληθοῦς

250 3862 372 3917 καθ’
397 3863 456 3917 ὃν
485 3864 592 3916 είσι
626 3862 784 3931 λόγον
814 3862 1129 3933 ἐμφάσεως.
1162 3862 1227 3915 Εἰ
1253 3861 1312 3915 δὲ
1361 3860 1522 3916 τοῦτο
1559 3863 1701 3916 κατὰ
1730 3862 1823 3915 τὸν

250 3954 434 4006 εἰκότα
468 3952 625 4022 λόγον
657 3953 807 4006 ἐστὶν
860 3952 1062 4023 ἀληθὲς
1098 3953 1179 4025 (οὑ
1229 3953 1336 4024 γάρ
1372 3951 1660 4024 συμϐαίνει
1704 3952 1820 4006 πώ-

249 4062 380 4101 ποτε
405 4048 474 4102 τὰ
524 4047 645 4100 Θεία
690 4048 804 4109 τοῖς
853 4042 1261 4115 ἀνθρωπίνοις),
1296 4046 1405 4115 ἄρα
1453 4046 1635 4116 μωρία
1682 4043 1820 4100 Θεοῦ

249 4138 341 4191 καὶ
369 4136 623 4192 ἀσθένεια
652 4140 795 4192 κατᾶ
822 4139 912 4192 τὸν
944 4138 1102 4206 ἅγιον
1131 4138 1429 4191 ἀπόστολον
1458 4139 1693 4204 Παῦλον,
1724 4140 1820 4194 καὶ

249 4231 500 4298 παίγνιον
529 4230 664 4284 Θεοῦ
714 4231 857 4285 κατά
904 4229 1207 4302 Γρηγὸριον
1255 4229 1347 4285 τὸν
1380 4230 1696 4302 θαυμαστὸν
1727 4232 1821 4285 καὶ

252 4320 429 4391 μέγαν
457 4321 798 4387 διδάσκαλον,
829 4321 891 4375 τδ
919 4321 1218 4391 μυστήριόν
1243 4321 1360 4373 ἐστι
1394 4322 1498 4391 τῆς
1541 4321 1692 4385 Θείας
1733 4324 1821 4375 ὲν-

1948 1864 2114 1928 stolo,
2162 1869 2405 1924 stultitia
2451 1873 2547 1927 Dei
2600 1884 2657 1929 et
2702 1876 3018 1943 infirmitas,
3066 1881 3137 1934 ob
3181 1884 3529 1951 superabun-

1946 1948 2206 2016 dantcm,
2236 1966 2392 2024 puto,
2431 1961 2761 2030 sapientiam
2808 1981 2873 2020 ac
2918 1967 3205 2035 virtutem,
3245 1987 3275 2024 a
3326 1989 3524 2043 magno

1944 2052 2137 2099 contra
2173 2061 2239 2101 ac
2299 2049 2491 2105 divino
2542 2052 2815 2125 Gregorio
2867 2058 3027 2114 lusus
3093 2064 3370 2132 appellata
3414 2076 3521 2130 est,

1944 2132 2016 2187 ob
2055 2138 2602 2205 superabundantcm
2642 2147 3018 2215 prudentiam.
3070 2152 3169 2207 llle
3197 2155 3367 2222 enim,
3429 2156 3523 2211 ι)ιί

1944 2225 2188 2292 stultum,
2269 2229 2472 2300 inquit,
2560 2236 2852 2307 sapientius
2896 2242 3207 2310 hominibus,
3256 2255 3306 2299 et
3370 2247 3523 2316 inﬁr-

1942 2332 2084 2369 mum
2124 2316 2226 2372 Dei
2278 2321 2466 2390 fortius
2516 2333 2593 2378 est
2629 2328 2919 2384 hominibus
2959 2331 2981 2371 ιι
3014 2350 3026 2386 :
3066 2333 3158 2389 hic
3181 2346 3373 2391 contra
3396 2339 3515 2394 ait:

1940 2401 2098 2457 Ludit
2151 2408 2291 2461 enim
2348 2427 2558 2465 summa
2609 2417 2746 2469 ratio
2812 2421 2867 2472 in
2913 2424 3227 2478 omnimodis
3284 2426 3514 2496 ﬁguris.

1939 2492 2239 2550 discernens
2287 2499 2518 2568 qualibet
2567 2506 2823 2560 mundum
2861 2525 3018 2563 suum
3065 2514 3185 2566 hinc
3219 2522 3270 2567 et
3316 2515 3465 2571 illim:
3497 2535 3517 2574 :

1940 2595 2175 2658 uterque
2208 2589 2544 2649 fortissimas
2573 2598 2780 2666 quibus
2808 2616 2913 2656 nos
2944 2603 3172 2671 utimur,
3212 2609 3519 2676 positiones

1936 2680 2193 2749 negando
2218 2680 2467 2739 divinum
2496 2686 2748 2744 habitum
2782 2691 3175 2752 demonstrans
3207 2737 3223 2761 ,
3288 2713 3512 2756 nostro-

1936 2784 2171 2840 rumque
2220 2775 2618 2845 negationibus
2666 2780 2855 2838 divina
2909 2785 3208 2844 afﬁrmans.
3268 2790 3516 2851 Stultitia

1934 2861 2087 2915 enim
2120 2871 2178 2918 et
2213 2864 2508 2924 inﬁrmitas
2534 2878 2590 2925 et
2622 2871 2779 2929 lusus
2828 2876 2974 2946 apud
3024 2894 3126 2934 nos
3171 2881 3515 2950 privationcs

1933 2961 2084 3019 sunt,
2122 2971 2233 3012 una
2270 2958 2497 3027 quidem
2532 2963 2820 3031 sapientia:
2853 3005 2869 3031 ,
2922 2967 3097 3023 altera
3139 2969 3508 3036 fortitudinis,

1935 3045 2096 3100 tertia
2147 3049 2457 3117 prudentiae
2482 3094 2496 3117 ,
2559 3054 2657 3109 sed
2694 3056 2764 3111 de
2822 3056 2937 3112 Deo
2975 3069 3258 3132 usurpatae
3299 3066 3508 3121 eadem

1931 3138 2218 3207 sapientia:
2241 3150 2297 3197 et
2319 3142 2667 3200 fortitudinis
2700 3154 2758 3203 et
2803 3149 3119 3217 prudentia:
3158 3156 3509 3224 superabun-

1929 3227 2176 3286 dantiam
2216 3234 2365 3289 clare
2408 3235 2741 3306 significant.
2777 3239 2935 3307 Quod
2967 3243 3011 3298 si
3059 3245 3194 3315 quid
3227 3248 3372 3320 apud
3407 3265 3510 3305 nos

1927 3323 2200 3391 privative
2229 3326 2459 3394 dicitur,
2487 3330 2558 3386 de
2586 3332 2701 3388 Deo
2734 3346 3062 3405 usurpatum
3094 3340 3240 3396 idem
3275 3342 3504 3400 habitus

1931 3413 2406 3483 significationem
2447 3420 2654 3478 habere
2705 3425 2832 3495 jure
2876 3427 3392 3499 interpretabimur,
3440 3452 3508 3492 ac

1927 3518 2142 3569 rursus,
2183 3506 2230 3560 si
2255 3508 2391 3577 quid
2414 3512 2721 3568 secundum
2749 3515 3000 3572 habitum
3047 3519 3117 3575 de
3161 3523 3326 3579 nobis
3363 3525 3506 3582 diei-

1928 3600 2038 3659 tur,
2077 3594 2133 3650 id
2166 3595 2235 3651 de
2269 3597 2382 3654 Deo
2413 3614 2740 3672 usurpatum
2777 3606 2849 3661 ob
2886 3609 3252 3667 eminentiam
3293 3615 3501 3672 admit-

1924 3690 2043 3742 tere
2103 3687 2474 3757 privationem
2527 3694 2730 3753 docere
2779 3700 3018 3758 maxime
3065 3717 3503 3765 consentaneum

1924 3776 2052 3833 erit.
2094 3778 2416 3837 Divinarum
2448 3785 2597 3840 enim
2621 3791 3068 3867 exsuperantize,
3125 3804 3182 3851 et
3224 3796 3503 3866 privative

1922 3881 2024 3936 per
2056 3872 2551 3931 contradictionem
2589 3880 2735 3949 apud
2761 3896 2862 3937 nos
2909 3882 3110 3949 dictte',
3156 3902 3186 3941 a
3224 3904 3360 3943 vero
3408 3905 3501 3945 se-

1925 3956 2170 4013 cundum
2203 3975 2368 4030 quam
2423 3963 2537 4020 sint
2579 3968 2855 4024 rationem
2909 3972 3222 4042 significatu
3262 3978 3500 4034 multum

1922 4047 2147 4105 absunt.
2185 4050 2343 4119 Quod
2368 4055 2436 4118 si,
2468 4057 2550 4113 uti
2583 4059 2828 4125 videtur,
2855 4079 3048 4118 verum
3082 4076 3167 4122 est
3194 4068 3497 4139 (nusquam

1920 4141 2069 4195 enim
2104 4142 2293 4200 divina
2329 4159 2648 4231 congruunt
2675 4168 2801 4208 cum
2834 4154 3142 4224 humanis),
3192 4174 3324 4231 ergo
3360 4165 3500 4218 stul-

1923 4232 2043 4288 titia
2078 4236 2172 4290 Dei
2218 4247 2274 4292 et
2305 4224 2605 4298 infirmitas
2633 4246 2939 4302 secundum
2970 4262 3222 4307 sanctum
3273 4266 3497 4324 aposto-

1921 4322 2038 4378 lum
2067 4326 2320 4393 Paulum,
2358 4340 2414 4386 et
2447 4333 2606 4390 lusus
2639 4335 2736 4391 Dei
2778 4340 3080 4395 secundum
3109 4322 3496 4402 admirandum

249 4409 679 4482 ανθρωπήσεως,
723 4411 798 4473 ὡς
829 4411 1012 4482 πάσης
1043 4408 1259 4478 φύσεως
1302 4409 1587 4480 δυνάμεώς
1632 4428 1692 4464 τε
1724 4411 1820 4465 καὶ

1936 4424 1981 4470 at
2028 4433 2287 4488 magnum
2322 4421 2607 4481 doctorem
2644 4427 2971 4500 Gregorium
2996 4472 3010 4495 ,
3066 4434 3268 4492 divina:
3316 4438 3503 4493 incar-

246 4500 533 4572 ἐνεργείας
580 4502 763 4555 πᾶσαν
816 4500 1157 4571 ὑπερουσίως
1186 4500 1489 4570 ἐκϐεϐηκὸς
1525 4500 1679 4565 τάξιν
1724 4504 1821 4556 κα)⁸

243 4594 537 4669 ἁρμονίαν,
571 4596 711 4667 ὅπερ
728 4594 1005 4665 Πνεὺματι
1043 4595 1174 4665 Θείῳ
1208 4595 1494 4667 πόρῤωθεν
1527 4596 1670 4651 κατά
1695 4596 1820 4651 νοῦν

245 4687 582 4758 θεασάμενος
608 4687 704 4740 καὶ
737 4685 966 4757 μυηθεὶς
995 4689 1023 4741 ὁ
1051 4687 1324 4751 θειότατος
1354 4687 1540 4753 Δαϐὶδ,
1578 4688 1669 4742 καὶ
1708 4683 1820 4742 οἷον

208 4770 218 4778 ’
242 4779 343 4850 τὴν
369 4777 465 4831 τοῦ
503 4760 826 4831 ’Λποστόλου
851 4776 1154 4849 λεγομένην
1181 4778 1268 4831 διὰ
1293 4780 1607 4849 στερήσεως
1648 4781 1819 4852 ὑπερ-

245 4868 550 4923 ϐάλλουσαν
589 4866 702 4932 ἕξιν
733 4866 830 4920 τοῦ
867 4867 1003 4923 Θεοῦ
1037 4867 1490 4941 προερμηνεὺων,
1526 4871 1818 4939 Ἰουδαίων,

246 4959 434 5030 σαφῶς
461 4954 641 5030 οἶμαι,
674 4959 983 5014 καταϐοῶνο
1021 4962 1119 5014 Ἐν
1148 4959 1229 5026 τῷ
1269 4960 1485 5027 πλήθει
1508 4961 1619 5030 τῆς
1642 4962 1824 5018 δυνά-

236 5053 394 5124 μεώς
435 5068 552 5108 σου
585 5053 922 5121 ψεύσονται
965 5067 1041 5106 σε
1076 5054 1131 5106 οι
1163 5053 1368 5123 ἐχθροί
1403 5069 1541 5109 σου.
1568 5056 1683 5118 Πᾶς
1711 5056 1820 5128 γὰρ

240 5147 529 5217 ἄνθρωπος
550 5145 742 5216 ἐχθρὸς
770 5146 990 5209 πάντως
1018 5143 1111 5198 τοῦ
1141 5145 1275 5198 Θεοῦ
1307 5146 1401 5200 καὶ
1419 5145 1660 5218 ψεύστης
1688 5165 1820 5218 προ-

240 5237 419 5308 δήλως
448 5236 776 5291 καθίσταται
825 5238 855 5288 ὀ
901 5237 991 5289 τὸν
1022 5236 1156 5290 Θεὸν
1178 5237 1257 5309 τῷ
1279 5238 1431 5310 νόμῳ
1468 5240 1569 5309 τῆς
1599 5241 1818 5310 φύσεως

241 5327 469 5399 ἀμαθῶς
485 5345 545 5381 τε
565 5328 662 5381 καὶ
682 5326 897 5391 ἀσεϐῶς
925 5328 1274 5398 περικλείων,
1300 5330 1393 5382 καὶ
1422 5330 1647 5394 ἀπαθῶς
1676 5332 1815 5404 ὑπὲρ

241 5419 403 5488 φύσιν
425 5422 484 5473 ὲν
515 5421 628 5482 τοῖς
652 5419 758 5472 ὑπὸ
788 5418 949 5489 φύσιν
975 5419 1249 5482 οὑσιωδῶς
1275 5419 1565 5491 γενόμενον
1583 5423 1648 5476 τὰ
1675 5427 1816 5479 κατὰ

241 5509 405 5581 φύσιν
427 5511 505 5573 ὡς
551 5511 730 5565 πάντα
757 5502 1058 5581 δυνάμενον
1102 5510 1399 5581 ἐνεργῆσαι
1431 5516 1709 5569 πιστεύειν
1738 5517 1813 5587 μὴ

297 5683 316 5741 1
355 5683 503 5745 Fsal.
540 5701 651 5755 ω,
679 5689 711 5743 7
782 5688 811 5728 ιι
850 5641 1028 5744 Ιδοοῐδ.
1064 5705 1103 5755 ι,
1135 5689 1228 5744 25.
1299 5688 1317 5729 ι
1348 5691 1491 5747 Psal.
1520 5709 1642 5763 va,
1671 5695 1725 5750 '5.

1926 4510 2172 4567 nationis
2208 4517 2530 4586 mysterium
2559 4530 2664 4585 est,
2707 4533 2768 4578 ut
2792 4524 2940 4592 quod
2971 4527 3156 4581 oninis
3200 4540 3411 4587 natura
3440 4543 3498 4586 et

1925 4602 2221 4669 potestatis
2266 4614 2324 4660 et
2358 4606 2586 4665 virtutis
2618 4627 2842 4668 omnem
2883 4615 3136 4671 ordinem
3182 4634 3495 4689 congruen—

1928 4692 2170 4762 tiamque
2200 4701 2703 4766 supernaturalitcr
2729 4719 3013 4773 egressum
3038 4716 3143 4770 est,
3191 4711 3338 4779 quod
3368 4712 3496 4781 qui‘

1925 4783 2049 4839 dem
2082 4784 2271 4841 divino
2307 4787 2513 4858 Spiritu
2540 4794 2729 4861 procul
2760 4797 3167 4865 contemplatus
3210 4807 3392 4853 mente
3437 4809 3492 4854 ct

1922 4874 2176 4932 initiatus
2206 4879 2400 4944 David,
2442 4896 2507 4937 ac
2555 4884 2728 4939 veluti
2780 4888 3022 4956 prmvius
3070 4888 3348 4956 interpres
3394 4890 3490 4945 Dei

1922 4964 2145 5022 habitus
2187 4969 2693 5039 superabundantis
2731 4976 2802 5030 ab
2848 4976 3113 5045 Apostolo
3162 4992 3261 5044 per
3307 4976 3494 5045 priva-

1923 5057 2132 5113 tionem
2159 5060 2410 5126 indicati,
2438 5063 2511 5121 de
2533 5064 2762 5129 Iudicis,
2786 5067 2935 5121 clare
2962 5076 3118 5136 puto,
3142 5068 3489 5123 vociferans:

1920 5148 1986 5204 In
2018 5151 2373 5219 multitudine,
2407 5155 2610 5226 inquit,
2662 5159 2987 5228 fortitudinis
3021 5167 3124 5212 tua'
3179 5160 3491 5214 mentiemur

1922 5242 2012 5295 tibi
2035 5243 2231 5298 inimici
2252 5247 2327 5299 tui
2361 5244 2401 5300 ι.
2433 5247 2630 5303 Nullus
2655 5251 2800 5305 enim
2829 5250 2993 5304 homo
3024 5266 3131 5303 non
3166 5250 3258 5304 Dei
3300 5261 3492 5320 aperte

1922 5331 2099 5388 hostis
2125 5343 2181 5389 et
2202 5335 2785 5411 inficiatorevaditqui
2816 5342 2934 5412 lege
2955 5351 3164 5395 natura:
3196 5342 3489 5418 inscienter

1920 5437 1977 5480 et
1997 5426 2162 5496 impie
2193 5429 2360 5485 Deum
2381 5431 2634 5493 includit.
2662 5443 2859 5489 eteum
2894 5433 2986 5503 qui
3013 5432 3130 5488 sine
3159 5433 3270 5487 ullo
3287 5433 3488 5490 aﬂectu
3574 5470 3589 5485 ..

1922 5518 1976 5573 in
2002 5523 2169 5577 rebus
2193 5532 2400 5579 natum
2434 5525 2701 5596 subjectis
2723 5527 3095 5583 essentialiter
3114 5534 3370 5582 naturam
3397 5541 3493 5584 su-
