3946 6206
533 294 672 362 1111

1741 300 1803 361 S.
1844 299 2129 359 MAXIM!
2170 298 2681 360 CONFESSORIS

3585 310 3686 378 1119.

533 426 859 483 pergressus
904 419 1036 475 est,
1089 411 1364 467 naturalia
1398 452 1413 476 ,
1450 427 1576 467 cum
1633 412 1821 466 omnia
1885 422 2105 481 posset,

2222 412 2545 481 ἀρχόμενος.
2581 411 2740 464 Οὕτω
2771 409 2871 481 μὶν
2918 406 3011 465 οὖν
3042 412 3178 467 κατὰ
3207 413 3326 484 μίαν
3345 414 3684 490 emerim“,-

534 504 715 572 egisse
738 501 1005 557 credendi
1027 518 1137 556 non
1164 503 1383 557 initium
1412 502 1564 557 facit.
1604 500 1694 557 Sic
1720 502 1888 573 igitur
1914 516 2116 556 secun-

2220 503 2499 573 θεωρῆσαι
2536 504 2598 556 τὸ
2659 504 2840 574 μωρὸν
2873 503 2968 557 τοῦ
3018 503 3151 557 Θεοῦ
3182 508 3268 559 καὶ
3318 508 3375 561 τὸ
3401 509 3583 573 ἀσθενὲς
3618 517 3683 567 ut

534 595 666 650 dum
695 610 867 648 unum
900 594 1305 664 interpretandi
1342 595 1568 649 modum
1604 595 1702 649 Dei
1734 594 2026 649 stultitiam
2059 602 2105 648 el

2219 595 2495 660 παίγνιον,
2538 595 2912 665 στοχαστικῶς
2940 598 2970 649 6
3017 595 3170 663 λόγος
3214 597 3472 667 ἐτόλμησε,
3502 601 3596 669 μεθ’
3630 597 3684 657 ὧν

533 685 913 739 inﬁrmitatem
948 694 1005 740 et
1041 686 1219 741 lusum
1243 696 1520 756 spectasse
1545 686 1613 740 de
1637 687 1958 755 conjectura
1989 685 2105 739 Ser-

2219 686 2663 756 παρεκϐατικῶς,
2692 687 2768 751 ὡς
2796 686 3137 759 προθεωρίαν
3165 689 3604 760 παραδειγματικὴν
3620 693 3683 746 τοῦ

533 792 625 830 mo
644 792 813 831 ausus
842 786 946 841 est,
973 793 1099 831 cum
1151 778 1355 847 quibus
1404 794 1502 848 per
1542 778 1967 848 digressionem,
1991 786 2115 830 tan-

528 884 694 938 quam
716 869 974 938 praevium
994 871 1515 938 contemplationem
1539 869 1829 939 proposita:
1853 868 2114 937 quaestio-

529 960 618 1014 nis
653 960 1023 1027 exemplarem
1049 998 1065 1023 ,
1104 958 1362 1029 abyssum
1403 973 1622 1027 quoque
1653 957 1910 1027 abyssum
1955 956 2112 1016 invo-

527 1059 748 1106 cantem
782 1052 837 1106 in
871 1067 1062 1105 vocem
1094 1050 1406 1105 divinarum
1423 1058 1828 1104 ealaractarum
1857 1057 1894 1084 ω
1917 1046 2112 1101 Sermo

528 1144 675 1199 hanc
688 1155 924 1198 mentem
940 1144 1243 1215 gnosticam
1261 1158 1382 1197 esse
1400 1142 1725 1211 sapientiam
1744 1141 2110 1205 invocantem,

529 1237 931 1305 interpretatus
976 1236 1177 1289 exilem
1221 1235 1523 1304 quamdam
1558 1232 1948 1303 mysteriorum
1987 1244 2113 1299 qua:

530 1326 704 1381 insint
737 1326 793 1379 in
825 1325 1010 1379 divina
1044 1335 1098 1379 et
1134 1325 1405 1378 ineﬂabili
1435 1323 1906 1377 condescensione
1938 1319 2113 1390 signi.

528 1421 844 1476 ﬂcationem
897 1419 1093 1473 edidit.
1146 1420 1389 1490 Abyssus
1434 1419 1583 1473 enim
1634 1426 1689 1471 et
1738 1417 1917 1487 abyssi
1954 1416 2113 1469 locus

524 1513 806 1567 communi
861 1512 1085 1565 nomine
1132 1513 1470 1580 appellatur,
1523 1510 1680 1564 locus
1724 1524 1857 1562 vero
1910 1507 2112 1561 divina:

526 1604 811 1674 sapientiae
842 1618 977 1671 pura
1012 1617 1167 1656 mens
1200 1611 1306 1656 est.
1336 1602 1526 1670 Itaque
1556 1618 1683 1656 cum
1732 1601 1798 1654 ad
1837 1599 2111 1667 recipien-

522 1694 656 1748 dum
685 1701 809 1762 apta
837 1701 921 1747 est
945 1692 1177 1763 abyssus
1222 1693 1456 1762 positive
1493 1701 1549 1746 et
1584 1707 1759 1753 mens,
1792 1699 1848 1744 et
1882 1688 2099 1757 sapien-

526 1782 605 1838 tia
636 1798 828 1837 rursus
855 1781 1047 1835 eadem
1101 1790 1329 1851 propter
1368 1796 1524 1835 suam
1562 1788 1815 1834 naturam
1858 1776 2102 1847 appella-

527 1883 644 1931 tur.

864 2051 1051 2109 Altera
1084 2053 1139 2106 in
1174 2053 1309 2107 idem
1355 2051 1749 2123 contemplatio.

595 2166 721 2223 Alio
772 2175 955 2222 autem
993 2166 1330 2236 pr0positam
1383 2166 1749 2233 qumstionem
1789 2163 2107 2217 examinare

526 2259 689 2313 modo
703 2274 828 2312 cum
855 2258 951 2312 Dei
979 2258 1176 2327 gratia,
1202 2256 1675 2325 conjecturaliter,
1703 2270 1815 2307 non
1840 2253 2106 2306 atlirmate

2217 775 2575 847 προτεθέντος
2609 778 2837 851 ἀπόρου,
2860 779 2957 831 καὶ
2981 778 3078 846 τὴν
3107 778 3327 832 ἄϐυσσον
3357 780 3442 849 τὴν
3464 782 3685 835 tumulos-

2222 868 2391 937 μένην
2424 869 2523 939 τὴν
2554 868 2790 921 ἄϐυσσον
2832 870 2913 932 εἰς
2962 870 3144 938 φωνὴν
3174 869 3276 921 τῶν
3306 869 3448 922 θείων
3476 875 3683 942 καταρῤαο

2217 961 2363 1011 κτῶν
2405 960 2585 1013 λαϐὼν
2636 960 2664 1012 6
2709 960 2867 1027 λόγος
2917 959 3041 1011 νοῦν
3077 960 3357 1026 γνωστικον
3385 957 3505 1014 εἶναι
3543 964 3683 1029 σοφίαν

2216 1050 2647 1120 ἐπικαλούμενον
2675 1051 2952 1117 δέξασθαι,
3001 1052 3201 1121 μικράν
3236 1068 3351 1103 τινα
3394 1054 3486 1105 τῶν
3531 1056 3602 1107 ἐπὶ
3637 1059 3682 1124 τῇ

2217 1143 2341 1215 θείᾳ
2365 1144 2459 1197 καί
2489 1145 2755 1213 ἁφρὰστῳ
2792 1143 3201 1210 συγκαταῧάσει
3249 1143 3524 1211 μυστηρίων
3561 1145 3683 1213 ἔμφα-

2217 1251 2302 1286 σιν
2334 1234 2742 1303 παρεδήλωσεν.
2765 1235 3041 1296 Ἀϐυσσος
3083 1232 3191 1302 γὰρ
3222 1234 3310 1286 καί
3336 1235 3362 1285 ό
3397 1235 3481 1302 τῆς
3508 1235 3681 1289 ἀϐύσσου

2214 1327 2377 1389 τόπος
2409 1326 2721 1396 ὁμωνύμως
2749 1326 3094 1392 ὀνομάζεται,
3125 1324 3282 1386 τόπος
3306 1324 3357 1376 δὲ
3380 1325 3465 1392 τῆς
3488 1324 3605 1387 θείας
3624 1343 3683 1377 σο-

2216 1417 2366 1484 φίας,
2396 1419 2424 1468 ὁ
2453 1415 2693 1486 καθαρὸς
2723 1417 3029 1485 καθέστηκε
3061 1408 3360 1485 νοῦς.“’Δρα
3393 1416 3518 1467 θέσει
3541 1416 3607 1468 6ιὰ
3640 1417 3683 1469 τί

2213 1509 2458 1561 δεκτικὸν
2490 1508 2725 1571 ἄϐυσσος
2752 1509 2847 1560 καὶ
2883 1510 2911 1560 6
2938 1509 3066 1571 νοῦς
3091 1507 3535 1578 προσαγορεύεται,
3553 1508 3625 1559 tul
3659 1510 3681 1577 ἠ

2215 1600 2396 1669 (262
2435 1599 2485 1667 b)
2513 1601 2703 1668 ’σοφία
2746 1599 2910 1652 πάλιν
2947 1600 3011 1652 τὸ
3061 1599 3189 1652 αὐτὸ
3220 1599 3303 1653 διὰ
3328 1600 3417 1668 τὴν
3442 1598 3571 1668 φύσιν
3593 1615 3683 1652 κατ-

2212 1691 2562 1762 ονομάζεται.

2129 1988 2199 2002 ﬂ
2284 1991 2289 1997 ο

2569 2042 2765 2109 Ἀλλη
2810 2041 3023 2108 θεωρία
3053 2044 3141 2108 εὶς
3168 2040 3231 2093 τὸ
3263 2040 3415 2093 αὐτό.

2284 2154 2424 2212 Καθ’
2479 2155 2669 2223 ἕτερον
2699 2154 2756 2206 δὲ
2808 2152 2869 2206 τὸ
2921 2154 3278 2224 προκείμενον
3321 2152 3503 2223 ἄπορον
3526 2148 3681 2202 item.

2217 2253 2445 2312 ποῦντες
2472 2248 2673 2318 τρόπον
2704 2249 2768 2315 τῇ
2823 2246 3047 2316 βοηθείᾳ
3078 2250 3174 2317 τῆς
3213 2245 3354 2308 θείας
3395 2246 3576 2314 χάριτος
3600 2258 3683 2293 στο-

524 2352 657 2420 (hoc
685 2352 832 2405 enim
884 2348 1215 2411 modestum,
1272 2346 1404 2399 illud
1441 2357 1758 2415 protervum
1805 2352 1935 2409 est),
1974 2358 2105 2413 pra:-

2214 2341 2517 2413 χαστικῶς,
2549 2339 2663 2392 ἀλλ’
2693 2340 2794 2392 οὐκ
2846 2338 3235 2406 ἁποφαντικῶς
3274 2338 3348 2407 (τὸ
3384 2337 3469 2406 μὲν
3507 2335 3591 2403 γὰρ
3620 2333 3684 2401 μὲ-

524 2443 670 2497 senti
703 2455 959 2496 sermone
1008 2437 1231 2510 aggredi
1282 2438 1557 2490 audemus
1585 2476 1599 2499 ,
1651 2443 1959 2489 statuentes
1994 2446 2105 2485 me-

2214 2452 2389 2504 τριον,
2427 2432 2487 2485 τὸ
2518 2432 2576 2485 δὲ
2630 2429 2950 2501 προπετὲς),
3010 2432 3276 2501 ἐγχειρεῖν
3312 2427 3386 2498 τῷ
3424 2425 3683 2496 προκειμένῳ

525 2528 746 2583 diorum
783 2527 1016 2581 fortasse
1061 2524 1487 2594 prominentiam
1535 2522 1862 2593 mquabilem
1909 2522 2115 2575 haben-

526 2627 639 2673 tem
694 2617 763 2671 ab
813 2615 1265 2671 extremitatibus
1313 2614 1654 2677 distantiam,
1710 2615 1891 2667 lusum
1934 2613 2030 2666 Dei
2080 2627 2112 2666 a

524 2724 724 2781 magno
760 2708 989 2763 doctore
1021 2724 1143 2762 esse
1171 2708 1396 2771 dictam,
1430 2708 1503 2761 ob
1527 2708 1887 2761 ﬂuctuantem
1911 2720 2106 2760 eorum

522 2808 583 2855 et
627 2798 950 2852 mutabilem
996 2799 1313 2861 stationem,
1371 2799 1454 2851 vel
1491 2798 1696 2867 potius,
1741 2797 1888 2866 quod
1933 2797 2107 2867 magis

523 2891 750 2962 proprie
781 2898 888 2955 est,
921 2890 1240 2955 dicendum,
1272 2890 1344 2943 ob
1378 2889 1633 2944 stabilem
1665 2889 2102 2943 ﬂuctuationem.

522 2981 580 3035 Id
603 2980 749 3050 quod
772 2980 941 3034 etiam
970 2980 1171 3032 mirum
1195 2986 1301 3042 est,
1333 2979 1629 3033 stationem
1660 2978 1848 3032 videre
1882 2992 2106 3046 semper

2212 2524 2366 2596 ῥητῷ
2395 2521 2704 2593 τολμῶμεν,
2753 2520 3057 2588 φάσκοντες
3119 2522 3217 2591 τὴν
3260 2519 3363 2572 τῶν
3403 2518 3551 2588 μέσων
3574 2516 3683 2583 τυχὸν

2214 2616 2505 2689 προϐολὴν,
2541 2615 2684 2668 κατὰ
2708 2614 2770 2666 τὸ
2802 2615 2914 2667 ἴσον
2938 2615 3047 2667 ἀπὸ
3068 2614 3176 2666 τῶν
3191 2614 3364 2684 ἄκρων
3388 2611 3576 2680 ἔχουσαν
3594 2607 3685 2659 ἀπό-

2216 2725 2427 2770 στασιν,
2461 2707 2712 2773 παίγνιον
2767 2706 3026 2777 εἰρῆσθαι
3073 2706 3209 2760 θεοῦ
3250 2706 3327 2776 τῷ
3358 2705 3548 2775 μεγάλῳ
3585 2703 3685 2755 διδα-

2215 2800 2423 2870 σκάλῳ,
2462 2799 2551 2853 διὰ
2599 2798 2697 2869 τὴν
2741 2798 3041 2869 ἐπίρρυτον
3073 2798 3251 2851 αὐτῶν
3284 2799 3371 2850 καὶ
3417 2795 3684 2849 εὐαλλοίωτω

2215 2894 2427 2953 στάσιν,
2469 2892 2671 2962 μᾶλλον
2702 2890 2778 2954 δὲ,
2808 2890 3079 2959 στάσιμον
3107 2889 3286 2959 ρεὗσιν
3316 2892 3472 2941 εἰπεῖν
3499 2885 3684 2942 οἰκειότε-

2215 3002 2328 3055 ρον.
2354 2984 2419 3036 Ὀ
2469 2984 2563 3036 καὶ
2596 2980 2921 3052 παράδοξον,
2955 2984 3149 3034 στάσιν
3191 2983 3274 3034 ἀεὶ
3312 2982 3510 3051 ῥέουσαν
3533 2978 3603 3030 καὶ
3625 2991 3685 3042 oz-

522 3075 884 3126 ﬂuctuantem
913 3081 971 3125 et
1013 3070 1314 3133 labentem,
1362 3079 1419 3124 et
1444 3069 1856 3123 ﬂuctuationem
1889 3083 2105 3137 semper

2220 3073 2453 3144 ρομένην
2481 3072 2729 3137 θεᾶσθαι,
2781 3074 2875 3127 καὶ
2931 3072 3122 3141 ρεὗσιν
3153 3072 3443 3142 ἀεικίνητον
3475 3083 3685 3139 προνοητιο

521 3163 809 3226 mobilem,
861 3161 1090 3230 provide
1143 3175 1337 3213 eorum
1399 3160 1872 3213 emendandorum
1932 3160 2105 3229 gratia

521 3255 796 3309 divinitus
849 3256 1216 3322 excogitatam
1263 3268 1386 3321 qua:
1437 3253 1935 3318 administrantur,
1982 3267 2105 3322 quae

522 3346 774 3415 erudire,
802 3344 1164 3413 eruditosque
1191 3344 1259 3397 ad
1293 3344 1620 3413 sapientiam
1661 3344 1937 3399 deducere
1986 3359 2107 3413 pos-

521 3443 627 3500 set,
664 3443 725 3488 ut
755 3449 907 3503 spem
941 3448 1095 3487 suam
1121 3432 1256 3486 alibi
1300 3431 1677 3487 collocandam
1715 3431 2101 3496 transferrent,

520 3536 690 3596 atque
724 3525 780 3578 in
808 3524 915 3579 ﬂne
947 3526 1069 3594 ejus
1103 3524 1159 3577 in
1194 3523 1331 3592 ipsis
1357 3524 1605 3594 mysterii
1632 3523 1700 3576 ad
1728 3524 1898 3577 Deum
1937 3522 2105 3575 incli-

522 3617 711 3671 nando
778 3616 1013 3670 ﬁrmiter
1072 3630 1132 3669 se
1203 3631 1304 3684 per
1356 3616 1592 3685 gratiam
1639 3614 1956 3668 deiﬁcatum
2034 3612 2103 3665 iri

525 3707 845 3764 crederent.
895 3705 1074 3761 Media
1132 3715 1320 3761 autem
1387 3706 1513 3760 dico
1572 3721 1779 3761 eorum
1836 3721 1959 3774 qua»
2016 3704 2102 3757 vel

522 3814 672 3854 nunc
718 3798 999 3852 hominem
1028 3797 1282 3852 comitari
1309 3797 1589 3860 videntur,
1639 3798 1727 3851 vel
1789 3798 1842 3851 in
1899 3797 2105 3866 quibus

522 3894 694 3946 homo
724 3899 832 3954 est,
862 3890 1398 3944 consummationem
1426 3929 1440 3953 ,
1491 3889 1876 3943 extremitates
1913 3896 2103 3943 contra

519 3999 717 4038 corum
736 3997 858 4051 qua:
884 3996 995 4035 non
1022 3981 1282 4035 videntur
1300 3995 1403 4035 nec
1433 3988 1702 4049 apparent
1728 3995 1958 4049 quaeque
1979 3993 2104 4033 eer—

522 4074 736 4129 tissime
790 4073 922 4126 olim
958 4071 1291 4125 comitatura
1338 4078 1466 4123 sunt
1521 4069 1805 4123 hominem
1843 4068 2103 4121 substan-

523 4166 680 4227 tiam,
717 4179 840 4233 qua:
871 4162 1091 4232 preprie
1115 4178 1179 4216 ac
1196 4176 1325 4216 vere
1348 4160 1653 4215 secundum
1690 4159 2023 4213 ineﬂ'abilem
2049 4166 2105 4213 et

523 4256 883 4327 principalem
902 4253 1065 4307 ﬁnem
1084 4262 1141 4308 et
1163 4254 1431 4307 rationem
1449 4253 1651 4305 divina:
1669 4252 1928 4305 bonitatis
1949 4250 2106 4304 insti-

524 4356 642 4402 tuta
665 4356 827 4416 atque
846 4346 987 4400 facta
1010 4354 1157 4399 sunt.
1180 4344 1650 4411 Quemadmodum
1672 4343 1892 4411 sapiens
1914 4342 2072 4395 Eccle
2091 4370 2104 4380 -

523 4438 719 4492 siastes
751 4452 1007 4507 tnagnum
1030 4444 1085 4489 et
1117 4437 1326 4490 clarum
1347 4436 1543 4489 animae
1575 4435 1798 4489 oculum
1836 4434 1890 4487 in
1910 4446 2103 4487 eorum

522 4543 647 4598 qua:
664 4528 924 4582 videntur
942 4535 997 4581 et
1017 4527 1283 4580 ﬂuctuant
1307 4526 1720 4596 generationem
1745 4532 2099 4581 convertens,

521 4628 580 4673 et
604 4620 759 4688 quasi
794 4619 847 4671 in
874 4618 1091 4672 visione
1133 4633 1329 4670 eorum
1355 4632 1477 4685 quze
1527 4631 1658 4671 vere
1711 4622 1841 4668 sunt
1877 4612 2102 4668 condita

524 4718 689 4778 atque
715 4712 853 4763 facta
870 4711 1208 4763 constitutus
1235 4710 1344 4763 ait:
1374 4708 1511 4773 Quid
1539 4719 1613 4762 est
1635 4707 1772 4778 quod
1804 4707 1903 4776 fuit
1923 4706 2095 4759 nYet:

525 4804 666 4870 Quid
694 4807 925 4874 estquod
951 4806 1149 4874 factum
1183 4805 1289 4858 est?
1318 4804 1499 4875 Ipsum
1523 4805 1661 4875 quod
1687 4803 1775 4872 [iet
1795 4812 1816 4835 °
1853 4821 1866 4857 :
1902 4818 2097 4858 eorum

527 4893 787 4948 videlicet
804 4911 1013 4949 memor
1027 4911 1148 4965 qua:
1167 4895 1218 4948 in
1233 4896 1507 4965 principio
1520 4911 1749 4965 qumque
1765 4895 1816 4948 in
1832 4894 1937 4948 ﬂne
1948 4903 2097 4961 sunt,

527 4992 592 5038 ut
610 5000 732 5054 quae
759 4986 951 5040 eadem
977 4987 1091 5040 sint
1104 4995 1160 5041 et
1184 4987 1511 5051 reverasint,
1530 5001 1655 5040 cum
1684 5001 1878 5040 eorum
1909 4996 2103 5040 contra

522 5091 650 5147 qua;
680 5077 734 5131 in
770 5077 951 5131 medio
983 5085 1111 5131 sunt
1145 5086 1202 5131 et
1243 5085 1581 5147 praetereunt
1611 5077 1765 5130 nullo
1814 5075 1888 5129 ibi
1936 5073 2102 5128 modo

524 5166 862 5225 meminerit.
920 5168 1215 5237 Postquam
1269 5169 1421 5223 enim
1468 5169 1732 5238 magister
1784 5166 1934 5237 quod
1983 5166 2100 5235 ipse

522 5259 833 5332 praesertim
882 5260 1099 5330 egregie
1141 5270 1395 5329 poterat,
1445 5260 1514 5314 de
1551 5258 1821 5329 peculiari
1861 5257 2099 5327 quadam

521 5351 848 5406 animalium
874 5357 932 5404 ct
979 5351 1221 5420 lapidum
1260 5361 1457 5406 natura
1485 5393 1498 5415 ,
1536 5368 1601 5406 ac
1654 5350 1985 5420 simpliciter
2023 5349 2094 5405 de

524 5442 719 5497 multis
752 5442 965 5497 inﬁnite
1005 5459 1125 5512 quae
1156 5444 1209 5497 in
1248 5445 1415 5499 rebus
1456 5443 1852 5497 exsistentibus
1900 5443 2096 5497 obser-

523 5539 728 5587 vantur
752 5534 1072 5603 disputavit,
1109 5535 1196 5589 his
1221 5536 1374 5591 addit
1405 5552 1418 5588 :
1452 5554 1470 5587 ι
1506 5534 1672 5589 Ludit
1700 5535 1847 5589 enim
1878 5550 2095 5590 summa

588 5696 630 5726 ιιι
663 5684 804 5740 Psal.
837 5700 945 5749 xu,
978 5686 1028 5740 8.
1082 5696 1104 5723 η
1138 5688 1316 5743 Eeclc.
1353 5705 1389 5752 ι,
1418 5689 1473 5743 9.

2212 3166 2325 3227 κῶς
2371 3168 2473 3234 τῆς
2529 3166 2638 3217 τῶν
2690 3164 3165 3234 οἰκονομουμένων
3210 3164 3387 3215 ἕνεκεν
3436 3160 3684 3230 βελτιώσεως

2214 3255 2399 3309 θεόθεν
2429 3254 2878 3324 ὲπινενοημένην,
2917 3256 3049 3317 τοὺς
3085 3254 3151 3306 δι’
3192 3253 3354 3323 αὐτῆς
3394 3250 3685 3316 παιδαγωγου-

2217 3348 2414 3417 μένους
2442 3347 2662 3416 σοφίσαι
2704 3346 3036 3415 δυναμένην,
3067 3343 3297 3414 ἀλλαχοῦ
3348 3337 3685 3413 μεταστήσεσίὴι

2214 3439 2432 3501 πάντως
2455 3438 2714 3501 ἐλπίζειν,
2742 3437 2836 3489 καὶ
2870 3438 3049 3506 πέρας
3080 3436 3176 3488 τοῦ
3219 3437 3331 3489 κατ’
3358 3433 3504 3501 αὐτὴν
3525 3430 3591 3481 ἔπ’
3616 3426 3685 3479 αὑ-

2210 3532 2323 3592 τοῖς
2357 3530 2659 3599 μυστηρίου
2686 3530 2751 3598 τῇ
2788 3527 2925 3598 πρὸς
2944 3504 3092 3579 -Θεὸν
3116 3527 3290 3580 νεύσει
3318 3524 3521 3596 βεϐαίως
3542 3518 3684 3577 διὰτῆὅ
3728 3504 3736 3521 ’

2211 3624 2432 3692 χάριτος
2461 3621 2839 3691 θεωθήσεσθαι
2875 3620 3183 3674 πιστεύειν.
3220 3622 3368 3674 Μὲσα
3392 3619 3442 3671 δὲ
3475 3614 3591 3679 λέγω
3620 3609 3682 3679 τὴν

2211 3713 2318 3765 τῶν
2348 3712 2645 3782 ὁρωμένων
2674 3713 2769 3765 καὶ
2807 3711 2903 3764 νῦν
2946 3712 3079 3782 περὶ
3108 3712 3198 3765 τὸν
3235 3711 3494 3780 ἄνθρωπον
3518 3696 3682 3764 όντωνῆ

2210 3803 2269 3854 ὲν
2308 3797 2389 3865 οἷς
2420 3804 2447 3855 6
2476 3802 2761 3876 ἄνθρωπος
2800 3802 3221 3874 συμπλήρωσιν,
3267 3802 3402 3872 ἄκρα
3425 3798 3474 3851 δὲ
3512 3796 3590 3865 τὴν
3613 3790 3684 3844 τῶν

2214 3894 2289 3965 μὴ
2350 3896 2692 3963 φαινομένων
2738 3894 2832 3947 καὶ
2871 3895 3001 3964 περὶ
3049 3896 3144 3949 τὸν
3193 3893 3464 3964 ἄνθρωπον
3509 3883 3683 3956 etimit};

2210 3986 2432 4039 ἔσεσθαι
2486 3986 2790 4055 μελλόντων
2843 3986 3167 4052 ὑπόστασιν,
3195 3986 3300 4037 τῶν
3327 3983 3507 4052 κυρίως
3545 3995 3591 4030 τε
3620 3974 3684 4027 κιὶ

2218 4078 2434 4147 ἀληθῶς
2459 4078 2599 4131 κατὰ
2630 4078 2722 4130 τὸν
2751 4078 2988 4148 ἄρρητον
3016 4078 3115 4131 καὶ
3147 4075 3520 4149 προηγούμενον
3544 4064 3685 4121 σκοπόν

2210 4187 2268 4222 τε
2299 4169 2393 4221 καὶ
2423 4169 2580 4236 λόγον
2608 4168 2708 4236 τῆς
2739 4168 2890 4229 θείας
2932 4167 3270 4236 ἁγαθότητος
3300 4158 3624 4231 πεποιημένω
3646 4166 3683 4202 τι

2212 4260 2308 4312 καὶ
2335 4258 2741 4327 γεγενημένων.
2806 4255 3002 4319 Καθὼς
3048 4259 3077 4309 ό
3130 4256 3289 4323 σοφὸς
3345 4243 3685 4317 Ἐκκλησιαστὴς

2215 4348 2435 4419 μεγάλῳ
2489 4364 2548 4399 τε
2591 4347 2689 4399 καὶ
2747 4346 2930 4416 τρανῷ
2981 4347 3163 4417 ψυχῆς
3227 4346 3423 4415 ὄμματι
3466 4339 3555 4393 τῶν
3592 4338 3685 4402 6pm-

2213 4440 2390 4508 μένων
2444 4454 2505 4489 τε
2561 4437 2654 4490 καὶ
2708 4439 2942 4508 ῥεόντων
2997 4435 3321 4508 ὑπερκύψας
3373 4432 3463 4502 τὴν
3514 4425 3683 4495 γένεεινι

2210 4530 2303 4584 καὶ
2363 4524 2475 4582 οἷον
2534 4531 2591 4580 ὲν
2648 4528 2921 4599 φαντασίᾳ
3000 4530 3112 4582 τῶν
3193 4525 3398 4595 ἀληθῶς
3452 4512 3684 4581 πιτωιημέ·

2207 4638 2315 4674 νων
2349 4636 2408 4672 τε
2464 4620 2557 4672 καὶ
2602 4622 2988 4688 γεγενημένων
3039 4619 3329 4688 γενόμενος
3354 4630 3368 4645 ⁶
3402 4613 3454 4667 Τί
3480 4612 3534 4663 τὸ
3572 4616 3685 4675 T52"

2199 4711 2502 4779 ημένονς
2576 4709 2723 4763 αὐτὸ
2792 4711 2859 4762 τὸ
2941 4711 3379 4778 γενησόμενον-ο
3427 4702 3509 4756 καί
3564 4697 3605 4749 τι
3643 4690 3683 4741 τι)

2206 4800 2657 4869 πεποιημένον;
2700 4802 2878 4864 Αὐτὸ,
2927 4804 3080 4871 φησὶ,
3137 4801 3207 4854 τὸ
3254 4794 3682 4863 ποιηθησόμενον“

2202 4894 2311 4946 τῶν
2339 4893 2571 4963 πρώτων
2617 4892 2815 4963 δηλαδὴ
2855 4886 2949 4946 καὶ
3003 4894 3113 4944 τῶν
3164 4889 3471 4945 τελευταίων
3513 4885 3681 4945 ἐπιμνη-

2207 4986 2377 5049 σθεὶς,
2416 4984 2489 5047 ὡς
2520 4986 2629 5037 τῶν
2656 4985 2839 5037 αὐτῶν
2864 4984 3034 5038 ὄντων
3062 4986 3161 5037 καί⁵
3189 4981 3397 5052 ἀληθῶς
3432 4977 3590 5031 όντωνν
3612 4964 3683 5017 τῶν

2200 5080 2258 5133 δὲ
2286 5080 2466 5150 μέσων
2492 5078 2588 5131 καὶ
2613 5078 3043 5149 παρερχομένων
3064 5077 3296 5140 οὐδόλως
3324 5072 3457 5127 κατὰ
3478 5067 3553 5119 τὸν
3571 5059 3682 5113 τόπον

2206 5168 2485 5240 μνησθείς.
2510 5169 2664 5222 Μετὰ
2688 5172 2797 5239 γὰρ
2826 5167 2887 5220 τὸ
2915 5167 3172 5232 ἐξελθεῖν,
3204 5166 3278 5229 ὡς
3303 5159 3409 5218 οἷόν
3426 5175 3479 5213 τε
3495 5153 3550 5227 ἦν
3567 5160 3683 5222 μεγι-

2201 5259 2412 5327 λοφυῶἶ
2667 5259 2723 5327 α)
2758 5259 2997 5328 μάλιστα
3024 5259 3117 5312 τὸν
3144 5254 3471 5315 διδάσκαλον,
3494 5242 3596 5316 περί
3628 5252 3681 5330 τξ⁴

2203 5322 2291 5414 vi;
2320 5322 2720 5420 φύσεξξξῖδων
2750 5322 2844 5403 atati.
2870 5351 3052 5413 λίθων,
3083 5350 3181 5403 και
3208 5348 3390 5409 ἁπλῶς
3418 5322 3682 5395 animt!-

2203 5465 2343 5509 στως
2376 5448 2505 5518 περὶ
2540 5445 2752 5499 πολλῶν
2799 5444 2907 5498 τῶν
2938 5448 2995 5498 ὲν
3027 5448 3141 5507 τοῖς
3182 5444 3302 5497 οὖσι
3354 5427 3678 5518 θεωρουμένωξν

2199 5506 2708 5617 επιςρέρξιιτούτοιςο
2745 5555 2763 5590 ι
2812 5537 3001 5602 Παίζει
3037 5535 3145 5606 γὰρ
3178 5534 3346 5603 Λόγος
3370 5528 3515 5589 alsia;
3546 5522 3590 5573 tv
3628 5506 3681 5563 κί’
