3946 6206
219 274 337 339 1413

1391 276 1909 338 AMBIGUORUM
1949 279 2199 339 LIBER.

3260 342 3265 347 δ
3298 267 3428 335 1414

216 385 315 441 δεσι
344 384 747 452 παντοδαποῖσι,
795 385 986 459 κρίνας
1013 384 1087 449 ὡς
1135 385 1181 417 ⁸⁸
1216 383 1388 438 ἐθέλει
1432 388 1637 456 κόσμον
1682 388 1769 440 έὶν

1900 390 2030 445 tatio
2084 391 2138 444 in
2184 389 2376 445 formis
2426 387 2791 454 omnimodis,
2832 386 3155 443 discernens
3192 386 3441 457 qualibet

220 477 332 533 ῑνθα
362 480 458 532 καὶ
491 478 621 532 ἔνθα
648 479 781 549 (70).
813 498 833 531 ι
881 480 1112 549 Μήποτε
1140 476 1236 530 οὖν
1264 476 1447 540 καθὼς
1495 478 1654 542 αὐτὸς
1710 479 1768 532 ὲν

1900 484 2139 538 nundum
2168 498 2329 539 suum
2364 484 2494 539 hinc
2521 493 2578 539 et
2606 483 2777 538 illinc.
2814 502 2831 535 ι
2867 484 3058 538 Nonne
3088 482 3256 553 igitur
3289 480 3443 535 simi-

221 570 289 642 τῷ
310 571 405 640 τῆς
426 570 591 638 ἁγίας
611 571 994 640 Πεντηκοστῆς
1021 570 1163 640 λόγῳ
1184 568 1337 638 φησὶ,
1364 568 1493 639 περὶ
1519 569 1770 639 θεότητος

1861 573 1998 629 liter
2028 583 2191 645 atque
2223 576 2341 645 ipse
2370 575 2425 630 in
2468 590 2721 630 sermone
2765 589 2933 629 sacrae
2966 575 3337 635 Pentecostes,
3373 573 3442 625 de

225 660 419 728 διεξιὼν
445 662 539 714 καὶ
566 662 791 732 κτιστῆς
814 661 1048 730 φύσεως,
1074 680 1093 713 ι
1114 661 1252 723 Ἕως
1273 661 1531 730 ἑκάτερον
1557 661 1649 712 ἐπὶ
1673 661 1770 729 τῆς

1900 668 1987 721 leo
2033 675 2089 721 et
2121 666 2341 721 condita
2394 679 2589 721 natura
2638 666 2939 730 disserens,
2988 665 3065 719 ait
3113 684 3131 716 ι
3187 663 3443 731 Quandiu

225 750 346 812 ίδίας
373 748 548 818 μένει,
595 750 657 803 τὸ
689 749 787 820 μὲν
826 749 1133 819 πριωπῆς,
1161 746 1223 802 τδ
1268 748 1324 801 δὲ
1363 747 1767 812 ταπεινώσεως,

221 841 433 912 ἄμικτος
452 842 483 911 ἡ
507 840 778 911 άγαθὸτης
801 841 893 894 καὶ
906 840 963 894 τὸ
981 839 1361 911 φιλάνθρωπον
1388 837 1771 907 ἀκοινώνητον,

222 933 304 986 καὶ
316 934 498 1003 χάσμα
514 932 654 1003 μέγα
674 935 732 985 ἐν
751 932 900 1005 μέσῳ
913 935 1006 986 καὶ
1019 932 1324 996 άδιάϐατον,
1343 932 1402 984 οὐ
1417 931 1507 984 τὸν
1524 930 1775 983 πλούσιον

222 1022 302 1077 τοῦ
333 1022 585 1093 Λαζάρου
613 1022 837 1077 καὶτῶν
866 1023 1108 1094 ὀρεκτῶν
1151 1022 1246 1076 τοῦ
1289 1021 1540 1094 Ἀϐραάμ
1563 1020 1777 1073 κόλπων

220 1115 460 1185 διεῖργον,
492 1117 672 1170 πᾶσαν
696 1114 755 1168 δὲ
792 1114 893 1185 τὴν
932 1114 1168 1184 γενητὴν
1216 1114 1376 1183 φύσιν
1424 1114 1519 1167 καὶ
1551 1111 1778 1183 ῥέουσαν

220 1205 308 1275 τῆς
355 1205 621 1275 άγενήτου
670 1222 763 1257 και
799 1204 1127 1274 ὲστηκυίας;
1169 1224 1188 1256 ι
1248 1198 1317 1274 ’ῼ
1347 1203 1675 1273 παρεμφερῆ
1720 1217 1779 1253 τε

222 1293 307 1347 καὶ
331 1294 493 1363 ὃμοια
540 1294 636 1347 καὶ
662 1296 691 1348 ὁ
717 1294 982 1365 θεηγόρος
1026 1294 1198 1363 μέγας
1233 1294 1568 1363 διεξέρχεται
1593 1291 1780 1345 Διονύ-

224 1401 324 1446 σιος
379 1384 407 1435 ὁ
453 1384 848 1455 ’Δρεοπαγίτης
891 1388 1135 1451 φάσκων·
1185 1402 1203 1435 ι
1228 1382 1533 1452 Τολμητέον
1582 1382 1639 1435 δὲ
1690 1381 1783 1434 καὶ

222 1476 368 1530 τοῦτο
399 1476 540 1548 ὑπὲρ
565 1477 823 1545 ἀληθείας
853 1478 1049 1540 είπεῖν,
1088 1478 1168 1529 ὅτι
1200 1478 1290 1529 καὶ
1316 1474 1479 1538 αὐτὸς
1513 1477 1542 1527 ὀ
1569 1474 1783 1526 πάντων

224 1567 386 1631 αἴτιος
429 1567 505 1637 τῷ
554 1566 705 1637 καλῷ
747 1567 846 1620 καὶ
891 1565 1081 1636 ἀγαθῷ
1121 1565 1230 1618 τῶν
1259 1567 1476 1619 πάντων
1514 1564 1676 1633 ἔρωτι
1717 1561 1784 1615 δι’

226 1656 522 1727 ὑπερϐολὴν
579 1656 678 1726 τῆς
727 1657 999 1726 ἐρωτικῆς
1060 1656 1394 1725 ἀγαθότητος
1445 1654 1549 1718 ἔξω
1591 1650 1784 1706 ἑαυτοῦ

1874 764 2107 825 uterque
2138 756 2193 810 in
2225 756 2467 826 propriis
2492 756 2779 819 manserit,
2814 758 2959 812 Deus
3004 756 3216 811 scilicet
3262 754 3317 807 in
3345 768 3445 808 sua

1875 847 2120 917 specula,
2166 855 2223 901 et
2269 847 2435 902 homo
2461 848 2514 901 in
2557 848 2870 902 humilitate
2913 864 3032 911 sua,
3080 862 3184 901 nec
3225 845 3450 899 bonitas

1867 937 2223 1004 miscebitur,
2277 952 2381 992 nec
2414 937 2730 1007 benignitas
2759 938 3261 993 communicabitur
3284 978 3299 1002 ,
3350 934 3447 990 sed

1877 1029 1986 1083 erit
2014 1044 2244 1098 magnus
2266 1037 2322 1083 et
2349 1045 2459 1083 non
2496 1029 2855 1099 permeabilis
2875 1029 3060 1083 hiatus
3080 1029 3405 1098 interiectus
3433 1065 3448 1087 ,

1878 1136 1991 1175 non
2017 1120 2246 1174 divitem
2279 1136 2308 1174 a
2340 1119 2545 1175 Lazaro
2574 1128 2632 1174 et
2658 1120 2906 1189 expetito
2932 1119 3167 1173 Abrahae
3204 1118 3329 1171 sinu
3366 1115 3454 1169 di—

1879 1212 2085 1268 rimens
2113 1223 2162 1276 P,
2200 1228 2391 1266 verum
2420 1220 2765 1281 procreatam
2793 1222 2848 1266 et
2870 1209 3071 1264 ﬂuxam
3101 1216 3356 1262 naturam
3386 1208 3456 1261 ab

1883 1303 2127 1357 increata
2165 1311 2220 1357 et
2258 1302 2508 1357 stabili?»
2542 1302 2638 1355 llis
2672 1310 3042 1355 consentanea
3070 1308 3235 1368 atque
3259 1298 3458 1352 similia

1882 1412 2114 1465 magnus
2138 1397 2233 1449 Dei
2256 1411 2433 1465 prmco
2456 1396 2802 1464 persequitur
2822 1394 3115 1464 Dionysius
3134 1391 3458 1461 Areopagita

1885 1487 2078 1541 dicens
2107 1506 2120 1541 :
2147 1507 2165 1538 ι
2198 1489 2333 1541 Nam
2366 1488 2683 1541 audendum
2711 1494 2797 1540 est
2818 1488 2922 1539 hoc
2939 1486 3104 1539 etiam
3128 1484 3196 1536 de
3223 1482 3459 1536 veritate

1886 1578 2093 1641 dicere,
2135 1578 2279 1647 quod
2312 1579 2546 1647 ipsemet
2574 1578 2822 1630 omnium
2854 1592 3037 1629 rerum
3062 1575 3185 1628 fons
3213 1582 3267 1627 et
3296 1588 3460 1627 causa
3514 1646 3517 1651 Γ

1888 1671 2120 1739 pulchro
2157 1679 2213 1724 et
2251 1671 2397 1724 bono
2434 1677 2762 1724 cunctorum
2790 1682 3001 1731 amore,
3026 1676 3251 1734 propter
3279 1677 3467 1717 exces-
3512 1656 3518 1685 ³

223 1748 445 1817 γίνεται,
475 1750 595 1810 ταῖς
636 1750 716 1811 εἰς
753 1749 823 1802 τά
854 1748 985 1802 ὅντα
1018 1747 1196 1801 πάντα
1225 1746 1521 1817 προνοίαις,
1555 1748 1650 1799 καὶ
1676 1741 1786 1813 οἷον

1900 1776 2014 1816 sum
2051 1761 2317 1816 bonitatis
2363 1760 2755 1815 amantissima:
2796 1767 2951 1812 extra
2994 1772 3053 1810 se
3098 1753 3317 1809 exsistit
3364 1766 3464 1821 per

226 1839 514 1906 ἀγαθότητι
546 1839 639 1892 καὶ
671 1838 953 1908 ἀγαπήσει
985 1840 1078 1891 καὶ
1105 1837 1267 1908 ἔρωτι
1306 1836 1577 1904 θέλγεται,
1606 1836 1699 1887 καὶ
1730 1838 1793 1887 ὲκ

226 1926 314 1979 τοῦ
353 1928 493 1995 ὑπὲρ
521 1928 701 1980 πάντα
743 1928 838 1981 καὶ
872 1928 1048 1980 πάντα
1079 1926 1177 1980 καὶ
1205 1926 1422 1993 πάντων
1454 1923 1792 1995 ἐξῃρημένον

228 2016 356 2087 πρὸς
389 2018 449 2068 τὸ
486 2018 541 2068 ὲν
592 2019 726 2070 πᾶσι
761 2017 1079 2083 κατάγεται,
1124 2017 1240 2068 κατ’
1273 2015 1594 2084 ἐκστατικὴν
1627 2014 1794 2082 ὑπερ-

229 2106 399 2158 ούσιον
448 2104 678 2177 δύναμιν
725 2104 1112 2174 ἀνεκφοίτητον
1141 2104 1335 2159 ἑαυτοῦ
1362 2104 1496 2174 (Ἠ).
1530 2123 1548 2156 ι
1583 2105 1795 2173 Μήπως

227 2193 335 2261 οὖν,
362 2195 542 2259 καθὼς
578 2195 737 2266 ἔφην,
775 2199 887 2250 κάκ
910 2198 1113 2250 τούτων
1142 2198 1234 2249 τὸν
1262 2193 1527 2264 περὶτοῦ,
1562 2213 1580 2241 ι
1606 2194 1795 2257 Παίζει

227 2289 331 2359 γάρ
384 2288 558 2355 Λόγος
602 2288 792 2353 αίπὺς,
826 2305 845 2339 ι
891 2289 1166 2358 ὲπιτόμως
1214 2284 1548 2341 ἀποδοθέντα
1596 2284 1796 2356 τρόπον

228 2377 535 2443 ἐξαπλῶσαι
568 2377 710 2429 κατὰ
732 2376 973 2432 διάνοιαν
997 2375 1253 2444 τοιαύτην
1283 2376 1413 2446 ἡμῖν
1443 2372 1797 2427 ὲστιδυνατδν

230 2469 546 2537 φάσκουσιν,
594 2466 809 2538 ’Ὠσπερ
853 2466 905 2520 οί
958 2469 1135 2535 γονεῖς
1182 2465 1293 2534 (ἵνα
1335 2468 1449 2528 τοῖς
1494 2464 1617 2517 καθ’
1649 2464 1796 2534 ἡμᾶς

230 2558 630 2627 παραδείγμασι
686 2559 979 2629 χρήσωμαι
1032 2559 1111 2621 είς
1162 2558 1262 2627 τὴν
1316 2556 1425 2609 τῶν
1468 2555 1608 2626 ὑπὲρ
1650 2555 1798 2625 ἡμᾶς

231 2649 568 2720 πραγμάτων
598 2648 969 2719 ὑπογραφὴν),
1008 2648 1260 2720 ἀφορμάς
1279 2650 1392 2721 τοῖς
1420 2646 1627 2709 τέκνοις
1655 2662 1800 2719 παρ-

230 2740 438 2810 έχοντες
489 2736 591 2810 τὴν
643 2736 946 2793 νωθεῖαν³⁷
986 2735 1379 2789 ἀποσείσασθαι
1453 2734 1800 2803 συγκαταϐά-

231 2847 365 2894 σεως
393 2830 618 2902 τρόπῳ,
673 2828 890 2882 δοκοῦσι
936 2830 1078 2882 κατὰ
1128 2829 1544 2899 συμπεριφορὰν
1575 2824 1799 2880 παιδικὰ

229 2926 455 2991 παίγνια
497 2921 757 2991 μετιέναι,
786 2920 862 2983 ὡς
899 2921 1032 2991 φέρε
1074 2920 1248 2972 είπεῖν
1285 2917 1655 2989 καρυατίζειν,
1705 2916 1800 2970 καὶ

228 3014 591 3086 ἁδτραγάλοις
636 3012 755 3083 μετ’
803 3011 980 3066 αὐτῶν
1037 3009 1577 3082 συμπεριφέρεσθαι,
1628 3009 1661 3079 ἢ
1706 3009 1799 3062 καὶ

230 3106 362 3176 άνθη
394 3104 669 3175 πολύχροα
698 3103 907 3165 τούτοις
953 3101 1361 3173 παρατιθέντες,
1405 3103 1497 3153 καὶ
1539 3100 1719 3171 (263
1749 3099 1801 3169 b)

232 3197 556 3265 πολυϐαφείς
610 3195 841 3267 ἐσθῆτας
907 3194 1015 3248 τῶν
1059 3193 1365 3265 αἰσθήσεων
1418 3193 1803 3264 θελκτηρίους,

233 3290 447 3358 ἀπῆγον
486 3288 518 3360 ἢ
555 3288 945 3357 κατέπληττον,
979 3286 1053 3349 ὡς
1079 3285 1186 3339 τῶν
1211 3284 1421 3338 παίδων
1450 3287 1644 3355 ἑτέραν
1672 3287 1808 3346 τέως

233 3380 495 3451 ἐργασίαν
533 3380 634 3433 οὐκ
659 3379 914 3449 ἐχόντων,
949 3376 1087 3446 μετὰ
1118 3375 1289 3445 βραχὺ
1309 3375 1365 3427 δὲ
1391 3375 1483 3426 καὶ
1515 3374 1807 3442 παιδευτη-

234 3474 369 3546 ρίοις
419 3473 615 3533 αὐτοὺς
666 3470 774 3522 τῶν
819 3468 1021 3536 γονέων
1072 3464 1494 3537 παραδιδόντων,
1538 3461 1659 3517 εἶτα
1717 3464 1811 3514 καὶ

230 3562 394 3631 λόγου
423 3558 753 3629 τελεωτέρου
795 3556 889 3610 καὶ
934 3556 1279 3625 πραγμάτων
1322 3554 1468 3606 ίδίων
1499 3552 1809 3621 μεταδιδόν-

228 3670 361 3720 των,
386 3650 531 3707 οὕτω
556 3651 717 3721 τυχὸν
759 3649 856 3702 καὶ
888 3647 979 3700 τὸν
1012 3647 1104 3701 ἐπὶ
1159 3647 1380 3700 πάντων
1412 3644 1543 3697 Θεόν
1571 3659 1703 3713 φησι
1724 3642 1812 3694 διὰ.

228 3748 342 3803 τῶν
374 3746 678 3816 εἰρημένων
704 3743 732 3794 ὁ
760 3740 1078 3802 διδάσκαλος
1114 3739 1202 3793 διά
1246 3740 1345 3807 τῆς
1394 3736 1531 3798 τέως
1575 3734 1812 3805 ίστοριώ-

228 3837 357 3901 δους
388 3837 496 3891 τῶν
530 3835 870 3905 φαινομένων
903 3832 1218 3901 κτισμάτων
1260 3828 1474 3899 φύσεως
1507 3828 1587 3889 είς
1610 3825 1813 3898 ἔκπλη-

235 3928 319 3995 ξιν
348 3929 384 4000 ἢ
425 3928 518 3981 καὶ
545 3907 861 3994 ἀπαγωγὴν⁸
891 3924 979 3978 διὰ
1019 3924 1117 3994 τῆς
1166 3920 1345 3976 αὐτῶν
1377 3921 1503 3984 θέας
1547 3919 1640 3973 καὶ
1668 3918 1811 3988 γνώ-

235 4038 376 4086 σεως
438 4020 533 4076 νῦν
584 4021 732 4092 ἡμᾶς
785 4013 874 4071 οἷα
938 4017 1133 4087 κομιδῇ
1187 4016 1381 4076 παῖδας
1438 4011 1809 4084 ἐμϐάλλοντα,

233 4113 430 4168 ἔπειτα
484 4111 577 4167 καὶ
629 4111 729 4183 τὴν
779 4108 886 4163 τῶν
943 4110 1001 4160 ὲν
1049 4107 1233 4168 αὐτοῖς
1284 4103 1812 4173 πνευματικωτέρων

233 4205 414 4273 λόγων
461 4203 694 4275 θεωρίαν
752 4199 982 4261 ὲνιέντα,
1048 4199 1142 4251 καὶ
1198 4196 1507 4249 τελευταῖον
1565 4196 1658 4249 ἐπὶ
1715 4194 1813 4263 τὴν

1894 1868 2080 1907 rerum
2127 1853 2372 1906 omnium
2410 1852 2812 1922 providentias,
2854 1859 2911 1903 et
2957 1848 3116 1917 quasi
3163 1846 3468 1899 delectatur

1893 1944 2167 2013 ejusmodi
2193 1943 2442 2019 bonitate
2471 1954 2528 1997 et
2558 1943 2826 1997 charitate
2860 1951 2915 1995 et
2951 1953 3161 2000 amore,
3207 1944 3285 2000 et,
3341 1949 3467 1988 cum

1895 2036 1966 2090 sit
2006 2051 2172 2106 supra
2204 2036 2389 2091 omnia
2412 2044 2468 2090 et
2496 2036 2679 2088 omnia
2708 2043 2764 2088 et
2787 2047 2853 2087 ex
2876 2031 3137 2086 omnibus
3157 2036 3466 2097 exemptus,

1896 2127 1964 2181 ad
2005 2127 2314 2180 universale
2339 2125 2652 2188 deducitur,
2682 2124 2985 2178 secundum
3012 2121 3337 2177 exstaticam
3373 2134 3470 2173 su-

1896 2218 2334 2286 pernaturalem,
2363 2233 2485 2286 qua:
2523 2217 2766 2284 seipsum
2806 2213 2954 2269 haud
3006 2213 3263 2270 deserat,
3300 2209 3475 2263 virtu-

1897 2312 2029 2359 tem.
2069 2324 2087 2357 ι
2126 2305 2379 2360 Fortasse
2412 2306 2600 2375 igitur,
2632 2313 2692 2358 ut
2727 2304 2864 2364 dixi,
2904 2318 3079 2356 meam
3107 2301 3277 2363 illius,
3307 2317 3324 2348 ι
3364 2298 3474 2351 Lu-

1898 2392 1980 2447 dit
2014 2393 2162 2447 enim
2195 2394 2356 2447 Ratio
2388 2409 2623 2458 summa,
2667 2409 2832 2463 quam
2884 2391 3077 2462 paucis
3115 2389 3344 2459 exposui
3385 2403 3476 2441 ra-

1899 2485 2105 2539 tionem
2126 2500 2193 2539 ex
2223 2484 2308 2537 his
2331 2500 2552 2554 quoque
2582 2494 2638 2539 et
2676 2485 2729 2538 in
2772 2485 2912 2538 hanc
2940 2483 3271 2537 sententiam
3301 2480 3477 2535 inter-

1898 2573 2106 2642 pretari
2151 2572 2315 2627 nobis
2368 2574 2552 2638 liceat,
2597 2574 2677 2627 uti
2721 2574 2975 2647 dicamus
3020 2590 3033 2624 :
3088 2571 3247 2625 Sicut
3284 2584 3479 2640 paren-

1902 2672 1985 2719 tes
2021 2666 2102 2732 (ut
2125 2674 2328 2719 nostra:
2360 2666 2485 2721 vitae
2517 2666 2785 2734 exemplis
2832 2673 2957 2718 utar
2986 2663 3053 2718 ad
3097 2677 3187 2717 res
3227 2677 3352 2731 quae
3387 2676 3480 2714 su-

1898 2766 2097 2827 perant
2117 2773 2218 2811 nos
2241 2755 2648 2827 delineandas),
2680 2758 2871 2827 pueris
2919 2757 3196 2826 pigritiam
3222 2763 3507 2809 excutere

1900 2847 2189 2901 studentes
2215 2845 2704 2900 condescensionis
2725 2845 2890 2898 modo
2916 2860 3036 2899 sese
3065 2842 3483 2898 accommodant

1899 2946 1954 2991 et
1979 2937 2214 3006 puerilia
2248 2936 2463 2991 ludicra
2524 2935 2683 3004 sequi
2740 2935 3025 2999 videntur,
3071 2934 3244 2988 veluti
3270 2934 3354 2987 fac
3381 2948 3485 2986 ηυ-

1830 3060 1876 3121 c
1904 3028 2065 3082 cibus
2108 3037 2165 3081 et
2190 3028 2314 3083 talis
2350 3028 2544 3082 ludere
2564 3035 2702 3080 'cum
2757 3027 2839 3081 eis
2908 3025 3353 3094 morigerantes,
3394 3022 3484 3076 vel

1906 3118 2072 3172 etiam
2103 3116 2267 3172 ﬂores
2288 3118 2536 3172 colorum
2575 3120 2848 3173 varietate
2884 3116 3180 3170 distinctos
3208 3122 3265 3169 et
3301 3120 3487 3167 vestes

1904 3209 2075 3264 variis
2099 3210 2384 3265 coloribus
2408 3210 2631 3274 tinctas,
2650 3226 2774 3279 quae
2799 3224 2995 3264 sensus
3022 3208 3322 3269 mulceant,
3358 3220 3491 3276 pro-

1904 3306 2212 3364 ponentes,
2266 3297 2512 3365 primum
2585 3307 2820 3352 avocant
2881 3306 2979 3351 aut
3041 3295 3491 3365 obstupefaciunt

1906 3401 2129 3453 pueros,
2171 3386 2279 3439 alio
2304 3402 2471 3455 opere
2511 3387 2756 3440 nondum
2779 3395 3102 3454 occupatos,
3153 3386 3319 3455 paulo
3362 3392 3488 3454 post

1906 3490 2040 3529 vero
2059 3475 2191 3528 ludo
2215 3476 2487 3530 litterario
2512 3476 2759 3545 ipsisque
2790 3476 3143 3545 disciplinam
3177 3476 3486 3545 graviorem

1908 3565 2159 3630 tradunt,
2183 3574 2240 3620 et
2270 3568 2511 3636 propriis
2542 3567 2781 3636 negotiis
2810 3566 3068 3621 imbuunt
3102 3585 3116 3620 :
3147 3566 3229 3621 sic
3250 3566 3489 3620 fortasse

1909 3657 2077 3711 etiam
2132 3672 2318 3711 rerum
2350 3658 2739 3714 universarum
2769 3660 2942 3714 Deum
2978 3659 3167 3713 verbis
3205 3658 3329 3713 istis
3370 3674 3491 3713 ma-

1910 3747 2080 3818 gister
2106 3762 2205 3816 per
2246 3763 2430 3802 rerum
2478 3757 2789 3804 ereatarum
2835 3765 2960 3818 quae
3010 3758 3278 3819 apparent
3326 3748 3491 3803 nobis

1909 3839 2082 3894 veluti
2150 3840 2493 3896 historialem
2554 3840 2777 3896 interim
2843 3851 3116 3901 naturam,
3154 3855 3290 3905 nos,
3341 3838 3509 3895 nunc‘

1909 3931 2082 3987 veluti
2128 3933 2365 3987 maxime
2424 3948 2661 4002 pueros,
2710 3934 2765 3988 in
2819 3933 3356 4002 obstupefactionem
3401 3933 3489 3987 vel

1910 4026 2079 4081 etiam
2116 4026 2496 4080 avocationem
2538 4033 2838 4095 conspectu
2892 4023 3151 4079 nimirum
3199 4038 3390 4078 earum
3435 4031 3493 4076 et

1912 4116 2225 4186 cognitione
2245 4116 2612 4187 injicientem,
2640 4116 2844 4170 deinde
2857 4116 3025 4170 etiam
3051 4114 3494 4183 spiritualiorum

1914 4206 1972 4260 in
2024 4206 2107 4260 eis
2150 4207 2425 4260 rationum
2490 4205 3014 4273 contemplationem
3065 4204 3492 4263 immittentem,

236 4298 435 4350 ἑαυτοῦ
464 4297 643 4359 καθώς
672 4298 819 4348 ἐστιν
859 4292 1079 4363 ἐφικτὸν
1115 4290 1199 4344 διὰ
1236 4288 1513 4356 θεολογίας
1546 4304 1797 4357 μυστικω

1900 4305 2192 4366 .postremo
2218 4296 2285 4350 ad
2303 4296 2387 4351 sui
2405 4297 2772 4366 cognitionem
2799 4296 2971 4364 magis
2989 4295 3295 4364 mysticam,
3314 4309 3496 4363 quan-

234 4389 404 4458 τέραν
434 4386 636 4455 γνῶσιν
668 4386 952 4454 ὲνάγοντα,
998 4383 1097 4455 τὴν
1132 4382 1312 4450 πάσης
1340 4380 1437 4448 τῆς
1479 4380 1537 4431 ὲν
1572 4378 1699 4430 εῖδει
1725 4380 1797 4429 κα

1927 4397 2034 4442 tam
2055 4389 2329 4459 attingere
2355 4388 2516 4443 nobis
2538 4388 2720 4451 liceat,
2748 4402 2870 4456 qua:
2892 4386 2960 4439 ab
2986 4386 3137 4439 omni
3164 4384 3218 4437 in
3244 4384 3421 4436 forma
3439 4391 3499 4436 et

234 4479 382 4549 ποιῷ
427 4479 522 4531 καὶ
567 4482 804 4547 σχήματι
849 4475 944 4528 καὶ
981 4473 1155 4543 ποσῷ,
1193 4470 1270 4541 τῷ
1312 4472 1369 4525 ἐν
1402 4469 1594 4539 πλήθει
1639 4484 1695 4519 τε
1728 4485 1797 4520 κα

1928 4481 2195 4550 qualitate
2216 4487 2272 4535 et
2299 4482 2484 4550 specie
2531 4489 2585 4535 et
2619 4480 2927 4549 quantitate
2969 4487 3077 4530 tam
3127 4474 3499 4529 multitudinis

232 4572 388 4640 εγκῳ
434 4570 749 4624 παντάπασι
804 4565 1235 4635 καθαρεύουσαν,
1291 4561 1562 4624 ποικιλίας
1616 4577 1675 4612 τε
1729 4578 1797 4613 κα

1920 4583 2086 4637 quam
2110 4569 2271 4624 molis
2293 4570 2453 4639 plane
2475 4585 2614 4639 pura
2638 4579 2721 4623 est
2740 4585 2837 4638 per
2863 4566 3194 4636 theologiam
3213 4564 3490 4619 deducen-

175 4654 187 4665 ’
236 4663 545 4725 συνθέσεως
568 4663 626 4714 ἐν
648 4663 758 4719 τοῖς
779 4656 1269 4730 προπαιδεύμασιν,
1297 4655 1372 4718 ὡς
1398 4654 1534 4725 πρὸς
1559 4653 1619 4706 τὸ
1640 4652 1817 4722 τέρμα

234 4756 342 4826 τῆς
382 4753 635 4824 θεωρίας,
682 4771 701 4803 ι
732 4750 945 4814 παίζειν
973 4768 991 4801 ι
1038 4749 1249 4819 εἴρηται
1290 4746 1367 4817 τῷ
1398 4746 1641 4816 θεοφὸρῳ
1671 4746 1812 4816 Γρη-

235 4843 437 4913 γορίῳ,
482 4841 578 4894 καὶ
617 4840 693 4910 τῷ
735 4838 979 4909 θεοφόρῳ
1026 4836 1303 4906 Διονυσίῳκ
1338 4855 1356 4885 ι
1381 4834 1705 4904 θέλγεσθαί»
1757 4850 1818 4886 τε

1922 4667 2055 4720 tem,
2078 4659 2135 4712 in
2166 4658 2450 4714 varietatis
2472 4671 2637 4729 atque
2664 4656 3085 4727 compositionis
3112 4666 3369 4723 tanquam
3394 4652 3503 4722 pri-

1918 4751 2026 4807 mis
2045 4751 2351 4822 disciplinae
2369 4750 2661 4806 elementis
2692 4750 2745 4802 in
2798 4749 2959 4802 tinem
2996 4744 3501 4815 contemplationis,

1934 4862 1951 4894 ι
1970 4843 2212 4909 ludere,»
2242 4853 2302 4898 ut
2316 4843 2384 4897 ab
2401 4843 2591 4897 divino
2611 4841 2874 4911 Gregorio
2906 4840 3112 4895 dictum
3134 4849 3238 4897 est,
3258 4848 3314 4891 et
3332 4835 3402 4890 ab
3423 4834 3506 4889 di-

237 4934 342 4986 καὶ
383 4951 400 4983 ι
437 4933 746 5014 ἐξίστασθαι
780 4932 992 4985 ἑαυτοῦ.
1022 4950 1041 4983 ι

315 5020 408 5091 Τῷ
473 5022 586 5075 ὄντι
640 5022 748 5092 γάρ
796 5023 859 5074 ἐκ
910 5019 1262 5091 παραλλήλου
1317 5020 1457 5073 κατά
1514 5018 1819 5088 παράθεσιν

238 5110 599 5184 θεωρούμενα
638 5114 773 5185 πρὸς
808 5113 878 5167 τά
928 5113 1133 5184 κυρίως
1165 5112 1257 5164 καὶ
1286 5110 1500 5181 άληθῶς
1529 5109 1676 5174 ὄντα,
1726 5112 1822 5164 καὶ

1925 4933 2057 4987 vino
2077 4933 2335 5005 Dionysio
2377 4952 2394 4983 ι
2418 4931 2680 4987 delectari
2706 4950 2723 4980 ι
2753 4939 2829 4993 et,
2859 4949 2876 4979 c
2906 4937 3059 4983 extra
3087 4943 3145 4981 se
3177 4924 3501 4980 exsistere.»

1999 5025 2212 5081 Revera
2271 5026 2418 5080 enim
2468 5039 2559 5077 res
2616 5030 2914 5091 prmsentes
2967 5029 3024 5074 et
3082 5018 3224 5072 visui
3275 5016 3508 5085 objecta:

1925 5117 2080 5188 juxta
2096 5134 2159 5173 ca
2183 5133 2304 5188 qua:
2328 5116 2548 5187 proprie
2572 5130 2636 5169 ac
2663 5128 2790 5168 vere
2810 5121 2959 5177 sunt,
2986 5124 3216 5181 quaeque
3245 5108 3299 5161 in
3317 5108 3508 5161 futuro

311 5258 343 5298 ι’
372 5248 505 5306 Luc.
530 5266 639 5317 xvi,
669 5251 759 5306 24.

1516 5334 1751 5391 ἾΑΒΙίΕ
1786 5337 2189 5398 LECTIONES.

336 5432 384 5464 “
423 5432 515 5488 Sic
547 5433 672 5488 cod.
702 5432 845 5488 Gud.
870 5431 928 5486 h.
959 5432 1027 5510 ιη
1075 5432 1118 5470 ⁸⁷
1147 5426 1238 5485 Sic
1265 5428 1389 5484 cod.
1421 5426 1565 5483 Gud.

314 5570 431 5641 (70),
453 5569 616 5639 Greg.
636 5569 768 5641 Naz.
792 5567 894 5641 9r.
925 5568 982 5641 in
1005 5569 1463 5641 Pentecost._cap.
1493 5563 1603 5631 l2.,
1622 5579 1677 5635 p.
1702 5564 1823 5620 7M.

2007 5562 2119 5632 (7|)
2198 5563 2419 5632 Dionys.
2473 5564 2743 5632 Areopag.
2794 5561 2871 5614 De
2901 5562 3005 5632 div.
3062 5578 3201 5617 nom.
3250 5573 3393 5632 cap.-
3444 5558 3503 5614 ι.

219 5638 389 5722 .totn.
418 5640 457 5693 1.
496 5638 636 5710 Opp.
668 5639 755 5693 ed.
790 5638 993 5694 Bcncd.

1936 5633 1965 5703 ᾗ
2004 5624 2109 5698 ί5.,
2138 5648 2191 5703 p.
2218 5624 2499 5688 4053mm.
2532 5634 2573 5699 Ι,
2612 5624 2750 5702 Opp.
2787 5632 2875 5687 ed.
2904 5631 3040 5687 Ven.
