3946 6206
530 246 662 316 1415

1683 242 1744 303 S.
1786 236 2073 300 MAXIMI
2111 233 2621 296 CONFESSORIS

3544 246 3640 318 illi

521 363 888 436 apparebunt,
916 363 1180 420 collocata
1201 370 1367 433 atque
1398 366 1718 431 comparata
1766 353 1933 409 ludus
1953 366 2091 422 pue-

2197 351 2254 413 ὲς
2276 348 2507 419 ὕστερον
2533 344 2908 436 φανησόμενα,
2952 347 3018 401 τὰ
3059 350 3276 421 παρόντα
3309 354 3388 407 καὶ
3427 360 3643 429 φαινόμενα

523 457 662 522 rilis,
684 456 815 526 quin
839 456 942 510 hoc
955 455 1122 510 etiam
1139 455 1280 509 ultra
1294 468 1416 510 esse
1430 451 1671 507 videtur.
1692 447 1827 502 Nam
1850 459 1975 500 cum
2012 456 2108 495 ve-

525 532 688 602 ritate
712 560 896 601 rerum
922 547 1144 615 prOprie
1164 544 1477 599 divinarum
1496 549 1659 610 atque
1712 555 1717 559 ’
1758 531 2109 604 originalium

519 648 870 709 comparatus
885 653 1071 693 rerum
1096 636 1447 707 praesentium
1472 644 1637 703 atque
1662 628 1841 685 oculis
1865 626 2111 696 objecta-

520 744 643 783 rum
662 728 801 783 ordo
822 744 891 783 ne
906 745 1028 784 esse
1041 729 1264 799 quidem
1290 729 1401 783 ullo
1429 725 1593 780 modo
1606 723 1688 778 eis
1710 719 1990 775 videbitur
2005 715 2099 786 qui

522 832 690 878 totam
719 839 821 893 pro
852 823 1128 878 facultatis
1171 837 1284 876 suae
1313 818 1489 891 gradu
1523 814 1728 869 divina:
1777 805 2098 881 pulchritu—

519 912 669 966 dinis
700 912 957 967 decorem
992 927 1190 981 capere
1225 912 1569 967 meruerunt,
1624 898 1787 955 sicuti
1812 910 1914 950 nec
1965 905 2101 961 pue-

521 1004 640 1060 rilis
672 1004 899 1059 omnino
927 1004 1092 1058 ludus
1114 1018 1238 1057 cum
1270 1014 1403 1054 vero
1437 997 1622 1066 aliquo
1645 1000 1701 1048 ct
1734 998 1887 1044 certo
1932 995 2097 1054 negO-

523 1098 599 1152 tio
628 1108 981 1168 comparatus
1010 1110 1133 1150 esse
1164 1093 1531 1173 existimatur.

904 1366 1027 1421 Alia
1050 1367 1103 1420 in
1132 1364 1269 1419 idem
1296 1355 1691 1430 contemplatio.

590 1477 841 1530 Fortasse
888 1491 1023 1530 vero
1066 1475 1231 1529 etiam
1277 1467 1681 1542 dcgenerabilis
1718 1477 1782 1517 ac
1816 1455 2098 1514 mutabilis

518 1575 716 1621 natura
747 1566 1119 1621 materialium
1153 1579 1291 1634 quas
1330 1559 1734 1616 committimus
1772 1566 1956 1607 rerum
1987 1546 2094 1601 alio

2210 440 2306 492 καὶ
2336 440 2585 507 παίγνιον
2619 434 2756 492 εἶναι
2783 438 2949 503 δοκεῖ,
2976 438 3065 492 καὶ
3103 440 3176 493 ἐτι
3196 442 3360 496 τούτου
3382 450 3641 521 πορρωτέρω,

2209 529 2357 600 Πρὸς
2380 530 2491 599 γὰρ
2531 528 2628 598 τὴν
2673 527 2782 581 τῶν
2830 529 3031 598 κυρίως
3072 528 3217 583 θείων
3254 532 3338 584 καὶ
3372 539 3645 605 πρωτοτύπων

2208 621 2556 691 πραγμάτοιν
2604 620 2865 692 ἀλήθειαν
2895 621 3270 692 συγκρινομένη
3310 625 3403 677 τῶν
3445 634 3647 695 παρόντων

2208 713 2305 766 καὶ
2355 713 2649 784 ὁρωμένων
2706 711 3042 783 πραγμάτων
3092 713 3468 787 ὴδιακόσμησις
3499 721 3587 772 οὐδὲ
3609 724 3648 775 τὸ

2209 804 2472 872 παράπαν
2501 798 2639 856 εἶναι
2688 802 3070 874 νομισθήσεται
3105 804 3209 866 τοῖς
3251 804 3355 857 ὅλον
3379 810 3535 875 χωρεῖν
3556 813 3650 865 ιιιτᾶ

2205 893 2267 945 τὸ
2299 892 2522 946 δυνατὸν
2555 893 2615 946 τὸ
2643 893 2739 962 τῆς
2773 892 2920 956 θείας
2948 893 3257 965 ὡραιότητπ
3283 894 3447 959 κάλλος
3470 897 3649 968 ἀξιουμέ-

2206 1000 2339 1045 νοις,
2395 982 2584 1053 ῶσπερ
2647 982 2765 1036 οὐδὲ
2825 983 2885 1035 τὸ
2949 984 3184 1052 παίγνιον
3234 985 3439 1057 ἀληθινῷ
3474 995 3651 1043 τινικαὶ

2205 1076 2318 1128 Evt:
2359 1076 2646 1147 πράγματι
2691 1075 3111 1147 συγκρινόμενον
3153 1070 3279 1130 εἶναι
3326 1077 3531 1142 καθάπαξ
3551 1081 3651 1149 νομί·

2207 1164 2380 1229 (erat.

2115 1287 2185 1297 ...-

2558 1345 2753 1410 Ἀλλη
2792 1347 3003 1415 θεωρία
3038 1347 3121 1412 εἰς
3150 1347 3212 1400 τὸ
3241 1348 3390 1402 αὐτό.

2270 1456 2453 1527 Τυχὺν
2495 1456 2552 1509 δὲ
2582 1459 2678 1510 καὶ
2725 1457 2786 1511 τὸ
2831 1460 3232 1529 μεταπτωτικδν
3274 1455 3341 1513 ὧν
3375 1462 3653 1532 ἐγχειρίζομεν

2199 1545 2401 1599 ὑλικῶν
2434 1546 2780 1618 πραγμάτων
2836 1548 3006 1618 ἄλλην
3051 1548 3218 1611 ἄλλως
3257 1552 3595 1622 μεταφερόντων
3617 1570 3655 1604 τε

516 1658 654 1713 alias
712 1657 1165 1712 transferentium
1211 1664 1269 1709 et
1325 1653 1737 1711 translata’rum,
1791 1654 1848 1699 et
1891 1640 2091 1696 stabile

2201 1637 2294 1689 καὶ
2330 1638 2817 1708 μεταφερομένων,
2869 1640 2965 1691 καὶ
3006 1641 3263 1711 μηδεμίαν
3300 1641 3453 1711 (263
3476 1643 3517 1709 ιι)
3552 1641 3655 1710 βάσιν

517 1750 922 1804 firmamentum
957 1758 1155 1818 praeter
1186 1748 1418 1817 primam
1438 1743 1710 1797 rationem
1740 1752 1847 1808 qua
1882 1733 2099 1804 sapien-

516 1848 601 1895 ter
646 1848 702 1894 et
749 1840 1105 1909 providenter
1138 1839 1398 1893 feruntur
1440 1845 1497 1891 et
1548 1835 1731 1888 ferunt
1774 1828 2096 1884 habentium

514 1933 752 1997 nullum,
784 1941 970 2000 atque,
1001 1947 1127 1986 cum
1155 1930 1322 1999 potiri
1345 1929 1426 1983 eis
1458 1927 1618 1981 nobis
1641 1924 1946 1983 videamur,
1986 1918 2096 1972 dif-

516 2022 843 2093 fugientium
863 2021 1038 2091 magis
1056 2034 1217 2090 quam
1241 2026 1648 2087 superatarum,
1678 2011 2096 2082 appetitumque

515 2123 791 2179 nostrum,
824 2115 920 2184 qui
951 2113 1035 2167 eis
1092 2111 1261 2181 potiri
1294 2109 1620 2173 institimus,
1665 2122 1695 2159 a
1741 2120 1800 2160 se
1825 2102 1979 2156 velut
2009 2113 2095 2153 re-

516 2205 860 2275 pellentium,
912 2214 972 2259 et
1031 2217 1295 2273 superare
1343 2209 1439 2255 aut
1489 2197 1737 2268 superari
1772 2195 1933 2265 plane
1983 2204 2095 2243 non

514 2293 873 2362 capientium,
897 2299 1088 2360 utpote
1121 2305 1243 2359 quae
1267 2288 1445 2343 solum
1469 2285 1722 2340 stabilem
1746 2296 1859 2336 sua:
1884 2287 2097 2332 naturae

517 2381 813 2435 terminum
856 2381 1062 2436 habent
1092 2379 1238 2433 hunc
1270 2376 1418 2447 quod
1443 2374 1678 2429 efﬂuunt
1709 2381 1763 2425 et
1793 2384 1905 2423 non
1933 2370 2099 2430 stant,

514 2469 681 2525 ludus
719 2472 952 2542 puerilis
980 2470 1098 2535 Dei,
1139 2485 1170 2523 a
1205 2468 1470 2539 magistro
1507 2464 1781 2535 appellata
1812 2468 1897 2514 est
1924 2464 2098 2518 recte,

517 2571 578 2616 ut
605 2562 695 2633 qui
721 2578 822 2632 per
844 2562 961 2618 hac
976 2578 1078 2617 nos
1105 2561 1173 2616 ad
1203 2576 1268 2616 ea
1289 2576 1411 2631 quae
1429 2574 1559 2613 vere
1581 2565 1711 2612 sunt
1738 2562 1794 2609 et
1815 2562 2096 2635 nunquam

526 2619 797 2708 fluctuant
827 2652 1157 2708 transducit.
1306 2619 1325 2631 ⁸
1948 2619 1966 2621 —
2081 2619 2105 2654 ’³

905 2825 1032 2883 Alia
1064 2828 1121 2881 in
1144 2826 1284 2880 idem
1318 2822 1713 2896 contemplatio.

2204 1729 2438 1797 ἐχόντων
2481 1730 2826 1799 στερέμνιον,
2876 1731 3018 1801 πλὴν
3058 1731 3150 1784 τοῦ
3185 1733 3379 1802 πρῶτον
3419 1734 3542 1800 λόγου
3574 1733 3655 1787 καθ’

2202 1816 2260 1869 ὃν
2289 1817 2546 1886 φέρονται
2575 1818 2755 1888 σοφῶς
2775 1836 2837 1872 τε
2882 1821 2979 1874 καὶ
3009 1822 3355 1892 προνοητικῶς
3385 1820 3461 1873 καὶ
3484 1821 3653 1891 φέρουσι,

2203 1909 2299 1961 καὶ
2324 1907 2404 1978 τῷ
2437 1910 2757 1979 κρατεῖσθαι
2788 1911 2881 1980 ὑφ’
2912 1912 3072 1982 ἡμῶν
3090 1912 3402 1983 νομίζεσθαι,
3425 1912 3654 1981 διαφευγὸν·

2200 2017 2309 2054 των
2363 2001 2526 2054 πλέον
2569 2002 2603 2074 ἢ
2656 2006 3066 2075 κρατουμένων,
3114 2006 3205 2057 καὶ
3242 2005 3333 2076 τὴν
3377 2004 3529 2072 ἔφεσιν
3555 2003 3656 2072 ἡμῶν

2198 2091 2308 2144 τῶν
2336 2093 2537 2157 αὐτοῖς
2562 2094 2909 2165 ἀνεχομένων
2959 2095 3286 2167 κρατεῖσθαι,
3331 2093 3657 2165 μᾶλλονιὲαντῶν

2200 2177 2311 2236 οἷον
2353 2184 2787 2253 ἀπωθουμένων,
2839 2188 2935 2240 καὶ
2985 2190 3201 2256 κρατεῖν
3226 2186 3255 2256 ἢ
3284 2185 3546 2256 κρατεῖσθαι
3570 2200 3659 2235 πιν-

2200 2276 2370 2339 τε>.ῶς
2405 2277 2479 2348 μὴ
2532 2278 2872 2348 δυναμένων,
2915 2276 3008 2333 οἶα
3036 2279 3098 2349 δὴ
3157 2281 3305 2349 μόνον
3357 2276 3569 2346 σταθηρδν
3593 2274 3659 2342 τῆς

2201 2367 2411 2421 ἑαυτῶν
2472 2369 2689 2438 φύσεως
2722 2371 2848 2440 ὅρον
2894 2372 3244 2442 κεκτημένων
3285 2368 3341 2422 τὸ
3379 2369 3583 2435 ἀπορριίν
3602 2365 3663 2415 κοί

2201 2456 2277 2530 μὴ
2311 2459 2584 2523 ἵστασθαι,
2623 2462 2874 2530 παίγνιον
2918 2462 3143 2523 εἰκότως
3175 2459 3360 2532 ἐρρέθη
3396 2455 3506 2509 θεοῦ
3540 2454 3595 2524 τῷ
3617 2453 3663 2505 δι-

2194 2550 2471 2622 δασκάλῳ,
2503 2553 2579 2615 ὡς
2619 2551 2708 2605 διὰ
2739 2553 2945 2606 τούτων
3004 2553 3324 2624 μετάγοντος
3360 2548 3483 2619 ἡμᾶς
3523 2542 3664 2609 ὶπὶῧδ

2192 2641 2360 2708 ὅντως
2383 2644 2537 2712 ὄντα,
2567 2646 2666 2701 καὶ
2698 2645 2977 2717 μηδέποτε
3006 2645 3353 2714 σαλευόμενα.

2572 2828 2767 2896 ’Ἄλλη
2801 2827 3014 2892 θεωρία
3036 2827 3123 2891 είς
3150 2822 3215 2877 τὸ
3237 2823 3388 2878 αὐτό.

587 2943 796 3001 Verum
832 2942 879 2997 si
911 2957 1015 2997 nos
1039 2954 1261 3011 quoque
1287 2939 1391 3011 ipsi
1415 2939 1721 2995 secundum
1754 2946 1968 2993 naturae
1994 2952 2091 2992 no-

2269 2942 2332 2995 Εί
2364 2941 2421 2995 δὲ
2464 2941 2559 2995 καὶ
2606 2943 2770 3011 ἡμεῖς
2811 2940 2994 3006 αὐτοὶ,
3028 2937 3170 2993 κατὰ
3216 2936 3311 3008 τὴν
3346 2926 3670 3006 κρατοῦςανίπὶ

513 3044 643 3092 εει-αι
663 3034 1158 3106 impraesentiarum
1183 3031 1655 3101 consequentiam,
1691 3045 1842 3084 nunc
1861 3028 2083 3098 quidem

513 3129 631 3198 pari
665 3144 790 3183 cum
830 3126 1043 3181 exteris
1068 3134 1226 3180 terrae
1252 3123 1581 3178 animalibus
1609 3122 1775 3176 modo
1814 3120 2082 3191 generati,

514 3218 643 3271 dein
668 3216 882 3287 pueruli
910 3215 1056 3280 facti,
1085 3224 1200 3269 tum
1225 3216 1514 3284 iuventute
1542 3222 1731 3268 nostra
1747 3212 2085 3279 ad‘senectu-

514 3309 587 3362 tis
621 3307 980 3378 rugositatem
1014 3306 1311 3361 festinante
1348 3305 1417 3359 ad
1465 3305 1641 3359 instar
1689 3302 1888 3357 caduci
1938 3300 2088 3357 floris

512 3396 789 3461 morituri,
821 3403 878 3449 et
904 3394 972 3449 ad
997 3395 1157 3450 aliam
1201 3396 1369 3448 vitam
1403 3392 1647 3448 translati
1691 3411 1710 3444 ι
1753 3391 1919 3447 ludus
1937 3392 2033 3446 Dei
2059 3409 2079 3444 ι

510 3504 546 3545 a
577 3487 765 3542 divino
786 3487 891 3542 hoc
915 3486 1140 3541 doctore
1166 3485 1299 3540 dicti
1333 3484 1624 3549 fuerimus,
1665 3483 1722 3537 id
1740 3483 1937 3537 merito
1963 3482 2083 3537 fueo

513 3574 708 3635 rimus.
747 3579 884 3633 Nam
917 3593 1159 3649 praesens
1199 3580 1313 3632 vita
1354 3593 1478 3634 cum
1509 3576 1696 3631 futuro
1722 3576 1849 3629 vita:
1887 3574 2087 3630 divinae

511 3686 578 3724 ac
605 3685 733 3724 vere
773 3668 1074 3737 exemplari
1106 3676 1442 3737 comparata,
1484 3665 1649 3720 ludus
1682 3672 1788 3729 est,
1827 3672 1883 3719 et
1907 3664 2085 3734 quod-

512 3773 729 3827 cunque
755 3757 903 3811 aliud
932 3757 1036 3811 hoc
1056 3756 1227 3827 magis
1256 3755 1497 3810 essentia
1524 3770 1588 3809 ac
1609 3754 1841 3809 veritate
1858 3753 2083 3808 carebit.

512 3849 571 3904 ι‹ι
606 3848 753 3919 quod
797 3848 1058 3919 magister
1088 3848 1142 3901 in
1169 3847 1384 3902 funebri
1411 3848 1465 3900 in
1512 3845 1808 3901 Caesarium
1836 3847 2086 3901 oratione

514 3939 720 3994 clarius
770 3939 1115 3993 demonstrat
1148 3938 1301 3991 hisce
1317 3936 1500 3991 verbis
1536 3953 1550 3989 :
1589 3956 1607 3987 ι
1638 3936 1925 4006 Ejusmodi
1974 3936 2086 3990 vita

516 4036 704 4082 nostra
764 4035 869 4091 est,
924 4027 1166 4091 fratres,
1208 4027 1303 4096 qui
1344 4025 1544 4080 ﬂuxam
1593 4026 1760 4080 vitam
1811 4026 2088 4088 ducimus.

513 4120 787 4191 eiusmodi
816 4120 871 4173 in
908 4129 1054 4174 terra
1088 4119 1272 4184 ludus,
1297 4128 1361 4172 ut
1392 4134 1518 4173 cum
1549 4132 1658 4172 non
1689 4116 1862 4173 simus
1899 4134 2091 4173 nasca-

514 4227 661 4275 mur,
687 4224 814 4265 cum
842 4211 953 4264 nati
996 4210 1171 4266 simus
1199 4225 1421 4265 rursum
1447 4209 1834 4264 dissolvamur.
1878 4208 2090 4263 Insom-

2193 3028 2588 3106 τοῦ’παρόντος
2616 3034 2717 3104 τῆς
2750 3032 2968 3102 φύσεως
2990 3032 3148 3105 ἡμῶν
3165 3029 3477 3093 ἀκολουθίαν,
3503 3026 3578 3079 νῦν
3608 3024 3671 3095 μὶν

2193 3126 2317 3181 καθ’
2357 3126 2652 3197 ὁμοιότητα
2682 3126 2792 3179 τῶν
2816 3124 3026 3178 λοιπῶν
3059 3125 3152 3178 ἐπὶ
3188 3123 3287 3193 γῆς
3320 3122 3456 3185 ζώων
3479 3116 3675 3188 γεννώμε-

2192 3235 2294 3282 νοι,
2322 3217 2515 3270 ἔπειτα
2568 3216 2757 3280 παῖδες
2796 3215 3101 3286 γινόμενοι,
3164 3212 3282 3269 εἶτα
3324 3212 3493 3274 άνθους
3521 3206 3676 3275 ὠκυμό-

2195 3321 2291 3375 ρου
2322 3304 2477 3375 δίκην
2503 3303 2601 3374 τῆς
2626 3305 2876 3375 νεότητος
2904 3305 2999 3358 ἐπὶ
3039 3305 3101 3358 τὸ
3129 3301 3308 3377 ρικνὸν
3347 3303 3436 3371 τῆς
3464 3297 3677 3363 παλαιότης·

2194 3414 2283 3459 τος
2313 3397 2601 3467 φθασάσης
2654 3395 3062 3469 τεθνηξόμενοι,
3114 3397 3208 3450 καὶ
3252 3395 3381 3467 πρὸς
3420 3393 3566 3461 ἕτερον
3600 3386 3674 3456 βίον

2197 3487 2633 3558 μετατιθέμενοι,
2674 3507 2694 3540 ι
2721 3488 2971 3555 παίγνιον
2993 3487 3308 3560 ὲρρήθημεν
3330 3485 3414 3539 τοῦ
3454 3481 3561 3537 Θεοῦ
3588 3500 3602 3531 ι
3630 3477 3678 3547 τῷ

2195 3579 2438 3651 θεοφόρῳ
2485 3578 2663 3651 τούτῳ
2709 3579 3042 3652 διδασκάλῳ,
3091 3581 3193 3635 οὐκ
3239 3579 3339 3644 ἔξω
3390 3576 3472 3630 τοῦ
3514 3572 3676 3632 εἰκότος.

2199 3671 2340 3744 Πρὸς
2397 3671 2507 3742 γὰρ
2554 3670 2654 3742 τὴν
2710 3670 3015 3742 μέλλουσαν
3072 3674 3173 3744 τῆς
3226 3672 3369 3736 θείας
3415 3671 3495 3724 καὶ
3518 3664 3682 3735 ἀληθοῦς

2193 3763 2340 3833 ζωῆς
2389 3763 2725 3833 ἀρχέτυπίαν
2798 3767 2830 3835 ἡ
2895 3766 3154 3837 παροῦσα
3214 3760 3566 3834 συγκρινομένη
3607 3752 3683 3820 ζωῆ

2196 3853 2441 3921 παίγνιόν
2477 3854 2617 3919 ἐστι,
2650 3854 2746 3906 καὶ
2781 3855 2890 3907 πᾶν
2921 3854 2978 3908 εί
3002 3873 3056 3909 τι
3091 3854 3222 3909 ἄλλο
3264 3851 3439 3907 τούτου
3488 3846 3684 3906 καὺἐςτη·

2194 3964 2287 3999 κεν
2338 3944 2731 4016 ἀνουσιώτερον
2763 3945 2829 3999 ⁵⁸.
2875 3947 3059 4018 Ὅπερ
3113 3949 3173 4000 ἑν
3224 3945 3300 4016 τῷ
3342 3944 3414 4006 είς
3462 3936 3684 4004 Καισᾶρεον

2193 4036 2466 4107 ἐπιταφίῳ
2535 4036 2777 4091 δείκνυσι
2853 4038 3240 4109 σαφέστερον,
3308 4032 3488 4089 οὑτωσὶ
3534 4029 3685 4093 λέγων·

2198 4146 2218 4178 ο
2247 4124 2500 4188 Τοιοῦτος
2523 4127 2552 4178 ό
2603 4125 2716 4196 βίος
2745 4127 2777 4195 ἡ
2787 4126 2923 4196 μῶν,
2951 4126 3200 4196 ἀδελφοὶ,
3235 4125 3338 4178 τῶν
3364 4123 3551 4188 ζώντων
3575 4112 3688 4182 πρδ²⁶

2193 4236 2397 4290 καιραο
2449 4215 2658 4273 τοιοῦτο
2723 4218 2785 4271 τὸ
2827 4218 2919 4271 ἐπὶ
2980 4219 3086 4287 γῆς
3141 4218 3422 4285 παίγνιον·
3464 4210 3549 4264 οὐχ
3580 4206 3690 4262 ὄντας

512 4300 666 4353 nium
691 4313 884 4353 sumus
906 4298 1131 4352 minime
1160 4298 1489 4385 consistens.
1512 4302 1791 4365 spectrum
1815 4293 2089 4363 quoddam

2195 4309 2470 4379 γενέσθαι,
2520 4310 2616 4362 καὶ
2656 4307 2984 4378 γενομένους
3033 4309 3408 4378 ἀναλυοῆναιο
3439 4295 3689 4371 όναρέσμὲν
3792 4292 3793 4353 ἓ

512 4388 663 4458 quod
692 4389 866 4443 teneri
898 4405 1006 4444 non
1028 4398 1230 4458 potest,
1263 4390 1381 4443 avis
1401 4387 1784 4459 praetereuntis
1805 4386 2017 4441 volatus
2033 4394 2082 4450 ς,

510 4480 672 4535 navis
704 4481 759 4534 in
795 4481 935 4535 mari
987 4481 1278 4551 vestigium
1329 4495 1440 4534 non
1486 4480 1697 4533 habens
1721 4489 1739 4518 τ
1769 4517 1784 4543 ,
1838 4477 2082 4546 pulvis',

511 4575 724 4642 vapor‘
759 4587 850 4627 ros
878 4573 1245 4634 matutinus",
1279 4571 1380 4626 ﬂos
1406 4580 1686 4625 momento
1724 4584 1976 4631 nascens,
2029 4575 2087 4622 et

513 4677 795 4722 momento
822 4677 1231 4733 marcescens',
1269 4669 1423 4723 homo
1447 4668 1578 4721 sicut
1600 4666 1777 4735 fenum
1808 4666 1916 4718 dies
1943 4665 2078 4734 ejus,

513 4771 769 4830 tanquam
803 4762 898 4830 ﬂos
922 4761 1038 4831 agri
1076 4761 1151 4814 sic
1176 4760 1419 4831 eﬂlorebit
1440 4773 1487 4812 κ.
1527 4760 1758 4814 Pulchre
1781 4758 1943 4813 divus
1975 4760 2082 4813 Da-

512 4849 602 4903 vid
630 4850 720 4903 bis
750 4850 935 4905 verbis
975 4850 1045 4905 de
1079 4858 1272 4905 nostra
1303 4849 1683 4905 imbecillitate
1724 4849 2082 4922 philosogiha-

511 4948 603 4995 tus
632 4949 736 4996 est.
773 4960 792 4994 ι

581 5184 608 5223 ιι
636 5173 765 5243 Sap.
804 5193 860 5243 ν,
905 5179 989 5232 ιι.
1093 5187 1115 5217 ν
1153 5178 1287 5234 ibid.
1318 5176 1401 5232 ιο.

513 5259 602 5308 cn,
636 5245 723 5299 15.

1501 5178 1688 5233 rPsal.
1726 5194 1764 5243 ι,
1809 5178 1863 5234 4.

1957 5180 1974 5216 ί
2013 5178 2129 5235 Jac.
2172 5196 2246 5244 ιν,
2297 5178 2383 5232 15.

2190 4403 2290 4471 οὐχ
2330 4399 2640 4470 ἱστάμενον,
2678 4401 2873 4469 φάσμα
2916 4417 2968 4453 τι
3026 4400 3105 4471 μὴ
3162 4396 3529 4471 κρατούμενον,
3552 4387 3692 4453 πεῖ-,εις

2190 4494 2377 4565 ὀρνέου
2430 4493 2844 4563 παρερχομένου
2876 4492 2959 4556 ⁸⁸,
3004 4491 3144 4555 ναῦς
3187 4493 3278 4544 ἐπὶ
3321 4488 3564 4551 θαλάσσης
3592 4480 3691 4545 ἴτης

2189 4587 2289 4639 οὐκ
2348 4584 2565 4655 ἔχουσα,
2612 4582 2782 4655 κόνις,
2830 4582 3026 4653 ἀτμὶς,
3093 4583 3297 4647 ἑωθινὴ
3349 4579 3539 4651 δρόσος.
3584 4569 3693 4627 ἀνθθῖ

2180 4676 2359 4748 καιρῷ
2408 4676 2677 4745 φυόμενον
2724 4676 2818 4728 καὶ
2879 4676 3063 4746 καιρῷ
3115 4675 3397 4745 λυόμενον.
3435 4670 3692 4748 ἅνθρωπεςχ

2373 4744 2593 4836 χόρτος
2624 4766 2684 4819 αἱ
2722 4765 2936 4833 ἡμέραι
2965 4744 3161 4819 αὑτοῦ
3182 4806 3197 4829 ,
3222 4744 3381 4818 ίώσεί
3433 4758 3587 4820 ἄνθος
3623 4744 3694 4803 τοῦ

2179 4857 2366 4928 ἀγιοοῦ
2389 4898 2405 4924 ,
2463 4858 2652 4923 οὕτως
2701 4857 2907 4927 (263
2956 4856 3035 4926 b)
3092 4836 3432 4923 έξανθήσειζ
3499 4845 3641 4905 καλῶς
3669 4839 3695 4928 ,ὁ

2181 4927 2326 5012 θεῖος
2402 4948 2565 5002 Δαὸὶδ
2621 4949 2751 5019 περὶ
2796 4949 2927 5019 τῆς.
2958 4948 3255 5013 ἀσθενείας
3316 4944 3464 5018 ήμῶν
3513 4927 3695 5009 ιφιλωό-

2182 5056 2341 5112 φησε.
2372 5038 2483 5109 (τε)
2516 5057 2534 5090 ι

2487 5175 2676 5233 “Osee
2712 5192 2845 5244 xm,
2896 5174 2948 5232 5.
3014 5185 3041 5213 '
3083 5176 3107 5232 Ι
3149 5177 3300 5231 Petr.
3337 5172 3479 5240 κει.
3552 5156 3695 5217 Ῥειι.

1817 5332 2053 5388 VARUE
2087 5334 2490 5392 LECTIONES.

593 5423 639 5495 δέ
666 5420 941 5491 Rescripsi
974 5419 1364 5492 ἀνουσιώτερον
1396 5436 1494 5492 pro
1520 5421 1900 5495 ἀνοσιώτερον,
1941 5426 2090 5494 quod
2130 5427 2299 5483 habet
2326 5429 2451 5484 cod,
2481 5428 2624 5486 Gud.

509 5494 731 5566 κειμένη·

2723 5428 2769 5462 ⁸⁸
2797 5428 2988 5483 Manus
3014 5431 3268 5484 secunda
3297 5421 3521 5483 correxit
3545 5419 3694 5485 παρερ-

578 5608 691 5681 (72)
717 5608 880 5681 Greg.
914 5608 1044 5665 Naz.
1075 5608 1169 5665 Or.
1195 5610 1402 5679 funcbr.
1434 5612 1486 5664 in
1531 5609 1820 5666 Camurium
1851 5624 1969 5681 cap.
2002 5610 2085 5677 19,
2127 5626 2180 5682 p.
2211 5610 2314 5666 ‘210
2344 5627 2424 5682 sq.
2471 5619 2602 5666 tom.
2637 5610 2820 5682 lOpp.
2843 5611 2931 5666 ed.
2967 5610 3179 5666 Bened.
