  <div class='ocr_page' id='page_1' title='image "/cluster/home/n/w/nwhite01/storage/ocr_20150623/91/hvd.32044052742962/712.png"; bbox 0 0 3946 6206; ppageno 0'>
   <div class='ocr_carea' id='block_1_1' title="bbox 228 216 376 281">
    <p class='ocr_par' dir='ltr' id='par_1_1' title="bbox 228 216 376 281">
     <span class='ocr_line' id='line_1_1' title="bbox 228 216 376 281; baseline 0.041 -6"><span class='ocrx_word' id='word_1_1' title='bbox 228 216 376 281; x_wconf 67' lang='grc'><strong>,1417</strong></span> 
     </span>
    </p>
   </div>
   <div class='ocr_carea' id='block_1_2' title="bbox 1478 218 2293 281">
    <p class='ocr_par' dir='ltr' id='par_1_2' title="bbox 1478 218 2293 281">
     <span class='ocr_line' id='line_1_2' title="bbox 1478 218 2293 281; baseline 0 -3"><span class='ocrx_word' id='word_1_2' title='bbox 1478 218 1999 279; x_wconf 81' lang='lat' dir='ltr'><strong>AMBIGUORUM</strong></span> <span class='ocrx_word' id='word_1_3' title='bbox 2040 219 2293 281; x_wconf 79' lang='lat' dir='ltr'><strong>LIBER.</strong></span> 
     </span>
    </p>
   </div>
   <div class='ocr_carea' id='block_1_3' title="bbox 3379 209 3513 276">
    <p class='ocr_par' dir='ltr' id='par_1_3' title="bbox 3379 209 3513 276">
     <span class='ocr_line' id='line_1_3' title="bbox 3379 209 3513 276; baseline -0.007 0"><span class='ocrx_word' id='word_1_4' title='bbox 3379 209 3513 276; x_wconf 73' lang='grc'><strong>1418</strong></span> 
     </span>
    </p>
   </div>
   <div class='ocr_carea' id='block_1_4' title="bbox 308 326 1845 405">
    <p class='ocr_par' dir='ltr' id='par_1_4' title="bbox 308 326 1825 405">
     <span class='ocr_line' id='line_1_4' title="bbox 308 326 1825 405; baseline 0.001 -20"><span class='ocrx_word' id='word_1_5' title='bbox 308 332 493 386; x_wconf 88' lang='grc' dir='ltr'>Ταῦτα</span> <span class='ocrx_word' id='word_1_6' title='bbox 522 332 650 405; x_wconf 77' lang='grc' dir='ltr'>περὶ</span> <span class='ocrx_word' id='word_1_7' title='bbox 694 326 770 385; x_wconf 84' lang='grc' dir='ltr'>ὧν</span> <span class='ocrx_word' id='word_1_8' title='bbox 818 334 930 395; x_wconf 83' lang='grc' dir='ltr'>τοῖς</span> <span class='ocrx_word' id='word_1_9' title='bbox 961 330 1261 394; x_wconf 82' lang='grc' dir='ltr'>θειοτάτοις</span> <span class='ocrx_word' id='word_1_10' title='bbox 1290 330 1383 383; x_wconf 81' lang='grc' dir='ltr'><strong>τοῦ</strong></span> <span class='ocrx_word' id='word_1_11' title='bbox 1438 332 1676 401; x_wconf 79' lang='grc' dir='ltr'><strong>μεγάλου</strong></span> <span class='ocrx_word' id='word_1_12' title='bbox 1709 335 1825 386; x_wconf 85' lang='grc' dir='ltr'><strong>Πα-</strong></span> 
     </span>
    </p>
   </div>
   <div class='ocr_carea' id='block_1_5' title="bbox 1927 326 3518 405">
    <p class='ocr_par' dir='ltr' id='par_1_5' title="bbox 2002 326 3518 401">
     <span class='ocr_line' id='line_1_5' title="bbox 2002 326 3518 401; baseline -0.003 -14"><span class='ocrx_word' id='word_1_13' title='bbox 2002 333 2068 387; x_wconf 89' lang='lat' dir='ltr'><strong>lli</strong></span> <span class='ocrx_word' id='word_1_14' title='bbox 2119 341 2251 387; x_wconf 90' lang='lat' dir='ltr'><strong>sunt</strong></span> <span class='ocrx_word' id='word_1_15' title='bbox 2307 330 2412 385; x_wconf 89' lang='lat' dir='ltr'><strong>loci</strong></span> <span class='ocrx_word' id='word_1_16' title='bbox 2454 329 2508 384; x_wconf 89' lang='lat' dir='ltr'><strong>in</strong></span> <span class='ocrx_word' id='word_1_17' title='bbox 2535 329 2717 401; x_wconf 80' lang='lat' dir='ltr'><strong>magni</strong></span> <span class='ocrx_word' id='word_1_18' title='bbox 2750 329 2925 384; x_wconf 77' lang='lat' dir='ltr'><strong>nostri</strong></span> <span class='ocrx_word' id='word_1_19' title='bbox 2959 328 3139 384; x_wconf 77' lang='lat' dir='ltr'><strong>Patris</strong></span> <span class='ocrx_word' id='word_1_20' title='bbox 3183 335 3240 383; x_wconf 92' lang='lat' dir='ltr'><strong>ct</strong></span> <span class='ocrx_word' id='word_1_21' title='bbox 3274 326 3518 383; x_wconf 88' lang='lat' dir='ltr'><strong>doctoris</strong></span> 
     </span>
    </p>
   </div>
   <div class='ocr_carea' id='block_1_6' title="bbox 236 423 1823 499">
    <p class='ocr_par' dir='ltr' id='par_1_6' title="bbox 236 423 1823 499">
     <span class='ocr_line' id='line_1_6' title="bbox 236 423 1823 499; baseline -0.002 -19"><span class='ocrx_word' id='word_1_22' title='bbox 236 427 362 499; x_wconf 72' lang='grc' dir='ltr'>τρδς</span> <span class='ocrx_word' id='word_1_23' title='bbox 439 424 599 496; x_wconf 82' lang='grc' dir='ltr'>ἡμῶν</span> <span class='ocrx_word' id='word_1_24' title='bbox 674 425 770 478; x_wconf 77' lang='grc' dir='ltr'>καὶ</span> <span class='ocrx_word' id='word_1_25' title='bbox 840 423 1164 478; x_wconf 83' lang='grc' dir='ltr'><strong>διδασκάλου</strong></span> <span class='ocrx_word' id='word_1_26' title='bbox 1252 423 1558 494; x_wconf 84' lang='grc' dir='ltr'>Γρηγορίου</span> <span class='ocrx_word' id='word_1_27' title='bbox 1644 423 1823 492; x_wconf 78' lang='grc' dir='ltr'>λόγοις</span> 
     </span>
    </p>
   </div>
   <div class='ocr_carea' id='block_1_7' title="bbox 234 512 1823 590">
    <p class='ocr_par' dir='ltr' id='par_1_7' title="bbox 234 512 1823 590">
     <span class='ocr_line' id='line_1_7' title="bbox 234 512 1823 590; baseline -0.003 -19"><span class='ocrx_word' id='word_1_28' title='bbox 234 518 556 590; x_wconf 77' lang='grc' dir='ltr'>ηπορήσατε</span> <span class='ocrx_word' id='word_1_29' title='bbox 576 519 671 570; x_wconf 71' lang='grc' dir='ltr'>καὶ</span> <span class='ocrx_word' id='word_1_30' title='bbox 694 518 869 571; x_wconf 72' lang='grc' dir='ltr'>εἰπεῖν</span> <span class='ocrx_word' id='word_1_31' title='bbox 894 515 1221 570; x_wconf 81' lang='grc' dir='ltr'>ὲκελεὺσατέ</span> <span class='ocrx_word' id='word_1_32' title='bbox 1254 531 1366 582; x_wconf 85' lang='grc' dir='ltr'>μοι,</span> <span class='ocrx_word' id='word_1_33' title='bbox 1388 512 1823 585; x_wconf 84' lang='grc' dir='ltr'>μακαριώτατοι,</span> 
     </span>
    </p>
   </div>
   <div class='ocr_carea' id='block_1_8' title="bbox 236 606 1831 682">
    <p class='ocr_par' dir='ltr' id='par_1_8' title="bbox 236 606 1831 682">
     <span class='ocr_line' id='line_1_8' title="bbox 236 606 1831 682; baseline -0.004 -17"><span class='ocrx_word' id='word_1_34' title='bbox 236 613 379 665; x_wconf 86' lang='grc' dir='ltr'><strong>κατά</strong></span> <span class='ocrx_word' id='word_1_35' title='bbox 400 610 497 682; x_wconf 83' lang='grc' dir='ltr'>τὴν</span> <span class='ocrx_word' id='word_1_36' title='bbox 522 610 662 679; x_wconf 80' lang='grc' dir='ltr'>ἐμὴν</span> <span class='ocrx_word' id='word_1_37' title='bbox 686 609 934 679; x_wconf 88' lang='grc' dir='ltr'>δύναμιν.</span> <span class='ocrx_word' id='word_1_38' title='bbox 958 608 1051 678; x_wconf 86' lang='grc' dir='ltr'><strong>Τῷ</strong></span> <span class='ocrx_word' id='word_1_39' title='bbox 1072 608 1323 679; x_wconf 79' lang='grc' dir='ltr'><strong>ὑμετέρῳ</strong></span> <span class='ocrx_word' id='word_1_40' title='bbox 1352 607 1582 677; x_wconf 84' lang='grc' dir='ltr'><strong>νεύματι</strong></span> <span class='ocrx_word' id='word_1_41' title='bbox 1604 606 1831 673; x_wconf 82' lang='grc' dir='ltr'><strong>δικαίως</strong></span> 
     </span>
    </p>
   </div>
   <div class='ocr_carea' id='block_1_9' title="bbox 237 699 1825 772">
    <p class='ocr_par' dir='ltr' id='par_1_9' title="bbox 237 699 1825 772">
     <span class='ocr_line' id='line_1_9' title="bbox 237 699 1825 772; baseline -0.002 -18"><span class='ocrx_word' id='word_1_42' title='bbox 237 702 479 756; x_wconf 71' lang='grc' dir='ltr'>ὑπείκων</span> <span class='ocrx_word' id='word_1_43' title='bbox 509 699 645 771; x_wconf 80' lang='grc' dir='ltr'>ἔφην</span> <span class='ocrx_word' id='word_1_44' title='bbox 676 701 788 768; x_wconf 77' lang='grc' dir='ltr'><strong>ἐγὼ</strong></span> <span class='ocrx_word' id='word_1_45' title='bbox 834 701 1252 772; x_wconf 80' lang='grc' dir='ltr'><strong>στοχαζόμενος,</strong></span> <span class='ocrx_word' id='word_1_46' title='bbox 1301 699 1418 753; x_wconf 84' lang='grc' dir='ltr'>ἀλλ’</span> <span class='ocrx_word' id='word_1_47' title='bbox 1450 701 1551 753; x_wconf 87' lang='grc' dir='ltr'><strong>οὑκ</strong></span> <span class='ocrx_word' id='word_1_48' title='bbox 1583 700 1825 769; x_wconf 77' lang='grc' dir='ltr'>ἀποφαι-</span> 
     </span>
    </p>
   </div>
   <div class='ocr_carea' id='block_1_10' title="bbox 234 790 1828 865">
    <p class='ocr_par' dir='ltr' id='par_1_10' title="bbox 234 790 1828 865">
     <span class='ocr_line' id='line_1_10' title="bbox 234 790 1828 865; baseline -0.003 -17"><span class='ocrx_word' id='word_1_49' title='bbox 234 795 478 865; x_wconf 82' lang='grc' dir='ltr'>νόμενος.</span> <span class='ocrx_word' id='word_1_50' title='bbox 512 793 587 845; x_wconf 84' lang='grc' dir='ltr'>Οὑ</span> <span class='ocrx_word' id='word_1_51' title='bbox 632 793 741 864; x_wconf 85' lang='grc' dir='ltr'><strong>γὰρ</strong></span> <span class='ocrx_word' id='word_1_52' title='bbox 788 794 1094 862; x_wconf 79' lang='grc' dir='ltr'>ἐφικνεῖται</span> <span class='ocrx_word' id='word_1_53' title='bbox 1139 794 1240 863; x_wconf 83' lang='grc' dir='ltr'>τῆς</span> <span class='ocrx_word' id='word_1_54' title='bbox 1280 792 1524 863; x_wconf 81' lang='grc' dir='ltr'><strong>μεγάλης</strong></span> <span class='ocrx_word' id='word_1_55' title='bbox 1549 791 1643 844; x_wconf 75' lang='grc' dir='ltr'>καὶ</span> <span class='ocrx_word' id='word_1_56' title='bbox 1687 790 1828 861; x_wconf 79' lang='grc' dir='ltr'>ὑψη-</span> 
     </span>
    </p>
   </div>
   <div class='ocr_carea' id='block_1_11' title="bbox 232 883 1831 955">
    <p class='ocr_par' dir='ltr' id='par_1_11' title="bbox 232 883 1831 955">
     <span class='ocr_line' id='line_1_11' title="bbox 232 883 1831 955; baseline 0 -19"><span class='ocrx_word' id='word_1_57' title='bbox 232 885 333 954; x_wconf 70' lang='grc' dir='ltr'>λῆς</span> <span class='ocrx_word' id='word_1_58' title='bbox 363 884 457 937; x_wconf 85' lang='grc' dir='ltr'><strong>τοῦ</strong></span> <span class='ocrx_word' id='word_1_59' title='bbox 507 883 771 954; x_wconf 83' lang='grc' dir='ltr'>θεοφόρου</span> <span class='ocrx_word' id='word_1_60' title='bbox 821 884 1147 939; x_wconf 76' lang='grc' dir='ltr'><strong>διδασκάλου</strong></span> <span class='ocrx_word' id='word_1_61' title='bbox 1195 884 1435 948; x_wconf 82' lang='grc' dir='ltr'><strong>διανοίας</strong></span> <span class='ocrx_word' id='word_1_62' title='bbox 1484 887 1513 937; x_wconf 83' lang='grc' dir='ltr'>ὁ</span> <span class='ocrx_word' id='word_1_63' title='bbox 1562 883 1831 955; x_wconf 82' lang='grc' dir='ltr'>ἡμέτερος</span> 
     </span>
    </p>
   </div>
   <div class='ocr_carea' id='block_1_12' title="bbox 233 971 1831 1046">
    <p class='ocr_par' dir='ltr' id='par_1_12' title="bbox 233 971 1831 1046">
     <span class='ocr_line' id='line_1_12' title="bbox 233 971 1831 1046; baseline -0.001 -18"><span class='ocrx_word' id='word_1_64' title='bbox 233 974 378 1038; x_wconf 88' lang='grc' dir='ltr'>νοῦς,</span> <span class='ocrx_word' id='word_1_65' title='bbox 413 972 640 1037; x_wconf 83' lang='grc' dir='ltr'>πολλαῖς</span> <span class='ocrx_word' id='word_1_66' title='bbox 669 972 751 1027; x_wconf 74' lang='grc' dir='ltr'>ἔτι</span> <span class='ocrx_word' id='word_1_67' title='bbox 793 974 934 1028; x_wconf 83' lang='grc' dir='ltr'>κατὰ</span> <span class='ocrx_word' id='word_1_68' title='bbox 973 973 1193 1046; x_wconf 80' lang='grc' dir='ltr'><strong>θέλησιν</strong></span> <span class='ocrx_word' id='word_1_69' title='bbox 1232 972 1385 1027; x_wconf 85' lang='grc' dir='ltr'>ἀκίσι</span> <span class='ocrx_word' id='word_1_70' title='bbox 1417 972 1606 1027; x_wconf 87' lang='grc' dir='ltr'>παθῶν</span> <span class='ocrx_word' id='word_1_71' title='bbox 1639 971 1831 1043; x_wconf 84' lang='grc' dir='ltr'>βαλλό-</span> 
     </span>
    </p>
   </div>
   <div class='ocr_carea' id='block_1_13' title="bbox 233 1057 1829 1136">
    <p class='ocr_par' dir='ltr' id='par_1_13' title="bbox 233 1057 1829 1136">
     <span class='ocr_line' id='line_1_13' title="bbox 233 1057 1829 1136; baseline 0.001 -20"><span class='ocrx_word' id='word_1_72' title='bbox 233 1081 415 1134; x_wconf 84' lang='grc' dir='ltr'>μενος,</span> <span class='ocrx_word' id='word_1_73' title='bbox 446 1057 522 1118; x_wconf 84' lang='grc' dir='ltr'>ὧν</span> <span class='ocrx_word' id='word_1_74' title='bbox 569 1067 678 1128; x_wconf 83' lang='grc' dir='ltr'>τοῖς</span> <span class='ocrx_word' id='word_1_75' title='bbox 723 1064 951 1136; x_wconf 81' lang='grc' dir='ltr'>μώλωψι</span> <span class='ocrx_word' id='word_1_76' title='bbox 981 1066 1183 1136; x_wconf 81' lang='grc' dir='ltr'>μᾶλλον</span> <span class='ocrx_word' id='word_1_77' title='bbox 1217 1064 1399 1136; x_wconf 83' lang='grc' dir='ltr'>χαίρει</span> <span class='ocrx_word' id='word_1_78' title='bbox 1450 1062 1829 1135; x_wconf 82' lang='grc' dir='ltr'>στιζόμενοςῆ</span> 
     </span>
    </p>
   </div>
   <div class='ocr_carea' id='block_1_14' title="bbox 229 1155 1827 1229">
    <p class='ocr_par' dir='ltr' id='par_1_14' title="bbox 229 1155 1827 1229">
     <span class='ocr_line' id='line_1_14' title="bbox 229 1155 1827 1229; baseline 0.001 -21"><span class='ocrx_word' id='word_1_79' title='bbox 229 1156 446 1225; x_wconf 74' lang='grc' dir='ltr'>χάρισιν</span> <span class='ocrx_word' id='word_1_80' title='bbox 489 1155 702 1225; x_wconf 85' lang='grc' dir='ltr'>ἀρετῶν</span> <span class='ocrx_word' id='word_1_81' title='bbox 737 1158 1157 1229; x_wconf 83' lang='grc' dir='ltr'>καθαιρόμενος,</span> <span class='ocrx_word' id='word_1_82' title='bbox 1208 1157 1298 1213; x_wconf 85' lang='grc' dir='ltr'><strong>διὰ</strong></span> <span class='ocrx_word' id='word_1_83' title='bbox 1340 1158 1440 1229; x_wconf 84' lang='grc' dir='ltr'>τὴν</span> <span class='ocrx_word' id='word_1_84' title='bbox 1476 1156 1695 1228; x_wconf 82' lang='grc' dir='ltr'>μακρὰν</span> <span class='ocrx_word' id='word_1_85' title='bbox 1732 1158 1827 1211; x_wconf 89' lang='grc' dir='ltr'><strong>τοῦ</strong></span> 
     </span>
    </p>
   </div>
   <div class='ocr_carea' id='block_1_15' title="bbox 229 1248 1830 1324">
    <p class='ocr_par' dir='ltr' id='par_1_15' title="bbox 229 1248 1830 1324">
     <span class='ocr_line' id='line_1_15' title="bbox 229 1248 1830 1324; baseline 0.003 -24"><span class='ocrx_word' id='word_1_86' title='bbox 229 1248 405 1301; x_wconf 86' lang='grc' dir='ltr'>κακοῦ</span> <span class='ocrx_word' id='word_1_87' title='bbox 433 1248 724 1319; x_wconf 84' lang='grc' dir='ltr'>συνήθειαν</span> <span class='ocrx_word' id='word_1_88' title='bbox 751 1249 866 1315; x_wconf 76' lang='grc' dir='ltr'>ἕξιν</span> <span class='ocrx_word' id='word_1_89' title='bbox 893 1250 1075 1305; x_wconf 74' lang='grc' dir='ltr'>λαϐὼν</span> <span class='ocrx_word' id='word_1_90' title='bbox 1118 1251 1607 1324; x_wconf 77' lang='grc' dir='ltr'>φιλαμαρτήμονα.</span> <span class='ocrx_word' id='word_1_91' title='bbox 1639 1249 1753 1304; x_wconf 77' lang='grc' dir='ltr'><strong>Καὶ</strong></span> <span class='ocrx_word' id='word_1_92' title='bbox 1781 1252 1830 1305; x_wconf 76' lang='grc' dir='ltr'>εἰ</span> 
     </span>
    </p>
   </div>
   <div class='ocr_carea' id='block_1_16' title="bbox 233 1341 1830 1415">
    <p class='ocr_par' dir='ltr' id='par_1_16' title="bbox 233 1341 1830 1415">
     <span class='ocr_line' id='line_1_16' title="bbox 233 1341 1830 1415; baseline 0.002 -22"><span class='ocrx_word' id='word_1_93' title='bbox 233 1341 332 1408; x_wconf 79' lang='grc' dir='ltr'><strong>μὲν</strong></span> <span class='ocrx_word' id='word_1_94' title='bbox 356 1341 599 1409; x_wconf 73' lang='grc' dir='ltr'>φανῶσιν</span> <span class='ocrx_word' id='word_1_95' title='bbox 647 1342 776 1413; x_wconf 84' lang='grc' dir='ltr'>ὑμῖν</span> <span class='ocrx_word' id='word_1_96' title='bbox 821 1361 947 1397; x_wconf 86' lang='grc' dir='ltr'>τινα</span> <span class='ocrx_word' id='word_1_97' title='bbox 985 1344 1145 1413; x_wconf 89' lang='grc' dir='ltr'>λόγον</span> <span class='ocrx_word' id='word_1_98' title='bbox 1188 1344 1334 1415; x_wconf 82' lang='grc' dir='ltr'>ἔχειν</span> <span class='ocrx_word' id='word_1_99' title='bbox 1372 1344 1471 1414; x_wconf 82' lang='grc' dir='ltr'><strong>τῆς</strong></span> <span class='ocrx_word' id='word_1_100' title='bbox 1519 1342 1830 1407; x_wconf 81' lang='grc' dir='ltr'>ὑποθέσεως</span> 
     </span>
    </p>
   </div>
   <div class='ocr_carea' id='block_1_17' title="bbox 229 1433 1825 1509">
    <p class='ocr_par' dir='ltr' id='par_1_17' title="bbox 229 1433 1825 1509">
     <span class='ocr_line' id='line_1_17' title="bbox 229 1433 1825 1509; baseline 0 -22"><span class='ocrx_word' id='word_1_101' title='bbox 229 1433 400 1500; x_wconf 79' lang='grc' dir='ltr'>ἀξιον,</span> <span class='ocrx_word' id='word_1_102' title='bbox 451 1433 547 1489; x_wconf 73' lang='grc' dir='ltr'>καὶ</span> <span class='ocrx_word' id='word_1_103' title='bbox 593 1434 668 1506; x_wconf 82' lang='grc' dir='ltr'>μὴ</span> <span class='ocrx_word' id='word_1_104' title='bbox 698 1434 877 1508; x_wconf 84' lang='grc' dir='ltr'>πάντη</span> <span class='ocrx_word' id='word_1_105' title='bbox 914 1441 1015 1509; x_wconf 81' lang='grc' dir='ltr'><strong>τῆς</strong></span> <span class='ocrx_word' id='word_1_106' title='bbox 1058 1436 1317 1509; x_wconf 79' lang='grc' dir='ltr'>ἀληθείας</span> <span class='ocrx_word' id='word_1_107' title='bbox 1368 1437 1825 1508; x_wconf 84' lang='grc' dir='ltr'>ἀπολειπόμενον,</span> 
     </span>
    </p>
   </div>
   <div class='ocr_carea' id='block_1_18' title="bbox 227 1525 1828 1600">
    <p class='ocr_par' dir='ltr' id='par_1_18' title="bbox 227 1525 1828 1600">
     <span class='ocr_line' id='line_1_18' title="bbox 227 1525 1828 1600; baseline 0 -20"><span class='ocrx_word' id='word_1_108' title='bbox 227 1525 307 1594; x_wconf 81' lang='grc' dir='ltr'>τῷ</span> <span class='ocrx_word' id='word_1_109' title='bbox 338 1526 457 1598; x_wconf 83' lang='grc' dir='ltr'><strong>Θεῷ</strong></span> <span class='ocrx_word' id='word_1_110' title='bbox 508 1527 687 1600; x_wconf 88' lang='grc' dir='ltr'>χάρις,</span> <span class='ocrx_word' id='word_1_111' title='bbox 741 1526 820 1598; x_wconf 81' lang='grc' dir='ltr'>τῷ</span> <span class='ocrx_word' id='word_1_112' title='bbox 859 1528 959 1599; x_wconf 79' lang='grc' dir='ltr'><strong>τὴν</strong></span> <span class='ocrx_word' id='word_1_113' title='bbox 994 1527 1336 1600; x_wconf 68' lang='grc' dir='ltr'>χαμαίζηλοι)</span> <span class='ocrx_word' id='word_1_114' title='bbox 1380 1527 1492 1598; x_wconf 82' lang='grc' dir='ltr'>(ἴνα</span> <span class='ocrx_word' id='word_1_115' title='bbox 1539 1528 1635 1582; x_wconf 77' lang='grc' dir='ltr'><strong>καὶ</strong></span> <span class='ocrx_word' id='word_1_116' title='bbox 1669 1526 1828 1581; x_wconf 88' lang='grc' dir='ltr'>τοῦτο</span> 
     </span>
    </p>
   </div>
   <div class='ocr_carea' id='block_1_19' title="bbox 232 1618 1823 1691">
    <p class='ocr_par' dir='ltr' id='par_1_19' title="bbox 232 1618 1823 1691">
     <span class='ocr_line' id='line_1_19' title="bbox 232 1618 1823 1691; baseline 0.001 -17"><span class='ocrx_word' id='word_1_117' title='bbox 232 1618 722 1691; x_wconf 81' lang='grc' dir='ltr'>θαυματουργήσῃ)</span> <span class='ocrx_word' id='word_1_118' title='bbox 755 1619 852 1674; x_wconf 71' lang='grc' dir='ltr'>καὶ</span> <span class='ocrx_word' id='word_1_119' title='bbox 880 1620 1197 1690; x_wconf 84' lang='grc' dir='ltr'>χαμαιπετῆ</span> <span class='ocrx_word' id='word_1_120' title='bbox 1231 1619 1473 1682; x_wconf 85' lang='grc' dir='ltr'>διάνοιαν</span> <span class='ocrx_word' id='word_1_121' title='bbox 1503 1619 1823 1689; x_wconf 85' lang='grc' dir='ltr'>φωτίσαντι,</span> 
     </span>
    </p>
   </div>
   <div class='ocr_carea' id='block_1_20' title="bbox 230 1710 1817 1782">
    <p class='ocr_par' dir='ltr' id='par_1_20' title="bbox 230 1710 1817 1782">
     <span class='ocr_line' id='line_1_20' title="bbox 230 1710 1817 1782; baseline 0.003 -21"><span class='ocrx_word' id='word_1_122' title='bbox 230 1711 322 1762; x_wconf 78' lang='grc' dir='ltr'><strong>καὶ</strong></span> <span class='ocrx_word' id='word_1_123' title='bbox 339 1710 497 1778; x_wconf 89' lang='grc' dir='ltr'>λόγον</span> <span class='ocrx_word' id='word_1_124' title='bbox 530 1710 846 1781; x_wconf 83' lang='grc' dir='ltr'>σύμμετρον</span> <span class='ocrx_word' id='word_1_125' title='bbox 898 1712 1273 1782; x_wconf 82' lang='grc' dir='ltr'>χαρισαμένῳ,</span> <span class='ocrx_word' id='word_1_126' title='bbox 1306 1711 1444 1782; x_wconf 84' lang='grc' dir='ltr'>πρὸς</span> <span class='ocrx_word' id='word_1_127' title='bbox 1479 1711 1542 1763; x_wconf 86' lang='grc' dir='ltr'>τὸ</span> <span class='ocrx_word' id='word_1_128' title='bbox 1580 1712 1817 1782; x_wconf 80' lang='grc' dir='ltr'>χαράξαι</span> 
     </span>
    </p>
   </div>
   <div class='ocr_carea' id='block_1_21' title="bbox 229 1798 1815 1871">
    <p class='ocr_par' dir='ltr' id='par_1_21' title="bbox 229 1798 1815 1871">
     <span class='ocr_line' id='line_1_21' title="bbox 229 1798 1815 1871; baseline 0.003 -20"><span class='ocrx_word' id='word_1_129' title='bbox 229 1798 326 1868; x_wconf 82' lang='grc' dir='ltr'>τὴν</span> <span class='ocrx_word' id='word_1_130' title='bbox 354 1800 697 1869; x_wconf 83' lang='grc' dir='ltr'>συμμετρίαν</span> <span class='ocrx_word' id='word_1_131' title='bbox 739 1798 849 1852; x_wconf 87' lang='grc' dir='ltr'><strong>τῶν</strong></span> <span class='ocrx_word' id='word_1_132' title='bbox 886 1799 1190 1871; x_wconf 89' lang='grc' dir='ltr'>νοηθέντων</span> <span class='ocrx_word' id='word_1_133' title='bbox 1240 1802 1335 1853; x_wconf 82' lang='grc' dir='ltr'><strong>καὶ</strong></span> <span class='ocrx_word' id='word_1_134' title='bbox 1367 1801 1496 1870; x_wconf 83' lang='grc' dir='ltr'>ὑμῖν</span> <span class='ocrx_word' id='word_1_135' title='bbox 1539 1804 1649 1864; x_wconf 84' lang='grc' dir='ltr'>τοῖς</span> <span class='ocrx_word' id='word_1_136' title='bbox 1682 1802 1815 1857; x_wconf 86' lang='grc' dir='ltr'>ὑπο-</span> 
     </span>
    </p>
   </div>
   <div class='ocr_carea' id='block_1_22' title="bbox 230 1884 1815 1965">
    <p class='ocr_par' dir='ltr' id='par_1_22' title="bbox 230 1884 1815 1965">
     <span class='ocr_line' id='line_1_22' title="bbox 230 1884 1815 1965; baseline 0.003 -24"><span class='ocrx_word' id='word_1_137' title='bbox 230 1886 428 1954; x_wconf 81' lang='grc' dir='ltr'>τάξασι</span> <span class='ocrx_word' id='word_1_138' title='bbox 467 1889 562 1942; x_wconf 70' lang='grc' dir='ltr'>καὶ</span> <span class='ocrx_word' id='word_1_139' title='bbox 589 1891 655 1960; x_wconf 80' lang='grc' dir='ltr'>τῇ</span> <span class='ocrx_word' id='word_1_140' title='bbox 681 1889 790 1943; x_wconf 86' lang='grc' dir='ltr'><strong>τῶν</strong></span> <span class='ocrx_word' id='word_1_141' title='bbox 832 1889 1006 1959; x_wconf 82' lang='grc' dir='ltr'>εὐχῶν</span> <span class='ocrx_word' id='word_1_142' title='bbox 1062 1888 1286 1960; x_wconf 82' lang='grc' dir='ltr'>βοηθείᾳ</span> <span class='ocrx_word' id='word_1_143' title='bbox 1306 1889 1369 1943; x_wconf 79' lang='grc' dir='ltr'>τὸ</span> <span class='ocrx_word' id='word_1_144' title='bbox 1395 1891 1503 1944; x_wconf 85' lang='grc' dir='ltr'><strong>πᾶν</strong></span> <span class='ocrx_word' id='word_1_145' title='bbox 1536 1884 1815 1965; x_wconf 78' lang='grc' dir='ltr'>κατορθῶ-</span> 
     </span>
    </p>
   </div>
   <div class='ocr_carea' id='block_1_23' title="bbox 234 1979 1816 2052">
    <p class='ocr_par' dir='ltr' id='par_1_23' title="bbox 234 1979 1816 2052">
     <span class='ocr_line' id='line_1_23' title="bbox 234 1979 1816 2052; baseline 0.003 -20"><span class='ocrx_word' id='word_1_146' title='bbox 234 1996 410 2033; x_wconf 82' lang='grc' dir='ltr'>σασιν.</span> <span class='ocrx_word' id='word_1_147' title='bbox 448 2002 465 2030; x_wconf 83' lang='grc' dir='ltr'><strong>ι</strong></span> <span class='ocrx_word' id='word_1_148' title='bbox 496 1980 556 2032; x_wconf 74' lang='lat' dir='ltr'><strong>EE</strong></span> <span class='ocrx_word' id='word_1_149' title='bbox 583 1980 640 2032; x_wconf 83' lang='grc' dir='ltr'>δὲ</span> <span class='ocrx_word' id='word_1_150' title='bbox 668 1982 766 2032; x_wconf 78' lang='grc' dir='ltr'><strong>οὐκ</strong></span> <span class='ocrx_word' id='word_1_151' title='bbox 808 1980 983 2050; x_wconf 82' lang='grc' dir='ltr'>ὀρθῶς</span> <span class='ocrx_word' id='word_1_152' title='bbox 1012 1980 1045 2051; x_wconf 83' lang='grc' dir='ltr'>ἢ</span> <span class='ocrx_word' id='word_1_153' title='bbox 1075 1979 1281 2045; x_wconf 67' lang='grc' dir='ltr'>ἀτελῶς</span> <span class='ocrx_word' id='word_1_154' title='bbox 1310 1981 1405 2035; x_wconf 76' lang='grc' dir='ltr'>καὶ</span> <span class='ocrx_word' id='word_1_155' title='bbox 1433 1981 1533 2052; x_wconf 85' lang='grc' dir='ltr'><strong>τῆς</strong></span> <span class='ocrx_word' id='word_1_156' title='bbox 1555 1981 1816 2052; x_wconf 80' lang='grc' dir='ltr'>ἀληθείας</span> 
     </span>
    </p>
   </div>
   <div class='ocr_carea' id='block_1_24' title="bbox 231 2071 1815 2144">
    <p class='ocr_par' dir='ltr' id='par_1_24' title="bbox 231 2071 1815 2144">
     <span class='ocr_line' id='line_1_24' title="bbox 231 2071 1815 2144; baseline 0.001 -18"><span class='ocrx_word' id='word_1_157' title='bbox 231 2072 264 2143; x_wconf 84' lang='grc' dir='ltr'>ἢ</span> <span class='ocrx_word' id='word_1_158' title='bbox 286 2071 484 2137; x_wconf 79' lang='grc' dir='ltr'>ὑλικῶς</span> <span class='ocrx_word' id='word_1_159' title='bbox 507 2072 539 2143; x_wconf 80' lang='grc' dir='ltr'>ἢ</span> <span class='ocrx_word' id='word_1_160' title='bbox 565 2071 806 2143; x_wconf 86' lang='grc' dir='ltr'>μερικῶς</span> <span class='ocrx_word' id='word_1_161' title='bbox 828 2072 1185 2142; x_wconf 82' lang='grc' dir='ltr'>ἀποπεπλάνη</span> <span class='ocrx_word' id='word_1_162' title='bbox 1196 2090 1291 2144; x_wconf 82' lang='grc' dir='ltr'><strong>μαι</strong></span> <span class='ocrx_word' id='word_1_163' title='bbox 1324 2092 1342 2124; x_wconf 71' lang='grc' dir='ltr'><strong>ι</strong></span> <span class='ocrx_word' id='word_1_164' title='bbox 1373 2073 1486 2139; x_wconf 85' lang='grc' dir='ltr'>(τὸν</span> <span class='ocrx_word' id='word_1_165' title='bbox 1508 2072 1618 2144; x_wconf 85' lang='grc' dir='ltr'>γὰρ</span> <span class='ocrx_word' id='word_1_166' title='bbox 1639 2074 1815 2144; x_wconf 82' lang='grc' dir='ltr'>μέγαν</span> 
     </span>
    </p>
   </div>
   <div class='ocr_carea' id='block_1_25' title="bbox 232 2163 1815 2241">
    <p class='ocr_par' dir='ltr' id='par_1_25' title="bbox 232 2163 1815 2241">
     <span class='ocr_line' id='line_1_25' title="bbox 232 2163 1815 2241; baseline 0.001 -23"><span class='ocrx_word' id='word_1_167' title='bbox 232 2166 329 2218; x_wconf 81' lang='grc' dir='ltr'><strong>καὶ</strong></span> <span class='ocrx_word' id='word_1_168' title='bbox 360 2164 697 2235; x_wconf 82' lang='grc' dir='ltr'>θεοφάντορα</span> <span class='ocrx_word' id='word_1_169' title='bbox 732 2164 835 2219; x_wconf 81' lang='grc' dir='ltr'><strong>κάν</strong></span> <span class='ocrx_word' id='word_1_170' title='bbox 882 2163 1058 2234; x_wconf 80' lang='grc' dir='ltr'>τούτῳ</span> <span class='ocrx_word' id='word_1_171' title='bbox 1087 2181 1170 2221; x_wconf 85' lang='grc' dir='ltr'><strong>σοι</strong></span> <span class='ocrx_word' id='word_1_172' title='bbox 1200 2165 1498 2241; x_wconf 80' lang='grc' dir='ltr'>προσφέρω</span> <span class='ocrx_word' id='word_1_173' title='bbox 1539 2165 1815 2219; x_wconf 76' lang='grc' dir='ltr'>Διονύσιον</span> 
     </span>
    </p>
   </div>
   <div class='ocr_carea' id='block_1_26' title="bbox 232 2255 1816 2328">
    <p class='ocr_par' dir='ltr' id='par_1_26' title="bbox 232 2255 1816 2328">
     <span class='ocr_line' id='line_1_26' title="bbox 232 2255 1816 2328; baseline 0.001 -19"><span class='ocrx_word' id='word_1_174' title='bbox 232 2255 684 2327; x_wconf 85' lang='grc' dir='ltr'>παρακλήτορα),</span> <span class='ocrx_word' id='word_1_175' title='bbox 746 2255 897 2324; x_wconf 77' lang='grc' dir='ltr'>(τῆς</span> <span class='ocrx_word' id='word_1_176' title='bbox 960 2255 1060 2326; x_wconf 83' lang='grc' dir='ltr'>σῆς</span> <span class='ocrx_word' id='word_1_177' title='bbox 1131 2255 1198 2309; x_wconf 85' lang='grc' dir='ltr'><strong>ἂν</strong></span> <span class='ocrx_word' id='word_1_178' title='bbox 1253 2256 1342 2325; x_wconf 80' lang='grc' dir='ltr'><strong>εἴη</strong></span> <span class='ocrx_word' id='word_1_179' title='bbox 1405 2255 1816 2328; x_wconf 84' lang='grc' dir='ltr'>φιλανθρωπίας</span> 
     </span>
    </p>
   </div>
   <div class='ocr_carea' id='block_1_27' title="bbox 233 2342 1815 2420">
    <p class='ocr_par' dir='ltr' id='par_1_27' title="bbox 233 2342 1815 2420">
     <span class='ocr_line' id='line_1_27' title="bbox 233 2342 1815 2420; baseline 0.003 -21"><span class='ocrx_word' id='word_1_180' title='bbox 233 2342 721 2419; x_wconf 77' lang='grc' dir='ltr'>ἐπανορθώσασθαι</span> <span class='ocrx_word' id='word_1_181' title='bbox 774 2347 868 2400; x_wconf 77' lang='grc' dir='ltr'><strong>τὸν</strong></span> <span class='ocrx_word' id='word_1_182' title='bbox 915 2348 1187 2412; x_wconf 86' lang='grc' dir='ltr'>ἀκουσίως</span> <span class='ocrx_word' id='word_1_183' title='bbox 1215 2347 1536 2417; x_wconf 80' lang='grc' dir='ltr'>ἀγνοοῦντα,</span> <span class='ocrx_word' id='word_1_184' title='bbox 1579 2351 1675 2402; x_wconf 74' lang='grc' dir='ltr'><strong>καὶ</strong></span> <span class='ocrx_word' id='word_1_185' title='bbox 1716 2366 1815 2420; x_wconf 85' lang='grc' dir='ltr'>με·</span> 
     </span>
    </p>
   </div>
   <div class='ocr_carea' id='block_1_28' title="bbox 232 2436 1815 2513">
    <p class='ocr_par' dir='ltr' id='par_1_28' title="bbox 232 2436 1815 2513">
     <span class='ocr_line' id='line_1_28' title="bbox 232 2436 1815 2513; baseline 0.006 -24"><span class='ocrx_word' id='word_1_186' title='bbox 232 2436 487 2490; x_wconf 80' lang='grc' dir='ltr'>ταδοῦναι</span> <span class='ocrx_word' id='word_1_187' title='bbox 531 2438 694 2507; x_wconf 80' lang='grc' dir='ltr'>λόγου</span> <span class='ocrx_word' id='word_1_188' title='bbox 725 2437 804 2509; x_wconf 83' lang='grc' dir='ltr'><strong>τῷ</strong></span> <span class='ocrx_word' id='word_1_189' title='bbox 863 2439 1055 2510; x_wconf 86' lang='grc' dir='ltr'>μαθεῖν</span> <span class='ocrx_word' id='word_1_190' title='bbox 1079 2440 1343 2513; x_wconf 86' lang='grc' dir='ltr'>δεομένῳ,</span> <span class='ocrx_word' id='word_1_191' title='bbox 1392 2442 1487 2494; x_wconf 84' lang='grc' dir='ltr'><strong>καί</strong></span> <span class='ocrx_word' id='word_1_192' title='bbox 1534 2440 1815 2511; x_wconf 73' lang='grc' dir='ltr'>ἐπαμῦναι</span> 
     </span>
    </p>
   </div>
   <div class='ocr_carea' id='block_1_29' title="bbox 231 2528 1817 2604">
    <p class='ocr_par' dir='ltr' id='par_1_29' title="bbox 231 2528 1817 2604">
     <span class='ocr_line' id='line_1_29' title="bbox 231 2528 1817 2604; baseline 0.006 -22"><span class='ocrx_word' id='word_1_193' title='bbox 231 2528 311 2599; x_wconf 78' lang='grc' dir='ltr'>τῷ</span> <span class='ocrx_word' id='word_1_194' title='bbox 341 2528 416 2600; x_wconf 84' lang='grc' dir='ltr'>μὴ</span> <span class='ocrx_word' id='word_1_195' title='bbox 461 2530 710 2603; x_wconf 80' lang='grc' dir='ltr'>αὐτάρκη</span> <span class='ocrx_word' id='word_1_196' title='bbox 762 2531 993 2603; x_wconf 82' lang='grc' dir='ltr'>δύναμιν</span> <span class='ocrx_word' id='word_1_197' title='bbox 1019 2533 1219 2604; x_wconf 77' lang='grc' dir='ltr'>ἔχοντι,</span> <span class='ocrx_word' id='word_1_198' title='bbox 1274 2534 1370 2589; x_wconf 79' lang='grc' dir='ltr'>καὶ</span> <span class='ocrx_word' id='word_1_199' title='bbox 1421 2535 1678 2592; x_wconf 84' lang='grc' dir='ltr'>ἰάσασθαι</span> <span class='ocrx_word' id='word_1_200' title='bbox 1723 2536 1817 2591; x_wconf 79' lang='grc' dir='ltr'><strong>τὸν</strong></span> 
     </span>
    </p>
   </div>
   <div class='ocr_carea' id='block_1_30' title="bbox 231 2621 1817 2698">
    <p class='ocr_par' dir='ltr' id='par_1_30' title="bbox 231 2621 1817 2698">
     <span class='ocr_line' id='line_1_30' title="bbox 231 2621 1817 2698; baseline 0.003 -22"><span class='ocrx_word' id='word_1_201' title='bbox 231 2622 333 2676; x_wconf 88' lang='grc' dir='ltr'><strong>οὑκ</strong></span> <span class='ocrx_word' id='word_1_202' title='bbox 377 2621 628 2677; x_wconf 78' lang='grc' dir='ltr'>ἐθέλοντα</span> <span class='ocrx_word' id='word_1_203' title='bbox 676 2624 1003 2697; x_wconf 76' lang='grc' dir='ltr'>ἀρρωστεῖν,</span> <span class='ocrx_word' id='word_1_204' title='bbox 1050 2626 1164 2698; x_wconf 81' lang='grc'><strong>(75)</strong></span> <span class='ocrx_word' id='word_1_205' title='bbox 1200 2626 1286 2680; x_wconf 78' lang='grc' dir='ltr'><strong>ἵνα</strong></span> <span class='ocrx_word' id='word_1_206' title='bbox 1333 2628 1428 2681; x_wconf 76' lang='grc' dir='ltr'>καὶ</span> <span class='ocrx_word' id='word_1_207' title='bbox 1468 2627 1631 2684; x_wconf 73' lang='grc' dir='ltr'>τοῦτο</span> <span class='ocrx_word' id='word_1_208' title='bbox 1677 2628 1817 2698; x_wconf 84' lang='grc' dir='ltr'><strong>μετὰ</strong></span> 
     </span>
    </p>
   </div>
   <div class='ocr_carea' id='block_1_31' title="bbox 230 2710 1811 2789">
    <p class='ocr_par' dir='ltr' id='par_1_31' title="bbox 230 2710 1811 2789">
     <span class='ocr_line' id='line_1_31' title="bbox 230 2710 1811 2789; baseline 0.005 -25"><span class='ocrx_word' id='word_1_209' title='bbox 230 2710 339 2765; x_wconf 88' lang='grc' dir='ltr'><strong>τῶν</strong></span> <span class='ocrx_word' id='word_1_210' title='bbox 380 2711 556 2766; x_wconf 85' lang='grc' dir='ltr'>ἄλλων</span> <span class='ocrx_word' id='word_1_211' title='bbox 593 2730 687 2767; x_wconf 88' lang='grc' dir='ltr'><strong>σου</strong></span> <span class='ocrx_word' id='word_1_212' title='bbox 723 2713 927 2782; x_wconf 89' lang='grc' dir='ltr'>καλῶν,</span> <span class='ocrx_word' id='word_1_213' title='bbox 979 2716 1182 2786; x_wconf 79' lang='grc' dir='ltr'>μᾶλλον</span> <span class='ocrx_word' id='word_1_214' title='bbox 1212 2717 1270 2771; x_wconf 81' lang='grc' dir='ltr'><strong>δὲ</strong></span> <span class='ocrx_word' id='word_1_215' title='bbox 1318 2717 1578 2789; x_wconf 76' lang='grc' dir='ltr'>πρὸ¹τῶν</span> <span class='ocrx_word' id='word_1_216' title='bbox 1618 2717 1811 2783; x_wconf 80' lang='grc' dir='ltr'>ἄλλων,</span> 
     </span>
    </p>
   </div>
   <div class='ocr_carea' id='block_1_32' title="bbox 231 2804 1815 2881">
    <p class='ocr_par' dir='ltr' id='par_1_32' title="bbox 231 2804 1815 2881">
     <span class='ocr_line' id='line_1_32' title="bbox 231 2804 1815 2881; baseline 0.005 -24"><span class='ocrx_word' id='word_1_217' title='bbox 231 2804 489 2876; x_wconf 79' lang='grc' dir='ltr'>ἀνάθημα</span> <span class='ocrx_word' id='word_1_218' title='bbox 538 2806 718 2876; x_wconf 89' lang='grc' dir='ltr'>τίμιον</span> <span class='ocrx_word' id='word_1_219' title='bbox 760 2808 855 2861; x_wconf 79' lang='grc' dir='ltr'>καὶ</span> <span class='ocrx_word' id='word_1_220' title='bbox 919 2808 1101 2878; x_wconf 84' lang='grc' dir='ltr'>πάσης</span> <span class='ocrx_word' id='word_1_221' title='bbox 1153 2809 1344 2874; x_wconf 87' lang='grc' dir='ltr'>θυσίας</span> <span class='ocrx_word' id='word_1_222' title='bbox 1389 2811 1815 2881; x_wconf 79' lang='grc' dir='ltr'>αἰδεσιμὼτερον</span> 
     </span>
    </p>
   </div>
   <div class='ocr_carea' id='block_1_33' title="bbox 236 2899 1815 2974">
    <p class='ocr_par' dir='ltr' id='par_1_33' title="bbox 236 2899 1815 2974">
     <span class='ocr_line' id='line_1_33' title="bbox 236 2899 1815 2974; baseline 0.002 -21"><span class='ocrx_word' id='word_1_223' title='bbox 236 2899 599 2972; x_wconf 74' lang='grc' dir='ltr'>ἱερουργήσῃς</span> <span class='ocrx_word' id='word_1_224' title='bbox 660 2899 741 2971; x_wconf 82' lang='grc' dir='ltr'><strong>τῷ</strong></span> <span class='ocrx_word' id='word_1_225' title='bbox 785 2899 907 2971; x_wconf 87' lang='grc' dir='ltr'><strong>Θεῷ</strong></span> <span class='ocrx_word' id='word_1_226' title='bbox 956 2900 1056 2973; x_wconf 81' lang='grc' dir='ltr'>τὴν</span> <span class='ocrx_word' id='word_1_227' title='bbox 1120 2902 1571 2973; x_wconf 83' lang='grc' dir='ltr'>φιλανθρωπίαν,</span> <span class='ocrx_word' id='word_1_228' title='bbox 1625 2902 1704 2974; x_wconf 84' lang='grc' dir='ltr'>τῷ</span> <span class='ocrx_word' id='word_1_229' title='bbox 1757 2905 1815 2957; x_wconf 76' lang='grc' dir='ltr'>ἐν</span> 
     </span>
    </p>
   </div>
   <div class='ocr_carea' id='block_1_34' title="bbox 1934 419 3517 495">
    <p class='ocr_par' dir='ltr' id='par_1_34' title="bbox 1934 419 3517 495">
     <span class='ocr_line' id='line_1_34' title="bbox 1934 419 3517 495; baseline -0.002 -17"><span class='ocrx_word' id='word_1_230' title='bbox 1934 423 2185 495; x_wconf 81' lang='lat' dir='ltr'><strong>Gregorii</strong></span> <span class='ocrx_word' id='word_1_231' title='bbox 2207 423 2565 478; x_wconf 82' lang='lat' dir='ltr'><strong>sermonibus</strong></span> <span class='ocrx_word' id='word_1_232' title='bbox 2586 420 2655 477; x_wconf 89' lang='lat' dir='ltr'><strong>de</strong></span> <span class='ocrx_word' id='word_1_233' title='bbox 2681 421 2886 491; x_wconf 86' lang='lat' dir='ltr'><strong>quibus</strong></span> <span class='ocrx_word' id='word_1_234' title='bbox 2915 419 3266 491; x_wconf 85' lang='lat' dir='ltr'><strong>quaesivistis,</strong></span> <span class='ocrx_word' id='word_1_235' title='bbox 3297 434 3517 490; x_wconf 85' lang='lat' dir='ltr'><strong>meque,</strong></span> 
     </span>
    </p>
   </div>
   <div class='ocr_carea' id='block_1_35' title="bbox 1935 515 3518 589">
    <p class='ocr_par' dir='ltr' id='par_1_35' title="bbox 1935 515 3518 589">
     <span class='ocr_line' id='line_1_35' title="bbox 1935 515 3518 589; baseline 0.001 -18"><span class='ocrx_word' id='word_1_236' title='bbox 1935 516 2269 581; x_wconf 74' lang='lat' dir='ltr'><strong>beatissimi,</strong></span> <span class='ocrx_word' id='word_1_237' title='bbox 2308 532 2408 588; x_wconf 90' lang='lat' dir='ltr'><strong>pro</strong></span> <span class='ocrx_word' id='word_1_238' title='bbox 2425 516 2575 571; x_wconf 86' lang='lat' dir='ltr'><strong>virili</strong></span> <span class='ocrx_word' id='word_1_239' title='bbox 2605 524 2762 589; x_wconf 89' lang='lat' dir='ltr'><strong>parte</strong></span> <span class='ocrx_word' id='word_1_240' title='bbox 2794 529 3077 588; x_wconf 81' lang='lat' dir='ltr'><strong>exponere</strong></span> <span class='ocrx_word' id='word_1_241' title='bbox 3106 515 3380 571; x_wconf 78' lang='lat' dir='ltr'><strong>voluistis.</strong></span> <span class='ocrx_word' id='word_1_242' title='bbox 3408 516 3518 572; x_wconf 82' lang='lat' dir='ltr'><strong>Vo-</strong></span> 
     </span>
    </p>
   </div>
   <div class='ocr_carea' id='block_1_36' title="bbox 1934 604 3520 679">
    <p class='ocr_par' dir='ltr' id='par_1_36' title="bbox 1934 604 3520 679">
     <span class='ocr_line' id='line_1_36' title="bbox 1934 604 3520 679; baseline 0.001 -17"><span class='ocrx_word' id='word_1_243' title='bbox 1934 607 2140 662; x_wconf 87' lang='lat' dir='ltr'><strong>luntati</strong></span> <span class='ocrx_word' id='word_1_244' title='bbox 2169 615 2392 673; x_wconf 70' lang='lat' dir='ltr'><strong>vestrae,</strong></span> <span class='ocrx_word' id='word_1_245' title='bbox 2434 618 2499 663; x_wconf 89' lang='lat' dir='ltr'><strong>ut</strong></span> <span class='ocrx_word' id='word_1_246' title='bbox 2534 623 2635 678; x_wconf 90' lang='lat' dir='ltr'><strong>par</strong></span> <span class='ocrx_word' id='word_1_247' title='bbox 2667 617 2792 673; x_wconf 91' lang='lat' dir='ltr'><strong>est,</strong></span> <span class='ocrx_word' id='word_1_248' title='bbox 2830 607 3124 669; x_wconf 88' lang='lat' dir='ltr'><strong>obediens,</strong></span> <span class='ocrx_word' id='word_1_249' title='bbox 3150 604 3392 662; x_wconf 89' lang='lat' dir='ltr'><strong>disserui</strong></span> <span class='ocrx_word' id='word_1_250' title='bbox 3418 622 3520 679; x_wconf 90' lang='lat' dir='ltr'><strong>ego</strong></span> 
     </span>
    </p>
   </div>
   <div class='ocr_carea' id='block_1_37' title="bbox 1934 699 3519 772">
    <p class='ocr_par' dir='ltr' id='par_1_37' title="bbox 1934 699 3519 772">
     <span class='ocr_line' id='line_1_37' title="bbox 1934 699 3519 772; baseline 0 -18"><span class='ocrx_word' id='word_1_251' title='bbox 1934 699 2004 754; x_wconf 92' lang='lat' dir='ltr'><strong>dc</strong></span> <span class='ocrx_word' id='word_1_252' title='bbox 2028 702 2347 772; x_wconf 86' lang='lat' dir='ltr'><strong>conjectura</strong></span> <span class='ocrx_word' id='word_1_253' title='bbox 2379 701 2553 772; x_wconf 87' lang='lat' dir='ltr'><strong>magis</strong></span> <span class='ocrx_word' id='word_1_254' title='bbox 2578 700 3022 757; x_wconf 90' lang='lat' dir='ltr'><strong>commendando</strong></span> <span class='ocrx_word' id='word_1_255' title='bbox 3045 715 3208 772; x_wconf 88' lang='lat' dir='ltr'><strong>quam</strong></span> <span class='ocrx_word' id='word_1_256' title='bbox 3240 699 3519 755; x_wconf 85' lang='lat' dir='ltr'><strong>alIirman-</strong></span> 
     </span>
    </p>
   </div>
   <div class='ocr_carea' id='block_1_38' title="bbox 1935 792 3517 865">
    <p class='ocr_par' dir='ltr' id='par_1_38' title="bbox 1935 792 3517 865">
     <span class='ocr_line' id='line_1_38' title="bbox 1935 792 3517 865; baseline 0.001 -18"><span class='ocrx_word' id='word_1_257' title='bbox 1935 792 2028 848; x_wconf 89' lang='lat' dir='ltr'><strong>do.</strong></span> <span class='ocrx_word' id='word_1_258' title='bbox 2056 793 2247 864; x_wconf 88' lang='lat' dir='ltr'><strong>Neque</strong></span> <span class='ocrx_word' id='word_1_259' title='bbox 2267 795 2417 849; x_wconf 90' lang='lat' dir='ltr'><strong>enim</strong></span> <span class='ocrx_word' id='word_1_260' title='bbox 2445 794 2784 865; x_wconf 87' lang='lat' dir='ltr'><strong>assequitur,</strong></span> <span class='ocrx_word' id='word_1_261' title='bbox 2812 808 2995 864; x_wconf 83' lang='lat' dir='ltr'><strong>neque</strong></span> <span class='ocrx_word' id='word_1_262' title='bbox 3020 794 3241 865; x_wconf 87' lang='lat' dir='ltr'><strong>attingit</strong></span> <span class='ocrx_word' id='word_1_263' title='bbox 3263 809 3517 865; x_wconf 88' lang='lat' dir='ltr'><strong>magnam</strong></span> 
     </span>
    </p>
   </div>
   <div class='ocr_carea' id='block_1_39' title="bbox 1932 887 3517 943">
    <p class='ocr_par' dir='ltr' id='par_1_39' title="bbox 1932 887 3517 943">
     <span class='ocr_line' id='line_1_39' title="bbox 1932 887 3517 943; baseline 0.001 -2"><span class='ocrx_word' id='word_1_264' title='bbox 1932 895 1989 941; x_wconf 91' lang='lat' dir='ltr'><strong>et</strong></span> <span class='ocrx_word' id='word_1_265' title='bbox 2032 887 2328 942; x_wconf 87' lang='lat' dir='ltr'><strong>sublimem</strong></span> <span class='ocrx_word' id='word_1_266' title='bbox 2351 887 2526 942; x_wconf 85' lang='lat' dir='ltr'><strong>divini</strong></span> <span class='ocrx_word' id='word_1_267' title='bbox 2575 888 2827 943; x_wconf 86' lang='lat' dir='ltr'><strong>doctoris</strong></span> <span class='ocrx_word' id='word_1_268' title='bbox 2852 894 3096 943; x_wconf 85' lang='lat' dir='ltr'><strong>mentem</strong></span> <span class='ocrx_word' id='word_1_269' title='bbox 3127 896 3315 942; x_wconf 89' lang='lat' dir='ltr'><strong>noster</strong></span> <span class='ocrx_word' id='word_1_270' title='bbox 3350 887 3517 942; x_wconf 90' lang='lat' dir='ltr'><strong>intel-</strong></span> 
     </span>
    </p>
   </div>
   <div class='ocr_carea' id='block_1_40' title="bbox 1932 979 3520 1050">
    <p class='ocr_par' dir='ltr' id='par_1_40' title="bbox 1932 979 3520 1050">
     <span class='ocr_line' id='line_1_40' title="bbox 1932 979 3520 1050; baseline 0 -16"><span class='ocrx_word' id='word_1_271' title='bbox 1932 979 2133 1046; x_wconf 83' lang='lat' dir='ltr'><strong>lectus,</strong></span> <span class='ocrx_word' id='word_1_272' title='bbox 2185 980 2283 1050; x_wconf 91' lang='lat' dir='ltr'><strong>qui</strong></span> <span class='ocrx_word' id='word_1_273' title='bbox 2328 981 2664 1037; x_wconf 85' lang='lat' dir='ltr'><strong>voluntariis</strong></span> <span class='ocrx_word' id='word_1_274' title='bbox 2715 981 2900 1036; x_wconf 85' lang='lat' dir='ltr'><strong>adhuc</strong></span> <span class='ocrx_word' id='word_1_275' title='bbox 2947 981 3246 1037; x_wconf 82' lang='lat' dir='ltr'><strong>all‘ectuum</strong></span> <span class='ocrx_word' id='word_1_276' title='bbox 3310 979 3520 1035; x_wconf 78' lang='lat' dir='ltr'><strong>aculeis</strong></span> 
     </span>
    </p>
   </div>
   <div class='ocr_carea' id='block_1_41' title="bbox 1932 1071 3520 1143">
    <p class='ocr_par' dir='ltr' id='par_1_41' title="bbox 1932 1071 3520 1143">
     <span class='ocr_line' id='line_1_41' title="bbox 1932 1071 3520 1143; baseline 0 -17"><span class='ocrx_word' id='word_1_277' title='bbox 1932 1071 2255 1142; x_wconf 89' lang='lat' dir='ltr'><strong>pungimur,</strong></span> <span class='ocrx_word' id='word_1_278' title='bbox 2283 1087 2524 1141; x_wconf 89' lang='lat' dir='ltr'><strong>quorum</strong></span> <span class='ocrx_word' id='word_1_279' title='bbox 2558 1072 2889 1127; x_wconf 85' lang='lat' dir='ltr'><strong>vulneribus</strong></span> <span class='ocrx_word' id='word_1_280' title='bbox 2908 1073 3004 1142; x_wconf 90' lang='lat' dir='ltr'><strong>qui</strong></span> <span class='ocrx_word' id='word_1_281' title='bbox 3036 1073 3320 1128; x_wconf 90' lang='lat' dir='ltr'><strong>sauciatur</strong></span> <span class='ocrx_word' id='word_1_282' title='bbox 3345 1072 3520 1143; x_wconf 88' lang='lat' dir='ltr'><strong>magis</strong></span> 
     </span>
    </p>
   </div>
   <div class='ocr_carea' id='block_1_42' title="bbox 1932 1163 3518 1235">
    <p class='ocr_par' dir='ltr' id='par_1_42' title="bbox 1932 1163 3518 1235">
     <span class='ocr_line' id='line_1_42' title="bbox 1932 1163 3518 1235; baseline 0 -17"><span class='ocrx_word' id='word_1_283' title='bbox 1932 1163 2138 1235; x_wconf 80' lang='lat' dir='ltr'><strong>gaudet</strong></span> <span class='ocrx_word' id='word_1_284' title='bbox 2162 1180 2329 1235; x_wconf 91' lang='lat' dir='ltr'><strong>quam</strong></span> <span class='ocrx_word' id='word_1_285' title='bbox 2373 1164 2469 1234; x_wconf 87' lang='lat' dir='ltr'><strong>qui</strong></span> <span class='ocrx_word' id='word_1_286' title='bbox 2503 1164 2775 1219; x_wconf 89' lang='lat' dir='ltr'><strong>virtutum</strong></span> <span class='ocrx_word' id='word_1_287' title='bbox 2815 1165 3008 1235; x_wconf 87' lang='lat' dir='ltr'><strong>gratiis</strong></span> <span class='ocrx_word' id='word_1_288' title='bbox 3048 1174 3336 1235; x_wconf 78' lang='lat' dir='ltr'><strong>purgatur.</strong></span> <span class='ocrx_word' id='word_1_289' title='bbox 3365 1174 3518 1233; x_wconf 85' lang='lat' dir='ltr'><strong>post-</strong></span> 
     </span>
    </p>
   </div>
   <div class='ocr_carea' id='block_1_43' title="bbox 1931 1253 3733 1331">
    <p class='ocr_par' dir='ltr' id='par_1_43' title="bbox 1931 1253 3733 1331">
     <span class='ocr_line' id='line_1_43' title="bbox 1931 1253 3733 1331; baseline -0.003 -19"><span class='ocrx_word' id='word_1_290' title='bbox 1931 1270 2097 1325; x_wconf 85' lang='lat' dir='ltr'><strong>quam</strong></span> <span class='ocrx_word' id='word_1_291' title='bbox 2142 1255 2215 1311; x_wconf 89' lang='lat' dir='ltr'><strong>ob</strong></span> <span class='ocrx_word' id='word_1_292' title='bbox 2269 1257 2500 1311; x_wconf 90' lang='lat' dir='ltr'><strong>multam</strong></span> <span class='ocrx_word' id='word_1_293' title='bbox 2564 1254 2693 1311; x_wconf 86' lang='lat' dir='ltr'><strong>mali</strong></span> <span class='ocrx_word' id='word_1_294' title='bbox 2740 1254 3226 1331; x_wconf 56' lang='lat' dir='ltr'><strong>consuetudinem,</strong></span> <span class='ocrx_word' id='word_1_295' title='bbox 3267 1253 3515 1307; x_wconf 86' lang='lat' dir='ltr'><strong>habitum</strong></span> <span class='ocrx_word' id='word_1_296' title='bbox 3628 1254 3643 1260; x_wconf 81' lang='grc'><strong>’</strong></span> <span class='ocrx_word' id='word_1_297' title='bbox 3722 1275 3733 1285; x_wconf 89' lang='grc'><strong>·</strong></span> 
     </span>
    </p>
   </div>
   <div class='ocr_carea' id='block_1_44' title="bbox 1932 1344 3516 1419">
    <p class='ocr_par' dir='ltr' id='par_1_44' title="bbox 1932 1344 3516 1419">
     <span class='ocr_line' id='line_1_44' title="bbox 1932 1344 3516 1419; baseline -0.003 -17"><span class='ocrx_word' id='word_1_298' title='bbox 1932 1348 2235 1419; x_wconf 85' lang='lat' dir='ltr'><strong>assumpsit</strong></span> <span class='ocrx_word' id='word_1_299' title='bbox 2263 1349 2319 1403; x_wconf 93' lang='lat' dir='ltr'><strong>in</strong></span> <span class='ocrx_word' id='word_1_300' title='bbox 2363 1358 2650 1418; x_wconf 85' lang='lat' dir='ltr'><strong>peccatum</strong></span> <span class='ocrx_word' id='word_1_301' title='bbox 2694 1348 3016 1419; x_wconf 84' lang='lat' dir='ltr'><strong>proclivem.</strong></span> <span class='ocrx_word' id='word_1_302' title='bbox 3058 1347 3239 1415; x_wconf 83' lang='lat' dir='ltr'><strong>Atque</strong></span> <span class='ocrx_word' id='word_1_303' title='bbox 3263 1344 3309 1399; x_wconf 92' lang='lat' dir='ltr'><strong>si</strong></span> <span class='ocrx_word' id='word_1_304' title='bbox 3351 1361 3516 1416; x_wconf 83' lang='lat' dir='ltr'><strong>argu-</strong></span> 
     </span>
    </p>
   </div>
   <div class='ocr_carea' id='block_1_45' title="bbox 1930 1434 3515 1518">
    <p class='ocr_par' dir='ltr' id='par_1_45' title="bbox 1930 1434 3515 1518">
     <span class='ocr_line' id='line_1_45' title="bbox 1930 1434 3515 1518; baseline -0.004 -25"><span class='ocrx_word' id='word_1_305' title='bbox 1930 1446 2122 1494; x_wconf 87' lang='lat' dir='ltr'><strong>mento</strong></span> <span class='ocrx_word' id='word_1_306' title='bbox 2170 1454 2272 1495; x_wconf 92' lang='lat' dir='ltr'><strong>suo</strong></span> <span class='ocrx_word' id='word_1_307' title='bbox 2302 1439 2513 1509; x_wconf 90' lang='lat' dir='ltr'><strong>aliquid</strong></span> <span class='ocrx_word' id='word_1_308' title='bbox 2543 1439 2773 1510; x_wconf 86' lang='lat' dir='ltr'><strong>dignum</strong></span> <span class='ocrx_word' id='word_1_309' title='bbox 2812 1438 3019 1492; x_wconf 89' lang='lat' dir='ltr'><strong>habere</strong></span> <span class='ocrx_word' id='word_1_310' title='bbox 3069 1436 3155 1490; x_wconf 66' lang='lat' dir='ltr'><strong>hac</strong></span> <span class='ocrx_word' id='word_1_311' title='bbox 3179 1434 3515 1518; x_wconf 67' lang='lat' dir='ltr'><strong>qumstiones</strong></span> 
     </span>
    </p>
   </div>
   <div class='ocr_carea' id='block_1_46' title="bbox 1928 1526 3514 1600">
    <p class='ocr_par' dir='ltr' id='par_1_46' title="bbox 1928 1526 3514 1600">
     <span class='ocr_line' id='line_1_46' title="bbox 1928 1526 3514 1600; baseline -0.005 -13"><span class='ocrx_word' id='word_1_312' title='bbox 1928 1532 2089 1587; x_wconf 90' lang='lat' dir='ltr'><strong>vobis</strong></span> <span class='ocrx_word' id='word_1_313' title='bbox 2124 1532 2485 1596; x_wconf 88' lang='lat' dir='ltr'><strong>videbuntur,</strong></span> <span class='ocrx_word' id='word_1_314' title='bbox 2518 1539 2575 1584; x_wconf 91' lang='lat' dir='ltr'><strong>et</strong></span> <span class='ocrx_word' id='word_1_315' title='bbox 2608 1529 2756 1600; x_wconf 91' lang='lat' dir='ltr'><strong>quod</strong></span> <span class='ocrx_word' id='word_1_316' title='bbox 2799 1544 2910 1584; x_wconf 92' lang='lat' dir='ltr'><strong>non</strong></span> <span class='ocrx_word' id='word_1_317' title='bbox 2942 1542 3175 1598; x_wconf 91' lang='lat' dir='ltr'><strong>prorsus</strong></span> <span class='ocrx_word' id='word_1_318' title='bbox 3214 1543 3244 1580; x_wconf 91' lang='lat' dir='ltr'><strong>a</strong></span> <span class='ocrx_word' id='word_1_319' title='bbox 3279 1526 3514 1581; x_wconf 88' lang='lat' dir='ltr'><strong>veritate</strong></span> 
     </span>
    </p>
   </div>
   <div class='ocr_carea' id='block_1_47' title="bbox 1929 1618 3571 1693">
    <p class='ocr_par' dir='ltr' id='par_1_47' title="bbox 1929 1618 3571 1693">
     <span class='ocr_line' id='line_1_47' title="bbox 1929 1618 3571 1693; baseline -0.005 -14"><span class='ocrx_word' id='word_1_320' title='bbox 1929 1624 2173 1679; x_wconf 86' lang='lat' dir='ltr'><strong>alienum</strong></span> <span class='ocrx_word' id='word_1_321' title='bbox 2203 1624 2296 1688; x_wconf 88' lang='lat' dir='ltr'><strong>sit,</strong></span> <span class='ocrx_word' id='word_1_322' title='bbox 2328 1624 2445 1679; x_wconf 91' lang='lat' dir='ltr'><strong>Deo</strong></span> <span class='ocrx_word' id='word_1_323' title='bbox 2471 1623 2544 1677; x_wconf 89' lang='lat' dir='ltr'><strong>sit</strong></span> <span class='ocrx_word' id='word_1_324' title='bbox 2572 1621 2779 1693; x_wconf 70' lang='lat' dir='ltr'><strong>gratia,</strong></span> <span class='ocrx_word' id='word_1_325' title='bbox 2799 1620 2899 1691; x_wconf 85' lang='lat' dir='ltr'><strong>qui</strong></span> <span class='ocrx_word' id='word_1_326' title='bbox 2938 1619 3205 1674; x_wconf 85' lang='lat' dir='ltr'><strong>humilem</strong></span> <span class='ocrx_word' id='word_1_327' title='bbox 3236 1618 3315 1689; x_wconf 90' lang='lat' dir='ltr'><strong>(ut</strong></span> <span class='ocrx_word' id='word_1_328' title='bbox 3343 1618 3512 1673; x_wconf 86' lang='lat' dir='ltr'><strong>etiam</strong></span> <span class='ocrx_word' id='word_1_329' title='bbox 3564 1632 3571 1643; x_wconf 61' lang='grc' dir='ltr'><strong>ν</strong></span> 
     </span>
    </p>
   </div>
   <div class='ocr_carea' id='block_1_48' title="bbox 1928 1708 3512 1784">
    <p class='ocr_par' dir='ltr' id='par_1_48' title="bbox 1928 1708 3512 1784">
     <span class='ocr_line' id='line_1_48' title="bbox 1928 1708 3512 1784; baseline -0.006 -13"><span class='ocrx_word' id='word_1_330' title='bbox 1928 1716 2035 1771; x_wconf 88' lang='lat' dir='ltr'><strong>hoc</strong></span> <span class='ocrx_word' id='word_1_331' title='bbox 2058 1714 2253 1771; x_wconf 86' lang='lat' dir='ltr'><strong>ederet</strong></span> <span class='ocrx_word' id='word_1_332' title='bbox 2289 1712 2645 1784; x_wconf 89' lang='lat' dir='ltr'><strong>miraculum)</strong></span> <span class='ocrx_word' id='word_1_333' title='bbox 2682 1722 2737 1767; x_wconf 90' lang='lat' dir='ltr'><strong>et</strong></span> <span class='ocrx_word' id='word_1_334' title='bbox 2783 1712 3055 1783; x_wconf 87' lang='lat' dir='ltr'><strong>abjectam</strong></span> <span class='ocrx_word' id='word_1_335' title='bbox 3095 1718 3337 1764; x_wconf 90' lang='lat' dir='ltr'><strong>mentem</strong></span> <span class='ocrx_word' id='word_1_336' title='bbox 3379 1708 3512 1762; x_wconf 90' lang='lat' dir='ltr'><strong>illu-</strong></span> 
     </span>
    </p>
   </div>
   <div class='ocr_carea' id='block_1_49' title="bbox 1926 1798 3508 1873">
    <p class='ocr_par' dir='ltr' id='par_1_49' title="bbox 1926 1798 3508 1873">
     <span class='ocr_line' id='line_1_49' title="bbox 1926 1798 3508 1873; baseline -0.004 -16"><span class='ocrx_word' id='word_1_337' title='bbox 1926 1801 2158 1857; x_wconf 89' lang='lat' dir='ltr'><strong>minavit</strong></span> <span class='ocrx_word' id='word_1_338' title='bbox 2182 1811 2239 1857; x_wconf 89' lang='lat' dir='ltr'><strong>et</strong></span> <span class='ocrx_word' id='word_1_339' title='bbox 2282 1810 2471 1873; x_wconf 88' lang='lat' dir='ltr'><strong>aptum</strong></span> <span class='ocrx_word' id='word_1_340' title='bbox 2521 1802 2792 1871; x_wconf 86' lang='lat' dir='ltr'><strong>orationis</strong></span> <span class='ocrx_word' id='word_1_341' title='bbox 2822 1800 3107 1856; x_wconf 89' lang='lat' dir='ltr'><strong>modulum</strong></span> <span class='ocrx_word' id='word_1_342' title='bbox 3150 1814 3251 1870; x_wconf 89' lang='lat' dir='ltr'><strong>per</strong></span> <span class='ocrx_word' id='word_1_343' title='bbox 3279 1798 3508 1869; x_wconf 77' lang='lat' dir='ltr'><strong>gratiam</strong></span> 
     </span>
    </p>
   </div>
   <div class='ocr_carea' id='block_1_50' title="bbox 1925 1889 3511 1961">
    <p class='ocr_par' dir='ltr' id='par_1_50' title="bbox 1925 1889 3511 1961">
     <span class='ocr_line' id='line_1_50' title="bbox 1925 1889 3511 1961; baseline -0.002 -18"><span class='ocrx_word' id='word_1_344' title='bbox 1925 1905 2082 1944; x_wconf 88' lang='lat' dir='ltr'><strong>suam</strong></span> <span class='ocrx_word' id='word_1_345' title='bbox 2107 1890 2506 1961; x_wconf 83' lang='lat' dir='ltr'><strong>suppeditavit,</strong></span> <span class='ocrx_word' id='word_1_346' title='bbox 2535 1899 2597 1946; x_wconf 93' lang='lat' dir='ltr'><strong>ut</strong></span> <span class='ocrx_word' id='word_1_347' title='bbox 2622 1890 2772 1961; x_wconf 90' lang='lat' dir='ltr'><strong>quod</strong></span> <span class='ocrx_word' id='word_1_348' title='bbox 2799 1889 3057 1961; x_wconf 86' lang='lat' dir='ltr'><strong>cogitatis</strong></span> <span class='ocrx_word' id='word_1_349' title='bbox 3090 1895 3423 1959; x_wconf 84' lang='lat' dir='ltr'><strong>congrueret</strong></span> <span class='ocrx_word' id='word_1_350' title='bbox 3455 1896 3511 1941; x_wconf 84' lang='lat' dir='ltr'><strong>ct</strong></span> 
     </span>
    </p>
   </div>
   <div class='ocr_carea' id='block_1_51' title="bbox 1924 1979 3510 2039">
    <p class='ocr_par' dir='ltr' id='par_1_51' title="bbox 1924 1979 3510 2039">
     <span class='ocr_line' id='line_1_51' title="bbox 1924 1979 3510 2039; baseline -0.002 -2"><span class='ocrx_word' id='word_1_351' title='bbox 1924 1992 2364 2037; x_wconf 89' lang='lat' dir='ltr'><strong>consentaneum</strong></span> <span class='ocrx_word' id='word_1_352' title='bbox 2394 1991 2545 2037; x_wconf 87' lang='lat' dir='ltr'><strong>esset</strong></span> <span class='ocrx_word' id='word_1_353' title='bbox 2587 1981 2787 2039; x_wconf 89' lang='lat' dir='ltr'><strong>litteris</strong></span> <span class='ocrx_word' id='word_1_354' title='bbox 2841 1980 3233 2039; x_wconf 83' lang='lat' dir='ltr'><strong>mandaremus</strong></span> <span class='ocrx_word' id='word_1_355' title='bbox 3296 1979 3353 2033; x_wconf 89' lang='lat' dir='ltr'><strong>in</strong></span> <span class='ocrx_word' id='word_1_356' title='bbox 3412 1994 3510 2034; x_wconf 83' lang='lat' dir='ltr'><strong>ve-</strong></span> 
     </span>
    </p>
   </div>
   <div class='ocr_carea' id='block_1_52' title="bbox 1924 2068 3510 2145">
    <p class='ocr_par' dir='ltr' id='par_1_52' title="bbox 1924 2068 3510 2145">
     <span class='ocr_line' id='line_1_52' title="bbox 1924 2068 3510 2145; baseline -0.004 -17"><span class='ocrx_word' id='word_1_357' title='bbox 1924 2082 2100 2128; x_wconf 91' lang='lat' dir='ltr'><strong>strum</strong></span> <span class='ocrx_word' id='word_1_358' title='bbox 2135 2089 2358 2145; x_wconf 92' lang='lat' dir='ltr'><strong>quoque</strong></span> <span class='ocrx_word' id='word_1_359' title='bbox 2390 2072 2744 2128; x_wconf 89' lang='lat' dir='ltr'><strong>commodum</strong></span> <span class='ocrx_word' id='word_1_360' title='bbox 2772 2070 2867 2143; x_wconf 92' lang='lat' dir='ltr'><strong>qui</strong></span> <span class='ocrx_word' id='word_1_361' title='bbox 2922 2070 3240 2125; x_wconf 87' lang='lat' dir='ltr'><strong>mandatum</strong></span> <span class='ocrx_word' id='word_1_362' title='bbox 3276 2068 3510 2125; x_wconf 82' lang='lat' dir='ltr'><strong>dedistis</strong></span> 
     </span>
    </p>
   </div>
   <div class='ocr_carea' id='block_1_53' title="bbox 1923 2146 3510 2233">
    <p class='ocr_par' dir='ltr' id='par_1_53' title="bbox 1923 2146 3510 2233">
     <span class='ocr_line' id='line_1_53' title="bbox 1923 2146 3510 2233; baseline -0.004 -15"><span class='ocrx_word' id='word_1_363' title='bbox 1923 2171 1979 2218; x_wconf 92' lang='lat' dir='ltr'><strong>et</strong></span> <span class='ocrx_word' id='word_1_364' title='bbox 1996 2165 2380 2233; x_wconf 86' lang='lat' dir='ltr'><strong>precationum</strong></span> <span class='ocrx_word' id='word_1_365' title='bbox 2401 2172 2714 2219; x_wconf 86' lang='lat' dir='ltr'><strong>vestrarum</strong></span> <span class='ocrx_word' id='word_1_366' title='bbox 2739 2160 2948 2221; x_wconf 86' lang='lat' dir='ltr'><strong>auxilio</strong></span> <span class='ocrx_word' id='word_1_367' title='bbox 2970 2170 3145 2216; x_wconf 90' lang='lat' dir='ltr'><strong>totum</strong></span> <span class='ocrx_word' id='word_1_368' title='bbox 3170 2175 3309 2230; x_wconf 89' lang='lat' dir='ltr'><strong>opus</strong></span> <span class='ocrx_word' id='word_1_369' title='bbox 3324 2146 3510 2230; x_wconf 75' lang='lat' dir='ltr'><strong>auspi-</strong></span> 
     </span>
    </p>
   </div>
   <div class='ocr_carea' id='block_1_54' title="bbox 1921 2253 3514 2328">
    <p class='ocr_par' dir='ltr' id='par_1_54' title="bbox 1921 2253 3514 2328">
     <span class='ocr_line' id='line_1_54' title="bbox 1921 2253 3514 2328; baseline -0.002 -13"><span class='ocrx_word' id='word_1_370' title='bbox 1921 2260 2110 2315; x_wconf 86' lang='lat' dir='ltr'><strong>castis.</strong></span> <span class='ocrx_word' id='word_1_371' title='bbox 2148 2279 2167 2311; x_wconf 72' lang='grc' dir='ltr'><strong><em>α</em></strong></span> <span class='ocrx_word' id='word_1_372' title='bbox 2197 2259 2268 2314; x_wconf 81' lang='lat' dir='ltr'><strong>At</strong></span> <span class='ocrx_word' id='word_1_373' title='bbox 2286 2259 2454 2316; x_wconf 88' lang='lat' dir='ltr'><strong>etiam</strong></span> <span class='ocrx_word' id='word_1_374' title='bbox 2481 2257 2528 2314; x_wconf 93' lang='lat' dir='ltr'><strong>si</strong></span> <span class='ocrx_word' id='word_1_375' title='bbox 2556 2273 2727 2328; x_wconf 90' lang='lat' dir='ltr'><strong>prave</strong></span> <span class='ocrx_word' id='word_1_376' title='bbox 2744 2266 2804 2311; x_wconf 91' lang='lat' dir='ltr'><strong>et</strong></span> <span class='ocrx_word' id='word_1_377' title='bbox 2831 2256 2952 2311; x_wconf 89' lang='lat' dir='ltr'><strong>sine</strong></span> <span class='ocrx_word' id='word_1_378' title='bbox 2974 2255 3162 2323; x_wconf 67' lang='lat' dir='ltr'><strong>fructu</strong></span> <span class='ocrx_word' id='word_1_379' title='bbox 3190 2270 3221 2310; x_wconf 88' lang='lat' dir='ltr'><strong>a</strong></span> <span class='ocrx_word' id='word_1_380' title='bbox 3252 2253 3514 2312; x_wconf 82' lang='lat' dir='ltr'><strong>veritate.</strong></span> 
     </span>
    </p>
   </div>
   <div class='ocr_carea' id='block_1_55' title="bbox 1923 2345 3504 2423">
    <p class='ocr_par' dir='ltr' id='par_1_55' title="bbox 1923 2345 3504 2423">
     <span class='ocr_line' id='line_1_55' title="bbox 1923 2345 3504 2423; baseline -0.006 -16"><span class='ocrx_word' id='word_1_381' title='bbox 1923 2354 2041 2409; x_wconf 83' lang='lat' dir='ltr'><strong>sive.</strong></span> <span class='ocrx_word' id='word_1_382' title='bbox 2077 2354 2308 2408; x_wconf 89' lang='lat' dir='ltr'><strong>omnino</strong></span> <span class='ocrx_word' id='word_1_383' title='bbox 2330 2352 2447 2409; x_wconf 88' lang='lat' dir='ltr'><strong>sive</strong></span> <span class='ocrx_word' id='word_1_384' title='bbox 2468 2366 2534 2406; x_wconf 82' lang='lat' dir='ltr'><strong>ex</strong></span> <span class='ocrx_word' id='word_1_385' title='bbox 2561 2361 2740 2423; x_wconf 85' lang='lat' dir='ltr'><strong>parte,</strong></span> <span class='ocrx_word' id='word_1_386' title='bbox 2776 2348 3150 2405; x_wconf 86' lang='lat' dir='ltr'><strong>aberraverim</strong></span> <span class='ocrx_word' id='word_1_387' title='bbox 3176 2366 3193 2398; x_wconf 74' lang='grc' dir='ltr'><strong>ι</strong></span> <span class='ocrx_word' id='word_1_388' title='bbox 3223 2345 3504 2415; x_wconf 84' lang='lat' dir='ltr'><strong>(magnum</strong></span> 
     </span>
    </p>
   </div>
   <div class='ocr_carea' id='block_1_56' title="bbox 1922 2439 3502 2515">
    <p class='ocr_par' dir='ltr' id='par_1_56' title="bbox 1922 2439 3502 2515">
     <span class='ocr_line' id='line_1_56' title="bbox 1922 2439 3502 2515; baseline -0.006 -14"><span class='ocrx_word' id='word_1_389' title='bbox 1922 2448 2072 2502; x_wconf 86' lang='lat' dir='ltr'><strong>enim</strong></span> <span class='ocrx_word' id='word_1_390' title='bbox 2116 2447 2437 2503; x_wconf 88' lang='lat' dir='ltr'><strong>etdivinum</strong></span> <span class='ocrx_word' id='word_1_391' title='bbox 2481 2446 2538 2501; x_wconf 92' lang='lat' dir='ltr'><strong>in</strong></span> <span class='ocrx_word' id='word_1_392' title='bbox 2566 2445 2672 2501; x_wconf 89' lang='lat' dir='ltr'><strong>hac</strong></span> <span class='ocrx_word' id='word_1_393' title='bbox 2696 2459 2918 2515; x_wconf 89' lang='lat' dir='ltr'><strong>quoque</strong></span> <span class='ocrx_word' id='word_1_394' title='bbox 2961 2456 3126 2497; x_wconf 73' lang='lat' dir='ltr'><strong>causa</strong></span> <span class='ocrx_word' id='word_1_395' title='bbox 3166 2440 3267 2495; x_wconf 90' lang='lat' dir='ltr'><strong>tibi</strong></span> <span class='ocrx_word' id='word_1_396' title='bbox 3296 2439 3502 2509; x_wconf 81' lang='lat' dir='ltr'><strong>Diony-</strong></span> 
     </span>
    </p>
   </div>
   <div class='ocr_carea' id='block_1_57' title="bbox 1923 2531 3505 2610">
    <p class='ocr_par' dir='ltr' id='par_1_57' title="bbox 1923 2531 3505 2610">
     <span class='ocr_line' id='line_1_57' title="bbox 1923 2531 3505 2610; baseline -0.007 -14"><span class='ocrx_word' id='word_1_397' title='bbox 1923 2541 2065 2596; x_wconf 87' lang='lat' dir='ltr'><strong>sium</strong></span> <span class='ocrx_word' id='word_1_398' title='bbox 2095 2539 2318 2610; x_wconf 82' lang='lat' dir='ltr'><strong>profero</strong></span> <span class='ocrx_word' id='word_1_399' title='bbox 2349 2536 2804 2608; x_wconf 88' lang='lat' dir='ltr'><strong>consolatorem),</strong></span> <span class='ocrx_word' id='word_1_400' title='bbox 2836 2555 2854 2587; x_wconf 77' lang='grc' dir='ltr'><strong>ι</strong></span> <span class='ocrx_word' id='word_1_401' title='bbox 2897 2546 3007 2592; x_wconf 71' lang='lat' dir='ltr'><strong>tuae</strong></span> <span class='ocrx_word' id='word_1_402' title='bbox 3029 2534 3123 2600; x_wconf 89' lang='lat' dir='ltr'><strong>sit,</strong></span> <span class='ocrx_word' id='word_1_403' title='bbox 3154 2547 3375 2603; x_wconf 90' lang='lat' dir='ltr'><strong>precor,</strong></span> <span class='ocrx_word' id='word_1_404' title='bbox 3398 2531 3505 2589; x_wconf 83' lang='lat' dir='ltr'><strong>hu-</strong></span> 
     </span>
    </p>
   </div>
   <div class='ocr_carea' id='block_1_58' title="bbox 1924 2629 3507 2703">
    <p class='ocr_par' dir='ltr' id='par_1_58' title="bbox 1924 2629 3507 2703">
     <span class='ocr_line' id='line_1_58' title="bbox 1924 2629 3507 2703; baseline -0.003 -17"><span class='ocrx_word' id='word_1_405' title='bbox 1924 2632 2209 2687; x_wconf 89' lang='lat' dir='ltr'><strong>manitatis</strong></span> <span class='ocrx_word' id='word_1_406' title='bbox 2241 2631 2521 2703; x_wconf 88' lang='lat' dir='ltr'><strong>corrigere</strong></span> <span class='ocrx_word' id='word_1_407' title='bbox 2547 2646 2675 2686; x_wconf 90' lang='lat' dir='ltr'><strong>eum</strong></span> <span class='ocrx_word' id='word_1_408' title='bbox 2702 2629 2798 2701; x_wconf 89' lang='lat' dir='ltr'><strong>qui</strong></span> <span class='ocrx_word' id='word_1_409' title='bbox 2833 2629 3041 2684; x_wconf 90' lang='lat' dir='ltr'><strong>invitus</strong></span> <span class='ocrx_word' id='word_1_410' title='bbox 3061 2642 3167 2682; x_wconf 92' lang='lat' dir='ltr'><strong>nec</strong></span> <span class='ocrx_word' id='word_1_411' title='bbox 3189 2632 3385 2697; x_wconf 89' lang='lat' dir='ltr'><strong>sponte</strong></span> <span class='ocrx_word' id='word_1_412' title='bbox 3408 2639 3507 2681; x_wconf 87' lang='lat' dir='ltr'><strong>sua</strong></span> 
     </span>
    </p>
   </div>
   <div class='ocr_carea' id='block_1_59' title="bbox 1925 2718 3505 2796">
    <p class='ocr_par' dir='ltr' id='par_1_59' title="bbox 1925 2718 3505 2796">
     <span class='ocr_line' id='line_1_59' title="bbox 1925 2718 3505 2796; baseline -0.006 -19"><span class='ocrx_word' id='word_1_413' title='bbox 1925 2723 1980 2778; x_wconf 90' lang='lat' dir='ltr'><strong>in</strong></span> <span class='ocrx_word' id='word_1_414' title='bbox 2020 2723 2335 2796; x_wconf 85' lang='lat' dir='ltr'><strong>ignorantia</strong></span> <span class='ocrx_word' id='word_1_415' title='bbox 2370 2730 2648 2795; x_wconf 76' lang='lat' dir='ltr'><strong>versatur,</strong></span> <span class='ocrx_word' id='word_1_416' title='bbox 2671 2730 2729 2776; x_wconf 89' lang='lat' dir='ltr'><strong>et</strong></span> <span class='ocrx_word' id='word_1_417' title='bbox 2758 2720 2828 2776; x_wconf 89' lang='lat' dir='ltr'><strong>de</strong></span> <span class='ocrx_word' id='word_1_418' title='bbox 2855 2727 3041 2775; x_wconf 89' lang='lat' dir='ltr'><strong>vestro</strong></span> <span class='ocrx_word' id='word_1_419' title='bbox 3074 2718 3353 2772; x_wconf 88' lang='lat' dir='ltr'><strong>instruere</strong></span> <span class='ocrx_word' id='word_1_420' title='bbox 3377 2729 3505 2769; x_wconf 91' lang='lat' dir='ltr'><strong>eum</strong></span> 
     </span>
    </p>
   </div>
   <div class='ocr_carea' id='block_1_60' title="bbox 1924 2805 3507 2885">
    <p class='ocr_par' dir='ltr' id='par_1_60' title="bbox 1924 2805 3507 2885">
     <span class='ocr_line' id='line_1_60' title="bbox 1924 2805 3507 2885; baseline -0.006 -16"><span class='ocrx_word' id='word_1_421' title='bbox 1924 2816 2020 2885; x_wconf 88' lang='lat' dir='ltr'><strong>qui</strong></span> <span class='ocrx_word' id='word_1_422' title='bbox 2067 2815 2270 2871; x_wconf 88' lang='lat' dir='ltr'><strong>instrui</strong></span> <span class='ocrx_word' id='word_1_423' title='bbox 2307 2823 2364 2870; x_wconf 89' lang='lat' dir='ltr'><strong>et</strong></span> <span class='ocrx_word' id='word_1_424' title='bbox 2411 2823 2567 2885; x_wconf 88' lang='lat' dir='ltr'><strong>optat</strong></span> <span class='ocrx_word' id='word_1_425' title='bbox 2612 2822 2670 2869; x_wconf 89' lang='lat' dir='ltr'><strong>et</strong></span> <span class='ocrx_word' id='word_1_426' title='bbox 2706 2819 2990 2883; x_wconf 82' lang='lat' dir='ltr'><strong>precatur,</strong></span> <span class='ocrx_word' id='word_1_427' title='bbox 3033 2819 3198 2879; x_wconf 87' lang='lat' dir='ltr'><strong>atque</strong></span> <span class='ocrx_word' id='word_1_428' title='bbox 3247 2805 3507 2877; x_wconf 62' lang='lat' dir='ltr'><strong>praesidio</strong></span> 
     </span>
    </p>
   </div>
   <div class='ocr_carea' id='block_1_61' title="bbox 1923 2897 3508 2967">
    <p class='ocr_par' dir='ltr' id='par_1_61' title="bbox 1923 2897 3508 2967">
     <span class='ocr_line' id='line_1_61' title="bbox 1923 2897 3508 2967; baseline -0.007 -5"><span class='ocrx_word' id='word_1_429' title='bbox 1923 2923 2047 2963; x_wconf 89' lang='lat' dir='ltr'><strong>esse</strong></span> <span class='ocrx_word' id='word_1_430' title='bbox 2076 2907 2126 2962; x_wconf 87' lang='lat' dir='ltr'><strong>ei</strong></span> <span class='ocrx_word' id='word_1_431' title='bbox 2150 2908 2241 2963; x_wconf 92' lang='lat' dir='ltr'><strong>cui</strong></span> <span class='ocrx_word' id='word_1_432' title='bbox 2280 2922 2390 2961; x_wconf 90' lang='lat' dir='ltr'><strong>non</strong></span> <span class='ocrx_word' id='word_1_433' title='bbox 2429 2912 2516 2960; x_wconf 86' lang='lat' dir='ltr'><strong>sat</strong></span> <span class='ocrx_word' id='word_1_434' title='bbox 2546 2904 2762 2958; x_wconf 47' lang='lat' dir='ltr'><strong>&#39;virium</strong></span> <span class='ocrx_word' id='word_1_435' title='bbox 2807 2911 2915 2967; x_wconf 91' lang='lat' dir='ltr'><strong>est,</strong></span> <span class='ocrx_word' id='word_1_436' title='bbox 2953 2910 3011 2958; x_wconf 89' lang='lat' dir='ltr'><strong>et</strong></span> <span class='ocrx_word' id='word_1_437' title='bbox 3039 2898 3375 2956; x_wconf 85' lang='lat' dir='ltr'><strong>medicinam</strong></span> <span class='ocrx_word' id='word_1_438' title='bbox 3426 2897 3508 2952; x_wconf 77' lang='lat' dir='ltr'><strong>af-</strong></span> 
     </span>
    </p>
   </div>
   <div class='ocr_carea' id='block_1_62' title="bbox 232 2982 1845 3093">
    <p class='ocr_par' dir='ltr' id='par_1_62' title="bbox 232 2988 1845 3073">
     <span class='ocr_line' id='line_1_62' title="bbox 232 2988 1845 3073; baseline 0.004 -31"><span class='ocrx_word' id='word_1_439' title='bbox 232 2988 449 3061; x_wconf 82' lang='grc' dir='ltr'>οὑρανῷ</span> <span class='ocrx_word' id='word_1_440' title='bbox 492 2991 587 3044; x_wconf 77' lang='grc' dir='ltr'><strong>καὶ</strong></span> <span class='ocrx_word' id='word_1_441' title='bbox 632 2991 728 3045; x_wconf 75' lang='grc' dir='ltr'><strong>ἐπὶ</strong></span> <span class='ocrx_word' id='word_1_442' title='bbox 770 2989 877 3061; x_wconf 79' lang='grc' dir='ltr'>γῆς</span> <span class='ocrx_word' id='word_1_443' title='bbox 922 2993 1073 3063; x_wconf 85' lang='grc' dir='ltr'><strong>παρά</strong></span> <span class='ocrx_word' id='word_1_444' title='bbox 1128 2994 1307 3065; x_wconf 86' lang='grc' dir='ltr'>πάσης</span> <span class='ocrx_word' id='word_1_445' title='bbox 1347 2993 1691 3065; x_wconf 75' lang='grc' dir='ltr'>δοξαζομένῳ</span> <span class='ocrx_word' id='word_1_446' title='bbox 1715 2995 1845 3073; x_wconf 75' lang='grc' dir='ltr'><strong>τῆς1</strong></span> 
     </span>
    </p>
   </div>
   <div class='ocr_carea' id='block_1_63' title="bbox 1927 2982 3506 3093">
    <p class='ocr_par' dir='ltr' id='par_1_63' title="bbox 1927 2982 3506 3062">
     <span class='ocr_line' id='line_1_63' title="bbox 1927 2982 3506 3062; baseline -0.007 -18"><span class='ocrx_word' id='word_1_447' title='bbox 1927 2991 2071 3048; x_wconf 83' lang='lat' dir='ltr'><strong>ferre</strong></span> <span class='ocrx_word' id='word_1_448' title='bbox 2105 2991 2156 3047; x_wconf 92' lang='lat' dir='ltr'><strong>ei</strong></span> <span class='ocrx_word' id='word_1_449' title='bbox 2180 2990 2276 3061; x_wconf 93' lang='lat' dir='ltr'><strong>qui</strong></span> <span class='ocrx_word' id='word_1_450' title='bbox 2301 2996 2570 3062; x_wconf 72' lang='lat' dir='ltr'><strong>aegrotare</strong></span> <span class='ocrx_word' id='word_1_451' title='bbox 2599 3003 2713 3043; x_wconf 89' lang='lat' dir='ltr'><strong>non</strong></span> <span class='ocrx_word' id='word_1_452' title='bbox 2740 2987 2881 3052; x_wconf 86' lang='lat' dir='ltr'><strong>vult,</strong></span> <span class='ocrx_word' id='word_1_453' title='bbox 2911 3005 2930 3037; x_wconf 73' lang='grc' dir='ltr'><strong>ι</strong></span> <span class='ocrx_word' id='word_1_454' title='bbox 2961 2994 3023 3042; x_wconf 80' lang='grc' dir='ltr'><strong>ιιι</strong></span> <span class='ocrx_word' id='word_1_455' title='bbox 3049 2985 3215 3040; x_wconf 88' lang='lat' dir='ltr'><strong>etiam</strong></span> <span class='ocrx_word' id='word_1_456' title='bbox 3249 2982 3357 3037; x_wconf 89' lang='lat' dir='ltr'><strong>hoc</strong></span> <span class='ocrx_word' id='word_1_457' title='bbox 3379 2994 3506 3036; x_wconf 90' lang='lat' dir='ltr'><strong>cum</strong></span> 
     </span>
    </p>
   </div>
   <div class='ocr_carea' id='block_1_64' title="bbox 233 3074 1845 3158">
    <p class='ocr_par' dir='ltr' id='par_1_64' title="bbox 233 3082 1843 3158">
     <span class='ocr_line' id='line_1_64' title="bbox 233 3082 1843 3158; baseline 0.002 -22"><span class='ocrx_word' id='word_1_458' title='bbox 233 3082 484 3147; x_wconf 88' lang='grc' dir='ltr'>κτίσεως,</span> <span class='ocrx_word' id='word_1_459' title='bbox 532 3084 627 3137; x_wconf 73' lang='grc' dir='ltr'><strong>καὶ</strong></span> <span class='ocrx_word' id='word_1_460' title='bbox 679 3084 851 3155; x_wconf 88' lang='grc' dir='ltr'>μόνην</span> <span class='ocrx_word' id='word_1_461' title='bbox 897 3083 1217 3140; x_wconf 82' lang='grc' dir='ltr'>ἀπαιτοῦντι</span> <span class='ocrx_word' id='word_1_462' title='bbox 1258 3087 1389 3158; x_wconf 86' lang='grc' dir='ltr'>παρ’</span> <span class='ocrx_word' id='word_1_463' title='bbox 1421 3086 1579 3157; x_wconf 83' lang='grc' dir='ltr'>ἡμῶν</span> <span class='ocrx_word' id='word_1_464' title='bbox 1624 3085 1843 3143; x_wconf 80' lang='grc' dir='ltr'>θυσίαν’</span> 
     </span>
    </p>
   </div>
   <div class='ocr_carea' id='block_1_65' title="bbox 1927 3074 3507 3158">
    <p class='ocr_par' dir='ltr' id='par_1_65' title="bbox 1927 3074 3507 3157">
     <span class='ocr_line' id='line_1_65' title="bbox 1927 3074 3507 3157; baseline -0.01 -15"><span class='ocrx_word' id='word_1_465' title='bbox 1927 3086 2176 3157; x_wconf 87' lang='lat' dir='ltr'><strong>reliquis,</strong></span> <span class='ocrx_word' id='word_1_466' title='bbox 2200 3083 2288 3140; x_wconf 87' lang='lat' dir='ltr'><strong>vel</strong></span> <span class='ocrx_word' id='word_1_467' title='bbox 2311 3082 2496 3155; x_wconf 89' lang='lat' dir='ltr'><strong>potius</strong></span> <span class='ocrx_word' id='word_1_468' title='bbox 2523 3095 2639 3153; x_wconf 70' lang='lat' dir='ltr'><strong>pra:</strong></span> <span class='ocrx_word' id='word_1_469' title='bbox 2660 3078 2911 3151; x_wconf 89' lang='lat' dir='ltr'><strong>reliquis,</strong></span> <span class='ocrx_word' id='word_1_470' title='bbox 2936 3076 3230 3133; x_wconf 89' lang='lat' dir='ltr'><strong>donarium</strong></span> <span class='ocrx_word' id='word_1_471' title='bbox 3262 3074 3507 3129; x_wconf 85' lang='lat' dir='ltr'><strong>honora-</strong></span> 
     </span>
    </p>
   </div>
   <div class='ocr_carea' id='block_1_66' title="bbox 234 3173 1195 3248">
    <p class='ocr_par' dir='ltr' id='par_1_66' title="bbox 234 3173 1195 3248">
     <span class='ocr_line' id='line_1_66' title="bbox 234 3173 1195 3248; baseline 0.007 -24"><span class='ocrx_word' id='word_1_472' title='bbox 234 3173 331 3247; x_wconf 77' lang='grc' dir='ltr'>τὴν</span> <span class='ocrx_word' id='word_1_473' title='bbox 360 3176 439 3239; x_wconf 84' lang='grc' dir='ltr'><strong>εἰς</strong></span> <span class='ocrx_word' id='word_1_474' title='bbox 462 3174 725 3247; x_wconf 83' lang='grc' dir='ltr'>ἀλλήλους</span> <span class='ocrx_word' id='word_1_475' title='bbox 763 3176 1195 3248; x_wconf 82' lang='grc' dir='ltr'>φιλανθρωπίαν.</span> 
     </span>
    </p>
   </div>
   <div class='ocr_carea' id='block_1_67' title="bbox 1928 3162 3506 3246">
    <p class='ocr_par' dir='ltr' id='par_1_67' title="bbox 1928 3162 3506 3246">
     <span class='ocr_line' id='line_1_67' title="bbox 1928 3162 3506 3246; baseline -0.013 -10"><span class='ocrx_word' id='word_1_476' title='bbox 1928 3180 2064 3246; x_wconf 87' lang='lat' dir='ltr'><strong>bile,</strong></span> <span class='ocrx_word' id='word_1_477' title='bbox 2094 3176 2360 3245; x_wconf 91' lang='lat' dir='ltr'><strong>omnique</strong></span> <span class='ocrx_word' id='word_1_478' title='bbox 2389 3170 2665 3230; x_wconf 84' lang='lat' dir='ltr'><strong>sacriﬁcio</strong></span> <span class='ocrx_word' id='word_1_479' title='bbox 2685 3169 3082 3236; x_wconf 88' lang='lat' dir='ltr'><strong>venerabilius,</strong></span> <span class='ocrx_word' id='word_1_480' title='bbox 3105 3168 3221 3223; x_wconf 89' lang='lat' dir='ltr'><strong>Deo</strong></span> <span class='ocrx_word' id='word_1_481' title='bbox 3251 3162 3506 3222; x_wconf 86' lang='lat' dir='ltr'><strong>humani-</strong></span> 
     </span>
    </p>
   </div>
   <div class='ocr_carea' id='block_1_68' title="bbox 236 3260 3502 3341">
    <p class='ocr_par' dir='ltr' id='par_1_68' title="bbox 236 3260 3502 3341">
     <span class='ocr_line' id='line_1_68' title="bbox 236 3260 3502 3341; baseline -0.002 -20"><span class='ocrx_word' id='word_1_482' title='bbox 236 3273 403 3322; x_wconf 86' lang='lat' dir='ltr'><strong>tatem</strong></span> <span class='ocrx_word' id='word_1_483' title='bbox 450 3268 868 3335; x_wconf 82' lang='lat' dir='ltr'><strong>sacriﬁcaveris,</strong></span> <span class='ocrx_word' id='word_1_484' title='bbox 912 3270 1009 3341; x_wconf 90' lang='lat' dir='ltr'><strong>qui</strong></span> <span class='ocrx_word' id='word_1_485' title='bbox 1057 3270 1115 3325; x_wconf 91' lang='lat' dir='ltr'><strong>in</strong></span> <span class='ocrx_word' id='word_1_486' title='bbox 1149 3270 1291 3326; x_wconf 84' lang='lat' dir='ltr'><strong>coelo</strong></span> <span class='ocrx_word' id='word_1_487' title='bbox 1340 3278 1397 3325; x_wconf 91' lang='lat' dir='ltr'><strong>et</strong></span> <span class='ocrx_word' id='word_1_488' title='bbox 1447 3287 1502 3324; x_wconf 80' lang='lat' dir='ltr'><strong>in</strong></span> <span class='ocrx_word' id='word_1_489' title='bbox 1545 3280 1695 3326; x_wconf 88' lang='lat' dir='ltr'><strong>terra</strong></span> <span class='ocrx_word' id='word_1_490' title='bbox 1742 3271 1811 3327; x_wconf 89' lang='lat' dir='ltr'><strong>ab</strong></span> <span class='ocrx_word' id='word_1_491' title='bbox 1845 3273 1998 3331; x_wconf 89' lang='lat' dir='ltr'><strong>omni</strong></span> <span class='ocrx_word' id='word_1_492' title='bbox 2065 3279 2320 3328; x_wconf 88' lang='lat' dir='ltr'><strong>creatura</strong></span> <span class='ocrx_word' id='word_1_493' title='bbox 2363 3266 2717 3339; x_wconf 74' lang='lat' dir='ltr'><strong>praedicatur,</strong></span> <span class='ocrx_word' id='word_1_494' title='bbox 2784 3265 2990 3337; x_wconf 89' lang='lat' dir='ltr'><strong>quique</strong></span> <span class='ocrx_word' id='word_1_495' title='bbox 3028 3263 3207 3318; x_wconf 83' lang='lat' dir='ltr'><strong>solum</strong></span> <span class='ocrx_word' id='word_1_496' title='bbox 3260 3275 3291 3316; x_wconf 91' lang='lat' dir='ltr'><strong>a</strong></span> <span class='ocrx_word' id='word_1_497' title='bbox 3339 3260 3502 3319; x_wconf 84' lang='lat' dir='ltr'><strong>nobis</strong></span> 
     </span>
    </p>
   </div>
   <div class='ocr_carea' id='block_1_69' title="bbox 216 3350 1602 3437">
    <p class='ocr_par' dir='ltr' id='par_1_69' title="bbox 216 3350 1602 3437">
     <span class='ocr_line' id='line_1_69' title="bbox 216 3350 1602 3437; baseline -0.001 -19"><span class='ocrx_word' id='word_1_498' title='bbox 216 3350 477 3437; x_wconf 75' lang='lat' dir='ltr'><strong>postulat</strong></span> <span class='ocrx_word' id='word_1_499' title='bbox 499 3361 834 3418; x_wconf 80' lang='lat' dir='ltr'><strong>sacriﬁcium</strong></span> <span class='ocrx_word' id='word_1_500' title='bbox 864 3362 1269 3417; x_wconf 87' lang='lat' dir='ltr'><strong>humanitatem</strong></span> <span class='ocrx_word' id='word_1_501' title='bbox 1293 3378 1425 3433; x_wconf 89' lang='lat' dir='ltr'><strong>erga</strong></span> <span class='ocrx_word' id='word_1_502' title='bbox 1444 3362 1602 3418; x_wconf 91' lang='lat' dir='ltr'><strong>alios.</strong></span> 
     </span>
    </p>
   </div>
   <div class='ocr_carea' id='block_1_70' title="bbox 299 3501 2869 3583">
    <p class='ocr_par' dir='ltr' id='par_1_70' title="bbox 299 3501 2869 3583">
     <span class='ocr_line' id='line_1_70' title="bbox 299 3501 2869 3583; baseline -0.005 -16"><span class='ocrx_word' id='word_1_503' title='bbox 299 3510 411 3581; x_wconf 74' lang='lat'><strong>(75)</strong></span> <span class='ocrx_word' id='word_1_504' title='bbox 466 3512 688 3583; x_wconf 79' lang='lat' dir='ltr'><strong>Dionys.</strong></span> <span class='ocrx_word' id='word_1_505' title='bbox 740 3510 1010 3583; x_wconf 82' lang='lat' dir='ltr'><strong>Areopag.</strong></span> <span class='ocrx_word' id='word_1_506' title='bbox 1046 3509 1122 3563; x_wconf 89' lang='lat' dir='ltr'><strong>De</strong></span> <span class='ocrx_word' id='word_1_507' title='bbox 1145 3509 1305 3566; x_wconf 82' lang='lat' dir='ltr'><strong>divin.</strong></span> <span class='ocrx_word' id='word_1_508' title='bbox 1339 3510 1602 3564; x_wconf 79' lang='lat' dir='ltr'><strong>nominib.</strong></span> <span class='ocrx_word' id='word_1_509' title='bbox 1638 3525 1760 3581; x_wconf 86' lang='lat' dir='ltr'><strong>cap.</strong></span> <span class='ocrx_word' id='word_1_510' title='bbox 1796 3508 1885 3572; x_wconf 79' lang='grc'><strong>15,</strong></span> <span class='ocrx_word' id='word_1_511' title='bbox 1909 3521 1965 3577; x_wconf 92' lang='lat' dir='ltr'><strong>p.</strong></span> <span class='ocrx_word' id='word_1_512' title='bbox 2003 3504 2129 3569; x_wconf 75' lang='grc'><strong>554,</strong></span> <span class='ocrx_word' id='word_1_513' title='bbox 2164 3511 2299 3557; x_wconf 90' lang='lat' dir='ltr'><strong>tom.</strong></span> <span class='ocrx_word' id='word_1_514' title='bbox 2337 3503 2379 3557; x_wconf 85' lang='grc' dir='ltr'><strong>Ι.</strong></span> <span class='ocrx_word' id='word_1_515' title='bbox 2405 3502 2544 3573; x_wconf 90' lang='lat' dir='ltr'><strong>Opp.</strong></span> <span class='ocrx_word' id='word_1_516' title='bbox 2576 3501 2645 3555; x_wconf 92' lang='lat' dir='ltr'><strong>ed</strong></span> <span class='ocrx_word' id='word_1_517' title='bbox 2674 3501 2869 3561; x_wconf 80' lang='lat' dir='ltr'><strong>Venet,</strong></span> 
     </span>
    </p>
   </div>
   <div class='ocr_carea' id='block_1_71' title="bbox 1681 3737 2106 3755">
    <p class='ocr_par' dir='ltr' id='par_1_71' title="bbox 1681 3737 2106 3755">
     <span class='ocr_line' id='line_1_71' title="bbox 1681 3737 2106 3755; baseline -0.005 -4"><span class='ocrx_word' id='word_1_518' title='bbox 1681 3737 2106 3755; x_wconf 45' lang='grc' dir='ltr'><strong>’.ψη</strong></span> 
     </span>
    </p>
   </div>
   <div class='ocr_carea' id='block_1_72' title="bbox 235 3917 3509 4006">
    <p class='ocr_par' dir='ltr' id='par_1_72' title="bbox 235 3917 3509 4006">
     <span class='ocr_line' id='line_1_72' title="bbox 235 3917 3509 4006; baseline -0.001 -22"><span class='ocrx_word' id='word_1_519' title='bbox 235 3924 298 3984; x_wconf 92' lang='lat' dir='ltr'><strong>S.</strong></span> <span class='ocrx_word' id='word_1_520' title='bbox 338 3921 590 3985; x_wconf 76' lang='lat' dir='ltr'><strong>Maximi</strong></span> <span class='ocrx_word' id='word_1_521' title='bbox 641 3921 892 3986; x_wconf 84' lang='lat' dir='ltr'><strong>Scholia</strong></span> <span class='ocrx_word' id='word_1_522' title='bbox 939 3922 1007 3984; x_wconf 91' lang='lat' dir='ltr'><strong>in</strong></span> <span class='ocrx_word' id='word_1_523' title='bbox 1050 3923 1121 3983; x_wconf 89' lang='lat' dir='ltr'><strong>B.</strong></span> <span class='ocrx_word' id='word_1_524' title='bbox 1173 3922 1539 4003; x_wconf 88' lang='lat' dir='ltr'><strong>Dionysium</strong></span> <span class='ocrx_word' id='word_1_525' title='bbox 1582 3924 2021 4006; x_wconf 83' lang='lat' dir='ltr'><strong>Areopagitam</strong></span> <span class='ocrx_word' id='word_1_526' title='bbox 2076 3928 2326 3986; x_wconf 82' lang='lat' dir='ltr'><strong>exstant</strong></span> <span class='ocrx_word' id='word_1_527' title='bbox 2368 3922 2534 3983; x_wconf 89' lang='lat' dir='ltr'><strong>inter</strong></span> <span class='ocrx_word' id='word_1_528' title='bbox 2582 3935 2780 4001; x_wconf 83' lang='lat' dir='ltr'><strong>opera</strong></span> <span class='ocrx_word' id='word_1_529' title='bbox 2824 3917 3025 3999; x_wconf 90' lang='lat' dir='ltr'><strong>ipsius</strong></span> <span class='ocrx_word' id='word_1_530' title='bbox 3075 3918 3468 3998; x_wconf 67' lang='lat' dir='ltr'><strong>Areopagitae</strong></span> <span class='ocrx_word' id='word_1_531' title='bbox 3493 3966 3509 3996; x_wconf 93' lang='lat'><strong>,</strong></span> 
     </span>
    </p>
   </div>
   <div class='ocr_carea' id='block_1_73' title="bbox 310 4022 3506 4125">
    <p class='ocr_par' dir='ltr' id='par_1_73' title="bbox 310 4022 3506 4125">
     <span class='ocr_line' id='line_1_73' title="bbox 310 4022 3506 4125; baseline 0.001 -37"><span class='ocrx_word' id='word_1_532' title='bbox 310 4025 576 4109; x_wconf 90' lang='lat' dir='ltr'><strong>hujusce</strong></span> <span class='ocrx_word' id='word_1_533' title='bbox 618 4029 991 4107; x_wconf 69' lang='lat' dir='ltr'><strong>Patrologim</strong></span> <span class='ocrx_word' id='word_1_534' title='bbox 1039 4033 1195 4090; x_wconf 85' lang='lat' dir='ltr'><strong>tom.</strong></span> <span class='ocrx_word' id='word_1_535' title='bbox 1228 4030 1339 4104; x_wconf 86' lang='lat' dir='ltr'><strong>IV;</strong></span> <span class='ocrx_word' id='word_1_536' title='bbox 1380 4028 1517 4109; x_wconf 88' lang='lat' dir='ltr'><strong>ejus</strong></span> <span class='ocrx_word' id='word_1_537' title='bbox 1556 4044 1705 4092; x_wconf 91' lang='lat' dir='ltr'><strong>vero</strong></span> <span class='ocrx_word' id='word_1_538' title='bbox 1754 4030 2131 4111; x_wconf 86' lang='lat' dir='ltr'><strong>Computum</strong></span> <span class='ocrx_word' id='word_1_539' title='bbox 2183 4027 2677 4125; x_wconf 67' lang='lat' dir='ltr'><strong>ecclesiasticum</strong></span> <span class='ocrx_word' id='word_1_540' title='bbox 2720 4024 3011 4089; x_wconf 88' lang='lat' dir='ltr'><strong>dedimus</strong></span> <span class='ocrx_word' id='word_1_541' title='bbox 3044 4023 3211 4087; x_wconf 85' lang='lat' dir='ltr'><strong>inter</strong></span> <span class='ocrx_word' id='word_1_542' title='bbox 3248 4022 3506 4104; x_wconf 68' lang='lat' dir='ltr'><strong>supplev</strong></span> 
     </span>
    </p>
   </div>
   <div class='ocr_carea' id='block_1_74' title="bbox 312 4128 2120 4206">
    <p class='ocr_par' dir='ltr' id='par_1_74' title="bbox 312 4128 2120 4206">
     <span class='ocr_line' id='line_1_74' title="bbox 312 4128 2120 4206; baseline 0.001 -15"><span class='ocrx_word' id='word_1_543' title='bbox 312 4136 528 4193; x_wconf 83' lang='lat' dir='ltr'><strong>menta</strong></span> <span class='ocrx_word' id='word_1_544' title='bbox 553 4129 635 4193; x_wconf 82' lang='lat' dir='ltr'><strong>ad</strong></span> <span class='ocrx_word' id='word_1_545' title='bbox 664 4129 923 4193; x_wconf 88' lang='lat' dir='ltr'><strong>Eusebii</strong></span> <span class='ocrx_word' id='word_1_546' title='bbox 965 4128 1347 4205; x_wconf 88' lang='lat' dir='ltr'><strong>Chronicon,</strong></span> <span class='ocrx_word' id='word_1_547' title='bbox 1388 4136 1544 4192; x_wconf 88' lang='lat' dir='ltr'><strong>tom.</strong></span> <span class='ocrx_word' id='word_1_548' title='bbox 1578 4131 1749 4206; x_wconf 85' lang='lat' dir='ltr'><strong>XIX,</strong></span> <span class='ocrx_word' id='word_1_549' title='bbox 1784 4129 1907 4193; x_wconf 89' lang='lat' dir='ltr'><strong>col.</strong></span> <span class='ocrx_word' id='word_1_550' title='bbox 1946 4128 2120 4192; x_wconf 71' lang='lat'><strong>1217.</strong></span> 
     </span>
    </p>
   </div>
   <div class='ocr_carea' id='block_1_75' title="bbox 867 4540 2885 4653">
    <p class='ocr_par' dir='ltr' id='par_1_75' title="bbox 867 4540 2885 4653">
     <span class='ocr_line' id='line_1_75' title="bbox 867 4540 2885 4653; baseline 0 -7"><span class='ocrx_word' id='word_1_551' title='bbox 867 4558 960 4647; x_wconf 90' lang='lat' dir='ltr'><strong>s.</strong></span> <span class='ocrx_word' id='word_1_552' title='bbox 1038 4558 1492 4651; x_wconf 78' lang='lat' dir='ltr'><strong>MAXIM]</strong></span> <span class='ocrx_word' id='word_1_553' title='bbox 1558 4540 2366 4653; x_wconf 76' lang='lat' dir='ltr'><strong>CONFESSORIS</strong></span> <span class='ocrx_word' id='word_1_554' title='bbox 2435 4558 2885 4648; x_wconf 85' lang='lat' dir='ltr'><strong>HYMNI.</strong></span> 
     </span>
    </p>
   </div>
   <div class='ocr_carea' id='block_1_76' title="bbox 1222 4774 2668 4853">
    <p class='ocr_par' dir='ltr' id='par_1_76' title="bbox 1222 4774 2668 4853">
     <span class='ocr_line' id='line_1_76' title="bbox 1222 4774 2668 4853; baseline 0.002 -25"><span class='ocrx_word' id='word_1_555' title='bbox 1222 4774 1465 4840; x_wconf 57' lang='lat' dir='ltr'><strong>(Damst,</strong></span> <span class='ocrx_word' id='word_1_556' title='bbox 1496 4776 1750 4832; x_wconf 72' lang='lat' dir='ltr'><strong>Thesaur.</strong></span> <span class='ocrx_word' id='word_1_557' title='bbox 1782 4775 2109 4848; x_wconf 81' lang='lat' dir='ltr'><strong>hymnolog.,</strong></span> <span class='ocrx_word' id='word_1_558' title='bbox 2144 4778 2233 4844; x_wconf 90' lang='lat' dir='ltr'><strong>lll,</strong></span> <span class='ocrx_word' id='word_1_559' title='bbox 2267 4779 2336 4835; x_wconf 89' lang='lat'><strong>97</strong></span> <span class='ocrx_word' id='word_1_560' title='bbox 2367 4779 2548 4853; x_wconf 82' lang='lat' dir='ltr'><strong>seqq.)</strong></span> <span class='ocrx_word' id='word_1_561' title='bbox 2663 4844 2668 4850; x_wconf 30' lang='lat'><strong><em>.</em></strong></span> 
     </span>
    </p>
   </div>
   <div class='ocr_carea' id='block_1_77' title="bbox 1832 4957 1884 5021">
    <p class='ocr_par' dir='ltr' id='par_1_77' title="bbox 1832 4957 1884 5021">
     <span class='ocr_line' id='line_1_77' title="bbox 1832 4957 1884 5021; baseline 0.077 -4"><span class='ocrx_word' id='word_1_562' title='bbox 1832 4957 1884 5021; x_wconf 88' lang='grc' dir='ltr'><strong>Ῑ.</strong></span> 
     </span>
    </p>
   </div>
   <div class='ocr_carea' id='block_1_78' title="bbox 1912 5054 2561 5140">
    <p class='ocr_par' dir='ltr' id='par_1_78' title="bbox 1912 5054 2561 5140">
     <span class='ocr_line' id='line_1_78' title="bbox 1912 5054 2561 5140; baseline 0.006 -19"><span class='ocrx_word' id='word_1_563' title='bbox 1912 5064 2105 5140; x_wconf 73' lang='grc' dir='ltr'>Ἦμος</span> <span class='ocrx_word' id='word_1_564' title='bbox 2128 5069 2265 5123; x_wconf 86' lang='grc' dir='ltr'>Θεοῦ</span> <span class='ocrx_word' id='word_1_565' title='bbox 2304 5054 2561 5140; x_wconf 82' lang='grc' dir='ltr'>μεγίστου</span> 
     </span>
    </p>
   </div>
   <div class='ocr_carea' id='block_1_79' title="bbox 233 5062 1816 5142">
    <p class='ocr_par' dir='ltr' id='par_1_79' title="bbox 233 5062 1816 5142">
     <span class='ocr_line' id='line_1_79' title="bbox 233 5062 1816 5142; baseline -0.008 -15"><span class='ocrx_word' id='word_1_566' title='bbox 233 5069 463 5142; x_wconf 63' lang='grc' dir='ltr'><strong>ι’Υμιισξος</strong></span> <span class='ocrx_word' id='word_1_567' title='bbox 495 5063 987 5142; x_wconf 27' lang='grc' dir='ltr'>Αεύχρριστήριᾳς</span> <span class='ocrx_word' id='word_1_568' title='bbox 1059 5062 1299 5142; x_wconf 67' lang='lat' dir='ltr'><strong>Hymnus</strong></span> <span class='ocrx_word' id='word_1_569' title='bbox 1335 5066 1816 5142; x_wconf 57' lang='grc' dir='ltr'>ρταιξᾳταηιαριὲοτ</span> 
     </span>
    </p>
   </div>
   <div class='ocr_carea' id='block_1_80' title="bbox 304 5133 1816 5265">
    <p class='ocr_par' dir='ltr' id='par_1_80' title="bbox 304 5133 1816 5265">
     <span class='ocr_line' id='line_1_80' title="bbox 304 5133 1816 5206; baseline -0.003 -12"><span class='ocrx_word' id='word_1_570' title='bbox 304 5133 407 5194; x_wconf 51' lang='lat' dir='ltr'><strong>kal</strong></span> <span class='ocrx_word' id='word_1_571' title='bbox 440 5133 451 5135; x_wconf 15' lang='grc' dir='ltr'>ἡ</span> <span class='ocrx_word' id='word_1_572' title='bbox 488 5133 783 5205; x_wconf 70' lang='grc' dir='ltr'>ἱκετῆῥιος</span> <span class='ocrx_word' id='word_1_573' title='bbox 839 5133 989 5202; x_wconf 83' lang='grc' dir='ltr'>πρὸς</span> <span class='ocrx_word' id='word_1_574' title='bbox 1114 5133 1213 5189; x_wconf 29' lang='grc' dir='ltr'>ίηίςς</span> <span class='ocrx_word' id='word_1_575' title='bbox 1244 5142 1293 5188; x_wconf 80' lang='lat' dir='ltr'><strong>et</strong></span> <span class='ocrx_word' id='word_1_576' title='bbox 1323 5133 1722 5206; x_wconf 69' lang='lat' dir='ltr'><strong>supplicationis</strong></span> <span class='ocrx_word' id='word_1_577' title='bbox 1746 5138 1816 5189; x_wconf 87' lang='lat' dir='ltr'><strong>ad</strong></span> 
     </span>
     <span class='ocr_line' id='line_1_81' title="bbox 306 5203 1326 5265; baseline -0.006 -1"><span class='ocrx_word' id='word_1_578' title='bbox 306 5210 474 5265; x_wconf 83' lang='grc' dir='ltr'><strong>Θεόν.</strong></span> <span class='ocrx_word' id='word_1_579' title='bbox 1139 5203 1326 5262; x_wconf 86' lang='lat' dir='ltr'><strong>Deum.</strong></span> 
     </span>
    </p>
   </div>
   <div class='ocr_carea' id='block_1_81' title="bbox 233 5340 1818 5419">
    <p class='ocr_par' dir='ltr' id='par_1_81' title="bbox 233 5340 1818 5419">
     <span class='ocr_line' id='line_1_82' title="bbox 233 5340 1818 5419; baseline -0.003 -18"><span class='ocrx_word' id='word_1_580' title='bbox 233 5345 450 5419; x_wconf 73' lang='grc' dir='ltr'>Λειμών</span> <span class='ocrx_word' id='word_1_581' title='bbox 495 5364 564 5419; x_wconf 85' lang='grc' dir='ltr'><strong>με</strong></span> <span class='ocrx_word' id='word_1_582' title='bbox 607 5343 829 5416; x_wconf 85' lang='grc' dir='ltr'>τλήμον’</span> <span class='ocrx_word' id='word_1_583' title='bbox 861 5344 988 5415; x_wconf 75' lang='grc' dir='ltr'>ἔσχε</span> <span class='ocrx_word' id='word_1_584' title='bbox 1061 5340 1204 5397; x_wconf 89' lang='lat' dir='ltr'><strong>Olim</strong></span> <span class='ocrx_word' id='word_1_585' title='bbox 1233 5356 1323 5396; x_wconf 89' lang='lat' dir='ltr'><strong>me</strong></span> <span class='ocrx_word' id='word_1_586' title='bbox 1356 5347 1578 5396; x_wconf 85' lang='lat' dir='ltr'><strong>beatum</strong></span> <span class='ocrx_word' id='word_1_587' title='bbox 1616 5341 1818 5419; x_wconf 62' lang='lat' dir='ltr'><strong>elﬁcie-</strong></span> 
     </span>
    </p>
   </div>
   <div class='ocr_carea' id='block_1_82' title="bbox 232 5410 1816 5555">
    <p class='ocr_par' dir='ltr' id='par_1_82' title="bbox 232 5410 1816 5555">
     <span class='ocr_line' id='line_1_83' title="bbox 232 5410 1816 5555; baseline -0.001 -15"><span class='ocrx_word' id='word_1_588' title='bbox 232 5482 421 5555; x_wconf 46' lang='grc' dir='ltr'>Πάλαι,</span> <span class='ocrx_word' id='word_1_589' title='bbox 452 5483 633 5553; x_wconf 76' lang='grc' dir='ltr'>φυτῶν</span> <span class='ocrx_word' id='word_1_590' title='bbox 662 5482 922 5552; x_wconf 84' lang='grc' dir='ltr'>ἀρίστων,</span> <span class='ocrx_word' id='word_1_591' title='bbox 1060 5481 1356 5539; x_wconf 82' lang='lat' dir='ltr'><strong>Paradisus</strong></span> <span class='ocrx_word' id='word_1_592' title='bbox 1434 5410 1816 5555; x_wconf 41' lang='lat' dir='ltr'><strong>iucundargili):</strong></span> 
     </span>
    </p>
   </div>
   <div class='ocr_carea' id='block_1_83' title="bbox 296 5551 1805 5624">
    <p class='ocr_par' dir='ltr' id='par_1_83' title="bbox 296 5551 1805 5624">
     <span class='ocr_line' id='line_1_84' title="bbox 296 5551 1805 5624; baseline 0.001 -18"><span class='ocrx_word' id='word_1_593' title='bbox 296 5566 311 5572; x_wconf 77' lang='grc'><em>’</em></span> <span class='ocrx_word' id='word_1_594' title='bbox 412 5551 473 5555; x_wconf 13' lang='grc' dir='ltr'><strong>’ἡ</strong></span> <span class='ocrx_word' id='word_1_595' title='bbox 708 5551 717 5552; x_wconf 48' lang='grc'><strong>“</strong></span> <span class='ocrx_word' id='word_1_596' title='bbox 787 5596 793 5602; x_wconf 92' lang='grc'><strong>.</strong></span> <span class='ocrx_word' id='word_1_597' title='bbox 1446 5551 1805 5624; x_wconf 87' lang='lat' dir='ltr'><strong>[plantarum,</strong></span> 
     </span>
    </p>
   </div>
   <div class='ocr_carea' id='block_1_84' title="bbox 550 5671 1209 5734">
    <p class='ocr_par' dir='ltr' id='par_1_84' title="bbox 550 5671 1209 5734">
     <span class='ocr_line' id='line_1_85' title="bbox 550 5671 1209 5734; baseline 0.006 -4"><span class='ocrx_word' id='word_1_598' title='bbox 550 5671 821 5734; x_wconf 74' lang='lat' dir='ltr'><strong>Pnnon.</strong></span> <span class='ocrx_word' id='word_1_599' title='bbox 868 5671 988 5734; x_wconf 82' lang='lat' dir='ltr'><strong>Gn.</strong></span> <span class='ocrx_word' id='word_1_600' title='bbox 1042 5671 1209 5734; x_wconf 81' lang='lat' dir='ltr'><strong>XCI.</strong></span> 
     </span>
    </p>
   </div>
   <div class='ocr_carea' id='block_1_85' title="bbox 1919 5208 2500 5298">
    <p class='ocr_par' dir='ltr' id='par_1_85' title="bbox 1919 5208 2500 5298">
     <span class='ocr_line' id='line_1_86' title="bbox 1919 5208 2500 5298; baseline 0.003 0"><span class='ocrx_word' id='word_1_601' title='bbox 1919 5208 2207 5298; x_wconf 49' lang='grc' dir='ltr'><strong>ζιὲρξοξέἐί</strong></span> <span class='ocrx_word' id='word_1_602' title='bbox 2239 5208 2500 5298; x_wconf 48' lang='lat' dir='ltr'><strong>{rem</strong></span> 
     </span>
    </p>
   </div>
   <div class='ocr_carea' id='block_1_86' title="bbox 1912 5278 2666 5349">
    <p class='ocr_par' dir='ltr' id='par_1_86' title="bbox 1912 5278 2666 5349">
     <span class='ocr_line' id='line_1_87' title="bbox 1912 5278 2666 5349; baseline 0.007 -18"><span class='ocrx_word' id='word_1_603' title='bbox 1912 5278 2032 5349; x_wconf 58' lang='grc' dir='ltr'>ξῐζῶς</span> <span class='ocrx_word' id='word_1_604' title='bbox 2060 5278 2207 5349; x_wconf 77' lang='grc' dir='ltr'>τοῦτ’</span> <span class='ocrx_word' id='word_1_605' title='bbox 2247 5278 2359 5347; x_wconf 78' lang='grc' dir='ltr'><strong>ἐγὼ</strong></span> <span class='ocrx_word' id='word_1_606' title='bbox 2398 5278 2666 5349; x_wconf 75' lang='grc' dir='ltr'>κατεῖδον,</span> 
     </span>
    </p>
   </div>
   <div class='ocr_carea' id='block_1_87' title="bbox 1914 5347 2561 5424">
    <p class='ocr_par' dir='ltr' id='par_1_87' title="bbox 1914 5347 2561 5424">
     <span class='ocr_line' id='line_1_88' title="bbox 1914 5347 2561 5424; baseline 0.012 -25"><span class='ocrx_word' id='word_1_607' title='bbox 1914 5347 2186 5413; x_wconf 73' lang='grc' dir='ltr'>Πλασθεὶς</span> <span class='ocrx_word' id='word_1_608' title='bbox 2214 5352 2335 5422; x_wconf 79' lang='grc' dir='ltr'>χοὸς</span> <span class='ocrx_word' id='word_1_609' title='bbox 2359 5353 2561 5424; x_wconf 86' lang='grc' dir='ltr'>γεηροῦ</span> 
     </span>
    </p>
   </div>
   <div class='ocr_carea' id='block_1_88' title="bbox 1060 5480 2667 5563">
    <p class='ocr_par' dir='ltr' id='par_1_88' title="bbox 1060 5480 2667 5563">
     <span class='ocr_line' id='line_1_89' title="bbox 1060 5480 2667 5563; baseline 0.006 -25"><span class='ocrx_word' id='word_1_610' title='bbox 1060 5481 1356 5539; x_wconf 83' lang='lat' dir='ltr'><strong>Paradisus</strong></span> <span class='ocrx_word' id='word_1_611' title='bbox 1434 5480 1808 5563; x_wconf 46' lang='lat' dir='ltr'><strong>jrucundaEum</strong></span> <span class='ocrx_word' id='word_1_612' title='bbox 1909 5486 2020 5540; x_wconf 75' lang='lat' dir='ltr'><strong>Kal</strong></span> <span class='ocrx_word' id='word_1_613' title='bbox 2069 5488 2286 5561; x_wconf 85' lang='grc' dir='ltr'>πνεῦμα</span> <span class='ocrx_word' id='word_1_614' title='bbox 2340 5491 2667 5563; x_wconf 81' lang='grc' dir='ltr'>προσλαϐών</span> 
     </span>
    </p>
   </div>
   <div class='ocr_carea' id='block_1_89' title="bbox 2741 5071 3262 5138">
    <p class='ocr_par' dir='ltr' id='par_1_89' title="bbox 2741 5071 3262 5138">
     <span class='ocr_line' id='line_1_90' title="bbox 2741 5071 3262 5138; baseline 0.002 -12"><span class='ocrx_word' id='word_1_615' title='bbox 2741 5071 2884 5138; x_wconf 85' lang='lat' dir='ltr'><strong>Quin</strong></span> <span class='ocrx_word' id='word_1_616' title='bbox 2936 5072 3033 5127; x_wconf 89' lang='lat' dir='ltr'><strong>Dei</strong></span> <span class='ocrx_word' id='word_1_617' title='bbox 3064 5073 3262 5127; x_wconf 87' lang='lat' dir='ltr'><strong>summi</strong></span> 
     </span>
    </p>
   </div>
   <div class='ocr_carea' id='block_1_90' title="bbox 2738 5142 3495 5213">
    <p class='ocr_par' dir='ltr' id='par_1_90' title="bbox 2738 5142 3495 5213">
     <span class='ocr_line' id='line_1_91' title="bbox 2738 5142 3495 5213; baseline 0.003 -14"><span class='ocrx_word' id='word_1_618' title='bbox 2738 5142 3103 5213; x_wconf 76' lang='lat' dir='ltr'><strong>Inenarrabili</strong></span> <span class='ocrx_word' id='word_1_619' title='bbox 3151 5144 3495 5213; x_wconf 83' lang='lat' dir='ltr'><strong>providentia</strong></span> 
     </span>
    </p>
   </div>
   <div class='ocr_carea' id='block_1_91' title="bbox 2741 5211 3207 5282">
    <p class='ocr_par' dir='ltr' id='par_1_91' title="bbox 2741 5211 3207 5282">
     <span class='ocr_line' id='line_1_92' title="bbox 2741 5211 3207 5282; baseline 0.004 -17"><span class='ocrx_word' id='word_1_620' title='bbox 2741 5211 3058 5282; x_wconf 75' lang='lat' dir='ltr'><strong>Amoreque</strong></span> <span class='ocrx_word' id='word_1_621' title='bbox 3088 5211 3207 5282; x_wconf 83' lang='lat' dir='ltr'><strong>pari</strong></span> 
     </span>
    </p>
   </div>
   <div class='ocr_carea' id='block_1_92' title="bbox 2742 5281 3496 5411">
    <p class='ocr_par' dir='ltr' id='par_1_92' title="bbox 2742 5281 3496 5411">
     <span class='ocr_line' id='line_1_93' title="bbox 2742 5281 3496 5411; baseline 0.005 -74"><span class='ocrx_word' id='word_1_622' title='bbox 2742 5281 2983 5339; x_wconf 31' lang='lat' dir='ltr'><strong>Lumen’</strong></span> <span class='ocrx_word' id='word_1_623' title='bbox 3016 5281 3165 5339; x_wconf 88' lang='lat' dir='ltr'><strong>istud</strong></span> <span class='ocrx_word' id='word_1_624' title='bbox 3198 5300 3300 5356; x_wconf 87' lang='lat' dir='ltr'><strong>ego</strong></span> <span class='ocrx_word' id='word_1_625' title='bbox 3319 5285 3496 5411; x_wconf 47' lang='lat' dir='ltr'><strong>lBide-</strong></span> 
     </span>
     <span class='ocr_line' id='line_1_94' title="bbox 3381 5371 3496 5411; baseline 0.009 -1"><span class='ocrx_word' id='word_1_626' title='bbox 3381 5371 3496 5411; x_wconf 84' lang='lat' dir='ltr'><strong>am.</strong></span> 
     </span>
    </p>
   </div>
   <div class='ocr_carea' id='block_1_93' title="bbox 3381 5371 3496 5422">
    <p class='ocr_par' dir='ltr' id='par_1_93' title="bbox 3381 5371 3496 5422">
     <span class='ocr_line' id='line_1_95' title="bbox 3381 5371 3496 5422; baseline 0.009 -11"><span class='ocrx_word' id='word_1_627' title='bbox 3381 5371 3496 5422; x_wconf 81' lang='lat' dir='ltr'><strong>am,</strong></span> 
     </span>
    </p>
   </div>
   <div class='ocr_carea' id='block_1_94' title="bbox 2742 5355 3391 5481">
    <p class='ocr_par' dir='ltr' id='par_1_94' title="bbox 2742 5355 3391 5481">
     <span class='ocr_line' id='line_1_96' title="bbox 2742 5355 3391 5481; baseline 0.006 -4"><span class='ocrx_word' id='word_1_628' title='bbox 2742 5422 2943 5479; x_wconf 85' lang='lat' dir='ltr'><strong>Factus</strong></span> <span class='ocrx_word' id='word_1_629' title='bbox 2966 5439 3033 5479; x_wconf 83' lang='lat' dir='ltr'><strong>ex</strong></span> <span class='ocrx_word' id='word_1_630' title='bbox 3066 5425 3199 5481; x_wconf 89' lang='lat' dir='ltr'><strong>limo</strong></span> <span class='ocrx_word' id='word_1_631' title='bbox 3229 5355 3391 5481; x_wconf 51' lang='lat' dir='ltr'><strong>terng</strong></span> 
     </span>
    </p>
   </div>
   <div class='ocr_carea' id='block_1_95' title="bbox 2740 5492 3498 5567">
    <p class='ocr_par' dir='ltr' id='par_1_95' title="bbox 2740 5492 3498 5567">
     <span class='ocr_line' id='line_1_97' title="bbox 2740 5492 3498 5567; baseline 0.004 -19"><span class='ocrx_word' id='word_1_632' title='bbox 2740 5492 3070 5565; x_wconf 89' lang='lat' dir='ltr'><strong>llabensque</strong></span> <span class='ocrx_word' id='word_1_633' title='bbox 3092 5505 3357 5567; x_wconf 71' lang='lat' dir='ltr'><strong>praeterea</strong></span> <span class='ocrx_word' id='word_1_634' title='bbox 3385 5496 3498 5566; x_wconf 76' lang='lat' dir='ltr'><strong>api-</strong></span> 
     </span>
    </p>
   </div>
   <div class='ocr_carea' id='block_1_96' title="bbox 3272 5564 3493 5639">
    <p class='ocr_par' dir='ltr' id='par_1_96' title="bbox 3272 5564 3493 5639">
     <span class='ocr_line' id='line_1_98' title="bbox 3272 5564 3493 5639; baseline 0.032 -20"><span class='ocrx_word' id='word_1_635' title='bbox 3272 5564 3463 5639; x_wconf 77' lang='lat' dir='ltr'><strong>[ritqu</strong></span> <span class='ocrx_word' id='word_1_636' title='bbox 3475 5605 3493 5635; x_wconf 80' lang='lat'><strong>,</strong></span> 
     </span>
    </p>
   </div>
   <div class='ocr_carea' id='block_1_97' title="bbox 1927 5136 2611 5215">
    <p class='ocr_par' dir='ltr' id='par_1_97' title="bbox 1927 5136 2611 5215">
     <span class='ocr_line' id='line_1_99' title="bbox 1927 5136 2611 5215; baseline 0 0"><span class='ocrx_word' id='word_1_637' title='bbox 1927 5136 2052 5215; x_wconf 60' lang='grc' dir='ltr'><strong>Ἐπ’</strong></span> <span class='ocrx_word' id='word_1_638' title='bbox 2082 5138 2157 5215; x_wconf 49' lang='grc' dir='ltr'><strong>ἐφ</strong></span> <span class='ocrx_word' id='word_1_639' title='bbox 2166 5136 2349 5215; x_wconf 50' lang='lat' dir='ltr'><strong>aderis»</strong></span> <span class='ocrx_word' id='word_1_640' title='bbox 2383 5136 2611 5215; x_wconf 53' lang='lat' dir='ltr'><strong>item“?!</strong></span> 
     </span>
    </p>
   </div>
   <div class='ocr_carea' id='block_1_98' title="bbox 2559 5564 2679 5635">
    <p class='ocr_par' dir='ltr' id='par_1_98' title="bbox 2559 5564 2679 5635">
     <span class='ocr_line' id='line_1_100' title="bbox 2559 5564 2679 5635; baseline 0.017 -18"><span class='ocrx_word' id='word_1_641' title='bbox 2559 5564 2679 5635; x_wconf 67' lang='grc' dir='ltr'><strong>με,</strong></span> 
     </span>
    </p>
   </div>
   <div class='ocr_carea' id='block_1_99' title="bbox 3034 5683 3119 5746">
    <p class='ocr_par' dir='ltr' id='par_1_99' title="bbox 3034 5683 3119 5746">
     <span class='ocr_line' id='line_1_101' title="bbox 3034 5683 3119 5746; baseline 0.024 -2"><span class='ocrx_word' id='word_1_642' title='bbox 3034 5683 3119 5746; x_wconf 74' lang='grc' dir='ltr'><strong>1ιὸ</strong></span> 
     </span>
    </p>
   </div>
  </div>
