3946 6206
260 266 279 336 ι
291 273 394 341 429

1662 268 2047 336 CENTURIA
2086 272 2137 335 Ῑ.

3367 266 3509 333 143ίὶ

324 381 389 443 θ’.
432 385 682 458 Κρύπτει
704 384 791 441 τὸν
822 385 1014 457 φθόνον
1046 384 1104 439 ἐν
1140 384 1381 456 σχήματι
1404 380 1637 449 εὐνοίας,
1672 386 1700 437 ό
1727 384 1823 450 ψό-

1996 382 2049 439 9.
2096 382 2211 437 Sub
2257 379 2655 441 benevolentiae
2700 377 2892 432 habitu
2951 378 3181 432 livorem
3238 379 3503 445 occultat,

254 494 350 552 γον
374 480 452 553 τῷ
474 480 688 551 ἀδελφῷ
709 481 767 546 ἐξ
799 474 1049 552 ἐτέρωΜ
1076 477 1415 550 προσφέρων.

329 582 380 629 ι’.
422 574 636 644 Ὠσπερ
668 573 721 626 at
756 571 1016 642 σαρκικαλ⁸
1043 569 1237 640 ἀρεταὶ
1261 567 1360 639 τὴν
1389 566 1495 622 τῶν
1525 563 1829 636 ἀνθρώπων

256 665 436 732 δόξαν,
472 664 613 729 οὑτω
638 664 735 718 καὶ
771 664 827 715 αἱ
861 660 1238 734 πνευματικαὶ
1269 658 1369 729 τὴν
1400 655 1494 715 τοῦ
1531 655 1669 709 Θεοῦ
1702 657 1827 709 ἐπι-

262 757 527 812 σπῶνται.

296 854 420 903 “ια’.
475 847 690 916 Ἀγάπη
728 845 825 899 καὶ
885 844 1185 919 ἐγκράτεια
1244 840 1426 912 ψυχὴν
1477 838 1828 912 καθαίρουσι·

261 943 383 998 νοῦν
408 942 466 995 δὲ
487 938 798 1011 λαμπρύνει
823 937 1102 1010 προσευχὴ
1137 934 1373 1005 καθαρά.

333 1033 421 1104 ιβ’.
462 1031 698 1095 Δυνατὸς
741 1029 882 1102 ἀνὴρ
913 1030 1121 1090 ἐκεῖνος
1162 1026 1429 1099 ὑπάρχει,
1459 1024 1489 1079 ό
1512 1021 1713 1096 πράξει
1738 1011 1836 1077 καὶ

260 1124 459 1195 γνώσει
480 1124 578 1195 τὴν
603 1124 806 1177 κακίαν
837 1121 1179 1179 ἀπελαύνων.
1622 1158 1625 1165 ι

330 1218 422 1288 ιγ’.
461 1212 603 1289 Εὗρε
638 1216 800 1288 χάριν
829 1208 987 1281 οὗτος
1033 1212 1185 1286 παρά
1226 1212 1305 1285 τῷ
1335 1211 1475 1284 Θεῷ,
1509 1214 1538 1266 ό
1564 1213 1836 1270 ἀπάθειαν

259 1311 604 1383 κτησάμενος
638 1310 731 1365 καὶ
751 1308 952 1379 γνῶσιν
976 1307 1373 1379 πνευματικήν.

333 1397 417 1458 ιδ’.
459 1402 751 1474 Λογισμῶν
796 1397 1066 1475 ἐμπαθῶν
1118 1404 1169 1457 εί
1216 1402 1602 1475 περιγενέσθαι
1653 1402 1835 1477 θέλῃς,

266 1494 592 1567 ἐγκράτειαν
613 1494 837 1567 κτῆσαι,
862 1496 957 1550 καὶ
977 1496 1199 1567 ἀγάπην
1233 1496 1369 1567 πρὸς
1396 1498 1522 1560 τοὺς
1552 1496 1797 1567 πλησίον.

338 1591 422 1640 ιε’.
462 1583 702 1652 Φὺλαξον
757 1585 953 1639 σαυτὸν
998 1585 1108 1640 ἀπὸ
1162 1588 1435 1658 ἀκρασίας
1480 1587 1576 1641 καὶ
1620 1586 1833 1656 μίσους,

268 1675 361 1728 καὶ
392 1673 467 1746 μὴ
500 1673 669 1745 εὕρῃς
696 1674 1032 1746 πρόσκομμα
1065 1675 1123 1728 ἐν
1157 1673 1344 1745 καιρῷ.
1371 1674 1685 1745 προσευχῆς
1718 1690 1834 1728 σου.

1898 475 2021 563 ἰιιιί
2070 474 2292 530 fratrem
2316 472 2471 544 quasi
2501 487 2568 527 ex
2613 472 2796 527 alieno
2824 486 2920 526 ore
2967 470 3232 547 conviciis
3260 471 3501 525 lacessit.

2002 567 2091 622 10.
2126 566 2197 623 Ut
2234 565 2481 621 carnales
2508 564 2742 619 virtutes
2774 564 3093 646 humanam,
3143 564 3218 619 ita
3247 572 3303 619 et
3329 563 3496 634 5μίτί-

1929 660 2105 715 tnales
2146 658 2244 714 Dei
2294 657 2523 729 gloriam
2572 655 2889 711 conciliant.

2001 852 2089 906 Η.
2139 848 2395 906 Charitas
2427 822 2859 905 etcontinentia
2905 847 3146 903 animam
3193 846 3510 918 puriﬁcant.

1932 950 2173 999 mentem
2195 956 2325 997 vero
2348 956 2503 1012 purae
2527 956 2724 1010 preces
2753 941 3055 996 illustrant.

2004 1035 2092 1091 i2.
2132 1036 2275 1091 Vere
2304 1043 2503 1105 potens
2530 1033 2618 1087 vir
2643 1040 2749 1096 est.
2781 1033 2877 1104 qui
2900 1041 2956 1088 et
2981 1047 3152 1102 opere
3189 1041 3247 1087 et
3276 1031 3510 1088 scientia

1932 1126 2202 1187 malitiam
2245 1143 2401 1182 remo
2409 1134 2516 1182 vet.

2007 1218 2093 1272 i5.
2108 1218 2354 1289 Magnam
2379 1216 2523 1288 apud
2543 1216 2714 1271 Deum
2737 1213 2972 1286 gratiam
2996 1213 3227 1276 invenit,
3250 1213 3345 1282 qui
3367 1211 3520 1267 seda-

1935 1311 2006 1367 tis
2030 1310 2326 1367 aﬂ‘ectibus
2349 1308 2720 1381 cognitionem
2749 1306 3125 1378 spiritualium
3151 1305 3386 1374 adeptus
3413 1312 3520 1359 est.

2008 1403 2097 1459 14.
2141 1403 2201 1460 Si
2239 1402 2601 1479 cogitationes
2626 1401 2813 1456 animo
2851 1398 3081 1455 infestas
3119 1399 3314 1453 deesse
3341 1397 3520 1468 cupis,
3598 1394 3601 1395 ⁷

1936 1493 2097 1551 stude
2132 1493 2489 1549 continentia:
2513 1507 2578 1547 ac
2606 1490 2865 1547 ebaritati
2893 1490 2947 1544 in
2973 1490 3309 1560 proximum.

2011 1584 2098 1641 15.
2128 1584 2200 1640 Ut
2232 1584 2287 1638 in
2320 1593 2571 1654 tempore
2597 1597 2831 1652 precum
2858 1591 3077 1636 tuarum
3112 1589 3313 1636 cuncta
3346 1580 3533 1654 iaces-

1941 1680 2063 1730 sant
2095 1653 2450 1738 oﬂ‘endicula,
2484 1686 2615 1727 cave
2643 1671 2712 1726 ab
2744 1669 3169 1740 intemperantia
3195 1678 3251 1724 et
3278 1653 3431 1723 odio.

340 1733 690 1836 ιέι.”ἀᾶτὲἔρ
726 1733 828 1818 οὑκ
854 1733 1001 1820 ἐστίν
1035 1766 1216 1842 εὑρεῖν
1241 1733 1840 1837 ἐν’βορσόρῳᾜρώμα-

2014 1765 2100 1818 16.
2151 1764 2222 1822 Ut
2259 1764 2316 1819 in
2376 1778 2536 1819 οωηο
2567 1770 2814 1817 aromata
2855 1776 2968 1816 non
3016 1760 3399 1824 inveniuntur,
3451 1759 3527 1813 ita

264 1854 356 1923 τα,
390 1855 562 1919 οὑτως
586 1857 695 1910 οὐδ’
714 1858 774 1912 ἐν
793 1859 941 1930 ψυχῇ
967 1858 1312 1930 μνησικάκου
1341 1858 1561 1929 ἀγάπης
1584 1857 1837 1912 εὐωδίαν.

334 2038 426 2104 ιζ’.
465 2039 678 2110 Κράτει
718 2038 984 2109 γενναίως
1021 2036 1195 2110 θυμοῦ
1240 2039 1335 2093 καὶ
1387 2039 1706 2111 ἐπιθυμίας,
1753 2040 1846 2094 καὶ

271 2129 524 2202 πονηρῶν
552 2129 832 2202 λογισμῶν
853 2130 1089 2202 τάχιστα
1112 2130 1456 2203 ἀπαλλάττῃ.

340 2313 432 2375 ιη’.
486 2307 726 2377 Ἀναιρεῖ
768 2305 1076 2371 κενοδοξίαν
1107 2307 1142 2375 ἢ
1167 2308 1385 2377 κρυπτὴ
1447 2306 1706 2377 ἐργασία,
1743 2306 1846 2361 ἀπο

270 2397 480 2453 ελαύνει
515 2399 572 2453 δὲ
604 2398 983 2470 ὑπερηφανίαν
1004 2399 1065 2452 τδ
1098 2397 1301 2470 μηδένα
1329 2396 1648 2462 ἐξουθενετν.

344 2488 430 2542 ιϐ’.
475 2489 639 2542 ’ἰδιον
688 2488 994 2553 κενοδοξίας
1037 2487 1326 2558 ὑπόκρισις
1361 2488 1456 2541 καὶ
1492 2487 1720 2558 ψεῦδος⁹
1749 2489 1848 2560 τῆς

266 2576 324 2632 δὲ
347 2578 744 2651 ὑπερηφανίας,
769 2580 803 2649 ἡ
833 2579 1010 2650 οἴησις
1045 2579 1142 2642 κα).
1170 2577 1382 2647 φθόνος.

342 2676 414 2723 κ’.
456 2671 676 2742 ’Ᾱρχων
716 2671 925 2736 ἐκεῖνος
973 2672 1002 2724 ὁ
1047 2670 1240 2726 ἑαυτοῦ
1294 2669 1490 2743 ἄρξας,
1541 2672 1638 2725 καὶ
1668 2671 1849 2744 ψυχὴν

272 2761 370 2816 καὶ
407 2762 568 2832 σῶμα
596 2762 670 2832 τῷ
696 2763 840 2834 λόγῳ
862 2763 1161 2829 ὑποτάξας.

221 2874 236 2882 ’
344 2855 449 2909 κα’.
512 2857 810 2927 Γνησιότης
869 2857 1025 2927 φίλου
1084 2860 1143 2912 ἐν
1201 2857 1495 2930 πειρασμῷ
1553 2858 1849 2923 δείκνυται,

272 2948 435 3019 ηνίκα
458 2948 558 3018 τῆς
584 2948 832 3020 ἀνάγκης
856 2950 1223 3018 συγκοινωνὸς
1251 2951 1497 3022 γένηται.

1942 1871 2126 1927 neque
2167 1855 2456 1911 charitatis
2487 1854 2864 1910 suaveolentia
2893 1854 2951 1908 in
2977 1854 3161 1909 anima
3195 1852 3524 1924 iniuriarum

1943 1964 2085 2004 mem
2092 1964 2198 2003 οτι.

2017 2041 2103 2095 l7.
2151 2038 2454 2095 Iracundia:
2500 2045 2558 2093 et
2602 2036 3069 2108 concupiscentia:
3112 2051 3378 2107 generose
3430 2036 3530 2089 im-

1943 2148 2100 2204 pera,
2151 2140 2208 2187 et
2270 2131 2600 2201 quantocius
2654 2147 2687 2186 a
2729 2130 2891 2186 malis
2935 2128 3364 2201 cogitationibus
3400 2120 3530 2183 'eris

1944 2220 2182 2277 alienus.

2019 2311 2106 2365 i8.
2134 2267 2367 2367 inanem
2407 2310 2638 2381 gloriam
2681 2309 2952 2375 abolebis,
2988 2267 3155 2379 opera
3194 2309 3411 2364 occulte
3452 2306 3530 2361 fa-

1947 2401 2186 2469 ciendo;
2230 2401 2547 2473 superbiam
2582 2416 2746 2466 vero,
2797 2402 3076 2456 neminem
3101 2399 3529 2455 contemnendo.

2021 2495 2108 2550 19.
2136 2495 2319 2550 Inanis
2350 2495 2540 2566 gloriae
2571 2495 2804 2550 comites
2834 2503 2967 2550 sunt
2989 2494 3270 2550 simulatio
3297 2503 3354 2548 et
3379 2510 3535 2548 meu-

1948 2586 2198 2653 dacium;
2225 2586 2505 2657 superbiae
2534 2595 2742 2652 autem,
2783 2587 3030 2658 suspicio
3052 2595 3108 2641 et
3138 2586 3366 2640 invidia.

2018 2677 2110 2730 20.
2140 2677 2448 2747 Imperator
2484 2677 2796 2733 censendus
2824 2687 2931 2742 est,
2975 2678 3071 2748 qui
3114 2677 3297 2732 anima
3323 2685 3381 2732 et
3408 2692 3533 2732 cor-

1952 2782 2086 2838 pore
2129 2769 2331 2823 rationi
2372 2770 2656 2841 subjectis,
2690 2786 2749 2826 se
2781 2772 2973 2841 ipsum
2988 2770 3217 2826 rexerit.

2025 2859 2117 2914 2i.
2168 2859 2471 2917 Sinceritas
2523 2862 2686 2917 amici
2732 2864 2789 2919 in
2837 2864 3143 2919 tentatione
3197 2863 3532 2927 ostenditur,

1954 2950 2177 3020 quando
2212 2952 2427 3006 scilicet
2463 2954 2520 3007 in
2553 2955 2883 3010 necessitate
2911 2954 3307 3010 communicat.

347 3040 452 3110 κβ¹.
490 3041 829 3129 βΑσφάλισαι
885 3042 985 3105 τὰς
1035 3043 1320 3113 αἰσθήσεις
1369 3040 1448 3114 τῷ
1518 3042 1707 3113 τρόπῳ
1749 3041 1846 3109 τῆς

2025 3042 2114 3097 22.
2148 3042 2355 3098 Sensus
2377 3044 2553 3109 muni,
2584 3054 2641 3101 et
2661 3046 2834 3115 quieti
2864 3046 3220 3111 assueracito,
3249 3046 3535 3118 cogitatio-

273 3132 526 3202 ἡσυχίας,
562 3134 658 3187 καὶ
697 3133 922 3187 δίκασον
948 3134 1076 3199 τοὺς
1118 3133 1415 3205 λογισμοὺς
1443 3131 1758 3202 ἐφεστῶτας
1785 3135 1846 3203 τῇ

1998 3147 2056 3187 es
2091 3147 2223 3187 vero
2258 3132 2315 3187 in
2346 3142 2572 3204 pectore
2607 3148 2893 3192 versantes
2916 3137 3179 3209 justitica.

276 3224 495 3297 καρδίᾳ.

347 3321 452 3383 κγ’.
494 3314 638 3386 Πρὸς
689 3315 815 3378 τοὺς
849 3313 1131 3387 λυπηροὺς
1179 3313 1498 3383 λογισμοὺς,
1544 3308 1857 3381 ἀμνησικά⁴

278 3426 387 3471 κως
444 3406 692 3462 ἀπάνταο
740 3407 879 3479 πρδς
924 3408 980 3461 δὲ
1046 3407 1174 3469 τοὺς
1213 3404 1529 3475 φιληδόνους
1569 3398 1858 3472 ἐχθρωδῶς

273 3499 538 3554 διάκεισο.

348 3586 452 3641 κδ’.
504 3584 735 3656 Ἡσυχία
782 3585 875 3638 καὶ
912 3583 1211 3654 προσευχὴ,
1245 3582 1341 3637 καὶ
1386 3582 1600 3650 ἀγάπη.
1632 3581 1728 3632 καὶ
1760 3583 1857 3647 ἐγ-

275 3677 508 3746 κράτεια
536 3673 905 3745 τετράπλοκόν
938 3676 1087 3726 ἐστιν
1127 3671 1301 3743 ἀρμα,
1355 3671 1435 3734 είς
1480 3669 1741 3739 οὐρανοὺς
1770 3668 1859 3721 ἀν-

277 3769 410 3837 άγον
431 3767 520 3821 τὸν
541 3766 685 3821 νοῦν.
719 3780 723 3784 ’

350 3859 447 3914 κε’.
489 3860 664 3930 Τῆξον
703 3859 803 3929 τὴν
851 3856 1028 3927 σάρκα
1067 3874 1163 3910 σου
1214 3854 1400 3926 ἀσιτίᾳ
1430 3853 1523 3907 καὶ
1558 3850 1855 3922 ἀγρυπνίᾳ,

280 3954 376 4009 καὶ
407 3953 735 4017 ἀπελαύνεις
765 3952 855 4006 τὸν
876 3953 1071 4021 δήμιον
1104 3950 1207 4020 τῆς
1235 3948 1431 4020 ἡδονῆς
1457 3943 1747 4015 λογισμοῦ.

352 4052 464 4111 κςθ.
517 4046 605 4104 Ὠς
638 4047 866 4113 τήκεται
904 4044 1076 4113 κηρὸς
1139 4042 1248 4096 ἀπὸ
1318 4039 1612 4111 προσώπου
1666 4034 1858 4105 πυρὸς,

279 4136 449 4199 οὕτως
480 4136 587 4209 duo
613 4136 778 4205 φόϐου
802 4134 938 4189 Θεοῦ
970 4136 1277 4206 ἀκάθαρτος
1309 4134 1586 4201 λογισμός.

356 4224 456 4289 κζ’.
500 4227 657 4295 Κακὴ
693 4225 866 4297 ζημία
904 4224 1085 4295 ψυχῆς
1121 4226 1350 4296 συνετῆς
1398 4225 1712 4295 ἐγχρονίςαι
1758 4225 1855 4277 πά-

285 4315 368 4369 θει
392 4316 597 4386 ψεκτῷ.

355 4487 461 4558 κη’.
512 4488 841 4558 ’Υπόμεινον
871 4488 969 4551 τὰς
998 4489 1105 4542 τῶν
1141 4487 1403 4559 λυπηρῶν
1443 4491 1536 4542 καὶ
1578 4490 1857 4561 ὀδυνηρῶν

2026 3305 2116 3360 25.
2150 3304 2613 3377 Cogitationibus,
2658 3309 2705 3363 si
2752 3308 3032 3364 tristitiam
3071 3309 3272 3372 ferant,
3320 3307 3535 3379 placide

1957 3405 2014 3451 et
2070 3397 2280 3466 absque
2331 3399 2685 3454 accrbatione
2744 3401 3146 3466 occurras;sin
3210 3399 3534 3468 voluptariae

1958 3487 2165 3543 fuerint
2193 3498 2248 3544 et
2276 3489 2631 3555 illecebrosae,
2675 3490 2955 3546 hostiliter
2982 3506 3114 3561 erga
3146 3506 3240 3546 eas
3273 3491 3536 3547 aﬂiciarc.

2026 3579 2116 3633 24.
2161 3579 2477 3645 Silentium,
2528 3595 2745 3654 preces,
2790 3582 3034 3637 charitas
3068 3590 3125 3637 et
3169 3582 3535 3647 continentia,

1958 3673 2273 3744 quadrijugi
2316 3675 2447 3744 equi
2492 3685 2621 3730 sunt
2659 3684 2903 3731 mentem
2956 3685 3014 3732 et
3054 3676 3111 3731 in
3148 3676 3350 3732 caelum
3406 3676 3537 3730 sub-

1957 3764 2244 3820 vehentes.

2027 3856 2116 3910 25.
2150 3858 2397 3913 Extenua
2427 3874 2649 3914 ramem
2678 3858 2862 3915 inedia
2894 3869 2952 3916 et
2975 3860 3199 3931 vigiliis,
3241 3860 3538 3929 statimque

1959 3946 2273 4003 carniﬁcem
2315 3949 2615 4019 voluptatis
2658 3950 2963 4021 appetitum
3007 3951 3345 4007 eliminabis.

2029 4036 2121 4091 26.
2155 4036 2300 4092 Sicut
2327 4041 2446 4110 ﬂuit
2471 4057 2660 4111 cerea
2706 4041 2838 4111 facie
2884 4042 3019 4113 ignis
3057 4054 3107 4108 ι,
3151 4042 3233 4097 sic
3276 4057 3308 4096 a
3344 4041 3541 4096 timore

1960 4128 2059 4181 Dei
2104 4128 2377 4198 impurior
2404 4130 2688 4201 cogitatio.
2760 4182 2765 4187 .
3552 4126 3557 4129 ’

2032 4220 2122 4274 27.
2168 4220 2388 4277 Grande
2437 4224 2642 4278 malum
2670 4231 2728 4279 et
2769 4224 3184 4280 incommodum
3220 4226 3421 4281 animae
3458 4242 3545 4281 sa-

1964 4315 2157 4384 pienti,
2189 4315 2231 4369 si
2257 4330 2410 4369 mens
2432 4315 2832 4385 exprobrandae
2875 4316 3284 4386 perturbationi
3317 4318 3539 4372 diutine

1894 4428 1935 4480 υ
1968 4405 2308 4459 immoretur.

2025 4500 2116 4554 28.
2139 4498 2414 4554 Tristium
2450 4485 3002 4570 aerumnosorumque
3021 4510 3326 4555 eventuum
3349 4502 3538 4573 plagas

282 4579 607 4647 ἐπαγωγὰς·
639 4579 728 4633 διά
754 4579 864 4650 γὰρ
887 4578 1091 4633 τούτων
1122 4598 1181 4634 σε
1216 4579 1472 4653 καθαίρει
1511 4584 1549 4653 ἡ
1588 4583 1682 4635 τοῦ
1718 4582 1846 4635 Θεοῦ

1997 4583 2233 4646 atienter
2268 4590 2510 4656 sustine;
2561 4590 2766 4647 talibus
2806 4591 2956 4646 enim
3002 4591 3297 4661 prudentia
3344 4593 3537 4649 divina

282 4673 537 4743 πρόνοια.

355 4762 458 4819 κθ’.
511 4763 702 4833 Ῥίψας
744 4763 843 4834 τὴν
868 4762 1004 4836 ὓλην
1040 4767 1135 4819 καὶ
1171 4766 1250 4838 τῷ
1276 4766 1468 4837 κόσμῳ
1501 4764 1858 4836 άποταξάμε-
1921 4830 1932 4849 ν

282 4874 402 4921 νος·
433 4856 701 4922 ἀπόταξαι
728 4857 915 4913 λοιπὸν
939 4860 1033 4912 καὶ
1059 4862 1174 4924 τοῖς
1200 4861 1785 4932 πονηροτςιλογισμοῐς.

354 5037 418 5092 λ’.
465 5037 627 5091 Ἰδιον
670 5036 831 5109 ἔργον
871 5036 1109 5109 ὑπάρχει
1144 5038 1239 5092 τοῦ
1271 5037 1386 5104 νοῦ,
1413 5037 1474 5091 τὸ
1508 5037 1692 5107 λόγοις
1724 5039 1859 5092 Θεοῦ

287 5129 572 5200 σχολάζειν
597 5130 705 5188 ἀεί.

767 5219 927 5291 ἔργον
971 5219 1109 5274 Θεοῦ
1149 5180 1426 5292 διοικῆσαι
1480 5222 1573 5277 τὸν
1634 5224 1860 5297 κόσμον,

283 5311 429 5365 οὕτω
458 5313 553 5366 καὶ
579 5312 756 5382 ψυχῆς
780 5313 1048 5384 κυῦερνᾷν
1071 5313 1132 5366 τὸ
1160 5313 1339 5384 σῶμα.
1368 5384 1385 5393 ⁵

362 5402 463 5471 λβ’.
508 5404 645 5474 Ποίᾳ
694 5402 868 5456 ἐλπίδι
898 5403 975 5473 τῷ
1018 5404 1243 5474 Χριστῷ
1282 5405 1695 5475 άπαντήσομεν,
1745 5410 1867 5471 ταῖς

287 5491 389 5561 τῆς
420 5491 620 5563 σαρκὸς
647 5493 861 5563 ἡδοναῖς
899 5495 1062 5567 μέχρι
1099 5495 1193 5550 τοῦ
1222 5494 1315 5555 νῦν
1337 5495 1677 5562 δουλεύοντες
1701 5516 1715 5563 ;

365 5683 383 5703 '
415 5672 557 5729 Psal.
596 5690 760 5741 vau,
791 5674 846 5731 5.

1965 4694 2016 4740 te
2045 4683 2321 4754 puriﬁcat.

2029 4775 2119 4829 29.
2151 4773 2252 4830 Ubi
2293 4772 2580 4828 materiam
2615 4772 2912 4842 abjeceris,
2955 4772 3281 4843 mundoque
3328 4774 3537 4830 dixeris

1922 4854 1928 4861 ’
1970 4866 2120 4931 vale,
2176 4865 2473 4935 reliquum,
2504 4872 2568 4920 ut
2601 4864 2787 4935 pravis
2820 4874 2877 4920 et
2903 4864 3163 4920 inanibus
3189 4866 3358 4919 etiam
3391 4869 3540 4935 cogi-

1973 4958 2276 5012 tationibus
2318 4957 2627 5012 renunties.

2039 5047 2128 5102 30.
2171 5047 2461 5116 Prom-ium
2501 5047 2705 5104 mentis
2753 5063 2894 5119 opus
2936 5056 3042 5114 est,
3084 5063 3281 5104 vacare
3327 5064 3548 5118 semper

1969 5139 2151 5194 verbis
2193 5140 2313 5194 Dei.

2044 5229 2133 5284 51.
2173 5230 2242 5285 Ut
2287 5229 2382 5287 Dei
2407 5243 2547 5298 opus
2569 5236 2655 5284 est
2693 5244 2883 5299 regere
2915 5227 3209 5293 mundum,
3238 5228 3312 5282 ita
3337 5237 3395 5282 et
3426 5228 3546 5281 ani-

1975 5338 2077 5377 mw
2106 5321 2425 5400 gubernare
2443 5336 2664 5390 corpus.

2043 5413 2134 5467 32.
2166 5411 2282 5478 Qua
2312 5429 2408 5482 spe
2458 5426 2824 5466 occurremus
2858 5410 3102 5475 Christo,
3138 5410 3323 5466 adhuc
3350 5424 3547 5481 carpo.

1975 5497 2085 5553 reis
2131 5499 2504 5569 voluptatibus
2549 5498 2896 5555 servientes?
