3946 6206
250 338 275 407 1
290 339 388 407 £33

308 456 402 504 νε¹.
457 448 515 503 ’0
570 449 695 514 νοῦς
729 450 808 514 είς
846 450 1015 519 ἀκρον
1060 446 1358 517 καθαρθεὶς
1404 448 1818 514 στενοχωρεῑται
1856 451 1891 503 Α

234 542 352 604 τοῖς
380 536 539 594 οὖσι·
578 540 673 595 καὶ
718 540 823 605 ἔξω
868 538 1009 594 θέλει
1058 538 1302 608 γίνεσθαι
1347 537 1565 591 πάντων
1593 536 1700 588 τῶν
1730 552 1822 601 γει

238 628 447 697 γονότω
454 644 503 683 ν.

306 720 419 799 ννς’.
459 719 744 789 Μακάριος
770 720 799 772 6
826 718 1037 787 φθάσας
1064 719 1145 782 είς
1168 719 1269 789 τὴν
1309 716 1617 787 ἀπέραντον
1655 716 1819 768 ἀπει-

242 812 365 883 ρίαν
386 827 399 840 ⁸
437 811 642 874 ἐκεῖνος
677 811 721 863 δ’
752 809 1006 880 ἔφθασεν,
1038 810 1067 863 6
1112 809 1182 863 τὰ
1220 807 1616 880 πεπερασμένα
1647 805 1821 876 περάη

243 920 363 967 σας.

313 992 410 1059 νζ¹.
464 991 698 1065 Ἐρευνᾷ
724 993 919 1063 λόγους
959 987 1094 1046 Θεοῦ
1125 994 1153 1047 6
1184 992 1477 1064 σεϐόμενος
1501 989 1693 1045 αὑτόν·
1727 989 1820 1042 εὑ-

241 1084 416 1156 ρίσκει
451 1086 506 1138 δὲ
533 1086 729 1148 αὑτοὺς
752 1082 780 1137 ό
803 1088 900 1156 τῆς
929 1084 1190 1155 ἀληθείας
1229 1084 1487 1155 ἐραστής.

309 1171 410 1243 νη’.
451 1174 594 1237 Νοῦς
625 1172 683 1239 ἐξ
717 1168 1007 1246 ὀρθότητος
1031 1173 1368 1244 κινούμενος,
1397 1172 1643 1244 εὑρίσκει
1689 1172 1821 1242 ἁλή-

239 1262 392 1316 θειαν
413 1282 427 1294 ο
464 1266 492 1316 6
522 1265 579 1318 δὲ
609 1267 672 1317 ὲκ
705 1265 913 1328 πάθους
937 1266 1101 1327 τινὸς,
1132 1263 1489 1330 ἀποτεύξεται
1523 1262 1713 1331 αὑτῆς.

318 1355 413 1408 νϐ’.
459 1355 672 1426 ’Ὠσπερ
705 1357 771 1426 τῇ
801 1357 956 1428 οὑσίᾳ
982 1357 1259 1424 ἄγνωστος
1288 1356 1316 1407 6
1340 1354 1493 1418 Θεδς,
1524 1353 1697 1416 οὕτως
1728 1355 1821 1407 καὶ

236 1448 306 1517 τῇ
336 1447 678 1518 μεγαλοσὺνῃ
708 1448 855 1500 ἐστὶν
885 1448 1209 1515 ἀπέραντος.

318 1536 381 1601 ξ’.
420 1529 528 1595 Ἥς
559 1536 746 1598 οὑσίας
775 1536 917 1606 ἀρχὴ
947 1537 1042 1589 καὶ
1076 1536 1226 1599 τέλος
1253 1535 1351 1588 οὑκ
1375 1533 1543 1597 ἔστιν,
1576 1533 1697 1587 οὔτε
1724 1534 1821 1605 τῆς

239 1620 436 1687 σοφίας
469 1621 763 1690 ἐξεύρεσις.

315 1709 413 1772 ξα’.
457 1711 707 1780 Σωτηρία
750 1710 985 1783 ὑπάρχει
1033 1713 1212 1781 πάσης
1269 1713 1520 1778 κτίσεως,
1574 1715 1608 1785 ἠ
1652 1714 1820 1785 ὑπερ-

241 1800 449 1869 άγαθος
471 1801 562 1854 τοῦ
592 1804 896 1868 κτίσαντος
928 1806 1051 1876 περὶ
1084 1807 1257 1870 αὑτὴν
1288 1807 1532 1878 πρόνοια.

315 1892 411 1961 ξβν.
466 1892 857 1965 ’Υποστηρίζει
912 1894 1112 1967 Κύριος
1160 1900 1367 1960 πάντας
1414 1900 1539 1961 τοὺς
1585 1899 1819 1953 καταπί-

235 1998 469 2069 πτοντας
507 1984 564 2034 ὲν
590 1985 911 2055 οἰκτιρμοίς,
942 1987 1032 2038 καὶ
1065 1987 1280 2058 ἀνοροοῖ
1304 1988 1508 2051 πάντας
1535 1990 1660 2052 τοὺς
1691 2006 1821 2042 κατ-

233 2068 635 2143 ερῤαγμένους.
1025 2068 1028 2071 ⁷

312 2159 407 2228 ξγ⁸.
449 2155 686 2230 Χριστός
717 2162 835 2215 ἐστι
867 2162 1088 2227 ζώντων
1116 2165 1208 2218 καὶ
1236 2166 1445 2235 νεκρῶν
1476 2168 1694 2239 κριτὴς,
1725 2169 1819 2220 καὶ

230 2249 334 2322 τῆς
365 2254 600 2306 ἑκάστου
633 2253 887 2323 πράξεως
919 2254 1127 2318 δίκαιος
1152 2257 1488 2327 ἀνταποδότη
1502 2274 1544 2319 ς.

308 2342 402 2410 ξδ’.
444 2340 645 2416 Ἀρξαι
670 2346 717 2398 εί
749 2344 924 2408 Θέλεις
952 2347 1049 2417 τῆς
1073 2346 1254 2416 ψυχῆς
1286 2349 1381 2400 καὶ
1410 2349 1504 2401 τοῦ
1540 2348 1814 2420 σώματος,

235 2435 526 2508 προλαϐὼν
548 2435 646 2500 τὰς
672 2437 780 2491 τῶν
812 2435 1000 2491 παθῶν
1035 2437 1215 2500 αἰτίας
1253 2439 1570 2508 περίκοπτε.

313 2528 403 2593 ξε⁹.
447 2528 711 2595 Σὺζευξον
743 2533 865 2594 ταῖς
909 2533 1131 2602 ἀρεταῖς
1176 2531 1276 2594 τὰς
1308 2532 1406 2599 τῆς
1454 2532 1631 2602 ψυχῆς
1662 2532 1820 2586 δυνά-

233 2636 383 2689 μεις,
416 2621 510 2673 καὶ
543 2621 724 2692 πάσης
748 2621 848 2692 τῆς
876 2621 985 2675 τῶν
1017 2621 1208 2675 παθῶν
1235 2621 1416 2694 ὁρμῆς
1453 2622 1821 2691 ἀποζεὺγνυν-

230 2727 348 2764 ται.

313 2801 418 2870 ξςη
462 2802 576 2865 Τὰς
617 2802 714 2872 τῆς
751 2800 1049 2872 ἐπιθυμίας
1096 2802 1273 2873 ὁρμὰς
1321 2806 1621 2876 ἐγκρατείᾳ.
1668 2808 1819 2878 χαλί-

231 2910 407 2947 νωσον
427 2909 440 2922 ·
475 2894 573 2957 τὰς
601 2893 656 2945 δὲ
687 2888 781 2945 τοῦ
810 2892 1005 2963 θυμοῦ,
1040 2895 1228 2967 ἀγάπῃ
1265 2901 1638 2969 πνευματικῇ.

312 2984 420 3048 ξζ⁹.
450 2983 678 3053 Ἡσυχία
710 2984 804 3036 καὶ
828 2986 1122 3055 προσευχὴ,
1149 2988 1382 3055 μέγιστα
1405 2989 1545 3043 ὅπλα
1574 2991 1777 3060 ἀρετῆς
1801 3008 1815 3021 ⁸

234 3070 404 3131 αὗται
447 3077 555 3147 γάρ
599 3077 690 3129 τὸν
735 3074 861 3129 νοῦν
894 3078 1280 3149 καθαίρουσαι,
1307 3079 1614 3150 διορατικὺν
1643 3082 1812 3154 ἀπερ-

235 3167 523 3237 γάζονται.

314 3262 414 3329 ξη’.
457 3259 724 3330 Συντυχία
776 3260 981 3332 ὠφελεῖ
1030 3260 1164 3332 μόνη
1216 3262 1249 3332 ἡ
1295 3265 1676 3335 πνευματική*
1708 3264 1817 3318 τῶν

237 3350 298 3405 δὲ
326 3350 528 3405 λοιπῶν
556 3350 746 3405 πασῶν
781 3351 1169 3422 προτιμωτέρα
1197 3352 1416 3421 ἡσυχία.

314 3441 412 3505 ξον.
453 3440 574 3492 Τῶν
603 3443 764 3492 πέντε
787 3441 1008 3512 τρόπων
1036 3442 1349 3510 συντυχίας,
1376 3442 1502 3502 τοὺς
1526 3443 1674 3512 τρεῖς
1699 3444 1820 3497 ἐπί-

239 3533 393 3597 λεξαι
419 3544 433 3563 ⁸
469 3531 545 3602 τῷ
582 3530 639 3585 δὲ
674 3532 919 3604 τετάρτῳ
967 3532 1044 3602 μὴ
1091 3532 1362 3605 συχνάσῃς
1384 3547 1399 3562 ’
1433 3533 1526 3585 τοῦ
1568 3534 1819 3605 πέμπτου

240 3625 535 3693 ἀπόστηθί.

311 3719 372 3772 o'.
428 3715 688 3787 Ἡσυχίαν
730 3715 920 3800 ἀγαπᾷ
968 3717 996 3769 6
1046 3715 1120 3785 μὴ
1172 3714 1399 3784 πάσχων
1453 3717 1590 3786 πρὸς
1626 3718 1696 3772 τὰ
1724 3718 1819 3772 τοῦ

239 3815 471 3885 κόσμου.
510 3813 619 3866 Καὶ⁸
649 3812 857 3875 πάντας
886 3810 1013 3874 τοὺς
1055 3808 1397 3881 ἀνθρώπους,
1430 3811 1458 3862 6
1491 3812 1657 3882 μηδὲν
1680 3814 1819 3881 ἀγα-

244 3907 361 3980 πῶν
387 3902 749 3977 ἀνθρώπινον.

312 4006 412 4051 οα’.
454 3997 785 4059 Διδάσκαλος
808 3995 1013 4065 ἀληθὴς
1033 3997 1067 4065 ή
1100 3996 1404 4068 συνείδησις
1431 3997 1688 4068 ὑπάρχει,
1793 3997 1821 4049 6

245 4088 533 4157 ὑπακούων
559 4082 908 4158 ἀπρόσκοπος
931 4087 1196 4156 διαμένει.
1298 4133 1307 4140 .

319 4178 418 4248 οβ’.
476 4177 751 4241 Ἐκείνους
788 4177 983 4247 μόνους
1007 4179 1069 4230 οὑ
1098 4178 1273 4248 κρίνει
1310 4178 1370 4231 τὸ
1403 4178 1664 4242 συνειδὸς,
1696 4177 1822 4238 τοὺς

246 4271 326 4333 εἰς
360 4269 420 4322 τὸ
450 4269 617 4341 ἄκρον
648 4272 747 4340 τῆς
787 4268 990 4340 ἀρετῆς
1025 4268 1057 4339 ἢ
1089 4268 1189 4339 τῆς
1230 4270 1430 4332 κακίας
1482 4271 1818 4338 φθάσαντας.

315 4450 416 4513 ογ’.
459 4443 639 4515 Ἄκρα
668 4443 908 4497 ἀπάθεια
930 4441 1062 4512 ψιλά
1090 4443 1327 4497 ποιεῖτά
1353 4445 1602 4514 νοήματα
1630 4459 1642 4472 ·
1673 4444 1819 4514 ἄκρα
1854 4445 1896 4500 D

247 4538 305 4595 δὲ
333 4539 535 4608 γνῶσις
561 4537 638 4609 τῷ
669 4536 1076 4609 ὑπεραγνώστῳ
1102 4537 1455 4609 παρίστησιν.

208 4749 239 4811 ιο
321 4715 414 4769 οδ’.
455 4712 613 4784 Λὺπη
663 4713 782 4767 ἐστὶ
862 4711 1038 4785 ψεκτὴ
1090 4713 1361 4785 ἀποτυχία
1416 4714 1638 4786 ἡδονῶν,
1675 4708 1750 4770 ὧν
1793 4718 1822 4770 6

253 4809 692 4878 καταφρονήσας,
728 4804 933 4868 ἄλυπος
956 4805 1225 4875 διαμένει.

321 4985 413 5033 οεν.
468 4979 533 5033 Ἥ
561 4980 706 5049 λύπη
737 4979 968 5034 καθόλου
1001 4980 1257 5049 στέρησίς
1288 4980 1438 5034 ἐστιν
1464 4981 1676 5051 ἡδονῆς,
1714 4980 1821 5035 κάν

255 5085 314 5123 τε
338 5070 441 5149 τῆς
471 5072 613 5126 κατά
643 5070 798 5135 Θεὸν,
827 5069 932 5125 κᾶν
958 5071 1058 5141 τῆς
1086 5069 1229 5125 κατὰ
1254 5071 1463 5139 κόσμον
1485 5072 1705 5144 νοήσῃς.

324 5240 434 5308 ος’.
476 5242 609 5296 Θεοῦ
639 5244 757 5296 ἐστι
803 5241 1072 5314 βασιλεία,
1110 5240 1383 5312 ἀγαθότης
1424 5242 1519 5311 καὶ
1550 5241 1732 5311 σοφία,
1755 5235 1829 5295 ὧν

254 5333 285 5386 6
311 5334 603 5405 ἐπιτυχὼν,
645 5336 705 5387 ὲν
733 5335 981 5405 οὐρανοῖς
1007 5333 1369 5387 πολιτεύεται.

324 5426 425 5490 οξ.
476 5429 716 5490 Ἐκεῖνος
749 5427 935 5488 ἄθλιος
977 5426 1284 5496 ἄνθρωπος,
1329 5426 1356 5478 6
1388 5425 1489 5495 τῆς
1514 5426 1693 5498 ψυχῆς
1734 5426 1831 5497 μὲν

255 5515 318 5572 τὸ
341 5518 523 5589 σῶμα,
559 5519 655 5573 τοῦ
687 5519 824 5573 Θεοῦ
854 5519 911 5572 δὲ
940 5519 1030 5572 τὸν
1062 5518 1268 5586 κόσμον
1317 5520 1429 5580 τοῖς
1471 5517 1651 5589 ἔργοις
1694 5535 1830 5587 προ-

255 5610 512 5680 τιμήσας.

281 5709 285 5712 ’
329 5725 499 5784 “Act.
534 5744 586 5794 χ,
619 5728 706 5782 te.
788 5738 811 5767 ο
839 5724 1258 5796 Psal.t.xr,_15.

1661 332 2055 397 CENTURIA
2093 330 2141 395 Ῐ.

3370 320 3506 389 1434

1991 445 2080 498 55.
2114 442 2282 499 Menti
2327 442 2384 497 iu
2430 456 2707 497 summum
2756 436 3083 511 puriﬁeataa,
3115 442 3345 505 angusta
3374 445 3504 491 sunt

1925 534 2107 589 omnia
2144 550 2267 604 quae
2295 543 2457 599 sunt;
2490 548 2821 604 semperque
2859 529 3014 601 cupit
3048 543 3169 584 esse
3200 535 3353 581 extra
3381 540 3503 581 om-

1924 625 2013 678 nia
2045 640 2168 694 qua:
2198 633 2328 679 sunt
2358 624 2521 679 facta.

1996 717 2084 771 56.
2108 718 2308 771 Beatus
2335 725 2419 772 est
2449 716 2516 781 is,
2548 715 2642 786 qui
2677 714 2745 769 ad
2769 712 3037 768 infinitam
3068 708 3503 765 immensitalom

1922 809 2206 878 pervenit;
2249 809 2296 863 is
2333 824 2464 863 vero
2493 805 2769 877 pervenit,
2800 803 2894 874 qui
2930 800 3245 873 penetravit
3275 815 3339 854 ea
3383 814 3505 868 quae

1920 900 2076 967 ﬁnita
2117 907 2269 954 sunt.

1993 990 2080 1043 57.
2118 988 2409 1044 Scrutatur
2446 986 2616 1041 verba
2646 986 2769 1051 Dei,
2810 983 2906 1054 qui
2932 998 3058 1039 eum
3095 982 3260 1047 colit;
3288 979 3502 1035 invenit

1921 1091 2128 1145 autem,
2161 1081 2254 1150 qui
2285 1086 2433 1133 amat
2471 1077 2788 1132 veritatem.

1990 1172 2077 1228 58.
2114 1172 2266 1226 Mens
2291 1170 2583 1225 veritatem
2614 1167 2847 1230 invenit,
2878 1166 2979 1221 sia
3008 1163 3342 1221 rectitudine
3367 1162 3503 1217 diri-

1919 1273 2105 1335 gatur;
2152 1261 2354 1315 amittit
2408 1268 2616 1320 autem.
2654 1258 2698 1325 si
2733 1257 2802 1312 ab
2845 1255 3139 1312 aﬂ‘ectione
3180 1254 3389 1323 aliqua.

1992 1352 2081 1407 59.
2113 1349 2185 1407 Ut
2225 1351 2371 1404 Deus
2400 1349 2708 1404 secundum
2739 1348 3037 1403 essentiam
3081 1343 3244 1399 nobis
3282 1352 3368 1396 est
3415 1342 3500 1395 in—

1920 1445 2205 1514 cognitus;
2234 1443 2309 1498 ita
2339 1442 2646 1496 secundum
2678 1442 3023 1511 majestatem
3055 1447 3141 1492 est
3172 1436 3498 1489 immensus.

1992 1538 2080 1590 60.
2111 1534 2363 1589 Essentia
2395 1549 2517 1603 quae
2558 1532 2836 1603 principio
2878 1542 3030 1587 caret
3059 1539 3113 1584 et
3152 1527 3278 1591 line,
3321 1540 3503 1594 neque

1920 1624 2214 1695 sapientia,
2260 1623 2683 1693 perscrutabilis
2731 1632 2834 1678 est.
3252 1671 3254 1673 ,

1995 1715 2085 1769 61.
2130 1714 2291 1769 Salus
2316 1715 2498 1769 omnis
2534 1724 2803 1769 creaturae
2842 1722 2927 1768 est
2984 1711 3187 1783 Optima
3218 1696 3504 1771 Creatoris

1922 1807 2070 1861 circa
2112 1805 2284 1874 ipsam
2331 1803 2705 1874 providentia.

1990 1898 2079 1951 Οἳ».
2116 1895 2375 1950 Suil’uleit
2412 1894 2679 1949 Dominus
2710 1893 3165 1949 miserationibus
3187 1908 3380 1948 omnes
3411 1908 3504 1948 va-

1886 1968 2196 2053 ~cilltmtcs,
2246 1995 2302 2041 et
2332 1985 2643 2041 eonfractos
2673 2000 2867 2040 omnes
2909 1985 3091 2056 erigit.

1993 2147 2080 2200 63.
2104 2144 2359 2201 Christus
2379 2135 2685 2197 viventium
2712 2147 2769 2194 et
2794 2148 3140 2193 mortuorum
3160 2146 3244 2192 est
3260 2137 3429 2207 judex
3447 2135 3500 2202 δ,

1920 2254 1983 2292 ac
2020 2238 2206 2307 justus
2236 2234 2673 2301 uniuscujusque
2723 2231 2908 2300 operis
2940 2230 3247 2284 retributor
3284 2239 3329 2281 ε.

1990 2329 2079 2381 64.
2119 2327 2397 2394 Imperare
2440 2323 2528 2375 vis
2557 2321 2753 2375 anima.-
2793 2326 2849 2374 et
2879 2319 3132 2389 corpori?
3160 2323 3287 2372 ante
3315 2315 3499 2373 omnia

1919 2418 2274 2474 all‘ectionum
2320 2429 2518 2469 causas
2554 2411 2911 2467 circumcide.
3158 2417 3168 2426 '

1990 2512 2079 2565 65.
2108 2508 2325 2563 Adhibe
2370 2506 2520 2559 vires
2564 2504 2763 2559 animas
2797 2502 2865 2557 ad
2913 2501 3096 2557 studia
3124 2501 3418 2566 virtutum,
3447 2507 3502 2554 et

1919 2604 1988 2658 ab
2026 2602 2174 2656 onmi
2219 2598 2574 2653 affectiouum
2624 2596 2891 2650 violentia
2933 2578 3262 2649 absolveris.

1988 2695 2076 2749 66.
2116 2690 2706 2759 Concupiscentiarnm
2746 2686 2986 2757 impetus
3022 2685 3366 2741 continentia
3410 2698 3502 2737 re-

1917 2788 2153 2850 frenato,
2203 2779 2503 2837 iracundiae
2540 2794 2673 2835 vero
2717 2778 2906 2835 divina
2954 2777 3341 2850 spiritualique
3371 2773 3503 2829 cha-

1919 2881 2107 2933 ritate.

1988 2971 2077 3027 67.
2108 2970 2407 3025 Silentium
2448 2979 2505 3027 et
2545 2980 2740 3039 preces
2781 2962 3020 3017 maxima
3054 2960 3322 3014 virtutum
3350 2971 3502 3012 arma

1919 3072 2081 3127 sunt;
2133 3071 2378 3117 mentem
2427 3059 2575 3115 enim
2621 3054 2785 3112 simul
2820 3053 3145 3124 purilieant,
3190 3065 3256 3104 ac
3297 3044 3507 3118 perspi-

1922 3155 2197 3210 caciorem
2228 3153 2490 3207 reddunt.

1993 3246 2079 3300 68.
2114 3245 2306 3300 Solum
2332 3242 2620 3315 spirituale
2647 3239 2988 3309 colloquium
3011 3234 3239 3306 prodest
3271 3250 3284 3285 :
3321 3238 3376 3285 at
3402 3245 3507 3286 cat-

1918 3338 2058 3392 teris
2110 3335 2370 3389 omnibus
2420 3332 2702 3388 silentium
2744 3327 3150 3400 praeferendum
3188 3331 3292 3379 est.

1988 3428 2075 3481 69.
2126 3427 2207 3479 Ex
2230 3427 2476 3495 quinque
2514 3422 2697 3477 modis
2735 3420 3140 3487 colloquiorum
3175 3424 3290 3469 tres
3329 3413 3502 3484 elige;

1921 3516 1977 3570 in
2012 3523 2210 3585 quarto
2254 3531 2323 3570 ne
2354 3515 2430 3567 sis
2460 3513 2753 3580 frequens;
2802 3524 2833 3562 a
2860 3506 3056 3577 quinto
3094 3519 3325 3575 prorsus
3379 3503 3508 3557 abs-

1921 3606 2055 3660 tine.

1991 3696 2079 3753 79.
2119 3696 2413 3751 Silentium
2440 3699 2609 3758 amat,
2642 3692 2738 3762 qui
2774 3690 2843 3745 ad
2866 3705 2931 3743 ea
2958 3702 3080 3759 quas
3119 3686 3289 3756 hujus
3311 3684 3505 3739 mundi

1921 3798 2070 3851 sunt,
2112 3802 2223 3841 non
2268 3785 2522 3840 allicitur.
2568 3785 2773 3840 Omnes
2810 3790 2997 3836 autem
3050 3777 3307 3835 homines
3335 3783 3504 3840 amat,

1920 3882 2015 3952 qui
2053 3879 2190 3934 nihil
2234 3878 2536 3932 humanum
2587 3875 2645 3930 in
2697 3873 2780 3928 eis
2820 3879 2989 3926 amat.

1992 3974 2079 4027 7i.
2126 3970 2377 4040 Magistra
2404 3983 2571 4023 verax
2605 3963 2950 4021 conscientia
2973 3973 3097 4027 est;
3139 3959 3229 4016 cui
3255 3958 3507 4030 quisquis

1920 4065 2264 4128 auscultarit,
2301 4062 2511 4131 absque
2541 4057 2790 4128 scrupuli
2821 4055 3164 4111 oﬂ‘endiculo
3184 4057 3492 4122 permanet.

1994 4157 2080 4213 72.
2128 4157 2257 4211 Illos
2296 4154 2445 4209 solos
2483 4151 2824 4207 conscientia
2883 4162 2983 4204 sua
3021 4146 3136 4202 non
3166 4144 3370 4215 arguit,
3406 4141 3503 4212 qui

1919 4249 2007 4304 vel
2058 4249 2113 4302 in
2140 4247 2433 4309 virtutum,
2463 4242 2549 4297 vel
2586 4242 2642 4296 in
2686 4242 2951 4297 vitiorum
2996 4236 3277 4308 fastigium
3309 4247 3509 4305 perveo

1922 4345 2150 4392 nerunt.

2002 4430 2091 4484 75.
2134 4428 2360 4484 Summa
2408 4423 2821 4496 impassibilitas
2875 4420 3112 4475 subtiles
3146 4416 3313 4473 edicit
3356 4417 3509 4486 cogi-

1930 4532 2113 4589 tatus;
2163 4519 2418 4577 sublimis
2466 4533 2601 4574 vero
2655 4515 2887 4573 scientia
2927 4513 2997 4568 ad
3029 4508 3374 4583 ignotissima
3408 4509 3509 4564 ad-

1929 4612 2101 4668 ducit.

1995 4703 2079 4757 74.
2112 4698 2372 4755 Mmstitia
2408 4713 2475 4753 ex
2510 4696 2855 4766 voluptatum
2886 4689 3105 4745 defectu
3134 4693 3399 4765 concepta
3429 4685 3513 4738 vi-

1928 4792 2252 4866 tuperabilis
2277 4800 2393 4846 est:
2422 4805 2518 4845 eas
2542 4789 2691 4844 enim
2707 4786 2803 4856 qui
2831 4778 3248 4850 contempserit,
3276 4774 3513 4831 inoﬂ‘en—

1925 4902 2019 4941 sus
2055 4887 2342 4953 permanet
2374 4893 2438 4934 ac
2465 4876 2768 4949 jucundus.

1997 4974 2086 5029 75.
2140 4969 2449 5039 Voluptatis
2496 4966 2776 5036 repressio
2836 4972 2957 5025 est,
3004 4960 3184 5015 omnis
3249 4953 3510 5014 tristitia.
3595 5033 3598 5037 ἢ

1922 5066 2041 5119 sive
2073 5078 2195 5132 qua:
2237 5059 2545 5116 secundum
2588 5058 2763 5112 Deum
2797 5063 2900 5117 eSt,
2932 5053 3050 5107 sive
3080 5065 3209 5121 qua:
3240 5045 3512 5102 mundum

1928 5156 2093 5211 sanit.

2032 5172 2093 5209 ιι.
2541 5178 2547 5183 ι

1994 5172 2089 5298 ι76.
2136 5241 2231 5297 Dei
2263 5253 2520 5312 regnum,
2562 5245 2647 5292 est
2683 5235 2904 5290 bonitas
2932 5246 2996 5285 ac
3030 5228 3335 5299 sapientia;
3373 5236 3511 5294 quas

1927 5335 2021 5408 qui
2076 5342 2293 5395 nactus,
2342 5331 2633 5400 municeps
2669 5339 2754 5384 est
2798 5327 2856 5380 in
2893 5323 3071 5380 caelis.

2001 5428 2088 5481 77.
2126 5426 2221 5480 Ille
2256 5424 2427 5479 miser
2469 5431 2555 5477 est
2612 5422 2800 5484 homo,
2836 5419 2930 5488 qui
2978 5416 3034 5469 in
3084 5408 3348 5483 operibus
3396 5404 3512 5460 suis

1930 5534 2133 5586 corpus
2168 5532 2335 5585 quam
2382 5516 2643 5579 animam,
2700 5523 2755 5567 et
2802 5509 3070 5565 mundum
3117 5518 3281 5576 quam
3336 5500 3510 5554 Deum

1930 5607 2159 5679 majoris
2190 5607 2343 5661 facit.
2621 5602 2626 5606 ”
