3946 6206
437 274 580 350 1435

1670 269 2070 340 THALASSII
2111 266 2427 334 ABBATIS

3556 268 3700 337 H36

507 393 596 447 78.
646 391 926 462 Equalem
960 392 1014 444 in
1045 405 1235 446 omnes
1258 390 1580 446 charitatem
1612 390 1874 458 possidet,
1906 385 1994 458 qui

2173 383 2272 452 οη’.
2321 386 2472 453 Ἰσην
2513 383 2610 452 τὴν
2661 384 2880 451 ἀγάπην
2925 377 3058 453 πρὸς
3104 381 3315 446 πάντας
3361 385 3631 451 κέκτηται
3671 385 3704 436 ὃ

436 477 597 538 bonis
645 498 752 535 non
795 480 1025 543 invidet,
1072 481 1454 551 malorumque
1495 473 1809 536 miseretur.

505 657 592 709 79.
637 655 810 722 Quam
852 671 981 710 vere
1026 657 1262 714 idoneus
1288 668 1345 714 et
1381 661 1534 716 utilis
1580 661 1647 715 ad
1683 661 2006 732 regendum,

433 747 528 814 qui
571 747 681 816 jam
723 755 883 801 antea
931 747 1126 803 anima}
1163 751 1495 820 corporique
1531 767 1631 806 suo
1677 753 1897 808 virtutis
1925 755 2006 810 le-

433 852 528 904 ges
563 837 713 891 tulit!

505 927 594 980 80.
631 928 725 983 Ille
745 929 1046 998 spiritualis
1065 941 1150 986 est
1178 934 1507 1002 negotiator,
1538 936 1634 1005 qui
1659 938 1844 992 suavia
1874 955 2005 1009 pro-

434 1030 706 1086 speraque
760 1019 924 1090 hujus
975 1022 1168 1076 mundi
1220 1032 1449 1094 pr0pter
1503 1025 1690 1081 futura
1733 1045 1800 1083 ex
1849 1045 2007 1100 aequo

435 1109 758 1161 contemnit.

507 1197 593 1251 8|.
641 1200 838 1256 Anima
887 1199 1157 1260 charitate
1199 1215 1258 1261 et
1307 1210 1672 1279 temperantia
1710 1211 2001 1279 ﬁrmatur;

437 1304 590 1343 mens
607 1307 736 1345 vero
755 1295 907 1360 puris
921 1296 1178 1363 precibus
1192 1314 1255 1352 ac
1272 1296 1505 1366 spiritali
1517 1304 2003 1372 contemplatione.

506 1380 595 1433 82.
635 1381 772 1436 Cum
815 1399 1124 1442 sermonem
1187 1387 1378 1446 utilem
1433 1393 1611 1459 audis,
1653 1411 1766 1448 non
1818 1397 2005 1466 judica

431 1469 730 1540 dicentem,
757 1490 825 1529 ne
851 1487 904 1531 te
929 1477 1111 1546 ipsum
1137 1482 1376 1549 pretiosa
1397 1482 1778 1540 admonitione
1799 1487 2000 1556 prives.

502 1643 590 1697 83.
631 1647 909 1704 Iudicium
946 1664 1176 1722 pravum
1205 1656 1345 1713 mala
1373 1658 1596 1730 cogitat,
1627 1671 1683 1717 et
1716 1662 2001 1718 benefacta

2111 475 2219 533 τοῖς
2268 473 2369 542 μὲν
2415 473 2724 534 σπουδαίοις
2772 473 2846 541 μὴ
2891 471 3124 540 φθονῶν,
3175 474 3300 535 τοὺς
3346 472 3403 526 δὲ
3452 475 3702 541 φαύλους

2109 562 2293 615 ἐλεῶν.

2178 653 2274 709 οθ’.
2313 650 2514 726 ’Δρξαι
2562 655 2640 718 ὡς
2681 653 2900 724 ἀληθῶς
2940 655 3148 719 ἐκεῖνος
3211 657 3466 725 ὤφειλεν,
3511 659 3540 710 ὁ
3595 658 3698 710 καὶ

2107 743 2250 817 ψυχῇ
2282 745 2378 798 καὶΙ
2407 746 2618 817 σώματι
2645 748 2715 802 τὰ
2746 749 2848 818 τῆς
2873 750 3080 820 ἀρετῆς
3108 751 3505 820 νομοθετήσας.

2178 929 2252 975 π’.
2294 921 2734 995 Πραγματευτὴς
2758 925 3134 998 πνευματικὸς
3180 930 3386 993 ἐκεῖνος
3420 931 3694 1000 ὑπάρχει,

2107 1016 2136 1067 ὁ
2163 1014 2222 1079 ἐξ
2263 1012 2380 1067 ῐσου
2422 1016 2512 1068 διὰ
2555 1018 2623 1070 τὰ
2655 1017 2919 1086 μέλλοντα
2956 1017 3053 1072 καὶ
3081 1020 3192 1073 τῶν
3225 1021 3398 1091 ἡδέων
3431 1022 3529 1074 τοῦ
3563 1021 3698 1091 βίου

2107 1107 2201 1158 καὶ
2229 1105 2337 1158 τῶν
2379 1107 2683 1176 αὑστειρῶν
2713 1109 3150 1182 ἀποταξάμενος.

2177 1203 2290 1250 na’.
2340 1197 2600 1251 Ῥώννυσι
2627 1199 2805 1268 ψυχὴν
2833 1200 2953 1269 μὲν,
2985 1203 3175 1272 ἀγάπη
3220 1204 3314 1257 καὶ
3343 1203 3656 1273 ἐγκράτεια
3683 1218 3700 1233 ·

2106 1285 2231 1337 νοῦν
2253 1285 2310 1338 δὲ
2338 1288 2614 1357 προσευχὴ
2643 1288 2882 1358 καθαρὰ,
2918 1289 3016 1342 καὶ
3064 1289 3268 1361 θεωρία
3301 1293 3691 1362 πνευματική.

2175 1373 2284 1442 πβ’.
2340 1376 2577 1428 Ἀκούων
2620 1376 2776 1444 λόγον
2820 1378 3118 1448 ὠφέλιμον,
3165 1379 3241 1450 μὴ
3281 1385 3432 1450 κρῖνε
3465 1384 3562 1435 τὸν
3599 1382 3692 1436 λέ-

2102 1482 2285 1532 γοντα,
2342 1466 2427 1519 ἵνα
2479 1468 2554 1540 μὴ
2605 1469 2704 1538 τῆς
2750 1470 3068 1538 ὲπωερελοῦς
3123 1471 3408 1535 νουθεσίας
3477 1474 3685 1526 ἑαυτὸν

2105 1559 2508 1628 ἀποστερήσῃς.

2179 1657 2289 1717 πγ’.
2331 1649 2528 1720 Γνώμη
2552 1653 2765 1723 πονηρὰ
2783 1653 2930 1707 κακὰ
2961 1653 3298 1724 ἐνθυμεῖται,
3325 1657 3419 1708 καὶ.
3451 1658 3523 1710 τὰ
3556 1673 3699 1710 κατ-

431 1737 666 1802 proximi
715 1738 1014 1797 infideliter
1057 1749 1336 1802 narrando
1378 1753 1556 1806 elevat
1601 1769 1665 1808 ac
1705 1755 1994 1810 imminuitv

2142 1741 2398 1812 ρθὼματα
2431 1743 2525 1795 τοῦ
2590 1744 2816 1814 πλησίον
2841 1746 2921 1808 είς
2950 1744 3210 1799 ἐλάττονα
3241 1748 3693 1817 παραγνωρίξει.

501 1824 589 1878 84.
617 1827 697 1882 Ne
723 1831 1028 1888 credideris
1057 1838 1321 1907 cogitatui
1353 1843 1494 1897 mala
1526 1844 1593 1898 de
1630 1847 1879 1914 proximo
1902 1863 1999 1902 co-

429 1914 624 1982 gitanti
657 1935 670 1971 :
707 1935 832 1973 nam
868 1924 962 1992 qui
1001 1927 1205 1983 malum
1257 1929 1574 1988 thesaurum
1613 1929 1815 2002 habet,
1859 1940 2000 1994 mala

426 2005 594 2060 etiam
643 2011 868 2079 cogitat.

499 2095 586 2150 85.
624 2097 834 2154 Bonum
865 2117 963 2156 cor
999 2105 1172 2163 bonas
1214 2111 1578 2180 cogitationes
1606 2118 1782 2171 nutrit
1815 2137 1827 2171 :
1861 2136 2000 2189 qua-

426 2182 533 2237 lem
580 2187 730 2242 enim
764 2191 1082 2249 thesaurum
1120 2198 1305 2266 habet,
1335 2204 1472 2258 tales
1507 2205 1673 2260 etiam
1707 2182 1998 2265 habet'co-

423 2275 737 2343 gitationes.

495 2369 584 2423 86.
616 2369 765 2428 Habe
809 2377 1077 2434 rationem
1113 2383 1511 2452 cogitationum
1565 2399 1804 2455 tuarum,
1837 2393 1997 2446 mali-

424 2462 667 2533 tiamque
698 2466 859 2538 fuge;
934 2487 1005 2527 ne
1044 2473 1280 2531 obscura
1333 2488 1518 2535 mente
1564 2481 1671 2535 alia
1721 2499 1822 2552 pro
1875 2485 1998 2540 aliis

422 2553 629 2610 videas.

497 2645 582 2698 87.
628 2647 848 2706 Iudaeos
891 2661 1020 2709 ante
1061 2657 1254 2712 oculos
1294 2673 1567 2729 propone,
1608 2671 1770 2732 teque
1810 2665 1994 2735 ipsum

422 2733 659 2788 munias.
689 2737 900 2794 Invidia
925 2743 1074 2798 enim
1103 2745 1390 2812 obcaecati,
1421 2749 1714 2806 Dominum
1739 2762 1796 2808 et
1824 2755 1996 2810 Deum

422 2818 764 2882 Beelzebulis
801 2833 1023 2888 nomine
1062 2836 1406 2895 infamabant
1443 2841 1488 2894 τ.

496 2917 582 2970 88.
615 2918 971 2990 Suspiciones
990 2929 1145 2983 mala:
1163 2941 1401 2986 mentem
1419 2934 1730 3003 obfuscant,
1757 2938 1996 2996 faciunt-

420 3021 529 3074 que
575 3018 635 3062 ut
673 3026 739 3066 ea
777 3029 900 3083 quae.
939 3027 1093 3073 extra
1142 3021 1287 3075 viam
1333 3035 1482 3092 sunt,
1523 3027 1818 3085 videantur
1871 3048 1994 3090 esse

421 3110 620 3150 "1‘18.

492 3188 578 3242 89.
614 3191 776 3247 Juxta
813 3209 1006 3252 omnes
1049 3200 1280 3257 virtutes
1310 3208 1621 3263 scaturiunt
1646 3219 1702 3265 et
1747 3212 1993 3279 vitia;et

423 3277 551 3334 inde
597 3290 702 3346 est,
755 3301 928 3354 quare
970 3291 1097 3344 mali
1141 3293 1376 3351 virtutes
1432 3299 1487 3352 in
1528 3303 1726 3358 malam
1777 3317 1991 3375 partem

423 3370 879 3440 interpretantur.

495 3463 584 3517 90.
626 3465 777 3523 Mens
814 3469 858 3523 si
893 3470 948 3524 in
978 3488 1038 3527 re
1080 3474 1265 3545 aliqua
1299 3477 1508 3535 diutius
1539 3484 1624 3538 vel
1649 3486 1720 3540 ob
1735 3487 1988 3554 lectetur,

420 3551 504 3604 vel
553 3565 802 3620 maereat,
853 3561 1036 3614 statim
1069 3563 1126 3616 in
1154 3567 1359 3622 acediae
1401 3586 1562 3639 grave
1598 3575 1798 3629 malum
1823 3576 1988 3632 cadit.

493 3643 581 3696 91.
608 3644 956 3705 Conscientia
979 3669 1116 3720 pura
1144 3657 1379 3712 animam
1404 3663 1631 3726 excitat,
1661 3681 1826 3734 quam
1866 3684 1990 3722 rur-

421 3751 516 3790 sus
571 3739 625 3791 in
662 3749 864 3796 terram
915 3746 1197 3803 immunda
1235 3755 1496 3822 cogitatio
1535 3757 1742 3827 dejicit.

494 3826 583 3880 92.
605 3828 902 3900 Exagitata-
920 3838 1204 3903 passiones
1228 3844 1510 3912 expellunt
1526 3826 1720 3902 vanam
1741 3851 1989 3920 gloriam:

422 3921 479 3967 at
521 3916 567 3969 si
614 3919 816 3986 quieta:
862 3926 1188 3993 consistant,
1235 3945 1356 3985 eam
1415 3951 1606 3992 rursus
1652 3941 1992 4007 postliminio

420 4017 702 4061 revocant.
1881 4090 1884 4093 ι

493 4098 582 4152 95.
624 4099 719 4154 Vis
749 4105 918 4158 semel
946 4106 1016 4160 ab
1063 4111 1323 4167 omnibus
1353 4116 1522 4168 animi
1554 4120 1990 4186 perturbationi-

419 4187 527 4242 bus
572 4189 837 4248 liberari?
862 4198 1191 4256 assuefacito
1219 4212 1270 4258 te
1298 4205 1578 4274 cbaritati,
1618 4213 1912 4268 contentize
1934 4222 1992 4268 et

420 4280 700 4350 precibus.

2177 1831 2281 1886 πᾶ.
2321 1832 2414 1902 Μὴ
2461 1833 2684 1886 πίστευε
2718 1835 2797 1904 τῷ
2840 1834 3090 1904 λογισμῷ
3133 1836 3376 1904 κρίνοντι
3409 1838 3507 1890 τὸν
3551 1839 3698 1907 πλη·

2105 1924 2240 1987 σίον,
2267 1923 2350 1976 ὅτι
2381 1925 2617 1994 πονηρὸν
2663 1925 2802 1995 ἔχων
2831 1925 3127 1998 θησαυρὸν,
3158 1928 3375 1998 πονηρὰ
3400 1930 3500 1982 καὶ
3529 1929 3687 1998 λογί-

2103 2017 2277 2162 ζεῖῑεξί
2332 2108 2536 2180 Ἀγαθὴ
2575 2110 2772 2181 καρδία
2811 2109 3024 2178 ἀγαθὰς
3072 2111 3283 2173 ἑννοίας
3312 2111 3471 2182 φέρει
3497 2129 3513 2143 ·
3543 2113 3686 2182 πρὶς

2103 2196 2210 2268 γὰρ
2230 2199 2324 2252 τὸν
2352 2199 2625 2270 θησαυρὸν
2646 2200 2835 2265 αὐτοῦ,
2875 2203 2968 2254 καί
2989 2201 3057 2254 τὰ
3096 2202 3466 2273 ἐνθυμήματα
3493 2204 3687 2259 αὐτοῦ.

2173 2381 2290 2439 πς’.
2333 2376 2501 2446 Τήρει
2527 2379 2653 2441 τοὺς
2679 2379 2996 2450 λογισμοὺς,
3024 2382 3118 2434 καὶ
3131 2383 3302 2452 φεῦγε
3328 2386 3435 2438 ἀπὸ
3459 2387 3690 2450 κακίαςο

2102 2466 2188 2519 ἵνα
2216 2467 2291 2538 μὴ
2316 2469 2618 2534 σκοτισθεὶς
2639 2473 2667 2524 ὁ
2697 2472 2821 2536 νοῦς
2858 2473 2994 2526 ἄλλα
3024 2475 3141 2527 ἀντ’
3171 2476 3348 2528 ἄλλων
3393 2477 3488 2545 βλέ
3500 2495 3600 2551 πη.

2171 2645 2278 2710 πζ’.
2333 2646 2534 2700 Ἐννόει
2559 2649 2685 2711 τοὺς
2718 2650 3028 2716 Ἰουδαίους,
3061 2652 3157 2706 καὶ
3180 2654 3483 2721 ἀσφαλισαι
3517 2674 3692 2711 σεαυ·

2099 2735 2208 2788 τόν.
2239 2738 2300 2790 Οί
2321 2738 2385 2791 ὲκ
2425 2738 2522 2791 τοῦ
2566 2739 2760 2805 φθόνου
2791 2741 3190 2810 τυφλωθέντες,
3218 2745 3310 2797 τὸν
3343 2747 3556 2817 Κύριον
3587 2748 3688 2801 καὶ

2100 2827 2234 2878 Θεὸν
2257 2829 2338 2889 εἰς
2371 2828 2700 2890 Βεελζεὸοὺλ
2730 2831 3176 2902 παρεγνῴρισαν.

2170 2918 2283 2988 πη’.
2334 2920 2592 2974 ’Υπόνοια
2661 2924 2875 2994 πονηρά
2932 2925 3171 2990 σκοτίζει
3253 2927 3525 2992 διάνοιαν,
3585 2930 3692 2984 καὶ

2101 3013 2264 3075 ποιεῖ,
2300 3010 2368 3064 τὰ
2397 3014 2545 3081 παρὰ
2572 3013 2671 3084 τὴν
2699 3015 2837 3080 ὁδὸν,
2871 3017 2994 3070 ἀντὶ
3019 3021 3118 3088 τῆς
3143 3018 3264 3071 ὀδοῦ
3294 3019 3552 3088 θεωρεῖν.

2172 3199 2279 3253 πθ’.
2321 3202 2450 3265 Ταῖς
2504 3203 2724 3272 ἀρεταῖς
2791 3204 3034 3268 ἁπάσαις
3093 3207 3569 3275 παραπεπήγασιν
3631 3209 3691 3262 αι

2101 3295 2320 3346 κακίαι·
2360 3295 2455 3347 καὶ
2477 3296 2565 3348 διὰ
2595 3296 2755 3348 τοῦτο
2776 3297 2877 3361 τὰς
2903 3298 3106 3367 ἀρετὰς
3138 3299 3188 3350 οἱ
3212 3299 3436 3367 πονηροὶ
3461 3301 3549 3364 είς
3579 3319 3694 3355 κα-

2099 3387 2222 3450 κίας
2256 3387 2753 3456 παραγνωρίζουσι.

2171 3482 2241 3544 ια.
2295 3477 2484 3548 Ἡδονῇ
2526 3478 2559 3548 ἦ
2608 3479 2755 3551 λύπῃ
2796 3479 3126 3550 ὲγχρονῐζων
3182 3482 3212 3534 ὁ
3259 3479 3403 3543 νοῦς,
3450 3480 3533 3550 τῷ
3582 3481 3694 3551 τῆς

2100 3568 2333 3637 ἁκηδίας
2362 3568 2524 3622 πάθει
2551 3569 2782 3638 τάχιστα
2811 3571 3156 3639 περιπίπτει.

2170 3657 2280 3724 L,a.'.
2321 3658 2634 3729 Συνείδησις
2665 3658 2883 3729 καθαρὰ
2907 3661 3165 3732 διεγείρει
3184 3661 3383 3731 ψυχὴν,
3409 3662 3690 3734 λογισμὸς

2097 3750 2154 3803 δὲ
2187 3750 2430 3820 ῥυπαρὸς
2457 3750 2834 3820 καταχθονίζει
2863 3753 3055 3820 αὐτήν.

2169 3842 2274 3912 ιιβν.
2317 3841 2626 3910 Κινούμενα
2652 3843 2720 3894 τὰ
2753 3843 2899 3912 πάθη
2925 3844 3294 3897 ἀπελαύνουσι
3328 3845 3685 3912 κενοδοξίαν·

2099 3932 2467 4007 ἀναιρούμενα
2498 3933 2576 3997 δὲ,
2604 3933 2766 3985 πάλιν
2786 3935 2960 4003 αὐτὴν
2990 3934 3450 4004 ὑποστρέφουσιν.

2169 4123 2278 4185 ια’.
2320 4117 2381 4168 Εἰ
2423 4114 2640 4167 πάντων
2694 4113 2830 4182 ὁμοῦ
2883 4112 2994 4164 τῶν
3056 4113 3244 4166 παθῶν
3293 4115 3688 4183 ἀπαλλαγῆναι

2100 4205 2292 4270 θέλεις,
2318 4202 2644 4273 ἐγκράτειαν
2678 4203 2773 4254 καὶ
2805 4202 3026 4271 ἀγάπην
3058 4203 3150 4255 καὶ
3190 4205 3505 4273 προσευχὴν
3538 4207 3684 4258 ἀνά-

2098 4297 2253 4349 λαὸε.

485 4369 574 4424 94.
613 4372 766 4428 Mens
798 4376 942 4444 apud
975 4378 1148 4434 Deum
1189 4397 1398 4440 moram
1441 4387 1648 4446 faciens
1687 4396 1988 4462 precando,

2167 4389 2270 4457 ῑιδν.
2309 4385 2452 4450 Νοῦς
2479 4386 2567 4440 διὰ
2600 4384 2907 4456 προσευχῆς
2936 4383 3015 4454 τῷ
3048 4383 3168 4454 Θεῷ
3194 4385 3548 4454 ἐγχρονίζων,
3574 4392 3682 4442 καὶ

420 4459 704 4518 aﬂ'ectivas
745 4467 943 4522 animae
986 4471 1134 4526 vires
1174 4489 1204 4527 a
1261 4477 1613 4544 passionibus
1657 4483 1874 4541 liberat.

493 4552 580 4605 95.
617 4554 772 4608 Sicut
816 4557 962 4612 Deus
1001 4562 1259 4618 omnibus
1289 4582 1412 4635 qum
1457 4581 1608 4635 sunt,
1657 4574 1812 4630 dedit
1843 4594 1986 4647 esse,

421 4639 500 4694 ita
541 4650 598 4696 et
627 4646 814 4700 omnia
847 4650 1193 4717 providentia
1239 4670 1339 4710 sua
1379 4659 1543 4714 simul
1584 4665 1880 4735 colligavit.

493 4735 584 4790 96.
621 4736 689 4790 Et
722 4754 846 4794 cum
890 4753 1038 4797 esset
1071 4745 1355 4813 Dominus,
1402 4749 1579 4806 factus
1608 4769 1799 4812 servus
1833 4775 1986 4816 sum-

421 4844 566 4882 mam
593 4845 722 4901 erga
754 4844 1039 4892 creaturas
1068 4840 1470 4908 providentiam
1502 4845 1801 4903 declaravit
1833 4854 1879 4906 ⁸.

491 4925 580 4979 97.
614 4925 766 4981 Deus
795 4935 852 4981 et
876 4929 1116 4985 Verbum
1149 4933 1359 5004 absque
1397 4937 1483 4990 sui
1515 4943 1877 4999 conversione
1907 4945 1990 4999 in-

421 5027 700 5083 carnatus,
737 5016 887 5074 omni
932 5031 1198 5080 creatura:
1228 5041 1326 5094 per
1358 5042 1582 5083 carnem
1617 5032 1806 5088 unitus
1845 5046 1948 5091 est.

493 5111 580 5166 98.
612 5113 816 5166 Rarum
851 5113 1175 5169 miraculum
1219 5118 1276 5171 in
1314 5120 1454 5173 coelo
1490 5130 1546 5176 et
1577 5122 1631 5177 in
1667 5133 1833 5189 terra,
1857 5129 1986 5196 quia

422 5202 568 5257 Deus
597 5218 764 5272 super
781 5188 1014 5270 terram,
1061 5216 1118 5262 et
1150 5209 1316 5263 homo
1355 5211 1412 5264 in
1441 5213 1624 5278 caelis;
1656 5224 1717 5268 ut
1740 5217 1992 5275 homines

425 5295 634 5365 angelis
667 5297 1095 5364 associarentur,
1139 5309 1193 5355 et
1227 5302 1377 5356 omni
1423 5314 1689 5361 creatum
1735 5308 1994 5367 divinitas

425 5385 785 5443 tribueretur.

505 5526 684 5581 tLuc.
714 5543 788 5584 xl.
837 5528 918 5582 l3.
998 5532 1022 5569 ε
1049 5530 1284 5602 Philipp.
1328 5549 1382 5598 ιι,
1414 5532 1465 5585 7.

511 5672 540 5702 ι
568 5662 694 5716 Κάν
727 5663 885 5720 Forte

2086 4489 2148 4543 τὸ
2186 4481 2485 4550 παθητικὸν
2508 4478 2610 4546 τῆς
2641 4475 2819 4545 ψυχῆς
2846 4475 2955 4527 τῶν
2978 4475 3168 4528 παθῶν
3198 4478 3561 4532 ἀπαλλάττει.

2159 4583 2260 4631 Ls'.
2310 4574 2369 4625 '0
2397 4570 2529 4631 Θεὸς
2559 4568 2620 4620 τὸ
2658 4561 2797 4618 εἶναι
2843 4566 2956 4628 τοῖς
3007 4564 3128 4618 οὖσι
3166 4565 3434 4628 δεδωκὼς,
3476 4571 3571 4620 καὶ
3612 4573 3685 4639 τῇ

2182 4627 2196 4644 ὑ

2088 4666 2314 4738 προνοίᾳ
2340 4661 2505 4716 αὐτοῦ
2545 4661 2662 4730 ἅμα
2681 4660 2750 4712 τὰ
2778 4659 2955 4712 πάντα
2978 4659 3301 4727 συνέδησεν.

2156 4757 2269 4826 ἵης’.
2311 4756 2584 4822 Δεσπότης
2613 4752 2670 4804 δὲ
2703 4750 2984 4820 ὑπάρχων,
3010 4751 3102 4802 καὶ
3123 4749 3309 4811 δοῦλος
3351 4751 3682 4818 γενόμενος,

2091 4852 2152 4904 τὸ
2176 4851 2342 4919 ἄκρον
2374 4847 2473 4916 τῆς
2503 4842 2759 4916 προνοίας
2788 4844 2854 4912 τῇ
2887 4842 3062 4894 κτίσει
3087 4841 3371 4910 ἐξέφηνεν.

2164 4935 2267 5009 QQ,
2318 4941 2377 4992 '0
2402 4937 2534 4998 Θεὸς
2557 4934 2650 4988 καὶ
2665 4933 2836 5001 Λόγος
2860 4932 3141 5002 ἀτρέπτων
3168 4933 3489 5002 σαρκωθεξ,
3519 4936 3682 5007 πασῃ

2092 5036 2158 5104 τῇ
2190 5032 2364 5085 κτίσει
2391 5028 2480 5082 διὰ
2507 5026 2608 5095 τῆς
2642 5024 2843 5094 σαρκὸς
2870 5022 3074 5094 ήνῶθη.

2164 5121 2270 5194 ιη’.
2311 5120 2472 5173 Ξένον
2494 5117 2676 5186 θαῦμα
2705 5117 2762 5167 ἐν
2793 5114 3007 5184 οὐρανῷ
3027 5114 3121 5165 καὶ
3144 5114 3234 5166 ἐπὶ
3263 5113 3389 5182 γῆς,
3427 5113 3510 5166 ὅτι
3536 5115 3680 5179 Θεδς

2099 5218 2191 5271 ἐπὶ
2230 5217 2354 5283 γῆς,
2406 5212 2506 5264 κᾶν
2531 5222 2557 5250 ι
2583 5208 2865 5279 ἅνθρωπος
2916 5207 2975 5258 ὲν
3025 5205 3430 5289 οὕρανοῖςχῖνα
3454 5205 3678 5275 ἀνθρώ-

2100 5326 2233 5371 mu;
2282 5304 2537 5373 ἀγγέλοις
2580 5300 2841 5370 συνάψας,
2895 5299 3014 5369 ἅμα
3061 5297 3210 5370 πάσῃ
3238 5299 3305 5368 τῇ
3344 5298 3524 5352 κτίσει
3570 5297 3679 5371 τὴν

2101 5401 2293 5454 θέωσιν
2319 5397 2634 5468 χαρίσηται.
