3946 6206
107 431 114 438 δ
185 317 338 386 143⁸1
550 359 555 364 -
669 327 671 329 ’
1630 330 1847 400 (ΖΕΝΤΙ

1919 339 2016 398 us
2057 331 2136 399 ιι.
2548 317 2552 320 ⁷
3332 337 3466 403 1438

265 433 382 500 ιιθκ
443 434 747 514 Ἀγιασμδς
792 450 883 502 καὶ
931 450 1126 513 Θέωσις
1173 451 1421 519 ἀγγέλων
1447 455 1541 508 καὶ
1575 456 1788 526 ἀνθρώ·
1818 465 1847 517 Α

1961 449 2048 502 99.
2093 447 2224 500 Tam
2265 446 2585 516 angelorum
2620 462 2782 516 quam
2822 439 3112 501 hominum
3151 448 3463 503 sanctiﬁca-

1894 538 1969 590 tio
2015 549 2069 590 et
2114 536 2426 600 deiﬁcatio,
2480 546 2564 590 cst
2613 546 2817 593 sanctae
2867 539 3466 610 consubstantialisque

1897 627 2188 681 Trinitatis
2217 629 2480 697 cognitio.

269 708 344 770 ρ’.
391 705 758 778 Συγχὼρησις
809 713 1114 782 ἁμαρτιῶν,
1165 713 1354 767 παθῶν
1393 715 1543 768 ἐστιν
1585 716 1799 770 ἐλευθε-

1975 718 2094 771 100.
2123 719 2480 774 Peccatorum
2506 719 2758 774 remissio
2777 719 3090 776 libertatem
3117 720 3186 775 ab
3217 719 3468 776 ail‘ectio-

192 793 320 862 ρία,
357 789 442 849 ὧν
478 798 506 849 ὁ
541 801 708 869 μήπω
755 802 1088 872 ἀπαλλαγεὶς
1131 805 1338 876 χάριτι,
1371 807 1472 877 τῆς
1505 809 1798 878 συγχωρή-

1919 808 2063 862 tibus
2093 817 2315 878 praestat
2350 828 2364 864 :
2400 827 2564 880 quam
2599 812 2694 880 qui
2725 811 2972 866 nondum
3001 827 3100 881 per
3121 811 3349 887 gratiam
3383 826 3468 867 as-

193 897 351 949 σεως
377 887 540 942 οὑπω
561 890 768 960 ἔτυχεν.

1919 907 2124 954 ιοουῐυε
2170 910 2275 963 est,
2312 902 2382 957 ab
2407 917 2474 958 eo
2507 904 2674 958 etiam
2711 913 2934 974 peccata
2974 904 3219 959 nondum
3253 905 3465 959 disces-

1900 996 2112 1041 serunt.

184 540 340 590 πων,
379 531 416 600 ὴ
464 532 671 600 ⁴γνῶσις
703 537 803 608 τῆς
828 541 991 608 ἁγίας
1020 543 1114 595 καὶ
1147 544 1430 611 ὀμοουσίου
1455 546 1706 615 Τριάδος.

209 1157 421 1178 ’.συ-

448 1169 1953 1198 ΜΨ

2790 1189 3442 1208 _——————————-——

1417 1327 2075 1426 ΕΚΑΤΟΝΤΑΣ
2151 1341 2258 1437 B'.

1523 1503 1632 1572 Ἷῐς
1664 1513 1697 1583 ἠ
1729 1513 2038 1584 ἀκροστιχ“ις
2066 1515 2160 1584 ἥδε

556 1650 742 1724 Εὖξαι
768 1659 918 1728 ὑπὲρ
949 1661 1113 1731 ἐμοῦ,
1150 1661 1376 1732 ἀδελφέ
1401 1664 1719 1732 τιμιώτατε,
1754 1669 1843 1722 ὅτι
1863 1669 2097 1738 μεγάλα
2137 1674 2292 1726 κακὰ
2313 1671 2633 1740 προσδοκῶ
2660 1672 2800 1736 ἄξια
2827 1672 2940 1743 τῆς
2965 1670 3116 1742 ἐμῆς

983 1755 1403 1824 προαιρέσεως,
1438 1760 1638 1826 ,λύπας
1662 1761 1732 1829 τῇ
1756 1761 1948 1831 ψυχῇ,
1981 1763 2078 1816 καὶ
2107 1763 2330 1830 ὀδύνας
2354 1764 2434 1830 τῷ
2461 1765 2707 1834 σώματι.

1431 2065 2038 2157 CENTURIA
2126 2071 2258 2188 ll,

1057 2256 1228 2330 Cujus
1254 2274 1512 2313 versuum
1545 2261 1732 2329 prima:
1777 2261 1974 2316 littera:
2002 2261 2102 2315 bas
2130 2276 2294 2316 voces
2331 2260 2632 2318 exhibent;

589 2399 717 2468 Ora
748 2423 869 2486 pro
920 2427 1034 2480 me,
1077 2411 1282 2489 frater
1321 2410 1716 2486 dignissime;
1757 2413 1919 2472 mala
1967 2414 2125 2474 enim
2165 2422 2451 2490 exspecto
2489 2411 2758 2492 grandia
2799 2419 2856 2473 et
2895 2409 3087 2490 digna

818 2509 969 2570 meis
1011 2508 1264 2584 studiis,
1318 2511 1618 2572 tristitia:
1657 2512 1896 2589 scilicet
1935 2511 2132 2573 animi
2170 2524 2223 2572 et
2263 2510 2511 2572 dolores
2551 2511 2864 2588 corporis.

1823 2681 1895 2698 ...ἡ

282 2800 358 2856 α’.
405 2801 640 2865 Ἐθέλεις
668 2801 758 2870 ὑφ’
797 2798 854 2855 ἓν
883 2801 991 2855 τῶν
1024 2801 1230 2858 κακιῶν
1258 2804 1644 2876 ἀπαλλαγῆναι
1669 2824 1683 2872 ;
1711 2803 1778 2877 τῇ
1823 2810 1847 2864 Ϊ

1962 2804 2013 2856 1.
2050 2803 2141 2857 Vis
2187 2803 2356 2858 semel
2387 2817 2417 2856 a
2465 2801 2622 2856 malis
2667 2801 2924 2856 omnibus
2970 2800 3193 2856 liberari
3233 2801 3256 2855 ἲ
3294 2799 3459 2858 matri

211 2897 396 2968 μητρὶ
423 2895 534 2947 τῶν
559 2892 748 2946 κακῶν
775 2896 842 2964 τῇ
877 2894 1136 2967 φιλαυτία
1170 2895 1462 2960 ἁπόταξαι.

1919 2896 2188 2960 nalorum,
2221 2895 2393 2972 amori
2428 2894 2505 2948 tui
2546 2894 2719 2963 ipsius
2755 2893 3034 2948 renuntia.

282 2987 360 3057 β’.
405 2984 596 3053 ’Υγεία
643 2984 844 3054 ψυχῆς,
873 2985 1112 3040 ἀπάθεια
1141 2988 1234 3040 καὶ
1264 2987 1489 3056 γνῶσις,
1516 2981 1585 3060 ἦς
1611 2989 1793 3056 τυχεῖν

1961 2988 2018 3041 2.
2041 2986 2251 3041 Animze
2309 2986 2514 3040 sanitas
2540 2993 2625 3038 est
2654 2983 3071 3052 impassibilitas
3103 2994 3159 3039 et
3199 2987 3459 3054 scientia,

195 3079 502 3148 ἀμήχανον
535 3076 626 3129 τὸν
647 3075 858 3147 ἡδοναῖς
883 3076 1224 3133 δουλεύοντα.

1919 3094 2055 3149 [uam
2083 3094 2245 3133 nemo
2270 3077 2646 3146 voluptatibus
2669 3074 2914 3129 serviens
2943 3077 3158 3146 assequi
3185 3088 3384 3146 potest.

269 3167 362 3237 γ’.
398 3165 658 3238 Ξηραίνει
703 3167 802 3230 τὰς
845 3168 1040 3238 ἡδονὰς
1068 3169 1169 3231 τὰς
1217 3166 1536 3238 σωματικάς
1565 3183 1660 3230 τε,
1697 3166 1794 3219 καὶ

1960 3163 2014 3221 3.
2044 3167 2387 3222 Abstinentia
2437 3181 2561 3220 cum
2595 3165 2880 3234 patientia,
2943 3173 3000 3218 et
3043 3165 3283 3222 charitas
3332 3184 3458 3224 cum

193 3259 457 3330 ψυχικὰς
490 3260 786 3330 ἐγκράτεια
841 3259 960 3329 μεθ’
989 3256 1286 3329 ὑπομονῆς,
1310 3259 1407 3312 καὶ
1435 3257 1622 3328 ἀγάπη
1654 3256 1792 3328 μετὰ

1919 3257 2328 3328 onganimitate,
2356 3265 2466 3310 tam
2491 3270 2789 3325 corporeas
2814 3269 2977 3324 quam
3006 3255 3272 3312 animales
3301 3257 3461 3312 volu-

200 3349 632 3422 μακροθυμίας.
698 3403 702 3408 ,
995 3394 999 3396 .

1919 3359 2070 3404 »ιοιθε
2103 3350 2401 3403 exsiccant.

269 3442 352 3496 δ’.
393 3438 562 3510 Ἀρχὴ
614 3439 804 3492 κακῶν
851 3441 918 3508 τῇ
969 3439 1115 3509 ψυχῇ
1147 3441 1179 3507 ή
1213 3438 1468 3508 φιλαυτία
1519 3439 1742 3507 γέγονεν
1773 3457 1787 3470 ·

1961 3441 2016 3492 4.
2046 3439 2384 3506 Principium
2436 3437 2702 3490 malorum
2754 3438 2968 3498 animm,
3008 3437 3112 3492 fuit
3167 3453 3321 3492 amor
3375 3439 3461 3492 sui

201 3531 482 3602 φιλαυτία
509 3529 565 3581 δέ
599 3531 747 3582 ἐστιν
769 3527 804 3599 ὴ
832 3528 924 3582 τοῦ
961 3529 1212 3599 σώματος
1243 3529 1415 3595 φιλία.

1919 3529 2100 3598 psius;
2151 3543 2304 3581 amor
2344 3535 2527 3581 autem
2583 3527 2667 3580 sui
2728 3527 2934 3596 ipsius,
2982 3541 3136 3582 amor
3197 3537 3283 3583 est
3336 3545 3459 3602 (τοι-τ

1932 3634 2068 3673 01⁵18.

1932 3635 2068 3673 Ol'lS.

1893 3635 1928 3689 Ρ
1962 3707 2014 3760 5.
2041 3704 2329 3774 Proprium
2375 3709 2461 3758 est
2490 3701 2808 3766 rationalis,
2837 3710 2899 3755 ut
2934 3701 3132 3756 rationi
3169 3697 3459 3769 subdatur,

1892 3797 2322 3866 castigatumque
2348 3810 2553 3864 corpus
2579 3794 2632 3847 in
2670 3793 2997 3847 servitutem
3046 3793 3276 3863 redigat.

1964 3887 2250 3956 6.1njuria
2301 3886 2361 3940 ﬁt
2393 3884 2648 3938 rationali
2715 3884 2954 3937 hominis
2999 3884 3165 3953 parti,
3208 3885 3250 3938 si
3283 3885 3458 3956 subjia

1891 3980 2066 4034 ciatur
2090 3979 2266 4031 bruta:
2294 3976 2450 4030 alteri
2490 3979 2548 4029 et
2575 3973 2810 4028 rationis
2833 3975 3069 4042 experti,
3103 3975 3455 4043 prudentiam

1892 4086 2044 4127 suam
2071 4067 2398 4124 insumendo
2433 4066 2502 4121 ad
2531 4065 2802 4135 explenda
2844 4065 3024 4134 turpia
3056 4065 3329 4120 desideria

287 4161 354 4226 ζ’.
390 4163 630 4233 Πονηρὸν
655 4162 817 4232 ἔργον
851 4161 1032 4232 ψυχῆς
1065 4155 1311 4230 λογικῆς,
1344 4159 1783 4230 καταλιμπάνειν
1813 4133 1847 4194 c

1960 4165 2012 4216 7.
2053 4162 2252 4215 Malum
2279 4158 2564 4213 rationalis
2588 4133 2784 4210 animm
2821 4133 2984 4225 opus,
3021 4167 3108 4211 est
3159 4157 3452 4226 reliquisse

211 4251 306 4305 τὸν
324 4253 622 4315 κτίσαντα,
654 4255 749 4308 καὶ
777 4253 1066 4324 λατρεύειν
1092 4244 1169 4322 τῷ
1196 4250 1429 4322 σώματι.

1919 4252 2262 4316 Ionditorem,
2286 4260 2342 4305 et
2371 4249 2580 4304 servire
2615 4247 2853 4316 corpori.

285 4349 357 4411 η’.
403 4343 762 4412 Ἐκελεὺσθης
788 4343 850 4396 τὸ
873 4343 1030 4411 σῶμα
1063 4338 1342 4412 ὑπηρέτην
1376 4341 1542 4412 ἔχειν,
1577 4337 1638 4394 οὑ
1677 4339 1782 4411 μὴν

1956 4345 2007 4398 8.
2042 4345 2236 4399 Jussus
2262 4357 2322 4396 es
2356 4354 2556 4409 corpus
2587 4337 2823 4390 ministri
2852 4336 2974 4390 loco
3006 4335 3233 4401 habere,
3263 4346 3319 4392 et
3340 4350 3452 4393 non

210 4427 271 4480 δὲ
303 4433 424 4493 ταῖς
454 4430 668 4499 ἡδοναῖς
689 4431 854 4485 αὑτοῦ
883 4431 1037 4503 παρὰ
1059 4431 1221 4502 φύσιν
1255 4431 1546 4486 δουλεύειν.

1927 4436 2118 4491 tillius
2149 4436 2333 4506 (supra
2357 4446 2520 4501 quam
2553 4429 2722 4500 exigit
2762 4427 2982 4495 natura)
3042 4429 3252 4482 servias
3294 4427 3451 4498 cupi-

1885 4532 2176 4588 ditatibus.

277 3713 352 3759 ε’.
387 3705 552 3758 Ἴδιον
579 3702 675 3756 τοῦ
699 3702 922 3771 λογικοῦ
947 3703 1008 3756 τὸ
1030 3704 1370 3775 ὑποταγῆναι
1393 3705 1469 3776 τῷ
1496 3707 1660 3777 λόγῳ,
1695 3707 1790 3760 καὶ

205 3797 270 3850 τὸ
299 3793 626 3857 ὑποπιάσαι,
657 3792 752 3845 καὶ
780 3791 1198 3861 δουλαγωγῆσαι
1225 3794 1284 3847 τὸ
1320 3794 1502 3864 σῶμα.

290 3893 367 3950 ς’.
397 3883 594 3956 ’Ὕϐρις
624 3883 701 3953 τῷ
730 3881 935 3952 λογικῷ
965 3883 1304 3951 ὑποταγῆναι
1350 3886 1428 3956 τῷ
1467 3887 1666 3956 ἀλόγῳ,
1697 3885 1790 3939 καὶ

215 3977 480 4049 πρόνοιαν
509 3969 672 4029 αὑτοῦ
708 3974 977 4029 ποιεῖσθαι
1007 3976 1088 4038 είς
1110 3976 1406 4047 ἐπιθυμίας
1427 3979 1678 4048 αἰσχράς.

285 4592 350 4657 6⁵.
395 4597 586 4672 Ῥῆξον
630 4603 699 4657 τὰ
749 4603 925 4676 δεσμὰ
962 4607 1062 4678 τῆς
1105 4609 1242 4678 πρὸς
1269 4609 1328 4661 τὸ
1365 4607 1524 4680 σῶμα
1561 4609 1780 4679 φιλίας,

207 4699 309 4751 καὶ
376 4697 542 4768 μηδὲν
601 4698 889 4769 παράσχῃς
940 4700 1020 4771 τῷ
1071 4701 1262 4773 δούλῳ,
1307 4702 1336 4755 ὃ
1389 4719 1440 4755 τι
1503 4702 1577 4773 μὴ
1633 4703 1782 4756 πᾶσα

206 4789 277 4840 ἀν
283 4791 426 4856 ἀγκη
435 4827 448 4840 .

283 4885 336 4930 ι’.
370 4877 690 4947 Ἐγκλεισον
736 4877 836 4942 τὰς
883 4875 1144 4949 ἀσθὴσεις
1174 4883 1231 4933 ὲν
1290 4880 1369 4947 τῷ
1404 4882 1648 4953 φρουρίῳ
1679 4882 1778 4952 τῆς

205 4959 462 5032 ἡσυχίας,
493 4963 581 5016 ίνα
627 4964 703 5036 μὴ
731 4964 824 5018 τὸν
867 4956 992 5018 νοῢν
1025 4967 1372 5038 περισπῶσιν
1404 4970 1484 5033 είς
1516 4971 1612 5034 τὰς
1643 4969 1778 5035 ίδίας

207 5050 525 5122 ἐπιθυμίας.

284 5141 370 5196 ια’.
403 5145 651 5211 Μέγιστα
679 5145 820 5200 ὅπλα
870 5146 963 5201 τοῦ
1007 5147 1122 5218 μεθ’
1150 5149 1429 5220 ὑπομονῆς
1479 5151 1778 5220 ἡσυχάζον·

206 5242 320 5296 τος,
353 5235 649 5306 ἐγκράτεια
692 5238 788 5292 καὶ
824 5239 1016 5308 ἀγάπη
1068 5237 1163 5292 καὶ
1213 5242 1490 5313 προσευχὴ
1518 5245 1614 5296 καὶ
1651 5244 1779 5296 ἀνά-

206 5337 427 5391 γνωσις.

279 5413 366 5493 ιβ’.
397 5417 472 5469 Οὑ
533 5417 766 5472 παύεται
807 5415 844 5471 ’ὃ
899 5421 1026 5484 νοῦς
1081 5422 1210 5493 περ)⁸
1279 5423 1378 5486 τὰς
1429 5425 1621 5492 ἡδονάς
1678 5443 1772 5478 κυ-

209 5503 438 5570 κλεὺων,
490 5506 648 5578 ἄχρις
674 5505 735 5564 οὗ
767 5511 864 5581 τὴν
904 5512 1081 5583 σάρκα
1112 5513 1534 5586 δουλαγωγήσας
1572 5517 1773 5588 θεωρία

211 5595 546 5664 σχολάζεται.

186 5684 203 5761 “”
283 5692 370 5753 ιγ’.
417 5687 587 5758 ’Υπὲρ
613 5690 719 5744 τῶν
750 5691 978 5746 ἐντολῶν
1010 5693 1426 5765 ἀγωνιζώμεθα,
1459 5698 1545 5751 ἵνα
1582 5699 1768 5753 παθῶν

1951 4623 2004 4677 9.
2029 4619 2296 4675 Amicitiae
2321 4632 2451 4688 erga
2489 4627 2692 4685 corpus
2717 4613 2936 4668 vincula
2993 4621 3341 4683 rumpantur,
3393 4620 3450 4668 et

1883 4729 1994 4767 non
2039 4709 2320 4780 indulgeas
2343 4721 2524 4771 servo,
2576 4703 2684 4758 nisi
2719 4702 2868 4773 quod
2911 4703 3091 4757 omnis
3146 4703 3450 4758 necessitas

1883 4803 2135 4860 requirit.

1986 4822 2135 4857 1111³11..
3307 4833 3309 4836 ι

1947 4822 2281 4944 20.1nclude
2315 4899 2514 4940 sensus
2542 4883 2684 4938 intra
2729 4881 2932 4951 quietis
2960 4883 3345 4948 munitionem,
3376 4896 3445 4937 nc

1881 4981 1936 5035 in
1971 4995 2067 5035 sua
2097 4977 2374 5034 desideria
2399 4983 2643 5030 mentem
2672 4973 3004 5027 distrahant.

1949 5154 2006 5208 Η
2023 5195 2036 5208 .
2062 5154 2133 5210 Ut
2163 5154 2259 5209 tibi
2277 5154 2433 5224 quies
2449 5164 2504 5210 et
2521 5155 2781 5225 patientia
2814 5156 3156 5225 contingant,
3177 5158 3233 5211 in
3251 5171 3436 5223 prom-

1877 5253 1975 5314 ptu
2016 5245 2116 5299 tibi
2145 5245 2255 5298 sint
2299 5246 2695 5314 temperantiae,
2742 5246 3053 5312 charitatis,
3112 5261 3338 5316 precum
3387 5253 3446 5301 et

1875 5335 2132 5390 lectionis
2161 5351 2332 5402 arma,
2364 5351 2495 5390 sane
2519 5338 2690 5391 multo
2719 5338 3004 5393 ﬁdissima.

1948 5427 2037 5480 12.
2063 5426 2234 5492 Mens,
2266 5427 2608 5495 voluptatum
2641 5430 2785 5484 escis
2835 5445 2972 5498 quas
3007 5429 3196 5492 ambit,
3233 5428 3441 5482 inhiare

1881 5533 1988 5570 non
2023 5525 2220 5581 cessat,
2271 5517 2449 5572 donec
2480 5533 2710 5589 corpore
2767 5522 2819 5576 in
2850 5522 3172 5576 servitutem
3219 5520 3443 5576 redacto

1879 5607 2326 5677 (-mttcmplationi
2351 5619 2530 5666 vacet.

1951 5700 2034 5754 15.
2068 5699 2123 5752 1η
2163 5701 2454 5770 ριίυςρριίς
2492 5704 2776 5759 servandis
2827 5685 3352 5764 dcsudanduufcst,
3387 5708 3450 5756 ut
