3946 6206
480 290 622 358 M39

1713 292 2113 357 THALASSII
2152 298 2470 365 ABBATIS

3596 301 3737 367 H40

475 402 547 458 ab
577 400 747 456 animi
790 401 1178 459 atl‘ectionibus
1230 403 1560 471 liberemur;
1608 406 1663 460 in
1710 407 1914 463 divinis
1940 423 2042 461 au-

2187 410 2656 484 λευθερΙωθ]ὦμεν
2681 429 2694 442 ·
2732 411 2870 484 ὑπὲρ
2893 409 2949 465 δὲ
2985 409 3094 465 τῶν
3121 402 3281 463 θείων
3300 408 3615 480 δογμάτων,
3650 410 3739 464 ἵνα
3796 430 3813 443 ’

476 503 590 549 tem
618 494 910 565 dogmatis,
938 504 1000 550 ut
1026 496 1318 552 scientiam
1353 496 1517 568 digne
1568 514 1901 553 mereamur.

549 582 635 635 Μ.
668 582 727 635 In
761 582 1198 652 impassibilitate
1221 593 1277 639 et
1305 586 1616 655 cognitione
1642 588 1897 641 consistit
1922 586 2043 640 ani-

476 686 580 725 ma:
608 674 998 742 tranquillitas,
1022 691 1185 745 quam
1216 676 1559 747 voluptatum
1588 678 1878 747 mancipiis
1911 691 2044 732 con-

413 786 418 791 -
477 761 688 831 tingere
712 772 799 818 est
824 764 1186 834 impossibile.

550 852 721 907 15.111
757 856 1077 910 servitutem
1102 872 1233 927 coge
1288 873 1490 929 corpus
1524 858 1903 927 voluptatibus
1933 859 2044 914 cir-

478 944 871 1013 cumscriptis,
915 956 973 1001 et
1032 947 1296 1002 liberabis
1344 958 1584 1004 mentem
1633 963 1663 1003 a
1713 950 1868 1019 gravi
1925 966 2045 1005 ser-

476 1031 675 1086 vitute.

550 1123 636 1177 16.
669 1123 837 1181 Liber
870 1126 1129 1183 conditus
1157 1145 1236 1193 es,
1262 1138 1317 1183 et
1356 1130 1412 1184 in
1458 1130 1766 1185 libertatem
1805 1134 2047 1187 accersi-

484 1219 619 1265 tus:
688 1215 871 1284 pigeat
938 1218 1109 1288 igitur
1177 1219 1410 1290 impuris
1479 1222 1856 1291 voluptatibus
1928 1239 2047 1278 scr-

479 1303 619 1357 vire.

552 1393 640 1448 17.
677 1395 968 1453 Doloribus
996 1407 1053 1453 et
1082 1401 1475 1469 voluptatibus,
1497 1404 1965 1473 concupiscentiis
1984 1420 2048 1460 ae

480 1482 778 1546 timoribus
799 1474 1124 1544 devinciunt
1150 1490 1429 1547 daemones
1457 1503 1695 1548 mentem
1729 1510 1926 1550 eorum
1952 1498 2047 1568 qui

482 1578 741 1634 sensibus
762 1582 1033 1636 serviunt.

554 1669 640 1723 18.
693 1670 882 1725 Timor
935 1674 1153 1729 Domini
1215 1675 1511 1733 desideriis
1582 1679 1934 1746 dominatur,
1990 1691 2048 1737 et

483 1761 709 1816 tristitia
764 1780 886 1833 qua:
935 1766 1239 1821 secundum
1296 1769 1490 1834 Deum,
1560 1771 2045 1840 concupiscentias

479 1854 718 1921 repellit.

552 1939 639 1993 £9.
675 1941 1019 2005 Desidcnum
1054 1943 1338 2014 sapientiae
1371 1948 1623 2003 timorem
1656 1951 1923 2019 despicit;
1951 1967 2051 2007 cu-

478 2027 683 2095 piditas
735 2041 918 2086 autem
945 2034 1190 2103 scientia:
1235 2037 1550 2107 voluptates
1614 2041 1832 2109 repellit
1863 2050 1919 2097 et
1951 2044 2051 2099 tri-

475 2116 710 2170 stitiam.

548 2205 638 2260 20.
671 2206 918 2273 Quatuor
936 2220 1116 2265 autem
1145 2214 1198 2268 in
1228 2214 1528 2286 Scripturis
1550 2218 1843 2276 traduntur
1865 2221 2048 2277 :Man-

476 2293 626 2359 data,
660 2296 883 2365 placita,
916 2300 1080 2357 minae
1100 2310 1156 2357 et
1182 2306 1667 2374 repromissiones.

545 2471 636 2528 2i.
668 2472 1158 2547 Concupiscentias
1181 2483 1384 2540 sistunt
1411 2485 1750 2545 abstinentia
1774 2499 1834 2545 et
1860 2490 2037 2560 labor;

476 2560 735 2635 minuunt
760 2574 946 2620 autem
975 2570 1134 2638 quies
1157 2583 1212 2628 et
1236 2574 1459 2631 divinus
1492 2593 1667 2634 amor.

550 2653 640 2707 22.
705 2656 959 2724 Cavesis,
1004 2678 1075 2716 ne
1110 2664 1365 2732 ,fratrem
1441 2670 1626 2725 verbis
1686 2676 2048 2746 aenigmaticis

476 2740 797 2814 impugnes;
822 2763 999 2817 neque
1019 2750 1168 2805 enim
1218 2763 1277 2809 tu
1306 2754 1502 2821 ferres,
1545 2759 1593 2813 si
1650 2761 1731 2817 sic
1757 2765 1985 2821 audires
2011 2783 2041 2821 c

474 2831 718 2888 diverso.

543 2925 635 2978 25.
668 2926 807 2980 iram
834 2928 1441 3003 sistuntlonganimitas
1468 2949 1524 2993 et
1547 2939 1881 3012 injuriarum
1908 2948 2050 3003 obli-

474 3014 590 3079 vio,
617 3018 877 3074 minuunt
900 3022 1143 3078 Charitas
1168 3036 1223 3079 et
1249 3031 1578 3097 compassio.

547 3108 637 3163 2i.
663 3110 763 3166 Cui
793 3114 1021 3168 scientia
1052 3116 1179 3171 data
1205 3126 1311 3184 est,
1336 3120 1524 3176 datum
1559 3132 1646 3179 est
1692 3130 1929 3184 mentale
1956 3132 2033 3186 lu-

478 3214 641 3254 men:
692 3204 842 3271 quod
870 3204 914 3257 si
945 3205 1072 3275 quis
1114 3208 1513 3276 dehonestarit,
1563 3230 1667 3284 pro
1695 3233 1762 3272 eo
1790 3222 2047 3278 tenebras

478 3291 712 3345 Videbit.

549 3380 638 3434 25.
664 3380 990 3443 Observatio
1033 3388 1418 3446 mandatorum
1466 3394 1565 3449 Dei
1605 3400 1749 3466 parit
1796 3401 2045 3472 impassi-

479 3469 779 3537 bilitatem;
820 3472 1240 3544 impassibilitas
1286 3491 1471 3538 autem
1530 3486 1748 3553 animae,
1803 3469 2048 3547 custodit

477 3562 789 3617 scientiam.

550 3652 642 3707 26.
705 3653 939 3709 Sensilia
973 3658 1261 3714 traducite—
1296 3676 1517 3718 sursum
1574 3666 1629 3720 in
1675 3671 2044 3739 cognitionem

478 3742 929 3809 intellectualem,
962 3756 1014 3802 et
1041 3764 1237 3805 sensus
1271 3754 1475 3809 evebes
1499 3770 1666 3825 supra
1694 3774 1758 3813 ea
1776 3775 1897 3829 quae
1922 3778 2048 3818 sen-

477 3833 601 3887 silia
626 3842 777 3888 sunt.

537 3925 628 3977 27.
664 3925 943 3984 Naturalis
967 3939 1022 3984 et
1051 3946 1173 3999 quae
1220 3932 1440 3987 videtur
1496 3936 1717 4000 mulier,
1774 3939 2048 4009 significat

473 4011 820 4077 operativam
845 4016 1118 4070 animam:
1145 4018 1212 4072 ad
1240 4035 1404 4089 quam
1435 4022 1481 4077 si
1512 4038 1670 4079 mens
1698 4042 1819 4096 qua:
1843 4029 1926 4082 vir
1941 4039 2045 4092 est.

476 4103 799 4167 accesserit,
827 4120 896 4159 ex
918 4120 983 4158 ea
1004 4106 1240 4163 virtutes
1269 4111 1438 4179 parit.

547 4187 637 4241 28.
673 4189 968 4258 Inquisitio
1005 4194 1349 4265 eloquiorum
1377 4201 1496 4266 Dei,
1545 4202 1709 4259 docet
1751 4208 2043 4263 scientiam

472 4277 575 4331 Dei
621 4294 740 4342 cos,
766 4283 859 4351 qui
923 4284 1012 4353 pie
1061 4303 1125 4341 ac
1153 4288 1539 4347 desideranter
1562 4297 1854 4352 veritatem
1881 4317 2044 4355 scru-

471 4376 682 4426 tantur.

545 4462 633 4517 29.
666 4464 821 4529 Quod
873 4466 965 4521 lux
1008 4478 1093 4524 est
1117 4471 1436 4531 videntibus
1466 4485 1524 4530 et
1553 4478 1705 4544 visis,
1754 4480 1860 4537 hoc
1894 4484 2041 4540 Deus

465 4560 561 4604 εει
585 4552 1023 4623 intelligentibus
1039 4569 1096 4613 et
1126 4560 1443 4619 intellectis.

545 4641 635 4695 30.
665 4643 896 4701 Visibile
919 4649 1043 4703 οωιί
1072 4648 1503 4720 ﬁrmamentum,
1540 4656 1681 4733 ﬁdei
1727 4661 1908 4731 signat
1945 4661 2043 4717 lir-

473 4744 837 4801 mamentum,
885 4737 943 4791 in
995 4754 1106 4808 quo
1143 4756 1337 4798 omnes
1365 4747 1542 4801 sancti
1586 4763 1686 4803 ceu
1738 4750 2039 4810 luminaria

473 4822 685 4878 lucent.

541 4915 631 4968 5|.
664 4917 1003 4974 Hierusalem
1022 4931 1112 4977 est
1135 4928 1559 4995 supercrelcstis
1584 4930 2036 5003 incorporearum

471 5019 662 5060 rerum
725 5012 1166 5080 contemplatio,
1228 5016 1286 5071 in
1329 5033 1438 5087 qua
1491 5020 1633 5074 visio
1696 5025 1846 5090 pacis
1907 5040 2035 5095 spe-

468 5105 671 5153 clatur.

541 5188 628 5243 52.
661 5189 908 5246 Activam
935 5194 1106 5249 vitam
1161 5211 1296 5253 cave
1344 5199 1674 5270 neglexeris,
1717 5204 1965 5276 alioquin
1990 5217 2047 5263 et

472 5282 706 5338 scientia
734 5283 1118 5354 decresceret;
1173 5289 1281 5345 hoc
1317 5291 1465 5346 enim
1494 5304 1662 5357 esset,
1709 5306 1832 5352 orta
1866 5298 2030 5366 fame,

474 5370 528 5423 in
557 5371 850 5445 {Egyptum
875 5376 1214 5437 descendere
1247 5381 1298 5436 ίι.

542 5463 629 5518 55.
664 5466 913 5525 Libertas
955 5480 1041 5527 est
1097 5473 1425 5543 spiritualis,
1460 5489 1492 5529 a
1522 5478 2038 5545 perturbationibus

549 5645 576 5682 ιι
609 5643 744 5700 Gen.
776 5663 920 5712 xxvi,
954 5649 1000 5713 ι,
1041 5651 1094 5704 2.

2149 499 2404 567 γνώσεως
2431 500 2776 573 ἀξιωθῶμεν.

2222 591 2305 644 ιδ’.
2346 591 2643 663 Ἀταραξία
2696 591 2877 662 ψυχῆς
2921 590 3161 644 ἀπάθεια
3215 590 3313 643 καὶ
3378 590 3587 660 γνῶσις
3615 609 3631 624 ο
3668 586 3740 662 ἧς

2146 685 2331 752 τυχεῖν
2391 684 2675 755 ἀμήχανον
2735 683 2826 737 τὸν
2885 684 3107 754 ἡδοναῖς
3160 682 3506 737 δουλεύοντα.

2225 870 2306 916 ιε’.
2339 863 2683 931 Δουλαγώγει
2716 865 2778 916 τὸ
2828 863 2990 934 σῶμα
3034 862 3306 933 περιελὼν
3352 864 3450 929 τὰς
3506 862 3741 935 ἡδονὰς,

2148 960 2243 1013 καὶ
2274 957 2580 1022 ἀπάλλαξον
2607 957 2739 1012 αὐτὸ
2767 958 3050 1030 μοχθηρᾶς
3077 958 3343 1022 δουλείας.

2224 1136 2319 1201 ις’.
2363 1136 2677 1208 Ἐλεύθερος
2727 1137 2990 1201 among,
3024 1136 3121 1190 καὶ
3162 1136 3250 1188 ἐπ’
3276 1136 3563 1206 ἐλευθερίᾳ
3596 1134 3740 1205 κλη-

2152 1227 2265 1290 θεὶς
2299 1266 2313 1292 ,
2394 1229 2468 1298 μὴ
2538 1228 2753 1299 ἀνάσχῃ
2823 1227 3101 1281 δουλεύειν
3177 1227 3409 1281 πάθεσιν
3482 1226 3741 1295 ἀκαθάρο

2160 1332 2311 1475 θοῗὲ.
2344 1410 2558 1475 Λύπαις
2596 1411 2691 1466 καὶ⁵
2733 1412 2968 1482 ἡδοναῖς,
3004 1411 3321 1480 ἐπιθυμίαις
3368 1411 3463 1463 καὶ
3517 1410 3738 1479 φόϐοις,

2156 1500 2511 1572 συνδεσμοῦσι
2572 1502 2665 1555 τον
2720 1501 2846 1557 νοῦν
2904 1504 3017 1566 τοῖς
3089 1502 3369 1573 αίσθητοῖς
3418 1503 3471 1554 οἱ
3538 1500 3743 1571 δαίμοα

2153 1608 2318 1753 νεῖῇυ.
2353 1682 2520 1747 Φόϐος
2544 1682 2678 1737 Θεοῦ
2712 1689 2906 1754 κρατεῖ
2932 1686 3262 1757 ἐπιθυμιῶν,
3289 1686 3386 1740 καὶ
3405 1686 3554 1756 λύπη
3587 1685 3739 1740 m1

2080 1738 2124 1795 Β
2150 1738 2283 1826 Θεὸν
2313 1738 2607 1827 ἀπελαύνει
2630 1775 2729 1845 τὴν
2752 1738 2975 1845 ιήδονήν.

2219 1951 2307 2005 ιϐ’.
2349 1949 2643 2020 Ἐπιθυμία
2699 1953 2894 2020 σοφίας
2941 1955 3276 2023 καταφρονεῖ
3324 1952 3519 2021 φόϐου,
3562 1955 3666 2007 καὶ
3695 1956 3732 2026 η

2145 2041 2276 2113 δόκη
2310 2042 2567 2112 γνώσεως
2597 2042 2894 2097 ἀποδιώκει
2924 2042 3160 2114 λύπην.⁹

2215 2229 2286 2276 κ’.
2318 2222 2402 2277 Τὰ
2445 2222 2689 2295 τέσσαρα
2731 2223 2905 2277 ταῦτα
2960 2218 3016 2277 αἱ
3073 2224 3287 2296 Γραφαὶ
3345 2225 3677 2296 περιέχουσι
3707 2239 3727 2256 ·

2144 2316 2244 2379 τὰς
2299 2314 2536 2382 ἐντολὰς,
2559 2316 2628 2369 τά
2678 2315 2942 2385 δόγματα,
2973 2315 3073 2379 τάς
3123 2314 3375 2383 ἀπειλάς,
3397 2317 3503 2380 τὰς
3552 2317 3731 2385 ἐπαγ-

2184 2404 2352 2457 ελίας.

2144 2420 2570 2561 γεὲῗῗἾστησι
2603 2492 2703 2563 τὴν
2730 2493 3027 2564 ἐπιθυμίαν
3056 2494 3353 2564 εὐκράτεια
3390 2496 3492 2548 καὶ
3525 2494 3728 2559 κόπος

2148 2583 2294 2651 μειοῖ
2316 2580 2372 2633 δὲ
2401 2581 2572 2652 αὐτὴν
2604 2581 2826 2651 ἡσυχία,
2858 2583 2954 2633 καὶ
2993 2581 3136 2645 θεῖος
3167 2582 3327 2652 ἔρως.

2216 2672 2322 2741 κβν.
2349 2673 2439 2742 Μὴ
2468 2672 2647 2739 λόγοις
2670 2672 2739 2725 δι’
2773 2674 3111 2743 αἰνιγμάτων
3138 2674 3231 2727 τὸν
3275 2674 3509 2743 ἀδελφὺν
3548 2678 3733 2747 πλῆτ-

2144 2781 2206 2817 τε
2239 2779 2252 2793 ·
2317 2764 2377 2817 οὺ
2451 2763 2528 2834 μὴ
2595 2763 2705 2836 γάρ
2760 2763 3032 2836 βαστάξῃς
3101 2766 3171 2819 τὰ
3219 2767 3384 2836 ὃμοια
3440 2770 3728 2840 ἀντιδεχό-

2146 2872 2325 2922 μενος.
2406 2888 2422 2900 ο

2217 2948 2325 3017 κγ’.
2360 2950 2572 3021 Ἶστησι
2630 2952 2722 3004 τὸν
2758 2951 2926 3021 θυμδν
2963 2950 3312 3022 μακροθυμία
3351 2952 3451 3005 καὶ
3477 2954 3729 3025 ἀμνησι-

2148 3043 2317 3096 κακία
2340 3059 2352 3072 ·
2389 3046 2535 3112 μειοῖ
2558 3043 2614 3096 δὲ
2645 3043 2807 3097 αὐτὸν
2836 3042 3025 3111 ἀγάπη
3059 3044 3156 3096 καὶ
3187 3043 3533 3113 συμπάθεια.

2218 3132 2315 3196 κδ’.
2343 3126 2417 3207 ’⁷9
2466 3132 2626 3198 ἐδόθη
2671 3133 2892 3201 γνῶσις,
2926 3132 3081 3204 ἐδόθη
3134 3133 3251 3203 φῶς
3296 3134 3525 3204 νοερόν
3558 3134 3629 3198 δς
3674 3138 3733 3190 δὲ

2145 3222 2325 3277 λαϐὼν
2348 3224 2628 3294 ἀτιμάζει,
2655 3222 2846 3291 ὄψεται
2880 3222 3090 3288 σκότος.

2219 3396 2317 3452 κε’.
2367 3398 2610 3470 Τήρησις
2661 3397 2891 3454 ἐντολῶν
2954 3398 3112 3462 Θεοῦ,
3161 3399 3336 3454 τίκτει
3390 3399 3729 3457 ἀπάθειαν-

2146 3491 2385 3545 ἀπάθεια
2413 3491 2471 3545 δὲ
2498 3491 2674 3561 ψυχῆς
2709 3493 2970 3562 συντηρεϊ
2996 3489 3221 3559 γνῶσιν.

2218 3666 2330 3732 κς’.
2378 3666 2645 3737 ’Δνάγαγε
2692 3667 2762 3722 τὰ
2818 3666 3050 3737 αἰσθητὰ
3098 3665 3192 3718 ἐπὶ
3233 3661 3429 3736 νοητὴν
3461 3658 3730 3726 θεωρίαν.

2147 3758 2243 3810 καὶ
2290 3756 2569 3821 ἁνθέλκεις
2621 3756 2720 3828 τὴν
2787 3756 3041 3824 αἴσθησιν
3088 3754 3275 3809 ἐπάνω
3338 3755 3447 3808 τῶν
3527 3747 3734 3818 dicar;-

2146 3864 2269 3902 των.
2358 3915 2369 3923 Ι
3589 3912 3595 3923 ι

2215 3936 2317 4000 κζ’.
2343 3915 2416 3990 “ra
2451 3934 2707 4005 αἰσθητὸν
2759 3933 2978 4003 γύναιον
3040 3933 3299 4006 σημαίνει
3352 3933 3535 4003 ψυχὴν
3571 3915 3733 4005 πρα-

2146 4026 2384 4096 κτικήνο
2538 4024 2568 4075 δ
2624 4023 2747 4087 νοῦς
2805 4023 3199 4094 συγγενόμενος
3267 4023 3553 4077 ἀποτίκτει
3626 4025 3733 4086 τάς

2145 4116 2365 4189 ἀρετάς.
2631 4202 2688 4211 Η
2852 4201 2886 4211 Α
2955 4199 2979 4211 ⁸
3047 4199 3149 4211 “ﬂ
3407 4198 3431 4210 _
3585 4200 3629 4211 Α
3704 4200 3731 4211 -

2215 4215 2322 4279 κη’.
2348 4208 2583 4277 Ἐρευνα
2631 4202 2804 4271 λόγων
2848 4199 3004 4265 Θεοῦ,
3042 4199 3281 4253 διδάσκει
3328 4198 3534 4267 γνῶσιν
3578 4200 3734 4253 Θεοῦ

2146 4300 2236 4355 τὸν
2261 4302 2319 4353 ὲν
2347 4296 2572 4368 ἀληθείᾳ.
2600 4294 2881 4366 ζητοῦντα,
2914 4294 2971 4346 ὲν
3004 4290 3260 4362 εὐλαϐείᾳ
3290 4291 3384 4344 καὶ
3409 4290 3580 4359 πόθῳ,

2219 4477 2321 4532 κθ’,
2352 4476 2531 4545 Ὅπερ
2564 4471 2680 4524 ἐστὶ
2702 4469 2762 4524 τὸ
2789 4468 2904 4538 φῶς
2928 4470 3041 4533 τοῖς
3064 4467 3233 4538 ὁρῶσι
3256 4469 3350 4521 καὶ
3388 4468 3731 4537 δρωμένοις1

2148 4567 2307 4622 τοῦτο
2353 4565 2446 4619 καὶ
2487 4565 2515 4617 ό
2559 4560 2690 4624 Θεὸς
2735 4562 2846 4623 τοῖς
2889 4559 3088 4623 νοοῦσι,
3120 4559 3215 4611 καὶ
3269 4559 3606 4627 νοουμένοις.

2218 4658 2284 4714 λ’.
2321 4656 2394 4710 Τὸ
2434 4651 2690 4722 αἰσθητὸν
2730 4650 3018 4721 στερέωμα
3045 4690 3059 4713 ,
3089 4650 3150 4703 τὸ
3188 4649 3289 4717 τῆς
3337 4648 3575 4711 πίστεως
3619 4668 3734 4721 an-

2153 4744 2331 4819 μαίνει
2375 4743 2680 4816 στερέωμα,
2710 4742 2769 4794 ὲν
2808 4733 2852 4807 ᾧ
2898 4737 3096 4801 πάντες
3136 4738 3187 4790 οἱ
3227 4738 3374 4805 άγιοι
3410 4736 3569 4809 δίκην
3610 4757 3734 4807 φω-

2150 4839 2366 4908 στήρων
2394 4834 2689 4905 λάμπουσι.
2953 4922 2966 4932 .
3126 4917 3150 4932 ⁴
3428 4915 3455 4928 _
3660 4917 3693 4932 Ο

2217 4928 2316 4982 λα’.
2370 4924 2721 4998 Ἰερουσαλήμ
2759 4924 2905 4976 ἔστιν
2950 4917 3310 4988 ἐπουράνιος,
3352 4917 3557 4986 γνῶσις
3612 4917 3734 4974 τῶν

2146 5021 2450 5093 ἀσωμάτων
2478 5038 2491 5051 ·
2520 5021 2578 5072 ὲν
2616 5018 2750 5087 αὐτῇ
2798 5014 2905 5083 γάρ
2950 5012 3235 5082 θεωρεῖται
3276 5011 3311 5081 ἠ
3355 5010 3569 5080 ⁴ὅρασις
3618 5012 3727 5079 τῆς

2152 5117 2396 5187 εἰρήνης.
2780 5199 2800 5201 ᾗ
2982 5195 2993 5201 _
3010 5193 3032 5201 _
3233 5192 3247 5201 _
3330 5192 3343 5201 .
3531 5191 3559 5201 _

2221 5206 2318 5274 λβ’.
2348 5204 2438 5273 Μὴ
2496 5200 2691 5273 ἀμέλει
2737 5199 2842 5268 τῆς
2890 5193 3176 5267 πράξεως,
3404 5192 3731 5297 (umbra-:11

2148 5296 2350 5367 γνῶσις
2384 5313 2397 5325 ·
2434 5294 2527 5348 καὶ
2587 5289 2747 5361 λιμοῦ
2780 5287 3074 5359 γενομένου
3110 5282 3457 5343 καταϐαίνεις
3503 5282 3587 5345 εἰς
3618 5282 3731 5334 Αἷ-

2150 5406 2218 5457 γυ
2226 5404 2376 5440 πτον.

2217 5404 2671 5547 ῗπὲῗνζΕλευθερία
2699 5472 2814 5528 ἐστὶ
2842 5468 3025 5542 νοητὴ,
3056 5398 3231 5540 ﬁxi)»;
3260 5465 3445 5520 παθῶν
3468 5462 3726 5518 άπαλλα·
