3946 6206
111 1150 129 1224 l

170 303 307 372 1441

1555 291 1939 354 ΟΕΝΤΠΒΙΑ
1984 291 2065 349 Π.

3286 277 3421 354 1442

164 420 236 491 γή
266 434 279 448 ·
314 414 386 490 ἧς
412 415 592 479 οὐδεὶς
657 411 1015 485 ἐπιτυγχάνει
1078 409 1206 467 ἄνευ
1244 407 1427 470 ἐλέους
1490 404 1749 478 Χριστοῦ.

1897 417 1975 454 sse
2022 401 2283 464 liberum,
2316 416 2436 469 quae
2460 402 2594 456 nulli
2623 402 2833 473 absque
2883 401 3263 461 misericordia
3289 405 3421 462 Jesu

238 616 336 671 16'.
364 619 445 688 Γῆ
469 619 618 669 ἐστιν
648 612 981 683 ἐπαγγελίας
1006 613 1038 682 ἡ
1066 610 1319 681 βασιλεία
1349 609 1458 663 τῶν
1487 608 1751 683 οὐρανῶν,

167 702 239 780 ἧς
271 709 541 781 πρόξενοι
587 708 827 775 γίνονται
854 703 1095 760 ἀπάθεια
1126 701 1222 756 κα)⁸
1250 701 1472 772 γνῶσις.

247 855 344 915 λε’.
391 857 668 927 Αἴγυπτός
715 858 832 910 ἐστι
870 854 1067 928 νοητὴ,
1089 856 1121 908 ὁ
1165 852 1475 923 σκοτασμὺς
1511 850 1623 903 τῶν
1649 867 1754 903 πα-

167 949 283 1003 θῶν
314 968 328 981 ·
388 952 468 1013 είς
520 950 586 1021 ῆν
637 947 816 1010 οὐδεὶς
867 946 1287 1011 καταδαίνει,εί
1349 944 1424 1015 μὴ
1472 942 1616 1015 λιμῷ
1656 959 1756 995 πε-

208 1039 397 1093 ιπέση.

208 1056 299 1093 ιπε
383 1078 397 1091 .

166 1056 201 1109 ρ
243 1056 570 1200 λς’σῃΛόγοις
645 1131 1036 1202 πνευματικοῖς
1097 1126 1479 1197 ὲπισυχνάσεις
1541 1124 1604 1177 τὸ
1658 1119 1752 1188 οὖς

122 1216 128 1239 ⁵
166 1240 289 1288 σου,
325 1226 425 1277 καὶ
467 1224 746 1299 λογισμῶν
778 1223 1114 1293 ἀκαθάρτων
1150 1221 1544 1291 άπομακρυνεῖ
1570 1220 1598 1272 ὁ
1628 1216 1754 1279 νοῦς

200 1332 285 1367 ου.

165 1332 196 1368 σ
240 1402 345 1466 λζ’.
393 1404 626 1473 Ἀγαθδς
656 1404 753 1459 καὶ
788 1403 958 1473 ’σοφὸς
992 1403 1154 1472 φύσει
1185 1399 1345 1471 μόνος
1372 1401 1402 1454 ὁ
1438 1398 1575 1463 Θεός
1600 1416 1615 1431 ο
1671 1399 1758 1469 γί-

170 1512 331 1550 νεται
359 1495 422 1549 δὲ
451 1497 669 1569 μεθέξει
705 1497 801 1553 καὶ
820 1498 853 1550 ὀ
881 1495 1027 1562 νοῦς,
1052 1495 1150 1548 ἐὰν
1177 1492 1474 1565 σπουδάσῃ.

243 1691 352 1762 λη’.
383 1694 593 1764 Κράτει
634 1692 872 1764 γαστρὸς
928 1691 1023 1745 καὶ
1051 1669 1264 1755 Ὅπνου,
1298 1688 1394 1742 καὶ
1423 1686 1596 1757 θυμοῦ
1619 1726 1633 1751 ,
1659 1685 1751 1740 καὶ

1855 494 2059 549 Christi
2093 493 2384 564 contingit.

1927 585 2016 638 3i.
2043 584 2215 639 Terra
2244 584 2712 654 repromissionis,
2743 600 2975 656 regnum
2999 593 3085 639 est
3112 585 3419 649 cmlorum;

1858 676 1912 729 in
1935 691 2100 745 quam
2131 685 2374 731 mentem
2398 676 2667 732 inducunt
2704 676 3124 748 impossibilitas
3151 687 3207 732 ct
3244 677 3426 732 scien-

1856 769 1952 823 tia.

1922 860 2013 916 '55.
2036 859 2305 931 Egyptus
2333 859 2670 928 spiritualis,
2716 860 3103 917 obtenebratio
3138 861 3430 932 perturba-

1856 951 2070 1006 tionum
2094 967 2108 1017 ;
2136 952 2192 1005 in
2228 965 2397 1019 quam
2445 967 2630 1016 neruo,
2665 950 2773 1007 nisi
2806 962 2970 1007 antea
2994 952 3139 1008 fame
3186 948 3423 1019 laboret,

1862 1041 2173 1098 descendit.

1930 1134 2018 1189 '56.
2054 1135 2259 1189 Aurem
2294 1144 2441 1191 tuam
2499 1133 2885 1203 spiritualibus
2926 1132 3281 1188 sermonibus
3314 1132 3428 1187 fre-

1855 1233 2092 1295 quenter
2116 1225 2496 1287 accommoda,
2529 1231 2586 1278 et
2617 1231 2861 1278 mentem
2910 1222 2978 1276 ab
3006 1223 3305 1278 immundis
3337 1239 3429 1279 co-

1856 1316 2224 1387 gitationibus
2242 1316 2548 1386 elongabis.

1934 1407 2025 1461 '57.
2062 1408 2228 1463 Solus
2275 1408 2423 1463 Deus
2448 1417 2644 1461 natura
2680 1405 2864 1460 bonus
2883 1412 2968 1460 est
3002 1420 3067 1460 ac
3088 1404 3341 1474 sapiens;
3368 1404 3433 1458 ﬁt

1863 1505 2048 1552 autem
2098 1514 2254 1553 mens
2302 1497 2729 1569 participatione
2775 1496 2922 1561 talis,
2980 1496 3147 1551 modo
3179 1496 3432 1551 studiosa

1857 1589 1951 1644 sit.

1930 1679 2019 1734 58.
2087 1678 2302 1749 Impera
2354 1677 2558 1740 ventri,
2602 1693 2820 1741 somno,
2873 1677 2969 1733 ira:
3005 1685 3063 1732 et
3106 1677 3343 1748 linguae;
3372 1686 3432 1732 et

165 1746 589 1854 γλιιᾶσηςίκαι
620 1746 687 1836 οῦ
718 1746 793 1854 pi;
821 1746 1151 1853 τέροσκόψεις
1174 1746 1316 1850 «et;
1332 1776 1480 1831 λίθον
1496 1746 1594 1831 τὸν
1618 1746 1755 1831 πόδα

1897 1786 2151 1841 ιυηῳιοηι
2170 1746 2452 1841 impinges
2479 1769 2549 1824 ad
2584 1769 2826 1840 lapidem
2852 1769 3048 1839 pedem
3081 1746 3263 1823 tuum.

170 1890 294 1928 σου.

245 1961 351 2015 λο’.
416 1961 708 2029 Ἀγωνίζου
765 1961 1054 2031 ἀγαπῆσαι
1118 1957 1297 2012 πάντα
1355 1955 1644 2028 ἄνθρωπον
1696 1954 1757 2022 ἐξ

172 2051 317 2116 ἴσου,
359 2052 453 2104 καὶ
480 2050 806 2114 ἀπελαύνεις
836 2049 1137 2121 συλλήϐδην
1166 2048 1347 2101 πάντα
1372 2047 1440 2101 τά
1478 2048 1647 2118 πάθη.

246 2147 324 2211 μ’.
361 2142 531 2211 Κοινὴ
561 2138 653 2193 νοῦ
678 2141 773 2193 καὶ
798 2138 1106 2208 αἰσθήσεως
1128 2139 1161 2209 ὴ
1195 2137 1400 2208 Θεωρία
1425 2135 1532 2189 τῶν
1562 2134 1756 2205 αἰσθη-

166 2233 283 2286 τῶν
319 2248 334 2263 ο
378 2232 484 2286 ἰδία
505 2232 562 2285 δὲ
589 2231 686 2285 τοῦ
714 2230 808 2284 νοῦ
839 2233 874 2302 ἡ
906 2230 1109 2299 γνῶσις
1136 2228 1244 2282 τῶν
1269 2228 1488 2299 νοητῶν.

245 2396 364 2458 μα’.
410 2389 698 2443 Ἀδύνατον
735 2387 827 2442 τὸν
876 2386 1004 2442 νοῦν
1068 2385 1326 2455 σχολάσαι
1369 2385 1483 2445 τοῖς
1523 2384 1753 2449 νοητοῖς,

167 2482 217 2534 εί
252 2480 334 2551 μὴ
368 2481 468 2551 τὴν
502 2481 687 2549 σχέσιν
723 2479 823 2551 τὴν
868 2479 1008 2549 πρὸς
1064 2476 1167 2548 τὴν
1214 2474 1470 2544 αίσθησιν
1496 2514 1510 2540 ,
1546 2472 1644 2525 καὶ
1690 2471 1758 2525 τὰ

166 2570 417 2642 αἰσθητά
445 2570 716 2641 ἀποκόψῃ.

246 2660 365 2732 μβ’.
405 2661 791 2731 Προσπάθειαν
841 2657 1136 2730 φυσικὴνὴ
1164 2656 1418 2727 αἴσθησις
1463 2653 1757 2726 ἔχειπρὺς

166 2754 237 2804 τά
259 2750 527 2821 αἰσθητά,
553 2750 649 2813 καὶ
686 2748 1052 2819 συμπερισπᾷ
1081 2745 1174 2799 τὸν
1205 2744 1330 2799 νοῦν
1363 2743 1755 2813 περισπωμένη

170 2844 306 2913 περὶ
337 2842 504 2895 αὑτά.

238 2929 361 3003 μγ’.
402 2930 588 3001 Ῥηίψον
610 2930 710 3001 τὴν
736 2927 988 2999 ατσθησιν
1017 2927 1145 2997 περὶ
1183 2926 1283 2997 τὴν
1311 2925 1405 2978 τοῦ
1430 2924 1521 2978 νοῦ
1553 2924 1755 2993 ὑπουρ-

168 3026 302 3094 γίαν
332 3064 349 3090 ,
394 3025 489 3077 καὶ
528 3023 602 3094 μὴ
633 3022 741 3093 δῷς
770 3022 907 3093 αὐτῇ
939 3021 1130 3093 καιρὸν
1162 3019 1624 3090 ἀντιπερισπάσαι
1657 3016 1757 3069 αὐ-

158 3116 272 3169 τόν.

242 3204 366 3277 με,
395 3206 565 3259 Ὅταν
610 3203 794 3275 συμϐῇ
819 3202 912 3256 τὸν
941 3201 1066 3256 νοῦν
1104 3199 1367 3271 σχολάσαι
1419 3201 1532 3260 τοῖς
1564 3195 1750 3267 αἰσθη-

156 3301 296 3363 τοῖς,
339 3298 709 3369 ἀντιπερίσπα
741 3296 842 3367 τὴν
858 3294 1161 3367 βίσθησιν,
1189 3293 1328 3365 πρὸς
1364 3292 1489 3346 νοῦν
1537 3290 1755 3359 ἀνάγων

161 3389 232 3445 τά
260 3405 300 3442 π
316 3390 679 3460 αρακείμενα.

236 3480 359 3554 με’.
391 3482 648 3550 Σημεῖον,
679 3480 760 3531 ὅτι
786 3476 1039 3548 σχολάζει
1065 3478 1094 3530 ὁ
1119 3475 1243 3538 νοῦς
1284 3475 1417 3546 περὶ
1463 3472 1533 3527 τὰ
1562 3471 1751 3542 νοητὰ,

163 3572 225 3626 τὸ
282 3575 519 3625 στάντων
579 3569 945 3640 καταφρονεῖν
997 3567 1100 3621 τῶν
1156 3565 1257 3637 τὴν
1315 3564 1568 3635 αἴσθησιν
1621 3557 1755 3615 ’σαι-

166 3665 402 3718 νόντων.

242 3759 371 3825 μς’.
408 3751 823 3820 Διανοιγόμενος
864 3751 893 3803 ὁ
918 3748 1045 3815 νοῦς
1075 3749 1205 3821 περ)⁴
1252 3747 1351 3819 τὴν
1397 3746 1506 3800 τῶν
1548 3744 1755 3817 νοητῶν

175 3845 471 3917 θεωρίαν,
534 3844 986 3897 δυσαπόσταστον
1070 3842 1183 3913 ἔχει
1244 3840 1344 3912 τὴν
1407 3840 1539 3911 περὶ
1618 3839 1757 3893 αὐτὰ

114 3986 123 3994 .
175 3937 406 4009 ἡδονήν.

253 4026 365 4098 μζ’.
399 4026 567 4080 Ὅταν
610 4029 648 4080 οὸ
711 4026 838 4090 νοῦς
890 4025 1174 4100 πλουτήσῃ
1224 4023 1324 4096 τὴν
1368 4023 1467 4095 τῆς
1525 4020 1756 4093 μονάδος

177 4117 405 4185 γνῶσιν,
441 4117 563 4169 τότε
593 4119 685 4170 καὶ
712 4117 810 4189 τὴν
829 4116 1098 4188 -αίσθησιν
1143 4116 1319 4186 πάντη
1347 4113 1756 4184 δεδουλωμένην

179 4209 316 4278 ἔχει.

258 4298 371 4394 μηί.
404 4323 593 4377 Κώλυε
631 4323 724 4377 τὸν
760 4321 888 4378 νοῦν
917 4338 1014 4376 σου
1044 4320 1333 4376 κυκλεύειν
1392 4319 1462 4374 τὰ
1498 4319 1753 4389 αἰσθητὰ,

182 4411 272 4465 ἵνα
306 4414 381 4485 μὴ
412 4414 604 4484 ἡδονὰς
634 4414 730 4467 καὶ
757 4411 938 4476 λύπας
961 4414 1018 4466 ὲν
1048 4412 1232 4474 αὐτοῖς
1269 4409 1653 4482 καρπώσηται.

184 4632 193 4637 ι
264 4616 372 4685 μθθ.
408 4610 510 4670 ’Ὧν
536 4619 564 4669 ὁ
594 4615 720 4680 νοῦς
743 4616 802 4669 ὲν
822 4619 937 4679 τοῖς
958 4616 1123 4681 θείοις
1156 4616 1406 4687 σχολάζει
1445 4616 1756 4680 διαπαντὸς,

180 4707 391 4763 τούτων
456 4711 552 4763 καὶ⁵
598 4709 659 4761 τὸ
715 4709 1016 4780 παθητικὸν
1076 4710 1245 4781 μέρος
1320 4709 1464 4764 θεῖον
1537 4711 1759 4780 γέγονεν

179 4800 368 4856 ὅπλον.

255 4898 319 4946 ν’.
366 4890 650 4944 Ἀδύνατον
700 4890 792 4943 τὸν
837 4889 963 4944 νοῦν
1002 4893 1067 4962 τῇ
1099 4890 1299 4961 γνώσει
1348 4893 1671 4964 ποιωθῆναι,
1710 4896 1759 4948 εί

185 4983 261 5052 μὴ
290 4984 551 5055 πρότερον
582 4983 643 5035 τὸ
686 4982 985 5053 παθητικὸν
1011 4985 1132 5047 ταῖς
1181 4983 1407 5051 οἰκείαις
1440 4986 1661 5057 ἀρεταῖς
1701 4986 1761 5054 ἐξ

184 5074 353 5128 αὑτοῦ
387 5076 634 5128 πελάσει.

258 5185 358 5241 ναί.
390 5185 552 5250 Ξένος
604 5185 713 5238 τῶν
761 5185 858 5239 τοῦ
904 5177 1109 5258 κόσμου
1142 5187 1170 5239 ὁ
1198 5186 1323 5250 νοῦς
1355 5187 1477 5241 τότε
1525 5187 1755 5256 γίνεται,

182 5283 312 5335 ὅταν
356 5280 457 5349 τὴν
512 5279 646 5350 πρὸς
695 5280 794 5349 τὴν
819 5278 1073 5349 αἴσθησιν
1099 5279 1283 5349 σχέσιν
1310 5280 1590 5345 παντελῶς
1620 5284 1760 5336 άπο-

187 5376 349 5446 κόψῃ.

259 5491 358 5561 νβ’.
395 5492 556 5546 Ἴδιον
601 5487 694 5542 τοῦ
734 5482 1048 5554 λογιστικοῦ
1094 5482 1194 5552 τῆς
1241 5482 1441 5554 ψυχῆς,
1477 5486 1757 5556 σχολάζειν

186 5581 386 5650 γνώσει
435 5578 570 5632 (ι)εοῦ
598 5594 612 5609 ·
643 5575 737 5630 τοῦ
778 5574 834 5628 δὲ
880 5570 1187 5641 παθητικοῦ
1225 5573 1417 5644 αὐτῆς,
1447 5574 1636 5645 ἀγάπη
1664 5579 1754 5630 καὶ

189 5672 419 5741 ἑγκράτε
428 5689 494 5725 ια.

1926 1924 2015 1979 39.
2038 1924 2265 1979 Enitere
2288 1932 2350 1979 ut
2382 1938 2577 1981 omnes
2611 1924 2870 1980 homines
2890 1924 3178 1994 aequaliter
3201 1923 3428 1994 diligas,

1856 2017 2255 2087 passionesque
2285 2031 2482 2071 omnes
2500 2016 2665 2071 simul
2691 2032 2721 2071 a
2749 2026 2801 2072 te
2841 2017 3051 2087 abiges.

1929 2104 2019 2161 40.
2057 2104 2416 2161 Sensibilium
2462 2120 2649 2160 rerum
2681 2106 3076 2175 contemplatio
3117 2106 3431 2161 communis

1856 2204 1943 2251 est
1967 2196 2146 2252 menti
2173 2204 2231 2251 et
2254 2200 2479 2263 sensui;
2515 2196 2979 2252 intellectualium
3023 2206 3206 2252 auten
3242 2197 3430 2252 scieo-

1860 2288 1934 2341 tia
1958 2288 2060 2342 soli
2092 2287 2266 2342 menti
2306 2288 2586 2344 convenit.
3436 2334 3443 2341 .

1928 2379 2017 2432 4i.
2049 2378 2398 2449 lmpossibile
2453 2389 2539 2435 est
2572 2390 2815 2436 mentem
2850 2397 3044 2437 vacare
3081 2380 3429 2436 intellectua-

1856 2468 2023 2534 libus,
2054 2470 2162 2524 nisi
2188 2470 2491 2527 amicitiam
2520 2487 2655 2544 erga
2677 2467 2879 2529 sensus
2924 2484 2981 2530 et
3020 2475 3303 2530 sensibilia
3326 2491 3429 2530 an-

1858 2568 1948 2614 tea
1980 2562 2300 2631 amputarit.

1928 2651 2019 2706 42.
2081 2652 2288 2708 Sensus
2331 2663 2534 2709 natura
2585 2655 2949 2712 sensibilibus
3013 2656 3285 2724 adicitur;
3332 2658 3429 2712 sed

1858 2758 1986 2797 cum
2013 2744 2162 2800 circa
2191 2761 2255 2802 ea
2283 2746 2636 2815 distrahitur,
2662 2749 2998 2805 distrahitur
3034 2750 3092 2806 et
3142 2765 3319 2806 mens.

1922 2922 2017 2991 :45.
2041 2933 2190 3006 Coge
2211 2949 2410 2991 sensus
2435 2935 2490 2989 in
2507 2937 2721 2991 mentis.
2739 2936 3092 3007 obsequium,
3117 2946 3175 2993 et
3197 2952 3307 2991 non
3332 2936 3432 2991 des

1861 3024 1995 3096 ipsis
2017 3026 2369 3081 occasionem
2397 3043 2518 3082 eam
2546 3026 2910 3083 distrahendi.

1923 3198 2015 3252 44.
2064 3197 2297 3265 Quando
2344 3206 2588 3254 mentem
2644 3199 3006 3256 sensibilibus
3058 3215 3257 3256 vacare
3298 3216 3432 3257 con-

1854 3288 2042 3359 tingit,
2096 3289 2308 3345 obsiste
2371 3291 2665 3355 sensibus,
2701 3297 2760 3345 et
2817 3290 3036 3362 objecta
3080 3290 3137 3344 in
3188 3301 3432 3347 mentem

1853 3379 2087 3434 subduc.

1921 3471 2011 3523 45.
2045 3470 2273 3541 Signum
2320 3471 2523 3525 mentis
2551 3470 2699 3525 circa
2728 3470 3095 3541 intelligibilia
3137 3486 3429 3542 occupare,

1854 3566 1939 3612 est
1967 3558 2308 3614 ﬂoccifacere
2332 3558 2517 3613 omnia
2544 3572 2666 3626 qua:
2686 3573 2882 3614 sensus
2920 3561 3214 3615 oblectant.

1925 3738 2016 3793 46.
2073 3737 2351 3809 Occupata
2389 3754 2548 3795 mens
2604 3739 2661 3795 in
2714 3740 3182 3810 contemplatione
3231 3756 3427 3797 eorum

1857 3843 1980 3897 quae
2012 3837 2161 3894 sunt,
2186 3828 2421 3885 solidam
2457 3830 2514 3885 in
2541 3829 2623 3886 eis
2646 3830 2986 3899 voluptatem
3007 3832 3318 3900 experitur.

1929 4023 2018 4077 47.
2063 4021 2293 4089 Quando
2334 4038 2491 4080 mens
2530 4024 2765 4079 unitatis
2818 4023 3052 4081 scientia
3098 4023 3433 4093 locupletata

1855 4112 2043 4179 fuerit,
2078 4124 2208 4170 tunc
2239 4131 2438 4171 sensus
2474 4117 2705 4172 omnino
2729 4116 2785 4170 in
2821 4116 3145 4172 servitutem
3180 4116 3435 4171 redactos

1858 4214 2027 4263 tenet.

1929 4321 2019 4376 48.
2062 4322 2304 4377 Prohibe
2335 4333 2577 4379 mentem
2627 4332 2780 4377 tuam
2821 4321 3030 4377 circum
3066 4322 3291 4377 sensilia
3331 4337 3430 4376 va-

1793 4410 1839 4466 D
1869 4414 2008 4484 gari,
2045 4431 2114 4470 ne
2148 4415 2494 4485 voluptatum
2526 4414 2766 4470 tristitiae
2811 4413 3022 4468 fructus
3040 4413 3205 4468 simul
3253 4428 3320 4467 ex
3343 4413 3428 4467 eis

1858 4505 2137 4576 decerpat.

1933 4618 2021 4674 49.
2066 4617 2312 4685 Quorum
2340 4633 2495 4674 mens
2518 4626 2786 4688 perpetuo
2819 4617 3025 4673 divinis
3057 4627 3238 4685 vacat,
3274 4619 3341 4675 iis
3367 4628 3427 4675 et

1860 4706 2126 4763 aﬂ‘ectiva:
2149 4707 2347 4763 animm
2374 4709 2522 4763 vires
2578 4707 2763 4762 divina
2794 4706 2935 4761 fiunt
2964 4723 3136 4761 arma.

1927 4900 2015 4956 50.
2043 4901 2387 4971 lmpossibile
2406 4913 2492 4958 est
2512 4913 2762 4982 .mentem
2793 4903 3024 4959 scientia
3073 4900 3285 4971 perfici,
3320 4903 3430 4958 nisi

1863 4995 2022 5060 prius
2050 4992 2303 5049 aﬂ'ectiva
2354 4997 2549 5051 anima:
2570 4996 2752 5066 portio
2777 4997 2893 5051 suis
2919 4996 3278 5052 admoveatur
3324 4997 3436 5053 vir-

1861 5084 2093 5139 tutibus.

1934 5195 2024 5250 51.
2054 5196 2205 5251 Mens
2261 5211 2373 5252 non
2419 5207 2581 5252 antea
2609 5199 2717 5253 erit
2748 5200 3039 5269 peregrina
3090 5184 3281 5254 eorum
3310 5216 3433 5269 quae

1864 5296 1998 5343 sunt
2035 5287 2089 5340 in
2118 5287 2223 5341 hoc
2248 5287 2475 5353 mundo,
2510 5288 2617 5343 nisi
2643 5290 2821 5344 medis
2842 5290 3101 5345 omnibus
3127 5291 3432 5346 amicitiam

1862 5393 1992 5448 erga
2019 5392 2214 5431 sensus
2232 5379 2560 5433 rcsecuerit.

1932 5489 2019 5544 52.
2049 5490 2343 5559 Proprium
2391 5501 2477 5546 est
2498 5492 2753 5546 rationali
2784 5493 3022 5562 portioni
3089 5493 3304 5574 animae,
3336 5509 3430 5545 va-

1860 5596 1985 5635 care
2008 5581 2306 5651 cognitioni
2336 5581 2681 5648 Dci;activ:c
2731 5594 2938 5652 autem,
2999 5585 3325 5642 charitatcm
3374 5593 3432 5639 ct

1861 5673 2256 5728 continentiam
2291 5675 2611 5743 amplexari.
