3946 6206
491 241 630 308 1443

1743 244 2147 303 THALASSII
2188 244 2506 304 ABBATIS

3631 246 3766 312 lui

559 360 650 416 55.
697 357 818 413 Non
851 361 1033 426 potest
1062 371 1221 410 mens
1252 356 1334 409 rei
1393 355 1584 430 sensili
1620 355 1713 408 diu
1762 357 2070 422 immorari,

2244 357 2343 427 νγ’.
2383 357 2670 412 ’Δδύνατον
2691 358 2781 411 τὸν
2799 357 2922 412 νοῦν
2946 361 3238 429 πράγματι
3263 360 3536 432 χρονίζειν
3568 367 3765 435 αἰσθη-

491 451 599 506 nisi
635 448 864 503 omnino
904 446 972 500 ad
1007 445 1157 500 illam
1181 445 1468 499 alliciatur.

561 541 652 595 54.
703 539 856 593 Mens
901 535 1150 606 perfecta
1183 543 1269 590 est
1321 551 1490 606 quam
1547 535 1781 590 scientia
1811 536 2069 605 perlicit;

489 633 672 688 anima
709 644 844 684 vero
866 627 1170 682 virtutibus
1195 626 1477 681 roborata.

678 724 879 778 Mentis
903 737 1030 778 eum
1055 721 1314 776 sensibus
1335 720 1739 786 amicitia,eam
1769 719 1901 775 facit
1926 736 2075 775 man-

489 819 701 889 cipium
733 829 1130 886 corporearum
1163 813 1537 882 voluptatum.

563 908 652 962 56.
707 904 942 972 Quando
998 920 1030 960 a
1091 903 1403 958 virtutibus
1459 902 1578 957 suis
1625 901 1898 963 all'ectivae
1923 900 2075 955 vires

490 1008 810 1060 moventur,
874 1004 1010 1051 tunc
1058 996 1229 1051 etiam
1273 1010 1432 1052 mens
1461 1011 1492 1050 a
1545 996 1789 1056 scientia:
1818 1010 1931 1054 sua:
1952 994 2076 1055 loco

489 1091 838 1146 dcturbatur.

566 1183 655 1236 57.
679 1180 1007 1249 Accepimus
1033 1187 1364 1250 potestatem
1401 1178 1545 1238 ﬁlios
1587 1179 1682 1232 Dei
1721 1176 1844 1233 ﬁeri
1879 1179 1894 1220 ί
1929 1194 1944 1243 ;
1977 1177 2075 1234 sed

493 1295 603 1333 non
634 1277 862 1340 erimus,
897 1274 1004 1328 nisi
1040 1275 1367 1328 affectiones
1397 1270 1734 1326 exuerimus.

561 1370 649 1425 58.
681 1369 880 1423 Nullus
904 1382 962 1421 se
985 1375 1145 1436 putet
1169 1365 1344 1418 lilium
1370 1364 1467 1418 Dei
1497 1362 1726 1426 factum,
1754 1359 2077 1416 ellicaciter-

491 1479 600 1532 quc
630 1463 806 1516 Deum
842 1460 900 1514 in
933 1474 992 1514 se
1020 1457 1267 1528 operari,
1306 1456 1356 1512 si
1391 1472 1505 1510 non
1528 1453 1750 1510 divinos
1793 1453 2077 1506 charactee

494 1569 584 1608 res
615 1553 758 1607 intra
783 1567 840 1605 se
866 1548 1201 1620 possederit.

561 1645 649 1699 59.
701 1641 1020 1699 Similitudo
1071 1656 1290 1695 morum
1341 1640 1430 1694 vel
1475 1638 1751 1693 bonorum
1777 1635 1864 1692 vel
1903 1634 2076 1692 malo-

495 1751 619 1789 rum
652 1734 793 1789 lilios
829 1731 963 1788 facit
991 1730 1077 1786 vel
1110 1730 1209 1786 Dei
1245 1730 1330 1788 vel
1353 1729 1590 1788 Satanaz.

563 1906 648 1962 60.
706 1907 801 1960 Vir
846 1904 1162 1975 intelligens
1206 1909 1314 1966 est,
1351 1902 1447 1971 qui
1482 1917 1541 1956 se
1573 1901 1755 1970 ipsum
1819 1900 2075 1966 attendit,

492 2009 550 2053 et
593 1999 819 2053 festinat
874 1997 1170 2066 studetque
1223 1995 1292 2049 ab
1341 1993 1493 2048 omni
1542 1992 1963 2062 inquinamento
1989 2007 2080 2046 ses-

539 2106 704 2144 arari.

539 2106 704 2144 ararL

496 2106 534 2160 Ρ
562 2181 650 2233 61.
687 2177 971 2234 Obcaecata
1021 2179 1226 2240 anima,
1263 2178 1430 2230 etiam
1474 2176 1606 2228 dum
1655 2173 1904 2242 vapulat,
1966 2186 2079 2226 non

497 2273 686 2336 sentit,
723 2268 1248 2338 benefactoremque
1269 2283 1569 2339 agnoscere
1608 2267 1814 2322 renuit.

571 2452 660 2508 62.
694 2448 929 2506 Sordida
955 2447 1128 2503 vestis
1158 2463 1189 2502 e
1221 2446 1430 2502 divinis
1459 2444 1675 2515 nuptiis
1700 2443 1874 2514 ejicit,
1923 2450 2080 2497 exte-

499 2542 842 2610 riorumque'
864 2538 1220 2593 tenebrarum
1251 2537 1592 2607 participem
1627 2533 1761 2587 facit
1788 2531 1832 2585 i.

569 2634 658 2688 65.
691 2633 794 2699 Qui
826 2632 984 2684 timet
1019 2630 1216 2695 Deum,
1249 2630 1335 2684 sui
1375 2628 1554 2698 ipsius
1583 2641 1776 2682 curam
1813 2624 1980 2695 gerit,
2026 2635 2082 2680 et

499 2744 530 2782 ε
553 2743 724 2798 pravo
745 2725 1032 2781 consortio
1051 2740 1109 2780 se
1126 2724 1350 2782 alienat.

576 2901 664 2966 64.
697 2905 1042 2977 lmpossibile
1066 2915 1153 2959 est
1195 2901 1639 2958 misericordiam
1669 2918 1699 2956 a
1723 2902 1834 2956 Deo
1858 2899 2081 2969 assequi

500 3015 662 3063 eum,
735 2998 831 3069 qui
897 2999 1078 3067 ipsum
1127 2993 1528 3062 dereliquerit,
1590 3001 1647 3048 et
1706 2991 2085 3062 voluptatibus

502 3091 698 3146 servit.

573 3181 662 3235 65.
695 3181 985 3234 Neminem
1030 3191 1194 3247 posse
1246 3176 1465 3229 duobus
1495 3173 1737 3228 dominis
1789 3173 2000 3226 servire
2037 3170 2083 3235 ⁸,

501 3290 535 3330 a
567 3274 699 3334 Jesu
735 3273 944 3326 dictum
966 3278 1072 3336 est,
1101 3269 1318 3324 etiamsi
1348 3267 1574 3322 credere
1616 3265 1877 3319 nolimus.

574 3364 662 3418 66.
689 3363 886 3416 Anima
935 3359 1339 3415 affectionibus
1373 3357 1593 3411 sordida
1634 3357 1774 3410 adeo
1813 3355 2086 3409 obcaecata

503 3466 609 3524 est,
636 3465 696 3515 ut
722 3455 830 3510 nisi
857 3461 1077 3510 secetur
1099 3460 1155 3506 et
1187 3459 1403 3515 uratur,
1428 3449 1658 3504 credere
1698 3457 1918 3502 renuat.

574 3637 661 3692 67.
685 3634 998 3690 Obduratos
1021 3629 1298 3686 horrenda
1320 3634 1595 3683 tormenta
1627 3624 1932 3694 excipient:
1958 3637 2084 3676 nam

504 3727 626 3784 sine
657 3726 872 3796 magnis
913 3723 1201 3780 laboribus
1223 3719 1516 3775 mollelicri
1537 3725 1838 3788 nequeunt.

579 3930 668 3984 68.
692 3927 787 3981 Vir
819 3925 1136 3994 intelligens
1189 3918 1486 3975 sollicitam
1543 3918 1628 3973 sui
1661 3933 1852 3974 curam
1903 3917 2080 3987 gerit;

505 4021 765 4088 ultroque
812 4015 1089 4084 susceptis
1141 4011 1472 4075 laboribus,
1529 4027 1626 4065 eos
1680 4025 1821 4079 quos
1875 4009 2083 4064 invitus

504 4109 698 4172 ferret,
727 4103 945 4173 ell‘ugit.

575 4200 664 4254 69.
695 4197 938 4266 Diligens
965 4195 1164 4249 anima:
1189 4208 1322 4247 cura
1363 4191 1418 4244 in
1455 4191 1723 4245 malorum
1755 4189 2083 4244 sustinentia

507 4299 562 4343 et
593 4286 906 4341 humilitate
931 4285 1184 4340 consistit
1212 4300 1226 4338 :
1271 4293 1494 4352 pmpter
1513 4298 1608 4336 eas
1628 4281 1774 4336 enim
1797 4281 1942 4335 Deus
1960 4296 2084 4349 pec-

508 4390 628 4436 cata
656 4379 839 4433 omnia
865 4379 1159 4436 condonat.

580 4470 666 4523 70.
692 4469 850 4522 Sicut
901 4468 1365 4536 concupiscentia:
1394 4473 1450 4518 ct
1479 4465 1574 4518 ira:
1615 4473 1840 4532 peccata
1895 4462 2080 4518 multi-

508 4561 716 4629 plicant
753 4558 799 4626 l;
828 4560 903 4614 ita
925 4558 1268 4613 continentia
1310 4566 1365 4610 et
1400 4554 1687 4609 humilitas
1729 4553 1921 4607 eadem
1967 4556 2083 4609 cxi-

507 4652 762 4705 naniunt.

577 4744 667 4797 71.
699 4743 952 4797 Conterit
987 4756 1086 4795 cor
1135 4739 1360 4794 tristitia
1387 4753 1509 4808 quae
1559 4735 1865 4791 secundum
1909 4736 2081 4790 Deum

505 4843 590 4889 est
623 4846 692 4899 ηις
714 4848 834 4887 eam
868 4833 1014 4902 parit
1044 4831 1140 4885 tibi
1170 4829 1336 4884 timor
1361 4827 1781 4903 suppliciorum.

576 4926 666 4980 72.
691 4925 940 4978 Tristitia
964 4937 1086 4993 qua:
1110 4921 1417 4977 secundum
1445 4920 1615 4973 Deum
1647 4926 1752 4982 est,
1785 4917 1951 4972 corda
1978 4934 2079 4994 pu-

505 5018 704 5083 riﬁcat,
733 5024 788 5071 et
829 5015 900 5070 ab
923 5016 1006 5071 eis
1058 5015 1407 5084 voluptatum
1442 5011 1871 5082 .inquinan'ienta
1924 5010 2081 5064 clon-

503 5121 616 5183 gat.

575 5199 952 5260 75.Patientia
973 5207 1079 5260 est,
1112 5197 1340 5266 quando
1355 5196 1539 5250 anima
1567 5193 1788 5248 labores
1814 5194 1960 5247 ultro
1979 5192 2077 5247 de-

504 5294 727 5362 ditaque
751 5307 919 5360 opera
941 5289 1126 5344 subit:
1165 5289 1259 5343 ubi
1287 5303 1352 5342 ca
1375 5287 1567 5352 fuerit,
1597 5285 1726 5341 inde
1749 5285 1802 5338 in
1823 5285 2074 5339 exsiliunt

503 5379 658 5442 abire
695 5384 1039 5452 voluptatum
1069 5397 1222 5435 amor
1252 5381 1486 5451 cogitur.

572 5478 663 5532 74.
697 5475 943 5542 Quodvis
989 5484 1273 5544 peccatum
1331 5472 1616 5541 voluptate
1673 5469 2073 5534 committitur;

579 5655 758 5712 i.luan
818 5672 852 5717 ι,
893 5654 958 5708 12

2174 450 2272 520 τῷ,
2310 451 2361 502 εὶ
2422 449 2496 520 μὴ
2551 450 2772 514 πάντως
2799 451 2975 514 πάθος
3008 453 3275 522 κέκτηται
3301 455 3440 523 πρὸς
3463 456 3623 512 αὑτό.

2245 537 2338 591 νδ¹.
2369 537 2586 602 Τέλειός
2638 539 2791 590 ἐστιν
2821 540 2848 591 6
2881 541 3008 603 νοῦς
3044 543 3072 594 6
3115 540 3376 606 ποιωθεὶς
3412 548 3480 616 τῇ
3531 546 3779 614 γνώσει’

2173 628 2321 699 ψυχὴ
2347 627 2555 680 δέ’ὲστι
2590 627 2795 695 τελεία,
2827 631 2860 701 ἡ
2920 633 3044 694 ταῖς
3089 634 3314 704 ἀρεταῖς
3362 638 3755 708 ἁνακραθεῖςα

2247 728 2340 776 νε’.
2387 721 2452 774 Ἡ
2499 721 2639 792 πρὸς
2670 721 2768 792 τὴν
2800 723 3055 795 αἴσθησιν
3092 726 3276 796 σχέσις
3303 729 3398 782 τοῦ
3434 731 3550 799 νοῦ,
3583 732 3778 785 δοῦλον

2175 812 2342 867 αὐτὸν
2367 810 2662 882 καθίστησι
2693 813 2807 866 τῶν
2829 815 2924 868 τοῦ
2953 815 3210 886 σώματος
3231 819 3460 888 ἡδονῶν.

2245 910 2353 968 νς’.
2385 903 2682 962 Σαλεύεται
2715 907 2744 959 6
2775 905 2900 969 νοῦς
2935 910 3001 963 ὲκ
3029 907 3124 960 τοῦ
3153 910 3322 963 τόπου
3353 913 3451 982 τῆς
3481 914 3775 980 γνώσεως,

2173 993 2264 1047 ὅτε
2318 992 2381 1045 τὸ
2438 992 2742 1068 παθητικὸν
2771 995 2938 1055 αὑτοῦ
2985 998 3182 1071 κινηθῇ
3218 1001 3283 1053 ὲκ
3304 1001 3412 1054 τῶν
3444 1001 3600 1056 ίδίων
3640 1005 3773 1074 ἁρε-

2171 1101 2303 1140 conn

2247 1173 2346 1240 νζ.
2399 1175 2702 1248 Ἐλάϐομεν
2753 1177 3007 1245 ἐξουσίαν
3061 1180 3230 1236 τέκνα
3264 1183 3525 1252 γενέσθαι
3582 1184 3730 1238 Θεοῦ
3759 1203 3772 1213 ·

2175 1267 2237 1322 οὐ
2270 1269 2537 1339 γινόμεθα
2555 1271 2612 1323 δὲ
2643 1271 2694 1323 εί
2728 1271 2803 1340 μὴ
2824 1271 2896 1326 τὰ
2929 1272 3076 1343 πάθη
3109 1261 3536 1347 ἀποδυσώμεθα.

2247 1367 2350 1430 νη’.
2387 1363 2594 1434 Μηδεὶς
2649 1363 2850 1418 οἰέσθω
2904 1365 3095 1420 τέκνον
3143 1367 3280 1421 Θεοῦ
3327 1372 3448 1422 κατ’
3479 1372 3776 1441 ἐνέργειαν

2174 1452 2480 1520 γεγονέναι,
2521 1455 2690 1523 μήπω
2721 1457 2851 1519 τοὺς
2879 1457 3059 1521 θείους
3097 1464 3458 1532 χαρακτῆρας
3489 1463 3550 1515 ὲν
3585 1464 3774 1535 ἑαυτῷ

2175 1544 2540 1623 κτησάμενος.

2249 1635 2347 1690 νϐ’.
2392 1637 2458 1689 Ἦ
2502 1636 2647 1692 κατὰ
2675 1637 2767 1691 τὸν
2805 1639 3008 1711 τρόπον
3040 1642 3302 1712 ὁμοίωσις
3327 1644 3423 1698 τοῦ
3457 1646 3703 1714 ἀγαθοῦ,
3736 1647 3769 1718 ἦ

2105 1707 2151 1764 Β
2177 1725 2272 1780 τοῦ
2306 1727 2573 1799 πονηροῦ,
2616 1729 2650 1802 ἦ
2685 1728 2781 1782 τοῦ
2820 1707 2957 1784 Θεοῦ
2993 1707 3172 1800 υίοῦς,
3202 1735 3237 1805 ἢ
3263 1707 3358 1792 τοῦ
3383 1707 3626 1797 ⁴ἔζευξανᾰῖ

2177 1817 2490 1887 εργάζεται.
2738 1877 2742 1880 _

2251 1908 2314 1972 ξ’.
2350 1909 2580 1975 Συνετὺς
2628 1910 2767 1984 ἀνὴρ
2797 1914 2826 1966 6
2856 1913 3142 1986 προσέχων
3200 1918 3402 1990 ἐαυτῷ,
3437 1922 3540 1975 καὶ
3601 1923 3773 1978 σπεῦ-

2177 2001 2284 2055 δων
2311 2003 2649 2075 χωρισθῆναι
2669 2005 2780 2059 ἀπὸ
2807 2006 3008 2072 παντὸς
3035 2009 3337 2082 μολυσμοῦ.
3564 2015 3576 2023 ’

2252 2179 2356 2243 Eat'.
2395 2180 2789 2252 Πεπωρωμένη
2829 2183 3000 2254 ψυχὴ,
3039 2187 3414 2259 μαστιζομένη
3436 2189 3544 2242 οὐκ
3576 2191 3779 2246 αἰσθὰο

2179 2288 2351 2335 νεται,
2401 2274 2497 2324 καὶ
2543 2274 2625 2335 είς
2685 2273 3042 2344 συναίσθησιν
3098 2276 3276 2330 ἐλθεῖν
3331 2279 3425 2332 τοῦ
3476 2283 3775 2352 εὐεργέτου

2182 2363 2284 2415 οὐκ
2318 2362 2596 2431 ἀνέχεται.

2256 2454 2353 2525 ξβσ.
2401 2455 2653 2526 Ῥυπαρὰ
2681 2455 2847 2528 ἐσθὴς
2878 2456 3037 2512 θείων
3063 2461 3264 2531 γάμων
3291 2461 3656 2530 exsangui,
3685 2468 3776 2521 καὶ

2183 2547 2441 2600 κοινωνὸν
2470 2546 2856 2616 ἀπεργάζεται
2890 2550 3116 2615 σκότους
3153 2552 3442 2626 ὲξωτέρου.

2256 2636 2356 2706 ξγ’.
2404 2639 2462 2692 '0
2517 2640 2860 2710 φοϐούμενος
2920 2642 3015 2696 τὸν
3069 2644 3223 2711 Θεὸν,
3255 2647 3618 2718 ἐπιμελεῖται
3685 2652 3777 2721 τῆς

2184 2731 2383 2876 ξαυτὲῦ
2439 2732 2640 2804 ψυχῆς,
2673 2735 2770 2789 καὶ
2814 2739 3060 2809 πονηρᾶς
3108 2739 3394 2804 κοινωνίας
3431 2743 3776 2799 ἀπαλλάττει

2217 2840 2316 2876 αυτ
2350 2842 2395 2876 ν.

2217 2840 2395 2880 αυτον.

2257 2915 2350 2982 ξδ’.
2399 2917 2707 2988 ’Λμήχανόν
2737 2919 2853 2972 ἐστι
2878 2923 3064 2990 τυχεῖν
3093 2921 3280 2987 ἐλέους
3299 2924 3438 2979 Θεοῦ
3476 2928 3578 2984 τὸν
3613 2945 3778 2983 κατα-

2111 3054 2156 3111 C
2188 3007 2442 3060 λείπ.ντα
2471 3009 2652 3076 αὑτὸν,
2684 3012 2777 3064 καὶ
2805 3011 3022 3082 ἡδοναῖς
3055 3013 3398 3071 δουλεύοντα.

2261 3188 2352 3256 ξε’.
2396 3190 2605 3261 Ἰησοῦς
2634 3191 2783 3245 ἐστιν
2809 3195 2836 3247 6
2859 3193 3060 3263 λέγων,
3125 3196 3229 3250 κᾶν
3257 3198 3549 3252 πιστεύειν
3583 3202 3654 3254 οὗ
3705 3202 3784 3257 θέο

2188 3279 2388 3349 λωμεν,
2419 3281 2502 3333 ὅτι
2529 3281 2704 3346 οὐδεὶς
2731 3281 2952 3336 δύναται
2981 3285 3104 3338 δυσὶ
3134 3285 3346 3356 κυρίοις
3377 3285 3675 3343 δουλεύειν
3702 3333 3717 3346 .

2260 3371 2369 3438 ξς’.
2411 3373 2758 3428 Ῥυπωθεῖσα
2809 3375 2982 3447 ψυχὴ,
3015 3378 3124 3431 ἀπὸ
3165 3377 3357 3432 παθῶν
3401 3379 3776 3453 πεπὼρωται,

2190 3465 2284 3516 καὶ
2332 3464 2464 3518 ἄνευ
2515 3464 2697 3535 τομῶν
2737 3466 2830 3519 καὶ
2865 3472 3154 3539 καυτήρων
3197 3469 3474 3528 πιστεύειν
3516 3473 3633 3526 οὐκ
3692 3477 3773 3529 ἂν.

2188 3555 2394 3625 έχεται.

2259 3645 2357 3715 ξξ.
2403 3649 2665 3718 Ἐτασμοὶ
2708 3651 2934 3722 φοϐεροὶ
2966 3652 3097 3718 τοὺς
3127 3656 3343 3731 πηροὺς
3381 3656 3737 3729 διαδέχονται
3762 3676 3778 3692 ⁸

2106 3794 2117 3800 ,
2189 3740 2312 3810 δίχα
2369 3739 2478 3810 γὰρ
2540 3741 2795 3810 μεγάλων
2857 3744 3038 3798 πόνων
3093 3747 3439 3820 μαλαχθῆναι
3495 3752 3561 3805 οὐ
3607 3770 3779 3807 καταρ

2188 3832 2450 3902 δέχονται.

2263 3923 2363 3995 ξη’.
2402 3925 2631 3989 Συνετδς
2683 3927 2823 3999 ἀνὴρ
2854 3929 3201 4000 ἐπιμελεῖται
3247 3935 3446 3992 ἑαυτοῦ
3473 3953 3490 3970 ο
3549 3939 3658 3992 καὶ
3717 3937 3780 3992 δι’

2185 4016 2448 4069 ἑκουσίων
2477 4018 2656 4070 πόνων
2681 4020 2810 4084 τοὺς
2843 4022 3138 4087 ἀκουσίους
3172 4025 3455 4097 ἐκφεύγει.

2257 4193 2355 4258 ξθ’.
2398 4196 2717 4266 Ἐπιμέλεια
2742 4197 2945 4268 ψυχῆς,
2973 4201 3322 4257 κακοπάθεια
3357 4203 3450 4256 καὶ
3500 4204 3784 4256 ταπείνω-

2186 4304 2270 4351 σις
2301 4303 2312 4314 ·
2347 4287 2416 4340 δι’
2449 4283 2524 4342 ὦν
2549 4291 2578 4342 6
2616 4289 2750 4354 Θεὸς
2782 4296 3059 4363 συγχωρεῖ
3102 4294 3282 4355 πασας
3321 4296 3632 4364 ἁμαρτίας.

2256 4467 2318 4521 ο’.
2359 4469 2571 4538 Ὥσπερ
2593 4470 2878 4542 ἐπιθυμίαι
2913 4473 3011 4527 καλ
3039 4475 3202 4546 ὀργαὶ
3243 4475 3522 4546 ἁμαρτίας
3568 4478 3784 4549 πληθύ-

2185 4578 2366 4614 νουσιν
2403 4579 2416 4592 ’
2451 4562 2624 4625 οὕτως
2650 4564 2682 4633 ἡ
2713 4564 3012 4634 ἐγκράτεια
3053 4567 3151 4619 καὶ
3189 4569 3525 4631 ταπείνωσις
3552 4569 3778 4632 ἐξαλεί-

2185 4669 2374 4727 φουσιν
2393 4652 2591 4714 αὑτάς.

2255 4749 2356 4797 οα’.
2403 4742 2686 4814 Συντρίὸει
2735 4744 2962 4816 καρδίαν
3004 4744 3150 4816 λύπη
3199 4746 3339 4800 κατὰ
3373 4746 3509 4799 Θεόν
3548 4765 3564 4778 ο
3596 4748 3780 4820 αὐτὴν

2181 4829 2239 4885 δὲ
2271 4831 2447 4884 τίκτει
2475 4832 2636 4900 φόϐος
2668 4833 2962 4898 κολάσεως.

2256 4921 2354 4992 οβ’.
2393 4923 2550 4997 ᾼύπη
2581 4925 2722 4978 κατὰ
2751 4925 2885 4978 Θεὸν
2916 4926 3166 4997 καθαίρει
3200 4929 3430 4999 καρδίαν
3458 4943 3472 4958 ⁸
3511 4933 3612 4983 καὶ
3648 4933 3780 4992 τοὺς

2194 5015 2508 5086 μολυσμοῦς
2543 5016 2651 5068 τῶν
2682 5017 2886 5087 ἡδονῶν
2914 5017 3186 5088 μακρὺνει
3209 5019 3305 5071 ἀπ’
3333 5018 3528 5088 αὐτῆς.

2260 5202 2360 5264 ογ’.
2405 5196 2682 5266 ’Υπομονή
2741 5196 2890 5249 ἐστιν
2929 5196 3217 5266 φιλοπονία
3263 5197 3441 5268 ψυχῆς
3470 5213 3484 5226 ο
3527 5197 3667 5252 ἔνθα
3726 5200 3779 5254 δὲ

2189 5285 2498 5356 φιλοπονία,
2532 5285 2812 5356 φιληδονία
2844 5285 3157 5357 ἐξώρισται.

2257 5466 2348 5520 ιδ’.
2419 5467 2573 5519 Πᾶσα
2635 5469 2883 5536 ἁμαρτία
2953 5467 3044 5521 διὰ
3081 5469 3178 5541 τὴν
3232 5470 3425 5541 ἡδονὴν
3504 5472 3773 5541 γίνεταιο

1064 5666 1075 5703 ι
1129 5653 1322 5709 Matth.
1362 5669 1492 5718 χχιι,
1531 5651 1615 5718 12,
1656 5651 1741 5705 15.
1823 5651 1844 5688 ι
1879 5649 2072 5705 Matth.

2233 5647 2307 5702 ait,
2391 5645 2403 5683 ¹
2437 5647 2606 5701 Eccli.
2645 5663 2770 5701 X32!!!
2797 5647 3022 5718 passim.
3099 5648 3326 5706 mEccle.
3362 5663 3462 5718 vn,
3494 5651 3551 5709 5.
