  <div class='ocr_page' id='page_1' title='image "/cluster/home/n/w/nwhite01/storage/ocr_20150623/91/hvd.32044052742962/726.png"; bbox 0 0 3946 6206; ppageno 0'>
   <div class='ocr_carea' id='block_1_1' title="bbox 216 276 354 343">
    <p class='ocr_par' dir='ltr' id='par_1_1' title="bbox 216 276 354 343">
     <span class='ocr_line' id='line_1_1' title="bbox 216 276 354 343; baseline 0.007 -1"><span class='ocrx_word' id='word_1_1' title='bbox 216 276 354 343; x_wconf 72' lang='grc'>1445</span> 
     </span>
    </p>
   </div>
   <div class='ocr_carea' id='block_1_2' title="bbox 1577 271 2085 334">
    <p class='ocr_par' dir='ltr' id='par_1_2' title="bbox 1577 271 2085 334">
     <span class='ocr_line' id='line_1_2' title="bbox 1577 271 2085 334; baseline -0.008 0"><span class='ocrx_word' id='word_1_2' title='bbox 1577 272 1962 334; x_wconf 76' lang='lat' dir='ltr'><strong>CENTURIA</strong></span> <span class='ocrx_word' id='word_1_3' title='bbox 2003 271 2085 331; x_wconf 87' lang='lat' dir='ltr'><strong>II.</strong></span> 
     </span>
    </p>
   </div>
   <div class='ocr_carea' id='block_1_3' title="bbox 3307 256 3444 322">
    <p class='ocr_par' dir='ltr' id='par_1_3' title="bbox 3307 256 3444 322">
     <span class='ocr_line' id='line_1_3' title="bbox 3307 256 3444 322; baseline -0.029 1"><span class='ocrx_word' id='word_1_4' title='bbox 3307 256 3444 322; x_wconf 69' lang='grc'><strong>1446</strong></span> 
     </span>
    </p>
   </div>
   <div class='ocr_carea' id='block_1_4' title="bbox 207 367 1831 457">
    <p class='ocr_par' dir='ltr' id='par_1_4' title="bbox 207 380 1831 457">
     <span class='ocr_line' id='line_1_4' title="bbox 207 380 1831 457; baseline -0.008 -13"><span class='ocrx_word' id='word_1_5' title='bbox 207 391 304 444; x_wconf 80' lang='grc' dir='ltr'>καὶ</span> <span class='ocrx_word' id='word_1_6' title='bbox 336 389 490 442; x_wconf 78' lang='grc' dir='ltr'>πᾶσα</span> <span class='ocrx_word' id='word_1_7' title='bbox 535 386 878 457; x_wconf 77' lang='grc' dir='ltr'><strong>συγχώρησις</strong></span> <span class='ocrx_word' id='word_1_8' title='bbox 899 427 913 449; x_wconf 83' lang='grc'><strong>,</strong></span> <span class='ocrx_word' id='word_1_9' title='bbox 944 385 1030 439; x_wconf 75' lang='grc' dir='ltr'>διὰ</span> <span class='ocrx_word' id='word_1_10' title='bbox 1083 386 1182 456; x_wconf 81' lang='grc' dir='ltr'>τὴν</span> <span class='ocrx_word' id='word_1_11' title='bbox 1230 382 1600 436; x_wconf 67' lang='grc' dir='ltr'><strong>κακοπάθειαν</strong></span> <span class='ocrx_word' id='word_1_12' title='bbox 1633 421 1648 446; x_wconf 93' lang='grc'><strong>,</strong></span> <span class='ocrx_word' id='word_1_13' title='bbox 1686 380 1780 433; x_wconf 74' lang='grc' dir='ltr'><strong>καὶ</strong></span> <span class='ocrx_word' id='word_1_14' title='bbox 1809 390 1831 441; x_wconf 65' lang='lat'><em>1</em></span> 
     </span>
    </p>
   </div>
   <div class='ocr_carea' id='block_1_5' title="bbox 1953 367 3448 457">
    <p class='ocr_par' dir='ltr' id='par_1_5' title="bbox 1955 367 3448 442">
     <span class='ocr_line' id='line_1_5' title="bbox 1955 367 3448 442; baseline -0.004 -11"><span class='ocrx_word' id='word_1_15' title='bbox 1955 377 2194 432; x_wconf 91' lang='lat' dir='ltr'><strong>mittitur</strong></span> <span class='ocrx_word' id='word_1_16' title='bbox 2247 383 2428 429; x_wconf 90' lang='lat' dir='ltr'><strong>autem</strong></span> <span class='ocrx_word' id='word_1_17' title='bbox 2480 387 2580 442; x_wconf 91' lang='lat' dir='ltr'><strong>per</strong></span> <span class='ocrx_word' id='word_1_18' title='bbox 2632 371 2904 426; x_wconf 90' lang='lat' dir='ltr'><strong>malorum</strong></span> <span class='ocrx_word' id='word_1_19' title='bbox 2958 367 3345 424; x_wconf 87' lang='lat' dir='ltr'><strong>sustinentiam</strong></span> <span class='ocrx_word' id='word_1_20' title='bbox 3387 380 3448 425; x_wconf 86' lang='lat' dir='ltr'><strong>et</strong></span> 
     </span>
    </p>
   </div>
   <div class='ocr_carea' id='block_1_6' title="bbox 126 481 406 559">
    <p class='ocr_par' dir='ltr' id='par_1_6' title="bbox 126 481 406 559">
     <span class='ocr_line' id='line_1_6' title="bbox 126 481 406 559; baseline 0 -25"><span class='ocrx_word' id='word_1_21' title='bbox 126 556 128 559; x_wconf 21' lang='grc' dir='ltr'><strong>Ι</strong></span> <span class='ocrx_word' id='word_1_22' title='bbox 205 481 406 551; x_wconf 83' lang='grc' dir='ltr'><strong>λύπην.</strong></span> 
     </span>
    </p>
   </div>
   <div class='ocr_carea' id='block_1_7' title="bbox 286 557 1780 636">
    <p class='ocr_par' dir='ltr' id='par_1_7' title="bbox 286 557 1780 636">
     <span class='ocr_line' id='line_1_7' title="bbox 286 557 1780 636; baseline -0.007 -11"><span class='ocrx_word' id='word_1_23' title='bbox 286 571 378 625; x_wconf 86' lang='grc' dir='ltr'>οε’.</span> <span class='ocrx_word' id='word_1_24' title='bbox 435 557 740 632; x_wconf 76' lang='grc' dir='ltr'>’Λκουσίοις</span> <span class='ocrx_word' id='word_1_25' title='bbox 771 571 956 630; x_wconf 80' lang='grc' dir='ltr'><strong>πόνοις</strong></span> <span class='ocrx_word' id='word_1_26' title='bbox 982 565 1125 620; x_wconf 85' lang='grc' dir='ltr'><strong>κατὰ</strong></span> <span class='ocrx_word' id='word_1_27' title='bbox 1157 567 1415 636; x_wconf 85' lang='grc' dir='ltr'>πρόνοιαν</span> <span class='ocrx_word' id='word_1_28' title='bbox 1444 562 1780 633; x_wconf 79' lang='grc' dir='ltr'><strong>περιπίπτει,</strong></span> 
     </span>
    </p>
   </div>
   <div class='ocr_carea' id='block_1_8' title="bbox 213 657 1641 730">
    <p class='ocr_par' dir='ltr' id='par_1_8' title="bbox 213 657 1641 730">
     <span class='ocr_line' id='line_1_8' title="bbox 213 657 1641 730; baseline -0.007 -12"><span class='ocrx_word' id='word_1_29' title='bbox 213 667 242 723; x_wconf 91' lang='lat'><strong>6</strong></span> <span class='ocrx_word' id='word_1_30' title='bbox 268 664 335 718; x_wconf 76' lang='grc' dir='ltr'>δι’</span> <span class='ocrx_word' id='word_1_31' title='bbox 375 663 645 717; x_wconf 77' lang='grc' dir='ltr'><strong>ἑκουσίων</strong></span> <span class='ocrx_word' id='word_1_32' title='bbox 671 662 849 730; x_wconf 85' lang='grc' dir='ltr'>πόνων</span> <span class='ocrx_word' id='word_1_33' title='bbox 878 662 1160 730; x_wconf 82' lang='grc' dir='ltr'>μετανοεῖν</span> <span class='ocrx_word' id='word_1_34' title='bbox 1197 659 1270 730; x_wconf 79' lang='grc' dir='ltr'>μὴ</span> <span class='ocrx_word' id='word_1_35' title='bbox 1299 657 1641 725; x_wconf 83' lang='grc' dir='ltr'>ἀνεχόμενος.</span> 
     </span>
    </p>
   </div>
   <div class='ocr_carea' id='block_1_9' title="bbox 283 829 1788 909">
    <p class='ocr_par' dir='ltr' id='par_1_9' title="bbox 283 829 1788 909">
     <span class='ocr_line' id='line_1_9' title="bbox 283 829 1788 909; baseline -0.009 -15"><span class='ocrx_word' id='word_1_36' title='bbox 283 849 394 906; x_wconf 67' lang='grc' dir='ltr'>οςν.</span> <span class='ocrx_word' id='word_1_37' title='bbox 430 841 624 909; x_wconf 76' lang='grc' dir='ltr'>Σωτήρ</span> <span class='ocrx_word' id='word_1_38' title='bbox 673 841 821 892; x_wconf 79' lang='grc' dir='ltr'>ἐστιν</span> <span class='ocrx_word' id='word_1_39' title='bbox 858 841 886 892; x_wconf 96' lang='lat'><strong>6</strong></span> <span class='ocrx_word' id='word_1_40' title='bbox 943 839 1179 909; x_wconf 81' lang='grc' dir='ltr'>Χριστὸς</span> <span class='ocrx_word' id='word_1_41' title='bbox 1211 837 1308 891; x_wconf 90' lang='grc' dir='ltr'><strong>τοῦ</strong></span> <span class='ocrx_word' id='word_1_42' title='bbox 1351 835 1664 904; x_wconf 81' lang='grc' dir='ltr'>σύμπαντος</span> <span class='ocrx_word' id='word_1_43' title='bbox 1697 829 1788 882; x_wconf 67' lang='lat'><strong>7.6-</strong></span> 
     </span>
    </p>
   </div>
   <div class='ocr_carea' id='block_1_10' title="bbox 224 922 1790 1003">
    <p class='ocr_par' dir='ltr' id='par_1_10' title="bbox 224 922 1790 1003">
     <span class='ocr_line' id='line_1_10' title="bbox 224 922 1790 1003; baseline -0.008 -17"><span class='ocrx_word' id='word_1_44' title='bbox 224 951 365 1003; x_wconf 82' lang='grc' dir='ltr'>σμου</span> <span class='ocrx_word' id='word_1_45' title='bbox 391 950 404 964; x_wconf 76' lang='grc' dir='ltr'><strong>ο</strong></span> <span class='ocrx_word' id='word_1_46' title='bbox 444 932 536 984; x_wconf 68' lang='grc' dir='ltr'>καὶ</span> <span class='ocrx_word' id='word_1_47' title='bbox 557 931 655 1002; x_wconf 76' lang='grc' dir='ltr'>τὴν</span> <span class='ocrx_word' id='word_1_48' title='bbox 684 931 974 1002; x_wconf 86' lang='grc' dir='ltr'>μετάνοιαν</span> <span class='ocrx_word' id='word_1_49' title='bbox 1018 932 1098 994; x_wconf 86' lang='grc' dir='ltr'><strong>είς</strong></span> <span class='ocrx_word' id='word_1_50' title='bbox 1130 928 1404 999; x_wconf 84' lang='grc' dir='ltr'><strong>σωτηρίαν</strong></span> <span class='ocrx_word' id='word_1_51' title='bbox 1428 929 1540 989; x_wconf 85' lang='grc' dir='ltr'>τοῖς</span> <span class='ocrx_word' id='word_1_52' title='bbox 1582 922 1790 993; x_wconf 83' lang='grc' dir='ltr'>ἀνθρώ-</span> 
     </span>
    </p>
   </div>
   <div class='ocr_carea' id='block_1_11' title="bbox 219 1025 672 1094">
    <p class='ocr_par' dir='ltr' id='par_1_11' title="bbox 219 1025 672 1094">
     <span class='ocr_line' id='line_1_11' title="bbox 219 1025 672 1094; baseline 0.011 -19"><span class='ocrx_word' id='word_1_53' title='bbox 219 1041 340 1087; x_wconf 61' lang='grc' dir='ltr'>ποις</span> <span class='ocrx_word' id='word_1_54' title='bbox 363 1025 672 1094; x_wconf 77' lang='grc' dir='ltr'>ἐχαρίσατο.</span> 
     </span>
    </p>
   </div>
   <div class='ocr_carea' id='block_1_12' title="bbox 293 1104 1790 1183">
    <p class='ocr_par' dir='ltr' id='par_1_12' title="bbox 293 1104 1790 1183">
     <span class='ocr_line' id='line_1_12' title="bbox 293 1104 1790 1183; baseline -0.005 -19"><span class='ocrx_word' id='word_1_55' title='bbox 293 1110 390 1176; x_wconf 68' lang='grc' dir='ltr'>οξ.</span> <span class='ocrx_word' id='word_1_56' title='bbox 427 1113 672 1183; x_wconf 85' lang='grc' dir='ltr'>Τήρησιν</span> <span class='ocrx_word' id='word_1_57' title='bbox 707 1110 938 1164; x_wconf 75' lang='grc' dir='ltr'>ἐντολῶν</span> <span class='ocrx_word' id='word_1_58' title='bbox 978 1109 1152 1162; x_wconf 79' lang='grc' dir='ltr'><strong>τίκτει</strong></span> <span class='ocrx_word' id='word_1_59' title='bbox 1182 1106 1437 1178; x_wconf 84' lang='grc' dir='ltr'>μετάνοια</span> <span class='ocrx_word' id='word_1_60' title='bbox 1469 1121 1484 1136; x_wconf 73' lang='grc' dir='ltr'><strong>ο</strong></span> <span class='ocrx_word' id='word_1_61' title='bbox 1517 1106 1550 1174; x_wconf 82' lang='grc' dir='ltr'>ἡ</span> <span class='ocrx_word' id='word_1_62' title='bbox 1577 1104 1634 1157; x_wconf 84' lang='grc' dir='ltr'>δὲ</span> <span class='ocrx_word' id='word_1_63' title='bbox 1684 1104 1790 1156; x_wconf 87' lang='grc' dir='ltr'><strong>τῶν</strong></span> 
     </span>
    </p>
   </div>
   <div class='ocr_carea' id='block_1_13' title="bbox 219 1197 1552 1278">
    <p class='ocr_par' dir='ltr' id='par_1_13' title="bbox 219 1197 1552 1278">
     <span class='ocr_line' id='line_1_13' title="bbox 219 1197 1552 1278; baseline -0.005 -23"><span class='ocrx_word' id='word_1_64' title='bbox 219 1204 452 1257; x_wconf 84' lang='grc' dir='ltr'>ἐντολῶν</span> <span class='ocrx_word' id='word_1_65' title='bbox 477 1205 730 1274; x_wconf 84' lang='grc' dir='ltr'><strong>τήρησις,</strong></span> <span class='ocrx_word' id='word_1_66' title='bbox 759 1203 938 1274; x_wconf 80' lang='grc' dir='ltr'>ψυχῆς</span> <span class='ocrx_word' id='word_1_67' title='bbox 967 1204 1114 1254; x_wconf 82' lang='grc' dir='ltr'>ποιεῖ</span> <span class='ocrx_word' id='word_1_68' title='bbox 1140 1200 1236 1270; x_wconf 84' lang='grc' dir='ltr'>τὴν</span> <span class='ocrx_word' id='word_1_69' title='bbox 1265 1197 1552 1278; x_wconf 80' lang='grc' dir='ltr'>κάθαρσιν.</span> 
     </span>
    </p>
   </div>
   <div class='ocr_carea' id='block_1_14' title="bbox 294 1369 1797 1448">
    <p class='ocr_par' dir='ltr' id='par_1_14' title="bbox 294 1369 1797 1448">
     <span class='ocr_line' id='line_1_14' title="bbox 294 1369 1797 1448; baseline -0.006 -17"><span class='ocrx_word' id='word_1_70' title='bbox 294 1377 397 1448; x_wconf 87' lang='grc' dir='ltr'>οη⁹.</span> <span class='ocrx_word' id='word_1_71' title='bbox 443 1377 506 1430; x_wconf 86' lang='grc' dir='ltr'>Ἡ</span> <span class='ocrx_word' id='word_1_72' title='bbox 540 1379 639 1447; x_wconf 84' lang='grc' dir='ltr'>τῆς</span> <span class='ocrx_word' id='word_1_73' title='bbox 667 1377 843 1447; x_wconf 75' lang='grc' dir='ltr'>ψυχῆς</span> <span class='ocrx_word' id='word_1_74' title='bbox 876 1376 1166 1447; x_wconf 84' lang='grc' dir='ltr'>κάθαρσις,</span> <span class='ocrx_word' id='word_1_75' title='bbox 1200 1375 1387 1428; x_wconf 88' lang='grc' dir='ltr'>παθῶν</span> <span class='ocrx_word' id='word_1_76' title='bbox 1425 1375 1576 1426; x_wconf 76' lang='grc' dir='ltr'>ἐστιν</span> <span class='ocrx_word' id='word_1_77' title='bbox 1620 1369 1797 1425; x_wconf 80' lang='grc' dir='ltr'>ἁπαλ-</span> 
     </span>
    </p>
   </div>
   <div class='ocr_carea' id='block_1_15' title="bbox 228 1463 1794 1539">
    <p class='ocr_par' dir='ltr' id='par_1_15' title="bbox 228 1463 1794 1539">
     <span class='ocr_line' id='line_1_15' title="bbox 228 1463 1794 1539; baseline -0.003 -20"><span class='ocrx_word' id='word_1_78' title='bbox 228 1467 368 1538; x_wconf 86' lang='grc' dir='ltr'>λαγή</span> <span class='ocrx_word' id='word_1_79' title='bbox 400 1481 414 1496; x_wconf 89' lang='grc'>⁶</span> <span class='ocrx_word' id='word_1_80' title='bbox 454 1468 573 1539; x_wconf 82' lang='grc' dir='ltr'><strong>ἡδὲ</strong></span> <span class='ocrx_word' id='word_1_81' title='bbox 627 1467 736 1520; x_wconf 88' lang='grc' dir='ltr'><strong>τῶν</strong></span> <span class='ocrx_word' id='word_1_82' title='bbox 777 1468 966 1521; x_wconf 82' lang='grc' dir='ltr'>παθῶν</span> <span class='ocrx_word' id='word_1_83' title='bbox 1004 1465 1318 1536; x_wconf 78' lang='grc' dir='ltr'>ἀπαλλαγὴ,</span> <span class='ocrx_word' id='word_1_84' title='bbox 1351 1464 1572 1534; x_wconf 81' lang='grc' dir='ltr'><strong>ἀγάπην</strong></span> <span class='ocrx_word' id='word_1_85' title='bbox 1621 1463 1794 1514; x_wconf 81' lang='grc' dir='ltr'>τίκτει</span> 
     </span>
    </p>
   </div>
   <div class='ocr_carea' id='block_1_16' title="bbox 219 1553 375 1607">
    <p class='ocr_par' dir='ltr' id='par_1_16' title="bbox 219 1553 375 1607">
     <span class='ocr_line' id='line_1_16' title="bbox 219 1553 375 1607; baseline 0.006 -1"><span class='ocrx_word' id='word_1_86' title='bbox 219 1553 375 1607; x_wconf 84' lang='grc' dir='ltr'>Θεοῦ.</span> 
     </span>
    </p>
   </div>
   <div class='ocr_carea' id='block_1_17' title="bbox 299 1640 1800 1717">
    <p class='ocr_par' dir='ltr' id='par_1_17' title="bbox 299 1640 1800 1717">
     <span class='ocr_line' id='line_1_17' title="bbox 299 1640 1800 1717; baseline -0.004 -19"><span class='ocrx_word' id='word_1_87' title='bbox 299 1646 404 1698; x_wconf 83' lang='lat'><strong>00&#39;.</strong></span> <span class='ocrx_word' id='word_1_88' title='bbox 437 1645 599 1717; x_wconf 79' lang='grc' dir='ltr'>Ψυχὴ</span> <span class='ocrx_word' id='word_1_89' title='bbox 653 1644 870 1716; x_wconf 79' lang='grc' dir='ltr'>καθαρὰ</span> <span class='ocrx_word' id='word_1_90' title='bbox 925 1646 959 1715; x_wconf 77' lang='grc' dir='ltr'>ἡ</span> <span class='ocrx_word' id='word_1_91' title='bbox 1017 1643 1107 1696; x_wconf 73' lang='grc' dir='ltr'>τὸν</span> <span class='ocrx_word' id='word_1_92' title='bbox 1161 1643 1296 1696; x_wconf 83' lang='grc' dir='ltr'>Θεὸν</span> <span class='ocrx_word' id='word_1_93' title='bbox 1349 1641 1643 1711; x_wconf 76' lang='grc' dir='ltr'>ἀγαπῶσα,</span> <span class='ocrx_word' id='word_1_94' title='bbox 1701 1640 1800 1692; x_wconf 77' lang='grc' dir='ltr'>καὶ</span> 
     </span>
    </p>
   </div>
   <div class='ocr_carea' id='block_1_18' title="bbox 225 1733 1442 1808">
    <p class='ocr_par' dir='ltr' id='par_1_18' title="bbox 225 1733 1442 1808">
     <span class='ocr_line' id='line_1_18' title="bbox 225 1733 1442 1808; baseline -0.004 -19"><span class='ocrx_word' id='word_1_95' title='bbox 225 1736 348 1800; x_wconf 90' lang='grc' dir='ltr'>νοῦς</span> <span class='ocrx_word' id='word_1_96' title='bbox 381 1739 528 1790; x_wconf 79' lang='grc' dir='ltr'>ἐστιν</span> <span class='ocrx_word' id='word_1_97' title='bbox 557 1736 798 1808; x_wconf 83' lang='grc' dir='ltr'>καθαρὸς</span> <span class='ocrx_word' id='word_1_98' title='bbox 830 1737 858 1788; x_wconf 81' lang='grc' dir='ltr'>ὁ</span> <span class='ocrx_word' id='word_1_99' title='bbox 878 1736 1103 1802; x_wconf 76' lang='grc' dir='ltr'>ἀγνοίας</span> <span class='ocrx_word' id='word_1_100' title='bbox 1135 1733 1442 1803; x_wconf 82' lang='grc' dir='ltr'>χωρισθείς.</span> 
     </span>
    </p>
   </div>
   <div class='ocr_carea' id='block_1_19' title="bbox 296 1821 1796 1899">
    <p class='ocr_par' dir='ltr' id='par_1_19' title="bbox 296 1821 1796 1899">
     <span class='ocr_line' id='line_1_19' title="bbox 296 1821 1796 1899; baseline -0.004 -19"><span class='ocrx_word' id='word_1_101' title='bbox 296 1833 373 1880; x_wconf 83' lang='grc' dir='ltr'>π’.</span> <span class='ocrx_word' id='word_1_102' title='bbox 417 1827 590 1899; x_wconf 80' lang='grc' dir='ltr'>’Υπὲρ</span> <span class='ocrx_word' id='word_1_103' title='bbox 635 1829 744 1880; x_wconf 85' lang='grc' dir='ltr'><strong>τῶν</strong></span> <span class='ocrx_word' id='word_1_104' title='bbox 794 1827 1026 1880; x_wconf 71' lang='grc' dir='ltr'>ἐντολῶν</span> <span class='ocrx_word' id='word_1_105' title='bbox 1077 1825 1170 1878; x_wconf 84' lang='grc' dir='ltr'><strong>τοῦ</strong></span> <span class='ocrx_word' id='word_1_106' title='bbox 1205 1823 1339 1878; x_wconf 82' lang='grc' dir='ltr'>Θεοῦ</span> <span class='ocrx_word' id='word_1_107' title='bbox 1378 1824 1539 1894; x_wconf 88' lang='grc' dir='ltr'>μέχρι</span> <span class='ocrx_word' id='word_1_108' title='bbox 1567 1821 1796 1877; x_wconf 84' lang='grc' dir='ltr'>θανάτου</span> 
     </span>
    </p>
   </div>
   <div class='ocr_carea' id='block_1_20' title="bbox 224 1911 1798 1986">
    <p class='ocr_par' dir='ltr' id='par_1_20' title="bbox 224 1911 1798 1986">
     <span class='ocr_line' id='line_1_20' title="bbox 224 1911 1798 1986; baseline -0.006 -13"><span class='ocrx_word' id='word_1_109' title='bbox 224 1918 523 1986; x_wconf 77' lang='grc' dir='ltr'>ἀγώνισαι,</span> <span class='ocrx_word' id='word_1_110' title='bbox 574 1920 657 1972; x_wconf 83' lang='grc' dir='ltr'><strong>ὅτι</strong></span> <span class='ocrx_word' id='word_1_111' title='bbox 719 1918 786 1970; x_wconf 83' lang='grc' dir='ltr'>δι’</span> <span class='ocrx_word' id='word_1_112' title='bbox 848 1917 1026 1971; x_wconf 76' lang='grc' dir='ltr'>αὐτῶν</span> <span class='ocrx_word' id='word_1_113' title='bbox 1066 1915 1362 1985; x_wconf 77' lang='grc' dir='ltr'>καθαρθεὶς</span> <span class='ocrx_word' id='word_1_114' title='bbox 1399 1916 1477 1976; x_wconf 84' lang='grc' dir='ltr'><strong>είς</strong></span> <span class='ocrx_word' id='word_1_115' title='bbox 1513 1914 1613 1983; x_wconf 83' lang='grc' dir='ltr'><strong>τὴν</strong></span> <span class='ocrx_word' id='word_1_116' title='bbox 1655 1911 1798 1982; x_wconf 82' lang='grc' dir='ltr'>ζωὴν</span> 
     </span>
    </p>
   </div>
   <div class='ocr_carea' id='block_1_21' title="bbox 232 2011 820 2081">
    <p class='ocr_par' dir='ltr' id='par_1_21' title="bbox 232 2011 820 2081">
     <span class='ocr_line' id='line_1_21' title="bbox 232 2011 820 2081; baseline -0.003 -18"><span class='ocrx_word' id='word_1_117' title='bbox 232 2011 541 2081; x_wconf 79' lang='grc' dir='ltr'>εἰσελεύσῃ.</span> <span class='ocrx_word' id='word_1_118' title='bbox 818 2077 820 2079; x_wconf 2' lang='grc' dir='ltr'><strong>η</strong></span> 
     </span>
    </p>
   </div>
   <div class='ocr_carea' id='block_1_22' title="bbox 306 2091 1797 2167">
    <p class='ocr_par' dir='ltr' id='par_1_22' title="bbox 306 2091 1797 2167">
     <span class='ocr_line' id='line_1_22' title="bbox 306 2091 1797 2167; baseline -0.003 -19"><span class='ocrx_word' id='word_1_119' title='bbox 306 2103 422 2150; x_wconf 90' lang='grc' dir='ltr'>πα’.</span> <span class='ocrx_word' id='word_1_120' title='bbox 454 2098 672 2167; x_wconf 81' lang='grc' dir='ltr'>Χρῆσαι</span> <span class='ocrx_word' id='word_1_121' title='bbox 708 2096 784 2165; x_wconf 80' lang='grc' dir='ltr'><strong>τῷ</strong></span> <span class='ocrx_word' id='word_1_122' title='bbox 809 2095 1022 2164; x_wconf 85' lang='grc' dir='ltr'>σώματι</span> <span class='ocrx_word' id='word_1_123' title='bbox 1051 2095 1126 2157; x_wconf 84' lang='grc' dir='ltr'>ὡς</span> <span class='ocrx_word' id='word_1_124' title='bbox 1154 2094 1401 2164; x_wconf 77' lang='grc' dir='ltr'>ὑπηρέτῃ</span> <span class='ocrx_word' id='word_1_125' title='bbox 1429 2093 1535 2146; x_wconf 90' lang='grc' dir='ltr'><strong>τῶν</strong></span> <span class='ocrx_word' id='word_1_126' title='bbox 1551 2091 1797 2157; x_wconf 76' lang='grc' dir='ltr'>ἐντολῶν,</span> 
     </span>
    </p>
   </div>
   <div class='ocr_carea' id='block_1_23' title="bbox 229 2183 1625 2256">
    <p class='ocr_par' dir='ltr' id='par_1_23' title="bbox 229 2183 1625 2256">
     <span class='ocr_line' id='line_1_23' title="bbox 229 2183 1625 2256; baseline -0.001 -18"><span class='ocrx_word' id='word_1_127' title='bbox 229 2185 497 2238; x_wconf 84' lang='grc' dir='ltr'>ἀνώδυνον</span> <span class='ocrx_word' id='word_1_128' title='bbox 526 2187 656 2240; x_wconf 78' lang='grc' dir='ltr'>αὐτὸ</span> <span class='ocrx_word' id='word_1_129' title='bbox 679 2186 862 2256; x_wconf 85' lang='grc' dir='ltr'>τηρῶν</span> <span class='ocrx_word' id='word_1_130' title='bbox 893 2185 987 2238; x_wconf 72' lang='grc' dir='ltr'>καὶ</span> <span class='ocrx_word' id='word_1_131' title='bbox 1021 2184 1211 2238; x_wconf 79' lang='grc' dir='ltr'>ἄνοσον</span> <span class='ocrx_word' id='word_1_132' title='bbox 1239 2187 1338 2255; x_wconf 79' lang='grc' dir='ltr'>ὅση</span> <span class='ocrx_word' id='word_1_133' title='bbox 1373 2183 1625 2253; x_wconf 87' lang='grc' dir='ltr'>δύναμις.</span> 
     </span>
    </p>
   </div>
   <div class='ocr_carea' id='block_1_24' title="bbox 306 2358 1808 2433">
    <p class='ocr_par' dir='ltr' id='par_1_24' title="bbox 306 2358 1808 2433">
     <span class='ocr_line' id='line_1_24' title="bbox 306 2358 1808 2433; baseline -0.001 -21"><span class='ocrx_word' id='word_1_134' title='bbox 306 2359 417 2429; x_wconf 79' lang='grc' dir='ltr'>πβ’.</span> <span class='ocrx_word' id='word_1_135' title='bbox 453 2361 517 2414; x_wconf 85' lang='grc' dir='ltr'><strong>Ἦ</strong></span> <span class='ocrx_word' id='word_1_136' title='bbox 546 2361 647 2430; x_wconf 81' lang='grc' dir='ltr'><strong>τῆς</strong></span> <span class='ocrx_word' id='word_1_137' title='bbox 672 2361 875 2433; x_wconf 82' lang='grc' dir='ltr'>σαρκὸς</span> <span class='ocrx_word' id='word_1_138' title='bbox 907 2359 1300 2425; x_wconf 63' lang='grc' dir='ltr'>ἐπανάστασις,</span> <span class='ocrx_word' id='word_1_139' title='bbox 1334 2360 1392 2426; x_wconf 78' lang='grc' dir='ltr'>ἐξ</span> <span class='ocrx_word' id='word_1_140' title='bbox 1436 2358 1693 2430; x_wconf 82' lang='grc' dir='ltr'>ἀμελείας</span> <span class='ocrx_word' id='word_1_141' title='bbox 1721 2358 1808 2426; x_wconf 66' lang='grc' dir='ltr'>γίο</span> 
     </span>
    </p>
   </div>
   <div class='ocr_carea' id='block_1_25' title="bbox 231 2448 1808 2522">
    <p class='ocr_par' dir='ltr' id='par_1_25' title="bbox 231 2448 1808 2522">
     <span class='ocr_line' id='line_1_25' title="bbox 231 2448 1808 2522; baseline -0.001 -19"><span class='ocrx_word' id='word_1_142' title='bbox 231 2467 382 2503; x_wconf 86' lang='grc' dir='ltr'>νεται</span> <span class='ocrx_word' id='word_1_143' title='bbox 435 2452 533 2522; x_wconf 79' lang='grc' dir='ltr'><strong>τῆς</strong></span> <span class='ocrx_word' id='word_1_144' title='bbox 592 2451 905 2521; x_wconf 85' lang='grc' dir='ltr'>προσευχῆς</span> <span class='ocrx_word' id='word_1_145' title='bbox 957 2467 1018 2507; x_wconf 84' lang='grc' dir='ltr'><strong>τε</strong></span> <span class='ocrx_word' id='word_1_146' title='bbox 1071 2451 1166 2504; x_wconf 77' lang='grc' dir='ltr'><strong>καὶ</strong></span> <span class='ocrx_word' id='word_1_147' title='bbox 1219 2451 1446 2520; x_wconf 81' lang='grc' dir='ltr'>διαίτης,</span> <span class='ocrx_word' id='word_1_148' title='bbox 1494 2452 1588 2503; x_wconf 78' lang='grc' dir='ltr'>καὶ</span> <span class='ocrx_word' id='word_1_149' title='bbox 1637 2448 1808 2519; x_wconf 83' lang='grc' dir='ltr'>καλῆς</span> 
     </span>
    </p>
   </div>
   <div class='ocr_carea' id='block_1_26' title="bbox 231 2541 483 2612">
    <p class='ocr_par' dir='ltr' id='par_1_26' title="bbox 231 2541 483 2612">
     <span class='ocr_line' id='line_1_26' title="bbox 231 2541 483 2612; baseline 0.004 -20"><span class='ocrx_word' id='word_1_150' title='bbox 231 2541 483 2612; x_wconf 77' lang='grc' dir='ltr'>ἡσυχίας.</span> 
     </span>
    </p>
   </div>
   <div class='ocr_carea' id='block_1_27' title="bbox 305 2630 1809 2704">
    <p class='ocr_par' dir='ltr' id='par_1_27' title="bbox 305 2630 1809 2704">
     <span class='ocr_line' id='line_1_27' title="bbox 305 2630 1809 2704; baseline 0 -21"><span class='ocrx_word' id='word_1_151' title='bbox 305 2638 420 2701; x_wconf 61' lang='lat' dir='ltr'><strong>mf.</strong></span> <span class='ocrx_word' id='word_1_152' title='bbox 447 2630 604 2685; x_wconf 78' lang='grc' dir='ltr'>Καλὰ</span> <span class='ocrx_word' id='word_1_153' title='bbox 644 2631 850 2700; x_wconf 79' lang='grc' dir='ltr'>ἔγγονα</span> <span class='ocrx_word' id='word_1_154' title='bbox 878 2631 1052 2686; x_wconf 83' lang='grc' dir='ltr'>τίκτει</span> <span class='ocrx_word' id='word_1_155' title='bbox 1087 2633 1120 2703; x_wconf 80' lang='grc' dir='ltr'><strong>ἡ</strong></span> <span class='ocrx_word' id='word_1_156' title='bbox 1152 2631 1291 2704; x_wconf 79' lang='grc' dir='ltr'>καλὴ</span> <span class='ocrx_word' id='word_1_157' title='bbox 1330 2631 1530 2702; x_wconf 79' lang='grc' dir='ltr'>ἡσυχία</span> <span class='ocrx_word' id='word_1_158' title='bbox 1557 2647 1571 2661; x_wconf 79' lang='grc' dir='ltr'><strong>ο</strong></span> <span class='ocrx_word' id='word_1_159' title='bbox 1609 2630 1809 2699; x_wconf 76' lang='grc' dir='ltr'>ἐγκρά-</span> 
     </span>
    </p>
   </div>
   <div class='ocr_carea' id='block_1_28' title="bbox 232 2723 1810 2795">
    <p class='ocr_par' dir='ltr' id='par_1_28' title="bbox 232 2723 1810 2795">
     <span class='ocr_line' id='line_1_28' title="bbox 232 2723 1810 2795; baseline -0.001 -19"><span class='ocrx_word' id='word_1_160' title='bbox 232 2740 390 2778; x_wconf 85' lang='grc' dir='ltr'>τειαν</span> <span class='ocrx_word' id='word_1_161' title='bbox 482 2725 576 2776; x_wconf 82' lang='grc' dir='ltr'>καὶ</span> <span class='ocrx_word' id='word_1_162' title='bbox 626 2724 847 2795; x_wconf 85' lang='grc' dir='ltr'>ἀγάπην</span> <span class='ocrx_word' id='word_1_163' title='bbox 923 2725 1017 2777; x_wconf 80' lang='grc' dir='ltr'><strong>καὶ</strong></span> <span class='ocrx_word' id='word_1_164' title='bbox 1090 2725 1187 2793; x_wconf 80' lang='grc' dir='ltr'>τὴν</span> <span class='ocrx_word' id='word_1_165' title='bbox 1265 2723 1572 2795; x_wconf 81' lang='grc' dir='ltr'>προσευχὴν</span> <span class='ocrx_word' id='word_1_166' title='bbox 1642 2724 1810 2777; x_wconf 86' lang='grc' dir='ltr'>καθα-</span> 
     </span>
    </p>
   </div>
   <div class='ocr_carea' id='block_1_29' title="bbox 239 2833 356 2887">
    <p class='ocr_par' dir='ltr' id='par_1_29' title="bbox 239 2833 356 2887">
     <span class='ocr_line' id='line_1_29' title="bbox 239 2833 356 2887; baseline 0.017 -19"><span class='ocrx_word' id='word_1_167' title='bbox 239 2833 356 2887; x_wconf 85' lang='grc' dir='ltr'>ραν.</span> 
     </span>
    </p>
   </div>
   <div class='ocr_carea' id='block_1_30' title="bbox 305 2904 1810 2976">
    <p class='ocr_par' dir='ltr' id='par_1_30' title="bbox 305 2904 1810 2976">
     <span class='ocr_line' id='line_1_30' title="bbox 305 2904 1810 2976; baseline 0.001 -19"><span class='ocrx_word' id='word_1_168' title='bbox 305 2906 415 2958; x_wconf 81' lang='grc' dir='ltr'>πδ’.</span> <span class='ocrx_word' id='word_1_169' title='bbox 469 2905 802 2972; x_wconf 78' lang='grc' dir='ltr'>Ἀνάγνωσις</span> <span class='ocrx_word' id='word_1_170' title='bbox 857 2906 948 2959; x_wconf 66' lang='grc' dir='ltr'><strong>καὶ</strong></span> <span class='ocrx_word' id='word_1_171' title='bbox 1011 2905 1290 2976; x_wconf 83' lang='grc' dir='ltr'>προσευχὴ</span> <span class='ocrx_word' id='word_1_172' title='bbox 1342 2905 1465 2959; x_wconf 83' lang='grc' dir='ltr'>νοῦν</span> <span class='ocrx_word' id='word_1_173' title='bbox 1519 2904 1810 2975; x_wconf 87' lang='grc' dir='ltr'>καθαίρου-</span> 
     </span>
    </p>
   </div>
   <div class='ocr_carea' id='block_1_31' title="bbox 1885 469 2117 523">
    <p class='ocr_par' dir='ltr' id='par_1_31' title="bbox 1885 469 2117 523">
     <span class='ocr_line' id='line_1_31' title="bbox 1885 469 2117 523; baseline -0.004 0"><span class='ocrx_word' id='word_1_174' title='bbox 1885 469 2117 523; x_wconf 87' lang='lat' dir='ltr'><strong>luctum.</strong></span> 
     </span>
    </p>
   </div>
   <div class='ocr_carea' id='block_1_32' title="bbox 1957 550 3452 628">
    <p class='ocr_par' dir='ltr' id='par_1_32' title="bbox 1957 550 3452 628">
     <span class='ocr_line' id='line_1_32' title="bbox 1957 550 3452 628; baseline -0.009 -12"><span class='ocrx_word' id='word_1_175' title='bbox 1957 561 2043 616; x_wconf 83' lang='grc'>75.</span> <span class='ocrx_word' id='word_1_176' title='bbox 2078 558 2339 628; x_wconf 86' lang='lat' dir='ltr'><strong>Quisquis</strong></span> <span class='ocrx_word' id='word_1_177' title='bbox 2359 556 2740 627; x_wconf 68' lang='lat' dir='ltr'><strong>paenitentiam</strong></span> <span class='ocrx_word' id='word_1_178' title='bbox 2762 569 2925 626; x_wconf 85' lang='lat' dir='ltr'><strong>agere</strong></span> <span class='ocrx_word' id='word_1_179' title='bbox 2939 569 3038 624; x_wconf 92' lang='lat' dir='ltr'><strong>per</strong></span> <span class='ocrx_word' id='word_1_180' title='bbox 3059 553 3277 608; x_wconf 82' lang='lat' dir='ltr'><strong>labores</strong></span> <span class='ocrx_word' id='word_1_181' title='bbox 3305 550 3452 605; x_wconf 90' lang='lat' dir='ltr'><strong>ultro</strong></span> 
     </span>
    </p>
   </div>
   <div class='ocr_carea' id='block_1_33' title="bbox 1885 642 3452 720">
    <p class='ocr_par' dir='ltr' id='par_1_33' title="bbox 1885 642 3452 720">
     <span class='ocr_line' id='line_1_33' title="bbox 1885 642 3452 720; baseline -0.006 -16"><span class='ocrx_word' id='word_1_182' title='bbox 1885 665 2171 720; x_wconf 87' lang='lat' dir='ltr'><strong>susceptos</strong></span> <span class='ocrx_word' id='word_1_183' title='bbox 2200 650 2477 711; x_wconf 86' lang='lat' dir='ltr'><strong>renititur,</strong></span> <span class='ocrx_word' id='word_1_184' title='bbox 2511 649 2557 702; x_wconf 88' lang='lat' dir='ltr'><strong>is</strong></span> <span class='ocrx_word' id='word_1_185' title='bbox 2585 656 2805 702; x_wconf 90' lang='lat' dir='ltr'><strong>coactus</strong></span> <span class='ocrx_word' id='word_1_186' title='bbox 2857 646 2912 700; x_wconf 91' lang='lat' dir='ltr'><strong>in</strong></span> <span class='ocrx_word' id='word_1_187' title='bbox 2945 645 3164 699; x_wconf 85' lang='lat' dir='ltr'><strong>labores</strong></span> <span class='ocrx_word' id='word_1_188' title='bbox 3199 642 3293 713; x_wconf 88' lang='lat' dir='ltr'><strong>qui</strong></span> <span class='ocrx_word' id='word_1_189' title='bbox 3340 643 3452 714; x_wconf 86' lang='lat' dir='ltr'><strong>jam</strong></span> 
     </span>
    </p>
   </div>
   <div class='ocr_carea' id='block_1_34' title="bbox 1889 737 3346 808">
    <p class='ocr_par' dir='ltr' id='par_1_34' title="bbox 1889 737 3346 808">
     <span class='ocr_line' id='line_1_34' title="bbox 1889 737 3346 808; baseline -0.001 -18"><span class='ocrx_word' id='word_1_190' title='bbox 1889 738 2216 808; x_wconf 80' lang='lat' dir='ltr'><strong>praedetiniti</strong></span> <span class='ocrx_word' id='word_1_191' title='bbox 2249 747 2397 802; x_wconf 90' lang='lat' dir='ltr'><strong>sunt,</strong></span> <span class='ocrx_word' id='word_1_192' title='bbox 2435 738 2662 801; x_wconf 91' lang='lat' dir='ltr'><strong>incidet,</strong></span> <span class='ocrx_word' id='word_1_193' title='bbox 2697 753 2836 806; x_wconf 88' lang='lat' dir='ltr'><strong>quos</strong></span> <span class='ocrx_word' id='word_1_194' title='bbox 2864 746 2919 790; x_wconf 89' lang='lat' dir='ltr'><strong>et</strong></span> <span class='ocrx_word' id='word_1_195' title='bbox 2951 737 3155 790; x_wconf 81' lang='lat' dir='ltr'><strong>invitus</strong></span> <span class='ocrx_word' id='word_1_196' title='bbox 3187 737 3346 790; x_wconf 84' lang='lat' dir='ltr'><strong>feret.</strong></span> 
     </span>
    </p>
   </div>
   <div class='ocr_carea' id='block_1_35' title="bbox 1961 806 3454 895">
    <p class='ocr_par' dir='ltr' id='par_1_35' title="bbox 1961 806 3454 895">
     <span class='ocr_line' id='line_1_35' title="bbox 1961 806 3454 895; baseline -0.003 -13"><span class='ocrx_word' id='word_1_197' title='bbox 1961 830 2054 884; x_wconf 89' lang='lat'><strong>76.</strong></span> <span class='ocrx_word' id='word_1_198' title='bbox 2082 829 2338 883; x_wconf 83' lang='lat' dir='ltr'><strong>Christus</strong></span> <span class='ocrx_word' id='word_1_199' title='bbox 2362 829 2528 884; x_wconf 82' lang='lat' dir='ltr'><strong>totius</strong></span> <span class='ocrx_word' id='word_1_200' title='bbox 2564 828 2752 882; x_wconf 90' lang='lat' dir='ltr'><strong>mundi</strong></span> <span class='ocrx_word' id='word_1_201' title='bbox 2776 827 3046 890; x_wconf 81' lang='lat' dir='ltr'><strong>Salvator,</strong></span> <span class='ocrx_word' id='word_1_202' title='bbox 3075 836 3160 881; x_wconf 88' lang='lat' dir='ltr'><strong>est</strong></span> <span class='ocrx_word' id='word_1_203' title='bbox 3191 833 3248 880; x_wconf 91' lang='lat' dir='ltr'><strong>et</strong></span> <span class='ocrx_word' id='word_1_204' title='bbox 3277 806 3454 895; x_wconf 47' lang='lat' dir='ltr'><strong>pm&#39;ni-</strong></span> 
     </span>
    </p>
   </div>
   <div class='ocr_carea' id='block_1_36' title="bbox 1892 917 3456 990">
    <p class='ocr_par' dir='ltr' id='par_1_36' title="bbox 1892 917 3456 990">
     <span class='ocr_line' id='line_1_36' title="bbox 1892 917 3456 990; baseline -0.004 -14"><span class='ocrx_word' id='word_1_205' title='bbox 1892 921 2117 977; x_wconf 77' lang='lat' dir='ltr'><strong>tentiam</strong></span> <span class='ocrx_word' id='word_1_206' title='bbox 2150 921 2218 976; x_wconf 86' lang='lat' dir='ltr'><strong>lis</strong></span> <span class='ocrx_word' id='word_1_207' title='bbox 2249 921 2344 990; x_wconf 86' lang='lat' dir='ltr'><strong>qui</strong></span> <span class='ocrx_word' id='word_1_208' title='bbox 2390 935 2511 974; x_wconf 90' lang='lat' dir='ltr'><strong>eam</strong></span> <span class='ocrx_word' id='word_1_209' title='bbox 2548 919 2723 974; x_wconf 91' lang='lat' dir='ltr'><strong>acturi</strong></span> <span class='ocrx_word' id='word_1_210' title='bbox 2761 927 2908 982; x_wconf 92' lang='lat' dir='ltr'><strong>sunt,</strong></span> <span class='ocrx_word' id='word_1_211' title='bbox 2959 919 3012 971; x_wconf 93' lang='lat' dir='ltr'><strong>in</strong></span> <span class='ocrx_word' id='word_1_212' title='bbox 3058 917 3289 972; x_wconf 85' lang='lat' dir='ltr'><strong>salutem</strong></span> <span class='ocrx_word' id='word_1_213' title='bbox 3322 931 3456 970; x_wconf 74' lang='lat' dir='ltr'><strong>eon~</strong></span> 
     </span>
    </p>
   </div>
   <div class='ocr_carea' id='block_1_37' title="bbox 1889 1013 2131 1066">
    <p class='ocr_par' dir='ltr' id='par_1_37' title="bbox 1889 1013 2131 1066">
     <span class='ocr_line' id='line_1_37' title="bbox 1889 1013 2131 1066; baseline -0.012 0"><span class='ocrx_word' id='word_1_214' title='bbox 1889 1013 2055 1066; x_wconf 82' lang='lat' dir='ltr'><strong>cessit</strong></span> <span class='ocrx_word' id='word_1_215' title='bbox 2083 1022 2131 1063; x_wconf 82' lang='grc' dir='ltr'>η.</span> 
     </span>
    </p>
   </div>
   <div class='ocr_carea' id='block_1_38' title="bbox 1964 1097 3455 1170">
    <p class='ocr_par' dir='ltr' id='par_1_38' title="bbox 1964 1097 3455 1170">
     <span class='ocr_line' id='line_1_38' title="bbox 1964 1097 3455 1170; baseline -0.005 -13"><span class='ocrx_word' id='word_1_216' title='bbox 1964 1105 2050 1157; x_wconf 92' lang='grc'><strong>77.</strong></span> <span class='ocrx_word' id='word_1_217' title='bbox 2073 1103 2479 1170; x_wconf 68' lang='grc' dir='ltr'>Ρτεεοερῑοτιιιη</span> <span class='ocrx_word' id='word_1_218' title='bbox 2512 1098 2916 1153; x_wconf 86' lang='lat' dir='ltr'><strong>observantiam</strong></span> <span class='ocrx_word' id='word_1_219' title='bbox 2942 1098 3085 1166; x_wconf 87' lang='lat' dir='ltr'><strong>parit</strong></span> <span class='ocrx_word' id='word_1_220' title='bbox 3101 1097 3455 1168; x_wconf 69' lang='lat' dir='ltr'><strong>paenitentia;</strong></span> 
     </span>
    </p>
   </div>
   <div class='ocr_carea' id='block_1_39' title="bbox 1891 1189 3513 1264">
    <p class='ocr_par' dir='ltr' id='par_1_39' title="bbox 1891 1189 3513 1264">
     <span class='ocr_line' id='line_1_39' title="bbox 1891 1189 3513 1264; baseline -0.004 -18"><span class='ocrx_word' id='word_1_221' title='bbox 1891 1204 2293 1264; x_wconf 72' lang='lat' dir='ltr'><strong>prmceptorum</strong></span> <span class='ocrx_word' id='word_1_222' title='bbox 2327 1207 2459 1245; x_wconf 86' lang='lat' dir='ltr'><strong>vero</strong></span> <span class='ocrx_word' id='word_1_223' title='bbox 2487 1189 2836 1245; x_wconf 86' lang='lat' dir='ltr'><strong>observantia</strong></span> <span class='ocrx_word' id='word_1_224' title='bbox 2879 1193 3075 1243; x_wconf 76' lang='lat' dir='ltr'><strong>anima:</strong></span> <span class='ocrx_word' id='word_1_225' title='bbox 3103 1195 3322 1258; x_wconf 72' lang='lat' dir='ltr'><strong>praestat</strong></span> <span class='ocrx_word' id='word_1_226' title='bbox 3351 1203 3459 1256; x_wconf 92' lang='lat' dir='ltr'><strong>pu-</strong></span> <span class='ocrx_word' id='word_1_227' title='bbox 3510 1209 3513 1213; x_wconf 84' lang='grc'><strong>·</strong></span> 
     </span>
    </p>
   </div>
   <div class='ocr_carea' id='block_1_40' title="bbox 1894 1285 3316 1340">
    <p class='ocr_par' dir='ltr' id='par_1_40' title="bbox 1894 1285 3316 1340">
     <span class='ocr_line' id='line_1_40' title="bbox 1894 1285 3316 1340; baseline -0.003 -2"><span class='ocrx_word' id='word_1_228' title='bbox 1894 1285 2275 1338; x_wconf 83' lang='lat' dir='ltr'><strong>riiicationem.</strong></span> <span class='ocrx_word' id='word_1_229' title='bbox 3313 1337 3316 1340; x_wconf 62' lang='grc'><strong>,</strong></span> 
     </span>
    </p>
   </div>
   <div class='ocr_carea' id='block_1_41' title="bbox 1965 1361 3464 1442">
    <p class='ocr_par' dir='ltr' id='par_1_41' title="bbox 1965 1361 3464 1442">
     <span class='ocr_line' id='line_1_41' title="bbox 1965 1361 3464 1442; baseline -0.005 -11"><span class='ocrx_word' id='word_1_230' title='bbox 1965 1378 2053 1431; x_wconf 87' lang='grc'><strong>78.</strong></span> <span class='ocrx_word' id='word_1_231' title='bbox 2081 1376 2332 1429; x_wconf 85' lang='lat' dir='ltr'><strong>Animam</strong></span> <span class='ocrx_word' id='word_1_232' title='bbox 2355 1371 2669 1442; x_wconf 82' lang='lat' dir='ltr'><strong>puriﬁcare,</strong></span> <span class='ocrx_word' id='word_1_233' title='bbox 2705 1380 2790 1426; x_wconf 86' lang='lat' dir='ltr'><strong>est</strong></span> <span class='ocrx_word' id='word_1_234' title='bbox 2817 1361 2938 1426; x_wconf 82' lang='lat' dir='ltr'><strong>eam</strong></span> <span class='ocrx_word' id='word_1_235' title='bbox 2973 1372 3042 1425; x_wconf 90' lang='lat' dir='ltr'><strong>ab</strong></span> <span class='ocrx_word' id='word_1_236' title='bbox 3076 1369 3464 1426; x_wconf 67' lang='lat' dir='ltr'><strong>affectionibus</strong></span> 
     </span>
    </p>
   </div>
   <div class='ocr_carea' id='block_1_42' title="bbox 1893 1459 3468 1532">
    <p class='ocr_par' dir='ltr' id='par_1_42' title="bbox 1893 1459 3468 1532">
     <span class='ocr_line' id='line_1_42' title="bbox 1893 1459 3468 1532; baseline -0.006 -10"><span class='ocrx_word' id='word_1_237' title='bbox 1893 1469 2162 1532; x_wconf 83' lang='lat' dir='ltr'><strong>liberare;</strong></span> <span class='ocrx_word' id='word_1_238' title='bbox 2198 1481 2262 1520; x_wconf 92' lang='lat' dir='ltr'><strong>ea</strong></span> <span class='ocrx_word' id='word_1_239' title='bbox 2317 1473 2497 1518; x_wconf 90' lang='lat' dir='ltr'><strong>autem</strong></span> <span class='ocrx_word' id='word_1_240' title='bbox 2533 1464 2758 1518; x_wconf 89' lang='lat' dir='ltr'><strong>libertas</strong></span> <span class='ocrx_word' id='word_1_241' title='bbox 2787 1463 3111 1517; x_wconf 87' lang='lat' dir='ltr'><strong>charitatem</strong></span> <span class='ocrx_word' id='word_1_242' title='bbox 3152 1461 3248 1516; x_wconf 86' lang='lat' dir='ltr'><strong>Dei</strong></span> <span class='ocrx_word' id='word_1_243' title='bbox 3301 1459 3468 1514; x_wconf 85' lang='lat' dir='ltr'><strong>nobis</strong></span> 
     </span>
    </p>
   </div>
   <div class='ocr_carea' id='block_1_43' title="bbox 1893 1560 2056 1629">
    <p class='ocr_par' dir='ltr' id='par_1_43' title="bbox 1893 1560 2056 1629">
     <span class='ocr_line' id='line_1_43' title="bbox 1893 1560 2056 1629; baseline 0 -17"><span class='ocrx_word' id='word_1_244' title='bbox 1893 1560 2056 1629; x_wconf 87' lang='lat' dir='ltr'><strong>parit.</strong></span> 
     </span>
    </p>
   </div>
   <div class='ocr_carea' id='block_1_44' title="bbox 1969 1647 3469 1720">
    <p class='ocr_par' dir='ltr' id='par_1_44' title="bbox 1969 1647 3469 1720">
     <span class='ocr_line' id='line_1_44' title="bbox 1969 1647 3469 1720; baseline -0.005 -16"><span class='ocrx_word' id='word_1_245' title='bbox 1969 1651 2054 1704; x_wconf 90' lang='lat'><strong>79.</strong></span> <span class='ocrx_word' id='word_1_246' title='bbox 2078 1651 2270 1704; x_wconf 90' lang='lat' dir='ltr'><strong>Anima</strong></span> <span class='ocrx_word' id='word_1_247' title='bbox 2310 1665 2447 1720; x_wconf 89' lang='lat' dir='ltr'><strong>pura</strong></span> <span class='ocrx_word' id='word_1_248' title='bbox 2483 1660 2587 1713; x_wconf 88' lang='lat' dir='ltr'><strong>est,</strong></span> <span class='ocrx_word' id='word_1_249' title='bbox 2610 1665 2731 1719; x_wconf 66' lang='lat' dir='ltr'><strong>qum</strong></span> <span class='ocrx_word' id='word_1_250' title='bbox 2758 1649 2929 1702; x_wconf 88' lang='lat' dir='ltr'><strong>Deum</strong></span> <span class='ocrx_word' id='word_1_251' title='bbox 2953 1647 3131 1717; x_wconf 80' lang='lat' dir='ltr'><strong>diligit</strong></span> <span class='ocrx_word' id='word_1_252' title='bbox 3157 1662 3171 1711; x_wconf 85' lang='lat'><strong>;</strong></span> <span class='ocrx_word' id='word_1_253' title='bbox 3203 1659 3360 1699; x_wconf 83' lang='lat' dir='ltr'><strong>mens</strong></span> <span class='ocrx_word' id='word_1_254' title='bbox 3376 1658 3469 1697; x_wconf 74' lang='lat' dir='ltr'><strong>ve—</strong></span> 
     </span>
    </p>
   </div>
   <div class='ocr_carea' id='block_1_45' title="bbox 1901 1728 3024 1811">
    <p class='ocr_par' dir='ltr' id='par_1_45' title="bbox 1901 1728 3024 1811">
     <span class='ocr_line' id='line_1_45' title="bbox 1901 1728 3024 1811; baseline -0.003 -17"><span class='ocrx_word' id='word_1_255' title='bbox 1901 1758 1962 1796; x_wconf 90' lang='lat' dir='ltr'><strong>ro</strong></span> <span class='ocrx_word' id='word_1_256' title='bbox 1989 1758 2145 1810; x_wconf 86' lang='lat' dir='ltr'><strong>pura,</strong></span> <span class='ocrx_word' id='word_1_257' title='bbox 2182 1757 2302 1811; x_wconf 66' lang='lat' dir='ltr'><strong>quae</strong></span> <span class='ocrx_word' id='word_1_258' title='bbox 2332 1742 2399 1795; x_wconf 90' lang='lat' dir='ltr'><strong>ab</strong></span> <span class='ocrx_word' id='word_1_259' title='bbox 2432 1741 2741 1810; x_wconf 78' lang='lat' dir='ltr'><strong>ignorantia</strong></span> <span class='ocrx_word' id='word_1_260' title='bbox 2777 1728 3024 1794; x_wconf 86' lang='lat' dir='ltr'><strong>secessit.</strong></span> 
     </span>
    </p>
   </div>
   <div class='ocr_carea' id='block_1_46' title="bbox 1973 1831 3468 1902">
    <p class='ocr_par' dir='ltr' id='par_1_46' title="bbox 1973 1831 3468 1902">
     <span class='ocr_line' id='line_1_46' title="bbox 1973 1831 3468 1902; baseline -0.005 -15"><span class='ocrx_word' id='word_1_261' title='bbox 1973 1833 2058 1887; x_wconf 87' lang='lat'><strong>80.</strong></span> <span class='ocrx_word' id='word_1_262' title='bbox 2085 1835 2190 1888; x_wconf 91' lang='lat' dir='ltr'><strong>Pro</strong></span> <span class='ocrx_word' id='word_1_263' title='bbox 2222 1833 2495 1887; x_wconf 85' lang='lat' dir='ltr'><strong>mandatis</strong></span> <span class='ocrx_word' id='word_1_264' title='bbox 2516 1833 2722 1886; x_wconf 85' lang='lat' dir='ltr'><strong>Christi</strong></span> <span class='ocrx_word' id='word_1_265' title='bbox 2762 1847 2937 1902; x_wconf 90' lang='lat' dir='ltr'><strong>usque</strong></span> <span class='ocrx_word' id='word_1_266' title='bbox 2967 1831 3036 1886; x_wconf 89' lang='lat' dir='ltr'><strong>ad</strong></span> <span class='ocrx_word' id='word_1_267' title='bbox 3089 1836 3324 1886; x_wconf 83' lang='lat' dir='ltr'><strong>mortem</strong></span> <span class='ocrx_word' id='word_1_268' title='bbox 3345 1842 3468 1882; x_wconf 89' lang='lat' dir='ltr'><strong>cer-</strong></span> 
     </span>
    </p>
   </div>
   <div class='ocr_carea' id='block_1_47' title="bbox 1901 1918 3496 1993">
    <p class='ocr_par' dir='ltr' id='par_1_47' title="bbox 1901 1918 3496 1993">
     <span class='ocr_line' id='line_1_47' title="bbox 1901 1918 3496 1993; baseline -0.004 -17"><span class='ocrx_word' id='word_1_269' title='bbox 1901 1931 2003 1976; x_wconf 86' lang='lat' dir='ltr'><strong>ta:</strong></span> <span class='ocrx_word' id='word_1_270' title='bbox 2041 1940 2138 1992; x_wconf 91' lang='lat' dir='ltr'><strong>per</strong></span> <span class='ocrx_word' id='word_1_271' title='bbox 2195 1939 2259 1978; x_wconf 90' lang='lat' dir='ltr'><strong>ea</strong></span> <span class='ocrx_word' id='word_1_272' title='bbox 2319 1923 2467 1977; x_wconf 91' lang='lat' dir='ltr'><strong>enim</strong></span> <span class='ocrx_word' id='word_1_273' title='bbox 2530 1921 2852 1993; x_wconf 82' lang='lat' dir='ltr'><strong>purificatus</strong></span> <span class='ocrx_word' id='word_1_274' title='bbox 2925 1921 2992 1978; x_wconf 90' lang='lat' dir='ltr'><strong>ad</strong></span> <span class='ocrx_word' id='word_1_275' title='bbox 3042 1921 3213 1975; x_wconf 88' lang='lat' dir='ltr'><strong>vitam</strong></span> <span class='ocrx_word' id='word_1_276' title='bbox 3285 1918 3496 1988; x_wconf 75' lang='lat' dir='ltr'><strong>ingre~-</strong></span> 
     </span>
    </p>
   </div>
   <div class='ocr_carea' id='block_1_48' title="bbox 1901 2014 2090 2070">
    <p class='ocr_par' dir='ltr' id='par_1_48' title="bbox 1901 2014 2090 2070">
     <span class='ocr_line' id='line_1_48' title="bbox 1901 2014 2090 2070; baseline 0 -3"><span class='ocrx_word' id='word_1_277' title='bbox 1901 2014 2090 2070; x_wconf 89' lang='lat' dir='ltr'><strong>dieris.</strong></span> 
     </span>
    </p>
   </div>
   <div class='ocr_carea' id='block_1_49' title="bbox 1984 2104 3470 2174">
    <p class='ocr_par' dir='ltr' id='par_1_49' title="bbox 1984 2104 3470 2174">
     <span class='ocr_line' id='line_1_49' title="bbox 1984 2104 3470 2174; baseline 0.001 -15"><span class='ocrx_word' id='word_1_278' title='bbox 1984 2107 2070 2160; x_wconf 82' lang='lat'><strong>81.</strong></span> <span class='ocrx_word' id='word_1_279' title='bbox 2099 2105 2341 2174; x_wconf 87' lang='lat' dir='ltr'><strong>Corpore</strong></span> <span class='ocrx_word' id='word_1_280' title='bbox 2367 2105 2433 2159; x_wconf 88' lang='lat' dir='ltr'><strong>ad</strong></span> <span class='ocrx_word' id='word_1_281' title='bbox 2466 2104 2830 2160; x_wconf 85' lang='lat' dir='ltr'><strong>ministerium</strong></span> <span class='ocrx_word' id='word_1_282' title='bbox 2877 2105 3259 2160; x_wconf 86' lang='lat' dir='ltr'><strong>mandatorum</strong></span> <span class='ocrx_word' id='word_1_283' title='bbox 3291 2113 3470 2168; x_wconf 88' lang='lat' dir='ltr'><strong>utere,</strong></span> 
     </span>
    </p>
   </div>
   <div class='ocr_carea' id='block_1_50' title="bbox 1866 2195 3474 2265">
    <p class='ocr_par' dir='ltr' id='par_1_50' title="bbox 1866 2195 3474 2265">
     <span class='ocr_line' id='line_1_50' title="bbox 1866 2195 3474 2265; baseline -0.001 -14"><span class='ocrx_word' id='word_1_284' title='bbox 1866 2256 1876 2264; x_wconf 61' lang='grc'><em>,</em></span> <span class='ocrx_word' id='word_1_285' title='bbox 1905 2211 2131 2252; x_wconf 85' lang='lat' dir='ltr'><strong>servans</strong></span> <span class='ocrx_word' id='word_1_286' title='bbox 2161 2197 2363 2265; x_wconf 86' lang='lat' dir='ltr'><strong>ipsum,</strong></span> <span class='ocrx_word' id='word_1_287' title='bbox 2393 2202 2659 2264; x_wconf 91' lang='lat' dir='ltr'><strong>quantum</strong></span> <span class='ocrx_word' id='word_1_288' title='bbox 2689 2195 2804 2250; x_wconf 83' lang='lat' dir='ltr'><strong>ﬁeri</strong></span> <span class='ocrx_word' id='word_1_289' title='bbox 2831 2196 3154 2265; x_wconf 88' lang='lat' dir='ltr'><strong>potest,sine</strong></span> <span class='ocrx_word' id='word_1_290' title='bbox 3189 2196 3474 2252; x_wconf 77' lang='lat' dir='ltr'><strong>doloribus</strong></span> 
     </span>
    </p>
   </div>
   <div class='ocr_carea' id='block_1_51' title="bbox 1905 2287 2349 2344">
    <p class='ocr_par' dir='ltr' id='par_1_51' title="bbox 1905 2287 2349 2344">
     <span class='ocr_line' id='line_1_51' title="bbox 1905 2287 2349 2344; baseline -0.007 0"><span class='ocrx_word' id='word_1_291' title='bbox 1905 2300 1960 2344; x_wconf 86' lang='lat' dir='ltr'><strong>et</strong></span> <span class='ocrx_word' id='word_1_292' title='bbox 1987 2289 2105 2342; x_wconf 87' lang='lat' dir='ltr'><strong>sine</strong></span> <span class='ocrx_word' id='word_1_293' title='bbox 2136 2287 2349 2342; x_wconf 86' lang='lat' dir='ltr'><strong>morbo.</strong></span> 
     </span>
    </p>
   </div>
   <div class='ocr_carea' id='block_1_52' title="bbox 1978 2377 3472 2449">
    <p class='ocr_par' dir='ltr' id='par_1_52' title="bbox 1978 2377 3472 2449">
     <span class='ocr_line' id='line_1_52' title="bbox 1978 2377 3472 2449; baseline -0.001 -16"><span class='ocrx_word' id='word_1_294' title='bbox 1978 2380 2066 2433; x_wconf 73' lang='lat'><strong>82.</strong></span> <span class='ocrx_word' id='word_1_295' title='bbox 2116 2378 2312 2434; x_wconf 86' lang='lat' dir='ltr'><strong>Carnis</strong></span> <span class='ocrx_word' id='word_1_296' title='bbox 2363 2377 2682 2442; x_wconf 89' lang='lat' dir='ltr'><strong>seditiones,</strong></span> <span class='ocrx_word' id='word_1_297' title='bbox 2717 2393 2786 2432; x_wconf 78' lang='lat' dir='ltr'><strong>ex</strong></span> <span class='ocrx_word' id='word_1_298' title='bbox 2833 2377 3165 2448; x_wconf 78' lang='lat' dir='ltr'><strong>negligentia</strong></span> <span class='ocrx_word' id='word_1_299' title='bbox 3224 2394 3472 2449; x_wconf 88' lang='lat' dir='ltr'><strong>precum,</strong></span> 
     </span>
    </p>
   </div>
   <div class='ocr_carea' id='block_1_53' title="bbox 1915 2469 3006 2539">
    <p class='ocr_par' dir='ltr' id='par_1_53' title="bbox 1915 2469 3006 2539">
     <span class='ocr_line' id='line_1_53' title="bbox 1915 2469 3006 2539; baseline -0.003 -15"><span class='ocrx_word' id='word_1_300' title='bbox 1915 2470 2092 2525; x_wconf 65' lang='lat' dir='ltr'><strong>diaetae</strong></span> <span class='ocrx_word' id='word_1_301' title='bbox 2118 2470 2470 2538; x_wconf 71' lang='lat' dir='ltr'><strong>honestaeque</strong></span> <span class='ocrx_word' id='word_1_302' title='bbox 2503 2469 2706 2539; x_wconf 89' lang='lat' dir='ltr'><strong>quietis</strong></span> <span class='ocrx_word' id='word_1_303' title='bbox 2728 2469 3006 2523; x_wconf 88' lang='lat' dir='ltr'><strong>oriuntur.</strong></span> 
     </span>
    </p>
   </div>
   <div class='ocr_carea' id='block_1_54' title="bbox 1982 2643 3478 2715">
    <p class='ocr_par' dir='ltr' id='par_1_54' title="bbox 1982 2643 3478 2715">
     <span class='ocr_line' id='line_1_54' title="bbox 1982 2643 3478 2715; baseline 0.001 -15"><span class='ocrx_word' id='word_1_304' title='bbox 1982 2647 2070 2701; x_wconf 72' lang='grc'>85.</span> <span class='ocrx_word' id='word_1_305' title='bbox 2105 2647 2398 2701; x_wconf 87' lang='lat' dir='ltr'><strong>Formosos</strong></span> <span class='ocrx_word' id='word_1_306' title='bbox 2432 2643 2638 2701; x_wconf 87' lang='lat' dir='ltr'><strong>liberos</strong></span> <span class='ocrx_word' id='word_1_307' title='bbox 2672 2645 2909 2701; x_wconf 82' lang='lat' dir='ltr'><strong>formosa</strong></span> <span class='ocrx_word' id='word_1_308' title='bbox 2938 2646 3080 2715; x_wconf 86' lang='lat' dir='ltr'><strong>parit</strong></span> <span class='ocrx_word' id='word_1_309' title='bbox 3103 2647 3293 2715; x_wconf 89' lang='lat' dir='ltr'><strong>quies:</strong></span> <span class='ocrx_word' id='word_1_310' title='bbox 3318 2663 3478 2703; x_wconf 89' lang='lat' dir='ltr'><strong>nem-</strong></span> 
     </span>
    </p>
   </div>
   <div class='ocr_carea' id='block_1_55' title="bbox 1917 2736 3369 2809">
    <p class='ocr_par' dir='ltr' id='par_1_55' title="bbox 1917 2736 3369 2809">
     <span class='ocr_line' id='line_1_55' title="bbox 1917 2736 3369 2809; baseline 0.002 -20"><span class='ocrx_word' id='word_1_311' title='bbox 1917 2751 1983 2804; x_wconf 87' lang='lat' dir='ltr'><strong>pe</strong></span> <span class='ocrx_word' id='word_1_312' title='bbox 2014 2736 2432 2800; x_wconf 88' lang='lat' dir='ltr'><strong>continentiam,</strong></span> <span class='ocrx_word' id='word_1_313' title='bbox 2467 2736 2818 2801; x_wconf 85' lang='lat' dir='ltr'><strong>charitatem,</strong></span> <span class='ocrx_word' id='word_1_314' title='bbox 2853 2751 3130 2809; x_wconf 90' lang='lat' dir='ltr'><strong>purasque</strong></span> <span class='ocrx_word' id='word_1_315' title='bbox 3158 2754 3369 2807; x_wconf 89' lang='lat' dir='ltr'><strong>preces.</strong></span> 
     </span>
    </p>
   </div>
   <div class='ocr_carea' id='block_1_56' title="bbox 1982 2910 3480 2982">
    <p class='ocr_par' dir='ltr' id='par_1_56' title="bbox 1982 2910 3480 2982">
     <span class='ocr_line' id='line_1_56' title="bbox 1982 2910 3480 2982; baseline 0.002 -18"><span class='ocrx_word' id='word_1_316' title='bbox 1982 2912 2069 2965; x_wconf 72' lang='lat' dir='ltr'><strong>8t.</strong></span> <span class='ocrx_word' id='word_1_317' title='bbox 2099 2910 2287 2966; x_wconf 91' lang='lat' dir='ltr'><strong>Lectio</strong></span> <span class='ocrx_word' id='word_1_318' title='bbox 2311 2919 2366 2965; x_wconf 86' lang='lat' dir='ltr'><strong>et</strong></span> <span class='ocrx_word' id='word_1_319' title='bbox 2384 2925 2610 2980; x_wconf 91' lang='lat' dir='ltr'><strong>precum</strong></span> <span class='ocrx_word' id='word_1_320' title='bbox 2643 2911 2858 2982; x_wconf 84' lang='lat' dir='ltr'><strong>puritas</strong></span> <span class='ocrx_word' id='word_1_321' title='bbox 2886 2921 3127 2966; x_wconf 87' lang='lat' dir='ltr'><strong>mentem</strong></span> <span class='ocrx_word' id='word_1_322' title='bbox 3163 2913 3480 2981; x_wconf 85' lang='lat' dir='ltr'><strong>puriﬁcant;</strong></span> 
     </span>
    </p>
   </div>
   <div class='ocr_carea' id='block_1_57' title="bbox 236 2993 1831 3095">
    <p class='ocr_par' dir='ltr' id='par_1_57' title="bbox 236 2993 1810 3065">
     <span class='ocr_line' id='line_1_57' title="bbox 236 2993 1810 3065; baseline 0 -20"><span class='ocrx_word' id='word_1_323' title='bbox 236 3010 322 3046; x_wconf 90' lang='grc' dir='ltr'><strong>σιν</strong></span> <span class='ocrx_word' id='word_1_324' title='bbox 357 3009 370 3021; x_wconf 90' lang='grc'><strong>·</strong></span> <span class='ocrx_word' id='word_1_325' title='bbox 403 2993 592 3064; x_wconf 82' lang='grc' dir='ltr'>ἀγάπη</span> <span class='ocrx_word' id='word_1_326' title='bbox 661 2993 716 3046; x_wconf 83' lang='grc' dir='ltr'><strong>δὲ</strong></span> <span class='ocrx_word' id='word_1_327' title='bbox 762 2993 856 3047; x_wconf 74' lang='grc' dir='ltr'><strong>καὶ</strong></span> <span class='ocrx_word' id='word_1_328' title='bbox 905 2996 1201 3065; x_wconf 78' lang='grc' dir='ltr'>ἐγκράτεια</span> <span class='ocrx_word' id='word_1_329' title='bbox 1258 2997 1318 3046; x_wconf 70' lang='grc' dir='ltr'><strong>τ’)</strong></span> <span class='ocrx_word' id='word_1_330' title='bbox 1370 2993 1672 3064; x_wconf 76' lang='grc' dir='ltr'>παθητικὸν</span> <span class='ocrx_word' id='word_1_331' title='bbox 1713 2996 1810 3063; x_wconf 87' lang='grc' dir='ltr'>τῆς</span> 
     </span>
    </p>
   </div>
   <div class='ocr_carea' id='block_1_58' title="bbox 1953 2993 3486 3095">
    <p class='ocr_par' dir='ltr' id='par_1_58' title="bbox 1953 2999 3486 3070">
     <span class='ocr_line' id='line_1_58' title="bbox 1953 2999 3486 3070; baseline -0.001 -16"><span class='ocrx_word' id='word_1_332' title='bbox 1953 3002 2112 3054; x_wconf 72' lang='lat' dir='ltr'><strong>nimaa</strong></span> <span class='ocrx_word' id='word_1_333' title='bbox 2147 3008 2332 3053; x_wconf 85' lang='lat' dir='ltr'><strong>autem</strong></span> <span class='ocrx_word' id='word_1_334' title='bbox 2370 2999 2680 3053; x_wconf 78' lang='lat' dir='ltr'><strong>aﬂ‘ectivam</strong></span> <span class='ocrx_word' id='word_1_335' title='bbox 2713 3007 2925 3070; x_wconf 88' lang='lat' dir='ltr'><strong>partem</strong></span> <span class='ocrx_word' id='word_1_336' title='bbox 2963 2999 3203 3054; x_wconf 86' lang='lat' dir='ltr'><strong>charitas</strong></span> <span class='ocrx_word' id='word_1_337' title='bbox 3226 3005 3486 3054; x_wconf 82' lang='lat' dir='ltr'><strong>etconti-</strong></span> 
     </span>
    </p>
   </div>
   <div class='ocr_carea' id='block_1_59' title="bbox 224 3084 436 3154">
    <p class='ocr_par' dir='ltr' id='par_1_59' title="bbox 224 3084 436 3154">
     <span class='ocr_line' id='line_1_59' title="bbox 224 3084 436 3154; baseline -0.028 -2"><span class='ocrx_word' id='word_1_338' title='bbox 224 3084 436 3154; x_wconf 66' lang='grc' dir='ltr'><strong>ψυχῆς.</strong></span> 
     </span>
    </p>
   </div>
   <div class='ocr_carea' id='block_1_60' title="bbox 293 3170 1812 3242">
    <p class='ocr_par' dir='ltr' id='par_1_60' title="bbox 293 3170 1812 3242">
     <span class='ocr_line' id='line_1_60' title="bbox 293 3170 1812 3242; baseline -0.003 -15"><span class='ocrx_word' id='word_1_339' title='bbox 293 3190 416 3229; x_wconf 76' lang='grc' dir='ltr'>ςπε.</span> <span class='ocrx_word' id='word_1_340' title='bbox 457 3172 606 3241; x_wconf 86' lang='grc' dir='ltr'>Ἷσην</span> <span class='ocrx_word' id='word_1_341' title='bbox 657 3172 949 3234; x_wconf 77' lang='grc' dir='ltr'>διαπαντὸς</span> <span class='ocrx_word' id='word_1_342' title='bbox 987 3173 1144 3242; x_wconf 80' lang='grc' dir='ltr'>τήρει</span> <span class='ocrx_word' id='word_1_343' title='bbox 1201 3170 1300 3241; x_wconf 84' lang='grc' dir='ltr'>τὴν</span> <span class='ocrx_word' id='word_1_344' title='bbox 1350 3171 1696 3240; x_wconf 80' lang='grc' dir='ltr'>ἐγκράτειαν,</span> <span class='ocrx_word' id='word_1_345' title='bbox 1726 3171 1812 3223; x_wconf 79' lang='grc' dir='ltr'><strong>ἵνα</strong></span> 
     </span>
    </p>
   </div>
   <div class='ocr_carea' id='block_1_61' title="bbox 231 3243 1516 3335">
    <p class='ocr_par' dir='ltr' id='par_1_61' title="bbox 231 3243 1516 3335">
     <span class='ocr_line' id='line_1_61' title="bbox 231 3243 1516 3335; baseline -0.007 -13"><span class='ocrx_word' id='word_1_346' title='bbox 231 3264 322 3334; x_wconf 69' lang='grc' dir='ltr'><strong>μῦι</strong></span> <span class='ocrx_word' id='word_1_347' title='bbox 355 3266 419 3333; x_wconf 74' lang='grc' dir='ltr'>τῇ</span> <span class='ocrx_word' id='word_1_348' title='bbox 444 3263 711 3334; x_wconf 66' lang='grc' dir='ltr'>ἁνομαλίᾳ</span> <span class='ocrx_word' id='word_1_349' title='bbox 738 3266 816 3325; x_wconf 88' lang='grc' dir='ltr'><strong>είς</strong></span> <span class='ocrx_word' id='word_1_350' title='bbox 841 3263 909 3318; x_wconf 83' lang='grc' dir='ltr'><strong>τά</strong></span> <span class='ocrx_word' id='word_1_351' title='bbox 932 3263 1147 3317; x_wconf 75' lang='grc' dir='ltr'>ἐναντία</span> <span class='ocrx_word' id='word_1_352' title='bbox 1181 3262 1375 3335; x_wconf 80' lang='grc' dir='ltr'>πέσῃς.</span> <span class='ocrx_word' id='word_1_353' title='bbox 1512 3243 1516 3247; x_wconf 17' lang='grc' dir='ltr'><strong>λ</strong></span> 
     </span>
    </p>
   </div>
   <div class='ocr_carea' id='block_1_62' title="bbox 311 3353 1812 3425">
    <p class='ocr_par' dir='ltr' id='par_1_62' title="bbox 311 3353 1812 3425">
     <span class='ocr_line' id='line_1_62' title="bbox 311 3353 1812 3425; baseline 0.001 -21"><span class='ocrx_word' id='word_1_354' title='bbox 311 3357 435 3422; x_wconf 57' lang='lat' dir='ltr'><strong>mf.</strong></span> <span class='ocrx_word' id='word_1_355' title='bbox 490 3354 550 3407; x_wconf 84' lang='grc' dir='ltr'>ὐ</span> <span class='ocrx_word' id='word_1_356' title='bbox 609 3355 915 3424; x_wconf 82' lang='grc' dir='ltr'>νομοθετῶν</span> <span class='ocrx_word' id='word_1_357' title='bbox 947 3353 1126 3425; x_wconf 81' lang='grc' dir='ltr'>έαυτῷ</span> <span class='ocrx_word' id='word_1_358' title='bbox 1159 3354 1235 3424; x_wconf 83' lang='grc' dir='ltr'>μὴ</span> <span class='ocrx_word' id='word_1_359' title='bbox 1261 3353 1481 3424; x_wconf 77' lang='grc' dir='ltr'>παραϐῇ</span> <span class='ocrx_word' id='word_1_360' title='bbox 1520 3354 1710 3405; x_wconf 69' lang='grc' dir='ltr'>ἑαυτὸν</span> <span class='ocrx_word' id='word_1_361' title='bbox 1737 3371 1749 3383; x_wconf 88' lang='grc'><strong>·</strong></span> <span class='ocrx_word' id='word_1_362' title='bbox 1783 3354 1812 3406; x_wconf 78' lang='lat'><strong>6</strong></span> 
     </span>
    </p>
   </div>
   <div class='ocr_carea' id='block_1_63' title="bbox 229 3440 1636 3514">
    <p class='ocr_par' dir='ltr' id='par_1_63' title="bbox 229 3440 1636 3514">
     <span class='ocr_line' id='line_1_63' title="bbox 229 3440 1636 3514; baseline -0.001 -18"><span class='ocrx_word' id='word_1_363' title='bbox 229 3444 302 3514; x_wconf 87' lang='grc' dir='ltr'><strong>γὰ</strong></span> <span class='ocrx_word' id='word_1_364' title='bbox 322 3460 352 3512; x_wconf 89' lang='grc' dir='ltr'><strong>ρ</strong></span> <span class='ocrx_word' id='word_1_365' title='bbox 401 3442 596 3495; x_wconf 77' lang='grc' dir='ltr'>ἑαυτὸν</span> <span class='ocrx_word' id='word_1_366' title='bbox 659 3440 1186 3512; x_wconf 77' lang='grc' dir='ltr'>παραλογιζόμενος,</span> <span class='ocrx_word' id='word_1_367' title='bbox 1217 3444 1410 3495; x_wconf 78' lang='grc' dir='ltr'>ἑαυτὸν</span> <span class='ocrx_word' id='word_1_368' title='bbox 1432 3445 1636 3514; x_wconf 73' lang='grc' dir='ltr'>ἀπατᾷ.</span> 
     </span>
    </p>
   </div>
   <div class='ocr_carea' id='block_1_64' title="bbox 311 3618 1816 3692">
    <p class='ocr_par' dir='ltr' id='par_1_64' title="bbox 311 3618 1816 3692">
     <span class='ocr_line' id='line_1_64' title="bbox 311 3618 1816 3692; baseline -0.001 -20"><span class='ocrx_word' id='word_1_369' title='bbox 311 3618 425 3684; x_wconf 67' lang='grc' dir='ltr'>πζν.</span> <span class='ocrx_word' id='word_1_370' title='bbox 458 3618 669 3688; x_wconf 89' lang='grc' dir='ltr'>Δυσμαί</span> <span class='ocrx_word' id='word_1_371' title='bbox 717 3619 826 3670; x_wconf 78' lang='grc' dir='ltr'>εισι</span> <span class='ocrx_word' id='word_1_372' title='bbox 892 3619 1100 3688; x_wconf 83' lang='grc' dir='ltr'>νοηταὶ,</span> <span class='ocrx_word' id='word_1_373' title='bbox 1134 3618 1304 3688; x_wconf 73' lang='grc' dir='ltr'>ψυχαὶ</span> <span class='ocrx_word' id='word_1_374' title='bbox 1348 3620 1614 3692; x_wconf 72' lang='grc' dir='ltr'>ἐμπαθεῖς</span> <span class='ocrx_word' id='word_1_375' title='bbox 1645 3634 1658 3646; x_wconf 93' lang='grc'><strong>·</strong></span> <span class='ocrx_word' id='word_1_376' title='bbox 1699 3620 1816 3681; x_wconf 83' lang='grc' dir='ltr'>ταῖς</span> 
     </span>
    </p>
   </div>
   <div class='ocr_carea' id='block_1_65' title="bbox 231 3708 1530 3784">
    <p class='ocr_par' dir='ltr' id='par_1_65' title="bbox 231 3708 1530 3784">
     <span class='ocr_line' id='line_1_65' title="bbox 231 3708 1530 3784; baseline -0.005 -17"><span class='ocrx_word' id='word_1_377' title='bbox 231 3714 353 3784; x_wconf 79' lang='grc' dir='ltr'>γὰρ</span> <span class='ocrx_word' id='word_1_378' title='bbox 384 3710 667 3774; x_wconf 85' lang='grc' dir='ltr'>τοιαύταις</span> <span class='ocrx_word' id='word_1_379' title='bbox 699 3711 786 3764; x_wconf 79' lang='grc' dir='ltr'>ἔδυ</span> <span class='ocrx_word' id='word_1_380' title='bbox 814 3710 911 3780; x_wconf 84' lang='grc' dir='ltr'>τῆς</span> <span class='ocrx_word' id='word_1_381' title='bbox 931 3709 1279 3780; x_wconf 81' lang='grc' dir='ltr'>δικαιοσύνης</span> <span class='ocrx_word' id='word_1_382' title='bbox 1310 3711 1337 3761; x_wconf 90' lang='lat'><strong>6</strong></span> <span class='ocrx_word' id='word_1_383' title='bbox 1360 3708 1530 3780; x_wconf 72' lang='grc' dir='ltr'>ἥλιος.</span> 
     </span>
    </p>
   </div>
   <div class='ocr_carea' id='block_1_66' title="bbox 309 3797 1816 3872">
    <p class='ocr_par' dir='ltr' id='par_1_66' title="bbox 309 3797 1816 3872">
     <span class='ocr_line' id='line_1_66' title="bbox 309 3797 1816 3872; baseline 0 -20"><span class='ocrx_word' id='word_1_384' title='bbox 309 3808 427 3872; x_wconf 69' lang='grc' dir='ltr'>σπη’.</span> <span class='ocrx_word' id='word_1_385' title='bbox 467 3800 592 3863; x_wconf 81' lang='grc' dir='ltr'>Υίός</span> <span class='ocrx_word' id='word_1_386' title='bbox 651 3800 800 3852; x_wconf 80' lang='grc' dir='ltr'>ἐστιν</span> <span class='ocrx_word' id='word_1_387' title='bbox 857 3798 990 3852; x_wconf 86' lang='grc' dir='ltr'>Θεοῦ</span> <span class='ocrx_word' id='word_1_388' title='bbox 1040 3801 1068 3852; x_wconf 93' lang='lat'><strong>6</strong></span> <span class='ocrx_word' id='word_1_389' title='bbox 1122 3798 1410 3869; x_wconf 74' lang='grc' dir='ltr'>ὁμοιωθεὶς</span> <span class='ocrx_word' id='word_1_390' title='bbox 1458 3798 1537 3869; x_wconf 84' lang='grc' dir='ltr'>τῷ</span> <span class='ocrx_word' id='word_1_391' title='bbox 1591 3797 1708 3869; x_wconf 86' lang='grc' dir='ltr'><strong>Θεῷ</strong></span> <span class='ocrx_word' id='word_1_392' title='bbox 1750 3799 1816 3854; x_wconf 87' lang='grc' dir='ltr'>δι’</span> 
     </span>
    </p>
   </div>
   <div class='ocr_carea' id='block_1_67' title="bbox 235 3890 1818 3963">
    <p class='ocr_par' dir='ltr' id='par_1_67' title="bbox 235 3890 1818 3963">
     <span class='ocr_line' id='line_1_67' title="bbox 235 3890 1818 3963; baseline -0.003 -17"><span class='ocrx_word' id='word_1_393' title='bbox 235 3893 597 3963; x_wconf 80' lang='grc' dir='ltr'>ἀγαθότητος,</span> <span class='ocrx_word' id='word_1_394' title='bbox 633 3890 728 3944; x_wconf 57' lang='grc' dir='ltr'><strong>καὶ⁵</strong></span> <span class='ocrx_word' id='word_1_395' title='bbox 756 3891 858 3962; x_wconf 83' lang='grc' dir='ltr'>τῆς</span> <span class='ocrx_word' id='word_1_396' title='bbox 886 3890 1097 3960; x_wconf 78' lang='grc' dir='ltr'>σοφίας,</span> <span class='ocrx_word' id='word_1_397' title='bbox 1126 3893 1219 3948; x_wconf 76' lang='grc' dir='ltr'><strong>καὶ</strong></span> <span class='ocrx_word' id='word_1_398' title='bbox 1257 3891 1558 3961; x_wconf 83' lang='grc' dir='ltr'>δυνάμεως,</span> <span class='ocrx_word' id='word_1_399' title='bbox 1611 3892 1707 3943; x_wconf 81' lang='grc' dir='ltr'>καὶ</span> <span class='ocrx_word' id='word_1_400' title='bbox 1742 3892 1818 3944; x_wconf 84' lang='grc' dir='ltr'>δι-</span> 
     </span>
    </p>
   </div>
   <div class='ocr_carea' id='block_1_68' title="bbox 242 3980 964 4054">
    <p class='ocr_par' dir='ltr' id='par_1_68' title="bbox 242 3980 964 4054">
     <span class='ocr_line' id='line_1_68' title="bbox 242 3980 964 4054; baseline -0.003 -16"><span class='ocrx_word' id='word_1_401' title='bbox 242 3985 559 4054; x_wconf 74' lang='grc' dir='ltr'>καιοσύνης,</span> <span class='ocrx_word' id='word_1_402' title='bbox 961 3980 964 3985; x_wconf 34' lang='grc'><em>⁴</em></span> 
     </span>
    </p>
   </div>
   <div class='ocr_carea' id='block_1_69' title="bbox 320 4071 1818 4147">
    <p class='ocr_par' dir='ltr' id='par_1_69' title="bbox 320 4071 1818 4147">
     <span class='ocr_line' id='line_1_69' title="bbox 320 4071 1818 4147; baseline -0.003 -20"><span class='ocrx_word' id='word_1_403' title='bbox 320 4073 428 4129; x_wconf 71' lang='grc' dir='ltr'>πῖθ’.</span> <span class='ocrx_word' id='word_1_404' title='bbox 466 4075 641 4138; x_wconf 81' lang='grc' dir='ltr'>Νόσος</span> <span class='ocrx_word' id='word_1_405' title='bbox 679 4074 798 4127; x_wconf 75' lang='grc' dir='ltr'>ἐστὶ</span> <span class='ocrx_word' id='word_1_406' title='bbox 869 4071 1066 4144; x_wconf 76' lang='grc' dir='ltr'>ψυχῆς,</span> <span class='ocrx_word' id='word_1_407' title='bbox 1099 4075 1131 4144; x_wconf 82' lang='grc' dir='ltr'><strong>ή</strong></span> <span class='ocrx_word' id='word_1_408' title='bbox 1163 4075 1264 4144; x_wconf 84' lang='grc' dir='ltr'>τῆς</span> <span class='ocrx_word' id='word_1_409' title='bbox 1306 4077 1503 4142; x_wconf 85' lang='grc' dir='ltr'>κακίας</span> <span class='ocrx_word' id='word_1_410' title='bbox 1540 4079 1675 4147; x_wconf 71' lang='grc' dir='ltr'>ἕξις,</span> <span class='ocrx_word' id='word_1_411' title='bbox 1721 4081 1818 4136; x_wconf 78' lang='grc' dir='ltr'><strong>οά.</strong></span> 
     </span>
    </p>
   </div>
   <div class='ocr_carea' id='block_1_70' title="bbox 250 4163 1306 4235">
    <p class='ocr_par' dir='ltr' id='par_1_70' title="bbox 250 4163 1306 4235">
     <span class='ocr_line' id='line_1_70' title="bbox 250 4163 1306 4235; baseline 0.003 -19"><span class='ocrx_word' id='word_1_412' title='bbox 250 4181 406 4226; x_wconf 83' lang='grc' dir='ltr'>νατος</span> <span class='ocrx_word' id='word_1_413' title='bbox 436 4165 492 4217; x_wconf 80' lang='grc' dir='ltr'>δὲ</span> <span class='ocrx_word' id='word_1_414' title='bbox 525 4165 558 4235; x_wconf 79' lang='grc' dir='ltr'>ὴ</span> <span class='ocrx_word' id='word_1_415' title='bbox 590 4165 710 4218; x_wconf 77' lang='grc' dir='ltr'>κατ’</span> <span class='ocrx_word' id='word_1_416' title='bbox 736 4163 1011 4233; x_wconf 76' lang='grc' dir='ltr'>ἐνέργειαν</span> <span class='ocrx_word' id='word_1_417' title='bbox 1041 4164 1306 4235; x_wconf 76' lang='grc' dir='ltr'>ἁμαρτία.</span> 
     </span>
    </p>
   </div>
   <div class='ocr_carea' id='block_1_71' title="bbox 323 4251 1854 4337">
    <p class='ocr_par' dir='ltr' id='par_1_71' title="bbox 323 4251 1854 4337">
     <span class='ocr_line' id='line_1_71' title="bbox 323 4251 1854 4337; baseline 0.005 -28"><span class='ocrx_word' id='word_1_418' title='bbox 323 4260 393 4322; x_wconf 72' lang='grc' dir='ltr'>ιιο.</span> <span class='ocrx_word' id='word_1_419' title='bbox 439 4254 819 4327; x_wconf 82' lang='grc' dir='ltr'>Ἀκτημοσύνη</span> <span class='ocrx_word' id='word_1_420' title='bbox 876 4258 1024 4310; x_wconf 77' lang='grc' dir='ltr'>ἐστὶν</span> <span class='ocrx_word' id='word_1_421' title='bbox 1083 4259 1271 4329; x_wconf 81' lang='grc' dir='ltr'>νοητὴ,</span> <span class='ocrx_word' id='word_1_422' title='bbox 1300 4261 1334 4328; x_wconf 82' lang='grc' dir='ltr'>ἡ</span> <span class='ocrx_word' id='word_1_423' title='bbox 1364 4261 1630 4337; x_wconf 73' lang='grc' dir='ltr'>παντελὴς</span> <span class='ocrx_word' id='word_1_424' title='bbox 1677 4251 1854 4317; x_wconf 22' lang='lat' dir='ltr'><strong>dmi--</strong></span> 
     </span>
    </p>
   </div>
   <div class='ocr_carea' id='block_1_72' title="bbox 1914 3094 2124 3148">
    <p class='ocr_par' dir='ltr' id='par_1_72' title="bbox 1914 3094 2124 3148">
     <span class='ocr_line' id='line_1_72' title="bbox 1914 3094 2124 3148; baseline -0.01 0"><span class='ocrx_word' id='word_1_425' title='bbox 1914 3094 2124 3148; x_wconf 90' lang='lat' dir='ltr'><strong>nentia.</strong></span> 
     </span>
    </p>
   </div>
   <div class='ocr_carea' id='block_1_73' title="bbox 1983 3180 3486 3250">
    <p class='ocr_par' dir='ltr' id='par_1_73' title="bbox 1983 3180 3486 3250">
     <span class='ocr_line' id='line_1_73' title="bbox 1983 3180 3486 3250; baseline -0.002 -13"><span class='ocrx_word' id='word_1_426' title='bbox 1983 3183 2070 3237; x_wconf 80' lang='lat'><strong>85.</strong></span> <span class='ocrx_word' id='word_1_427' title='bbox 2107 3181 2390 3250; x_wconf 63' lang='lat' dir='ltr'><strong>Equalem</strong></span> <span class='ocrx_word' id='word_1_428' title='bbox 2426 3180 2822 3235; x_wconf 87' lang='lat' dir='ltr'><strong>continentiam</strong></span> <span class='ocrx_word' id='word_1_429' title='bbox 2877 3195 3093 3250; x_wconf 90' lang='lat' dir='ltr'><strong>semper</strong></span> <span class='ocrx_word' id='word_1_430' title='bbox 3131 3180 3384 3245; x_wconf 85' lang='lat' dir='ltr'><strong>observa,</strong></span> <span class='ocrx_word' id='word_1_431' title='bbox 3417 3195 3486 3234; x_wconf 93' lang='lat' dir='ltr'><strong>ne</strong></span> 
     </span>
    </p>
   </div>
   <div class='ocr_carea' id='block_1_74' title="bbox 1913 3252 3311 3343">
    <p class='ocr_par' dir='ltr' id='par_1_74' title="bbox 1913 3252 3311 3343">
     <span class='ocr_line' id='line_1_74' title="bbox 1913 3252 3311 3343; baseline -0.004 -16"><span class='ocrx_word' id='word_1_432' title='bbox 1913 3290 2011 3343; x_wconf 87' lang='lat' dir='ltr'><strong>per</strong></span> <span class='ocrx_word' id='word_1_433' title='bbox 2049 3272 2478 3341; x_wconf 63' lang='lat' dir='ltr'><strong>ianualitatem</strong></span> <span class='ocrx_word' id='word_1_434' title='bbox 2500 3271 2556 3324; x_wconf 86' lang='lat' dir='ltr'><strong>in</strong></span> <span class='ocrx_word' id='word_1_435' title='bbox 2586 3270 2866 3325; x_wconf 85' lang='lat' dir='ltr'><strong>contraria</strong></span> <span class='ocrx_word' id='word_1_436' title='bbox 2899 3269 3129 3329; x_wconf 82' lang='lat' dir='ltr'><strong>incidas.</strong></span> <span class='ocrx_word' id='word_1_437' title='bbox 3284 3252 3311 3277; x_wconf 72' lang='grc'><strong><em>⁹</em></strong></span> 
     </span>
    </p>
   </div>
   <div class='ocr_carea' id='block_1_75' title="bbox 1985 3363 3486 3432">
    <p class='ocr_par' dir='ltr' id='par_1_75' title="bbox 1985 3363 3486 3432">
     <span class='ocr_line' id='line_1_75' title="bbox 1985 3363 3486 3432; baseline -0.001 -15"><span class='ocrx_word' id='word_1_438' title='bbox 1985 3365 2072 3419; x_wconf 83' lang='grc'>86.</span> <span class='ocrx_word' id='word_1_439' title='bbox 2125 3364 2205 3418; x_wconf 86' lang='lat' dir='ltr'><strong>Ne</strong></span> <span class='ocrx_word' id='word_1_440' title='bbox 2246 3363 2622 3432; x_wconf 61' lang='lat' dir='ltr'><strong>praevariceris</strong></span> <span class='ocrx_word' id='word_1_441' title='bbox 2650 3363 2907 3429; x_wconf 89' lang='lat' dir='ltr'><strong>teipsum,</strong></span> <span class='ocrx_word' id='word_1_442' title='bbox 2941 3378 3064 3415; x_wconf 91' lang='lat' dir='ltr'><strong>cum</strong></span> <span class='ocrx_word' id='word_1_443' title='bbox 3109 3363 3206 3422; x_wconf 85' lang='lat' dir='ltr'><strong>tibi</strong></span> <span class='ocrx_word' id='word_1_444' title='bbox 3257 3363 3358 3432; x_wconf 89' lang='lat' dir='ltr'><strong>ipsi</strong></span> <span class='ocrx_word' id='word_1_445' title='bbox 3406 3363 3486 3416; x_wconf 89' lang='lat' dir='ltr'><strong>le-</strong></span> 
     </span>
    </p>
   </div>
   <div class='ocr_carea' id='block_1_76' title="bbox 1917 3452 3487 3523">
    <p class='ocr_par' dir='ltr' id='par_1_76' title="bbox 1917 3452 3487 3523">
     <span class='ocr_line' id='line_1_76' title="bbox 1917 3452 3487 3523; baseline -0.001 -16"><span class='ocrx_word' id='word_1_446' title='bbox 1917 3470 2038 3523; x_wconf 78' lang='lat' dir='ltr'><strong>gem</strong></span> <span class='ocrx_word' id='word_1_447' title='bbox 2067 3454 2366 3518; x_wconf 89' lang='lat' dir='ltr'><strong>statueris;</strong></span> <span class='ocrx_word' id='word_1_448' title='bbox 2409 3454 2653 3520; x_wconf 87' lang='lat' dir='ltr'><strong>seipsum</strong></span> <span class='ocrx_word' id='word_1_449' title='bbox 2683 3452 2828 3505; x_wconf 89' lang='lat' dir='ltr'><strong>enim</strong></span> <span class='ocrx_word' id='word_1_450' title='bbox 2854 3452 3006 3511; x_wconf 82' lang='lat' dir='ltr'><strong>falsis</strong></span> <span class='ocrx_word' id='word_1_451' title='bbox 3041 3453 3350 3508; x_wconf 85' lang='lat' dir='ltr'><strong>rationibus</strong></span> <span class='ocrx_word' id='word_1_452' title='bbox 3367 3453 3487 3523; x_wconf 89' lang='lat' dir='ltr'><strong>pal-</strong></span> 
     </span>
    </p>
   </div>
   <div class='ocr_carea' id='block_1_77' title="bbox 1920 3538 2614 3611">
    <p class='ocr_par' dir='ltr' id='par_1_77' title="bbox 1920 3538 2614 3611">
     <span class='ocr_line' id='line_1_77' title="bbox 1920 3538 2614 3611; baseline -0.004 -16"><span class='ocrx_word' id='word_1_453' title='bbox 1920 3557 2074 3611; x_wconf 84' lang='lat' dir='ltr'><strong>pans,</strong></span> <span class='ocrx_word' id='word_1_454' title='bbox 2106 3541 2350 3608; x_wconf 84' lang='lat' dir='ltr'><strong>seipsum</strong></span> <span class='ocrx_word' id='word_1_455' title='bbox 2381 3538 2614 3593; x_wconf 82' lang='lat' dir='ltr'><strong>seducit.</strong></span> 
     </span>
    </p>
   </div>
   <div class='ocr_carea' id='block_1_78' title="bbox 1987 3625 3490 3696">
    <p class='ocr_par' dir='ltr' id='par_1_78' title="bbox 1987 3625 3490 3696">
     <span class='ocr_line' id='line_1_78' title="bbox 1987 3625 3490 3696; baseline -0.002 -12"><span class='ocrx_word' id='word_1_456' title='bbox 1987 3630 2074 3684; x_wconf 90' lang='lat'><strong>87.</strong></span> <span class='ocrx_word' id='word_1_457' title='bbox 2103 3627 2345 3684; x_wconf 91' lang='lat' dir='ltr'><strong>Occasus</strong></span> <span class='ocrx_word' id='word_1_458' title='bbox 2373 3626 2647 3696; x_wconf 84' lang='lat' dir='ltr'><strong>spiritales</strong></span> <span class='ocrx_word' id='word_1_459' title='bbox 2677 3634 2824 3688; x_wconf 86' lang='lat' dir='ltr'><strong>sunt,</strong></span> <span class='ocrx_word' id='word_1_460' title='bbox 2863 3625 3062 3680; x_wconf 72' lang='lat' dir='ltr'><strong>anima:</strong></span> <span class='ocrx_word' id='word_1_461' title='bbox 3116 3627 3490 3695; x_wconf 86' lang='lat' dir='ltr'><strong>perturbatio-</strong></span> 
     </span>
    </p>
   </div>
   <div class='ocr_carea' id='block_1_79' title="bbox 1919 3717 3344 3789">
    <p class='ocr_par' dir='ltr' id='par_1_79' title="bbox 1919 3717 3344 3789">
     <span class='ocr_line' id='line_1_79' title="bbox 1919 3717 3344 3789; baseline -0.004 -14"><span class='ocrx_word' id='word_1_462' title='bbox 1919 3722 2085 3776; x_wconf 81' lang='lat' dir='ltr'><strong>nibus</strong></span> <span class='ocrx_word' id='word_1_463' title='bbox 2109 3720 2367 3789; x_wconf 68' lang='lat' dir='ltr'><strong>inquietaa</strong></span> <span class='ocrx_word' id='word_1_464' title='bbox 2393 3736 2407 3784; x_wconf 92' lang='lat'><strong>;</strong></span> <span class='ocrx_word' id='word_1_465' title='bbox 2437 3718 2515 3773; x_wconf 87' lang='lat' dir='ltr'><strong>sol</strong></span> <span class='ocrx_word' id='word_1_466' title='bbox 2546 3718 2692 3772; x_wconf 90' lang='lat' dir='ltr'><strong>enim</strong></span> <span class='ocrx_word' id='word_1_467' title='bbox 2713 3717 2943 3787; x_wconf 71' lang='lat' dir='ltr'><strong>iustitia:</strong></span> <span class='ocrx_word' id='word_1_468' title='bbox 2974 3717 3082 3771; x_wconf 89' lang='lat' dir='ltr'><strong>illis</strong></span> <span class='ocrx_word' id='word_1_469' title='bbox 3119 3718 3344 3775; x_wconf 89' lang='lat' dir='ltr'><strong>occidit.</strong></span> 
     </span>
    </p>
   </div>
   <div class='ocr_carea' id='block_1_80' title="bbox 1989 3807 3489 3878">
    <p class='ocr_par' dir='ltr' id='par_1_80' title="bbox 1989 3807 3489 3878">
     <span class='ocr_line' id='line_1_80' title="bbox 1989 3807 3489 3878; baseline -0.002 -12"><span class='ocrx_word' id='word_1_470' title='bbox 1989 3811 2076 3866; x_wconf 91' lang='lat'><strong>88.</strong></span> <span class='ocrx_word' id='word_1_471' title='bbox 2112 3810 2286 3864; x_wconf 89' lang='lat' dir='ltr'><strong>Filius</strong></span> <span class='ocrx_word' id='word_1_472' title='bbox 2315 3809 2411 3862; x_wconf 89' lang='lat' dir='ltr'><strong>Dei</strong></span> <span class='ocrx_word' id='word_1_473' title='bbox 2437 3807 2562 3878; x_wconf 84' lang='lat' dir='ltr'><strong>quis</strong></span> <span class='ocrx_word' id='word_1_474' title='bbox 2593 3817 2696 3870; x_wconf 90' lang='lat' dir='ltr'><strong>est,</strong></span> <span class='ocrx_word' id='word_1_475' title='bbox 2727 3807 2797 3862; x_wconf 92' lang='lat' dir='ltr'><strong>ob</strong></span> <span class='ocrx_word' id='word_1_476' title='bbox 2831 3807 3131 3861; x_wconf 89' lang='lat' dir='ltr'><strong>bonitatem</strong></span> <span class='ocrx_word' id='word_1_477' title='bbox 3180 3819 3236 3862; x_wconf 87' lang='lat' dir='ltr'><strong>et</strong></span> <span class='ocrx_word' id='word_1_478' title='bbox 3269 3811 3489 3878; x_wconf 83' lang='lat' dir='ltr'><strong>sapien-</strong></span> 
     </span>
    </p>
   </div>
   <div class='ocr_carea' id='block_1_81' title="bbox 1921 3897 3489 3973">
    <p class='ocr_par' dir='ltr' id='par_1_81' title="bbox 1921 3897 3489 3973">
     <span class='ocr_line' id='line_1_81' title="bbox 1921 3897 3489 3973; baseline -0.001 -19"><span class='ocrx_word' id='word_1_479' title='bbox 1921 3901 2076 3967; x_wconf 90' lang='lat' dir='ltr'><strong>tiam,</strong></span> <span class='ocrx_word' id='word_1_480' title='bbox 2111 3908 2166 3954; x_wconf 87' lang='lat' dir='ltr'><strong>et</strong></span> <span class='ocrx_word' id='word_1_481' title='bbox 2211 3898 2538 3969; x_wconf 84' lang='lat' dir='ltr'><strong>potentiam,</strong></span> <span class='ocrx_word' id='word_1_482' title='bbox 2595 3905 2650 3952; x_wconf 91' lang='lat' dir='ltr'><strong>et</strong></span> <span class='ocrx_word' id='word_1_483' title='bbox 2693 3897 3030 3973; x_wconf 55' lang='lat' dir='ltr'><strong>justiti-arm,</strong></span> <span class='ocrx_word' id='word_1_484' title='bbox 3054 3897 3251 3956; x_wconf 88' lang='lat' dir='ltr'><strong>similis</strong></span> <span class='ocrx_word' id='word_1_485' title='bbox 3297 3900 3346 3953; x_wconf 93' lang='lat' dir='ltr'><strong>ei</strong></span> <span class='ocrx_word' id='word_1_486' title='bbox 3405 3900 3489 3953; x_wconf 80' lang='lat' dir='ltr'><strong>fa-</strong></span> 
     </span>
    </p>
   </div>
   <div class='ocr_carea' id='block_1_82' title="bbox 1919 4001 2063 4045">
    <p class='ocr_par' dir='ltr' id='par_1_82' title="bbox 1919 4001 2063 4045">
     <span class='ocr_line' id='line_1_82' title="bbox 1919 4001 2063 4045; baseline -0.007 0"><span class='ocrx_word' id='word_1_487' title='bbox 1919 4001 2063 4045; x_wconf 69' lang='grc' dir='ltr'>ειυς.</span> 
     </span>
    </p>
   </div>
   <div class='ocr_carea' id='block_1_83' title="bbox 1992 4075 3567 4141">
    <p class='ocr_par' dir='ltr' id='par_1_83' title="bbox 1992 4075 3567 4141">
     <span class='ocr_line' id='line_1_83' title="bbox 1992 4075 3567 4141; baseline -0.003 -7"><span class='ocrx_word' id='word_1_488' title='bbox 1992 4079 2080 4134; x_wconf 90' lang='lat'><strong>89.</strong></span> <span class='ocrx_word' id='word_1_489' title='bbox 2116 4078 2338 4132; x_wconf 78' lang='lat' dir='ltr'><strong>Malitize</strong></span> <span class='ocrx_word' id='word_1_490' title='bbox 2364 4077 2586 4131; x_wconf 87' lang='lat' dir='ltr'><strong>habitus</strong></span> <span class='ocrx_word' id='word_1_491' title='bbox 2613 4075 2839 4130; x_wconf 90' lang='lat' dir='ltr'><strong>morbus</strong></span> <span class='ocrx_word' id='word_1_492' title='bbox 2859 4082 2942 4130; x_wconf 90' lang='lat' dir='ltr'><strong>est</strong></span> <span class='ocrx_word' id='word_1_493' title='bbox 2971 4075 3200 4140; x_wconf 81' lang='lat' dir='ltr'><strong>animae;</strong></span> <span class='ocrx_word' id='word_1_494' title='bbox 3223 4091 3370 4131; x_wconf 89' lang='lat' dir='ltr'><strong>mors</strong></span> <span class='ocrx_word' id='word_1_495' title='bbox 3389 4092 3490 4132; x_wconf 86' lang='lat' dir='ltr'><strong>au-</strong></span> <span class='ocrx_word' id='word_1_496' title='bbox 3563 4137 3567 4141; x_wconf 0' lang='lat'><strong>6</strong></span> 
     </span>
    </p>
   </div>
   <div class='ocr_carea' id='block_1_84' title="bbox 1925 4167 3276 4240">
    <p class='ocr_par' dir='ltr' id='par_1_84' title="bbox 1925 4167 3276 4240">
     <span class='ocr_line' id='line_1_84' title="bbox 1925 4167 3276 4240; baseline -0.007 -14"><span class='ocrx_word' id='word_1_497' title='bbox 1925 4179 2030 4226; x_wconf 91' lang='lat' dir='ltr'><strong>tem</strong></span> <span class='ocrx_word' id='word_1_498' title='bbox 2057 4186 2157 4240; x_wconf 90' lang='lat' dir='ltr'><strong>per</strong></span> <span class='ocrx_word' id='word_1_499' title='bbox 2186 4169 2561 4239; x_wconf 82' lang='lat' dir='ltr'><strong>operationem</strong></span> <span class='ocrx_word' id='word_1_500' title='bbox 2591 4167 2798 4237; x_wconf 87' lang='lat' dir='ltr'><strong>peccati</strong></span> <span class='ocrx_word' id='word_1_501' title='bbox 2828 4167 3198 4222; x_wconf 89' lang='lat' dir='ltr'><strong>introducitur</strong></span> <span class='ocrx_word' id='word_1_502' title='bbox 3231 4178 3276 4226; x_wconf 73' lang='grc' dir='ltr'>ι’,</span> 
     </span>
    </p>
   </div>
   <div class='ocr_carea' id='block_1_85' title="bbox 1988 4255 3493 4326">
    <p class='ocr_par' dir='ltr' id='par_1_85' title="bbox 1988 4255 3493 4326">
     <span class='ocr_line' id='line_1_85' title="bbox 1988 4255 3493 4326; baseline -0.001 -15"><span class='ocrx_word' id='word_1_503' title='bbox 1988 4257 2076 4312; x_wconf 85' lang='grc'><strong>90.</strong></span> <span class='ocrx_word' id='word_1_504' title='bbox 2104 4258 2408 4326; x_wconf 87' lang='lat' dir='ltr'><strong>Paupertas</strong></span> <span class='ocrx_word' id='word_1_505' title='bbox 2436 4255 2716 4324; x_wconf 86' lang='lat' dir='ltr'><strong>spiritalis,</strong></span> <span class='ocrx_word' id='word_1_506' title='bbox 2739 4264 2824 4314; x_wconf 80' lang='lat' dir='ltr'><strong>est</strong></span> <span class='ocrx_word' id='word_1_507' title='bbox 2843 4266 3220 4312; x_wconf 86' lang='lat' dir='ltr'><strong>consummata</strong></span> <span class='ocrx_word' id='word_1_508' title='bbox 3242 4257 3493 4326; x_wconf 85' lang='lat' dir='ltr'><strong>impassi-</strong></span> 
     </span>
    </p>
   </div>
   <div class='ocr_carea' id='block_1_86' title="bbox 251 4345 1831 4421">
    <p class='ocr_par' dir='ltr' id='par_1_86' title="bbox 251 4345 1816 4421">
     <span class='ocr_line' id='line_1_86' title="bbox 251 4345 1816 4421; baseline 0.007 -24"><span class='ocrx_word' id='word_1_509' title='bbox 251 4347 392 4409; x_wconf 77' lang='grc' dir='ltr'>θεία,</span> <span class='ocrx_word' id='word_1_510' title='bbox 422 4347 544 4400; x_wconf 82' lang='grc' dir='ltr'>καθ’</span> <span class='ocrx_word' id='word_1_511' title='bbox 584 4348 651 4416; x_wconf 83' lang='grc' dir='ltr'>ἣν</span> <span class='ocrx_word' id='word_1_512' title='bbox 683 4347 974 4415; x_wconf 86' lang='grc' dir='ltr'>γενόμενος</span> <span class='ocrx_word' id='word_1_513' title='bbox 1005 4347 1033 4398; x_wconf 80' lang='grc' dir='ltr'>ὁ</span> <span class='ocrx_word' id='word_1_514' title='bbox 1085 4345 1210 4410; x_wconf 90' lang='grc' dir='ltr'>νοῦς</span> <span class='ocrx_word' id='word_1_515' title='bbox 1262 4349 1536 4421; x_wconf 87' lang='grc' dir='ltr'>ἀναχωρεῖ</span> <span class='ocrx_word' id='word_1_516' title='bbox 1585 4352 1693 4407; x_wconf 89' lang='grc' dir='ltr'><strong>τῶν</strong></span> <span class='ocrx_word' id='word_1_517' title='bbox 1733 4355 1816 4408; x_wconf 83' lang='grc' dir='ltr'><strong>ὲν-</strong></span> 
     </span>
    </p>
   </div>
   <div class='ocr_carea' id='block_1_87' title="bbox 1953 4345 3539 4421">
    <p class='ocr_par' dir='ltr' id='par_1_87' title="bbox 1953 4346 3539 4418">
     <span class='ocr_line' id='line_1_87' title="bbox 1953 4346 3539 4418; baseline -0.001 -15"><span class='ocrx_word' id='word_1_518' title='bbox 1953 4350 2154 4414; x_wconf 70' lang='grc' dir='ltr'>ιίιίιαε;</span> <span class='ocrx_word' id='word_1_519' title='bbox 2189 4364 2310 4417; x_wconf 79' lang='lat' dir='ltr'><strong>qua:</strong></span> <span class='ocrx_word' id='word_1_520' title='bbox 2338 4347 2383 4402; x_wconf 90' lang='lat' dir='ltr'><strong>si</strong></span> <span class='ocrx_word' id='word_1_521' title='bbox 2409 4346 2580 4402; x_wconf 87' lang='lat' dir='ltr'><strong>menti</strong></span> <span class='ocrx_word' id='word_1_522' title='bbox 2612 4347 2956 4414; x_wconf 77' lang='lat' dir='ltr'><strong>conceditur,</strong></span> <span class='ocrx_word' id='word_1_523' title='bbox 2984 4346 3054 4402; x_wconf 88' lang='lat' dir='ltr'><strong>ab</strong></span> <span class='ocrx_word' id='word_1_524' title='bbox 3092 4347 3182 4402; x_wconf 88' lang='lat' dir='ltr'><strong>his</strong></span> <span class='ocrx_word' id='word_1_525' title='bbox 3235 4364 3357 4418; x_wconf 67' lang='lat' dir='ltr'><strong>qua:</strong></span> <span class='ocrx_word' id='word_1_526' title='bbox 3401 4348 3492 4402; x_wconf 89' lang='lat' dir='ltr'><strong>hic</strong></span> <span class='ocrx_word' id='word_1_527' title='bbox 3537 4346 3539 4348; x_wconf 70' lang='grc'><em>’</em></span> 
     </span>
    </p>
   </div>
   <div class='ocr_carea' id='block_1_88' title="bbox 249 4437 446 4491">
    <p class='ocr_par' dir='ltr' id='par_1_88' title="bbox 249 4437 446 4491">
     <span class='ocr_line' id='line_1_88' title="bbox 249 4437 446 4491; baseline 0.005 -1"><span class='ocrx_word' id='word_1_528' title='bbox 249 4437 446 4491; x_wconf 85' lang='grc' dir='ltr'>ταῦθα.</span> 
     </span>
    </p>
   </div>
   <div class='ocr_carea' id='block_1_89' title="bbox 326 4503 1817 4605">
    <p class='ocr_par' dir='ltr' id='par_1_89' title="bbox 326 4503 1817 4605">
     <span class='ocr_line' id='line_1_89' title="bbox 326 4503 1817 4605; baseline 0.005 -23"><span class='ocrx_word' id='word_1_529' title='bbox 326 4528 436 4597; x_wconf 60' lang='grc' dir='ltr'>ιιαν.</span> <span class='ocrx_word' id='word_1_530' title='bbox 477 4527 811 4599; x_wconf 85' lang='grc' dir='ltr'>Συμφώνους</span> <span class='ocrx_word' id='word_1_531' title='bbox 863 4529 1019 4600; x_wconf 78' lang='grc' dir='ltr'>τήρει</span> <span class='ocrx_word' id='word_1_532' title='bbox 1058 4529 1157 4592; x_wconf 78' lang='grc' dir='ltr'>τὰς</span> <span class='ocrx_word' id='word_1_533' title='bbox 1200 4529 1302 4600; x_wconf 81' lang='grc' dir='ltr'>τῆς</span> <span class='ocrx_word' id='word_1_534' title='bbox 1342 4503 1522 4603; x_wconf 58' lang='grc' dir='ltr'>ψυχῆς</span> <span class='ocrx_word' id='word_1_535' title='bbox 1585 4534 1817 4605; x_wconf 86' lang='grc' dir='ltr'>ἀρετάς·</span> 
     </span>
    </p>
   </div>
   <div class='ocr_carea' id='block_1_90' title="bbox 250 4618 1820 4695">
    <p class='ocr_par' dir='ltr' id='par_1_90' title="bbox 250 4618 1820 4695">
     <span class='ocr_line' id='line_1_90' title="bbox 250 4618 1820 4695; baseline 0.003 -21"><span class='ocrx_word' id='word_1_536' title='bbox 250 4623 315 4674; x_wconf 71' lang='grc' dir='ltr'>ἐκ</span> <span class='ocrx_word' id='word_1_537' title='bbox 371 4621 561 4674; x_wconf 87' lang='grc' dir='ltr'>τούτου</span> <span class='ocrx_word' id='word_1_538' title='bbox 619 4621 726 4690; x_wconf 78' lang='grc' dir='ltr'>γὰρ</span> <span class='ocrx_word' id='word_1_539' title='bbox 785 4618 1030 4673; x_wconf 87' lang='grc' dir='ltr'>τίκτεται</span> <span class='ocrx_word' id='word_1_540' title='bbox 1083 4623 1112 4674; x_wconf 86' lang='grc' dir='ltr'><strong>ὁ</strong></span> <span class='ocrx_word' id='word_1_541' title='bbox 1169 4621 1266 4692; x_wconf 81' lang='grc' dir='ltr'>τῆς</span> <span class='ocrx_word' id='word_1_542' title='bbox 1313 4622 1656 4695; x_wconf 89' lang='grc' dir='ltr'>δικαιοσύνης</span> <span class='ocrx_word' id='word_1_543' title='bbox 1685 4643 1820 4693; x_wconf 86' lang='grc' dir='ltr'>καρ-</span> 
     </span>
    </p>
   </div>
   <div class='ocr_carea' id='block_1_91' title="bbox 249 4713 374 4777">
    <p class='ocr_par' dir='ltr' id='par_1_91' title="bbox 249 4713 374 4777">
     <span class='ocr_line' id='line_1_91' title="bbox 249 4713 374 4777; baseline 0.016 -13"><span class='ocrx_word' id='word_1_544' title='bbox 249 4713 374 4777; x_wconf 85' lang='grc' dir='ltr'>πός.</span> 
     </span>
    </p>
   </div>
   <div class='ocr_carea' id='block_1_92' title="bbox 325 4801 1821 4877">
    <p class='ocr_par' dir='ltr' id='par_1_92' title="bbox 325 4801 1821 4877">
     <span class='ocr_line' id='line_1_92' title="bbox 325 4801 1821 4877; baseline 0.001 -19"><span class='ocrx_word' id='word_1_545' title='bbox 325 4805 431 4875; x_wconf 61' lang='grc' dir='ltr'>ιιβν.</span> <span class='ocrx_word' id='word_1_546' title='bbox 463 4803 573 4874; x_wconf 82' lang='grc' dir='ltr'><strong>Τὴν</strong></span> <span class='ocrx_word' id='word_1_547' title='bbox 633 4802 742 4856; x_wconf 86' lang='grc' dir='ltr'><strong>τῶν</strong></span> <span class='ocrx_word' id='word_1_548' title='bbox 803 4802 1007 4874; x_wconf 88' lang='grc' dir='ltr'>νοητῶν</span> <span class='ocrx_word' id='word_1_549' title='bbox 1063 4802 1318 4877; x_wconf 83' lang='grc' dir='ltr'>θεωρίαν,</span> <span class='ocrx_word' id='word_1_550' title='bbox 1347 4804 1634 4876; x_wconf 87' lang='grc' dir='ltr'>ἀσώματον</span> <span class='ocrx_word' id='word_1_551' title='bbox 1681 4801 1821 4865; x_wconf 80' lang='grc' dir='ltr'>εἷναί</span> 
     </span>
    </p>
   </div>
   <div class='ocr_carea' id='block_1_93' title="bbox 250 4893 1714 4968">
    <p class='ocr_par' dir='ltr' id='par_1_93' title="bbox 250 4893 1714 4968">
     <span class='ocr_line' id='line_1_93' title="bbox 250 4893 1714 4968; baseline 0.003 -21"><span class='ocrx_word' id='word_1_552' title='bbox 250 4909 437 4961; x_wconf 80' lang='grc' dir='ltr'>φασιν,</span> <span class='ocrx_word' id='word_1_553' title='bbox 465 4893 539 4956; x_wconf 85' lang='grc' dir='ltr'>ὡς</span> <span class='ocrx_word' id='word_1_554' title='bbox 572 4893 704 4964; x_wconf 76' lang='grc' dir='ltr'>ὕλης</span> <span class='ocrx_word' id='word_1_555' title='bbox 731 4895 826 4946; x_wconf 76' lang='grc' dir='ltr'>καὶ</span> <span class='ocrx_word' id='word_1_556' title='bbox 861 4894 1038 4957; x_wconf 72' lang='grc' dir='ltr'>εἴδους</span> <span class='ocrx_word' id='word_1_557' title='bbox 1063 4895 1242 4964; x_wconf 84' lang='grc' dir='ltr'>πάντη</span> <span class='ocrx_word' id='word_1_558' title='bbox 1267 4895 1714 4968; x_wconf 85' lang='grc' dir='ltr'>ἀπηλλαγμένην.</span> 
     </span>
    </p>
   </div>
   <div class='ocr_carea' id='block_1_94' title="bbox 327 5074 1828 5147">
    <p class='ocr_par' dir='ltr' id='par_1_94' title="bbox 327 5074 1828 5147">
     <span class='ocr_line' id='line_1_94' title="bbox 327 5074 1828 5147; baseline 0.001 -18"><span class='ocrx_word' id='word_1_559' title='bbox 327 5080 435 5144; x_wconf 52' lang='grc' dir='ltr'>ιτγν.</span> <span class='ocrx_word' id='word_1_560' title='bbox 465 5075 677 5145; x_wconf 80' lang='grc' dir='ltr'>Ὠσπερ</span> <span class='ocrx_word' id='word_1_561' title='bbox 717 5074 785 5130; x_wconf 82' lang='grc' dir='ltr'>τὰ</span> <span class='ocrx_word' id='word_1_562' title='bbox 814 5074 1056 5140; x_wconf 84' lang='grc' dir='ltr'>τέσσαρα</span> <span class='ocrx_word' id='word_1_563' title='bbox 1084 5078 1322 5147; x_wconf 82' lang='grc' dir='ltr'>στοιχεῖα</span> <span class='ocrx_word' id='word_1_564' title='bbox 1349 5077 1415 5128; x_wconf 85' lang='grc' dir='ltr'>ὲκ</span> <span class='ocrx_word' id='word_1_565' title='bbox 1436 5077 1535 5146; x_wconf 78' lang='grc' dir='ltr'>τῆς</span> <span class='ocrx_word' id='word_1_566' title='bbox 1570 5075 1704 5146; x_wconf 73' lang='grc' dir='ltr'>ὕλης</span> <span class='ocrx_word' id='word_1_567' title='bbox 1733 5079 1828 5131; x_wconf 75' lang='grc' dir='ltr'>καὶ</span> 
     </span>
    </p>
   </div>
   <div class='ocr_carea' id='block_1_95' title="bbox 253 5166 1828 5241">
    <p class='ocr_par' dir='ltr' id='par_1_95' title="bbox 253 5166 1828 5241">
     <span class='ocr_line' id='line_1_95' title="bbox 253 5166 1828 5241; baseline 0.003 -22"><span class='ocrx_word' id='word_1_568' title='bbox 253 5167 354 5219; x_wconf 84' lang='grc' dir='ltr'><strong>τοῦ</strong></span> <span class='ocrx_word' id='word_1_569' title='bbox 381 5168 554 5230; x_wconf 85' lang='grc' dir='ltr'>είδους</span> <span class='ocrx_word' id='word_1_570' title='bbox 585 5184 599 5198; x_wconf 87' lang='grc'><strong>·</strong></span> <span class='ocrx_word' id='word_1_571' title='bbox 633 5166 693 5219; x_wconf 82' lang='grc' dir='ltr'><strong>ού</strong></span> <span class='ocrx_word' id='word_1_572' title='bbox 707 5184 806 5230; x_wconf 74' lang='grc' dir='ltr'><strong>τως</strong></span> <span class='ocrx_word' id='word_1_573' title='bbox 835 5169 928 5221; x_wconf 76' lang='grc' dir='ltr'><strong>καὶ</strong></span> <span class='ocrx_word' id='word_1_574' title='bbox 952 5167 1020 5220; x_wconf 79' lang='grc' dir='ltr'>τὰ</span> <span class='ocrx_word' id='word_1_575' title='bbox 1046 5168 1106 5232; x_wconf 82' lang='grc' dir='ltr'>ἐξ</span> <span class='ocrx_word' id='word_1_576' title='bbox 1134 5169 1315 5222; x_wconf 74' lang='grc' dir='ltr'>αὐτῶν</span> <span class='ocrx_word' id='word_1_577' title='bbox 1346 5170 1576 5241; x_wconf 86' lang='grc' dir='ltr'>σώματα</span> <span class='ocrx_word' id='word_1_578' title='bbox 1618 5173 1682 5227; x_wconf 79' lang='grc' dir='ltr'>ὲκ</span> <span class='ocrx_word' id='word_1_579' title='bbox 1719 5171 1828 5225; x_wconf 89' lang='grc' dir='ltr'><strong>τῶν</strong></span> 
     </span>
    </p>
   </div>
   <div class='ocr_carea' id='block_1_96' title="bbox 255 5256 823 5323">
    <p class='ocr_par' dir='ltr' id='par_1_96' title="bbox 255 5256 823 5323">
     <span class='ocr_line' id='line_1_96' title="bbox 255 5256 823 5323; baseline 0 -13"><span class='ocrx_word' id='word_1_580' title='bbox 255 5257 438 5312; x_wconf 78' lang='grc' dir='ltr'>αὐτῶν</span> <span class='ocrx_word' id='word_1_581' title='bbox 474 5256 823 5323; x_wconf 80' lang='grc' dir='ltr'>συνέστηκεν.</span> 
     </span>
    </p>
   </div>
   <div class='ocr_carea' id='block_1_97' title="bbox 334 5350 1828 5423">
    <p class='ocr_par' dir='ltr' id='par_1_97' title="bbox 334 5350 1828 5423">
     <span class='ocr_line' id='line_1_97' title="bbox 334 5350 1828 5423; baseline 0.003 -20"><span class='ocrx_word' id='word_1_582' title='bbox 334 5351 432 5417; x_wconf 58' lang='grc' dir='ltr'>ίιδν.</span> <span class='ocrx_word' id='word_1_583' title='bbox 491 5350 634 5420; x_wconf 77' lang='grc' dir='ltr'><strong>Σάρξ</strong></span> <span class='ocrx_word' id='word_1_584' title='bbox 701 5351 992 5420; x_wconf 80' lang='grc' dir='ltr'>γενόμενος</span> <span class='ocrx_word' id='word_1_585' title='bbox 1043 5350 1130 5404; x_wconf 78' lang='grc' dir='ltr'><strong>διὰ</strong></span> <span class='ocrx_word' id='word_1_586' title='bbox 1184 5351 1285 5422; x_wconf 79' lang='grc' dir='ltr'><strong>τὴν</strong></span> <span class='ocrx_word' id='word_1_587' title='bbox 1333 5353 1742 5423; x_wconf 82' lang='grc' dir='ltr'>φιλανθρωπίαν</span> <span class='ocrx_word' id='word_1_588' title='bbox 1799 5355 1828 5406; x_wconf 91' lang='lat'><strong>6</strong></span> 
     </span>
    </p>
   </div>
   <div class='ocr_carea' id='block_1_98' title="bbox 263 5443 1829 5518">
    <p class='ocr_par' dir='ltr' id='par_1_98' title="bbox 263 5443 1829 5518">
     <span class='ocr_line' id='line_1_98' title="bbox 263 5443 1829 5518; baseline -0.006 -14"><span class='ocrx_word' id='word_1_589' title='bbox 263 5452 458 5518; x_wconf 82' lang='grc' dir='ltr'>Λόγος,</span> <span class='ocrx_word' id='word_1_590' title='bbox 481 5447 604 5500; x_wconf 76' lang='grc' dir='ltr'>οὔτε</span> <span class='ocrx_word' id='word_1_591' title='bbox 632 5447 660 5500; x_wconf 85' lang='grc' dir='ltr'>ὃ</span> <span class='ocrx_word' id='word_1_592' title='bbox 697 5443 763 5518; x_wconf 75' lang='grc' dir='ltr'>ἦν</span> <span class='ocrx_word' id='word_1_593' title='bbox 793 5446 1106 5518; x_wconf 77' lang='grc' dir='ltr'>μετέϐαλεν,</span> <span class='ocrx_word' id='word_1_594' title='bbox 1135 5445 1241 5498; x_wconf 78' lang='grc' dir='ltr'>οὐδ’</span> <span class='ocrx_word' id='word_1_595' title='bbox 1273 5444 1300 5497; x_wconf 82' lang='grc' dir='ltr'><strong>ὃ</strong></span> <span class='ocrx_word' id='word_1_596' title='bbox 1329 5445 1572 5513; x_wconf 86' lang='grc' dir='ltr'>γέγονεν,</span> <span class='ocrx_word' id='word_1_597' title='bbox 1604 5445 1829 5513; x_wconf 78' lang='grc' dir='ltr'>ἠλλοίω-</span> 
     </span>
    </p>
   </div>
   <div class='ocr_carea' id='block_1_99' title="bbox 267 5561 377 5597">
    <p class='ocr_par' dir='ltr' id='par_1_99' title="bbox 267 5561 377 5597">
     <span class='ocr_line' id='line_1_99' title="bbox 267 5561 377 5597; baseline -0.018 0"><span class='ocrx_word' id='word_1_598' title='bbox 267 5561 377 5597; x_wconf 81' lang='grc' dir='ltr'>σεν.</span> 
     </span>
    </p>
   </div>
   <div class='ocr_carea' id='block_1_100' title="bbox 325 5655 789 5722">
    <p class='ocr_par' dir='ltr' id='par_1_100' title="bbox 325 5655 789 5722">
     <span class='ocr_line' id='line_1_100' title="bbox 325 5655 789 5722; baseline -0.011 -9"><span class='ocrx_word' id='word_1_599' title='bbox 325 5666 352 5697; x_wconf 77' lang='grc' dir='ltr'><strong>υ</strong></span> <span class='ocrx_word' id='word_1_600' title='bbox 382 5657 572 5714; x_wconf 78' lang='lat' dir='ltr'><strong>Matth.</strong></span> <span class='ocrx_word' id='word_1_601' title='bbox 596 5672 668 5722; x_wconf 85' lang='lat' dir='ltr'><strong>tv,</strong></span> <span class='ocrx_word' id='word_1_602' title='bbox 703 5655 789 5709; x_wconf 74' lang='lat' dir='ltr'><strong>i7.</strong></span> 
     </span>
    </p>
   </div>
   <div class='ocr_carea' id='block_1_101' title="bbox 1927 4444 2330 4509">
    <p class='ocr_par' dir='ltr' id='par_1_101' title="bbox 1927 4444 2330 4509">
     <span class='ocr_line' id='line_1_101' title="bbox 1927 4444 2330 4509; baseline -0.017 -5"><span class='ocrx_word' id='word_1_603' title='bbox 1927 4455 2075 4509; x_wconf 86' lang='lat' dir='ltr'><strong>sunt,</strong></span> <span class='ocrx_word' id='word_1_604' title='bbox 2099 4444 2330 4500; x_wconf 87' lang='lat' dir='ltr'><strong>secedit.</strong></span> 
     </span>
    </p>
   </div>
   <div class='ocr_carea' id='block_1_102' title="bbox 1996 4527 3493 4604">
    <p class='ocr_par' dir='ltr' id='par_1_102' title="bbox 1996 4527 3493 4604">
     <span class='ocr_line' id='line_1_102' title="bbox 1996 4527 3493 4604; baseline -0.001 -12"><span class='ocrx_word' id='word_1_605' title='bbox 1996 4539 2084 4594; x_wconf 85' lang='lat' dir='ltr'><strong>9i,</strong></span> <span class='ocrx_word' id='word_1_606' title='bbox 2116 4535 2398 4591; x_wconf 89' lang='lat' dir='ltr'><strong>Consonas</strong></span> <span class='ocrx_word' id='word_1_607' title='bbox 2448 4533 2646 4593; x_wconf 62' lang='lat' dir='ltr'><strong>animae</strong></span> <span class='ocrx_word' id='word_1_608' title='bbox 2679 4533 2914 4588; x_wconf 80' lang='lat' dir='ltr'><strong>virtutes</strong></span> <span class='ocrx_word' id='word_1_609' title='bbox 2937 4527 3194 4590; x_wconf 83' lang='lat' dir='ltr'><strong>custodi:</strong></span> <span class='ocrx_word' id='word_1_610' title='bbox 3247 4549 3313 4588; x_wconf 80' lang='lat' dir='ltr'><strong>ex</strong></span> <span class='ocrx_word' id='word_1_611' title='bbox 3358 4534 3493 4604; x_wconf 88' lang='lat' dir='ltr'><strong>ipsis</strong></span> 
     </span>
    </p>
   </div>
   <div class='ocr_carea' id='block_1_103' title="bbox 1926 4624 2862 4696">
    <p class='ocr_par' dir='ltr' id='par_1_103' title="bbox 1926 4624 2862 4696">
     <span class='ocr_line' id='line_1_103' title="bbox 1926 4624 2862 4696; baseline -0.009 -11"><span class='ocrx_word' id='word_1_612' title='bbox 1926 4632 2074 4686; x_wconf 90' lang='lat' dir='ltr'><strong>enim</strong></span> <span class='ocrx_word' id='word_1_613' title='bbox 2105 4628 2352 4684; x_wconf 89' lang='lat' dir='ltr'><strong>nascitur</strong></span> <span class='ocrx_word' id='word_1_614' title='bbox 2373 4625 2587 4681; x_wconf 82' lang='lat' dir='ltr'><strong>fructus</strong></span> <span class='ocrx_word' id='word_1_615' title='bbox 2615 4624 2862 4696; x_wconf 66' lang='lat' dir='ltr'><strong>justitiaa.</strong></span> 
     </span>
    </p>
   </div>
   <div class='ocr_carea' id='block_1_104' title="bbox 1995 4801 3492 4875">
    <p class='ocr_par' dir='ltr' id='par_1_104' title="bbox 1995 4801 3492 4875">
     <span class='ocr_line' id='line_1_104' title="bbox 1995 4801 3492 4875; baseline -0.005 -12"><span class='ocrx_word' id='word_1_616' title='bbox 1995 4809 2082 4863; x_wconf 69' lang='lat'><strong>92.</strong></span> <span class='ocrx_word' id='word_1_617' title='bbox 2115 4805 2647 4875; x_wconf 84' lang='lat' dir='ltr'><strong>Contemplationem</strong></span> <span class='ocrx_word' id='word_1_618' title='bbox 2674 4819 2864 4859; x_wconf 89' lang='lat' dir='ltr'><strong>eorum</strong></span> <span class='ocrx_word' id='word_1_619' title='bbox 2905 4818 3027 4872; x_wconf 70' lang='lat' dir='ltr'><strong>qua:</strong></span> <span class='ocrx_word' id='word_1_620' title='bbox 3044 4818 3198 4857; x_wconf 91' lang='lat' dir='ltr'><strong>mens</strong></span> <span class='ocrx_word' id='word_1_621' title='bbox 3229 4801 3492 4871; x_wconf 87' lang='lat' dir='ltr'><strong>concipit,</strong></span> 
     </span>
    </p>
   </div>
   <div class='ocr_carea' id='block_1_105' title="bbox 1932 4894 3494 4966">
    <p class='ocr_par' dir='ltr' id='par_1_105' title="bbox 1932 4894 3494 4966">
     <span class='ocr_line' id='line_1_105' title="bbox 1932 4894 3494 4966; baseline -0.006 -11"><span class='ocrx_word' id='word_1_622' title='bbox 1932 4901 2088 4955; x_wconf 89' lang='lat' dir='ltr'><strong>aiunt</strong></span> <span class='ocrx_word' id='word_1_623' title='bbox 2135 4898 2360 4953; x_wconf 89' lang='lat' dir='ltr'><strong>omnino</strong></span> <span class='ocrx_word' id='word_1_624' title='bbox 2389 4897 2776 4966; x_wconf 89' lang='lat' dir='ltr'><strong>incorpoream</strong></span> <span class='ocrx_word' id='word_1_625' title='bbox 2814 4910 2957 4960; x_wconf 87' lang='lat' dir='ltr'><strong>esse,</strong></span> <span class='ocrx_word' id='word_1_626' title='bbox 2990 4902 3178 4964; x_wconf 88' lang='lat' dir='ltr'><strong>utpote</strong></span> <span class='ocrx_word' id='word_1_627' title='bbox 3210 4910 3332 4963; x_wconf 70' lang='lat' dir='ltr'><strong>quae</strong></span> <span class='ocrx_word' id='word_1_628' title='bbox 3361 4894 3431 4948; x_wconf 79' lang='lat' dir='ltr'><strong>sit</strong></span> <span class='ocrx_word' id='word_1_629' title='bbox 3463 4910 3494 4946; x_wconf 88' lang='lat' dir='ltr'><strong>a</strong></span> 
     </span>
    </p>
   </div>
   <div class='ocr_carea' id='block_1_106' title="bbox 1930 4987 3280 5056">
    <p class='ocr_par' dir='ltr' id='par_1_106' title="bbox 1930 4987 3280 5056">
     <span class='ocr_line' id='line_1_106' title="bbox 1930 4987 3280 5056; baseline -0.004 -10"><span class='ocrx_word' id='word_1_630' title='bbox 1930 4989 2160 5046; x_wconf 86' lang='lat' dir='ltr'><strong>materia</strong></span> <span class='ocrx_word' id='word_1_631' title='bbox 2191 4989 2475 5056; x_wconf 83' lang='lat' dir='ltr'><strong>formaque</strong></span> <span class='ocrx_word' id='word_1_632' title='bbox 2510 4987 2834 5042; x_wconf 88' lang='lat' dir='ltr'><strong>abalienata.</strong></span> <span class='ocrx_word' id='word_1_633' title='bbox 3272 5035 3280 5041; x_wconf 90' lang='lat'><strong>.</strong></span> 
     </span>
    </p>
   </div>
   <div class='ocr_carea' id='block_1_107' title="bbox 2001 5072 3492 5148">
    <p class='ocr_par' dir='ltr' id='par_1_107' title="bbox 2001 5072 3492 5148">
     <span class='ocr_line' id='line_1_107' title="bbox 2001 5072 3492 5148; baseline -0.009 -12"><span class='ocrx_word' id='word_1_634' title='bbox 2001 5081 2091 5136; x_wconf 76' lang='lat'><strong>93.</strong></span> <span class='ocrx_word' id='word_1_635' title='bbox 2126 5079 2281 5133; x_wconf 91' lang='lat' dir='ltr'><strong>Sicut</strong></span> <span class='ocrx_word' id='word_1_636' title='bbox 2305 5086 2540 5148; x_wconf 86' lang='lat' dir='ltr'><strong>quatuor</strong></span> <span class='ocrx_word' id='word_1_637' title='bbox 2567 5076 2838 5132; x_wconf 88' lang='lat' dir='ltr'><strong>elementa</strong></span> <span class='ocrx_word' id='word_1_638' title='bbox 2861 5091 2928 5130; x_wconf 76' lang='lat' dir='ltr'><strong>ex</strong></span> <span class='ocrx_word' id='word_1_639' title='bbox 2958 5073 3187 5128; x_wconf 89' lang='lat' dir='ltr'><strong>materia</strong></span> <span class='ocrx_word' id='word_1_640' title='bbox 3220 5083 3275 5127; x_wconf 87' lang='lat' dir='ltr'><strong>et</strong></span> <span class='ocrx_word' id='word_1_641' title='bbox 3297 5072 3492 5132; x_wconf 80' lang='lat' dir='ltr'><strong>forma,</strong></span> 
     </span>
    </p>
   </div>
   <div class='ocr_carea' id='block_1_108' title="bbox 1928 5163 3494 5239">
    <p class='ocr_par' dir='ltr' id='par_1_108' title="bbox 1928 5163 3494 5239">
     <span class='ocr_line' id='line_1_108' title="bbox 1928 5163 3494 5239; baseline -0.007 -12"><span class='ocrx_word' id='word_1_642' title='bbox 1928 5173 2007 5228; x_wconf 89' lang='lat' dir='ltr'><strong>sic</strong></span> <span class='ocrx_word' id='word_1_643' title='bbox 2035 5180 2091 5226; x_wconf 91' lang='lat' dir='ltr'><strong>et</strong></span> <span class='ocrx_word' id='word_1_644' title='bbox 2118 5184 2351 5239; x_wconf 89' lang='lat' dir='ltr'><strong>corpora</strong></span> <span class='ocrx_word' id='word_1_645' title='bbox 2403 5182 2524 5237; x_wconf 64' lang='lat' dir='ltr'><strong>qua:</strong></span> <span class='ocrx_word' id='word_1_646' title='bbox 2557 5182 2621 5221; x_wconf 81' lang='lat' dir='ltr'><strong>ex</strong></span> <span class='ocrx_word' id='word_1_647' title='bbox 2656 5166 2789 5236; x_wconf 89' lang='lat' dir='ltr'><strong>ipsis</strong></span> <span class='ocrx_word' id='word_1_648' title='bbox 2819 5175 2966 5230; x_wconf 88' lang='lat' dir='ltr'><strong>sunt,</strong></span> <span class='ocrx_word' id='word_1_649' title='bbox 3035 5181 3101 5220; x_wconf 75' lang='lat' dir='ltr'><strong>ex</strong></span> <span class='ocrx_word' id='word_1_650' title='bbox 3133 5165 3266 5234; x_wconf 89' lang='lat' dir='ltr'><strong>ipsis</strong></span> <span class='ocrx_word' id='word_1_651' title='bbox 3330 5163 3494 5216; x_wconf 85' lang='lat' dir='ltr'><strong>ctiam</strong></span> 
     </span>
    </p>
   </div>
   <div class='ocr_carea' id='block_1_109' title="bbox 1930 5261 3435 5331">
    <p class='ocr_par' dir='ltr' id='par_1_109' title="bbox 1930 5261 3435 5331">
     <span class='ocr_line' id='line_1_109' title="bbox 1930 5261 3435 5331; baseline -0.016 -12"><span class='ocrx_word' id='word_1_652' title='bbox 1930 5271 2059 5319; x_wconf 83' lang='lat' dir='ltr'><strong>sunt</strong></span> <span class='ocrx_word' id='word_1_653' title='bbox 2089 5261 2407 5318; x_wconf 87' lang='lat' dir='ltr'><strong>constituta.</strong></span> <span class='ocrx_word' id='word_1_654' title='bbox 3429 5325 3435 5331; x_wconf 12' lang='grc' dir='ltr'>κ</span> 
     </span>
    </p>
   </div>
   <div class='ocr_carea' id='block_1_110' title="bbox 2005 5345 3495 5422">
    <p class='ocr_par' dir='ltr' id='par_1_110' title="bbox 2005 5345 3495 5422">
     <span class='ocr_line' id='line_1_110' title="bbox 2005 5345 3495 5422; baseline -0.011 -14"><span class='ocrx_word' id='word_1_655' title='bbox 2005 5354 2094 5408; x_wconf 73' lang='grc'><strong>94.</strong></span> <span class='ocrx_word' id='word_1_656' title='bbox 2118 5352 2358 5408; x_wconf 78' lang='lat' dir='ltr'><strong>Verbum</strong></span> <span class='ocrx_word' id='word_1_657' title='bbox 2376 5358 2599 5422; x_wconf 86' lang='lat' dir='ltr'><strong>propter</strong></span> <span class='ocrx_word' id='word_1_658' title='bbox 2616 5346 3050 5404; x_wconf 87' lang='lat' dir='ltr'><strong>misericordiam</strong></span> <span class='ocrx_word' id='word_1_659' title='bbox 3074 5361 3203 5402; x_wconf 91' lang='lat' dir='ltr'><strong>caro</strong></span> <span class='ocrx_word' id='word_1_660' title='bbox 3227 5345 3425 5398; x_wconf 82' lang='lat' dir='ltr'><strong>factum</strong></span> <span class='ocrx_word' id='word_1_661' title='bbox 3445 5354 3495 5406; x_wconf 70' lang='grc' dir='ltr'>τι,</span> 
     </span>
    </p>
   </div>
   <div class='ocr_carea' id='block_1_111' title="bbox 1933 5436 3496 5512">
    <p class='ocr_par' dir='ltr' id='par_1_111' title="bbox 1933 5436 3496 5512">
     <span class='ocr_line' id='line_1_111' title="bbox 1933 5436 3496 5512; baseline -0.006 -16"><span class='ocrx_word' id='word_1_662' title='bbox 1933 5458 2111 5512; x_wconf 85' lang='lat' dir='ltr'><strong>neque</strong></span> <span class='ocrx_word' id='word_1_663' title='bbox 2143 5441 2290 5511; x_wconf 86' lang='lat' dir='ltr'><strong>quod</strong></span> <span class='ocrx_word' id='word_1_664' title='bbox 2321 5449 2437 5496; x_wconf 87' lang='lat' dir='ltr'><strong>erat</strong></span> <span class='ocrx_word' id='word_1_665' title='bbox 2466 5436 2870 5503; x_wconf 83' lang='lat' dir='ltr'><strong>transmutavit,</strong></span> <span class='ocrx_word' id='word_1_666' title='bbox 2893 5453 3071 5510; x_wconf 86' lang='lat' dir='ltr'><strong>neque</strong></span> <span class='ocrx_word' id='word_1_667' title='bbox 3099 5437 3244 5509; x_wconf 88' lang='lat' dir='ltr'><strong>quod</strong></span> <span class='ocrx_word' id='word_1_668' title='bbox 3272 5437 3496 5496; x_wconf 76' lang='lat' dir='ltr'><strong>factum,</strong></span> 
     </span>
    </p>
   </div>
   <div class='ocr_carea' id='block_1_112' title="bbox 1934 5531 2204 5587">
    <p class='ocr_par' dir='ltr' id='par_1_112' title="bbox 1934 5531 2204 5587">
     <span class='ocr_line' id='line_1_112' title="bbox 1934 5531 2204 5587; baseline -0.011 0"><span class='ocrx_word' id='word_1_669' title='bbox 1934 5531 2204 5587; x_wconf 77' lang='lat' dir='ltr'><strong>alteravit.</strong></span> 
     </span>
    </p>
   </div>
   <div class='ocr_carea' id='block_1_113' title="bbox 873 5643 2442 5720">
    <p class='ocr_par' dir='ltr' id='par_1_113' title="bbox 873 5643 2442 5720">
     <span class='ocr_line' id='line_1_113' title="bbox 873 5643 2442 5720; baseline -0.012 -8"><span class='ocrx_word' id='word_1_670' title='bbox 873 5656 899 5696; x_wconf 69' lang='grc' dir='ltr'>δ</span> <span class='ocrx_word' id='word_1_671' title='bbox 933 5654 1076 5711; x_wconf 82' lang='lat' dir='ltr'><strong>Psal.</strong></span> <span class='ocrx_word' id='word_1_672' title='bbox 1112 5670 1232 5720; x_wconf 68' lang='lat' dir='ltr'><strong>LXX,</strong></span> <span class='ocrx_word' id='word_1_673' title='bbox 1267 5653 1354 5718; x_wconf 82' lang='grc'>18,</span> <span class='ocrx_word' id='word_1_674' title='bbox 1390 5652 1475 5706; x_wconf 71' lang='grc'><strong>19.</strong></span> <span class='ocrx_word' id='word_1_675' title='bbox 1555 5663 1582 5701; x_wconf 74' lang='grc' dir='ltr'><strong><em>Ρ</em></strong></span> <span class='ocrx_word' id='word_1_676' title='bbox 1611 5653 1855 5715; x_wconf 64' lang='grc' dir='ltr'>ὶὶυιηΛί,</span> <span class='ocrx_word' id='word_1_677' title='bbox 1878 5651 1963 5706; x_wconf 70' lang='lat'><strong>9&#39;5.</strong></span> <span class='ocrx_word' id='word_1_678' title='bbox 2043 5659 2068 5698; x_wconf 62' lang='lat' dir='ltr'><strong>tt</strong></span> <span class='ocrx_word' id='word_1_679' title='bbox 2097 5647 2252 5702; x_wconf 80' lang='lat' dir='ltr'><strong>Joan.</strong></span> <span class='ocrx_word' id='word_1_680' title='bbox 2287 5660 2321 5707; x_wconf 86' lang='grc' dir='ltr'><strong>ι,</strong></span> <span class='ocrx_word' id='word_1_681' title='bbox 2355 5643 2442 5696; x_wconf 74' lang='grc' dir='ltr'>Μ.</span> 
     </span>
    </p>
   </div>
  </div>
