3946 6206
492 243 626 309 1447

557 359 646 414 95.
686 357 751 412 Ut
780 372 849 411 ex
876 355 1081 410 deitate
1100 363 1156 410 et
1189 353 1554 418 humanitate,
1590 365 1646 409 et
1681 355 1736 408 in
1775 354 1980 409 deitate
2003 363 2057 406 et
2090 360 2130 412 Α

488 448 866 513 humanitate;
899 447 978 500 sic
1023 463 1092 500 ex
1129 446 1344 500 duabus
1399 446 1629 508 naturis,
1653 453 1709 499 et
1738 446 1794 499 in
1851 445 2070 499 duabus

489 529 723 603 naturis,
760 538 1000 592 dicimus
1037 552 1160 592 esse
1191 553 1365 592 unum
1398 538 1594 592 Deum.

556 720 644 776 96.
683 719 856 775 Unam
891 718 1230 789 hypostasim
1267 717 1324 771 in
1379 715 1603 772 Christo
1638 713 1968 771 conﬁtemur
2002 729 2070 792 egi
2123 718 2132 726 ‘

487 813 705 870 duabus
733 811 948 865 naturis
978 809 1431 880 inseparabiliter
1465 809 1655 864 unitis.

557 901 1103 971 97..lnseparabilcm
1132 916 1295 954 unam
1319 900 1528 956 Christi
1555 899 1932 969 gloriﬁcamus
1967 899 2068 971 hy-

486 994 777 1064 postasim,
817 998 874 1044 et
901 989 1039 1044 citra
1061 1005 1281 1044 onmem
1335 989 1718 1044 confusionem
1743 997 2068 1043 naturarum

485 1087 817 1142 conﬁtemur
843 1085 1128 1139 unionem.
1526 1133 1536 1142 ,

555 1179 644 1232 98.
677 1177 869 1231 Trium
915 1175 1298 1246 hypostasium
1321 1188 1484 1228 unam
1523 1173 1745 1228 deitatis
1773 1173 2070 1228 essentiam

485 1270 799 1330 adoramus,
833 1268 1199 1338 ejusdemque
1224 1266 1478 1320 essentia:
1515 1274 1760 1320 sanctam
1817 1265 2064 1319 Trinita-

485 1364 595 1410 tem
626 1357 978 1410 conﬁtemur.

555 1450 643 1502 99.
677 1449 1049 1518 Proprietatcs
1085 1449 1252 1503 trium
1280 1445 1657 1516 hypostasium
1685 1457 1834 1509 sunt,
1884 1456 2067 1516 pater-

488 1541 651 1603 nitas,
672 1543 882 1605 tiliatio,
905 1552 961 1596 et
993 1541 1303 1610 processio:
1333 1549 1389 1594 et
1419 1541 1735 1594 communia
1763 1540 1938 1595 tribus
1963 1541 2065 1612 hy-

1729 237 2134 297 THALASSII
2177 237 2494 295 ABBATIS

3630 234 3763 298 lii-3

2234 351 2332 418 '.._.=.'.
2399 352 2606 421 Ὠσπερ
2671 350 2735 401 ἐκ
2805 349 3056 419 Οειῦτητος
3134 350 3227 402 ναὶ
3315 349 3768 420 ἀνορωπὸτητης,

2172 447 2264 496 καὶ
2302 447 2356 496 ἐν
2389 444 2628 512 θεότητι,
2663 443 2755 495 καὶ
2779 441 3188 515 ἀνθρωττότητι,
3217 441 3392 506 οὕτως
3423 445 3518 495 καὶ
3557 446 3626 495 ὲκ
3676 443 3778 496 δύο

2177 537 2442 604 φύσεων,
2500 536 2596 590 καὶ
2653 537 2710 587 ὲν
2782 534 2876 588 δύο
2938 534 3136 602 φύσεσι
3210 534 3442 602 λέγομεν
3507 537 3599 587 τὸν
3673 537 3776 587 Eu.

2171 631 2323 682 Θεόν.

2250 720 2369 788 ι,ς’.
2396 722 2541 775 Μίαν
2571 721 2876 774 ὑπόστασιν
2902 720 3144 792 Χριστοῦ
3174 720 3552 792 ὁμολογοῦμεν
3585 722 3648 772 ἐν
3676 721 3778 773 δύο

2175 814 2405 883 φύσεσιν
2438 813 2750 883 ἡνωμένα-,ις
2774 813 3116 883 ἁδιαιρέτως.

2245 902 2351 968 ις’.
2402 903 2734 974 Ἀδιαὶρετον
2758 902 2856 972 τὴν
2887 902 3018 972 μίαν
3049 901 3290 973 Χριστοῦ
3330 902 3636 954 ὑπόστασιν
3682 902 3774 953 δο-

2174 993 2431 1064 ξάζομεν,
2460 996 2554 1047 καὶ
2613 995 2926 1065 ἁσὺγχυτον
2984 995 3084 1066 τὴν
3134 995 3244 1050 τῶν
3293 995 3510 1064 φύσεων
3557 996 3773 1047 ἕνωσιν

2172 1083 2438 1160 όμολογσῦ
2447 1101 2565 1152 μεν.

2243 1176 2353 1248 ιη’.
2401 1176 2852 1247 Τρισυπόστατον
2895 1175 2994 1246 τὴν
3032 1176 3164 1246 μίαν
3207 1179 3308 1246 τῆς
3347 1176 3612 1245 Θεότητος
3674 1178 3764 1227 οὖ-

2176 1266 2297 1318 σίαν
2361 1265 2780 1337 προσκυνοῦμεν
2813 1303 2828 1329 ,
2901 1266 3000 1318 καὶ
3063 1267 3349 1334 όμοούσιον
3415 1266 3517 1334 τὴν
3593 1264 3770 1331 ἁγίαν

2175 1357 2384 1428 Τριάδα
2415 1357 2670 1427 Θεολογοῦ
2677 1375 2799 1429 μεν.

2245 1447 2351 1515 kO'.
2379 1451 2479 1503 Διὰ
2530 1451 2639 1504 τῶν
2688 1449 2856 1521 τριῶν
2901 1449 3256 1503 ὕποστάσεων
3309 1448 3616 1518 πατρότης,
3651 1446 3770 1498 υἱός

2175 1557 2295 1610 της,
2360 1543 2734 1612 ὲκπόρευσις·
2799 1541 2896 1594 καὶ
2960 1542 3116 1594 κοινὰ
3168 1541 3277 1592 τῶν
3336 1540 3520 1593 αὐτῶν
3596 1539 3770 1593 πάλιν

484 1634 800 1700 postasibus
839 1642 990 1700 sunt,
1015 1633 1278 1699 essentia,
1322 1641 1543 1696 natura,
1569 1632 1768 1696 deitas,
1792 1631 2031 1686 bonitas.

2209 1635 2345 1698 στίν,
2379 1636 2412 1704 ἡ
2452 1634 2630 1699 οὐσία,
2665 1637 2698 1704 ἡ
2727 1635 2909 1704 φύσις,
2949 1636 2982 1704 ἡ
3020 1633 3233 1706 θεότης,
3264 1636 3297 1704 ἡ
3332 1633 3639 1704 ἁγαθότης.

491 1851 1608 1867 ,ηΜσ-ὟΟἯ

1682 2023 2345 2108 ΕΚΑΤΟΝΤΑΣ
2420 2023 2487 2105 Γ
2490 2018 2529 2113 ’,

1759 2204 1868 2272 ἾΙς
1899 2208 1933 2276 ἡ
1963 2207 2282 2280 ἀκροστιχὶς
2308 2209 2403 2278 ἥδε
2433 2225 2447 2239 ·

498 2368 639 2424 Ἀλλ
691 2363 765 2436 ἦν
810 2367 967 2419 κακὰ
1004 2366 1238 2434 κυρίως,
1282 2366 1352 2418 οὐ
1379 2365 1449 2417 τὰ
1480 2362 1595 2430 τὴν
1635 2363 1998 2429 συνείδησιν
2031 2362 2167 2434 (leg.
2213 2361 2412 2434 σάρκα)
2448 2361 2785 2424 λυποῦντα,
2833 2362 2949 2430 τὴν
2983 2360 3053 2414 δὲ
3100 2361 3317 2432 ψυχὴν
3357 2364 3758 2432 καθαίροντα,

1115 2459 1274 2511 ἀλλὰ
1308 2455 1376 2509 τὰ
1403 2455 1516 2524 τὴν
1546 2457 1908 2522 συνείδησιν
1935 2453 2277 2521 λυποῦντα,
2314 2454 2610 2522 τέρποντα
2643 2453 2713 2508 δὲ
2743 2454 2858 2524 τὴν
2881 2452 3108 2523 σάρκα.

2102 2621 2171 2636 -α

1622 2765 2692 2902 ρβΝΤυΒιΑιιυ

1706 2975 1876 3048 Cujus
1906 2977 2021 3031 haec
2051 2985 2136 3032 est
2165 2979 2494 3034 acrostichis
2525 2995 2538 3032 :

602 3157 1042 3218 Verumtamen
1078 3158 1341 3231 proprie
1373 3153 1536 3214 mala
1573 3167 1742 3228 sunt,
1783 3174 1912 3215 non
1952 3174 2088 3234 qua:
2128 3175 2374 3218 carnem
2409 3159 2730 3239 afﬂigunt,
2760 3164 3032 3224 animam
3068 3184 3214 3227 vero
3245 3165 3606 3246 puriﬁcant
3624 3192 3651 3239 ,-

851 3252 957 3313 sed
997 3271 1131 3334 qua:
1172 3255 1621 3317 conscientiam
1655 3255 1902 3334 quidem
1943 3255 2215 3320 tristitia
2245 3260 2558 3340 afﬁciunt,
2605 3280 2854 3324 carnem
2893 3287 3038 3328 vero
3083 3269 3377 3332 titillant.

554 3549 606 3602 l.
665 3547 812 3600 Bona
884 3545 952 3599 de
1005 3559 1072 3599 eo
1133 3545 1280 3614 quod
1337 3555 1532 3601 natura
1584 3547 1789 3603 bonum
1849 3552 2133 3622 cogita;c

479 3641 574 3697 sed
605 3649 661 3694 et
695 3639 761 3692 de
788 3638 938 3690 omni
975 3637 1199 3691 homine
1234 3637 1443 3692 sentias
1473 3638 1633 3693 bene.

547 3733 600 3785 2.
638 3731 942 3786 Verborum
972 3737 1028 3782 et
1071 3745 1300 3798 operum
1352 3745 1416 3783 ac
1468 3731 1862 3799 cogitationum
1895 3736 2062 3788 ratio-

479 3838 605 3876 nem
641 3819 910 3873 reddituri
940 3833 1131 3872 sumus
1167 3817 1222 3872 in
1247 3818 1336 3872 die
1361 3819 1555 3888 judicii
1576 3831 1596 3857 ι’
1622 3861 1635 3874 .

548 3915 602 3967 '5.
660 3913 891 3967 Habitus
934 3912 1158 3966 virtutis
1196 3912 1282 3966 vel
1318 3912 1542 3966 malitiae
1578 3913 1812 3983 impellit
1843 3932 1966 3980 nos,
2003 3929 2062 3972 ut

480 4001 621 4056 bene
673 4001 760 4054 vel
809 4001 949 4054 male
984 4000 1311 4069 cogitemus,
1343 4002 1428 4054 vel
1474 4001 1764 4071 loquamur
1797 4007 1883 4060 vel
1926 4023 2061 4078 ope-

481 4107 689 4146 remur.

548 4184 600 4235 4.
630 4183 781 4236 Mens
803 4181 893 4235 cui
915 4179 1237 4236 aﬁ‘ectiones
1255 4181 1552 4252 imperant,
1583 4187 1925 4259 cogitatqua:
1951 4207 2061 4247 non

477 4273 712 4338 decent;
759 4273 951 4341 quales
992 4281 1176 4326 autem
1226 4273 1586 4344 cogitationes
1635 4278 1765 4341 sint,
1819 4279 2063 4347 produnt

477 4381 534 4420 80
543 4381 762 4420 rmones
792 4373 849 4420 et
879 4381 1066 4434 opera.

548 4457 603 4509 5.
635 4456 786 4509 Malae
831 4455 1182 4525 cogitationis
1206 4457 1318 4511 dux
1353 4457 1731 4523 aﬁ‘ectioiest
1755 4463 2064 4520 affectionis

479 4554 672 4598 auctor
734 4559 950 4609 sensus,
993 4560 1103 4614 quo
1153 4554 1212 4598 ut
1257 4546 1400 4601 male
1446 4557 1683 4613 utamur,
1711 4551 1764 4605 in
1791 4568 1954 4609 causa
1980 4564 2063 4609 est

479 4652 652 4692 mens.

547 4728 600 4780 6.
630 4727 854 4782 lnclude
881 4726 1049 4797 igitur
1076 4742 1291 4793 sensus,
1315 4745 1566 4800 expugna
1585 4732 1984 4800 phantasmata.
2009 4744 2062 4790 et

479 4817 804 4872 affectiones
840 4816 1009 4871 armis
1074 4817 1456 4872 mandatorum
1506 4821 1706 4893 diripe.

544 5017 595 5070 7.
626 5015 828 5070 Malitia
860 5016 1190 5081 inveterata,
1223 5017 1382 5088 longa
1419 5033 1559 5088 opus
1589 5021 1757 5076 habet
1781 5025 2052 5079 exercita-

475 5109 646 5174 tione;
668 5110 913 5164 stabilita
938 5108 1084 5162 enim
1112 5109 1453 5163 consuetudo
1472 5110 1620 5165 haud
1645 5111 1826 5166 subito
1851 5114 2051 5168 immu-

407 5240 411 5244 -
471 5210 638 5258 tatur.

539 5295 592 5348 8.
633 5293 928 5347 Monastica
958 5294 1068 5346 vita
1106 5313 1266 5365 quam
1326 5297 1660 5351 comitantur
1707 5299 2047 5354 continentia

475 5401 540 5438 ac
566 5385 830 5447 Charitas,
852 5401 948 5454 per
975 5387 1296 5454 patientiam
1319 5397 1371 5441 et
1395 5388 1638 5457 quietem
1660 5389 1817 5444 facile
1839 5405 1959 5458 quae
1975 5391 2052 5443 in-

466 5478 654 5548 juncta
685 5487 834 5541 sunt,
858 5478 1198 5547 exsequitur.
1991 5467 1994 5470 9

545 5643 565 5673 r
595 5605 787 5688 Matth:
823 5652 915 5702 xu,

2237 3564 2304 3611 α’.
2382 3559 2588 3627 Ἀγαθὰ
2624 3561 2856 3627 διανοοῦ,
2911 3564 3004 3617 καὶ
3054 3567 3180 3635 περὶ
3229 3567 3429 3629 παντὸς
3457 3567 3762 3642 ἀνθρώπου

2164 3647 2306 3700 καλὰ
2339 3649 2668 3718 διαλογίζου.

2235 3739 2300 3808 β’.
2334 3741 2522 3809 Λόγων
2550 3745 2644 3796 καὶ
2672 3743 2850 3815 ἔργων
2881 3747 2974 3799 καὶ
3006 3747 3224 3800 ἐννοιῶν
3255 3749 3558 3818 ἀπολογίαν
3587 3755 3760 3810 ἁπαι-

2161 3831 2402 3898 τούμεθα
2431 3833 2585 3903 παρὰ
2607 3834 2744 3887 Θεοῦ
2779 3838 2838 3888 ἐν
2861 3837 3041 3908 ἡμέρᾴ
3066 3839 3321 3912 κρίσεως.

2233 3920 2302 3990 γ’.
2360 3924 2425 3975 Ἡ
2459 3924 2570 3990 ἕξις
2603 3925 2703 3995 τῆς
2734 3929 2937 3998 ἀρετῆς
2974 3929 3006 3999 ἢ
3041 3932 3138 4001 τῆς
3187 3933 3388 3996 κακίας
3430 3940 3584 3990 κινεῖ
3614 3940 3762 4009 ἡμεῖς

2163 4014 2257 4066 ἐπὶ
2315 4013 2384 4067 τὰ
2419 4015 2560 4069 καλὰ
2598 4017 2631 4086 ἢ
2666 4017 2736 4069 τὰ
2787 4021 2935 4073 κακὰ
2959 4022 3182 4087 ἐννοεῖν,
3233 4025 3267 4094 ἦ
3320 4026 3525 4095 λέγειν,
3570 4031 3608 4100 ἦ
3651 4033 3765 4085 δια-

2161 4104 2367 4174 πράττε
2378 4105 2518 4162 σθαι.

2234 4198 2298 4253 δ’.
2331 4199 2475 4264 Νοῦς
2525 4203 2634 4256 ἀπὸ
2679 4203 2867 4256 παθῶν
2899 4207 3327 4277 κεκρατημένος,
3374 4211 3557 4266 ὲννοεῖ
3575 4215 3652 4267 τὰ
3689 4217 3762 4284 μὴ

2166 4293 2448 4361 πρέποντα
2469 4312 2481 4324 ·
2517 4297 2812 4367 φανεροῦσι
2833 4297 2890 4350 δὲ
2915 4300 3014 4368 τὴν
3044 4299 3254 4352 ἔννοιαν
3283 4303 3329 4353 οἱ
3361 4305 3514 4371 λόγοι
3557 4309 3663 4359 καὶ
3696 4313 3761 4360 τὰ

2164 4385 2322 4454 ἔργα.

2235 4479 2296 4530 ε’.
2349 4479 2542 4549 Κακῆς
2597 4480 2802 4545 ἑννοίας
2834 4487 3156 4554 προηγεῖται
3189 4488 3376 4551 πάθος,
3415 4489 3517 4542 τοῦ
3546 4489 3612 4542 δὲ
3663 4494 3761 4544 :3-

2166 4569 2292 4632 Οους
2325 4571 2473 4625 αἰτία
2536 4572 2873 4643 καθέστηκεν
2932 4578 2982 4646 ἡ·
3017 4577 3286 4649 αἴσθησις,
3336 4581 3437 4650 τῆς
3478 4581 3537 4634 δὲ
3577 4584 3761 4653 κακῆς

2167 4661 2337 4730 αὐτῆς
2376 4664 2650 4732 χρήσεως,
2681 4665 2839 4736 δῆλον
2865 4669 2944 4720 ὃτι
2975 4671 3003 4722 ό
3033 4670 3178 4734 νοῦς.

2238 4756 2312 4814 ς’.
2358 4752 2706 4806 Ἀπόκλεισον
2736 4755 2834 4826 τὴν
2862 4756 3117 4828 αἴσθησιν
3142 4776 3156 4789 ο
3190 4760 3283 4813 καὶ
3307 4761 3634 4833 πολέμησον
3666 4765 3759 4832 τὴν

2169 4842 2457 4913 πρόληψιν,
2499 4846 2593 4898 καὶ
2651 4845 2836 4910 ὅπλοις
2888 4849 2998 4902 τῶν
3043 4849 3273 4904 ἐντολῶν
3322 4853 3482 4906 ἄνελέ
3537 4871 3642 4908 σου
3695 4859 3758 4911 τὰ

2091 4949 2136 5001 υ
2165 4933 2332 5004 πάθη.

2231 5026 2294 5089 ζ’.
2355 5029 2536 5080 Κακία
2586 5031 2904 5100 χρονίσασα,
2939 5032 3227 5104 ἀσκήσεως
3273 5035 3445 5089 δεῖται
3488 5039 3754 5108 χρονίας’

2160 5120 2416 5189 συνήθεια
2488 5121 2594 5193 γὰρ
2680 5125 3018 5192 παγιωθεῖσα
3111 5126 3324 5197 ἀθρόως
3385 5129 3448 5181 οὐ
3524 5147 3756 5200 μετακι-

2155 5212 2346 5264 νεῖται.

2232 5309 2298 5370 η’.
2343 5305 2404 5354 Ἃ
2417 5320 2608 5372 σκησις
2636 5307 3000 5378 ἐπιτεταμένη
3030 5309 3355 5380 ἐγκρατείας
3380 5312 3474 5365 καὶ
3502 5313 3752 5386 ἀγάπης,

2161 5394 2226 5445 δι’
2265 5395 2541 5466 ὑπομονῆς
2571 5397 2665 5450 καὶ
2697 5398 2927 5470 ἡσυχίας
2957 5400 3135 5455 ἀνεῖλε
3165 5401 3235 5456 τὰ
3267 5401 3592 5474 ὲγκείμενα.
