3946 6206
227 381 362 447 ηις)

1561 356 1946 429 CENTURIA
1988 361 2102 421 Ill.

3352 356 3372 420 1
3385 352 3489 420 450

294 494 361 547 θ’.
419 490 575 544 River.
604 488 694 542 τὸν
742 486 867 541 νοῦν
913 486 994 547 εὶς
1052 481 1358 555 προσευχὴν
1396 480 1655 549 συνεχῶς,
1709 478 1800 529 καὶ

1975 472 2027 526 9.
2056 472 2291 527 Mentem
2334 468 2554 524 assidue
2576 467 2643 523 ad
2671 464 2942 522 orandum
2976 466 3245 532 incita,ut
3274 469 3484 540 cogita-

221 583 555 655 διαφθείρεις
600 582 724 643 τοὺς
767 578 1060 647 λογισμοὺς
1112 574 1423 643 ἐφεστῶτας
1478 574 1545 641 τῇ
1582 568 1795 640 καρδίᾳ.

295 683 348 730 ι’.
412 675 726 742 ’Υπομονῆς
777 671 947 722 δεῖται
976 668 1071 721 καὶ
1112 664 1493 734 μακροθυμίας
1530 662 1797 729 ἄσκησιςο

224 765 410 838 χρονίᾳ
438 762 544 831 γάρ
575 761 861 830 φιλοπονίᾳ
883 754 1163 828 φιληδονία
1191 753 1515 824 ἐξορίζεται.

297 952 384 1000 ια’.
413 943 471 996 'P
481 942 636 1013 ξιδίως
653 959 720 1008 γυ
729 958 795 1011 μν
804 938 907 1011 άζῃ
924 941 1003 1001 είς
1025 938 1151 1000 τοὺς
1168 937 1263 1006 τῆς
1279 935 1562 1003 ἀσκήσεως
1585 930 1800 992 πόνους,

225 1038 323 1091 ἐάν
346 1035 519 1089 πάντα
540 1033 617 1104 τῷ
645 1033 828 1103 μέτρῳ
859 1030 953 1083 καὶ
985 1028 1171 1083 κανόνι
1199 1024 1490 1095 διαπράξῃ.

299 1209 387 1279 ιβ’.
416 1208 560 1259 Ἴσον
587 1206 646 1259 τὸ
674 1205 871 1277 μέτρον
891 1205 987 1273 τῆς
1016 1203 1304 1271 ἀσκήσεως
1321 1200 1578 1269 φύλαττε,
1605 1199 1699 1252 καὶ
1731 1197 1806 1269 μὴ

224 1298 395 1371 λύσῃς
427 1299 630 1353 κανόνα
660 1297 819 1359 ἐκτὸς
843 1296 944 1366 τῆς
974 1295 1242 1364 ἀνάγκης.

299 1484 388 1545 ιγ’.
426 1477 641 1545 ’Ὠσπερ
671 1475 969 1545 λογισμοὺς
994 1460 1251 1543 καθαίρει
1268 1473 1452 1542 ἀγάπη
1478 1472 1572 1525 καὶ
1603 1473 1808 1540 ἐγκρά-

226 1586 368 1634 τεια,
421 1569 593 1632 οὕτως
643 1569 753 1620 πᾶν
804 1568 1007 1637 ὕψωμα
1063 1565 1428 1635 ἐπαιρόμενον
1471 1562 1671 1632 θεωρία
1714 1561 1808 1614 καὶ

228 1660 526 1732 προσευχὴ.
1567 1649 1579 1661 ’

302 1749 383 1803 ιδ’.
447 1747 760 1816 Συνεὶδησιν
816 1745 1066 1817 καθαράν
1126 1745 1280 1798 πόνοι
1328 1742 1576 1797 ποιοῦσιν
1634 1744 1808 1812 ἀσκή-

1908 564 2087 618 tiones
2127 565 2184 617 in
2224 571 2447 633 pectore
2476 562 2836 615 obversantes
2863 559 3184 630 disperdere
3216 574 3406 629 queas.

1974 655 2061 708 10.
2094 653 2434 711 Exercitatio
2461 652 2741 723 religiosa,
2771 650 3037 720 patientia
3069 664 3209 719 opus
3228 649 3390 725 habet
3421 664 3486 704 ac

1903 745 2351 816 longanimitate;
2382 744 2682 814 voluptatis
2721 743 2870 798 enim
2903 758 3079 806 amor,
3126 742 3296 797 multa
3327 742 3484 798 labo-

1905 836 1983 890 ris
2014 836 2335 890 assiduitate
2367 834 2702 890 incxsilium
2733 835 2989 888 mittitur.

1977 924 2064 977 11.
2112 924 2291 978 Facile
2341 924 2508 994 hujus
2539 924 3208 980 exercitationislabores
3240 926 3487 979 et’tantla-tr

1906 1013 2016 1075 bis,
2053 1013 2098 1068 si
2125 1013 2192 1067 ad
2221 1029 2541 1067 mensuram
2565 1022 2622 1068 et
2648 1015 2891 1083 regulam
2921 1030 3090 1085 opera
3114 1025 3208 1071 tua
3238 1017 3486 1086 perfece-

1908 1105 2005 1157 ris.

1970 1183 2065 1248 ’12
2112 1193 2400 1264 Equalem
2468 1194 2573 1264 pia:
2610 1194 3025 1275 exercitationis
3068 1213 3382 1257 mensuram
3430 1199 3489 1253 in

1907 1288 2168 1344 omnibus
2227 1302 2409 1352 serva,
2440 1288 2547 1343 nisi
2591 1288 2663 1343 ob
2706 1290 3137 1345 inexcusabilem
3185 1291 3486 1347 necessitaa

1912 1388 2020 1435 tem
2052 1380 2296 1450 regulam
2332 1380 2514 1434 solvas
2540 1380 2850 1435 minimum.

1982 1473 2071 1527 15.
2103 1472 2176 1528 Ut
2202 1471 2541 1526 continentia
2587 1480 2643 1526 et
2671 1472 2914 1527 charitas
2948 1472 3246 1542 purificant
3274 1474 3486 1543 co‘gita-s
3526 1484 3531 1489 ‘

1914 1564 2113 1626 tiones,
2142 1562 2213 1616 ita
2243 1578 2460 1616 omnem
2496 1563 2814 1631 superbiam
2872 1563 3073 1618 tollunt
3100 1566 3493 1634 contemplatio

1912 1667 2255 1723 precumque
2279 1652 2510 1723 paritas.

1985 1745 2082 1811 Η,
2110 1742 2516 1799 Conscientiarn
2543 1754 2734 1812 puram
2760 1743 2970 1817 faciunt
2989 1744 3209 1800 labores
3230 1744 3485 1800 monasti.

233 1854 396 1904 σεως,
453 1835 564 1893 οἷον
611 1839 855 1910 νηστεία,
912 1840 1209 1908 ἀγρυπνία,
1278 1837 1549 1907 ὑπομονὴ,
1598 1852 1809 1906 μακρο-

1957 1864 1982 1893 ι.
2019 1838 2209 1907 quales
2238 1846 2369 1891 sunt
2416 1837 2713 1907 jejunium,
2745 1814 2967 1907 vigiliae,
2991 1839 3256 1909 patientia
3288 1843 3493 1900 ctione

233 1929 428 2001 θυμία.

306 2018 389 2074 ιε’.
443 2021 502 2075 ’0
541 2021 649 2075 τῶν
691 2022 965 2077 ἀκουσίων
1004 2021 1328 2094 πειρασμῶν
1372 2021 1472 2083 τὰς
1516 2020 1808 2089 ἐπαγωγὰς

233 2111 542 2181 ὑπομένων,
588 2113 991 2185 ταπεινόφρων,
1041 2116 1136 2167 καὶ
1164 2114 1407 2183 δόκιμος,
1456 2114 1549 2165 καί
1593 2112 1810 2174 εὔελπις

232 2205 463 2274 γίνεται.

310 2296 408 2364 ις’.
445 2299 719 2370 ’Υπομονή
752 2301 898 2353 ἐστιν
930 2299 1214 2368 φιλοπονία
1245 2299 1425 2369 ψυχῆς
1446 2315 1457 2327 ’
1498 2300 1810 2352 συνίσταται

232 2395 291 2450 δὲ
347 2394 489 2465 αὕτη
543 2394 601 2460 ἐξ
650 2394 914 2448 ἑκουσίων
981 2394 1159 2447 πόνων
1211 2394 1308 2445 καὶ¹
1360 2392 1634 2446 ἀκουσίων
1694 2408 1812 2445 πει-

237 2488 484 2558 ρασμῶν.

306 2667 394 2733 ιζ.
443 2664 628 2718 Τίκτει
668 2662 905 2717 ἀκακίαν
954 2663 987 2734 ἡ
1030 2663 1136 2716 τῶν
1172 2660 1359 2715 δεινῶν
1392 2662 1679 2733 καρτερία,
1722 2663 1818 2715 καὶ

234 2757 536 2815 ἀπόλλυσιν
576 2756 776 2818 κακίας
806 2757 887 2818 εἰς
914 2757 977 2808 τὸ
1013 2755 1165 2818 τέλος
1202 2757 1235 2825 ὴ
1279 2754 1442 2825 μέχρι
1467 2753 1653 2817 τέλους
1685 2754 1818 2807 ὐπο-

237 2851 400 2919 μονή.

307 2941 403 3013 ιη’.
451 2941 712 3013 Αῐσθησιν
764 2940 925 3012 est»qu
971 2941 1152 2995 πόνων
1179 2940 1466 3009 ἐπαγωγὴ,
1495 2942 1591 2992 καὶ
1627 2939 1819 3010 ἡδονὴν

230 3039 456 3108 ἀναιρεῖ
481 3036 655 3106 λύπης
676 3036 935 3106 ἐπιφορά.
1696 3026 1711 3037 ’

1911 1929 2223 1999 ganimitas.

1987 2019 2071 2072 l5.
2100 2017 2205 2083 Qui
2245 2017 2736 2071 involuntariarum
2773 2022 3138 2075 tentationum
3172 2023 3357 2093 plagas
3399 2043 3496 2097 pa-

1914 2113 2113 2167 ticnler
2158 2112 2297 2174 tert,
2344 2111 2628 2167 modestus.
2679 2123 2736 2167 et
2788 2115 3071 2183 probatus,
3114 2128 3284 2188 atque
3341 2119 3500 2179 bona:

1912 2205 2027 2274 Spei
2062 2204 2147 2257 vir
2178 2204 2302 2258 erit.
2786 2220 2805 2229 ί

1984 2295 2069 2350 16.
2109 2295 2376 2349 Patientia
2410 2295 2610 2365 gaudet
2658 2298 2713 2351 in
2771 2297 3015 2355 ferendis
3043 2301 3324 2359 laboribus
3377 2306 3499 2359 ani-

1915 2401 2037 2447 nne.
2086 2386 2450 2455 consistitque
2495 2386 2553 2440 in
2582 2389 2983 2445 tentationibus
3013 2401 3069 2447 et
3095 2394 3380 2451 laboribus
3402 2394 3499 2467 qui

1915 2486 2110 2544 sponte
2170 2475 2571 2546 suscipiuntur,
2614 2485 2668 2531 et
2704 2480 3105 2536 tentationibus
3148 2499 3272 2553 quae
3312 2486 3504 2542 invitis

1916 2567 2195 2621 accidunt.

1992 2659 2079 2711 l7.
2102 2657 2420 2713 Tolerantia
2440 2675 2623 2714 rerum
2646 2660 2897 2732 gravium
2921 2663 3070 2733 parit
3097 2665 3498 2733 innocentiam;

1921 2750 2233 2803 constantia
2264 2757 2447 2805 autem
2476 2750 2532 2804 in
2588 2751 2695 2807 fine
2720 2769 2896 2823 usque
2924 2770 3287 2824 perseverans
3315 2761 3498 2813 omni-

1918 2858 1992 2896 no
2024 2842 2288 2895 malitiam
2335 2843 2685 2898 exterminat.

1997 2934 2081 2987 l8.
2134 2934 2311 3015 Plagte
2370 2934 2630 2989 immissae
2673 2946 2870 2993 sensus
2923 2936 3193 3008 adﬁgunt,
3253 2944 3346 2995 sed
3402 2955 3507 2996 vos

1922 3027 2104 3097 luptas
2157 3027 2377 3083 tristitia
2409 3029 2559 3083 illata
2604 3029 2835 3083 tollitur.

300 3126 397 3182 t0'.
456 3125 712 3194 Τέσσαρά
760 3125 876 3178 ἐστι
918 3123 1256 3192 γενικώτατα
1292 3123 1461 3193 πάθη,
1515 3120 1598 3186 οἷς
1640 3121 1810 3191 σοφῶς

1992 3118 2081 3174 19.
2112 3119 2362 3185 Quatuor
2418 3131 2548 3175 sunt
2593 3122 2879 3192 generales
2931 3124 3253 3181 affectiones
3300 3126 3508 3197 quibus

225 3217 361 3273 κατ’
392 3216 637 3288 ἀλλήλων
671 3216 896 3268 ὑπόνοια
924 3215 1206 3287 κέχρηται.

297 3315 384 3363 κ’.
423 3307 644 3378 Ἡδονὴν
696 3308 806 3378 γὰρ
865 3307 1147 3361 συστέλλει
1192 3305 1373 3376 λύπης
1403 3303 1688 3375 ἐπαγωγὴ,
1724 3303 1819 3357 καὶ

228 3398 538 3468 ἐπιθυμίαν
576 3398 834 3469 μαραίνει
864 3398 1029 3466 φόϐος
1067 3398 1365 3451 κολάσεων.

298 3577 420 3633 xa’.
446 3576 589 3639 Νοῦς
628 3578 891 3647 φρόνιμος
909 3574 1173 3646 γυμνάζει
1202 3574 1378 3645 ψυχὴν
1402 3573 1588 3639 αὑτοῦ,
1618 3574 1712 3627 καὶ
1739 3575 1818 3634 εἰς

233 3671 431 3725 πᾶσαν
458 3652 890 3738 ἅσκησινέθίζει
920 3666 981 3718 τὸ
1010 3666 1170 3735 σῶμα
1203 3664 1391 3719 αὐτοῦ.

273 3818 279 3824 _
305 3759 418 3830 κβ⁹.
452 3757 696 3810 Σπεῦσον
718 3754 887 3820 δεῖξαι
918 3755 1173 3827 μοναχὸν,
1212 3756 1295 3827 μὴ
1349 3756 1438 3808 τὸν
1462 3754 1569 3821 ἔξω
1605 3753 1817 3826 ἄνθρωο

238 3867 367 3916 πον,
395 3848 531 3903 ἀλλὰ
555 3850 659 3921 καὶ.
681 3848 775 3900 τὸν
804 3847 914 3900 ἔσω
938 3846 1048 3899 τῶν
1077 3846 1266 3899 παθῶν
1294 3844 1673 3899 ἀπαλλάττων.

314 4034 422 4096 κγ’.
467 4027 745 4097 ’Λποταγὴ
804 4026 997 4097 πρώτη
1033 4028 1062 4099 ἡ
1105 4026 1215 4080 τῶν
1266 4027 1608 4100 πραγμάτων
1642 4027 1818 4081 ἀπαλ-

245 4116 408 4185 λαγὴ,
454 4115 682 4186 δευτέρα
709 4115 766 4169 δὲ
807 4115 902 4170 καὶ
930 4115 1088 4189 τρίτη
1129 4119 1162 4178 ἠ
1209 4117 1320 4172 τῶν
1353 4117 1543 4173 παθῶν
1582 4118 1673 4171 καὶ
1718 4116 1819 4187 τῆς

246 4208 490 4275 ἀγνοίας.

320 4318 418 4371 κδ’.
462 4318 687 4389 Ῥᾳδίως
716 4336 799 4382 τις
827 4319 1111 4392 βουληθεὶς
1141 4321 1251 4374 τῶν
1275 4324 1614 4394 πραγμάτων
1647 4323 1819 4377 ἀπαλ-

248 4404 521 4470 λάττεται,
580 4408 681 4460 οὐκ
729 4408 895 4479 ὀλίγῳ
941 4408 999 4462 δὲ
1052 4411 1304 4479 καμάτῳ,
1352 4411 1461 4464 τῶν
1490 4411 1626 4483 πρὸς
1681 4412 1819 4468 αὐτὰ

249 4497 398 4570 παθη
405 4500 611 4568 μάτων.

319 4624 418 4671 κε’.
448 4618 681 4684 Κρατῶν
711 4619 1025 4688 ἐπιθυμίας,
1059 4621 1153 4674 καὶ
1183 4620 1355 4693 θυμοῦ
1387 4623 1646 4694 περιέσῃ·
1684 4623 1819 4695 αὕτη

246 4704 359 4778 γάρ
387 4706 533 4761 αἰτία
561 4707 659 4777 τῆς
682 4709 774 4761 τοῦ
811 4709 982 4780 θυμοῦ
1022 4713 1289 4782 ταραχῆς.

322 4917 433 4973 λς’.
467 4904 613 4973 ’Δρα
641 4909 1036 4979 ἀπηλλάγημεν
1074 4912 1182 4963 τῶν
1220 4912 1484 4980 ἐμπαθῶν
1508 4914 1820 4982 νοημάτων,

246 5005 346 5054 καὶ
372 5001 471 5069 τῆς
500 5000 745 5070 καθαράς
776 5002 868 5054 καὶ
906 5001 1075 5055 ἀῦλου
1115 5003 1459 5075 ἀπολαύομεν
1490 5005 1821 5075 προσευχῆς,

253 5090 281 5160 ἡ
308 5091 460 5147 οὔπω
484 5107 499 5157 ;

319 5204 424 5268 κζ’.
461 5203 649 5273 Μέγας
689 5206 832 5269 νοῦς,
878 5208 907 5258 ὁ
945 5206 1055 5260 τῶν
1104 5208 1292 5263 παθῶν
1335 5210 1689 5278 ἀπαλλαγεὶς,
1731 5214 1825 5267 καὶ⁵

248 5293 358 5349 τῶν
389 5296 561 5350 ὄντων
584 5298 893 5367 κωρισθετις,
939 5299 1032 5351 καὶ
1075 5300 1134 5353 ἐν
1162 5298 1240 5370 τῷ
1269 5301 1387 5370 θεῷ
1415 5302 1641 5371 διάγων.

322 5477 429 5541 κη’.
484 5472 572 5525 Ἐν
607 5476 717 5535 τοῖς
752 5473 897 5541 τρισὶ
925 5472 1140 5530 τούτοις
1170 5478 1197 5529 ὁ
1247 5477 1572 5536 προκόπτων
1604 5479 1823 5548 φιλοσο-

250 5564 362 5631 φεῖ,
416 5564 475 5615 ὲν
506 5567 623 5627 ταῖς
653 5565 913 5631 ἐντολαῖς,
959 5569 1019 5620 ἐν
1060 5572 1174 5633 τοῖς
1213 5570 1470 5642 δόγμασι,
1508 5572 1601 5626 καὶ
1647 5575 1704 5625 ἐν
1752 5577 1821 5644 τῇ

250 5651 430 5705 πῖστει
456 5654 556 5720 τῆς
579 5655 830 5723 Τριάδος.

320 5746 422 5801 κθκ
457 5746 599 5807 Νοῦς
631 5746 818 5799 παθῶν
855 5753 1163 5820 γυμνωθεὶς
1211 5758 1267 5810 ἐν
1316 5757 1527 5822 τούτοις
1570 5759 1818 5829 εὑρίσκε-

567 5839 836 5902 Ρλτιιοι.
865 5845 979 5902 Gn.
1032 5847 1184 5908 .\’Cl.

1928 3209 2224 3278 prudentia
2260 3211 2541 3281 sapienter
2560 3213 2799 3269 vicissim
2827 3231 2925 3270 usa
2957 3227 3062 3273 est.

1999 3303 2086 3356 20.
2125 3304 2472 3372 Voluptatem
2502 3306 2650 3358 enim
2692 3306 2917 3361 tristitia
2938 3311 3340 3378 superveniens
3363 3309 3505 3366 fran-

1927 3394 2005 3463 git
2048 3403 2105 3448 et
2130 3395 2432 3461 contrahit;
2462 3398 2969 3466 concupiscentiam
3001 3415 3137 3454 vero
3172 3395 3354 3455 metus
3377 3402 3500 3456 vina

1929 3485 2089 3538 dicta:
2119 3484 2322 3538 abolet.

1999 3572 2092 3626 21.
2115 3571 2268 3625 Mens
2290 3572 2579 3640 prudentis
2608 3568 2845 3629 animam
2873 3586 3027 3631 suam
3050 3586 3290 3644 eXerect,
3312 3589 3507 3636 eteor-

1932 3680 2037 3735 pus
2062 3679 2223 3719 suum
2271 3664 2421 3717 omni
2445 3663 2547 3733 p533
2573 3667 2960 3723 exercitationi
2995 3669 3312 3726 assuefacit.

1999 3744 2090 3808 29.
2123 3755 2360 3823 Propera
2407 3766 2467 3810 ut
2502 3758 2834 3812 monachum
2875 3766 2929 3815 te
2957 3761 3240 3829 ostendas,
3270 3777 3381 3817 non
3408 3778 3508 3819 ex-

1934 3847 2190 3902 teriorem
2215 3846 2517 3913 hominem,
2563 3848 2661 3904 sed
2696 3851 3020 3908 interiorem
3081 3854 3152 3909 ab
3193 3853 3503 3910 affectioni-

1928 3940 2035 3994 bus
2063 3937 2374 3993 alienando.

1998 4035 2091 4090 25.
2126 4036 2415 4091 Abdicatio
2451 4038 2627 4107 prima
2657 4048 2741 4094 est
2769 4048 2827 4093 ut
2847 4039 2973 4108 quis
2992 4040 3061 4095 ab
3099 4041 3383 4111 operibus,
3415 4057 3504 4097 se-

1924 4129 2106 4184 cunda
2129 4129 2197 4184 ab
2218 4128 2624 4194 affectionibus,
2650 4131 2810 4185 tertia
2843 4140 2904 4186 nt
2935 4132 3005 4186 ab
3029 4132 3337 4204 ignorantia
3360 4132 3506 4188 liber

1928 4220 2039 4274 fiat.

1999 4329 2090 4383 2L.
2124 4327 2181 4384 Si
2205 4328 2329 4398 quis
2351 4328 2520 4393 volet,
2555 4328 2715 4386 facile
2749 4342 2779 4386 a‘
2804 4333 2962 4389 malis
2988 4335 3250 4407 operibus
3285 4338 3503 4396 alienus

1926 4422 2061 4486 erit;
2090 4420 2186 4475 sed
2222 4435 2331 4474 non
2364 4420 2495 4475 item
2524 4435 2693 4490 parvo
2716 4424 2905 4480 labore
2926 4427 2994 4481 ab
3013 4429 3333 4485 eorumdem
3367 4432 3507 4489 aﬂ‘ed

1853 4493 1904 4552 θ
1933 4513 2233 4569 ctionibus.

1996 4628 2085 4683 25.
2109 4628 2165 4683 Si
2189 4631 2427 4700 imperas
2450 4632 2929 4701 concupiscentiis,
2956 4635 3245 4691 eohibebis
3261 4644 3316 4692 et
3340 4638 3505 4706 iram;

1925 4732 2053 4771 nam
2117 4719 2311 4774 eadem
2385 4721 2455 4776 de
2520 4736 2685 4777 causa
2748 4724 2873 4792 quis
2933 4733 2985 4778 et
3060 4725 3141 4780 ira
3201 4730 3504 4786 conturba-

1926 4820 2037 4864 tur.

1995 4924 2081 4977 26.
2110 4924 2195 4978 An
2219 4940 2329 4978 non
2349 4925 2568 4981 liberati
2594 4942 2622 4980 ο
2655 4926 3088 4997 cogitationibus
3115 4944 3239 4999 qua:
3263 4932 3501 4991 animam

1924 5015 2194 5080 afﬁciunt,
2254 5017 2487 5086 spiritali
2546 5019 2712 5073 etiam
2769 5033 2835 5073 ac
2881 5035 3017 5088 pura
3071 5023 3326 5080 oratione
3358 5024 3502 5080 frui-

1925 5106 2087 5159 mur?

1993 5217 2082 5271 27.
2111 5216 2300 5285 Magna
2329 5217 2554 5287 quidem
2573 5233 2730 5299 mens
2758 5235 2882 5289 qum
2907 5221 2977 5277 ab
3002 5221 3395 5282 affectionibus
3417 5235 3504 5283 est

1924 5307 2118 5373 libera,
2149 5318 2204 5381 et
2224 5317 2565 5379 sequestrata
2599 5320 2682 5366 est
2705 5311 2775 5367 ab
2806 5312 2894 5369 his
2918 5328 3043 5384 quae
3058 5324 3210 5381 sunt,
3230 5327 3291 5372 et
3312 5319 3371 5373 in
3390 5320 3504 5376 Deo

1929 5406 2199 5450 versatur.
2364 5405 2372 5414 ”
2548 5414 2551 5419 ’

1993 5487 2083 5541 28.
2133 5488 2425 5557 Sapientia:
2457 5500 2636 5559 vacat,
2670 5495 2764 5563 qui
2792 5496 2847 5550 in
2887 5495 3066 5555 tribus
3120 5498 3364 5569 proficit,
3446 5501 3502 5557 in

1926 5578 2197 5633 mandatis
2219 5581 2448 5649 scilicet,
2474 5583 2760 5651 doctrinis,
2790 5596 2846 5642 et
2874 5587 2932 5642 in
2953 5586 3060 5645 ﬁde
3089 5590 3398 5646 Trinitatis.

2004 5758 2094 5814 29.
2149 5759 2299 5840 Mens
2330 5761 2716 5820 affectionibus
2748 5775 2916 5823 exuta
2933 5766 2988 5822 in
3022 5766 3155 5838 istis
3173 5766 3515 5832 invenietur,

2985 5856 3078 5922 1ιῦ
