3946 6206
538 285 668 353 1451

1786 302 2184 363 THALASSII
2227 307 2544 371 ABBATIS

3643 324 3668 386 1
3682 327 3766 388 £52

533 407 585 457 in
619 406 875 462 tenuibus
919 406 1364 477 cogitationibus,
1402 411 1861 480 contemplatione
1909 413 2084 468 horun

2222 437 2318 486 tat,
2348 422 2405 474 ἐν
2430 428 2541 488 τοῖς
2569 426 2744 495 ψιλοῖς
2769 428 3028 501 νοήμασι,
3053 432 3110 483 ἐν
3138 435 3203 504 τῇ
3229 431 3434 504 θεωρίᾳ.
3464 437 3573 490 τῶν
3593 439 3770 502 Sum,

526 515 644 568 quae
686 510 836 565 sunt,
869 509 927 554 et
981 503 1189 558 lumine
1240 504 1448 558 nullam
1516 508 1788 562 referente
1841 509 2102 577 speciem.

598 590 689 647 δι).
717 592 957 648 Occulta:
987 604 1115 649 sunt
1147 597 1201 650 in
1223 597 1515 653 animabus
1539 600 1743 655 nostris
1780 602 2103 657 allectiones

528 685 805 755 pessima:
831 686 1320 757 deprehenduntur
1342 698 1526 745 autem
1552 691 1644 747 ubi
1658 707 1825 762 opera
1846 693 1901 747 in
1922 694 2099 757 lucem

528 778 853 847 prodierint.

592 868 679 921 5|.
708 868 1102 937 lmpertnrbata
1116 877 1299 925 manet
1325 870 1619 941 aliquando
1637 888 1812 939 mens,
1838 875 2102 945 tranquil-

523 959 734 1013 litatem
768 959 1004 1028 aliquam
1054 962 1446 1031 particularem
1478 974 1646 1018 nacta
1678 982 1690 1016 :
1718 965 1963 1034 quandiu
2014 975 2097 1021 ta-

524 1065 648 1104 men
679 1050 878 1105 absunt
910 1066 1096 1120 Opera,
1131 1052 1359 1122 probata
1393 1069 1501 1107 non
1536 1063 1647 1133 est.

590 1142 680 1195 52.
696 1142 800 1196 Per
833 1141 956 1209 tria,
974 1143 1190 1198 scilicet
1210 1144 1551 1207 memoriam,
1580 1145 1960 1202 habitudinem
1977 1164 2099 1203 cor-

524 1232 672 1300 poris
697 1239 754 1285 et
780 1246 996 1295 sensus,
1031 1241 1092 1286 ut
1117 1233 1436 1302 praedictum
1470 1244 1574 1296 est,
1601 1235 1915 1292 excitantur
1950 1238 2085 1293 aﬂ’e-

522 1324 750 1379 ctiones.

589 1414 681 1468 55.
712 1414 883 1480 Mens,
907 1414 1199 1470 custoditis
1230 1416 1486 1471 sensibus
1515 1425 1572 1471 et
1599 1419 1847 1487 corporis
1871 1418 2094 1474 habitu-

522 1509 671 1573 dine,
703 1492 758 1562 in
815 1508 1188 1565 obedientiam
1220 1510 1425 1580 justam
1461 1508 1676 1564 ﬁrmata
1712 1509 1919 1564 bellum
1952 1513 2094 1583 gerit

520 1600 784 1654 adversus
814 1599 985 1655 solam
1016 1601 1362 1656 memoriam.

480 1762 495 1769 ν
588 1691 676 1744 54.
707 1691 754 1746 Α
781 1691 1041 1746 sensibus
1064 1692 1320 1747 oriuntur
1339 1692 1683 1761 all'ectiones,
1719 1699 1940 1769 quoties
1957 1712 2091 1755 con-

522 1782 753 1838 tinentia
780 1783 1153 1854 spiritalisque
1179 1783 1423 1841 charitas
1453 1786 1755 1842 abluerint.

586 1944 676 1999 55.
703 1945 1044 1999 Moderatum
1074 1944 1370 2015 jejunium,
1417 1944 1619 2016 vigiliae
1667 1954 1724 2001 et
1772 1946 2090 2017 psalmodize

516 2039 764 2110 parabile
796 2053 999 2108 corpus
1027 2037 1282 2093 reddunt.

583 2240 670 2295 56.
689 2239 949 2310 Corporis
961 2236 1344 2294 habitudinem
1354 2237 1463 2295 tria
1483 2237 1537 2292 in
1557 2237 1802 2293 deterius
1831 2237 2085 2302 alterant,

513 2349 709 2404 nempe
736 2332 912 2388 diaetae
934 2329 1291 2394 inordinatio,
1319 2329 1446 2384 dein
1464 2330 1609 2385 aeris
1627 2330 1957 2396 immutatio,
1972 2338 2090 2384 tan-

513 2424 638 2479 dem
668 2433 725 2478 et
754 2422 1063 2477 daemonum
1097 2418 1404 2475 infestatio.

579 2514 670 2567 5'l.
701 2513 903 2569 lterum
930 2507 1205 2565 memoriae
1231 2508 1435 2578 quibus
1468 2507 1787 2564 aﬂ‘ectiones
1841 2512 2086 2566 excitan-

512 2615 621 2671 tur,
650 2604 928 2679 precibus,
954 2602 1212 2669 lectione,
1233 2601 1573 2657 continentia
1597 2616 1662 2657 ac
1686 2601 1954 2658 charitate
1982 2602 2086 2657 mi-

510 2704 774 2750 nttuntur.

580 2786 669 2842 58.
695 2786 903 2842 Sensus
928 2785 1167 2855 primum
1188 2785 1380 2842 claude
1403 2796 1461 2839 et
1485 2783 1795 2854 quietiores
1818 2781 2008 2848 facito,
2027 2789 2085 2838 et

511 2887 702 2949 postea
726 2876 896 2931 armis
918 2875 1188 2931 virtutum
1211 2874 1475 2931 adversus
1500 2889 1565 2929 ea
1586 2889 1709 2944 quae
1758 2874 2082 2929 memoriam

512 2963 793 3029 infestant,
825 2963 1097 3033 praeliare.
1249 2990 1265 3002 -
2043 2952 2047 2964 ’

2204 513 2263 565 ὲν
2290 512 2370 583 τῷ
2395 516 2552 586 ἀϊδίῳ
2571 519 2731 587 φωτί.

2274 605 2336 658 λ’.
2376 608 2628 663 Κάκιττα
2670 611 2818 680 πάθη
2872 612 2932 664 ὲν
2980 616 3100 678 ταῖς
3148 616 3353 685 ψυχαῖς
3397 618 3557 689 ἡμῶν
3581 622 3771 693 κέκρυ-

2204 712 2365 750 πταιο
2411 700 2535 753 τότε
2572 700 2628 755 δὲ
2663 703 2940 771 φαίνεται,
2988 708 3120 761 ὅταν
3166 710 3235 762 τὰ
3281 712 3590 782 πράγματα
3632 715 3771 783 ἑλέγο

2203 807 2424 858 χωνται.

2272 879 2381 932 Ral-
2417 881 2797 953 ’Δνενόχλητος
2842 885 2992 955 μένει
3022 886 3137 939 ἐσθ’
3164 887 3256 941 ὅτε
3281 890 3312 941 6
3349 890 3492 951 νοῦς.
3544 891 3770 960 μερικῆς

2199 970 2377 1041 τυχὼν
2432 973 2740 1038 ἀπαθείαςσ
2793 976 3052 1048 ἀδόκιμος
3101 964 3159 1033 δέ
3204 982 3353 1033 ἐστιν
3400 981 3490 1035 διὰ
3521 983 3623 1052 τὴν
3672 983 3768 1037 τῶν

2200 1065 2543 1135 πραγμάτων
2577 1068 2872 1123 ἀπουσίαν.

2268 1152 2369 1223 λβ’.
2414 1154 2709 1209 Κινοῦνται
2748 1157 2819 1210 τά
2863 1157 3012 1230 πάθη
3055 1159 3146 1213 διὰ
3200 1162 3312 1216 τῶν
3334 1163 3502 1231 τριῶν
3545 1165 3765 1228 τούτων.

2197 1244 2291 1299 διά
2319 1263 2379 1300 τε
2412 1247 2513 1317 τῆς
2539 1249 2761 1319 μνήμης
2784 1250 2883 1302 καὶ
2911 1250 3010 1321 τῆς
3042 1254 3315 1322 κράσεως,
3344 1256 3563 1325 καὶτῆς
3583 1257 3767 1326 αἰσθή-

2198 1355 2357 1409 σεως,
2396 1341 2473 1403 ὡς
2512 1340 2861 1411 προείρηται.

2265 1429 2368 1498 λγ’.
2410 1432 2467 1483 ’0
2494 1429 2618 1494 νοῦς
2650 1432 2751 1501 τήν
2776 1449 2837 1484 τε
2875 1433 3131 1504 αἴσθησιν
3156 1434 3513 1499 ἀποκλείσας,
3549 1438 3655 1491 καὶ
3683 1438 3766 1507 τὴν

2197 1521 2397 1588 κρᾶσιν
2432 1520 2722 1591 ὁμαλίσας,
2765 1523 2905 1595 πρὸς
2937 1526 3108 1595 μόνην
3143 1524 3243 1598 τὴν
3273 1529 3499 1599 μνήμην
3533 1530 3656 1599 ἔχει
3692 1529 3766 1582 τὸν

2197 1610 2326 1664 πόλε
2334 1628 2455 1682 μον.

2266 1703 2359 1757 λδ’.
2398 1703 2536 1759 Ὑπὸ
2555 1702 2667 1756 τῶν
2700 1704 3012 1776 αἰσθήσεων
3041 1708 3166 1761 τότε
3197 1707 3265 1761 τά
3291 1708 3437 1784 πάρη
3468 1707 3763 1770 κινοῦνται,

2192 1795 2431 1866 ὁπηνίκα
2472 1794 2772 1865 ἐγκράτεια
2816 1800 2893 1867 μὴ
2934 1801 3111 1870 παρῇ,
3162 1799 3257 1853 καὶ
3295 1800 3486 1870 ἀγάπη
3532 1816 3766 1870 πνευμα-

2191 1889 2336 1957 τική.

2260 1975 2356 2031 λε’.
2433 1978 2676 2049 Νηστεία
2738 1976 3073 2050 σύμμετρος,
3141 1980 3237 2034 καὶ
3306 1978 3617 2049 ἀγρυπνία,
3683 1979 3761 2032 καὶ

2188 2065 2477 2137 ψαλμῳδία
2551 2068 2793 2138 πέφυκεν
2873 2069 3155 2138 ὁμαλίζειν
3236 2069 3336 2141 τὴν
3402 2072 3607 2139 κρᾶσιν
3682 2069 3763 2121 τοῦ

2191 2157 2464 2229 σώματος.

2258 2247 2367 2314 λς’.
2412 2249 2494 2304 Τά
2544 2249 2671 2320 τρία
2714 2250 2889 2306 ταῦτα
2929 2252 3029 2323 τὴν
3071 2252 3270 2324 κρᾶσιν
3318 2252 3463 2307 κατά
3500 2253 3561 2306 τὸ
3591 2256 3762 2324 χεῖρον

2186 2338 2347 2408 δῆλον
2377 2340 2460 2394 ὅτι
2499 2340 2825 2409 ἀλλοιοῦσιν,
2872 2344 2905 2414 ἠ
2942 2343 3044 2414 τῆς
3070 2344 3283 2412 διαίτης
3316 2343 3541 2410 ἀταξία,
3577 2346 3617 2415 ἡ
3666 2342 3763 2397 τῶν

2187 2431 2367 2501 ἀέρων
2398 2432 2697 2504 μεταϐολὴ,
2715 2436 2810 2487 καὶ
2838 2437 2871 2505 ἡ
2904 2434 3012 2488 τῶν
3040 2434 3313 2505 δαιμόνων
3340 2436 3552 2506 ὲπαφή.

2258 2522 2356 2586 λζ’.
2402 2525 2469 2577 Ai
2520 2524 2787 2594 ἐμπαθεῖς
2827 2526 3039 2596 μνῆμαι
3071 2525 3160 2579 διὰ
3197 2526 3406 2580 τούτων
3450 2525 3756 2595 ψιλοῦνται,

2183 2612 2272 2666 διὰ
2290 2614 2619 2686 προσευχῆς,
2640 2618 2736 2670 καὶ
2757 2616 3139 2693 ἀναγνώσεως,
3169 2618 3265 2670 καὶ
3286 2616 3656 2688 ἐγκρατείας,
3684 2619 3762 2670 καὶ

2184 2706 2429 2776 ἀγάπης.

2254 2799 2357 2869 λη’.
2398 2800 2509 2871 Τὴν
2537 2800 2791 2873 αἴσθησιν
2825 2802 3043 2873 πρῶτον
3076 2803 3144 2873 τῇ
3171 2801 3375 2873 ἡσυχίᾳ
3406 2801 3757 2867 ἀπόκλεισον,

2184 2894 2278 2945 καὶ
2309 2891 2432 2945 τότε
2454 2896 2565 2957 τοῖς
2602 2894 2789 2958 ὅπλοις
2827 2894 2935 2947 τῶν
2965 2893 3181 2965 ἀρετῶν
3217 2893 3355 2964 πρὸς
3391 2892 3501 2958 τὰς
3541 2896 3758 2965 μνήμας

2186 2982 2519 3053 πολέμησον.

579 3055 668 3111 59.
694 3054 765 3111 Ut
792 3053 1184 3124 cogitationum
1217 3054 1445 3119 abusus,
1477 3053 1687 3108 malitia
1724 3063 1811 3108 est
1846 3068 2075 3120 earum;

2257 3073 2356 3129 λθ’.
2390 3074 2454 3127 Ἦ
2490 3076 2631 3129 κατὰ
2669 3076 2910 3131 διάνοιαν
2947 3077 3135 3144 κακία,
3171 3078 3204 3147 ἠ
3249 3074 3618 3146 παράχρησίς
3661 3075 3766 3125 ἐστι

510 3150 585 3205 ita
609 3158 667 3205 et
689 3163 919 3219 operum
950 3147 1155 3203 abusus
1176 3146 1494 3202 earumdem
1525 3155 1611 3202 est
1637 3146 1863 3201 malitia.

577 3343 668 3399 ιο.
691 3343 827 3398 Tam
855 3341 1248 3413 cogitationum
1275 3355 1443 3411 quam
1487 3354 1716 3412 operum
1740 3340 1965 3408 abusus,
2000 3349 2085 3398 est

509 3436 717 3495 eisdem
746 3451 855 3491 non
891 3435 1147 3508 religiose
1167 3442 1223 3491 et
1242 3434 1391 3506 juste
1420 3434 1522 3489 uti.

577 3620 666 3677 41.
698 3619 1035 3675 Aﬂ‘ectiones
1060 3626 1253 3684 turpes
1279 3616 1482 3672 mentis
1510 3617 1729 3671 vincula
1778 3625 1927 3683 sunt,
1952 3618 2080 3687 qui-

507 3714 612 3769 bus
638 3713 698 3767 in
729 3710 1047 3766 carnalibus
1071 3709 1334 3780 operibus
1363 3709 1668 3765 detinetur.

575 3805 665 3860 42.
703 3802 1008 3859 Perlectam
1042 3801 1491 3871 tranquillitatem
1526 3811 1813 3859 assecutus
1841 3812 1946 3869 est,
1983 3804 2077 3873 qui

505 3911 685 3967 neque
732 3909 862 3965 erga
902 3908 1069 3964 opera
1126 3907 1307 3963 neque
1358 3906 1588 3963 operum
1625 3894 1918 3949 memorias
1952 3894 2078 3949 alli-

507 3991 674 4046 citur.

575 4080 666 4136 45.
704 4077 899 4134 Anima
933 4077 1076 4131 bona
1114 4075 1424 4146 proximum
1449 4089 1611 4130 suum
1642 4075 1928 4132 beneﬁciis
1952 4093 2080 4148 pro—

508 4171 791 4243 sequitur:
819 4179 873 4224 et
899 4168 945 4223 si
975 4166 1252 4238 ingratum
1315 4167 1653 4237 experiatur,
1689 4168 2078 4240 longanimiter

506 4265 654 4329 fert;
697 4260 833 4332 quin
858 4260 1025 4316 etiam
1056 4258 1254 4313 tolerat
1290 4258 1649 4325 sustinenter,
1685 4260 1732 4316 si
1755 4260 1825 4316 ab
1848 4277 1916 4319 eo
1941 4263 2077 4333 quid

502 4353 763 4422 patiatur.

572 4442 664 4498 Η.
693 4440 827 4495 Tam
860 4439 1045 4511 gravia
1080 4439 1222 4493 mala
1257 4444 1408 4503 sunt,
1445 4452 1629 4509 prava:
1688 4440 2075 4511 cogitationes,

2255 4436 2357 4509 p.6'.
2420 4435 2767 4508 Ὑπάρχοντά
2805 4436 2924 4507 ἐστι
2967 4438 3144 4503 κακὰ,
3198 4439 3462 4507 λογισμοὶ
3501 4444 3784 4514 πονηροὶ.

508 4540 570 4588 ιιι
609 4532 715 4587 nisi
756 4532 882 4602 quis
925 4530 1009 4586 eis
1047 4529 1361 4597 renuntiet,
1395 4529 1684 4585 scientiam
1725 4535 1941 4588 veram‘
1965 4550 2077 4591 non

506 4624 976 4773 ⁸(Ῐὲὶζῖθίέζνίειιιῐῐι
1001 4713 1097 4783 qui
1125 4712 1282 4768 audit
1304 4721 1351 4777 ³,
1381 4711 1625 4784 seipsum
1651 4713 1720 4769 ad
1748 4714 1926 4770 lucem
1981 4716 2077 4772 ad-

502 4807 659 4867 ducit
685 4824 698 4861 :
727 4806 822 4877 qui
844 4820 977 4861 vero
1008 4804 1187 4875 ipsum
1215 4803 1482 4870 imitatur,
1505 4804 1744 4874 seipsum
1795 4806 2073 4862 emendat.

572 4899 664 4954 46.
690 4898 1021 4970 lnjuriarum
1052 4896 1393 4961 recordatio,
1419 4897 1570 4969 lepra
1598 4906 1682 4953 est
1705 4898 1928 4965 animae,
1954 4916 2078 4970 qua:

506 4991 588 5047 vel
620 5007 688 5047 ex
718 4988 1047 5063 ignominia,
1072 4989 1159 5045 vel
1186 4990 1420 5055 damno,
1448 4990 1534 5046 vel
1569 4991 1893 5060 suspiciosis
1926 4993 2078 5063 cogi-

513 5082 811 5139 tationibus
841 5081 1067 5138 accidit.
1874 5090 1905 5119 κ

572 5176 663 5230 47.
712 5170 952 5230 Mentem
1005 5173 1178 5231 invidi
1230 5183 1469 5229 excaecat
1517 5173 1814 5243 Dominus;
1875 5175 2077 5248 iniuste

503 5267 651 5322 enim
681 5266 750 5321 de
778 5266 941 5321 bonis
968 5260 1203 5336 proximi
1233 5264 1614 5321 contristatur.

571 5381 662 5435 ιε.
698 5376 1119 5457 thre‘ctatricis
1161 5379 1355 5433 anima:
1398 5378 1614 5448 lingua,
1651 5378 1807 5443 hasm
1846 5387 1931 5435 est
1974 5380 2070 5437 tri-

506 5557 670 5613 etiam
698 5573 826 5613 eum
856 5557 923 5613 de
949 5566 1060 5628 quo
1084 5541 1427 5627 obloquitur,
1454 5555 1621 5612 laedit.
1676 5572 1703 5580 ὀ

577 5723 601 5754 ⁵
625 5708 815 5769 Matth.
846 5730 940 5774 vn.
965 5712 1056 5768 τι.

2185 3165 2293 3218 τῶν
2345 3168 2633 3236 νοημάτων
2656 3182 2670 3195 ·
2730 3169 2763 3237 ή
2822 3168 2880 3221 δὲ
2933 3169 3055 3223 κατ’
3103 3169 3387 3239 ἐνέργειαν
3442 3163 3769 3237 ἁμαρτίαὴ

2185 3258 2532 3330 παράχρησίς
2559 3261 2674 3313 ἐστι
2706 3260 2814 3313 τῶν
2835 3260 3196 3331 πραγμάτων.

2256 3356 2330 3421 μ’.
2362 3351 2668 3423 Νοημάτων
2705 3352 2803 3407 καὶ
2835 3353 3180 3425 πραγμάτων
3206 3353 3357 3406 ἐστὶν
3385 3351 3769 3421 παράχρησις.

2181 3441 2244 3494 τὸ
2275 3441 2350 3512 μὴ
2393 3441 2633 3507 εὐσεσῶς
2685 3444 2778 3496 καὶ
2820 3442 3042 3508 δικαίως
3083 3446 3196 3507 τοῖς
3232 3441 3571 3515 ἀμφοτέροις
3633 3442 3761 3514 χρή.

2185 3530 2402 3584 σασθαι.

2254 3627 2363 3692 μα’.
2418 3621 2606 3693 Δεσμά
2660 3622 2988 3693 ὑπάρχουσι,
3025 3620 3174 3692 πάθη
3215 3620 3416 3691 ψεκτὰ,
3459 3622 3773 3691 κατέχοντα

2179 3713 2272 3764 τὸν
2297 3710 2420 3764 νοῦν
2449 3712 2507 3764 ὲν
2533 3714 2646 3775 τοῖς
2671 3711 2952 3783 αίσθητοϊς
2977 3712 3340 3783 πραγμάτων.

2253 3802 2363 3873 μβ’.
2412 3803 2650 3868 Ἐκεῖνος
2668 3804 2882 3859 τελείαν
2909 3804 3024 3874 ἔχει
3067 3804 3359 3869 ἀπάθειαν,
3389 3806 3419 3858 6
3456 3806 3611 3875 μηδὲ
3644 3807 3776 3876 :96;

2180 3893 2248 3949 τά
2304 3894 2609 3966 πράγματα
2666 3896 2915 3967 πάσχων,
2985 3894 3120 3966 μηδὲ
3174 3894 3315 3966 πρὸς
3381 3895 3486 3959 τὰς
3541 3899 3774 3968 μνήμας

2179 3984 2381 4038 αὐτῶν.

2418 4073 2581 4144 Ψυχὴ
2636 4073 2815 4144 ἀγαθὴ
2859 4073 3139 4145 εὐεργετεῖ
3191 4073 3284 4126 τὸν
3344 4062 3627 4144 πλησίανξ
3684 4074 3774 4128 καὶ

2178 4165 2636 4237 ἀγνωμονουμένη
2674 4165 3025 4236 μακροθυμεῖ
3043 4165 3132 4218 ἐπ’
3150 4165 3324 4236 αὐτῷ,
3344 4167 3442 4219 καὶ
3466 4167 3780 4238 πάσχουσα

2177 4256 2439 4329 ὑπομένει
2477 4257 2548 4311 τά
2574 4256 2706 4328 παρ’
2734 4255 2925 4314 αὐτοῦ.

2180 4523 2261 4593 οἷς
2289 4531 2318 4583 6
2348 4527 2424 4600 μὴ
2440 4528 2906 4599 ἀποτασοόμενος,
2934 4529 2997 4581 οὐ
3019 4528 3314 4599 μαθητεύει
3346 4532 3418 4600 τῇ
3457 4532 3723 4599 γνώσει.

2253 4719 2355 4783 με’.
2386 4711 2627 4786 Χριστοῦ
2649 4712 2678 4765 6
2715 4709 2952 4776 ἀκούων,
2993 4709 3184 4765 ἑαυτὸν
3217 4717 3591 4782 φωαγωγεί,
3636 4715 3743 4771 καὶ
3763 4715 3791 4767 6

2182 4802 2517 4874 μιμούμενος
2549 4801 2740 4867 αὑτὸν,
2765 4799 3096 4871 διορθοῦται.

2240 4893 2366 4962 ’μςκ
2426 4893 2493 4946 Ἦ
2547 4892 2885 4963 μνησικακία
2926 4891 3105 4963 λέπρα
3164 4893 3285 4946 ἐστὶ
3328 4892 3515 4963 ψυχῆς
3544 4912 3566 4928 .

2175 5077 2452 5139 ὑπονοίας.

2249 5168 2357 5238 με’.
2390 5166 2592 5237 Κύριος
2620 5163 2744 5221 νοῦν
2770 5165 3045 5238 ’φθονερὸν
3084 5166 3359 5235 ὲκτυφλοῖ,
3388 5168 3480 5222 ὅτι
3503 5168 3802 5226 λυπῖτει
3906 5163 3907 5219 1

2181 5259 2383 5321 ἀδίκως
2411 5257 2505 5311 ἰπὶ
2533 5259 2648 5319 τοῖς
2673 5256 2899 5325 ἀγαθοῖς
2939 5255 3035 5310 τοῦ
3080 5258 3329 5328 πλησίον.

2256 5380 2368 5445 μηἰ
2392 5370 2709 5435 Κατάλαλος
2736 5371 2793 5424 δὲ
2816 5371 2963 5444 ψυχὴ
2992 5372 3260 5443 τρίὸωλον
3293 5372 3440 5443 ἔχων
3473 5373 3806 5443 γλῶσω.

505 5469 719 5538 cuspis;
754 5482 880 5521 nam
909 5475 967 5522 et
994 5460 1232 5538 seipsam
1260 5474 1318 5521 et
1344 5464 1690 5533 audientem,
1746 5462 2074 5538 quandoque

2222 5463 2374 5518 αυτὸν
2415 5462 2525 5532 γὰρ
2564 5462 2659 5515 καὶ
2697 5461 2788 5514 τὸν
2822 5462 3109 5529 ἀκούοντα,
3145 5462 3258 5517 ἔσθ’
3285 5464 3377 5519 ὅτε
3429 5465 3492 5520 δὲ
3536 5469 3668 5523 καὶ
3716 5470 3812 5527 τὶν

2184 5553 2486 5609 unum
2497 5569 2654 5608 uevov
2680 5548 2933 5619 βλάπτει.

2444 4914 2492 4946 ιι
2547 4914 2885 4963 μνησικακια
2928 4914 3105 4963 Αεπρα
3164 4914 3285 4946 εστι
3544 4914 3566 4928 ⁹
3647 4914 3797 4968 συμ-

2175 4985 2352 5039 ϐαίνει
2378 4985 2435 5038 δὲ
2468 4983 2606 5055 αὐτὴ
2640 4984 2749 5038 ἀπὸ
2792 4984 3049 5055 ἀτιμιῶν,
3088 4985 3121 5055 ἤ
3151 4984 3371 5056 ζημίας,
3414 4984 3450 5056 ἢ
3479 4985 3799 5058 λογισμῶν

3905 2524 3907 2617 φ
