3946 6206
214 328 363 391 1453

1602 317 1987 378 CENTURIA
2030 317 2142 377 III.

3298 382 3303 386 ν
3363 299 3507 367 ust

288 435 407 504 μθ’.
477 430 881 505 ’Δμνησίκακός
933 431 1083 482 ἐστιν
1119 428 1148 479 ὁ
1190 400 1626 497 προσευχόμξνος
1671 423 1811 492 ὑπὲρ

1983 424 2073 478 49.
2100 424 2339 493 lujurias
2372 422 2746 486 obliviscitur,
2781 418 2873 490 qui
2910 433 3011 490 pro
3047 417 3115 472 iis
3144 415 3238 486 qui
3279 430 3338 470 se
3370 429 3507 468 con-

209 526 604 599 λυπήσαντοςο
666 524 764 579 καὶ
799 521 1207 577 ἀπαλλάττεται
1260 516 1633 587 μνησικακίας
1666 515 1695 566 δ
1741 514 1818 583 μὴ

212 619 553 691 φειδόμενος
584 615 796 689 δώρων.

292 804 364 852 ν’.
429 797 672 859 Θάνατος
729 794 911 864 ψυχῆς
977 794 1131 862 μῖσος
1204 770 1342 859 πρὸς
1396 786 1492 840 τὸν
1553 782 1815 855 πλησίον

216 887 419 943 τοῦτον
457 887 573 956 ἔχει
604 886 697 938 καὶ
722 884 952 954 πράττει
978 883 1012 953 ἠ
1038 881 1135 934 τοῦ
1161 879 1470 935 καταλάλου
1498 876 1744 945 γλῶσσα.

294 985 406 1035 να⁹.
462 976 686 1048 Ἀκηδία
715 976 864 1029 ἐστιν
891 973 1157 1045 ὀλιγωρία
1204 971 1411 1043 ψυχῆςο
1461 968 1719 1040 ὀλιγωρεῖ
1760 966 1819 1019 δὲ

219 1071 379 1144 ψυχὴ
410 1068 792 1140 φιληδονοῦσα.

297 1248 407 1320 νβ’.
454 1247 661 1320 Ἰησοῦν
685 1247 716 1300 δ
749 1245 987 1315 ἀγαπῶν
1013 1244 1349 1314 γυμνάζεται
1379 1244 1436 1296 ὲν
1461 1242 1663 1306 πόνοις,
1690 1257 1824 1311 καρ-

220 1345 392 1415 τερίᾳ
424 1343 479 1396 δὲ
504 1343 684 1396 πόνων
720 1339 973 1395 ἐκδιώκει
1010 1338 1263 1409 ἀκηδίαν.

300 1442 411 1504 νγν.
474 1432 770 1488 Ῥὠννυται
792 1429 943 1502 ψυχὴ
974 1431 1061 1484 διὰ
1090 1431 1271 1483 πόνων
1300 1428 1611 1497 ἀσκήσεως,
1643 1426 1738 1480 καὶ
1765 1420 1825 1478 ὲν

224 1524 310 1596 τῷ
343 1525 525 1579 πάντα
556 1523 742 1593 μέτρῳ
783 1523 958 1574 ποιεῖν
979 1517 1278 1573 ἀπελαύνει
1317 1518 1570 1587 ἁκηδίαν.

205 1663 213 1671 .
301 1615 404 1670 νδ’.
445 1615 504 1668 '0
541 1612 762 1684 κρατῶν
791 1610 1053 1682 γαστρὸς,
1093 1609 1352 1681 μαραίνει
1379 1606 1700 1677 ἐπιθυμίαν,
1729 1603 1826 1658 καὶ

224 1705 521 1777 λογισμοῖς
553 1704 811 1775 πορνείας
840 1704 899 1757 οὐ
927 1701 1170 1757 δουλεύει
1202 1703 1231 1755 ὁ
1263 1699 1390 1764 νοῦς
1421 1697 1609 1753 αὑτοῦ.

307 1886 404 1941 νε’.
443 1885 588 1949 Νοῦς
618 1882 925 1954 ἐγκρατοῦς
979 1881 1105 1946 ναὸς
1145 1881 1303 1950 ἁγίου
1335 1880 1654 1950 Πνεύματος
1674 1894 1688 1908 ³
1716 1880 1745 1932 ὁ
1766 1877 1823 1931 δὲ

230 1979 334 2033 τοῦ
375 1976 817 2048 γαστριμάργου,
846 1974 1268 2045 κατοικητήριον
1308 1972 1583 2043 κοράκων.

308 2077 422 2136 νς’.
472 2070 577 2139 Τῆς
604 2068 723 2120 τῶν
751 2067 1058 2137 βρωμάτων
1103 2063 1378 2127 ποικιλίας
1421 2067 1449 2116 ὁ
1488 2064 1648 2134 κόρος
1682 2062 1827 2115 ποιεί

233 2162 567 2233 ἐπιθυμίαν,
611 2162 646 2231 ή
686 2160 743 2214 δὲ
789 2159 967 2212 ἔνδεια
997 2157 1180 2228 ἡδύνει
1212 2157 1308 2210 καὶ
1343 2155 1507 2210 αὐτὸν
1543 2154 1698 2225 ψιλὸν
1732 2153 1825 2205 τὸν

234 2255 429 2326 ἄρτον.
472 2291 481 2300 -
686 2288 689 2291 ι

306 2346 410 2412 νζ’.
459 2343 891 2399 Ἀπαλλάττεται
928 2339 1123 2412 φθόνου
1159 2341 1188 2392 ὁ
1234 2339 1548 2410 συγχαίρων
1586 2336 1666 2409 τῷ
1694 2335 1828 2407 φθο-

234 2438 489 2510 νουμένῳ
516 2434 775 2509 κρυπτῶς
811 2433 908 2489 τοῦ
947 2431 1294 2504 φθονοῦντος.

310 2625 424 2690 νη’.
455 2616 562 2671 Τοῦ
593 2615 810 2688 ἀμελῶς
854 2613 1098 2686 βιοῦντος
1134 2612 1412 2684 μάκρυνον
1445 2612 1692 2678 σεαυτὸν,
1724 2612 1829 2667 κᾶν

235 2712 418 2781 ὄνομα
457 2709 599 2778 μέγα
624 2709 776 2778 παρά
806 2707 1020 2769 πολλοῖς
1049 2705 1333 2777 κέκτηται.

314 2889 420 2943 VO’.
462 2888 667 2958 ’Δνδρα
694 2886 981 2956 φιλόπονον
1019 2886 1219 2956 κτῆσαι
1255 2885 1430 2954 φίλον,
1461 2884 1557 2939 καὶ
1579 2884 1832 2957 εὑρήσεις

241 2983 463 3052 σκέπην
494 2980 604 3034 τῶν
644 2980 753 3034 σῶν
798 2978 1153 3050 σφαλμάτων.

1923 528 2244 581 tristarunt,
2288 526 2409 570 orat
2460 535 2471 568 :
2523 523 2578 569 et
2624 514 2694 569 ab
2745 514 3071 584 injuriarum
3124 508 3507 563 recordatione

1918 613 2139 668 alienus
2187 611 2330 676 erit,
2372 609 2417 664 si
2469 608 2694 664 eosdem
2746 606 3055 661 liberaliter
3106 602 3270 656 donis
3314 615 3505 670 prose-

1902 712 2145 790 'quatur.

1989 793 2078 847 50.
2126 791 2330 847 Odium
2373 806 2503 862 erga
2554 790 2871 861 proximum
2954 802 3102 841 mors
3149 792 3233 841 est
3275 783 3498 849 animae;

1919 901 2043 940 eam
2086 884 2197 938 fert
2235 894 2290 937 et
2330 882 2496 937 infert
2539 880 2929 937 obtrectatoris
2968 879 3173 949 lingua.

1993 977 2080 1031 5|.
2127 974 2363 1038 Acedia,
2413 972 2746 1043 negligentia
2802 970 3026 1035 animae;
3087 969 3267 1023 anima
3323 974 3509 1021 autem

1924 1076 2056 1123 tunc
2088 1066 2376 1137 negligens
2409 1072 2526 1129 est,
2558 1063 2779 1133 quando
2813 1061 3000 1117 studio
3034 1062 3375 1131 voluptatum
3412 1059 3511 1114 de-

1928 1159 2045 1213 dita
2064 1200 2078 1225 ,
2111 1140 2379 1235 morbida
2400 1156 2590 1210 fuerit.

1993 1251 2082 1305 52.
2118 1247 2222 1314 Qui
2255 1248 2443 1302 Iesum
2476 1246 2684 1317 diligit,
2723 1245 3011 1301 laboribus
3048 1254 3270 1301 exercet
3300 1247 3509 1300 semet-

1928 1341 2111 1412 ipsum
2144 1360 2157 1393 :
2187 1355 2328 1410 quos
2358 1356 2484 1394 cum
2517 1339 2742 1402 tolerat,
2775 1339 2929 1408 fugat
2959 1336 3230 1391 acediam.

1995 1433 2084 1488 53.
2118 1430 2438 1486 Monasticis
2462 1428 2754 1483 laboribus
2781 1426 3032 1481 firmatur
3055 1427 3269 1492 anima;
3303 1431 3359 1480 et
3387 1438 3511 1480 cum

1925 1524 2109 1581 omnia
2140 1539 2265 1578 cum
2296 1535 2560 1577 mensura
2590 1520 2754 1583 facit,
2785 1516 3029 1589 abigitur
3051 1519 3264 1573 acedia.

1996 1615 2083 1669 54.
2108 1611 2215 1679 Qui
2241 1611 2425 1668 ventri
2450 1612 2709 1680 imperat,
2731 1609 3214 1678 concupiscentias
3237 1609 3514 1673 tabcfacit,

1927 1718 1979 1763 el
2008 1705 2441 1778 cogitationibus
2466 1702 2899 1759 fornicationum
2933 1710 3177 1757 mentem
3210 1716 3365 1755 suam
3402 1715 3519 1755 scr-

1859 1777 1901 1836 B
1929 1800 2047 1855 vire
2074 1815 2187 1853 non
2217 1798 2371 1853 sinit.

1996 1864 2083 1947 55’.
2118 1891 2271 1946 Mens
2303 1886 2647 1944 continentis
2683 1886 2949 1956 templum
2986 1895 3072 1941 est
3109 1884 3350 1956 Spiritus
3388 1900 3517 1940 san-

1927 1982 2029 2048 cti;
2062 1980 2240 2053 gulosi
2274 1987 2462 2034 autem
2494 1993 2682 2043 mens,
2711 1992 3009 2031 corvorum
3039 1983 3124 2031 est
3155 1975 3517 2031 domicilium.

1997 2072 2084 2126 56.
2129 2070 2467 2125 Varietatem
2508 2058 2827 2122 ed‘uliorum
2871 2074 3137 2135 appetere
3181 2066 3313 2121 facit
3351 2066 3520 2121 satic-

1932 2175 2040 2230 tas;
2076 2162 2382 2234 indigentia
2411 2176 2545 2216 vero
2581 2174 2805 2214 suavem
2834 2156 2971 2213 facit
2996 2156 3203 2213 siccum
3234 2166 3292 2214 ct
3319 2158 3520 2213 decru-

1928 2267 2131 2312 statum
2166 2269 2386 2325 panem.
3531 2318 3543 2329 ι

2001 2348 2089 2404 57.
2118 2347 2347 2402 Alienus
2386 2344 2446 2400 ﬁt
2482 2344 2554 2400 ab
2593 2342 2833 2411 invidia,
2859 2342 2957 2413 qui
2992 2341 3044 2396 ei
3084 2338 3176 2397 cui
3218 2342 3516 2409 invidetur,

1931 2441 1986 2496 in
2033 2440 2406 2511 prosperitate
2450 2434 2792 2508 congaudet,
2829 2450 2950 2492 sese
2998 2434 3286 2491 occultans
3330 2434 3381 2490 ei
3424 2435 3517 2506 qui

1932 2529 2167 2588 invidet.
2272 2600 2281 2605 γ

2003 2623 2092 2678 58.
2122 2620 2207 2676 Ab
2240 2618 2469 2675 homine
2503 2616 2676 2672 vitain
2711 2614 3059 2689 negligenter
3090 2624 3289 2686 agente
3324 2616 3519 2686 procul

1932 2714 2229 2779 abscedas,
2258 2711 2477 2769 etiamsi
2515 2709 2662 2781 apud
2704 2709 3002 2780 plerosque
3043 2723 3303 2781 magnum
3347 2707 3523 2780 ipsius

1933 2808 2005 2862 sit
2041 2820 2267 2861 nomen.

2005 2900 2094 2956 59.
2128 2898 2389 2959 Amicum
2428 2894 2527 2951 tibi
2562 2909 2728 2966 para,
2758 2892 2940 2948 virum
2975 2891 3185 2949 laboris
3216 2890 3519 2963 patientem

1934 3001 1992 3048 et
2017 2990 2242 3046 avidum
2260 3030 2275 3055 ,
2301 2998 2359 3044 et
2386 2988 2444 3043 in
2475 2986 2728 3058 lapsibus
2758 2984 2869 3040 tuis
2897 2984 3216 3055 praesidium
3247 2984 3516 3040 invenies.

308 3073 383 3141 ξ’.
420 3073 720 3137 Δεσπόταις
753 3071 1013 3135 πολλοῖςὸ
1051 3069 1260 3141 ἀμελὴς
1294 3070 1596 3142 πέπραται,
1633 3069 1731 3123 καὶ
1754 3068 1828 3132 ὡς

2003 3082 2092 3139 60.
2118 3080 2414 3153 Negligens
2445 3079 2640 3135 multis
2667 3077 2912 3132 dominis
2942 3076 3299 3132 venundatus
3324 3086 3439 3143 est,
3465 3086 3521 3133 et

227 3163 475 3234 ἄγουσιν
508 3161 692 3230 αὑτὸν,
729 3160 904 3226 οὕτως
932 3161 1257 3230 διαγίνεται.

313 3256 422 3323 ξω.
449 3255 639 3309 Εὐνοεί
666 3269 750 3306 σοι
772 3251 849 3321 ᾡς
881 3251 1035 3321 φίλος
1071 3253 1130 3304 ὲν
1158 3249 1337 3322 καιρῷ
1365 3250 1613 3322 εἰρήνης,
1650 3250 1747 3305 καὶ
1775 3250 1834 3303 ὲν

178 3404 185 3407 _
232 3346 429 3421 καιρῷ
460 3344 772 3418 πειρασμοῦ
809 3343 886 3409 ὡς
919 3343 1112 3414 ἐχθρὸς
1155 3342 1417 3413 πολεμεῖ.

324 3527 426 3599 ςβπ
450 3522 579 3599 -Τὴν
620 3527 799 3599 ψυχὴν
836 3527 1050 3595 τίθησιν
1079 3526 1222 3597 ὑπερ
1264 3525 1358 3579 σοῦ
1404 3523 1513 3595 πρὸ
1551 3524 1650 3593 τῆς
1679 3523 1835 3594 mw)-

238 3638 393 3684 σεως
438 3618 547 3673 τῶν
598 3618 811 3686 παθῶν,
852 3620 948 3672 καὶ
985 3618 1117 3671 ὅταν
1161 3616 1480 3688 κινηθῶσιν,
1519 3614 1619 3687 τήν
1656 3613 1836 3684 ψυχήν

239 3731 349 3770 σου
386 3712 673 3782 λαμϐάνει.

321 3804 427 3874 ξγ’.
465 3804 527 3858 Ἥ
563 3802 903 3876 χερσωθεῖσα
922 3802 1019 3872 γῆ,
1051 3800 1303 3856 ἀκανθῶν
1332 3800 1712 3873 πεπλήρωται,
1740 3797 1837 3854 καὶ

243 3895 464 3967 ἀμελὴς
492 3894 639 3966 ψυχή
672 3893 863 3948 παθῶν
888 3891 1238 3962 ἀκαθάρτων.

325 3984 417 4050 ξδ’.
462 3984 609 4048 Νοῦς
659 3983 925 4055 φρόνιμος
991 3980 1202 4051 χαλινοῖ
1254 3978 1438 4049 ψυχὴν
1493 3977 1684 4044 αὐτοῦ,
1741 3976 1838 4030 καὶ

249 4074 550 4139 ὑποπιάζει
575 4072 636 4126 τὸ
661 4072 841 4143 σῶμα,
870 4071 965 4124 καὶ
983 4068 1324 4138 δουλαγωγεϊ
1348 4068 1418 4122 τά
1448 4068 1620 4138 πάθη.

327 4168 418 4234 ξε’.
469 4168 680 4238 Σημεῖα
714 4165 825 4219 τῶν
854 4163 1001 4218 ἔνδον
1031 4164 1102 4217 τὰ
1135 4163 1390 4235 προφανῆ
1421 4162 1720 4233 κινήματα,
1760 4161 1837 4225 ὡς

254 4258 352 4316 καὶ
424 4258 538 4311 τῶν
619 4257 919 4327 ἀγνώστων
1002 4254 1237 4318 δένδρων
1302 4255 1355 4309 οἱ
1434 4254 1837 4326 προφερόμενοι

255 4349 477 4420 καρποί.
1648 4344 1653 4349 ’

1934 3183 2195 3232 versatur
2225 3182 2509 3243 utcunque
2536 3170 2821 3226 duxerint.

2005 3267 2095 3323 61.
2132 3265 2446 3335 Benevolus
2488 3264 2590 3319 tibi
2631 3263 2743 3318 erit
2783 3269 2842 3319 et
2876 3263 3042 3319 amici
3084 3263 3235 3327 loco,
3275 3270 3522 3333 tempore

1935 3358 2124 3429 pacis;
2170 3357 2270 3413 sed
2316 3367 2378 3413 ut
2424 3356 2636 3421 hostis,
2671 3364 2926 3427 tempore
2969 3354 3521 3427 tentationisximpu-

1937 3450 2144 3520 gnabit.
2725 3510 2731 3517 ,

2007 3539 2095 3594 62.
2145 3539 2458 3608 Antequam
2510 3536 2905 3594 tribulationes
2951 3548 3309 3605 moveantur,
3361 3540 3522 3611 ponit

1936 3646 2042 3701 pro
2088 3638 2142 3687 te
2184 3631 2425 3685 animam
2470 3645 2659 3697 suam;
2710 3630 2810 3686 ubi
2852 3640 3042 3687 autem
3083 3641 3248 3688 motae
3282 3633 3520 3699 fuerint,

1937 3730 2090 3777 tuam
2126 3721 2295 3778 etiam
2335 3721 2578 3776 animam
2622 3720 2786 3777 tollit.

2007 3812 2096 3868 65.
2129 3812 2301 3867 Terra
2347 3812 2554 3868 inculta
2597 3818 2655 3867 et
2698 3812 2954 3878 deserta,
2987 3812 3165 3884 spinis
3207 3812 3519 3880 densescit;

1939 3919 2096 3961 mens
2134 3913 2318 3960 autem
2364 3902 2610 3972 torpida,
2644 3902 2952 3958 immundis
2991 3904 3405 3961 affectionibus.

2008 3996 2098 4051 64.
2129 3995 2283 4052 Mens
2309 4000 2561 4067 prudens
2593 3997 2841 4057 refrenat
2863 3999 3105 4054 animam
3139 4015 3328 4068 suam,
3352 4000 3520 4056 casti-

1937 4096 2029 4160 gat
2054 4103 2290 4159 corpus,
2315 4098 2372 4144 et
2400 4088 2727 4146 affectiones
2753 4091 2860 4146 sibi
2890 4092 3098 4148 servire
3124 4091 3257 4148 facit

2009 4180 2097 4236 65.
2130 4180 2329 4237 Gestus
2361 4181 2669 4238 exteriores
2699 4183 2855 4253 signa
2885 4194 3015 4239 sunt
3035 4193 3285 4240 motuum
3316 4185 3519 4241 intrin-

1938 4287 2101 4328 secus
2133 4265 2455 4337 latentium,
2485 4274 2633 4330 sicut
2666 4274 2980 4347 ignotarum
3011 4275 3275 4332 arborum
3306 4277 3521 4334 fructus

1937 4363 2218 4434 producti.

327 4440 434 4507 ξς’.
480 4440 818 4511 ’Υποκριτήν
855 4441 1170 4512 ἐλέγχουσιν
1201 4444 1252 4496 οἱ
1280 4441 1432 4511 λόγοι
1455 4442 1551 4495 καὶ
1575 4440 1645 4493 τὰ
1674 4439 1828 4511 ἔργα,

2008 4457 2095 4511 66.
2127 4455 2485 4529 Hypocritam
2521 4468 2763 4530 arguunt
2791 4460 2960 4515 verba
2992 4468 3048 4516 et
3079 4476 3279 4531 opera;
3321 4440 3519 4518 simili-

248 4534 351 4587 καὶ
380 4533 475 4586 τὸν
502 4532 886 4604 κεκρυμμένον
926 4533 1383 4606 ψευδοπροφήτην
1410 4535 1492 4597 εἰς
1522 4532 1837 4604 φανέρωσιν

252 4626 501 4695 ἄγουσιν.

326 4736 429 4802 ξξν.
479 4734 625 4799 Νοῦς
674 4734 1014 4806 ήλογημένος
1045 4737 1106 4791 οὐ
1147 4737 1393 4792 παιδεύει
1434 4738 1615 4810 ψυχὴν
1645 4735 1837 4799 αὐτοῦ.

254 4827 354 4882 καὶ
441 4828 664 4900 ἀγάπης
738 4827 837 4882 καὶ
896 4828 998 4900 τῆς
1064 4829 1393 4901 ἐγκρατείας
1442 4830 1837 4902 ’ἀπομακρύνει

252 4919 448 4988 αὐτήν.

327 5035 430 5107 ξην.
490 5036 740 5093 Ἐννοιῶν
802 5037 1024 5114 φαύλων
1073 5040 1224 5094 αἰτία
1268 5040 1384 5105 ἕξις
1439 5041 1676 5114 πονηρά,
1728 5041 1839 5095 ἀπὸ

254 5129 565 5196 κενοδοξίας
582 5134 678 5187 καὶ
694 5133 1108 5206 ὐπερηφανείας
1129 5135 1227 5190 καὶ
1246 5133 1566 5199 ἀλαζονείας
1591 5150 1839 5190 συνιστα-

258 5222 420 5295 μένη·

327 5334 428 5415 ξθ’.
459 5335 599 5392 Ἰδια
617 5337 729 5392 τῶν
756 5340 1175 5411 προειρημένων
1201 5340 1512 5413 ὑπόκρισις,
1541 5341 1636 5395 καὶ
1662 5341 1836 5407 δόλος,

257 5426 565 5497 πανουργία
617 5443 678 5480 τε
738 5430 833 5482 καὶ
898 5431 1171 5500 εἰρωνεία,
1233 5432 1329 5486 καὶ
1385 5432 1447 5485 τὸ
1510 5432 1838 5504 πάμφαυλον

255 5513 471 5587 ψεῦδος.

326 5635 392 5683 o’.
444 5632 798 5690 Δουλεύουσιν
825 5637 938 5700 τοῖς
976 5637 1324 5709 προλεχθεῖσι
1349 5639 1542 5710 φθόνος
1566 5658 1663 5697 και
1699 5641 1835 5714 ἔρις,

260 5716 430 5791 θυμὸς
460 5724 555 5778 καὶ
592 5724 751 5795 ὀργὴ,
786 5726 932 5797 λύπη
959 5729 1056 5783 καὶ
1086 5733 1448 5803 μνησικακία.

1938 4555 2023 4603 ter
2054 4557 2110 4603 et
2144 4550 2687 4621 pseudoprophetam
2721 4552 3000 4607 occultum
3032 4547 3411 4611 manifestam.

2008 4752 2097 4808 67.
2127 4755 2281 4843 Mens
2315 4757 2482 4812 stulta
2511 4756 2750 4812 animam
2781 4773 2934 4814 suam
2964 4775 3080 4815 non
3111 4761 3328 4828 erudit,
3358 4762 3455 4819 sed
3486 4779 3520 4819 τι

1939 4845 2210 4904 charitate
2236 4858 2293 4904 et
2317 4851 2659 4907 continentia
2684 4853 2847 4922 longe
2876 4860 3115 4923 separat.
3301 4858 3304 4861 ’

2009 5049 2099 5105 68.
2142 5050 2523 5121 lmprobarum
2566 5053 2965 5123 cogitationum
3007 5070 3172 5112 causa
3214 5066 3300 5112 est
3342 5059 3524 5115 malus

1938 5139 2191 5206 habitus,
2216 5157 2283 5213 ex
2312 5143 2464 5197 inani
2492 5143 2697 5214 gloria,
2724 5153 2781 5200 et
2809 5147 3068 5216 superbia
3086 5188 3100 5211 ,
3127 5158 3184 5203 et
3210 5152 3526 5221 arrogantia

1937 5231 2224 5287 conﬂatus.

2008 5346 2098 5401 69.
2132 5347 2296 5402 Vitiis
2332 5348 2442 5417 jam
2486 5349 2809 5405 memoratis
2847 5351 3208 5420 peculiariter
3243 5355 3526 5413 adhaerent

1938 5438 2278 5510 hypocrisis,
2307 5423 2499 5505 dolus’,
2527 5442 2807 5506 versutia,
2843 5442 3028 5498 irrisio
3071 5460 3136 5500 ac
3174 5446 3528 5517 improbissi—

1940 5546 2092 5586 mum
2129 5526 2509 5586 mendacium.

2012 5644 2100 5698 70.
2123 5643 2406 5700 Praedictis
2426 5643 2592 5699 etiam
2618 5644 2891 5711 serviunt,
2910 5645 3120 5703 invidia
3143 5654 3200 5703 et
3222 5650 3528 5719 contentio,

1941 5735 2098 5793 furor
2121 5752 2186 5792 ac
2209 5736 2311 5805 ira,
2335 5737 2601 5794 mmstitia
2624 5745 2681 5794 et
2701 5737 2961 5794 vindictae
2986 5740 3298 5812 meditatio.
