3946 6206
220 287 275 350 Ῑηῖ
288 290 356 353 37

1619 289 2004 350 CENTURIA
2045 291 2143 351 IV.

3356 290 3494 358 14458

285 412 401 475 ἵ-,ακ
439 407 685 461 Δέσποτα
728 407 836 461 τῶν
886 408 1143 463 ἀπάντων
1188 406 1412 476 Χριστέ..
1469 407 1533 458 ἐκ
1587 407 1797 461 πάντων

1986 405 2075 462 9|.
2107 406 2336 462 Domine
2365 405 2612 461 omnium
2643 405 2881 470 Christe,
2910 405 3080 461 libera
3108 421 3207 461 nos
3234 422 3298 462 ex
3329 409 3508 460 omni-

209 498 428 554 τούτων
454 502 601 571 ἡμᾶς
626 500 1017 572 ὲλευθέρωσον,
1060 500 1171 554 τῶν
1209 517 1267 553 τε
1293 498 1553 570 ὀλεθρίων
1591 501 1801 568 παθῶν,

213 590 310 641 καὶ
337 591 448 643 τῶν
476 591 533 656 ἐξ
563 593 741 645 αὐτῶν
769 578 1104 663 τικτομένων
1137 591 1436 662 λογισμῶν.
1657 599 1665 605 ”

287 682 400 753 ιβ.
450 685 655 738 Ἕνεκά
713 702 806 737 σου
862 684 1188 754 γεγόναμεν,
1227 684 1315 737 ἵνα
1373 683 1469 738 σοῦ
1523 701 1803 755 κατατρυ-

218 773 485 843 φὴσωμεν
507 777 564 827 ὲν
597 774 912 846 παραδείσῳ
943 770 1207 842 τιθέντες,
1238 775 1315 847 τῷ
1341 775 1447 829 ὑπὸ
1474 777 1570 829 σοῦ
1608 794 1800 845 φυτευ-

216 860 391 918 θέντες.

290 959 400 1023 ια’.
466 957 576 1025 Τήν
609 974 667 1009 τε
711 957 806 1009 νῦν
858 957 1086 1027 ἀτιμίαν
1125 960 1339 1023 ἑαυτοῖς
1370 960 1805 1030 ὲπεσπασάμεθα

214 1045 319 1115 τῆς
350 1050 630 1120 μακαρίας
653 1052 865 1121 τρυφῆς
904 1052 1005 1121 τὴν
1037 1049 1292 1122 ὀλεθρίαν
1334 1052 1801 1123 προτιμήσαντες.

285 1221 390 1291 κδ’.
444 1206 556 1289 7'Hr;
608 1225 959 1296 ἀντιμισθίαν
1022 1228 1082 1280 ὲν
1141 1229 1355 1293 ἑαυτοῖς
1413 1230 1801 1303 ἀπελάόομεν,

210 1314 361 1383 ζωῆς
397 1316 571 1369 ἀϊδίου
605 1316 840 1371 θάνατον
867 1317 1355 1393 ἁνταλλαξάμενοι.

283 1404 386 1473 ιβ’.
430 1407 550 1460 Νῦν
599 1403 713 1470 οῦν,
765 1404 1036 1474 Δέσποτα,
1084 1409 1268 1473 καθὼς
1306 1412 1650 1483 ἐπέϐλεψας,
1714 1418 1806 1470 καὶ

210 1499 295 1562 είς
330 1498 489 1562 τέλος
519 1499 835 1571 ἐπίδλεψοψ
869 1501 1054 1565 καθὼς
1083 1503 1536 1574 ὲνανθρὼπηπας,
1564 1507 1660 1560 καὶ
1696 1509 1805 1562 σῶ-

213 1607 307 1643 σον
331 1591 546 1655 πάντας
570 1594 745 1662 ἡμᾶς.

284 1685 402 1748 ιις’.
439 1683 616 1736 Σῶσαι
645 1684 754 1755 γάρ
781 1679 946 1757 ἦλθες
977 1686 1103 1749 τοῦς
1134 1686 1486 1751 ἀπολωλότας
1517 1692 1661 1760 ἡμᾶς
1686 1708 1698 1721 ·
1730 1692 1805 1762 μὴ

211 1773 461 1845 χωρίσῃς
499 1775 645 1845 ἡμᾶς
676 1775 778 1845 τῆς
801 1776 908 1831 τῶν
934 1776 1260 1847 σωζομένων
1295 1779 1534 1849 μερίδος.

287 1950 394 2015 ιιζο.
440 1950 772 2019 Ἀνάστησον
813 1949 1012 2020 ψυχάς,
1066 1951 1161 2004 καὶ
1199 1950 1372 2004 σῶσον
1419 1951 1487 2005 τά
1539 1953 1802 2024 σώματα,

215 2039 503 2110 καθαίρων
530 2043 737 2105 πάντας
758 2043 906 2112 ἡμᾶς
940 2042 1050 2095 άπὸ
1083 2042 1284 2105 παντὸς
1323 2044 1623 2115 μολυσμοῦ.

291 2136 401 2200 ιιην.
450 2133 638 2202 Ῥἧξον
671 2135 739 2187 τά
770 2135 946 2203 θεσμά
991 2135 1100 2188 τῶν
1138 2134 1479 2205 κατεχόντων
1523 2140 1670 2210 ἡμᾶς
1701 2159 1805 2194 πα-

213 2223 346 2287 θῶν,
377 2226 405 2277 ὁ
450 2227 623 2297 ῥήξας
662 2227 761 2291 τὰς
794 2227 1084 2297 φάλαγγας
1124 2228 1232 2281 τῶν
1261 2229 1586 2301 ἀκαθάρτων
1614 2232 1806 2302 δαιμό-

211 2331 342 2368 νων.

284 2407 394 2474 Lﬁ'.
435 2409 542 2462 Καὶ
574 2410 887 2477 ἀπάλλαξον
919 2413 1069 2483 ἡμᾶς
1104 2414 1206 2482 τῆς
1236 2413 1296 2478 ἐξ
1324 2414 1505 2469 αὐτῶν
1545 2417 1803 2487 τυραννί-

172 2538 183 2545 .
209 2495 321 2559 δος,
363 2498 453 2550 ἵνα
484 2499 566 2552 σοὶ
599 2500 748 2570 μόνῳ
778 2501 1171 2573 λατρεύσωμεν
1200 2502 1277 2573 τῷ
1306 2505 1511 2576 αἰωνίῳ
1546 2507 1707 2574 φωτί.

284 2585 352 2655 ρ’.
399 2590 763 2657 Ἀναστάντες
797 2593 862 2647 ὲκ
893 2594 1128 2664 νεκρῶν⁹
1161 2596 1255 2648 καὶ
1287 2596 1384 2649 σὺν
1418 2596 1674 2665 ἀγγέλοις
1707 2615 1801 2670 χο-

210 2678 469 2749 ρεύοντες
500 2684 597 2754 τὴν
635 2686 916 2756 μακαρίαν
952 2687 1047 2739 καὶ
1080 2687 1308 2740 αἰωνίαν
1338 2688 1435 2740 καὶ
1458 2688 1799 2742 ἀκατάλυτον

207 2772 455 2841 χορείαν.
499 2774 695 2846 Ἀμήν.

280 2937 304 2965 ι
337 2927 604 2999 Luminis,
632 2935 713 2989 l0.
758 2942 777 2964 ·
804 2898 1010 2989 Ezech.
1060 2950 1244 3001 xxxv},
1299 2937 1389 2992 25.

1836 1766 1883 1827 Β
1913 1777 2116 1848 perditi
2161 1792 2387 1832 eramus
2435 1796 2448 1829 :

1921 498 2026 554 bus
2058 499 2384 569 perniciosis
2407 497 2727 563 aﬂ'ectilius,
2753 508 2809 553 et
2830 515 2895 555 ex
2927 498 3356 569 cogitationibus
3386 514 3506 568 quze

1917 606 1984 645 ex
2016 590 2151 661 ipsis
2177 591 2461 645 oriuntur.

1989 681 2079 738 92.
2128 684 2363 754 Propter
2413 662 2635 738 tefacti
2665 699 2888 747 sumus,
2934 690 2991 736 ιιι
3037 691 3089 737 te
3138 682 3503 745 delectemur,

1915 773 2082 844 positi
2126 774 2181 829 in
2224 774 2481 845 paradiso
2524 790 2554 830 a
2598 783 2649 830 te
2692 775 2960 845 plantato.

1983 952 2073 1007 93.
2102 952 2462 1022 Ignominiam
2499 962 2683 1009 autem
2718 954 2861 1009 hanc
2894 961 3138 1009 nostram
3170 953 3333 1008 nobis
3366 968 3501 1008 con-

1916 1044 2216 1109 traximus,
2247 1044 2378 1114 quia
2416 1045 2764 1115 praatulimus
2791 1045 2970 1101 beatis
3006 1045 3115 1101 illis
3148 1045 3368 1101 deliciis
3401 1046 3502 1102 has

1913 1135 2276 1205 perniciosas.

1986 1228 2077 1283 94.
2103 1228 2285 1294 Quare
2318 1228 2540 1298 dignam
2592 1228 2646 1282 in
2697 1228 2860 1283 nobis
2910 1228 3221 1284 mercedem
3283 1228 3503 1298 accepi-

1915 1333 2038 1373 mus
2056 1359 2069 1383 ,
2094 1326 2302 1377 azterna
2324 1318 2442 1372 vita
2472 1325 2806 1372 commutata
2836 1333 2938 1387 pro
2960 1326 3163 1373 morte.

1984 1409 2075 1463 95.
2111 1408 2270 1462 Nunc
2313 1423 2479 1478 ergo,
2503 1407 2766 1471 Domine,
2798 1407 2943 1462 sicut
2980 1408 3299 1478 respexisti,
3333 1409 3405 1463 ita
3448 1410 3504 1463 in

1917 1499 2082 1555 ﬁnem
2107 1515 2283 1569 usque
2310 1499 2576 1569 respicias
2609 1518 2623 1552 :
2650 1509 2707 1552 et
2736 1499 2879 1555 sicut
2903 1499 3073 1555 homo
3101 1500 3279 1555 factus
3306 1516 3397 1565 es,
3428 1502 3503 1555 ita
3598 1528 3605 1533 ι

1918 1592 2065 1646 salva
2094 1606 2195 1646 nos
2223 1606 2434 1647 omnes.

1985 1674 2331 1740 96.‘Venisti
2378 1685 2524 1740 enim
2575 1693 2636 1739 ut
2678 1685 2859 1741 salvos
2903 1699 3006 1739 nos
3050 1684 3262 1739 faceres
3288 1694 3332 1745 ι,
3374 1685 3503 1754 quia

2492 1792 2561 1833 ne
2608 1792 2833 1846 separes
2874 1791 2976 1832 nos
3015 1790 3045 1829 a
3088 1784 3241 1845 parte
3284 1776 3502 1830 salvan-

1914 1867 2135 1921 dorum.

1984 1955 2073 2009 97.
2110 1955 2402 2011 Resuscita
2440 1956 2685 2019 animas,
2715 1964 2773 2011 et
2815 1956 2966 2011 salva
3004 1970 3266 2026 corpora,
3302 1954 3497 2025 puriﬁ-

1913 2065 2046 2105 cans
2086 2065 2189 2104 nos
2231 2050 2301 2104 ab
2343 2051 2490 2105 omni
2532 2050 2957 2121 inquinamento
2977 2065 3026 2106 υ.

1982 2141 2070 2195 98.
2099 2140 2315 2211 Rumpe
2344 2141 2565 2198 vincula
2596 2141 2948 2197 aﬁectionum
2981 2158 3081 2197 nos
3109 2141 3495 2206 detinentium,

1913 2226 2232 2302 qui’rupisti
2264 2233 2565 2305 phalanges
2592 2232 3005 2288 immundorum
3037 2232 3367 2288 daamonum.

1982 2413 2073 2468 99.
2109 2414 2177 2467 Et
2215 2412 2389 2468 libera
2424 2427 2526 2467 nos
2560 2428 2591 2467 a
2626 2412 2918 2484 tyrannide
2954 2412 3239 2481 ipsorum,
3266 2416 3327 2464 ut
3361 2409 3493 2473 tibi,

1911 2503 2358 2568 :eternolumini,
2398 2504 2710 2559 serviamus
2748 2503 2872 2559 soli.

1978 2596 2096 2652 100.
2126 2596 2194 2652 Ut
2216 2611 2344 2651 cum
2375 2610 2443 2650 ex
2460 2596 2695 2650 mortuis
2718 2593 3212 2657 resurrexerimus,
3244 2607 3370 2647 cum
3399 2606 3467 2645 an

1904 2686 2043 2760 geﬁs
2067 2689 2284 2743 beatam
2311 2703 2375 2744 ac
2403 2696 2668 2744 aeternam
2691 2697 2746 2744 et
2772 2686 3211 2747 indissolubilem
3234 2685 3494 2739 choreatn

1903 2784 2199 2855 agitemus.

666 3081 3452 3109 ww

1443 3238 2103 3330 ΕΚΑΤΟΝΤΑΣ
2177 3229 2296 3341 Δ’.,

1513 3408 1621 3478 Ἧς
1654 3417 1687 3484 ἡ
1728 3416 2046 3485 άκροστιχῖς
2067 3417 2164 3486 ἥδε

205 3569 400 3637 Ὅμως
432 3563 546 3623 οὖν
576 3570 675 3624 καὶ
703 3571 772 3623 ἐκ
806 3571 924 3625 τῶν
957 3575 1175 3641 κυρίως
1205 3573 1425 3635 κακῶν,
1462 3573 1560 3626 καὶ
1592 3573 1711 3624 τῶν
1746 3574 1832 3642 μὴ
1861 3576 2103 3642 κυρίως,
2138 3575 2535 3646 νομιζῖῃιένωι·
2562 3575 2649 3639 δὲ,
2701 3573 2870 3640 εὖξαι
2905 3576 3160 3639 ἐκτενῶς
3186 3575 3336 3641 πρὸς
3374 3548 3489 3628 τὸν

1347 3669 1498 3724 Θεὸν
1538 3668 1726 3739 ἡμῶν,
1760 3670 2144 3740 λυτρωθῆναι
2179 3671 2354 3742 ἡμᾶς.

1423 3956 2023 4053 CENTUBIA
2107 3958 2285 4079 ιν.
2368 4044 2371 4047 ,

1439 4147 1609 4220 Cujus
1634 4148 1967 4205 acrosticbis
1993 4148 2111 4203 haec
2137 4158 2223 4204 est
2249 4170 2261 4204 :

328 4303 541 4380 Igitur
597 4317 855 4380 precare
897 4302 1193 4363 continue
1228 4302 1310 4363 ad
1353 4302 1681 4362 Dominum
1735 4303 1928 4362 Deum
1964 4314 2278 4377 nostrum,
2319 4318 2388 4364 ut
2439 4302 2628 4365 simul
2660 4318 2782 4365 nos
2822 4302 3044 4364 liberet
3081 4323 3118 4363 a
3158 4302 3359 4377 malis,

428 4416 552 4465 tam
585 4406 659 4467 ab
699 4407 796 4468 his
829 4424 962 4486 qua:
998 4407 1264 4485 proprie
1303 4407 1631 4480 dicuntur,
1678 4425 1862 4486 quam
1901 4407 1976 4467 ab
2023 4408 2104 4469 iis
2150 4427 2285 4489 qua:
2326 4409 3025 4488 improprie-habentur
3065 4409 3250 4469 mala.

1971 4684 2018 4739 l.
2053 4682 2157 4748 Qui
2193 4691 2434 4737 mentem
2468 4684 2538 4738 ab
2571 4682 2814 4738 amicitia
2849 4698 2914 4736 ac
2947 4682 3264 4737 adulatione
3296 4685 3480 4740 carnis

1897 4773 2298 4842 sequestravit,
2346 4774 2500 4827 vitali
2546 4774 2748 4844 spiritu
2798 4788 2969 4844 opera
3018 4773 3204 4829 carnis
3245 4775 3480 4829 mortiﬁ-

1898 4867 2062 4920 cavit.
2686 4850 2705 4857 “

1966 4957 2019 5009 2.
2048 4956 2126 5012 Ne
2155 4966 2319 5027 putes
2341 4968 2583 5014 mentem
2612 4974 2644 5013 a
2676 4959 2858 5014 carnis
2883 4959 3122 5014 amicitia
3147 4959 3478 5024 descivisse,

1896 5064 2022 5102 cum
2061 5047 2243 5103 adhuc
2279 5048 2336 5103 in
2371 5049 2459 5104 his
2491 5064 2614 5120 quae
2648 5049 2837 5104 carnis
2869 5058 2997 5104 sunt
3028 5050 3250 5119 propria
3271 5089 3284 5113 ,
3309 5065 3477 5104 occu-

1895 5149 2077 5210 petur.
2292 5202 2306 5213 .

1964 5235 2016 5289 '5.
2047 5234 2201 5290 Sicut
2233 5235 2386 5292 carni
2429 5235 2639 5306 proprii
2679 5245 2809 5290 sunt
2841 5252 3039 5291 sensus
3082 5247 3136 5291 et
3171 5238 3476 5296 sensibilia.

1898 5328 1970 5381 ita
2029 5328 2224 5383 anima:
2275 5328 2625 5390 intellectus,
2671 5335 2729 5381 et
2777 5343 2898 5396 qua:
2955 5328 3239 5383 intellectu
3295 5331 3479 5399 perci-

1896 5422 2145 5490 piuntur.

1968 5515 2019 5567 4.
2048 5512 2324 5568 Abstrahe
2359 5514 2597 5567 animam
2638 5529 2668 5567 a
2706 5512 2962 5567 sensibus
2997 5524 3055 5569 et
3095 5514 3473 5579 scnsibilibus,

1896 5614 1950 5658 et
1982 5605 2294 5660 invenietur
2318 5606 2475 5661 mens
2508 5607 2562 5659 iu
2600 5606 2742 5673 Deo,
2768 5614 2825 5661 et
2855 5606 2942 5661 his
2975 5624 3097 5678 quae
3128 5616 3312 5663 mente
3348 5623 3475 5678 per-

1895 5698 2191 5766 cipiuntur.

278 4690 347 4734 α’.
388 4682 450 4734 '0
494 4681 593 4752 τῆς
623 4683 763 4752 πρὸς
791 4682 885 4735 τὸν
920 4682 1102 4751 σάρκα
1148 4679 1329 4750 φιλίας
1377 4682 1468 4734 καὶ
1498 4681 1789 4744 κολακείας
1821 4688 1861 4744 C

206 4774 299 4825 τὸν
338 4775 464 4827 νοῦν
520 4776 909 4846 ἁποχωρίσας·
942 4768 1099 4838 οὗτος
1141 4774 1220 4844 τῷ
1253 4772 1471 4844 ζωτικῷ
1516 4774 1793 4843 πνεύματι

205 4868 302 4926 τὰς
334 4866 689 4938 πράξεις’τοῦ
720 4865 972 4938 σώματος
1007 4865 1370 4920 ἐθανάτωσεν.

278 4951 343 5024 β’.
412 4958 503 5027 Μὴ
541 4957 727 5027 νόμιζε
777 4957 1110 5029 κεχωρίσθαι
1161 4960 1259 5031 τῆς
1302 4961 1438 5033 πρὸς
1477 4961 1574 5031 τὴν
1613 4960 1793 5029 σάρκα

209 5045 471 5115 σχέσεως,
499 5048 579 5102 ἔτι
630 5051 688 5101 ὲν
719 5051 833 5112 τοῖς
893 5050 991 5121 τῆς
1048 5051 1251 5121 σαρκὸς
1283 5052 1507 5115 οἰκείοις
1544 5051 1635 5105 τὸν
1666 5050 1791 5104 νοῦν

204 5138 347 5207 ἔχων
377 5140 669 5211 ὲνασχολοὺ
679 5157 859 5211 μενον.

279 5226 347 5302 γ’,
385 5232 600 5301 Ὥσπερ
656 5232 756 5301 τῆς
801 5233 1002 5304 σαρκὸς
1068 5234 1172 5287 ἰδία
1226 5238 1258 5305 ἡ
1296 5236 1570 5309 αἴσθησις,
1602 5238 1693 5292 καὶ
1724 5240 1791 5293 τά

205 5323 465 5392 αἰσθητά,
507 5321 649 5376 οὓτω
697 5326 790 5378 καὶ
840 5326 939 5395 τῆς
991 5325 1172 5397 ψυχῆς
1218 5325 1325 5381 ἴδια
1374 5329 1401 5380 ὁ
1442 5312 1564 5390 νοῦς
1596 5331 1688 5383 καὶ
1722 5331 1790 5383 τά

205 5416 296 5484 νοή
308 5432 477 5484 ματα.
707 5483 712 5487 ν

279 5508 340 5563 3'.
374 5511 661 5565 Σύστειλον
687 5506 788 5582 τὴν
813 5512 991 5581 ψυχὴν
1017 5514 1080 5565 ἐκ
1105 5491 1205 5580 τ’ἧς
1228 5512 1538 5583 αἰσθήσεως
1562 5514 1654 5567 καὶ
1679 5514 1787 5567 τῶν

213 5599 510 5672 αἰσθητῶν,
543 5607 636 5657 καὶ
669 5606 978 5676 εὒρίσκεται
1006 5608 1032 5658 ὁ
1064 5605 1187 5668 νοῦς
1222 5607 1280 5657 ἐν
1311 5606 1385 5676 τῷ
1421 5605 1539 5676 Θεῴ
1591 5609 1684 5660 καὶ
1730 5610 1786 5663 ἐν

207 5693 319 5754 τοῖς
351 5696 578 5764 νοητοῖς.
