3946 6206
263 174 422 245 1161
1690 185 1905 247 CENTI

1984 186 2078 247 LIA
2116 188 2216 249 Iv.
3328 244 3345 256 .
3425 173 3560 239 14δί

345 292 479 362 κγ’.
522 294 776 367 ’Δμέλεια
802 296 893 351 τὸν
923 297 1247 369 προπάτορα
1281 256 1365 360 εἰς
1395 295 1711 369 παράϐασιν
1741 298 1871 368 ῆγα-
1900 344 1905 357 γ

2043 299 2135 355 25.
2166 298 2512 371 Negligentia
2553 296 2792 368 primum
2826 298 3109 364 parentem
3142 296 3400 392 nostrum
3409 285 3557 392 fecit

256 398 407 449 γεν,
473 387 569 441 καὶ
614 387 739 442 ἀντὶ
786 388 885 459 τῆς
922 389 1134 459 τρυφῆς
1180 387 1520 459 παραδείσου
1579 387 1870 459 κατέκρινε

1984 390 2323 462 transgredi,
2356 398 2414 447 et
2448 405 2549 461 pro
2590 387 2808 445 deliciis
2847 383 3089 456 paradisi
3132 381 3295 438 morti
3335 377 3555 450 adjudi-

256 472 541 538 θανάτῳ.

1984 489 2133 537 catus
2170 490 2255 538 est
2274 493 2321 537 ε.

341 495 710 635 ;Ξῖ‹¹ίξράτει
758 565 852 620 καὶ
890 568 955 619 σὺ
998 566 1097 635 τῆς
1119 565 1282 633 Εὔας,
1317 567 1408 622 τὸν
1456 567 1581 635 ὅφιν
1613 556 1869 635 φύλαξαι,

1984 495 2133 537 catus
2170 495 2255 538 est
2274 495 2321 537 ε.

2041 573 2132 628 24.
2156 574 2371 645 Impera
2394 581 2452 629 et
2494 580 2552 627 tu
2574 572 2723 637 Eva,
2756 577 2812 626 et
2834 584 2865 623 a
2891 574 3144 637 serpente
3171 577 3332 628 cave,
3359 577 3429 616 ne
3453 559 3552 615 de-

259 652 367 707 ἵνα
403 652 492 727 μὴ
525 657 867 727 ἀπατηθεῖσα
896 657 992 711 τοῦ
1031 658 1193 726 ξύλου
1228 676 1312 713 σοι
1345 658 1586 729 μεταδῷ.

1984 665 2092 718 lusa
2129 664 2229 719 tibi
2257 679 2477 736 quoque
2505 664 2575 719 de
2605 663 2755 734 tigno
2782 658 3042 755 praebe?!-
3204 754 3209 755 ν
3446 741 3458 755 ,
3502 741 3515 753 .

348 754 466 801 κε’.
484 749 704 820 ,Ὥσπερ
733 749 795 803 τὸ
812 750 976 821 σῶμα
1000 753 1140 807 κατὰ
1170 751 1334 822 φύσιν
1365 753 1398 823 ἡ
1427 751 1573 825 ψυχὴ
1593 751 1870 821 ζωοποιεῖ,

2042 755 2135 810 25.
2163 755 2320 812 Sicut
2345 756 2529 810 anima
2559 769 2763 824 corpus
2791 749 3096 808 secundum
3125 754 3380 801 naturam
3406 749 3549 798 vivi-

261 835 436 892 οὕτω
471 842 564 893 καὶ
594 839 695 912 τὴν
722 840 902 913 ψυχὴν
927 844 961 913 ἠ
990 843 1160 914 ἀρετὴ
1187 844 1283 898 καὶ
1314 845 1348 917 ἡ
1380 843 1602 914 γνῶσις.

1984 847 2121 913 cat,
2147 847 2222 902 ita
2248 856 2306 904 et
2329 848 2569 902 animam
2591 846 2769 901 virtus
2792 852 2849 898 et
2872 840 3124 898 scientia.

350 935 481 993 σις’.
509 930 726 1002 Νεφέλη
774 932 925 986 ἐστὶν
967 933 1197 1004 ἄνυδρος
1225 933 1350 998 νοῦς
1390 935 1727 1006 οίησίσοφος.
1765 936 1879 991 ὑπὸ

2042 938 2133 993 26.
2165 938 2318 993 Mens
2349 938 2612 1008 opinione
2644 952 2741 991 sua
2776 934 2883 990 sibi
2915 931 3137 1030 sapiens
3167 928 3313 996 visa,
3345 925 3585 1030 nebulas

261 1017 395 1071 τῶν
452 1020 553 1091 τῆς
606 1023 1061 1091 κενοδοξίας·καὶ
1110 1027 1492 1098 ὑπερηφανίας
1538 1028 1870 1097 πνευμάτων

1984 1040 2058 1088 ast
2094 1031 2216 1087 sine
2251 1044 2391 1100 aqua
2430 1044 2462 1084 a
2502 1027 2702 1098 spiritu
2741 1026 2920 1081 inanis
2961 1023 3149 1096 gloriae
3184 1017 3550 1090 et'superbim

262 1111 775 1186 παραφερόμενος.

1984 1123 2195 1194 agitata.
2692 1209 2706 1214 _
2810 1209 2822 1214 _
2935 1206 2948 1214 _
3360 1201 3392 1214 μ’
3570 1196 3579 1203 ,

349 1197 469 1262 κζ’.
511 1184 837 1268 Κενοδοξίας
885 1204 1103 1276 κρατῶν
1131 1205 1241 1260 ἀπὸ
1279 1205 1380 1278 τῆς
1412 1208 1670 1277 πορνείας
1696 1209 1868 1280 πρόσ-

2002 1184 2129 1270 νεγ.
2154 1211 2261 1280 Qui
2283 1228 2436 1268 vanae
2462 1211 2648 1284 gloria:
2675 1206 3004 1273 dominaris,
3032 1217 3166 1262 cave
3192 1203 3291 1259 tibi
3319 1201 3485 1257 etiam
3517 1196 3579 1254 ε·
3612 1254 3619 1259 ,

144 1314 149 1327 ι
263 1304 400 1359 εχε,
439 1291 654 1363 μήποτε
694 1295 798 1359 τᾶς
851 1294 1018 1366 τιμὰς
1065 1295 1285 1365 φεύγων
1310 1297 1507 1371 ἀτιμίᾳ
1541 1300 1866 1372 περιπέσῃς.

1984 1305 2356 1371 ’ornicatione,
2378 1319 2448 1359 ne
2472 1303 2602 1359 dum
2623 1304 2865 1359 honores
2889 1298 3056 1373 fugis,
3076 1296 3287 1352 incidas
3311 1295 3368 1350 in
3395 1293 3550 1366 igno-

1970 1414 2191 1453 minias.

345 1473 467 1539 κη’.
514 1468 840 1538 Ἀποφυγὼν
880 1470 1210 1538 κενοδοξίαν,
1243 1471 1323 1537 είς
1355 1472 1446 1526 τὸν
1474 1473 1607 1528 Θεὸν
1636 1476 1867 1530 ἀπόϐλε-

2036 1487 2127 1543 28.
2159 1488 2243 1543 Ab
2286 1486 2434 1542 inani
2481 1484 2652 1556 gloria
2696 1483 2946 1555 fugiens,
2979 1480 3049 1536 ad
3090 1480 3266 1535 Deum
3310 1475 3544 1546 respice.

265 1572 372 1610 πεο
415 1560 463 1612 εἰ
498 1558 556 1612 δὲ
602 1561 765 1631 μήγε,
798 1561 974 1632 οίήσει
1003 1561 1037 1634 ἢ
1080 1561 1310 1635 πορνείᾳ
1346 1564 1719 1635 περιπίπτεις.

1984 1579 2125 1647 Quod
2155 1579 2199 1634 si
2235 1580 2419 1634 minus
2442 1576 2668 1641 feceris,
2698 1583 2909 1630 certum
2928 1615 2945 1639 ,
2968 1573 3055 1629 vel
3088 1572 3142 1626 in
3174 1567 3544 1640 arrogantiam

1897 1654 1938 1712 Β
1964 1672 2049 1727 vel
2079 1671 2134 1726 in
2162 1671 2582 1726 fornicationem
2614 1667 2843 1723 incides.
3243 1752 3256 1764 .

2031 1763 2121 1817 29.
2147 1762 2332 1817 Inanis
2358 1760 2544 1832 gloriae
2575 1759 2861 1829 proprium
2888 1764 2973 1810 est
2996 1759 3323 1847 ostentatio;
3352 1764 3544 1847 super-

1885 1888 1891 1894 ο
1962 1854 2067 1909 bim
2110 1870 2244 1910 vero
2300 1860 2651 1924 contemptus
2710 1849 2945 1905 aliorum
2997 1855 3056 1903 et
3107 1842 3339 1902 efferata
3391 1842 3542 1896 inso-

1960 1945 2150 2000 lentia.
3466 2002 3475 2009 .

352 2005 423 2061 λ’.
452 2006 565 2076 Τὴν
597 2008 1042 2080 γαστριμαργίαν
1076 2010 1314 2081 φεύγων,
1358 2012 1458 2084 τὴν
1509 2014 1863 2087 ἀνθρωπαρέ·

2006 2024 2119 2091 “50.
2150 2035 2252 2103 Qui
2292 2036 2476 2108 gulam
2517 2033 2684 2106 fugit,
2728 2040 2923 2111 caveat
2966 2044 3036 2085 ne
3076 2034 3289 2099 quarat
3324 2005 3543 2096 placere

272 2112 474 2150 σκειαν
504 2096 759 2164 φύλαξαι,
790 2098 889 2170 τὴν
916 2099 1201 2172 ὠχρότητα
1267 2101 1361 2155 τοῦ
1414 2102 1709 2173 προσώπου
1770 2122 1858 2160 σου

1984 2096 2590 2199 ιοιηίιιίϋιιεῗροιιοιόιη
2629 2125 2815 2181 vultus
2834 2096 3193 2195 apparentem
3233 2124 3542 2172 monstrare

272 2186 660 2255 ἐπιδείξασθαι
690 2192 1238 2261 προσφαντάζουσαν.

1984 2239 2025 2276 :u
2035 2220 2214 2291 piens.

346 2275 453 2331 λα’.
500 2276 695 2348 Ὠραία
743 2281 1003 2349 νηστεία,
1054 2284 1088 2352 ἡ
1149 2281 1504 2356 βραχυφαγίᾳ
1553 2287 1855 2359 χαίρουσα,

2018 2275 2466 2370 r5l.vl’ulchrum
2519 2320 2606 2368 est
2642 2310 2916 2384 jejunium
2969 2306 3187 2362 modico
3229 2301 3539 2375 frugalique

268 2365 374 2419 καὶ
411 2365 730 2437 λιτοφαγίαν
764 2369 984 2442 ἔχουσα,
1018 2372 1115 2427 καὶ
1160 2372 1685 2447 ἀνθρωπαρέσκειαν
1729 2379 1849 2450 φεύ-

1984 2365 2090 2463 :ibo
2783 2404 3005 2474 placere
3041 2398 3278 2471 fugiens.

267 2473 472 2525 γουσα.
2125 2473 2151 2479 ⁷
2784 2473 2795 2474 ί
2874 2504 2877 2507 λ

345 2552 450 2623 λβ’.
484 2553 782 2623 Νηστεύων
829 2554 935 2620 ἕως
969 2555 1089 2626 ὀψὲ,
1132 2558 1208 2629 μὴ
1245 2560 1524 2634 χορτάσῃς
1560 2563 1641 2627 είς
1673 2564 1854 2634 κόρον,

270 2642 367 2699 ἵνα
396 2643 472 2716 μὴ
491 2644 526 2700 ἃ
557 2646 709 2714 ἅπαξ
734 2647 1049 2713 καταλύεις,
1078 2646 1250 2704 ταῦτα
1280 2652 1442 2706 πάλιν
1471 2654 1853 2729 οίκοδομήσῃς.

295 1734 317 1746 ’
347 1730 458 1783 κθ’.
496 1731 659 1787 ¹’ίδιον
680 1732 782 1803 τῆς
818 1706 1125 1799 κενοδοξίας
1147 1735 1181 1805 ἡ
1213 1734 1557 1809 ἐπιδεικτικὴ
1580 1738 1865 1809 ἐπιτήδευ-

269 1834 393 1885 σιςο
427 1823 525 1894 τῆς
569 1823 626 1877 δὲ
660 1824 1041 1896 ὑπερηφανίας
1070 1825 1132 1879 τὸ
1168 1826 1471 1894 ἔξουθενεῖν
1520 1830 1615 1883 καὶ
1658 1829 1863 1901 Optio-3-

272 1914 437 1968 σθαι.

2027 2583 2114 2638 52.
2145 2583 2377 2651 Quando
2411 2600 2586 2656 usque
2620 2584 2689 2639 ad
2719 2597 3005 2654 vesperam
3035 2580 3281 2652 ieiunas,
3306 2592 3437 2632 cave
3468 2573 3541 2630 ad

1955 2676 2264 2731 satietatem
2319 2692 2494 2748 usque
2548 2675 2860 2747 impleatis,
2905 2688 2976 2730 ne
3022 2671 3281 2727 videlicet
3337 2669 3538 2723 iterum

1902 2772 1919 2797 ‘
1956 2775 2212 2823 exstruas
2249 2783 2372 2837 quae
2411 2767 2574 2838 paulo
2618 2774 2747 2821 ante
2784 2766 3159 2821 destruxeras.
3344 2824 3360 2837 ο

2027 2858 2115 2914 55.
2145 2858 2378 2926 Quando
2434 2873 2543 2914 non
2598 2858 2745 2913 bibis
2797 2857 3009 2921 vinum,
3059 2854 3224 2909 etiam
3287 2866 3429 2923 aqua
3465 2866 3537 2907 ne

1881 2988 1926 3047 ο
1958 2950 2271 3021 implearis;
2339 2950 2422 3005 sin
2471 2950 2656 3006 minus
2701 2946 3135 3017 obtemperaris,
3182 2942 3535 3001 fornicationi

1956 3041 2207 3097 eamdem
2240 3041 2529 3097 materiam
2566 3040 2964 3112 suppeditabis.

345 2819 449 2889 λγ’.
483 2821 575 2892 Μὴ
616 2821 785 2877 πίνων
806 2819 967 2890 οἶνον,
1007 2826 1080 2900 μὴ
1109 2828 1423 2901 χορτασθῇς
1469 2828 1680 2909 ὓδατος·
1713 2834 1763 2888 εί
1795 2833 1867 2888 δὲ.

270 2913 448 2985 μήγε,
476 2916 575 2987 τὴν
614 2916 783 2989 αὐτὴν
815 2917 949 2990 ὕλην
977 2922 1043 2991 τῇ
1075 2921 1304 2994 πορνείᾳ
1335 2923 1614 2995 παρέχεις.

344 3093 439 3149 λδῖ
479 3095 546 3150 Ἦ
594 3097 949 3170 ὑπερηφανία
998 3101 1100 3173 τῆς
1152 3101 1301 3166 Θείας
1345 3103 1674 3173 ἀφίστασθαι
1707 3112 1854 3163 ’πτοιεὶ⁹

257 3184 550 3257 βοηθείας,
580 3190 668 3260 ἰφ’
698 3190 876 3261 ἑαυτῷ
903 3192 1245 3259 πεποιθέναι,

256 3274 726 3345 κατεπαίρεσθαι.

341 3360 432 3416 λε’.
458 3364 732 3435 Φάρμακα
760 3368 901 3421 κατὰ
936 3369 1035 3440 τῆς
1067 3371 1445 3442 ὑπερηφανίας
1470 3374 1565 3429 δύο
1596 3379 1841 3449 πρόκειν-

2017 3397 2108 3453 55.
2138 3399 2259 3454 Duo
2293 3401 2535 3456 remedia
2566 3401 2829 3457 adversus
2856 3401 3129 3472 superbia:
3157 3402 3296 3456 mala
3330 3415 3529 3472 propo-

252 3468 360 3505 ται
390 3454 697 3523 πράγματα
718 3474 733 3487 ·
766 3457 912 3529 ἅπερ
948 3459 978 3511 ό
1036 3459 1112 3532 μὴ
1153 3463 1605 3535 καταδεχόμενος,
1663 3472 1845 3540 τρίτον

1987 3496 2190 3555 untur;
2217 3505 2339 3559 quae
2365 3491 2411 3544 si
2443 3490 2568 3560 quis
2596 3492 2847 3561 accipere
2878 3454 3097 3565 rernuit,‘
3116 3494 3338 3548 tertium
3365 3494 3529 3564 longe

254 3541 379 3608 ἕξει
411 3543 615 3614 σφόδρα
643 3545 997 3616 δριμύτατον.

2074 3541 2081 3542 ,
2115 3541 2145 3543 η
2176 3541 2190 3555 ,
2224 3541 2333 3559 γε,
2366 3541 2411 3544 __
2448 3541 2564 3560 Γ--
2598 3541 2803 3561 ____,-_

1984 3579 2362 3636 cerbissimum
2397 3581 2689 3639 habiturus
2710 3593 2816 3639 est.

337 3651 446 3717 λς’.
499 3652 912 3727 ’Υπερηφανίαν
957 3658 1175 3729 ἀναιρεί
1224 3665 1503 3736 προσευχὴ
1558 3669 1697 3738 μετὰ
1748 3670 1841 3727 δα-

255 3746 473 3813 κρύων,
511 3746 607 3800 καὶ
630 3746 692 3800 τὸ
726 3748 932 3820 μηδένα
960 3749 1411 3817 ὲξουθενείν,“καὶ
1441 3757 1688 3815 ἀκούσιοι
1719 3763 1841 3817 ἑπι-

258 3833 452 3903 φοραί.

332 3922 432 3989 λζ’.
479 3926 702 3992 Ῥἀδδος
738 3929 889 3984 ἐστὶν
923 3932 1168 4007 νοητὴ,ή
1215 3936 1305 3991 διὰ
1351 3943 1677 4012 πειρασμῶν
1706 3946 1839 4001 παί-

255 4012 461 4108 δευσις,
499 4023 947 4092 ταπεινοφρονεὶᾯ
977 4023 1369 4084 ἑκδιδάσκουσα
1429 4030 1519 4085 τὸν
1564 4032 1624 4087 ἑν
1666 4036 1837 4108 ἀφρο-

260 4100 398 4176 σύνῃ
430 4103 814 4177 ἐπαιρόμενον.

328 4192 433 4286 λη’.
473 4195 643 4286 ,ξιδιον
683 4196 846 4268 ἔργον
874 4198 969 4253 τοῦ
1006 4202 1120 4268 νοῦ,
1150 4204 1212 4259 τδ
1250 4206 1327 4279 μὴ
1361 4207 1651 4281 ἀνέχεσθαι
1682 4214 1831 4286 λογι-

261 4283 398 4354 σμοῦ
422 4284 596 4357 λάθρα
625 4289 1053 4356 καταλαλοῢντος
1084 4296 1227 4350 κατὰ
1264 4298 1360 4352 τοῦ
1395 4300 1645 4374 πλησίον.

326 4373 425 4432 λθ”.
462 4376 674 4450 ’Ὠσπερ
697 4379 728 4432 ό
752 4382 1048 4454 κηπουρὸς,
1077 4385 1151 4457 μὴ
1175 4387 1431 4460 ἀπαίρων
1455 4373 1555 4459 τὰς
1578 4395 1827 4465 βοτάνας,

255 4466 554 4537 ἀποπνίγει
587 4470 661 4523 τὰ
688 4471 920 4543 λάχανα·
953 4473 1130 4540 οὕτως
1164 4480 1259 4533 καὶ
1304 4482 1334 4534 ὁ
1370 4482 1495 4548 νοῦς
1528 4486 1605 4559 μὴ
1636 4490 1832 4545 καθαί-

257 4576 370 4630 ρων
399 4561 527 4624 τοὺς
559 4560 876 4634 λογισμοὺς,
923 4566 1188 4625 ἀπόλλυσι
1218 4572 1347 4639 τοὺς
1373 4577 1588 4643 πόνους.

324 4655 398 4719 μ’.
435 4651 660 4716 Συνετὸς
707 4654 868 4727 ἀνὴρ,
902 4659 931 4712 ὁ
975 4661 1291 4734 συμϐουλῆς
1327 4666 1687 4739 ἀνεχόμενος,
1731 4676 1828 4730 καὶ

255 4740 491 4809 μάλιστα
535 4744 631 4798 τοῦ
675 4750 1048 4819 πνευματικοῦ
1092 4755 1300 4827 πατρὸς
1332 4760 1475 4815 κατά
1527 4762 1660 4818 Θεὸν
1688 4783 1827 4839 συμ-

253 4831 625 4899 βουλεύοντος.

322 4931 435 5017 μαῖ’.
467 4927 891 5001 Νενεκρωμένος
944 4933 1051 4989 ὑπὸ
1109 4938 1332 5005 παθῶν,
1367 4943 1677 5017 συμϐουλῆς
1722 4952 1824 5006 οὐκ

248 5015 587 5085 αἰσθάνεται,
619 5021 714 5075 καὶ
734 5021 835 5092 τῆς
866 5023 1201 5094 παιδεύσεως
1221 5037 1599 5109 πνευματικῆς
1616 5015 1678 5093 τὸ
1700 5042 1823 5096 σύν-

247 5107 365 5159 ολον
396 5108 497 5162 οὐκ
536 5110 809 5182 ἀνέχεται.
1528 5107 1561 5203 κ

314 5199 426 5294 μβ¹υ
550 5204 626 5294 μὴ
647 5204 936 5277 δεχόμενος
965 5212 1299 5287 συμϐουλὴν,
1328 5218 1391 5271 ού
1422 5199 1626 5294 κατορθ
1638 5226 1689 5278 οἰ
1717 5226 1817 5291 τὰς

244 5289 395 5354 ὁδοὺς
427 5292 617 5359 αὑτοῦ,
649 5294 786 5351 ἀλλὰ
812 5300 958 5356 κατὰ
993 5306 1256 5377 κρημνῶν
1278 5309 1368 5365 ἀεὶ
1396 5313 1491 5367 καὶ

245 5381 497 5455 φέρεται.

2021 3130 2114 3187 54.
2161 3130 2428 3202 Superbia
2459 3131 2592 3187 facit
2634 3131 2824 3187 divino
2850 3129 3081 3187 destitui
3111 3128 3337 3194 auxilio,
3364 3128 3536 3184 confi-

1279 3194 1374 3249 καὶ⁵
1405 3195 1514 3251 τῶν
1544 3198 1849 3270 ἀνθρώπων

1984 3238 2083 3280 ere
2113 3222 2169 3279 in
2195 3224 2398 3296 seipso,
2435 3233 2491 3281 et
2515 3203 2787 3280 adversus
2810 3222 3063 3280 homines
3088 3222 3394 3294 insurgere.
3460 3243 3466 3247 <

2012 3691 2477 3762 56η5υρετῢίοιῐι
2531 3693 2732 3750 tollunt
2781 3695 2991 3764 precari
3046 3711 3171 3751 cum
3228 3697 3521 3764 lacrymis,

1941 3791 2296 3840 contemnere
2328 3784 2628 3853 neminem,
2664 3785 2904 3858 denique
2936 3786 3136 3844 damna
3179 3797 3378 3860 praeter
3422 3806 3522 3846 vo-

1939 3871 2209 3930 luntatem
2243 3876 2572 3933 accidentia.

2006 3963 2098 4019 57.
2125 3965 2380 4023 Eruditio
2403 3983 2502 4038 per
2536 3970 2890 4039 tentationes,
2918 3972 3072 4044 virga
3102 3970 3369 4044 spiritalis
3388 3984 3474 4030 est
3501 3992 3515 4029 :

1936 4068 2062 4109 eum
2106 4056 2254 4111 enim
2285 4059 2382 4128 qui
2426 4059 2481 4113 in
2529 4061 2790 4130 superbia
2822 4064 3211 4131 extollebatur,
3239 4066 3522 4121 humiliter

1936 4146 2143 4202 sentire
2181 4147 2363 4205 docet.

2002 4238 2092 4293 58.
2126 4238 2421 4310 Proprium
2463 4242 2665 4299 mentis
2697 4260 2836 4315 opus
2879 4255 2984 4309 est,
3016 4261 3093 4302 ne
3129 4248 3518 4319 cogitationem

1861 4318 1907 4375 Ι)
1933 4328 2154 4398 quidem
2182 4329 2329 4386 ferre
2360 4334 2612 4403 proximo
2634 4336 2774 4391 clam
2809 4318 3229 4394 ohtrectantem.

2010 4418 2098 4473 59.
2134 4417 2287 4475 Sicut
2318 4421 2644 4481 hortulanus
2676 4442 2788 4482 non
2825 4427 3113 4484 eradicans
3141 4429 3368 4496 zizania,
3402 4432 3517 4487 suf-

1936 4504 2084 4561 focat
2125 4507 2308 4576 olera;
2364 4510 2440 4567 ita
2481 4521 2539 4567 et
2569 4529 2727 4571 mens
2771 4517 3128 4586 cogitationes
3161 4537 3271 4576 non
3317 4522 3507 4593 purili-

1935 4612 2090 4665 cans,
2111 4599 2381 4670 disperdit
2401 4603 2640 4662 labores.

2003 4688 2096 4745 40.
2149 4691 2244 4747 Vir
2291 4692 2655 4767 intelligentia
2696 4699 2979 4769 praeditus,
3033 4702 3280 4759 consiliis
3322 4694 3503 4774 paret,

1934 4780 2169 4838 maxime
2200 4783 2374 4853 patris
2403 4785 2708 4856 spiritualis
2736 4805 2798 4845 ea
2835 4806 2959 4861 qua:
2990 4791 3089 4849 Dei
3131 4802 3282 4860 sunt,
3314 4810 3511 4849 consu-

1929 4871 2115 4928 lentis.

1997 4965 2088 5020 41.
2141 4965 2314 5034 Quem
2363 4967 2686 5026 aﬁ‘ectiones
2720 4986 2832 5027 sua:
2881 4972 3273 5043 perdiderunt,
3322 4978 3507 5032 consi-

1927 5052 2062 5107 lium
2105 5070 2215 5111 non
2246 5057 2424 5123 audit,
2455 5057 2551 5115 sed
2583 5068 2642 5116 et
2677 5061 2984 5131 spiritualis
3008 5064 3339 5122 eruditionis
3372 5082 3507 5122 con-

1926 5143 2109 5199 silium
2142 5149 2366 5217 respuit.

1997 5233 2085 5290 42.
2122 5235 2227 5304 Qui
2252 5238 2542 5295 consilium
2572 5244 2802 5313 respuit,
2827 5244 2943 5300 vias
2970 5261 3098 5304 suas
3120 5263 3233 5305 non
3254 5251 3503 5323 corrigit,

1519 5316 1822 5389 φαράγγων
1927 5325 2022 5381 sed
2050 5343 2148 5397 per
2173 5339 2446 5402 praerupta
2478 5342 2535 5389 et
2561 5335 2861 5405 praecipitia
2886 5336 3083 5394 fertur.

309 5572 334 5603 ε
370 5563 509 5621 Gcn.
551 5584 630 5636 ιιι,
655 5568 738 5625 19.
