3946 6206
504 196 639 264 ἓ467

498 314 855 382 aﬂirmativa,
917 334 1016 389 per
1057 319 1476 380 allirmationem
1535 324 1798 385 dicuntur

499 422 622 461 rum
655 394 930 466 esse‘sine
977 413 1274 484 principio,
1319 426 1376 471 et
1418 418 1771 489 immensum,
1813 432 1869 480 et
1911 426 2083 484 incir-

498 503 920 573 cumscriptum,
954 514 1011 561 et
1036 522 1381 579 quaecunque
1405 513 1681 582 negativa,
1708 531 1809 585 per
1836 520 2084 590 negatio-

495 607 622 648 nem
658 594 766 649 dici
798 595 1204 668 intelliguntur.

566 685 654 740 84.
688 686 827 742 Cum
864 705 969 744 una
996 691 1070 745 sit
1089 701 1303 748 sanctae
1328 694 1620 752 Trinitatis
1645 699 1831 755 unitas
1851 701 2087 758 abscon-

495 773 665 829 tlitior
688 793 852 847 quam
886 780 1097 836 ratione
1125 784 1211 837 vel
1237 794 1428 840 mente
1458 788 1580 857 capi
1609 798 1795 857 queat,
1822 793 2085 860 praedicta
2108 806 2125 813 '

496 877 677 926 tamen
711 880 768 927 et
815 875 1017 930 similia
1052 877 1208 932 aiunt
1253 894 1376 948 quae
1419 880 1567 935 circa
1615 881 1788 952 ipsam
1831 887 2086 944 conside-

495 972 655 1018 rantu
666 981 710 1018 Γ.

567 1055 657 1108 85.
695 1055 848 1111 Sicut
871 1064 1057 1114 autem
1102 1076 1269 1116 unam
1308 1063 1570 1121 deitatem
1613 1076 1816 1124 sanctae
1844 1070 2085 1128 Trinita-

458 1146 469 1151 ‘
496 1143 565 1199 tis
596 1144 807 1211 dicunt,
834 1147 908 1202 ita
941 1158 998 1204 et
1025 1157 1137 1206 tres
1176 1153 1498 1224 hypostases
1524 1157 1690 1213 unius
1717 1148 1939 1217 deitatis
1968 1164 2086 1234 glo-

493 1235 732 1292 riﬁcant.

564 1325 652 1383 86.
706 1330 1027 1401 lntelligunt
1059 1342 1244 1390 autem
1289 1337 1551 1406 praedicta
1596 1356 1696 1411 per
1733 1345 2082 1416 negationem

491 1425 549 1471 et
577 1417 1021 1488 allirmationem,
1054 1436 1114 1481 ut
1152 1431 1465 1484 communia
1500 1440 1631 1486 sunt
1660 1446 1863 1492 sancta:
1890 1439 2084 1495 unius-

490 1524 597 1577 que
620 1514 876 1569 essentia:
900 1516 1182 1584 Trinitati,
1229 1521 1437 1592 absque
1478 1528 1883 1595 pr0prietatum
1910 1532 2084 1590 deno—

1737 216 2140 279 THALASSII
2178 221 2499 283 ABBATIS

3557 232 3663 301 ιιιι

1850 350 1863 385 :
1924 342 2084 388 caate-
2111 337 2162 395 Α
2187 334 2255 387 λα
2313 338 2705 408 καταφατικῶς
2751 338 2972 408 λέγεται
3031 338 3121 395 καὶ
3174 341 3310 397 κατά
3347 342 3493 399 θέσιν*
3534 345 3584 400 τδ
3621 350 3663 403 δὲ

2184 425 2423 499 ἄναρχον
2471 429 2633 484 πάλιν
2653 470 2668 494 ,
2699 429 2795 486 καὶ
2822 430 3071 503 ἄπειρον,
3110 433 3201 487 καὶ
3226 433 3451 505 ἀόριστον
3474 432 3555 489 καὶ
3591 437 3666 493 ὅσα

2183 519 2583 591 ἀπφατικῶς,-
2603 523 2746 578 κατά
2780 522 2884 595 τὴν
2913 523 3218 595 ἀφαίρεσιν.

2256 704 2357 759 ηδ’.
2393 706 2540 771 Μιᾶς
2561 706 2729 779 οὑσης
2755 707 2857 777 τῆς
2886 708 3029 777 ὑπὲρ
3048 706 3169 761 νοῦν
3190 708 3281 778 καὶι
3305 706 3446 776 λόγον
3463 709 3542 764 καὶ
3565 729 3666 783 κρυ·

2186 796 2314 864 φίας
2347 796 2603 869 θεότητος
2646 800 2743 870 τῆς
2774 799 2936 867 ἁγίας
2986 798 3229 870 Τριάδος,
3280 797 3344 851 τά
3392 800 3505 871 περὶ
3539 803 3666 875 αὐτὴν

2186 888 2541 961 θεωρούμενα
2589 890 2659 946 τὰ
2711 891 3089 963 προειρημένα
3124 887 3256 945 εἷναί
3287 909 3454 962 φασιν,
3505 895 3582 948 καὶ
3617 895 3669 948 τὰ

2184 980 2368 1037 ὅμοια.
3473 1028 3480 1035 -

2218 998 2368 1125 μζ)τέῗὶ
2395 1071 2604 1145 Ὠσπερ
2654 1072 2713 1127 δὲ
2767 1074 2898 1145 μίαν
2924 1073 3152 1145 θεότητα
3193 1074 3289 1144 τῆς
3326 1075 3466 1143 ἀγίας
3493 1076 3668 1145 Τριάδος

2184 1162 2435 1232 λέγουσιν
2455 1182 2469 1195 ·
2501 1165 2676 1231 οὑτως
2708 1167 2804 1221 καὶ
2833 1169 2982 1239 τρεῖς
3006 1168 3107 1233 τὰς
3140 1168 3442 1235 ὑποστάσεις
3463 1170 3542 1240 τῆς
3572 1173 3667 1241 μιᾶς

2186 1253 2440 1326 θεότητος
2465 1256 2803 1324 δοξάζουσιν.

2258 1356 2377 1416 σις’.
2411 1352 2611 1406 Νοοῦσι
2641 1353 2699 1407 δὲ
2727 1354 2796 1407 τά
2825 1354 2968 1409 κατά
2996 1353 3281 1425 ἀφαίρεσιν
3314 1355 3402 1408 καὶ
3428 1354 3550 1408 θέσιν
3568 1372 3667 1426 προ-

2184 1440 2473 1511 ειρημένα,
2509 1444 2665 1497 κοινά
2694 1445 2787 1497 ἐπὶ
2813 1445 2915 1515 τῆς
2943 1445 3109 1513 ἁγίας
3142 1444 3234 1499 καὶ
3259 1444 3516 1516 ὁμοουσίου
3542 1445 3666 1516 Τριά-

2183 1529 2273 1594 δος
2321 1533 2489 1605 χωρὶς
2536 1534 2647 1588 τῶν
2693 1535 3004 1606 ἰδιωμάτων
3024 1552 3041 1570 ο
3094 1537 3278 1608 ἐπειδὴ
3324 1537 3412 1591 καὶ
3453 1537 3598 1591 αὐτῶν
3616 1538 3666 1593 τὰ

493 1600 721 1667 latione,
747 1620 981 1674 quarum
1009 1611 1307 1667 nonnullas
1341 1629 1440 1683 per
1474 1615 1913 1687 aﬂirmationem,
1938 1639 2071 1679 non-

2186 1600 2417 1678 πλεῖστα
2448 1623 2547 1695 μὲν
2598 1624 2741 1679 κατά
2792 1600 2965 1692 θέσιν,
2998 1626 3126 1681 τινὰ
3170 1626 3228 1680 δὲ
3266 1600 3409 1682 ’κατά
3442 1626 3666 1698 ἀφαίρεσιν

489 1695 669 1750 nullas
693 1713 794 1766 per
828 1702 1178 1769 negationem
1205 1707 1515 1763 enuntiant.

560 1785 648 1841 87.
702 1791 996 1861 Appellant
1065 1805 1251 1853 autem
1311 1800 1625 1857 divinarum
1695 1805 2077 1878 hypostasium

486 1881 856 1949 proprietates
900 1891 1313 1955 paternitatem,
1368 1893 1713 1961 liliationem,
1769 1904 2081 1969 processio-

372 1980 375 1989 '
484 1986 634 2037 nem,
670 1982 727 2028 et
764 1991 1109 2050 quaecunque
1138 1983 1244 2037 alia
1268 1986 1491 2054 proprie
1522 1986 1804 2045 dicuntur.

554 2147 643 2202 88.
697 2150 1027 2223 Hypostasin
1077 2157 1382 2225 deﬁniunt,
1417 2165 1726 2240 essentiam
1775 2182 1903 2223 cum
1949 2188 2078 2242 pro.-

483 2237 815 2303 prietatibus
841 2257 855 2294 :
884 2242 1010 2298 ideo
1040 2261 1384 2319 unaquaque
1412 2237 1725 2323 hypostasis
1754 2257 1922 2315 habet
1941 2237 2074 2333 quid

482 2342 775 2385 commune
808 2336 1084 2402 essentiae,
1114 2347 1170 2393 et
1201 2341 1332 2410 quid
1359 2346 1644 2415 proprium
1671 2349 1999 2421 bypostasis.
2054 2392 2061 2398 -

553 2420 640 2474 89.
668 2422 935 2482 Praedicta
962 2438 1147 2485 autem
1172 2438 1486 2492 communia
1513 2441 1773 2499 omnibus
1799 2445 1855 2499 in
1884 2458 2075 2504 sancta

483 2508 773 2579 Trinitate,
801 2532 924 2586 qua:
964 2535 1063 2589 per
1088 2525 1439 2593 negationem
1468 2533 1871 2602 attribuuntur,
1900 2540 2075 2611 magis

480 2601 702 2669 propria
715 2603 1038 2673 judicantur
1056 2610 1142 2666 bis
1158 2629 1280 2684 quae
1296 2633 1395 2686 per
1408 2618 1823 2682 aﬂirmationem
1840 2640 1968 2685 sunt
1985 2601 2072 2688 di-

480 2697 586 2742 cta.
620 2690 687 2744 At
713 2709 823 2749 non
849 2696 1108 2756 similiter
1136 2703 1190 2757 in
1227 2710 1681 2778 proprietatibus.
1714 2717 1850 2773 Nam
1879 2736 2071 2778 earum

478 2779 644 2835 etiam
672 2783 905 2855 aliquas,
936 2799 996 2844 ut
1024 2794 1347 2861 praedictum
1370 2811 1477 2867 est,
1506 2820 1606 2873 per
1627 2806 2069 2881 allirmatiouem,

476 2870 692 2941 aliquas
717 2891 817 2945 per
846 2883 1194 2950 negationem
1224 2888 1439 2958 dicunt,
1470 2870 1533 2948 ut
1568 2899 1814 2967 genitum
1841 2919 1985 2972 esse,
2016 2918 2073 2964 et

478 2966 701 3023 similia.
729 2971 948 3029 Etenim
978 2993 1089 3033 non
1126 2996 1250 3039 esse
1274 2987 1545 3056 genitum,
1572 2982 1836 3065 singulari
1862 3000 2074 3072 signiti-

478 3069 602 3117 cato
633 3063 825 3123 dill’ert
867 3084 897 3124 a
939 3074 1187 3140 genitum
1238 3093 1381 3136 esse.
1429 3083 1535 3138 Pe’r
1578 3063 1685 3143 hoc
1716 3092 1865 3146 enim
1901 3063 2072 3153 Pilius

477 3155 697 3221 genitus
726 3174 848 3215 esse
890 3164 1268 3236 signiﬁcatur;
1296 3187 1396 3241 per
1424 3174 1560 3231 illud
1594 3195 1746 3247 vero,
1775 3183 1937 3239 Pater
1960 3203 2071 3243 non

476 3259 599 3300 esse
632 3251 873 3318 genitus.

464 3366 469 3369 -
548 3337 638 3393 90.
666 3340 862 3399 Verbis
892 3346 1120 3418 insuper
1147 3363 1206 3408 et
1242 3356 1564 3415 nominibus
1590 3362 1676 3418 usi
1705 3374 1857 3432 sunt,
1882 3369 1950 3424 ad
1975 3372 2072 3429 de-

477 3430 765 3490 clarandas
794 3438 1040 3497 rationes
1072 3444 1279 3514 quibus
1317 3464 1381 3504 ea
1418 3465 1542 3520 quae
1580 3454 1730 3512 circa
1769 3462 2068 3519 essentiam

477 3532 607 3579 sunt
650 3536 852 3585 sancta).
898 3531 1206 3602 Trinitatis,
1244 3547 1307 3594 ut
1340 3541 1547 3599 dictum
1575 3556 1681 3613 est,
1715 3553 2070 3611 consideran-

476 3623 587 3681 tur,
613 3633 722 3673 non
753 3628 812 3675 ut
835 3638 900 3678 ea
926 3640 1049 3694 qua:
1078 3628 1252 3698 ipsius
1280 3643 1409 3688 sunt
1432 3640 1712 3706 essentiae,
1737 3642 2025 3703 declarent
2050 3668 2062 3703 :

473 3707 744 3774 ejusmodi
774 3714 923 3768 enim
949 3719 1100 3773 nulla
1125 3732 1311 3779 mente
1336 3730 1619 3798 cognosci,
1646 3735 1907 3807 nulloque
1951 3756 2067 3796 ser-

474 3815 636 3856 mone
679 3804 867 3875 eloqui
897 3821 1149 3879 possunt,
1183 3816 1280 3871 sed
1327 3819 1428 3874 soli
1470 3821 1747 3882 divinitati
1798 3804 1928 3886 sunt
1973 3849 2067 3890 co-

471 3892 645 3961 gnita.

543 3984 632 4040 9i.
674 3986 829 4044 Sicut
873 4001 1059 4049 autem
1105 3996 1302 4056 dicunt
1344 4018 1508 4059 unam
1556 4011 1849 4067 essentiam
1896 4014 2064 4071 trium

436 4075 871 4151 \hypostasium,
904 4087 985 4141 sic
1010 4097 1067 4143 et
1102 4092 1265 4148 unius
1286 4099 1544 4156 essentiae
1573 4102 1908 4162 conﬁtentur
1932 4124 2062 4165 san-

472 4178 615 4224 ctam
650 4171 1003 4232 Trinitatem.

543 4261 632 4317 92.
678 4263 979 4323 Enimvero
1013 4271 1230 4330 Patrem
1279 4284 1724 4354 contemplantur
1754 4288 1872 4347 sine
1905 4295 2060 4362 prin-

2113 1691 2155 1759 Β
2182 1691 2458 1783 λέγουσιν.

2253 1807 2362 1872 πζ’.
2407 1808 2673 1877 Λέγουσιν
2701 1810 2759 1864 δὲ
2793 1810 2959 1865 πάλιν
2988 1810 3063 1865 τὰ
3113 1806 3367 1881 ἰδιώματα
3416 1810 3509 1864 τῶν
3551 1809 3665 1863 θείων

2182 1898 2538 1953 ὑποστάσεων
2575 1901 2771 1965 ταῦτα,
2824 1896 2937 1955 οἷον
2969 1901 3074 1973 τὴν
3106 1901 3422 1972 πατρὰεητα,
3465 1899 3547 1971 τὴν
3587 1900 3665 1953 υίό-

2180 2009 2338 2062 τητα,
2386 1993 2488 2066 τὴν
2545 1994 2891 2066 ὲκπὸρευσιν,
2946 1996 3045 2049 καὶ
3089 1996 3191 2049 ὅσα
3226 1993 3355 2050 ἄλλα
3410 1991 3562 2056 ίδικῶς
3601 1991 3664 2044 λί-

2178 2102 2359 2155 γεται.

2252 2185 2365 2250 πη’.
2405 2178 2739 2234 Ὑπόστασιν
2776 2182 2834 2236 δὲ
2886 2181 3185 2252 ὁρίζουσιν,
3216 2179 3391 2235 οὑσίαν
3422 2178 3537 2249 μετά
3562 2178 3660 2231 ἰδιω-

2182 2269 2389 2339 μάτων,
2426 2271 2495 2324 δι*
2519 2272 2548 2324 ὃ
2578 2272 2783 2342 ἑκάστη
2817 2274 2849 2343 ἡ
2909 2273 3211 2338 ὑπόστασις
3251 2272 3361 2342 ἔχει
3389 2271 3440 2323 ἒν
3460 2269 3511 2322 τὸ
3535 2268 3660 2322 κοινὸν

2176 2360 2277 2430 τῆς
2318 2359 2653 2425 οὐσίας,ικαὶ
2685 2361 2744 2413 τὸ
2769 2362 2900 2415 ἴδιον
2933 2354 3041 2431 τῆς
3064 2361 3423 2423 ὑποστάσεως.

2249 2451 2359 2505 πθ’.
2392 2452 2474 2504 Td:
2506 2452 2563 2506 δὲ
2609 2454 2809 2507 κοινῶν
2842 2453 3008 2507 πάλιν
3060 2452 3154 2506 ἐπὶ
3187 2453 3284 2522 τῆς
3330 2452 3473 2521 ἀγίας
3495 2449 3663 2518 Τριάδος

2176 2541 2322 2594 κατὰ
2358 2542 2651 2613 ἀφαίρεσιν
2699 2544 3102 2614 προειρημένα,
3131 2542 3239 2599 τῶν
3284 2542 3413 2598 κατά
3459 2540 3578 2595 θέσιν
3600 2540 3663 2592 λε-

2178 2634 2423 2704 χθέντων
2448 2635 2760 2708 κυριώτερα
2787 2636 3092 2707 κρίνουσιν.
3110 2637 3222 2707 Οὐχ
3245 2634 3403 2700 οὑτως
3428 2635 3578 2705 μέντοι
3599 2633 3663 2685 καὶ

2176 2726 2269 2778 ἐπὶ
2290 2725 2400 2779 τῶν
2437 2727 2768 2798 ἰδιωμάτων·
2821 2729 3014 2800 ἐπειδὴ
3049 2730 3140 2783 καὶ
3169 2727 3341 2782 αὑτῶν
3367 2728 3429 2780 τὰ
3458 2724 3540 2797 μὲν
3565 2723 3664 2779 κατὰ

2175 2819 2346 2884 θέσιν,
2370 2820 2441 2874 τὰ
2465 2821 2522 2875 δὲ
2555 2822 2700 2877 κατά
2732 2822 3052 2894 ἀφαίρεσιν,
3086 2822 3162 2886 ὡς
3197 2820 3506 2892 προείρηται,
3530 2817 3665 2884 λέγω·

2178 2930 2286 2978 σιν,
2318 2914 2395 2978 ὡς
2428 2915 2489 2968 τὸ
2518 2916 2799 2986 γεννητὸν,
2830 2916 2927 2969 καὶ
2965 2914 3038 2968 τά
3068 2915 3253 2986 ὅμοια.
3288 2914 3350 2968 Ἦ
3375 2910 3470 2981 γὰρ
3493 2908 3664 2977 ἀγεννη·

2097 3034 2142 3093 C
2178 3007 2267 3060 σία
2297 3007 2396 3078 τῆς
2423 3009 2755 3080 γεννήσεως,
2792 3007 2936 3062 κατὰ
2965 3009 3141 3079 μόνην
3165 3007 3398 3078 διαφέρει
3426 3004 3510 3073 τὴν
3535 3015 3664 3093 cupa—-

2174 3098 2319 3155 σίαν.
2355 3100 2421 3153 Ἦ
2456 3101 2555 3170 μὲν
2590 3101 2700 3171 γὰρ
2725 3100 2788 3153 τὸ
2822 3101 2898 3172 μὴ
2926 3100 3292 3172 γεγεννῆσθαι
3320 3098 3402 3152 τὸν
3429 3091 3662 3165 animi]

2170 3189 2227 3242 δὲ
2251 3189 2314 3243 τὸ
2340 3191 2700 3262 γεγεννῆσθαι
2724 3192 2817 3247 τὸν
2850 3192 2979 3245 Υίὸν
3014 3191 3296 3263 σημαίνει.

2241 3377 2313 3442 ιιι.
2347 3374 2585 3447 Ῥήμασι
2614 3376 2660 3429 δ’
2688 3375 2760 3431 αὑ
2784 3377 2880 3431 καὶ
2907 3377 3143 3449 ὀνόμασι
3172 3375 3448 3447 κέχρηνται
3466 3367 3572 3440 πρὸς
3590 3364 3665 3432 τὴν

2168 3465 2278 3518 τῶν
2310 3467 2443 3537 περὶ
2471 3467 2572 3537 τὴν
2599 3466 2810 3530 οὐσίαν,
2851 3467 2928 3531 ὡς
2967 3467 3213 3539 εἴρηται,
3247 3467 3345 3538 τῆς
3367 3461 3501 3532 ἁγίας
3536 3453 3662 3528 Τριά-

2167 3555 2262 3620 δος
2303 3553 2700 3628 θεωρουμένων
2749 3559 2928 3627 λόγων
2979 3560 3317 3629 σαφήνειαν·
3359 3556 3414 3609 οὐ
3447 3551 3662 3622 μέντοιγε

2167 3650 2276 3703 τῶν
2305 3651 2447 3704 κατά
2471 3650 2570 3722 τὴν
2595 3652 2784 3705 οὑσίαν
2802 3668 2819 3684 ·
2855 3650 3128 3719 ἄγνωστοι
3159 3652 3265 3722 γὰρ
3285 3643 3420 3703 οὑτοι
3441 3639 3662 3715 «tum.

2168 3742 2263 3796 καὶ
2288 3743 2516 3815 ἀρρήτῳ
2549 3743 2693 3815 λόγῳ
2724 3745 2923 3816 πάντη,
2973 3745 3077 3798 καὶ
3109 3744 3247 3817 μόνῃ
3281 3746 3344 3815 τῇ
3381 3737 3541 3811 Τριάδι
3564 3732 3664 3787 είσὶν

2166 3836 2585 3907 γινωσκόμενοι.

2236 4022 2345 4087 ιιαό
2372 4019 2581 4090 Ὥσπερ
2597 4018 2652 4073 δὲ
2672 4019 3115 4091 τρισυπόστατον
3147 4019 3246 4089 τὴν
3276 4017 3399 4089 μίαν
3420 4010 3575 4114 οὑσίαν

2165 4111 2421 4182 θεότητος
2456 4111 2733 4180 λέγουσιν,
2775 4112 2950 4176 οὑτως
2981 4115 3081 4167 καὶ
3111 4110 3388 4182 ὀμοοὺσιον
3427 4106 3512 4175 τὴν
3548 4103 3666 4167 ἁγίαν

2164 4201 2371 4273 Τριάδα
2403 4201 2665 4273 ὁμολογοῖ)
2675 4219 2779 4256 σιν.

2234 4291 2341 4363 ιν.βί
2374 4293 2673 4365 Θεωρεῖται
2702 4294 2759 4348 δὲ
2793 4297 2981 4360 αὐτοῖς
3001 4295 3168 4350 πάλιν
3192 4297 3221 4350 ό
3240 4292 3418 4362 Πατὴρ
3445 4287 3527 4342 καὶ
3547 4284 3666 4349 ἀναρ-

469 4353 636 4424 eipio,
663 4365 721 4411 et
744 4358 1079 4432 principium
1114 4383 1128 4419 :
1157 4377 1214 4422 et
1247 4370 1366 4428 sine
1408 4353 1685 4448 principio
1713 4353 1962 4451 quidem,
1993 4395 2054 4442 ut

2170 4353 2386 4457 κοςηκαὶ
2418 4353 2562 4459 ἀργή
2587 4404 2601 4419 ·
2640 4389 2735 4442 καὶ
2765 4353 3002 4479 ἄναρχος
3024 4391 3127 4460 μὲν
3150 4389 3224 4479 ὡς
3251 4386 3541 4479 ἀγιίννητιιςζ
3561 4372 3665 4479 ἀρχῇ

470 4445 797 4517 ingenitum,
838 4454 1176 4527 principium
1202 4473 1385 4520 autem
1425 4477 1487 4521 ut
1511 4445 1814 4540 genitorem
1848 4486 1906 4532 et
1932 4492 2059 4532 eru-

468 4546 736 4597 ctatorem
766 4559 959 4601 eorum
995 4550 1089 4619 qui
1114 4567 1183 4608 ex
1217 4555 1356 4626 ipso,
1380 4574 1581 4631 nempe
1611 4567 1969 4636 sempiterno,
2003 4578 2061 4625 et

469 4628 525 4683 in
588 4629 710 4701 ipso
769 4636 1076 4708 exsistunt,
1147 4643 1309 4714 Filii,
1372 4628 1629 4721 inquam,
1704 4628 1761 4713 et
1820 4628 2059 4729 Spiritus

466 4725 663 4780 sancti.

535 4818 626 4874 93.
655 4821 851 4882 Unitas
886 4831 1032 4900 apud
1067 4831 1216 4903 ipsos
1250 4836 1318 4892 ad
1349 4837 1676 4898 Trinitatem
1714 4860 1888 4916 usque
1931 4863 2059 4918 pro.

462 4919 609 4967 mota
644 4928 831 4973 manet
858 4923 1063 4990 unitas,
1106 4934 1165 4982 et
1211 4928 1453 4988 Trinitas
1482 4950 1659 5006 usque
1688 4938 1755 4993 ad
1789 4940 2054 4999 unitatem

464 5001 662 5060 iterum
692 5018 881 5067 coacta
911 5025 1098 5072 manet
1128 5018 1372 5078 Trinitas
1397 5040 1409 5078 :
1438 5026 1585 5095 quod
1621 5029 1779 5086 valde
1815 5031 2055 5089 admira-

464 5092 571 5147 bile
595 5103 700 5150 est.

534 5187 621 5242 94.
651 5189 971 5266 lntelligunt
996 5199 1221 5269 quidem
1254 5218 1446 5262 omnes
1470 5207 1669 5264 Filium
1696 5220 1754 5267 et
1786 5212 2053 5285 Spiritum

2164 4477 2221 4529 δὲ
2248 4476 2325 4540 ὼς
2348 4477 2627 4548 γεννήτωρ
2657 4478 2754 4530 καὶ
2809 4477 3112 4548 προσο).εὺς
3147 4475 3256 4530 τῶν
3300 4475 3357 4540 ἐξ
3400 4466 3544 4524 αὑτοῦ
3579 4476 3653 4516 κατ

2165 4568 2355 4621 οὑσίαν
2378 4568 2436 4635 ἐξ
2455 4568 2627 4622 ἀῖδίου
2658 4568 3013 4641 ὑπαρχόντων
3035 4571 3093 4623 ὲν
3124 4566 3322 4637 ἑαυτῷ,
3352 4561 3465 4618 Υίοῦ
3490 4574 3537 4612 τε
3562 4552 3665 4618 λέγω

2162 4661 2257 4715 καὶ
2294 4662 2435 4715 Πνεὺ
2443 4679 2612 4733 ματος
2651 4662 2831 4730 ἀγίου.

2231 4845 2338 4909 ια’.
2389 4808 2456 4895 Ἣ
2491 4842 2661 4912 μονὰς
2703 4841 2866 4913 μέχρι
2900 4840 3137 4911 Τριάδος
3167 4838 3295 4908 παρ’
3322 4833 3487 4895 αὐτοῖς
3528 4838 3664 4880 κινου·

2163 4932 2299 5004 μένη
2331 4932 2484 5003 μένει
2525 4933 2713 5001 μονὰς,
2746 4934 2843 4987 καὶ
2866 4934 2901 5003 ή
2942 4931 3117 5004 Τριάς
3154 4931 3316 5001 μέχρι
3350 4920 3551 4997 μονάδος
3574 4924 3663 4967 σνν⁸

2160 5024 2425 5096 αγομένη,
2466 5024 2616 5095 μένει
2648 5024 2845 5095 Τριάςο
2877 5025 2907 5079 ὃ
2938 5025 3032 5079 καὶ
3056 5020 3375 5096 παράδοξον.

2229 5204 2334 5274 ιδ’.
2382 5206 2583 5262 Νοοῦσι
2618 5208 2676 5263 δὲ
2725 5208 2889 5282 πάλιν
2919 5208 3010 5261 τὸν
3042 5206 3195 5273 Υίὺν,
3250 5203 3341 5260 καί
3368 5203 3425 5256 τδ
3469 5191 3661 5282 [Ινεῦμῆ

465 5286 712 5336 smctum
739 5298 851 5339 non
878 5301 1069 5345 carere
1092 5292 1316 5361 quidem
1358 5297 1652 5368 principio,
1688 5304 2055 5373 sempiternos

2170 5298 2257 5352 ιὺκ
2291 5298 2504 5371 ἄναρχα
2533 5299 2654 5371 μὲν,
2690 5300 2838 5354 ἀΐδια
2862 5299 2953 5354 δέ·
3003 5297 3097 5352 καὶ
3137 5298 3237 5351 οὑκ
3275 5296 3472 5364 άναρχα
3502 5286 3587 5373 μὲν,
3608 5286 3661 5338 ὡς

463 5374 669 5426 autem.
706 5373 774 5428 Et
811 5375 936 5433 ideo
968 5395 1079 5436 non
1124 5384 1242 5439 sine
1270 5386 1546 5458 principio
1589 5392 1717 5461 quia
1752 5394 1818 5447 ad
1850 5395 2056 5465 princi-

467 5456 616 5526 pium
642 5470 699 5517 et
737 5464 942 5522 fontem
974 5469 1307 5537 referuntur,
1340 5456 1557 5531 Patrem
1586 5456 1814 5536 scilicet.
1845 5456 2055 5554 Sempi‘

469 5559 656 5609 ternos
697 5572 850 5625 vero,
886 5563 1033 5632 quod
1068 5580 1097 5620 a
1146 5567 1506 5637 sempiterno,
1554 5569 1646 5626 ille
1689 5587 1787 5641 per
1829 5576 2050 5630 modum

2158 5391 2297 5462 πρὸς
2329 5390 2504 5463 ἀρχὴν
2555 5391 2649 5446 καὶ
2702 5391 2884 5463 πηγὴν
2912 5391 3297 5462 ἀναφερόμενα
3343 5385 3429 5439 τὸν
3473 5372 3658 5443 Πατέρα.

2155 5483 2299 5537 ἀΐδια
2322 5484 2399 5548 δὲ,
2425 5482 2500 5547 ὡς
2533 5483 2595 5549 ἐξ
2624 5483 2816 5548 ἀϊδίου,
2854 5483 2950 5537 τοῦ
2983 5482 3081 5552 μὲν
3110 5478 3397 5551 γεννητῶς,
3424 5470 3506 5528 τοῦ
3528 5466 3573 5521 δὲ
3598 5464 3659 5513 tx-

2160 5575 2441 5646 πορευτῶς
2483 5577 2658 5649 Πατρὶ
2690 5577 3147 5649 συνυπάρχοντος.
3210 5662 3215 5667 φ

468 5649 872 5719 generationis,
921 5653 1010 5711 liic
1059 5673 1159 5727 per
1219 5656 1445 5715 modum
1490 5664 1859 5732 proccssionis
1904 5668 2050 5723 Patri
2090 5669 2391 5726 coexsistit.
