3946 6206
282 220 454 292 1469

1712 220 2105 293 CEN’I‘URIA
2142 233 2241 295 IV.

3486 232 3618 298 ιιτο

365 339 493 403 ῑιεθ.
556 335 893 407 Ἀδιαίρετον
912 335 969 390 δὲ
998 336 1098 407 τὴν
1131 334 1259 406 μίαν
1293 333 1526 404 θεότητα
1554 331 1653 403 τῆς
1691 332 1902 403 Τριάδο.

2097 338 2390 396 95.ιυιιοηι
2419 348 2604 396 autem
2628 339 2918 396 Trinitatis
2961 339 3222 396 deitatem
3268 339 3613 411 inseparabi-v

281 427 691 496 φυλάττουσι,
727 431 822 485 καὶ
870 427 1211 500 ἀσυγχύτους
1238 426 1338 491 τὰς
1389 428 1540 498 τρεῖς
1589 426 1902 488 ὑποστάσεις

2020 428 2127 485 lem
2151 432 2493 499 custodiunt,
2520 442 2578 488 et
2601 431 2918 488 inconfusas
2951 442 3063 488 tres
3101 432 3426 505 hypostases
3452 432 3620 488 unius

282 510 408 578 τῆς
457 519 611 582 μιᾶς
649 517 906 589 Θεότητος
949 516 1290 588 διατηροῦσι.

373 608 517 675 ιιςζ
566 608 857 679 ’ἰδιότητας
900 607 958 662 δὲ
1010 605 1108 659 τοῦ
1146 605 1246 676 μὲν
1292 603 1531 677 Πατρὺς,
1581 602 1643 658 τὸ
1680 603 1918 675 ἄναρχον

194 720 205 733 ·
288 700 407 755 καὶ
437 702 755 771 ἀγέννητον
786 700 1034 767 λέγουσι·
1067 698 1163 751 τοῦ
1190 697 1248 750 δὲ
1287 696 1419 751 Υἰοῦ
1442 696 1505 750 τὸ
1538 698 1596 750 ὲν
1627 696 1793 767 ἀρχῇ,
1822 695 1918 749 καὶ

288 791 367 843 τὸ
398 788 705 861 γεννητόν.
736 787 845 841 Τοῦ
877 788 937 841 δὲ
971 787 1101 842 Υἱοῦ
1131 790 1227 840 καὶ
1268 786 1364 839 τοῦ
1405 786 1563 854 ἁγίου
1596 785 1918 855 Πνεῦματος

288 879 364 934 οὐ
401 879 682 952 χρονικὴν
706 879 929 948 λέγουσι
966 879 1066 951 τὴν
1097 880 1296 951 ἀρχήν.
1317 878 1441 941 Πῶς
1476 878 1618 949 γάρ;
1653 877 1791 931 ἀλλὰ
1817 876 1919 945 τὴν

289 970 498 1043 αὐτὴν
532 971 811 1043 δηλοῦσιν,
839 972 900 1036 ἐξ
925 965 1013 1042 ἧς,
1034 971 1111 1035 ὡς
1141 971 1201 1035 ἐξ
1234 969 1386 1040 ἡλίου
1407 969 1468 1024 τὸ
1493 969 1630 1039 φῶς,
1660 967 1835 1033 οὕτως
1859 966 1919 1033 ἐξ

288 1061 498 1115 ἀϊδίου
532 1062 633 1134 τὴν
664 1061 899 1134 ὓπαρξιν
929 1062 1166 1133 ἔχουσιν.
1208 1061 1297 1129 Ἐξ
1330 1062 1501 1133 αὐτῆς
1536 1060 1646 1132 γὰρ
1681 1061 1804 1115 κατ’
1829 1062 1919 1113 οῦ-

291 1151 466 1218 σίοιν,
507 1154 561 1207 εἰ
591 1155 687 1209 καὶ
721 1154 798 1226 μὴ
832 1155 951 1224 μετ’
980 1154 1173 1225 αὐτήν.

376 1334 503 1403 ιιςο.
554 1335 620 1388 Ἡ
653 1334 852 1405 ἰδιότης
879 1333 1042 1397 πάλιν
1069 1331 1179 1387 τῶν
1223 1331 1597 1397 ῦποστάσεων,
1654 1330 1918 1403 ἀκίνητος

292 1428 409 1482 καὶ
441 1426 851 1499 ἀμετάπτωτος
908 1428 1041 1498 παρ’
1087 1425 1274 1489 αὐτοῖς
1331 1425 1697 1494 φυλάττεταιο
1752 1423 1913 1495 καὶὴ

293 1520 580 1592 κοινότης
604 1518 662 1574 δὲ
682 1519 786 1590 τῆς
814 1518 1025 1584 οὐσίας,
1054 1518 1231 1590 ἡγουν
1254 1515 1449 1588 θεότης
1478 1514 1806 1587 ἀδιαίρετος.

2018 521 2239 577 deitatis
2261 531 2610 579 conservant.

2090 609 2179 665 96.
2203 611 2581 682 Proprietates
2604 612 2785 669 Patris
2807 614 3022 679 dicunt,
3049 605 3160 669 non
3187 629 3310 670 esse
3341 613 3613 683 genitum,

2017 709 2075 757 et
2100 718 2223 758 esse
2252 704 2321 759 ab
2357 704 2536 760 initio.
2567 706 2691 760 Filii
2718 721 2851 761 vero
2874 722 2997 761 esse
3023 706 3080 760 in
3113 706 3386 776 principio
3413 715 3470 761 et
3494 720 3617 762 esse

2019 794 2289 863 genitum.
2324 796 2393 849 At
2419 796 2662 866 Spiritus
2700 798 2899 863 sancti,
2924 814 3052 853 cum
3094 797 3374 868 principio
3407 811 3530 852 esse
3558 805 3617 852 et

2018 887 2342 955 procedere.
2371 887 2707 957 Principium
2732 900 2917 944 autem
2942 889 3070 944 Filii
3093 898 3151 945 et
3173 888 3415 961 Spiritus
3437 888 3613 945 sancti

2018 991 2130 1029 non
2157 977 2460 1047 temporale
2488 977 2700 1033 dicunt.
2732 978 2841 1034 Sed
2886 982 3206 1051 quomodo?
3245 996 3468 1037 causam
3499 996 3617 1036 ma-

2018 1065 2303 1132 nifestam,
2353 1082 2422 1122 ex
2476 1082 2608 1137 qua,
2668 1069 2814 1123 sicut
2869 1086 2936 1124 ex
2993 1072 3110 1126 sole
3167 1072 3376 1136 lumen,
3422 1071 3503 1126 sic
3546 1086 3613 1127 ex

2019 1158 2359 1228 sempiterno
2403 1158 2782 1215 exsistentiam
2819 1161 3049 1217 habent.
3081 1164 3161 1217 Ex
3195 1163 3316 1230 ipso
3344 1162 3496 1218 enim
3529 1178 3615 1218 se-

2018 1250 2261 1305 cundum
2295 1252 2613 1317 essentiam,
2646 1269 2758 1308 non
2786 1263 2911 1324 post
2941 1254 3139 1325 ipsam.

2087 1341 2177 1398 97.
2207 1342 2527 1412 Proprietas
2586 1343 2718 1398 item
2774 1344 3145 1416 hypostaseon
3175 1344 3244 1399 ab
3271 1344 3404 1414 ipsis
3432 1360 3616 1400 serva-

2020 1441 2113 1488 tur
2138 1433 2440 1490 immobilis
2460 1444 2516 1490 et
2538 1435 2775 1498 stabilis,
2802 1437 2971 1506 inque
2992 1437 3220 1492 alteram
3244 1451 3357 1491 non
3384 1434 3610 1491 cadens.

2017 1526 2397 1584 Communitas
2425 1543 2560 1584 vero
2600 1529 2877 1595 essentiae,
2902 1529 3081 1584 deitas
3104 1528 3365 1584 videlicet
3397 1528 3617 1599 insepa-

2019 1619 2232 1676 rabilis.

384 1702 513 1770 Lm'.
557 1697 779 1754 Μονάδα
829 1699 888 1752 ιν
924 1697 1163 1771 ΑΤριάδιγ
1205 1698 1302 1752 καὶ
1349 1696 1556 1770 Τριάδα
1608 1697 1666 1749 ἐν
1722 1693 1902 1766 μονάδι

2087 1712 2177 1768 98.
2212 1712 2492 1769 Unitatem
2523 1713 2579 1768 in
2604 1712 2894 1778 Trinitate,
2937 1721 2995 1768 et
3035 1712 3366 1768 Trinitatem
3402 1711 3457 1766 in
3489 1711 3614 1765 uni-

297 1790 723 1864 ὁμολογοῦμεν,
757 1790 832 1856 ὡς
857 1791 1248 1864 διαιρουμένην
1278 1790 1623 1864 ἀδιαιρέτως,
1658 1792 1751 1843 καὶ
1784 1805 1911 1842 συν-

299 1884 648 1955 απτομένην
671 1883 1040 1957 διῃρημένως.
1792 1872 1801 1877 ’

388 1976 508 2044 ιιθ’.
554 1976 752 2047 Ἀρχὴν
771 1976 829 2029 δὲ
858 1975 989 2047 μίαν
1012 1974 1125 2029 τῶν
1148 1974 1287 2030 ὅλων
1306 1974 1397 2029 τὸν
1424 1974 1647 2046 Πατέρα
1680 1973 1909 2038 οἴδασιν,

300 2066 412 2121 τοῦ
458 2066 559 2138 μὲν
583 2067 716 2121 Υἰοῦ
746 2067 843 2123 καὶ⁸
871 2067 967 2122 τοῦ
994 2066 1333 2138 Πνεῦματος,
1361 2066 1438 2131 ὡς
1466 2067 1791 2138 γεννήτορα,
1814 2064 1911 2119 καὶ¹

302 2159 391 2224 ὡς
423 2161 613 2231 πηγὴν
654 2159 828 2214 ἀΐδιον
882 2160 979 2214 καὶ
1019 2160 1349 2231 συνάπειρον
1382 2159 1477 2214 καὶ
1510 2160 1786 2231 ἀόριστον,
1816 2158 1910 2213 καὶ

299 2253 638 2330 ὁμοούσιον,
678 2253 772 2306 καὶ
803 2251 1129 2323 ἀχώριστον.
1163 2252 1285 2306 Τῶν
1331 2252 1391 2306 δὲ
1443 2251 1783 2322 κτισμάτων,
1833 2251 1911 2315 ὡς

304 2344 658 2417 δημιουργὸν
685 2346 781 2400 καὶ
808 2344 1139 2417 προνοητὴν,
1175 2348 1272 2400 καὶ⁵
1300 2345 1494 2416 κριτὴν
1521 2345 1589 2403 δι’
1630 2343 1785 2409 Υἰοῦ,
1817 2344 1910 2414 δη-

305 2433 458 2507 λαδὴ
484 2435 543 2487 ἐν
564 2434 705 2506 ἁγίῳ
756 2434 1058 2504 Πνεῦματι.
1106 2435 1209 2500 Ἐξ
1237 2436 1426 2491 αὐτοῦ
1453 2434 1778 2504 γὰρρφηοὶ,
1810 2433 1909 2487 καὶ

307 2522 393 2577 δι’
425 2523 638 2587 αὐτοῦ,
674 2524 771 2579 καὶ
794 2528 882 2591 εἰς
902 2525 1091 2580 αὐτὸν
1131 2525 1203 2579 τὰ
1227 2524 1446 2581 πάντα.
1472 2524 1716 2595 Αὐτῷή
1758 2525 1909 2591 δόξα

307 2619 410 2685 εἰς
452 2618 590 2685 τοὺς
622 2617 862 2685 αἰῶνας.

393 2802 463 2867 ρ’.
492 2797 745 2852 Συναῖδια
795 2798 957 2879 πάλιν
1007 2797 1229 2868 λέγουσι
1276 2798 1354 2870 τῷ
1403 2800 1579 2869 Πατρὶ
1619 2799 1712 2852 τὸν
1754 2799 1904 2865 Υἱὸν,

311 2888 419 2942 καὶ⁵
450 2888 510 2942 τὸ
545 2889 770 2961 Πνεῦμα
800 2891 862 2946 τὸ
893 2891 1069 2961 ἅγιον,
1099 2893 1160 2946 οὐ
1194 2893 1507 2964 συνάναρχα
1534 2893 1622 2946 δέ’
1659 2894 1754 2947 καὶ
1780 2910 1909 2948 συν-

309 2980 471 3034 αΐδια
499 2981 620 3051 μὲν,
654 2982 730 3047 ὡς
755 2980 818 3048 ἐξ
848 2983 1079 3054 ἀπείρου
1107 2984 1187 3054 τῷ
1225 2984 1404 3054 Πατρὶ
1452 2983 1901 3054 συνυπάρχοντα⁶

306 3068 375 3121 οὐ
402 3069 721 3141 συνάναρχα
757 3070 836 3136 δὲ,
871 3070 947 3136 ὡς
993 3072 1093 3125 οὐκ
1124 3072 1362 3126 ἀναίτια.
1404 3071 1494 3137 Ἐξ
1549 3071 1716 3126 αὐτοῦ
1767 3073 1902 3143 γὰρ,

305 3161 361 3215 εἰ
399 3160 499 3214 καὶ
524 3160 600 3234 μὴ
629 3163 748 3233 μετ’
781 3161 968 3230 αὐτὸν,
999 3163 1077 3228 ὼς
1122 3163 1232 3234 γὰρ
1265 3163 1420 3235 ἡλίου
1448 3164 1509 3217 τὸ
1543 3165 1680 3233 φῶς,
1721 3163 1909 3230 καθὼς

307 3252 672 3324 προείρηται.
706 3254 942 3322 Λέγουσι
967 3254 1023 3308 δὲ
1061 3255 1227 3309 πάλιν
1253 3256 1346 3308 καὶ
1374 3255 1611 3326 ἄναρχα,
1641 3256 1773 3309 ὅταν
1822 3260 1913 3319 τίς

304 3345 420 3415 τὴν
450 3345 558 3398 ἀπὸ
582 3346 780 3416 χρόνου
805 3346 1062 3418 λαμϐάνῃ
1097 3346 1296 3418 ἀρχὴν,
1339 3348 1427 3401 ἵνα
1455 3348 1531 3417 μὴ
1564 3348 1671 3401 ὑπὸ
1709 3349 1905 3418 χρόνου

304 3434 489 3506 νοηθῇ
514 3435 580 3489 τὰ
605 3437 666 3502 ἐξ
689 3430 765 3491 ὧν
797 3439 825 3490 ὁ
870 3439 1079 3509 χρόνος.
1110 3439 1225 3492 Οὐκ
1251 3438 1464 3509 ἄναρχα
1487 3434 1584 3492 οὖν
1613 3438 1693 3510 τῷ
1723 3440 1904 3511 αἰτίῳ,

304 3526 398 3597 τῷ
432 3527 489 3580 δὲ
519 3528 697 3600 χρόνῳ
722 3528 957 3599 ἄναρχα,
981 3529 1057 3594 ὡς
1087 3530 1195 3601 πρὸ
1223 3530 1421 3594 παντὸς
1443 3532 1532 3583 καὶ
1566 3532 1783 3601 χρόνου,
1811 3532 1907 3584 καὶ

306 3618 538 3684 αἰῶνος,
566 3621 663 3674 καὶ
688 3620 830 3694 ὑπὲρ
860 3621 1032 3676 αἰῶνα
1061 3620 1157 3676 καὶ
1187 3621 1396 3693 χρόνον.
1422 3622 1502 3675 Δι’
1537 3616 1612 3677 ὧν
1641 3623 1787 3687 ἅπας
1812 3624 1908 3677 καὶ

310 3709 482 3775 citing,
519 3711 611 3764 καὶ
639 3711 980 3782 χρόνος,·καὶ
1000 3712 1069 3766 τὰ
1091 3715 1149 3767 ὲν
1177 3713 1358 3778 αἰῶνι,
1386 3712 1483 3767 καὶ
1511 3714 1580 3767 τὰ
1614 3716 1670 3766 ἐν
1700 3714 1904 3785 χρόνῳ,

311 3801 418 3858 καὶ
446 3801 522 3865 ὡς
543 3801 618 3872 τῷ
653 3802 849 3875 Πατρὶ,
882 3804 966 3868 ὡς
997 3805 1344 3877 προείρηται,
1372 3805 1639 3860 ωναῖδια.
1668 3807 1803 3860 Μεθ’
1828 3801 1904 3863 ὦν

312 3893 471 3964 αὐτῷ
503 3895 538 3966 ή
583 3892 728 3959 δόξα,
759 3896 854 3949 καὶ
904 3895 1208 3969 τὸεκράτος
1257 3900 1339 3962 εἰς
1390 3898 1523 3962 τοὺς
1563 3897 1764 3963 αἰῶνας
1789 3900 1899 3954 τῶν

312 3983 551 4040 αἰώνων.
582 3988 637 4040 Ἀ
648 3989 775 4059 μήν.

390 4212 412 4255 ί
453 4216 614 4272 Rom.
648 4233 723 4283 xi,
745 4213 834 4274 56.

507 4351 671 4439 More.
704 4353 1023 4439 Graecorum
1054 4357 1109 4412 in
1146 4357 1679 4439 sacris-promisc_ue
1727 4363 1901 4439 utitur

324 4430 549 4495 potuine
588 4430 849 4495 principii
894 4436 951 4480 et
1003 4443 1217 4483 causae:
1250 4438 1305 4484 at
1335 4430 1516 4486 Latini
1554 4432 1620 4486 ad
1657 4433 1801 4486 intra
1842 4434 1898 4488 in

322 4488 606 4549 Trinitate
621 4509 735 4551 non
764 4488 1065 4553 admittunt
1104 4500 1529 4569 appellationem
1561 4517 1739 4559 causae
1765 4521 1778 4557 :
1807 4519 1904 4559 nc-

2017 1811 2129 1858 tate
2176 1803 2528 1869 confitemur,
2587 1811 2779 1875 utpote
2819 1820 2943 1875 qua!
2992 1812 3209 1874 separet
3245 1804 3610 1874 inseparatos,

2015 1903 2073 1950 et
2100 1895 2405 1967 conjungat
2431 1904 2738 1967 separatos.

2086 1988 2176 2045 99.
2210 1988 2554 2058 Principium
2579 1998 2765 2045 autem
2788 2004 2959 2044 unum
2983 1988 3232 2044 omnium
3256 1988 3476 2044 Patrem
3503 1988 3614 2045 sci-

2014 2095 2159 2136 mus.
2194 2081 2262 2135 Et
2286 2082 2623 2153 principium
2646 2083 2869 2153 quidem
2901 2082 3027 2137 Filii
3051 2090 3107 2137 et
3131 2081 3396 2151 Spiritus,
3421 2087 3483 2135 ut
3516 2097 3610 2153 ge-

2012 2174 2251 2228 nitorem
2313 2183 2370 2229 et
2415 2174 2621 2231 fontem
2670 2183 3046 2240 coaeternum,
3101 2182 3502 2230 coaeternorum
3552 2181 3611 2228 et

2012 2264 2178 2320 simul
2230 2266 2629 2321 immensorum
2660 2275 2717 2322 et
2750 2267 3275 2330 indeﬁnitorum,’et
3317 2266 3484 2320 unius
3524 2280 3611 2320 es-

2012 2357 2235 2423 sentiae,
2280 2366 2337 2412 et
2373 2358 3003 2428 incircumscriptorum.
3071 2358 3414 2427 Principium
3477 2371 3610 2411 vero

2011 2456 2414 2513 creaturarum,
2442 2458 2504 2503 ut
2531 2448 2786 2519 opiﬁcem
2821 2459 2877 2505 et
2910 2459 3352 2521 prospectorem,
3377 2456 3435 2503 et
3461 2447 3611 2518 judi-

2011 2554 2151 2603 cem,
2184 2555 2381 2609 nempe
2424 2554 2523 2609 per
2549 2540 2746 2594 Filium
2777 2541 2830 2594 in
2878 2540 3088 2610 Spiritu
3132 2550 3343 2595 sancto.
3372 2540 3457 2594 Ea:
3496 2541 3609 2609 ipso

2009 2631 2180 2694 enim,
2207 2631 2303 2694 ait,
2336 2642 2385 2685 et
2417 2648 2512 2702 per
2534 2633 2706 2703 ipsum
2742 2641 2790 2687 et
2821 2634 2875 2686 iu
2913 2634 3026 2703 ipso
3053 2634 3254 2705 omnia.
3284 2631 3395 2703 Ipsi
3432 2630 3607 2702 gloria

2010 2724 2066 2776 in
2101 2723 2298 2778 swcula
2347 2721 2392 2777 ἲ.

2082 2812 2204 2869 100.
2236 2813 2553 2871 Coaeternos
2593 2816 2724 2872 item
2752 2816 2945 2872 dicunt
2974 2816 3124 2871 Patri
3157 2815 3258 2888 (2),
3285 2831 3395 2871 non
3424 2824 3606 2881 tamen

2009 2902 2174 2958 simul
2204 2919 2330 2958 cum
2353 2919 2420 2958 eo
2456 2914 2709 2960 carentes
2732 2904 3042 2975 principio;
3072 2913 3128 2959 et
3153 2912 3460 2960 coaéternos
3484 2905 3607 2974 qui-

1930 3013 1974 3070 c
2007 2993 2154 3057 dem,
2187 3001 2249 3047 ut
2277 2994 2672 3050 cocxsistentes
2705 2995 2875 3060 Patri,
2918 2995 2988 3050 ab
3031 2994 3332 3058 immenso;
3370 3010 3478 3048 non
3519 3009 3609 3048 ca-

2005 3093 2189 3139 rentes
2216 3091 2401 3138 autem
2433 3085 2735 3155 principio,
2774 3085 2903 3156 quia
2946 3100 3058 3140 non
3091 3085 3212 3140 sine
3247 3099 3412 3139 causa
3454 3093 3603 3143 sunt.
3710 3136 3732 3148 ,

2002 3180 2081 3235 Ex
2123 3179 2244 3250 ipso
2282 3180 2455 3248 enim,
2500 3182 2634 3236 licet
2662 3198 2776 3237 non
2801 3191 2928 3253 post
2957 3182 3158 3253 ipsum,
3191 3181 3338 3237 sicut
3381 3196 3449 3235 ex
3490 3179 3607 3233 sole

2002 3272 2216 3337 lumen,
2244 3282 2306 3327 ut
2329 3273 2656 3342 praedictum
2690 3284 2797 3331 est.
2822 3277 3027 3332 Dicunt
3053 3284 3236 3331 autem
3261 3282 3317 3329 et
3350 3281 3606 3329 carentes

2004 3362 2300 3431 principio,
2321 3372 2382 3417 ut
2402 3364 2448 3418 si
2470 3365 2596 3433 quis
2619 3364 2688 3419 de
2710 3367 2999 3436 temporali
3022 3365 3297 3437 principio
3319 3364 3601 3434 loquatur,

2005 3470 2076 3509 ne
2102 3453 2329 3508 subesse
2360 3455 2595 3523 tempori
2626 3463 2913 3524 putentur.
2949 3473 2982 3510 a
3009 3457 3216 3526 quibus
3248 3465 3464 3526 tempus
3494 3468 3604 3509 cos-

2006 3545 2108 3615 pit.
2136 3545 2254 3600 Non
2279 3555 2470 3601 carent
2507 3547 2678 3618 igitur
2705 3546 2983 3616 principio
3024 3546 3253 3610 causali,
3282 3555 3473 3601 carent
3507 3552 3605 3600 au-

2005 3645 2116 3691 tem
2154 3637 2432 3707 principio
2461 3637 2777 3707 temporali.
2807 3636 2963 3703 Quod
2992 3646 3121 3691 ante
3149 3650 3312 3691 omne
3339 3633 3600 3689 saeculum

2003 3740 2062 3786 ει
2088 3738 2323 3800 tempus,
2351 3739 2408 3786 et
2433 3746 2603 3800 super
2625 3730 2886 3786 sacculum
2911 3738 2969 3786 et
2995 3739 3232 3800 tempus,
3264 3738 3363 3798 per
3384 3739 3525 3796 quos
3546 3733 3603 3780 οι

2004 3820 2265 3876 saeculum
2299 3826 2356 3875 et
2402 3830 2639 3891 tempus,
2669 3832 2725 3877 et
2769 3837 2892 3892 qua)
2933 3822 2989 3876 in
3020 3820 3241 3886 seculo,
3288 3828 3347 3875 et
3394 3832 3514 3887 qua:
3542 3814 3603 3870 in

2006 3916 2287 3979 tempore,
2318 3918 2376 3965 et
2410 3910 2558 3981 quod
2602 3910 2750 3965 Patri
2774 3952 2789 3976 ,
2823 3910 2969 3965 sicut
2996 3910 3323 3981 praedictum
3358 3915 3444 3964 est
3465 3920 3604 3973 νοο-

2004 4001 2219 4057 aeterni.
2254 4001 2393 4059 Cum
2436 4002 2639 4073 quibus
2684 4004 2787 4074 ipsi
2827 4004 2899 4060 sit
2927 4004 3101 4076 gloria
3126 4010 3182 4059 et
3210 3999 3600 4073 imperiumin

2008 4093 2208 4148 saecula
2236 4099 2590 4151 saeculorum.
2622 4102 2817 4152 Amen.

2007 4380 2116 4447 que
2164 4366 2592 4447 enin-inproprie
2641 4368 2822 4447 Pater.
2852 4366 3060 4421 dicitur
3092 4366 3597 4447 sall§§_Fi!‘ll,_§ltl

2006 4433 2171 4490 Pater
2193 4443 2249 4490 et
2282 4433 2455 4491 Filius
2475 4433 2647 4493 causa
2679 4436 2921 4506 Spiritus
2944 4437 3148 4493 sancti.
3209 4436 3332 4491 Vide
3361 4434 3419 4491 S.
3462 4433 3597 4491 ’Πιο-

2008 4522 2195 4560 mamt
2234 4524 2313 4578 p.,
2347 4524 2399 4578 q.
2427 4508 2519 4573 55,
2553 4516 2660 4562 art.
2696 4507 2715 4561 l
2753 4509 2879 4574 etﬂ.
