3946 6206
506 317 651 384 14⁵15

1785 303 2190 371 THALASSII
2231 300 2551 362 ABBATIS

3578 292 3677 360 “'16
3725 320 3737 332 ·

506 443 632 501 quae
679 425 747 481 de
783 439 850 479 eo
896 434 1309 496 acceperamus,
1350 418 1406 472 in
1455 416 1768 485 episcopale
1825 413 2093 484 palatium

2199 427 2308 473 ναι,
2361 410 2410 460 εί
2439 405 2627 467 καθὼς
2657 402 2985 471 ὲνοήσαμεν,
3018 398 3053 452 ἃ
3087 398 3211 469 περὶ
3237 397 3388 451 αὐτοῦ
3411 400 3675 472 ἠκούσαμεν,

510 521 661 575 illius
725 518 886 588 jussu
957 513 1295 581 hortatuque
1382 507 1826 563 conscendimus.
1910 503 2092 558 Semel

512 616 697 666 autem
727 617 892 678 atque
942 608 1143 660 iterum
1189 605 1244 658 in
1277 602 1426 657 aliud
1470 610 1688 670 tempus
1727 597 1958 668 rejecti,
2003 596 2095 664 vix

514 701 734 757 tandem
782 698 1079 769 prodiens:
1112 695 1265 762 Quae,
1313 693 1514 763 inquit,
1550 691 1738 756 vultis,
1791 704 1858 743 ea
1903 685 2097 756 paucis

513 791 794 863 exponite.
825 790 1189 856 Posteaquam
1227 800 1358 838 vero
1389 799 1458 838 ex
1504 783 1666 836 nobis
1714 778 1947 843 audivit,
1975 790 2097 845 qua:

515 889 816 945 docuerat;
875 880 1090 934 scilicet
1135 877 1361 930 Mariam
1407 874 1546 928 nihil
1609 871 1760 928 aliud
1815 868 2098 940 peperisse

518 995 686 1050 quam
720 975 1005 1030 hominem
1050 969 1158 1024 sibi
1193 966 1644 1027 coessentialem;
1688 962 1825 1016 nihil
1878 973 2100 1014 rursum

457 1099 478 1114 κ
516 1089 585 1127 ex
610 1083 774 1125 carne
796 1064 946 1120 nasci
977 1077 1158 1132 posse,
1202 1059 1306 1114 nisi
1331 1070 1585 1117 carnem;
1633 1069 1698 1107 ea
1761 1061 1923 1107 rectae
1971 1048 2097 1104 ﬁdei

519 1168 892 1218 consentanea
919 1171 1030 1209 non
1055 1168 1200 1217 esse,
1232 1150 1417 1205 statim
1450 1161 1552 1200 nos
1574 1144 1694 1212 capi
1725 1143 1926 1212 jussit:
1973 1140 2100 1195 inde

521 1253 771 1309 czcdente
808 1262 912 1302 nos
948 1245 1109 1300 turba
1159 1240 1484 1301 satellitum,
1529 1236 1596 1290 ad
1631 1232 1874 1287 tribunal
1927 1231 2104 1285 abdu-

521 1345 719 1406 cimur,
753 1337 1067 1403 ibidemque
1084 1329 1257 1385 veluti
1285 1341 1523 1396 nequam
1560 1319 1833 1383 scelerati,
1856 1316 2107 1372 denuda-

522 1451 670 1495 mur,
689 1425 1063 1494 denudatique
1084 1431 1142 1478 et
1156 1419 1329 1475 vincti
1347 1415 1590 1486 indignis
1612 1412 1794 1467 modis
1809 1410 1874 1464 ad
1893 1409 2102 1479 palum,

523 1535 580 1581 et
615 1523 770 1580 strati
805 1519 1152 1590 vapulamus,
1179 1511 1534 1578 calcibusque
1569 1504 1912 1575 impetimur.
1942 1501 2107 1555 Deni-

524 1631 631 1685 que
664 1608 939 1683 ejusmodi
969 1621 1069 1660 nos
1104 1604 1160 1657 in
1189 1599 1427 1656 ecclesia
1457 1597 1660 1666 injuste
1677 1594 1746 1648 ab
1772 1593 1979 1662 injusto
2011 1589 2108 1644 illo

523 1681 772 1778 perpessi
793 1714 1006 1764 sumus,
1043 1709 1167 1766 quae
1192 1707 1260 1747 ne
1293 1692 1494 1744 inﬁma:
1544 1685 1768 1756 quidem
1804 1683 1970 1738 sortis
2010 1681 2110 1734 ho-

527 1798 705 1852 mines
742 1791 1109 1862 experiuntur
1142 1786 1199 1839 in
1224 1783 1349 1838 foro
1369 1780 1520 1836 civili
1543 1818 1556 1842 ,
1585 1793 1693 1832 non
1739 1775 1868 1830 dico
1891 1771 2103 1834 clerici,
2139 1761 2180 1818 Β

524 1898 580 1943 et
625 1885 903 1946 monachi,
943 1891 1000 1937 et
1022 1874 1489 1934 archimandritaa.
1513 1871 1785 1927 Caeterum
1839 1866 1934 1920 diu
1968 1863 2106 1918 mul-

524 1988 750 2044 tumque
780 1973 857 2027 ibi
887 1969 1152 2032 divexati,
1184 1966 1437 2032 fameque
1461 1961 1832 2020 tabescentes,
1867 1955 1972 2012 sub
1997 1969 2102 2008 cu-

526 2066 706 2121 stodia
772 2077 884 2117 non
940 2059 1162 2113 modico
1241 2063 1486 2122 tempore
1555 2051 1762 2105 fuimus
1822 2044 2105 2102 asservati.

525 2155 717 2224 Neque
778 2151 929 2204 illius
957 2147 1117 2202 furiae
1154 2144 1243 2198 his
1300 2149 1577 2197 contentae
1624 2137 2105 2206 conquieverunt;

527 2257 719 2300 verum
744 2235 1147 2310 perquamdam
1182 2219 1539 2301 imposturam
1564 2223 2110 2296 magniﬁcentissimo

527 2333 904 2391 celeberrima:
938 2326 1182 2384 civitatis
1212 2316 1378 2395 hujus
1395 2320 1654 2392 praefecto
1687 2317 1879 2372 traditi
1897 2331 2106 2371 sumus.

529 2429 814 2494 Ferroque
873 2419 1062 2476 onusti
1103 2417 1171 2472 ad
1203 2428 1483 2471 carcerem
1529 2410 1931 2466 abstrahimur:
1980 2407 2111 2462 hinc

529 2521 730 2573 iterum
759 2512 1016 2575 extracti,
1052 2507 1379 2576 catenisq'ue
1407 2513 1468 2559 ut
1507 2511 1637 2556 ante
1678 2501 1950 2571 impediti,
1975 2513 2112 2568 pra:-

528 2610 672 2666 torio
699 2607 969 2663 sistimur.
1019 2602 1270 2669 Cumque
1315 2596 1522 2652 ibidem
1566 2594 1753 2648 nullus
1797 2592 1958 2662 plane
2015 2589 2111 2659 qui

528 2717 632 2756 nos
678 2704 966 2754 accusaret
1017 2703 1220 2766 praesto
1266 2692 1432 2756 foret,
1485 2702 1706 2742 rursum
1759 2684 1830 2739 ad
1885 2697 2110 2738 reorum

529 2795 716 2848 locum
743 2805 773 2844 a
809 2787 1148 2844 satellitibus
1193 2783 1544 2846 reducimur;
1593 2779 1814 2846 hucque
1870 2773 2109 2838 reducti,

529 2887 714 2942 denuo
735 2883 806 2937 ab
840 2881 935 2934 illo
958 2879 1016 2932 in
1035 2877 1229 2934 faciem
1288 2874 1573 2928 caedimur.
1608 2869 1857 2938 Denique
1887 2879 2112 2935 compo-

531 2977 636 3032 sita
661 2972 913 3027 oratione
949 2983 1048 3038 per
1093 2964 1344 3020 fraudem
1391 2974 1651 3016 assensus
1678 2967 1784 3022 est,
1835 2965 1896 3011 ut
1923 2965 2112 3026 postea

533 3066 736 3139 patuit,
775 3063 843 3118 de
870 3058 1113 3116 naturali
1163 3057 1258 3111 Dei
1287 3055 1448 3117 Filio,
1505 3051 1656 3120 quod
1697 3059 1860 3104 natus
1916 3049 1989 3102 sit
2042 3046 2111 3102 de

529 3167 722 3216 sancta
745 3155 914 3211 Maria
951 3152 1183 3220 Deipara
1219 3167 1232 3202 :
1261 3147 1473 3202 addens
1506 3143 1770 3214 quoniam
1807 3151 1894 3196 est
1945 3141 2111 3195 etiam

535 3251 678 3305 alius
729 3247 908 3302 (ilius:
939 3253 1103 3314 atque
1143 3242 1199 3296 in
1263 3239 1414 3293 hunc
1457 3235 1682 3292 modum
1738 3233 1964 3314 tandem
2000 3247 2115 3303 _nos

534 3339 768 3394 dimisit.
1018 3313 1023 3314 ί
1221 3352 1224 3355 ·
1737 3313 1746 3318 ’

606 3431 696 3487 ιγ.
717 3429 1088 3498 Quamobrem
1112 3427 1310 3482 iterum
1333 3432 1497 3494 atque
1520 3423 1722 3477 iterum
1745 3419 2114 3476 immortalem

535 3524 952 3598 piissimamque
987 3520 1152 3575 ﬁdem
1210 3527 1450 3574 vestram
1501 3516 1868 3579 obtestamur,
1905 3529 1974 3568 ne
2027 3529 2116 3566 or-

539 3616 837 3672 thodoxam
864 3612 1167 3669 Ecclesiam
1221 3609 1516 3665 orthodoxi
1562 3605 1906 3676 piissimique
1959 3603 2115 3671 regni

535 3709 707 3765 vestri
757 3705 1102 3775 temporibus
1143 3703 1212 3757 ab
1266 3701 1545 3756 haereticis
1615 3695 1916 3752 adulterari
1970 3695 2115 3748 ultra

533 3800 887 3873 permittatis.
943 3797 1064 3852 Non
1102 3795 1417 3866 expetimus
1472 3789 1838 3846 contumelias
1889 3787 2116 3857 indigne
2161 3787 2170 3792 ’

533 3893 698 3948 nobis
728 3891 905 3945 illatas
951 3887 1255 3952 vindicari;
1287 3886 1437 3939 Deus
1483 3883 1640 3938 novit
1688 3900 1700 3936 :
1734 3881 2116 3937 desideramus

512 3994 721 4041 autem
749 3981 1079 4038 Christiana:
1113 3978 1243 4033 ﬁdei
1267 3977 1689 4032 fundamentum
1724 3976 2112 4030 inconcussum

535 4078 939 4143 immotumque
985 4070 1300 4141 persistere.
1333 4070 1527 4124 Vestra
1583 4067 1815 4137 proinde
1856 4067 2114 4137 majestas

533 4167 733 4222 eﬁiciet
755 4174 816 4217 ut
844 4178 1000 4217 sacra
1032 4159 1378 4215 mcumenica
1409 4157 1652 4227 synodus
1693 4155 1870 4225 primo
1893 4169 2114 4223 quoque

535 4266 784 4326 tempore
805 4254 916 4308 huc
945 4261 1122 4316 coeat,
1149 4266 1260 4320 quo
1294 4251 1394 4304 hac
1416 4256 1686 4318 praesente
1707 4246 1961 4302 Christus
1989 4261 2116 4300 san-

533 4349 837 4404 ctissimam
885 4342 1188 4399 Ecclesiam
1228 4342 1405 4406 uniat,
1440 4339 1814 4410 populumque
1852 4337 1908 4392 in
1942 4353 2112 4392 unum

2194 501 2366 561 ἔστιν,
2402 497 2436 568 ἢ
2469 494 2555 548 οὕ.
2611 494 2724 548 Kal.
2760 493 2843 554 είς
2875 489 3161 560 ὑπέρθεσιν
3187 489 3418 558 δεύτερον
3443 494 3525 544 καὶ
3545 495 3678 564 τρίτον

2196 592 2347 662 ἡμᾶς
2377 588 2558 642 ἔϐαλε.
2617 584 2729 639 Καὶ
2771 584 2891 636 τότε
2931 582 3082 652 μόλις
3108 581 3376 634 ἐκέλευσεν
3397 584 3510 652 ἡμῖν
3533 587 3679 652 εἰπεῖν,

2195 683 2248 735 τί
2297 681 2445 733 ἐστιν
2499 679 2528 731 δ
2583 675 2912 747 βουλόμεθα.
2958 673 3046 735 Ὠς
3087 671 3144 724 δὲ
3191 673 3392 742 ἢκουσέ
3417 677 3679 745 παρ’ἡμῶν,

2197 774 2280 826 ὃτι
2328 768 2502 824 ταῦτα
2547 767 2617 820 τὰ
2654 765 2784 836 παρ’
2811 763 2978 818 αὐτοῦ
3007 761 3294 832 λεχθέντα,
3325 764 3398 826 τὸ,
3431 766 3528 817 Οὐκ
3549 767 3680 833 ἔτεκε,

2201 863 2340 935 ‘P‘l"1
2361 903 2376 926 ν
2434 860 2626 930 Μαρία
2649 897 2664 922 ο
2719 859 2767 910 εἶ
2806 856 2881 926 μὴ
2911 855 3194 925 ἄνθρωπον
3225 855 3481 924 ὁμοούσιον
3502 858 3681 928 ἑαυτῆς·

2200 955 2296 1007 καὶ
2344 952 2407 1005 τὸ
2455 949 2858 1018 γεγεννημένον
2907 947 2971 998 ὲκ
3018 945 3114 1014 τῆς
3155 945 3373 1014 σαρκὸς.
3417 945 3532 1014 σάρξ
3559 949 3680 1010 ἐστιν,

2201 1045 2302 1096 οὑκ
2367 1042 2516 1095 ἐστιν
2565 1038 2899 1110 ὀρθοδόξωνο
2963 1035 3296 1105 παραχρῆμα
3343 1033 3554 1088 ἐκέλευσε
3593 1038 3682 1090 συλ-

2202 1135 2474 1206 ληφθῆναι
2496 1135 2668 1203 ἡμᾶς·
2701 1129 2958 1184 κάκεῖθεν
2986 1128 3304 1196 τυπτόμενοι
3329 1128 3459 1197 παρὰ
3478 1127 3553 1180 τοῦ
3570 1129 3684 1196 δχλον

2203 1227 2311 1280 τῶν
2353 1225 2631 1287 δικανῶν,
2689 1219 3024 1290 ἀπηγόμεθα
3068 1221 3124 1271 ὲν
3155 1217 3234 1288 τῷ
3259 1218 3522 1288 δικανικῷ·
3569 1221 3686 1271 κάκεῖ

2205 1322 2448 1392 γυμνοὺς
2480 1319 2626 1389 ἡμᾶς
2649 1317 2668 1356 ῐ
2703 1315 2985 1386 δεσμίους.
3022 1315 3098 1376 ὼς
3125 1314 3216 1366 καὶ
3241 1311 3538 1373 ὑπευθύνους
3559 1314 3610 1381 τῇ
3631 1330 3688 1364 τι-

2211 1411 2392 1483 μωρία
2415 1413 2440 1451 8
2487 1408 2778 1462 ἐστύλισαν
2797 1447 2812 1470 ,
2873 1405 3264 1475 ὲκρεϐάτισαν,
3309 1403 3392 1455 καὶ
3423 1404 3682 1472 ὲπτέρνισιν.

2209 1506 2389 1574 Ὅπερ
2416 1503 2477 1555 ού
2509 1502 2811 1570 πάσχουσιν
2844 1499 2902 1550 ὲν
2923 1499 3037 1559 τοῖς
3065 1495 3168 1559 ἔξω
3194 1495 3544 1564 δικαστηρίοις,
3567 1495 3613 1545 οὐ
3629 1494 3688 1544 λέ-

2207 1611 2380 1665 γομεν
2433 1594 2517 1646 ὅτι
2569 1591 2823 1660 κληρικοὶ
2877 1589 2972 1640 καὶ
3021 1585 3456 1658 ἀρχιμανδρῖται,
3503 1583 3530 1654 η
3569 1587 3684 1653 pavi-

2210 1688 2416 1752 ζοντες,
2451 1685 2564 1739 ἀλλ’
2586 1682 2711 1736 οὔτε
2741 1684 2790 1734 οἱ
2812 1681 3074 1749 τυχόντες
3100 1677 3364 1748 κοσμικοὶ,
3391 1677 3416 1729 ὃ
3434 1679 3566 1745 ἡμεῖς
3583 1678 3624 1726 ἑν
3643 1679 3683 1744 τῇ

2208 1780 2481 1850 ἐκκλησίᾳ
2526 1776 2679 1846 παρὰ
2716 1773 2812 1828 τοῦ
2846 1773 3169 1843 παρανόμου
3219 1769 3516 1839 παρανόμως
3541 1767 3684 1819 πεώ-

2209 1873 2408 1943 θαμεν.
2468 1869 2792 1938 Θλιϐόμενοι
2843 1867 2902 1918 ὲν
2947 1864 3028 1934 τῷ
3070 1862 3347 1932 δικανικῷ,
3394 1860 3683 1929 λιμώττοντες,

2209 1967 2268 2018 ὲν
2294 1961 2505 2033 οίκετίᾳ
2523 1961 2550 1999 ιι
2582 1957 2980 2029 φυλαττόμενοι
3015 1955 3108 2008 ἐπὶ
3137 1953 3318 2028 χρόνον
3349 1951 3493 2004 πολὺν
3519 1948 3684 2001 διετελέ-

2211 2074 2404 2126 σαμεν.
2467 2054 2577 2107 Καὶ
2624 2051 2726 2105 οὐκ
2773 2047 3022 2120 ἠρκέσθη
3066 2046 3273 2109 τούτοις
3314 2046 3346 2114 ἡ
3383 2041 3523 2096 αὐτοῦ
3549 2042 3681 2110 μανὶα’

2209 2148 2346 2202 ἀλλὰ
2373 2145 2471 2199 καὶ
2501 2145 2641 2216 μετὰ
2667 2141 2840 2196 ταῦτα
2867 2140 2947 2210 τῷ
2977 2136 3513 2210 μεγαλοπρεπεστάτῳ
3529 2132 3682 2201 ἐπάρχῳ

2209 2243 2372 2314 τῆσδε
2424 2242 2526 2312 τῆς
2569 2237 2854 2311 μεγαλωνύ
2863 2253 2963 2308 μου
3010 2235 3218 2294 πόλεως
3263 2228 3374 2284 κατ’
3400 2227 3576 2294 ἀπάτην
3606 2223 3683 2274 τινὰ

2211 2334 2628 2406 παρεδόθημεν,
2685 2331 2780 2384 καὶ
2823 2326 3214 2398 σιδηρωθὲντες
3258 2321 3544 2393 ἀπηχθημεν
3575 2319 3616 2368 ἐν
3643 2317 3684 2382 τῇ

2212 2426 2428 2496 φυλακῇ
2456 2467 2471 2489 ,
2530 2423 2630 2476 καὶ
2682 2420 2820 2493 μετὰ
2860 2419 3038 2474 ταῦτα
3089 2413 3393 2485 ἀνήχθημεν
3425 2414 3474 2464 ὲν
3495 2409 3686 2478 etii-spai-

2211 2517 2396 2589 τωρίῳ
2425 2516 2505 2586 τῷ
2529 2514 2679 2586 αύτῷ
2700 2513 2889 2585 τρόπῳ
2919 2509 3062 2582 μετὰ
3083 2509 3188 2562 τῶν
3210 2504 3431 2575 δεσμῶν.
3453 2496 3688 2566 Καὶὲπειδὴ

2211 2588 2389 2670 οὐδεὶς
2429 2602 2500 2677 ἦν
2548 2608 2578 2658 ὁ
2627 2601 2953 2673 κατηγορῶν
2973 2640 2990 2665 ,
3045 2601 3104 2652 ὲν
3127 2597 3205 2669 τῷ
3226 2593 3466 2664 δικανικῷ
3487 2592 3612 2644 πάλιν
3631 2588 3688 2639 διὰ

2213 2700 2315 2768 τῆς
2362 2695 2570 2761 τάξεως
2621 2692 2909 2765 ήχθημεψ
2968 2690 3071 2744 καὶ
3115 2688 3254 2742 οὕτω
3292 2686 3436 2739 πάλιν
3468 2681 3682 2734 ἐκόλασενι

2213 2789 2364 2859 ἡμᾶς
2414 2785 2556 2839 κατὰ
2609 2783 2904 2854 πρόσωπον
2951 2781 3258 2849 τυπτήσας.
3312 2775 3411 2829 Καὶ
3449 2768 3686 2839 διαλεχθεὶς,

2214 2878 2310 2931 καὶ
2359 2873 2694 2942 συνθέμενος
2747 2873 2868 2924 κατ’
2891 2872 3150 2938 ἀπάτην,
3205 2868 3278 2930 ὼς
3317 2865 3382 2918 τὰ
3424 2861 3538 2933 μετὰ
3571 2856 3686 2910 ταῦτα

2215 2966 2384 3032 ἔδειξε
2411 3004 2426 3030 ,
2483 2963 2619 3034 περὶ
2661 2961 2756 3015 τοῦ
2785 2960 2945 3030 φύσει
2969 2959 3104 3012 Υἱοῦ
3134 2958 3225 3012 τοῦ
3248 2955 3373 3009 Θεοῦ
3394 2995 3408 3019 ,
3451 2954 3519 3006 ὅτι
3554 2949 3686 3016 ἐτέχθη

2220 3058 2329 3130 ᾂπδ
2373 3059 2472 3127 τῆς
2514 3055 2677 3123 ἁγίας
2714 3052 2936 3122 Μαρίας
2977 3052 3079 3121 τῆς
3119 3049 3371 3103 Θεοτόκου
3399 3044 3569 3114 λέγων·
3607 3037 3688 3092 ἐπεὶ

2221 3150 2299 3203 ἔνι
2329 3149 2488 3211 ἄλλος
2518 3147 2632 3208 υίός
2650 3161 2663 3174 ⁶
2697 3144 2870 3206 οὕτως
2900 3144 3177 3198 ἀπέλυσεν
3207 3142 3362 3213 ἡμᾶς.

2287 3432 2362 3484 δ’.
2419 3425 2854 3500 Παρακαλοῦμεν
2896 3421 2990 3480 οὖν
3047 3425 3149 3497 τὴν
3197 3425 3444 3478 ἀθάνατον
3477 3416 3593 3488 ὐμῶν
3624 3412 3690 3465 καὶ

2219 3523 2622 3590 εὐσεϐεστάτην
2645 3521 2850 3584 πίστιν,
2872 3519 3017 3572 ὥστε
3045 3520 3124 3588 μὴ
3147 3516 3385 3588 παριδεῖν
3403 3515 3457 3566 ὲκ
3474 3511 3545 3563 τοῦ
3556 3504 3689 3560 λοιπή

2219 3615 2318 3685 τὴν
2361 3614 2643 3685 ὀρθόδοξον
2675 3611 3005 3681 Ἐκκλησίαν
3046 3609 3424 3682 μοιχευομένην
3452 3601 3572 3672 παρὰ
3593 3601 3690 3668 αἱρε-

2217 3708 2386 3762 τικῶν
2415 3709 2474 3760 ὲν
2503 3710 2616 3769 τοῖς
2645 3709 2859 3776 καιροῖς
2890 3705 3050 3776 ὑμῶν
3076 3705 3184 3758 τῶν
3209 3698 3478 3775 ὀρθοδὸξων
3499 3697 3572 3750 καὶ
3590 3692 3692 3744 eim-

2219 3799 2500 3852 ϐεστάτων
2531 3797 2826 3868 βασιλέων·
2893 3797 2993 3865 οὐχ
3042 3798 3120 3859 ὡς
3163 3797 3250 3850 διὰ
3277 3794 3422 3847 τοῦτο
3444 3791 3526 3851 τὰς
3558 3781 3693 3854 ἡμιτέ-

2220 3909 2319 3962 ρας
2367 3889 2554 3961 ὕϐρεις
2608 3889 2921 3959 βουλόμενοι
2953 3889 3192 3942 ἐκδικεῖν
3212 3905 3225 3918 ·
3259 3889 3287 3940 ὁ
3317 3885 3435 3949 Θεὸς
3459 3877 3592 3935 οἶδεν’
3618 3871 3692 3928 ἀλλ’

2219 3980 2295 4042 ὼς
2343 3978 2588 4042 θέλοντες
2635 3978 2697 4030 τὸ
2743 3978 3035 4048 στερέωμα
3068 3980 3167 4048 τῆς
3201 3980 3278 4039 είς
3301 3975 3506 4046 Χριστὸν
3529 3968 3694 4022 πίστεως

2217 4071 2517 4124 ἀσάλευτον
2553 4071 2765 4140 μένεινο
2801 4070 2896 4123 καὶ
2925 4070 3176 4124 κελεύσει
3203 4069 3264 4122 τὸ
3288 4067 3521 4138 ὑμέτερον
3539 4058 3692 4130 κράτος,

2217 4161 2315 4232 τὴν
2337 4162 2500 4230 ἁγίαν
2551 4163 2646 4214 καὶ
2693 4163 3082 4233 οίκουμενικὴν
3131 4161 3340 4214 σύνοδον
3379 4147 3694 4227 παραγενέσθαι

2218 4255 2457 4308 ὲνταυθα
2485 4253 2616 4324 ἥδη,
2673 4253 2762 4306 ἵνα
2807 4254 2908 4323 τῆς
2942 4253 3160 4307 συνόδου
3192 4248 3605 4323 παραγενομένης,
3631 4237 3694 4306 τὴν

2223 4347 2536 4416 ἀγιωτάτην
2572 4346 2901 4415 Ἐκκλησίαν
2930 4348 2958 4399 ὁ
2983 4344 3146 4408 Θεδςὶ
3186 4344 3355 4414 ὲνὼσῃ
3375 4385 3388 4406 ,
3419 4341 3499 4394 καὶ
3521 4337 3590 4387 τὸν
3611 4327 3695 4380 λαὸν

534 4441 786 4503 reducat,
820 4453 883 4492 ac
917 4436 1234 4491 sacerdotes
1257 4435 1489 4490 sincerae
1535 4431 1662 4486 ﬁdei
1700 4430 2109 4501 praedicatores,

2222 4437 2425 4509 συνάξῃ
2452 4481 2466 4504 ,
2520 4439 2614 4491 καὶ
2645 4439 2770 4500 τοὺς
2803 4437 2984 4507 ίερέας
3013 4437 3304 4491 ἀπολαϐεῖν
3341 4436 3395 4486 ὲν
3418 4431 3485 4498 τῷ
3507 4426 3585 4495 τῆς
3605 4419 3692 4486 ἀλῖΐ

533 4533 859 4604 priusquam
895 4529 1061 4599 impia
1111 4527 1203 4581 illa
1233 4526 1486 4581 doctrina
1534 4524 1700 4578 latius
1737 4529 1942 4592 serpat,
1990 4523 2113 4576 loco

533 4641 637 4680 suo
668 4624 943 4690 restituat.
979 4619 1119 4675 Illud
1166 4619 1332 4673 etiam
1363 4617 1564 4672 obnixe
1594 4631 1884 4685 precamur
1920 4631 1986 4669 ac
2020 4631 2115 4684 pe-

537 4717 733 4778 timus,
767 4711 1218 4785 quandoquidem
1248 4708 1539 4764 Nestorius
1569 4706 2112 4771 comminationibus,

537 4806 1022 4868 insectationibus,
1052 4802 1284 4868 exsiliis,
1310 4801 1528 4856 callidis
1576 4800 1869 4871 pravisque
1905 4800 2116 4854 machi-

537 4898 855 4956 nationibus
898 4894 1336 4967 perterrefacere
1383 4893 1644 4956 molitur;
1698 4899 1756 4947 et
1791 4907 1902 4961 quo
1957 4907 2112 4946 suam

537 4994 808 5049 insaniam
867 5003 1136 5058 suamque
1226 4986 1566 5056 impietatem
1651 4986 2114 5041 conﬁrmationem

537 5085 755 5148 reddat,
845 5095 1189 5153 quascunque
1269 5078 1571 5149 excogitari
1659 5087 1911 5148 possunt,
1995 5079 2116 5132 sine

535 5176 860 5232 discrimine
902 5173 1250 5245 aggreditur;
1305 5186 1415 5225 non
1463 5172 1638 5244 Deum
1692 5171 1870 5234 timet,
1902 5162 2115 5225 nullum

537 5271 819 5326 hominem
886 5276 1144 5329 veretur,
1203 5263 1417 5317 nullum
1489 5263 1813 5333 episcOpum
1895 5277 2121 5316 venera—

541 5374 656 5431 tur,
701 5366 917 5420 nullum
943 5361 1286 5418 sacerdotem
1313 5359 1708 5423 autclericum,
1735 5368 1830 5413 aut
1865 5365 2116 5412 sanctum

2221 4529 2374 4600 Θινῆς
2405 4530 2642 4593 πίστεως
2671 4529 2992 4600 κηρύγματι
3025 4530 3258 4602 ποιήσῃ,
3293 4525 3392 4597 πρὸ
3413 4521 3495 4576 τοῦ
3521 4520 3582 4578 είς
3602 4511 3694 4563 πλά-

2219 4639 2312 4685 τος
2341 4623 2438 4692 τὴν
2464 4622 2649 4676 ἄδικον
2677 4621 3026 4675 διδασκαλίαν
3056 4620 3251 4676 ἐλθεῖν.
3283 4617 3494 4671 Κάκεῖνο
3510 4609 3561 4679 δὴ
3575 4617 3697 4671 παρα·

2221 4713 2537 4782 καλοῦμεν,
2615 4712 2932 4776 ἀξιοῦντες,
3007 4713 3198 4782 ἐπειδὴ
3264 4709 3495 4778 πειρᾶται
3541 4695 3694 4752 πιθεῖν,

2221 4801 2484 4868 ἀπειλῶν,
2515 4802 2776 4869 ἐλαύνων,
2801 4802 3042 4870 ὲξωθῶν.
3067 4800 3400 4872 κακουργῶν,
3422 4783 3694 4868 ῥᾳδιουργῶνι

2221 4898 2316 4949 καὶ
2351 4896 2568 4960 κακῶν,
2611 4897 2706 4948 καὶ
2748 4897 2835 4949 ῖνα
2865 4896 2966 4967 τὴν
2994 4895 3160 4950 αὑτοῦ
3189 4892 3377 4964 μανίαν
3412 4889 3493 4942 καὶ
3513 4879 3694 4936 ἀσέϐειαν

2222 4990 2495 5061 κρατύνῃ,
2565 4989 2746 5045 πάντα
2801 4966 2972 5043 ποιῶν
3019 4988 3277 5057 ἀφειδῶς,
3331 4985 3388 5039 ού
3419 4979 3532 5036 Θεὸν
3557 4966 3693 5043 φοϐού-

2227 5100 2409 5153 μενος,
2435 5083 2538 5136 οὐκ
2561 5081 2886 5153 ἀνθρώπους
2909 5083 3314 5152 αἰσχυνόμενος,
3339 5078 3430 5130 οὐκ
3447 5065 3694 5125 ἐπισκόπους

2225 5173 2647 5243 εὐλαϐούμενος,
2703 5172 2828 5226 οὔτε
2880 5173 3029 5242 ἱερέα
3100 5173 3240 5237 τινὰ,
3290 5169 3348 5223 οὐ
3392 5160 3562 5232 κλῆρόν
3601 5163 3692 5243 τινα.

2225 5267 2325 5335 οὐχ
2366 5265 2556 5333 ἁγίους
2592 5267 2882 5336 μοναχοῦς.
2917 5266 3018 5318 οὐκ
3048 5263 3330 5317 εὐλάϐειαν
3355 5254 3547 5316 λαῐκῶν,
3572 5246 3616 5299 οὗ
3637 5237 3693 5336 τίῆν

2226 5327 2368 5410 κατὰ
2399 5327 2508 5409 τῶν
2533 5327 2864 5410 ἀδικούντων
2893 5356 3269 5428 ἐπηρτημένον
3295 5351 3464 5423 φόϐον,
3488 5344 3538 5398 ού
3559 5327 3693 5391 τδνκά

1754 5469 1985 5524 VARI/1‘3
2037 5457 2444 5524 LECTIONEC".

613 5566 642 5654 ,ί
675 5568 735 5654 In
784 5584 888 5654 ms.
931 5568 1059 5654 Seg.
1092 5569 1284 5654 .ﬁpif'
1321 5563 1473 5635 παρὰ
1527 5562 1622 5615 τοῦ
1667 5561 1830 5654 βχλου
1847 5560 1974 5654 ’τῶν
2023 5558 2552 5654 δεκανίὲχὶςάκεῖθεν
2571 5559 2884 5654 1ἱπριτόμενοι
2912 5555 3231 5629 ἀπηγόμεθα
3285 5555 3339 5607 ἐν
3367 5549 3434 5620 τῷ
3483 5530 3692 5654 δὲξανυῷ

1481 5650 1652 5654 _,._,,-
1692 5651 1713 5654 μ
1751 5649 1839 5654 ___
1912 5649 2028 5654 -_--_.
2073 5649 2201 5654 -_-___
2261 5650 2264 5652 ν
2320 5647 2471 5654 _--._..
2653 5647 2772 5654 η---
2806 5647 2832 5654 ..
2940 5633 2952 5654 ε
2991 5629 3208 5654 aula---
3307 5635 3320 5654 ι
3361 5625 3508 5654 Vno"
3561 5651 3570 5654 Α

543 5639 572 5681 ³
599 5617 1058 5710 (ligandi-duca;
1084 5617 1435 5703 oéédo‘mg,
1477 5617 2490 5704 rtpwpfanéatd).taav,éxpa66attaav.
2570 5631 2598 5670 ιι
2633 5617 2856 5701 ἱκετείᾳ.
2940 5633 2957 5670 ί
2988 5617 3232 5683 ἐκάλεσε.
3306 5635 3320 5674 ι
3358 5617 3572 5692 Χριπόςο
