3946 6206
359 267 518 383 Μ’Π,
1389 315 1759 376 LIBELLUS
1798 313 1896 372 AD
1933 310 2431 372 THEODOSIUM
2472 311 2632 371 IMP.
3481 310 3618 374 H78

357 452 466 496 μον
507 433 615 486 τῶν
661 431 1023 485 ἐκτελούντων
1055 430 1333 483 διακονίαν
1362 432 1481 484 τινὰ
1511 431 1630 500 Θεῷ
1661 434 1739 494 εἰς
1769 430 1915 501 ὀργὴι

2057 429 2396 493 nonachum,
2441 441 2536 485 aut
2573 427 2892 498 religiosum
2936 427 3136 483 laicnm
3167 427 3433 494 honorat;
3491 433 3615 483 nui-

352 528 504 581 κατά
553 524 662 578 τῶν
708 524 875 589 ἀξίων
899 563 914 587 ,
978 523 1092 575 ἀλλ’
1126 522 1484 592 ἐνδυσάμενος
1513 524 1610 592 τὴν
1637 523 1910 596 ὑπεροψία

2064 537 2150 575 am
2185 536 2404 590 poenam
2437 521 2641 590 iniquis
2675 520 2954 574 decretam
2987 520 3270 586 formidat,
3296 523 3506 576 nullam
3525 522 3619 575 de-

353 617 504 669 κατὰ
532 617 750 669 πάντων
772 653 788 678 ,
843 611 1062 684 θαρρῶν
1093 615 1207 675 τοῖς
1237 615 1503 682 χρήμασι,
1543 615 1634 667 καί
1663 633 1826 669 τινων
1857 615 1911 668 δικ

2060 612 2209 680 iique
2234 612 2410 681 legem
2435 611 2817 665 ministrorum
2846 611 2939 665 ira:
2973 610 3174 666 divinae
3213 612 3267 666 in
3310 614 3435 683 ejus
3488 599 3618 684 pro;

353 706 722 777 εφθαρμένων
753 707 818 775 τῇ
855 703 1032 774 ίσχύῖ,
1088 704 1121 775 ἢ
1175 704 1262 756 ἴνα
1293 705 1512 772 ἀφόϐως
1538 707 1800 776 είπωμεν,
1841 725 1911 760 κα

2053 713 2356 758 vocatores:
2413 704 2510 758 sed
2545 704 2807 774 superbia
2836 720 2944 774 qua
2997 720 3191 760 omnes
3235 707 3611 776 parvipendit.

352 797 437 866 τῷ
488 796 740 866 ὑμετέρῳ
783 781 1006 866 κράτει,
1045 795 1221 848 ταῦτα
1251 797 1432 848 ποιεῖ·
1474 794 1736 866 ἀξιοῦμεν
1769 797 1910 867 μηδέ

2095 799 2240 856 atus,
2300 793 2664 862 pecuniisque
2703 801 2761 848 et
2813 802 3204 862 corruptorum
3244 796 3615 864 quorumdam
3641 852 3653 864 κ

353 886 510 956 αὐτῷ
559 887 702 940 κατά
744 903 906 940 τινων
955 886 1158 953 ἐξεῖναι,
1197 889 1409 951 ποιεῖν,
1461 887 1556 940 ἐὰν
1601 888 1676 958 μὴ
1721 887 1911 956 πρῶτοη

2095 883 2326 935 )minum
2351 884 2597 952 potentia
2637 882 2846 948 fretus;
2885 896 2961 947 et,
3007 892 3066 937 ut
3117 885 3291 939 libere
3334 886 3482 954 quod
3528 887 3653 940 res'

353 976 646 1048 διόρθωσιν
692 977 838 1050 λάϐῃ
884 978 954 1032 τὰ
999 977 1142 1032 κατά
1168 980 1268 1049 τὴν
1294 979 1802 1050 όρθόδοξονπίστιν,
1851 980 1911 1032 't'v:

2058 979 2143 1037 ast,
2173 971 2444 1034 dicamus,
2505 983 2692 1026 vestra
2751 988 2972 1042 quoque
3013 973 3390 1029 dominatione
3440 975 3616 1030 fretus

358 1071 439 1138 μὴ
468 1068 672 1139 ταύτην
701 1069 1052 1141 διασκεδάσῃ,
1099 1070 1194 1123 καὶ
1222 1069 1320 1140 τὴν
1349 1070 1514 1123 αὑτοῦ
1548 1072 1916 1144 παρεισαγάγι

2059 1079 2155 1118 uec
2184 1063 2339 1116 facit.
2404 1063 2670 1128 Petimus,
2717 1065 2965 1133 inquam,
3005 1067 3408 1136 nequidquam
3458 1067 3617 1123 dein-

353 1155 532 1209 ταῦτα
561 1156 750 1211 ποιῶν.
785 1151 907 1211 Οῐδε
935 1157 1063 1229 γὰρ,
1099 1159 1174 1222 ὼς
1202 1153 1392 1225 οίετᾶι,
1430 1161 1513 1212 ὅτι
1547 1161 1650 1214 κᾶν
1685 1160 1761 1231 τῷ
1787 1161 1911 1231 φόϐι

2055 1171 2170 1224 :eps
2201 1155 2255 1208 in
2279 1156 2594 1224 quempiam
2652 1156 2732 1209 illi
2779 1156 2965 1221 liceat,
3001 1157 3105 1213 nisi
3145 1159 3382 1228 primum
3419 1161 3613 1214 ortho-

356 1247 589 1311 πολλοὺς
612 1249 893 1317 ἀμϐλυνας
920 1250 1204 1320 ἀποστήσῃ
1233 1250 1331 1320 τῆς
1354 1251 1609 1314 πίστεωςο
1638 1255 1732 1306 καὶ
1754 1252 1914 1305 λοιπδε

2054 1247 2196 1301 loxa:
2247 1247 2376 1300 fidei
2413 1248 2619 1302 veritas
2651 1249 3012 1302 enucleetur:
3073 1265 3166 1313 ne,
3215 1249 3361 1318 quod
3412 1251 3612 1321 obnixe

354 1338 536 1410 εὑρὼν
565 1339 958 1410 ὁμογνώμονας
981 1341 1180 1408 αὐτοῦ,
1219 1342 1478 1416 παράσχῃ
1502 1344 1686 1408 αὐτοῖς
1714 1344 1912 1413 Θάρσος

2058 1339 2244 1403 ίιιιάοι,
2270 1340 2374 1394 hac
2401 1339 2625 1408 penitus
2652 1339 2918 1408 dissipata
2941 1354 3267 1407 eversaque,
3307 1355 3459 1394 suam
3485 1357 3616 1410 pau-

354 1425 499 1481 ὦστε
549 1430 645 1481 καὶ⁵
687 1429 792 1491 ἐως
826 1429 1051 1501 πληγῶν
1077 1430 1314 1503 δημοσίᾳ
1345 1433 1670 1502 ἐπιχειρεῖν,
1726 1435 1818 1488 καὶ
1861 1435 1910 1488 δι

2059 1431 2192 1485 alim
2250 1430 2592 1485 introducat.
2649 1430 3059 1484 Animadvertit
3094 1432 3266 1496 enim,
3315 1447 3455 1500 quos
3507 1435 3614 1487 alia

354 1519 547 1589 ωγμὸδ
596 1521 794 1574 ποιεῖν.
847 1522 922 1575 Οὐ
963 1523 1123 1592 μόνον
1163 1522 1221 1576 δὲ
1268 1524 1394 1586 τοὺς
1421 1524 1583 1577 αὐτοῦ
1609 1524 1772 1595 δῆθεν
1801 1525 1912 1598 κλη·

2054 1524 2254 1579 -ειὶοιιε
2286 1539 2395 1578 non
2431 1529 2635 1594 potest,
2668 1537 2766 1576 eos
2798 1522 2996 1578 timore
3029 1539 3060 1577 a
3117 1523 3224 1578 fide
3273 1533 3524 1578 avertere
3553 1541 3612 1579 se

357 1615 626 1693 ρικοὺςιῆ
649 1616 1149 1684 συγκέλλους,ἀλλά
1179 1620 1273 1672 καὶ
1293 1620 1358 1674 ἐκ
1377 1620 1484 1674 τῶν
1511 1621 1709 1687 ἔξωθεν
1741 1637 1915 1693 παροιι

2053 1631 2227 1684 posse:
2259 1625 2320 1670 ut
2379 1631 2494 1670 suae
2527 1614 2820 1670 sententiae
2851 1615 3021 1670 semel
3076 1615 3368 1686 adjunctos
3413 1618 3488 1671 ita
3524 1618 3611 1671 in-

356 1701 495 1756 κιῶν
544 1703 915 1774 προσελάϐετό
963 1724 1150 1774 τινας,
1203 1703 1284 1771 οἷς
1332 1709 1568 1778 μάλιστα
1601 1711 1700 1765 οὐκ
1727 1712 1914 1778 ἕξεστιε

2055 1706 2303 1772 lammet,
2333 1717 2394 1762 ut
2417 1708 2653 1763 verbera
2683 1723 2910 1778 quoque
2939 1707 3145 1778 quibus
3170 1708 3392 1762 libitum
3442 1709 3613 1765 fuerit

357 1783 502 1842 εἶναι
533 1766 678 1845 κοίτά
705 1793 832 1857 τοὺς
857 1766 1347 1864 ἐκκλησιαστικοὺς
1374 1798 1605 1863 κανόνας
1644 1802 1723 1864 είς
1747 1766 1915 1871 ξ’τεροι

2055 1799 2257 1855 ιιὼιὶιτε
2307 1799 2515 1854 inferre
2546 1799 2808 1864 audeant,
2861 1808 2917 1854 et
2969 1799 3412 1868 persecutionem
3461 1801 3613 1854 exci-

358 1881 746 1945 ἐπισκοπεῖον,
797 1885 830 1955 ἢ
883 1886 963 1949 είς
991 1885 1161 1956 ἄλλην
1192 1887 1487 1958 ἐκκλησίαν
1512 1928 1526 1954 ,
1579 1890 1694 1944 ἀλλ’
1719 1893 1916 1959 ἀνάγκι

2055 1905 2154 1945 ,are
2182 1905 2294 1944 non
2315 1889 2591 1944 dubitent.
2623 1890 2816 1960 Neque
2846 1905 2980 1943 vero
3007 1904 3234 1944 suorum
3269 1898 3613 1955 tantum,aut

355 1972 555 2037 αὐτοὺς
579 1975 662 2037 είς
685 1976 784 2038 τὰς
815 1975 950 2040 ιδίας
978 1977 1291 2049 παροικίας,
1327 1979 1360 2050 ἢ
1395 1979 1597 2047 πόλεις,
1629 1981 1760 2034 ὅπου
1789 1983 1913 2053 ἔχει·

2057 1981 2474 2037 lomesticorum
2506 1996 2679 2051 opera
2712 1981 3047 2036 clericorum
3088 1995 3210 2034 eam
3257 1980 3325 2034 ad
3361 1995 3475 2034 rem
3507 1981 3615 2034 uti-

359 2065 620 2138 ροτονήθη
630 2083 748 2133 σαν,
772 2069 935 2122 κάκεῖ
953 2071 1165 2141 ήσυσχῆ
1187 2071 1416 2140 διάγειν·
1439 2072 1525 2126 ἵνα
1551 2073 1625 2143 μὴ
1643 2073 1719 2144 τῷ
1738 2074 1917 2145 μακρᾷ

2062 2091 2150 2139 ur,
2184 2089 2379 2129 verum
2415 2073 2785 2144 quorumdam
2815 2086 3043 2162 quoque
3084 2072 3154 2126 ab
3195 2073 3401 2127 exteris
3438 2087 3615 2142 para:-

355 2158 532 2228 χρόνῳ
563 2158 650 2212 διὰ
677 2159 779 2226 τῆς
807 2160 1144 2232 προσκαίρου
1174 2161 1522 2228 δυναστείας,
1569 2164 1709 2236 ἕρψῃ
1739 2181 1913 2233 περισ·

2057 2164 2138 2218 :iis
2192 2175 2249 2219 et
2277 2163 2618 2219 dioecesibus
2655 2158 2994 2228 ascitorum;
3050 2162 3255 2231 quibus
3285 2172 3469 2217 tamen
3525 2179 3615 2218 se-

356 2249 595 2320 σοτέρως
645 2253 680 2321 ή
730 2251 1080 2322 παρανομία,
1133 2253 1228 2305 καὶ
1274 2253 1553 2324 ἐπιγραφῇ
1597 2257 1664 2325 τῇ
1691 2254 1914 2325 ὑμετέρε

2053 2256 2280 2310 :undum
2303 2255 2716 2310 ecclesiasticos
2744 2268 2988 2308 canones
3009 2253 3063 2307 in
3079 2254 3260 2308 alieno
3290 2254 3611 2323 episcopatu

356 2339 628 2410 εὐσεϐείᾳ·
665 2343 744 2404 είς
769 2341 928 2395 τοῦτο
953 2341 1062 2412 γὰρ
1093 2343 1238 2413 ὑμᾶς
1259 2343 1410 2396 ἔθετο
1431 2344 1459 2395 ό
1482 2344 1614 2408 Θεὸς
1633 2345 1910 2409 διακόνους

2053 2348 2123 2402 rel
2152 2348 2390 2403 ecclesia
2421 2348 2624 2418 degere
2661 2357 2779 2400 non
2812 2346 2967 2411 licet,
3023 2345 3120 2400 sed
3182 2347 3498 2402 necessario
3557 2347 3611 2402 in

356 2427 498 2499 ὑπὲρ
528 2428 630 2499 τῆς
655 2427 814 2501 δόξης
840 2430 1006 2484 αὐτοῦ
1028 2431 1124 2484 τοῦ
1145 2431 1469 2496 δοξάσαντος
1493 2434 1657 2504 ὑμᾶς,
1677 2435 1772 2489 καὶ
1787 2435 1914 2501 δοξά

2058 2442 2103 2497 is
2151 2441 2292 2497 locis
2319 2450 2376 2496 et
2428 2440 2768 2506 civitatibus,
2827 2439 2995 2510 idque
3047 2440 3259 2509 quiete,
3313 2439 3611 2510 inquibus

357 2519 543 2582 ζοντος
562 2561 579 2586 ,
629 2522 725 2574 καὶ
770 2522 1113 2586 ἀποδιδόντος
1140 2523 1268 2593 ὑμῖν
1291 2523 1382 2577 τὸν
1411 2525 1602 2594 μισθὸν
1633 2527 1773 2596 μετὰ
1798 2528 1915 2582 πάν·

2051 2529 2279 2584 )rdinati
2297 2541 2428 2585 sunt
2451 2547 2465 2583 :
2492 2546 2562 2584 ne
2594 2545 2764 2584 mora:
2793 2528 3184 2593 diuturnitate,
3215 2537 3609 2599 temporanea-

354 2628 466 2664 των
503 2612 612 2666 τῶν
656 2615 848 2683 ἀγίων,
886 2616 995 2668 τῶν
1027 2615 1209 2680 καλῶς
1240 2616 1594 2685 φυλαξάντων
1625 2619 1726 2682 τάς
1755 2621 1912 2692 ἐγχειη

2050 2637 2144 2692 lue
2209 2621 2455 2690 potentia
2510 2620 2816 2690 nequitiam
2882 2636 3038 2675 suam
3097 2621 3266 2676 latius
3321 2631 3608 2691 propaget,

359 2705 641 2776 ρισθείσας
687 2709 874 2772 αὐτοῖς
916 2709 1212 2773 διακονίας.
1276 2709 1419 2779 Πρὸς
1449 2709 1541 2776 οὒς
1575 2707 1762 2765 εἶπεν·
1823 2709 1909 2768 Εὖ

2053 2709 2306 2778 vobisque
2353 2709 2409 2764 id
2457 2709 2793 2773 ascribatur,
2841 2724 2982 2778 quos
3026 2709 3098 2764 ob
3153 2709 3208 2763 id
3241 2709 3297 2763 in
3327 2709 3611 2765 ministros

354 2802 539 2858 δοῦλε
587 2804 772 2872 ἀγαθὲ
818 2805 918 2858 καί
956 2805 1169 2871 πιστέ,
1223 2805 1322 2860 ἐπὶ
1349 2807 1524 2876 ὀλίγα
1558 2803 1632 2877 ἧς
1693 2806 1910 2876 πιστὸς

2051 2800 2180 2862 Deus
2210 2803 2532 2872 assumpsit,
2565 2811 2626 2856 ut
2687 2803 2839 2857 illius
2871 2802 3101 2872 gloriam
3133 2810 3358 2858 strenue
3401 2819 3609 2874 propu-

353 2895 451 2948 ἐπὶ
477 2895 726 2950 πολλῶν
747 2911 822 2950 σε
851 2898 1232 2965 καταστήσωο
1251 2897 1490 2952 εἴσελθε
1510 2901 1592 2961 εἰς
1611 2899 1725 2966 τὴν
1741 2899 1911 2970 χαρὰι

2051 2893 2236 2963 ςιιοιίε,
2265 2893 2360 2962 qui
2387 2893 2587 2947 illustri
2607 2893 2820 2946 honore
2846 2907 2946 2946 vos
2973 2893 3300 2956 cumulavit,
3332 2905 3389 2948 et
3411 2909 3609 2949 cumu-

351 2985 462 3040 τοῦ
500 2986 723 3055 Κυρίου
752 3002 893 3045 σου.
943 2989 1008 3042 Ol
1041 2988 1210 3053 ὅντως
1236 2990 1556 3061 Χριστιανοὶ
1583 2990 1790 3055 τούτοις
1819 2995 1909 3045 τοῖι

2056 2993 2145 3051 at;
2201 2985 2472 3054 vobisque
2507 3000 2633 3039 cum
2678 2983 2938 3038 omnibus
2982 2985 3209 3050 sanctis,
3261 2984 3356 3054 qui
3407 3000 3610 3039 munus

349 3073 531 3144 λόγοις
581 3077 670 3129 διά
715 3077 824 3130 τῶν
863 3076 1044 3150 ἔργων
1091 3078 1475 3134 πιστεύουσιν·
1537 3082 1586 3135 oi
1619 3081 1676 3135 δὲ
1715 3082 1907 3137 άπιστο

2049 3090 2199 3128 suum
2242 3074 2500 3144 praeclare
2540 3073 2822 3136 obierunt,
2867 3072 3180 3127 mercedem
3211 3081 3459 3143 tempore
3507 3089 3607 3129 suo

349 3166 444 3220 καὶ
471 3169 1014 3239 ἀπεῤῥιμμένοι,καὶ
1042 3173 1108 3241 τῇ
1139 3171 1348 3224 ἑαυτῶν
1379 3170 1559 3242 κοιλίᾳ
1583 3170 1808 3239 ζῶντες,
1839 3191 1907 3227 κα

2047 3166 2254 3222 reddet.
2283 3165 2496 3231 Quibus
2516 3163 2723 3219 ctillud
2747 3178 2968 3234 quoque
2997 3163 3252 3219 dicturus
3273 3172 3394 3219 est:
3436 3164 3605 3237 Euge,

347 3259 431 3321 εἰς
483 3259 614 3312 αὐτὸ
664 3259 824 3314 τοῦτο
858 3261 1440 3333 προσκαρτεροῦντες,
1501 3263 1596 3316 ἐὰν
1629 3265 1905 3320 ἀκούσωσι

2053 3275 2182 3313 rerue
2209 3259 2338 3312 bone
2369 3266 2418 3311 et
2449 3257 2831 3329 fidelis;super
2869 3247 3041 3327 pauca
3070 3257 3215 3326 fuisti
3243 3256 3434 3325 ﬁdelis,
3452 3273 3611 3328 super

333 3347 716 3422 ,ὁμολογοῦντά
751 3367 874 3403 τινα
894 3389 909 3414 ,
937 3351 1029 3403 τὸν
1053 3351 1289 3420 Χριστὸν
1318 3347 1456 3404 εἶναι
1481 3352 1632 3416 Θεὸν,
1653 3353 1891 3424 διαπρίοι

2053 3350 2207 3404 nulta
2240 3361 2288 3403 te
2349 3352 2721 3404 constituam:
2783 3349 2928 3402 intra
2986 3350 3041 3402 in
3094 3349 3347 3420 gaudium
3396 3349 3611 3404 Domini

347 3457 476 3504 ται,
513 3440 588 3502 ῶς
621 3441 672 3492 οί
701 3441 825 3492 τότε
887 3441 1132 3494 Ἰουδαῖοι
1159 3441 1416 3510 συνέσχον
1456 3441 1526 3495 τὰ
1583 3436 1698 3496 ὦτα
1727 3443 1905 3496 αὐτῶν

2045 3444 2172 3495 tui‘.
2242 3441 2346 3506 Qui
2407 3441 2525 3494 veri
2577 3438 2887 3494 Christiani
2954 3448 3105 3503 sunt,
3160 3440 3198 3493 ii
3255 3456 3356 3510 per
3415 3455 3603 3510 opera,

346 3531 446 3584 τοῦ
475 3531 634 3599 ἁγίου
664 3532 942 3599 Στεφάνου
992 3531 1088 3585 τοῦ
1128 3533 1600 3604 πρωτομάρτυρος
1638 3534 1899 3604 διηγουμέ

2043 3541 2304 3603 quantum
2334 3530 2663 3586 Christiana:
2689 3530 2957 3585 doctrina:
2985 3531 3256 3592 tribuant,
3279 3532 3601 3586 ostendunt.

349 3639 444 3676 νου
463 3663 478 3688 ,
539 3623 622 3676 ὅτι
671 3621 896 3690 Θεωρῶ,
940 3622 1096 3692 φησὶ,
1148 3623 1292 3688 τσὺς
1315 3623 1611 3691 οὐρανοὺς
1642 3623 1906 3693 ἀνεῳγμέ

2045 3626 2101 3680 At
2125 3639 2259 3680 vero
2298 3622 2553 3678 inﬁdeles
2579 3629 2636 3677 et
2665 3621 2887 3693 abjecti,
2923 3623 3017 3692 qui
3058 3624 3237 3678 ventri
3257 3638 3359 3678 suo
3385 3625 3603 3685 vivunt,

349 3730 530 3779 γους,
591 3715 688 3767 καὶ
740 3715 848 3767 τὸν
895 3713 1032 3767 Υιὸν
1084 3713 1192 3767 τοῦ
1239 3713 1552 3780 ἀνθρώπου
1603 3715 1672 3769 ἐκ
1718 3715 1907 3777 δεξιῶι

2047 3724 2090 3772 at
2117 3715 2183 3770 ad
2209 3715 2360 3770 hunc
2379 3729 2610 3784 scopum
2637 3712 2824 3767 omnia
2863 3727 2962 3768 sua
3006 3712 3190 3767 studia
3229 3712 3498 3775 referunt,
3526 3713 3605 3766 illi

350 3803 582 3860 ἑστῶτα
596 3803 980 3874 τοῦάορὰτου
1005 3804 1338 3859 Θεοῦ.οὖτω
1357 3806 1450 3861 καὶ
1473 3801 1621 3860 οὗτοι
1646 3807 1908 3879 διαπρίον

2046 3808 2267 3876 siquem
2311 3803 2592 3860 Christum
2645 3803 2816 3857 Deum
2869 3817 2992 3857 esse
3020 3801 3268 3872 proﬁteri
3301 3800 3604 3862 audierint,

345 3913 440 3950 ται
501 3898 642 3952 κατά
721 3895 830 3949 τῶν
909 3897 1287 3966 Χριστιανῶν,
1357 3898 1450 3950 καὶ
1506 3897 1688 3954 πάντα
1760 3898 1900 3970 θυμὸ

2049 3899 2185 3953 illico
2209 3897 2580 3952 dissecantur.
2611 3894 2680 3949 Et
2697 3893 3163 3964 quemadmodum
3194 3893 3392 3955 Judaei,
3415 3901 3607 3946 sancto

353 3988 748 4053 σπουδάζουσιν
776 3987 1036 4042 ἐκτελεῖν.

2047 3988 2319 4058 Stephano
2347 3994 2749 4058 protomartyre
2777 3993 3069 4040 narrante:
3107 3984 3242 4038 Ecce
3290 3985 3436 4038 video
3453 3984 3605 4038 caelos

351 4089 582 4151 apertos,
614 4088 662 4134 et
687 4077 880 4133 Filium
913 4078 1142 4133 hominis
1167 4085 1393 4134 stantem
1427 4097 1459 4134 a
1502 4080 1700 4135 dextris
1740 4081 2013 4135 invisibilis
2053 4080 2149 4133 Dei
2177 4079 2218 4144 ⁸,
2267 4092 2432 4132 aures
2483 4091 2610 4131 suas
2664 4073 3058 4131 continebant:
3109 4073 3186 4128 ita
3229 4083 3286 4128 et
3337 4073 3427 4128 isti
3463 4090 3605 4144 quo-

353 4191 460 4247 que
499 4176 554 4229 in
585 4174 934 4230 Christianos
988 4173 1250 4229 dentibus
1296 4173 1575 4240 frendent,
1601 4190 1933 4246 omnemque
1961 4175 2208 4230 furorem
2235 4187 2397 4227 suum
2427 4171 2484 4224 in
2505 4170 2630 4224 illos
2659 4169 2884 4238 explere
2920 4167 3196 4222 laborant.

415 4265 498 4320 E'.
541 4267 826 4337 ’Δξιοῦμεν
847 4263 942 4322 οὖν
967 4269 1198 4340 προνοίᾳ
1221 4268 1316 4321 τοῦ
1343 4269 1930 4340 μεγαλοπρεπεστάτου

2100 4269 2167 4324 ν.
2205 4268 2484 4337 Rogamus
2521 4262 2776 4333 proinde,
2807 4271 2870 4315 ut
2897 4256 3428 4331 magniﬁcentissimi
3462 4272 3601 4326 prae-

352 4358 594 4430 ἐπάρχου
627 4357 728 4428 τῆς
755 4359 882 4424 νέας
913 4359 1138 4430 Ῥώμης
1171 4359 1478 4413 κωλύεσθαι
1505 4361 1634 4424 τοὺς
1661 4361 1803 4416 κατά
1823 4361 1910 4414 τῶς

2043 4360 2161 4417 lecti
2185 4374 2342 4414 nova:
2361 4358 2550 4412 Roma:
2589 4351 2958 4426 providentia,
2985 4358 3410 4420 compescantur
3440 4348 3477 4402 ii
3509 4351 3601 4418 qui

350 4447 648 4520 ὀρθοδόξων
697 4450 1204 4520 ἐπανισταμένους,
1262 4451 1360 4519 καὶ
1405 4451 1680 4520 προφάσει
1723 4452 1908 4507 δικαιο

2047 4451 2297 4505 Idversus
2337 4446 2677 4503 orthodoxos
2726 4444 3044 4514 insurgunt,
3093 4448 3149 4495 et
3175 4439 3279 4494 sub
3333 4446 3605 4508 praetextu

352 4542 582 4610 λογιῶν,
627 4541 702 4604 ῶς
745 4558 946 4610 φασιν,
994 4541 1409 4612 ἐπιχειροῦντας
1450 4543 1594 4609 κατά
1627 4561 1793 4608 τινος,
1824 4543 1910 4607 ἐωι

2044 4541 2179 4610 ιιιοᾰ
2201 4556 2260 4595 se
2295 4538 2622 4603 defendunt,
2654 4545 2717 4590 ut
2744 4536 2922 4597 aiunt,
2945 4549 3058 4588 non
3093 4533 3286 4603 paucis
3311 4532 3602 4596 insultant;

350 4635 441 4688 ὅτε
473 4633 541 4688 τὰ
569 4634 668 4705 τῆς
700 4634 938 4697 πίστεως
963 4633 1246 4703 διόρθωσιν
1271 4634 1454 4688 λάϐοιο
1496 4637 1544 4687 εί
1570 4635 1626 4687 δὲ
1656 4636 1907 4708 παρακού

2048 4633 2210 4688 lonec
2232 4647 2297 4686 ea
2347 4630 2534 4686 omnia
2573 4645 2696 4699 quae
2726 4630 2794 4684 ad
2826 4627 2989 4683 ﬁdem
3022 4627 3326 4698 pertinent,
3383 4641 3606 4697 compo-

353 4744 518 4792 σετε,
579 4726 735 4797 ήμῶν
792 4726 1202 4797 ἀμελήσαντες,
1260 4715 1750 4798 διαμαρτυρόμεθα
1801 4730 1911 4800 ὑμῖι

2047 4734 2252 4778 rantur.
2277 4722 2432 4789 Quod
2468 4722 2515 4776 si
2530 4731 2789 4799 nostram
2802 4719 3266 4790 supplicationem
3297 4734 3402 4788 pro
3425 4719 3605 4773 nihilo

353 4816 585 4870 ἐνώπιον
615 4817 710 4870 τοῦ
743 4816 1008 4885 βασιλέως
1037 4816 1143 4870 τῶν
1165 4816 1399 4882 αίώνων,
1429 4818 1735 4889 ἀφθάρτου,
1765 4820 1911 4891 ἀορά

2043 4814 2359 4878 habueritis,
2399 4828 2497 4868 vos
2532 4827 2718 4868 coram
2743 4810 3044 4866 immortali
3083 4809 3410 4864 saeculorum
3435 4809 3601 4879 Rege,

351 4924 448 4960 του
469 4947 485 4972 ,
526 4908 688 4977 μόνου
716 4906 884 4976 σοφοῦ
908 4907 1044 4960 Θεοῦ
1065 4947 1081 4970 ,
1116 4907 1214 4960 τοῦ
1239 4906 1488 4970 ἐλθόντος
1521 4909 1614 4962 καὶ
1639 4911 1909 4978 ἐπιφανὲν

2051 4905 2318 4970 nvisibili,
2347 4905 2466 4961 solo
2505 4905 2754 4975 sapiente
2796 4905 2911 4958 Deo
2939 4902 2983 4968 ⁸,
3022 4902 3117 4972 qui
3159 4910 3360 4957 nostra:
3415 4901 3607 4956 salutis

342 5015 465 5086 ξος,
496 4999 572 5063 ὡς
597 4999 853 5066 ἠθέλησε,
885 4998 976 5053 διὰ
1001 4999 1102 5069 τὴν
1127 5000 1402 5071 σωτηρίαν
1428 5000 1606 5071 ήμῶν,
1643 5001 1739 5055 καὶ
1768 5001 1897 5056 πάλι

2048 5014 2194 5054 :ausa
2222 4996 2532 5062 descendit,
2558 5004 2634 5064 et,
2657 5003 2720 5050 ut
2743 4993 2938 5060 voluit,
2966 4995 3111 5049 inter
3135 4993 3390 5048 homines
3440 5007 3606 5062 appa-

353 5090 654 5161 ἐρχομένου
698 5091 882 5160 κρῖναι
912 5089 1123 5154 ζῶντας
1156 5092 1251 5144 καὶ
1275 5091 1540 5162 νεκροὺς,
1597 5087 1642 5162 ᾧ
1684 5093 1904 5164 κάμπτε

2046 5093 2167 5158 ruit,
2203 5104 2261 5149 et
2297 5094 2367 5148 ad
2387 5092 2751 5164 iudicandum
2779 5093 2936 5146 vivos
2988 5099 3046 5146 et
3071 5099 3322 5144 mortuos
3349 5090 3369 5120 ⁵
3401 5089 3604 5143 iterum

352 5184 463 5235 πᾶν
514 5182 642 5251 γόνυ
699 5182 1069 5252 ἐπουρανίων,
1129 5184 1223 5236 καῖ⁵
1270 5183 1559 5251 ἐπιγείων,
1614 5187 1711 5239 καὶ
1759 5203 1910 5240 κατα·

2050 5193 2305 5240 ιειιιιιι-ιιε
2367 5193 2489 5251 est;
2545 5184 2633 5240 cui
2665 5199 2830 5239 omne
2882 5199 3023 5254 genu
3074 5182 3608 5247 incurvatur,cmle-

352 5273 581 5345 χθονίων
608 5315 624 5336 ,
681 5275 777 5328 καὶ¹
820 5275 971 5329 πᾶσα
1006 5274 1227 5344 γλῶσσα
1268 5275 1723 5346 ἐξομολογήσεται
1753 5277 1910 5348 αὐτῷ

2047 5277 2218 5339 stium.
2243 5278 2592 5332 terrestrium
2641 5285 2698 5332 et
2721 5275 3108 5342 infernorum;
3135 5283 3206 5340 et,
3223 5275 3404 5329 omnis
3423 5275 3605 5344 lingua

351 5367 433 5420 ὃτι
478 5365 648 5420 ἀθῶοί
693 5369 880 5430 ἐσμεν.
931 5366 1124 5437 Ἡμεῖς
1153 5367 1263 5438 γάρ
1294 5368 1438 5438 ὑμᾶς
1469 5369 1909 5440 παρεκαλέσαμει

2043 5371 2327 5425 confitetur
2350 5371 2408 5437 ‘;
2441 5371 2771 5424 innocentiae
2809 5378 3011 5424 nostra:
3045 5375 3210 5423 testes
3243 5367 3601 5436 appellamus.

353 5458 482 5528 περὶ
510 5457 729 5511 συνόδου
759 5457 1175 5528 οίκουμενικῆς,
1227 5458 1326 5529 τῆς
1351 5458 1656 5530 δυναμένης
1682 5461 1911 5531 ἀκριϐῶς

2047 5464 2143 5518 Nos
2166 5464 2314 5518 enim
2339 5478 2440 5517 vos
2469 5463 2538 5517 de
2565 5461 2908 5518 meumenica
2935 5461 3146 5532 synodo
3173 5459 3416 5530 cogenda
3446 5475 3605 5528 roga-

351 5547 619 5613 κρατῦναι
676 5549 772 5602 καὶ
819 5547 1127 5620 άνορθῶσαι
1189 5547 1261 5603 τά
1309 5550 1685 5622 σαλευόμενα,
1747 5552 1909 5607 εῐτουι

2047 5555 2235 5620 rimus,
2267 5570 2389 5625 quae
2421 5554 2704 5624 aptissime
2731 5561 2919 5624 posset
2943 5551 3299 5607 constabilire
3317 5558 3372 5605 et
3392 5551 3605 5622 erigere

424 5700 444 5732 '
476 5701 664 5757 Matth.
717 5716 841 5758 xxv.
873 5701 963 5758 25.
1040 5703 1061 5734 ³
1103 5702 1442 5772 Act.vn,55.
1515 5704 1584 5758 ⁸1
1621 5705 1759 5760 Tim.
1794 5723 1831 5772 ι,
1880 5708 1964 5761 l7.

1515 5704 1584 5758 ⁸1
1621 5705 1759 5760 Tim.
1794 5723 1831 5772 ι,
1880 5708 1964 5761 l7.
2041 5711 2061 5740 ⁸
2093 5708 2214 5762 Act.
2255 5725 2307 5773 x,
2353 5707 2440 5762 62.
2522 5710 2542 5742 ⁸
2578 5707 2816 5784 Philipp.
2865 5726 2923 5778 ιι,
2979 5712 3063 5767 10.
