3946 6206
368 165 506 232 1483

1497 169 1887 232 THEODORI
1935 171 2458 236 RAITHUENSIS

3491 187 3633 252 1481.

360 280 566 342 dicere.
604 287 712 336 etc.
737 279 927 351 Neque
955 279 1183 336 alterius
1209 293 1332 335 esse
1353 289 1509 350 puto,
1544 295 1668 351 qua:
1702 280 1831 350 περὶ
1867 280 1965 349 τῆς

2038 281 2156 349 γὶας
2191 285 2442 354 Τριάδος,
2469 288 2534 341 de
2555 297 2742 343 sancta
2787 290 3066 359 Trinitate,
3110 293 3370 366 leguntur
3399 298 3458 352 in
3501 300 3637 354 cod.

361 373 483 429 Vat.
519 371 643 428 620.
675 373 738 427 P.
770 373 917 426 Μίαν
945 367 1085 427 εἶναι
1113 373 1220 426 τῶν
1249 373 1388 426 ὅλων
1415 372 1613 442 ἀρχὴν,
1642 370 1736 424 καὶ
1759 371 1794 442 ἡ
1815 369 2026 424 Παλαιὰ
2056 373 2147 424 καὶ
2178 375 2212 444 ἡ
2239 375 2412 447 Καινὴ
2441 377 2682 433 διδάσκει
2716 381 2758 432 Γ
2759 383 2907 452 ραφή
2933 381 3033 453 (ι).

432 509 986 586 (4)_Non_in_codice
1014 510 1138 586 Vat:
1163 511 1548 586 tantummodo
1576 510 1710 586 φο,
1737 507 1961 586 [1185,
1993 510 2103 586 sed
2118 515 2284 586 etiam
2301 517 2384 586 fin
2413 515 2600 572 Ottob.
2630 520 2757 584 414,
2779 520 2817 574 l’.
2855 522 2978 586 152,
3013 523 3259 578 occurrit
3285 523 3378 578 hic
3415 531 3631 580 tractus

360 578 466 664 sub
505 580 779 664 'l'heodori
817 582 1065 664 nomine.
1106 581 1213 637 Sed
1243 584 1430 664 verius
1481 583 1537 636 in
1575 583 1697 664 gat.
1732 578 2105 664 202635.185
2127 584 2269 653 gerit
2297 585 2633 664 Theodoreti
2658 578 2884 664 nomen,
2909 578 3164 664 eicujus
3194 609 3387 663 reapse
3417 578 3626 649 ume

360 648 562 705 Haeret.
592 650 706 705 fab.
730 661 1050 721 excerptum
1087 666 1230 720 esse,
1265 653 1514 724 adeoque
1541 653 1681 708 nihil
1715 648 1847 706 novi
1866 648 2176 719 continere,
2215 669 2319 726 ego
2345 657 2530 727 legens
2551 661 2820 728 comperi.
2851 648 2917 718 Α.
2945 662 3017 716 M.

372 843 3590 905 Mm

1511 1013 2474 1136 ΘΕΟΔΩΡΟΥ

1395 1228 2016 1288 ΠΡΕΣΒΥΤΕΡΟΥ
2072 1234 2237 1288 ΤΗΣ
2287 1233 2599 1290 ΡΔΙΘΟΥ

361 1385 840 1458 Προπαρασκευή
873 1403 960 1454 τις
1001 1390 1099 1444 καὶ
1128 1373 1454 1461 γυμνασία,
1484 1392 1566 1459 τῷ
1589 1391 1950 1461 βουλομένῳ
1993 1393 2210 1464 μαθεῖν
2252 1397 2345 1462 τίς
2395 1399 2430 1451 ό
2472 1397 2696 1465 τρόπος
2726 1395 2838 1465 τῆς
2886 1395 3052 1461 θείας
3085 1393 3611 1465 ἐνανθρωπήσεως.

749 1479 846 1533 καὶ
879 1483 1244 1550 οἰκονομίας,
1276 1483 1405 1538 καθ’
1439 1485 1512 1540 ὃν
1539 1486 1898 1554 πέπρακται,
1925 1485 2025 1539 καὶ
2047 1487 2184 1539 τίνα
2207 1488 2280 1540 τὰ
2309 1488 2462 1556 πρὸς
2487 1489 2630 1554 τοὺς
2663 1485 2999 1557 ταύτηνμὴ
3023 1483 3212 1556 ὀρθῶς

1059 1575 1353 1641 νοοῦντας
1376 1577 1671 1646 λεγόμενα
1697 1577 1855 1645 παρὰ
1883 1574 2000 1629 τῶν
2035 1575 2148 1645 τῆς
2184 1578 2546 1647 Ἐκκλησίας
2584 1579 2902 1649 τροφίμων.

1511 1889 2489 2018 ΤΗΕΟΒΟΒΙ

1307 2126 1868 2189 PRESBYTERI
1937 2129 2676 2191 RHAITHUENSIS

363 2278 755 2357 Prwparatio
793 2275 1070 2356 quwdam
1110 2285 1164 2337 et
1216 2277 1588 2336 exercitatio
1639 2277 1706 2336 in
1751 2278 1886 2356 ejus
1929 2278 2199 2355 gratiam
2251 2279 2360 2357 qui
2422 2261 2672 2339 discere.
2708 2279 2918 2358 cupit.
2974 2281 3280 2361 quomodo
3325 2284 3496 2365 facta
3536 2285 3622 2347 sit

965 2377 1330 2439 incarnatio
1369 2375 1608 2446 divina,
1649 2384 1705 2436 et
1738 2394 1873 2454 quae
1902 2376 1978 2438 ab
2016 2377 2312 2439 Ecclesia:
2348 2377 2621 2439 alumnis
2659 2387 2882 2440 contra
2917 2398 3019 2441 eos

1123 2492 1130 2498 ‘
1230 2479 1342 2559 qui
1369 2498 1498 2540 non
1535 2490 1702 2541 recte
1746 2479 1820 2541 de
1862 2500 1931 2542 ea
1966 2494 2316 2557 senserunt,
2361 2481 2534 2546 dicta
2565 2494 2738 2546 sunt.

1474 2647 1758 2710 lnterprete
1782 2647 2046 2699 Francisco
2080 2645 2322 2700 Turriano
2344 2649 2402 2699 S.
2448 2650 2494 2700 J.

1264 2775 1551 2847 (GALuNn.
1586 2775 1695 2832 νει.
1724 2775 1951 2831 Patrum
1981 2772 2230 2832 Biblioth.
2266 2784 2307 2831 t.
2349 2774 2488 2841 Xlll,
2520 2791 2574 2847 p.
2602 2775 2714 2840 2f).

420 3065 741 3125 Absurdum
805 3065 1073 3134 arbitror,
1133 3076 1190 3122 et
1239 3074 1390 3121 recte
1439 3065 1665 3136 quidem
1715 3083 1805 3123 me
1845 3085 1934 3123 ar-
1967 3076 2011 3134 Α

349 3159 547 3216 bitrari
583 3156 773 3228 judico
834 3173 848 3208 :
916 3163 1003 3209 est
1055 3153 1206 3210 enim
1262 3168 1457 3208 revera
1509 3152 1837 3218 absurdum,
1887 3155 1934 3210 si

351 3253 390 3307 ii
445 3249 672 3321 quidem
716 3247 811 3316 qui
865 3246 933 3300 ad
965 3245 1230 3301 tuendum
1271 3245 1623 3300 mendacium
1658 3246 1935 3318 Eutyche-

350 3345 424 3398 tis
471 3351 528 3397 et
576 3339 824 3394 Dioscori
871 3338 1290 3408 conspirarunt,
1329 3345 1386 3392 et
1419 3345 1615 3392 contra
1642 3339 1934 3394 veritatem

351 3431 706 3496 militant,ita
752 3430 972 3485 fortiter
995 3438 1053 3484 et
1080 3430 1376 3500 vigilanter
1403 3429 1577 3484 solam
1626 3431 1930 3487 Ecclesiam

353 3528 447 3583 Dei
505 3526 838 3582 catholicam
896 3530 954 3578 et
1013 3522 1376 3593 apostolicam
1447 3514 1810 3594 oppugnant,
1872 3533 1934 3578 ut

342 3633 556 3691 pueros
587 3633 737 3682 suos,
776 3631 902 3670 cum
943 3614 1188 3668 nondum
1221 3613 1535 3682 expeditam
1570 3615 1778 3669 habent
1826 3615 1933 3669 lin-

338 3725 538 3783 .guam,
562 3718 860 3778 antequam
898 3713 1028 3760 eant
1057 3703 1126 3758 ad
1156 3703 1452 3774 magistros
1493 3714 1548 3758 et
1591 3705 1768 3773 prima
1814 3705 1931 3758 ele-
1989 3699 1994 3704 ’

338 3812 538 3858 menta
591 3798 918 3863 didicerint,
975 3809 1248 3852 exacuere
1269 3802 1333 3866 et
1378 3795 1654 3850 instruere
1707 3805 1928 3860 curent,

338 3905 413 3951 tut
441 3885 632 3950 dicere
662 3901 719 3948 et
740 3889 935 3947 audire
962 3888 1181 3960 possint
1205 3886 1305 3957 pro
1340 3885 1666 3942 defensione
1705 3887 1932 3958 dogma-

350 3987 423 4045 tis
464 3985 615 4058 quod
670 3983 774 4055 ipsi
820 3980 1201 4052 profitentur:
1247 3993 1348 4032 nos
1391 3993 1530 4032 vero
1587 3978 1660 4032 ita
1709 3978 1930 4033 desides

348 4093 543 4134 sumus
566 4086 624 4132 et
652 4077 1004 4145 languentes,
1032 4081 1094 4125 ut
1126 4086 1230 4125 nec
1262 4070 1366 4125 hoc
1401 4070 1580 4139 ipsum
1606 4071 1930 4126 Studeamus

349 4169 514 4231 scire,
559 4181 682 4236 qua:
701 4165 939 4218 istorum
986 4163 1060 4218 sit
1103 4169 1297 4215 contra
1333 4160 1643 4215 Ecclesiam
1696 4172 1928 4216 contro-

347 4259 530 4316 versia
558 4275 573 4324 ;
605 4267 663 4313 et
686 4272 755 4312 ex
791 4255 997 4326 quibus
1027 4252 1203 4308 initiis
1230 4253 1479 4323 ipsorum
1517 4251 1788 4307 adversus
1827 4268 1930 4307 nos

2111 3070 2346 3124 Ἄτοπον
2386 3064 2562 3140 οἶμαι,
2598 3069 2694 3124 καὶ
2737 3070 2918 3134 καλῶς
2977 3071 3079 3143 μὲν
3103 3072 3282 3126 ’τοῦτο
3313 3076 3574 3148 νενόμικα
3597 3095 3613 3109 ·

2038 3161 2133 3215 καὶ
2179 3162 2288 3232 γάρ
2332 3163 2481 3216 ἐστιν
2518 3163 2690 3224 ὅντως
2733 3162 2960 3226 ἄτοπον,
3015 3165 3064 3217 εὶ
3111 3159 3258 3218 οὗτοι
3305 3166 3426 3234 μὲν,
3457 3171 3506 3221 οἱ
3554 3169 3614 3236 ἐξ

2039 3253 2304 3323 Εὐτυχέος
2372 3255 2466 3307 καὶ
2509 3255 2802 3327 Διοσκόρου
2837 3255 2916 3326 τῷ
2958 3255 3146 3325 ψεύδει
3201 3259 3604 3329 συνιστάμενοι.

2036 3343 2131 3396 καὶ
2169 3346 2588 3415 στρατευόμενοι
2636 3346 2780 3400 κατὰ
2823 3345 3086 3417 ἀληθείας
3111 3389 3125 3410 ,
3150 3349 3295 3401 οὕτω
3332 3350 3604 3420 καρτερῶς

2036 3434 2132 3487 καὶ
2161 3435 2458 3504 ἀγρύπνως
2503 3435 2804 3506 πολεμοῦσι
2854 3437 2957 3508 τὴν
2992 3438 3162 3508 μόνην
3191 3439 3484 3510 καθολικὴν
3512 3442 3611 3492 καὶ

2033 3525 2398 3595 ἀποστολικὴν
2422 3527 2516 3580 τοῦ
2549 3528 2685 3582 Θεοῦ
2723 3530 3050 3601 Ἐκκλησίαν
3070 3546 3083 3559 ·
3108 3530 3249 3584 ὥστε
3273 3533 3369 3585 καὶ
3390 3532 3458 3584 τὰ
3487 3532 3613 3600 παρ’

2034 3619 2220 3683 αὐτοῖς
2252 3621 2442 3673 παιδία
2480 3623 2647 3692 μήπω
2673 3623 3050 3694 τρανωθείσης
3081 3622 3264 3686 αὐτοῖς
3307 3623 3407 3691 τῆς
3441 3621 3613 3682 γλώσ-

2035 3727 2156 3780 σης,
2188 3712 2316 3781 πρὶν
2350 3712 2430 3774 εἰς
2457 3711 2810 3776 διδασκάλους
2856 3714 3134 3782 φοιτῆσαι,
3176 3713 3270 3764 καὶ
3323 3714 3391 3765 τὰ
3421 3713 3611 3783 πρῶτα

2036 3801 2277 3867 στοιχεῖα
2325 3800 2537 3868 μαθεῖν,
2570 3802 2773 3872 ἀκονᾷν
2830 3817 2890 3853 τε
2937 3801 3033 3853 καὶ
3078 3797 3606 3869 ὲμὸιὸάζειν,ὄπως

2031 3888 2214 3957 λέγειν
2249 3889 2345 3942 καὶ
2396 3889 2619 3943 ἀκούειν
2666 3891 2916 3944 δύναιντο
2956 3889 3096 3960 ὑπὲρ
3131 3887 3225 3940 τοῦ
3263 3888 3396 3957 παρ’
3426 3888 3605 3950 αὐτοῖς

2033 3981 2473 4052 πρεσϐευομένου
2499 3983 2789 4053 δόγματος,
2820 3984 2970 4052 ἡμᾶς
3000 3982 3057 4034 δὲ
3084 3979 3228 4033 οὕτω
3263 3977 3605 4050 καταρῥᾳθυ-

2035 4074 2156 4142 μεῖν
2184 4072 2278 4122 καὶ
2310 4073 2788 4136 ἀναπεπτωκέναι,
2821 4073 2898 4136 ib;
2932 4071 3070 4142 μηδὲ
3103 4070 3236 4124 αὐτὸ
3260 4069 3420 4122 τοῦτο
3449 4085 3608 4121 σπου-

2029 4161 2211 4227 δάζειν
2260 4164 2480 4228 εἰδέναι,
2521 4165 2607 4227 τίς
2664 4167 2696 4235 ὴ
2763 4163 2998 4247 διαφορὰ
3055 4163 3261 4216 τούτων
3319 4161 3454 4231 πρὸς
3509 4160 3605 4230 τὴν

2043 4253 2389 4325 Ἐκκλησίαν,
2413 4256 2508 4308 καὶ
2537 4256 2600 4307 ἐκ
2622 4256 2789 4308 ποίων
2817 4255 3002 4324 ἀρχῶν
3033 4257 3061 4307 ὁ
3091 4253 3224 4323 πρὸς
3252 4253 3400 4322 ἡμᾶς
3427 4251 3603 4312 αὐτοῖς

349 4351 563 4407 exstitit
588 4348 797 4404 bellum
823 4363 838 4412 ;
867 4354 926 4401 et
954 4344 1048 4415 qui
1081 4344 1193 4399 sint
1219 4357 1412 4398 eorum
1443 4342 1637 4409 duces,
1669 4357 1700 4396 a
1725 4342 1930 4412 quibus

2038 4345 2332 4416 συνέστηκε
2359 4347 2614 4416 πόλεμος,
2652 4348 2800 4410 τίνες
2828 4365 2887 4399 τε
2913 4348 3006 4400 καὶ
3045 4349 3092 4400 οἱ
3131 4345 3404 4416 ἡγεμόνες
3430 4343 3603 4398 αὐτῶν

349 4441 835 4515 cognominantur.
859 4437 1078 4493 Idcirco
1111 4451 1221 4490 non
1249 4443 1333 4489 est
1370 4433 1751 4488 arbitrandum
1785 4435 1929 4488 otio-
1961 4418 1971 4472 Ῑ

2038 4428 2202 4498 οὗτοι,
2233 4434 2326 4503 ἀφ’
2359 4427 2433 4487 ὧν
2467 4433 2650 4504 ἔχουσι
2685 4434 2783 4505 τὴν
2819 4433 3232 4504 προσωνυμίαν.
3291 4434 3392 4485 Διὰ
3439 4429 3605 4483 ταῦτα

349 4549 474 4592 sum
503 4549 624 4589 esse
649 4547 854 4602 ponere
901 4531 955 4584 in
981 4529 1070 4582 his
1104 4526 1372 4588 studium,
1411 4540 1613 4594 neque,
1653 4525 1784 4595 quia
1831 4525 1929 4580 Dei

349 4623 528 4697 gratia
545 4630 606 4678 et
635 4619 1045 4682 benevolentia,
1097 4616 1152 4669 in
1179 4630 1315 4684 pace
1363 4622 1494 4669 sunt
1520 4629 1609 4668 res
1660 4613 1929 4669 ecclesia-

2033 4522 2108 4595 μὴ
2155 4527 2435 4597 πάρεργον
2486 4527 2740 4596 ἡγεῖσθαι
2788 4527 3081 4595 ὀφείλομεν
3121 4527 3219 4595 τὴν
3265 4525 3396 4593 περὶ
3437 4521 3604 4576 ταῦτα

2031 4616 2248 4688 σχολὴν,
2283 4617 2440 4688 μηδὲ,
2470 4618 2552 4670 ὅτι
2592 4617 2730 4670 Θεοῦ
2786 4618 2969 4688 χάριτι
3018 4619 3112 4671 καὶ
3153 4617 3411 4687 εὐμενείᾳ
3457 4617 3603 4685 εἰρη-

349 4717 522 4780 sticae,
554 4722 612 4769 et
666 4711 1071 4782 tranquillitate
1125 4723 1190 4762 ac
1219 4706 1409 4776 quiete
1450 4704 1740 4770 _fruimur,
1777 4704 1930 4760 omni

2038 4710 2175 4761 νεύει
2196 4710 2266 4762 τὰ
2294 4710 2392 4779 τῆς
2429 4708 2776 4780 Ἐκκλησῑας,
2807 4711 2866 4762 ὲν
2890 4709 3099 4780 γαλήνῃ
3129 4725 3189 4761 τε
3220 4707 3314 4761 καὶ
3342 4706 3604 4776 ἀταραξίᾳ

349 4807 551 4863 haeresi
575 4805 644 4860 de
671 4803 854 4860 medio
883 4802 1103 4858 sublata
1151 4807 1207 4855 et
1232 4799 1289 4852 in
1334 4813 1464 4853 suas
1507 4798 1746 4851 latebras
1793 4797 1934 4852 rele-

350 4907 497 4970 gata,
527 4897 798 4953 continuo
825 4910 926 4949 nos
969 4894 1214 4947 inermes
1248 4890 1460 4944 erimus
1484 4896 1543 4944 et
1590 4888 1802 4943 militia:
1833 4906 1930 4943 ru-

351 4989 480 5056 des;
511 5006 579 5045 ne
608 4989 757 5044 bello
785 4987 1088 5056 derepente
1118 4983 1292 5046 illato,
1325 4981 1370 5037 si
1400 4981 1535 5036 nudi
1566 4991 1626 5035 et
1669 4980 1928 5050 imparati

345 5079 817 5152 reperiamur,ab
845 5076 1131 5146 impietate
1161 5073 1503 5128 occidamur.
1559 5073 1699 5126 Dum
1725 5087 1928 5126 secun-

346 5175 440 5229 dis
466 5173 650 5229 ventis
675 5171 920 5240 navigas,
961 5177 1166 5233 metue,
1199 5167 1380 5236 inquit
1416 5166 1718 5235 Gregorius
1751 5165 1933 5220 Theo-

352 5268 530 5336 logus,
574 5262 964 5332 naufragium,
995 5269 1060 5314 et
1111 5259 1296 5313 minus
1339 5256 1688 5326 naufragium
1734 5256 1928 5320 facies,

354 5355 605 5424 adiutore
644 5368 778 5406 usus
825 5359 971 5405 metu
1045 5347 1228 5415 Quare
1281 5356 1344 5401 ut
1399 5346 1658 5416 princeps
1693 5355 1930 5415 aposto-

356 5444 533 5501 lorum
596 5444 794 5497 Petrus
844 5439 1123 5510 praecipit,
1169 5438 1343 5492 simus
1392 5451 1601 5506 semper
1634 5438 1814 5506 parati
1858 5437 1930 5491 ad

2031 4799 2220 4869 ἐσμὲν,
2259 4800 2439 4870 πάσης
2492 4801 2760 4871 αἱρέσεως
2815 4798 3064 4853 ἐκποδὼν
3113 4802 3193 4863 εἰς
3245 4799 3376 4860 τοὺς
3406 4797 3603 4862 ἑαυτῆς

2039 4889 2280 4958 φωλεοὺς
2325 4891 2885 4960 κατακεκρυμμένης,
2914 4890 3016 4961 ήδη
3065 4893 3159 4943 καὶ
3207 4889 3372 4959 ἡμεῖς
3417 4884 3604 4940 ἄοπλοι

2035 4998 2179 5045 τινες
2225 4975 2375 5053 ὦμεν
2409 4982 2835 5054 ἁπειροπόλεμοι
2868 4999 2881 5013 ·
2919 4985 3116 5053 μήπως
3166 4983 3259 5036 καὶ
3321 4983 3475 5051 ἄφνω
3520 4983 3606 5034 ὲν-

2039 5075 2262 5138 στάντος
2291 5074 2552 5145 πολέμου,
2585 5075 2783 5146 γυμνοὶ
2823 5076 2920 5128 καὶ
2950 5076 3327 5146 ἀπαράσκευοι
3357 5072 3606 5144 εὑρεθέν-

2035 5182 2130 5230 τες
2170 5166 2276 5220 ὑπὸ
2313 5167 2412 5237 τῆς
2439 5167 2759 5230 δυσσεϐείας
2788 5166 3187 5239 ἁναιρεθῶμεν.
3239 5166 3384 5229 Ἕως
3430 5164 3488 5230 ἐξ
3519 5163 3609 5216 oo.

2041 5256 2161 5326 ρίας
2199 5258 2373 5322 πλεῖς,
2406 5257 2675 5329 φοϐήθητι
2707 5259 2769 5312 τὸ
2795 5259 3074 5326 ναυάγιον,
3104 5257 3269 5328 φησιν
3299 5258 3329 5308 ὁ
3349 5254 3603 5319 Θεολόγοιι

2036 5350 2494 5422 Γρηγὸριος(5),
2536 5351 2627 5404 καὶ
2677 5345 2840 5422 ἦττον
2909 5350 3266 5419 ναυαγήσεις.
3322 5349 3388 5417 τῇ
3439 5344 3604 5414 δειλίᾳ

2036 5441 2214 5513 βοηθῷ
2241 5441 2545 5514 χρώμενος.
2566 5442 2759 5497 Τοίνυν
2789 5440 2934 5496 κατὰ
2947 5438 3047 5511 τὴν
3077 5437 3296 5508 ἐντολὴν
3324 5435 3420 5490 τοῦ
3449 5451 3603 5506 κορυ·

424 5566 503 5638 (5)
541 5567 702 5635 Greg.
741 5566 897 5629 Nar...
936 5564 1086 5618 Orat.
1157 5579 1243 5617 va
1297 5563 1374 5617 De
1434 5579 1617 5617 amore
1675 5566 2059 5651 paupertatisu
