3946 6206
332 292 470 356 1485

1603 284 1702 346 DE
1741 283 2332 345 INCARNATIONE.

3434 284 3572 348 1486

327 409 485 474 φαίου
507 403 614 458 τῶν
636 401 1236 468 ἀποστόλων,Ἕτοιμοι
1265 395 1556 466 πενώμεθα
1576 395 1726 462 πρὸς
1752 395 1900 449 ἁπο-

2012 398 2419 466 satisfactionem
2445 397 2587 449 omni
2608 398 2834 466 poscenti
2873 413 2966 450 nos
3001 398 3257 450 rationem
3277 397 3341 449 de
3362 413 3426 449 ea
3456 412 3574 467 qua:

325 498 542 566 λογίαν
579 495 670 549 ἀεὶ
705 535 719 556 ,
750 494 929 547 παντὶ
961 492 1042 556 τῷ
1072 490 1335 544 αἰτοῦντι
1368 488 1528 557 ἡμᾶς
1545 491 1731 557 λόγον
1765 489 1898 555 περὶ

327 588 436 655 τῆς
460 585 689 654 ὲνήμῖν
713 584 984 649 ἐλπίδος,
1007 582 1159 651 μετά
1189 583 1528 649 πραΰτητος
1554 580 1650 633 καὶ
1681 580 1893 649 φόϐου,

327 679 689 744 συνείδησιν
711 676 958 744 ἔχοντες
981 673 1232 740 ἀγαθήν
1255 673 1342 724 ἵνα
1379 671 1439 723 ἓν
1471 670 1580 723 τῶν
1623 672 1899 740 ὁποτέρων

328 773 546 831 πάντως
568 769 702 837 ἡμῖν
738 764 959 835 ὑπάρξῃ
988 763 1082 816 διὰ
1123 763 1223 832 τῆς
1272 761 1531 831 τοιαύτης
1585 761 1898 825 ἀξιεπαίνου

330 861 586 929 σπουδῆς,
617 860 650 929 ἢ
680 857 742 910 τὸ
773 855 968 919 σώζειν
1005 854 1132 916 τοὺς
1164 852 1607 922 ἁποδιορίζοντας
1648 851 1896 912 ἐαυτοὺς,

327 951 421 1004 καὶ
448 950 514 1002 ἐκ
545 949 645 1018 τῆς
677 949 920 1017 πονηρᾶς
951 946 1278 1015 διακρίσεως
1299 943 1501 1013 ταύτης
1518 943 1716 1005 αὐτοὺς
1744 942 1900 1013 ἐξαρ-

327 1040 541 1103 πάζειν,
581 1037 728 1090 mea
770 1036 1030 1106 παραινεῖ
1055 1036 1082 1086 ό
1119 1033 1238 1086 κατ’
1265 1031 1498 1102 ἐπίκλην
1537 1029 1762 1098 ἀδελφὸς
1805 1029 1898 1082 τοῦ

328 1121 534 1196 Κυρίου
567 1125 642 1195 ’ἢ
687 1126 734 1177 εί
777 1125 853 1194 μὴ
913 1121 1107 1183 τοῦτο,
1146 1121 1250 1174 κᾶν
1293 1120 1674 1192 ἀπορράπτειν
1719 1118 1916 1172 αὐτῶν

329 1222 504 1288 στόμα
538 1221 651 1280 τοῖς
679 1218 908 1279 δικαίοις
935 1215 1198 1284 ἐλέγχοις,
1235 1213 1310 1276 ώς
1356 1212 1492 1283 μηδέ
1522 1211 1714 1281 καιρὸν
1755 1209 1900 1280 ἔχειν

327 1313 526 1375 αὐτους
573 1307 1004 1382 ἀθυρογλωττεῖν
1051 1305 1196 1359 κατά
1257 1305 1356 1374 τῆς
1409 1303 1691 1374 ἀληθείας.
1737 1305 1803 1356 Ὃ
1843 1303 1901 1356 δέ

325 1403 533 1456 τούτων
584 1397 911 1470 τιμιώτερόν
958 1413 1018 1448 τε
1054 1397 1151 1462 καὶ
1193 1395 1396 1465 μεῖζον,
1434 1395 1524 1448 ἵνα
1558 1395 1722 1464 ἡμεῖς
1747 1393 1904 1446 αὐτοὶ

326 1495 686 1562 γινώσκωμεν
739 1491 834 1542 καὶ
882 1485 1428 1558 πεπληροφορήμεθα
1461 1485 1546 1554 ἐφ’
1577 1486 1665 1556 οἵᾳ
1719 1485 1904 1538 πίστει

326 1586 638 1654 ἑστήκαμεν
669 1583 762 1636 καὶ
789 1581 1143 1651 καυχώμεθα,
1181 1579 1687 1650 παρρησιαζόμενοι
1716 1595 1776 1631 τε
1810 1579 1905 1630 καὶ

327 1674 918 1745 ἐλευθεροστομοῦντες
971 1675 1036 1744 τῇ
1088 1672 1260 1745 αὐτῆς
1311 1670 1592 1741 ὁμολογίᾳ,
1623 1664 1685 1724 οὗ
1741 1674 1904 1740 χάριν

328 1768 454 1828 τοὺς
503 1732 700 1837 ταύτῃ·
727 1732 1138 1832 ἀντικειμένους
1184 1732 1665 1831 ἀποστρεφόμεθα.
1698 1732 1900 1829 Στοχά-
1937 1732 1978 1786 Β

331 1858 496 1929 ζομαι
528 1857 585 1911 δὲ
628 1859 708 1910 ὅτι
757 1856 852 1909 καὶ
899 1855 1040 1908 κατά
1085 1854 1177 1906 τὸν
1233 1853 1425 1923 καιρὸν
1471 1852 1568 1922 τῆς
1602 1851 1903 1904 ἀνταποδό-

333 1966 492 2012 σεως,
525 1947 772 2017 μείζωνό
807 1946 994 2016 μισθὸς
1019 1945 1169 1998 ἔσται
1199 1945 1292 1996 καὶ
1338 1944 1372 2013 ἡ
1414 1939 1654 2011 ἀποδοχὴ
1702 1940 1904 1994 πλείων

330 2043 443 2102 τοῖς
489 2037 628 2110 μετά
677 2036 933 2107 γνώσεως
966 2034 1264 2107 ἐμμελοῦς,
1306 2034 1590 2104 ἀραρότως
1614 2034 1706 2086 καὶ
1742 2034 1904 2105 ἐδρα-

333 2130 546 2199 σμένως
579 2130 858 2200 ἐχομένοις
882 2129 982 2197 τῆς
1012 2129 1316 2193 εὐσεϐείας,
1349 2128 1458 2183 τῶν
1489 2128 1675 2191 ἁπλῶς
1705 2128 1798 2180 καὶ
1829 2126 1905 2190 ώς

331 2223 522 2294 ἔτυχεν
567 2225 631 2276 ἐκ
674 2221 1160 2292 πατροπαραδότου
1223 2219 1514 2292 συνηθείας
1558 2221 1617 2274 ἐν
1661 2223 1728 2290 τῇ
1765 2221 1903 2290 αὐτῇ

333 2316 513 2370 πίστει
541 2313 980 2388 γνωριζομένων.
1013 2315 1078 2366 Oi.
1111 2313 1211 2382 μὲν
1235 2313 1345 2384 γὰρ
1374 2313 1515 2366 κατά
1551 2311 1904 2381 συμϐεϐηκὸς

337 2409 520 2479 μόνον,
553 2408 602 2460 οἱ
624 2408 680 2461 δέ
707 2406 804 2459 καὶ
830 2405 937 2458 ἀπὸ
955 2405 1192 2467 διανοίας
1218 2404 1313 2458 καὶ
1339 2404 1568 2474 γνώμης
1599 2403 1783 2457 πιστοὶ
1800 2417 1903 2471 ’γε-

333 2501 556 2568 γονότες
619 2499 971 2565 εὑρίσκονται
1004 2514 1019 2528 ο
1054 2497 1164 2560 ώς,
1200 2495 1360 2566 εἴπερ
1418 2496 1611 2566 ἔτυχεν
1660 2496 1905 2559 ἐκείνους

332 2591 460 2654 τοὺς
491 2589 773 2662 ῥᾳθύμους
807 2589 904 2642 καὶ
931 2590 1032 2642 οὐκ
1061 2586 1444 2654 ἐξεταστικοὺς
1470 2587 1577 2640 ὑπὸ
1609 2572 1905 2658 αἱρετικῶν

331 2683 537 2750 γονέων
589 2681 849 2752 ὑπάρξαι,
876 2681 986 2734 οὐδ’
1009 2681 1074 2734 ἀν
1113 2681 1438 2750 ἐφρόντισαν
1494 2680 1596 2749 τὴν
1643 2678 1906 2750 πατρῴαν

331 2773 655 2834 δνσσέὀειαν
736 2771 1114 2826 ἀποδύσασθαι
1151 2787 1166 2803 ο
1229 2770 1374 2825 οὕτω
1452 2771 1840 2838 κατάγνωστον
1871 2771 1906 2841 ἡ

331 2865 564 2936 ἀμαθία,
601 2865 697 2919 καὶ⁹
750 2865 812 2918 τὸ
850 2865 926 2935 μὴ
974 2864 1149 2918 θέλειν
1187 2862 1540 2917 διδάσκεσθαι
1572 2879 1586 2895 ο
1617 2862 1707 2916 διὰ
1745 2861 1907 2916 τοῦτο

333 2957 426 3009 καὶ
451 2955 667 3026 εἴρηται
695 2973 710 2987 ·
741 2955 970 3022 Σοφίαν
1014 2953 1114 3008 καὶ
1154 2953 1432 3007 παιδείαν
1469 2957 1503 3007 ὁ
1546 2953 1905 3018 ἐξουθενῶν,

1999 490 2055 542 in
2069 489 2220 542 nobis
2247 498 2322 541 est
2348 505 2457 558 spe,
2485 505 2602 540 cum
2619 489 2871 542 modestia
2897 497 2946 541 et
2973 491 3178 552 timore,
3203 491 3573 542 conscientiam

1999 578 2245 631 habentes
2275 577 2470 631 bonam
2506 579 2530 615 ε
2568 593 2581 628 :
2615 584 2676 630 ut
2704 576 2810 631 hoc
2832 576 3098 631 laudabili
3128 576 3313 632 studio
3339 578 3573 632 alterum

2000 669 2238 723 duorum
2261 668 2489 722 omnino
2514 683 2891 738 assequamur,
2909 677 2969 722 ut
3000 669 3086 722 vel
3120 684 3218 723 eos
3237 670 3418 723 salvos
3450 669 3576 722 red-

2001 759 2197 812 damus
2216 757 2649 827 quisemetipsos
2689 766 2974 829 segregant
2996 768 3052 814 et
3073 775 3103 814 a
3129 759 3270 813 mala
3318 773 3569 828 segrega-

2003 853 2150 906 tione
2175 867 2293 917 eos,
2322 861 2581 921 tanquam
2599 867 2666 907 ex
2681 852 2804 922 igne
2828 859 3046 921 ereptos
3079 850 3376 920 rapiamus,
3403 857 3465 904 ut
3484 849 3575 903 ille

1994 941 2096 1011 .qui
2134 941 2305 994 frater
2350 942 2570 996 Domini
2595 952 2840 1006 vocatur,
2873 943 3175 999 adm’oneth
3210 961 3224 996 :
3255 953 3351 999 aut
3390 945 3435 999 si
3465 960 3574 1002 non
3628 939 3640 949 ’

2001 1030 2127 1095 hoc,
2154 1047 2215 1085 os
2235 1046 2427 1085 eorum
2443 1032 2637 1086 saltem
2662 1034 2825 1103 justis
2841 1035 3178 1105 argumentis
3203 1035 3575 1101 obstruamus,

2002 1132 2064 1178 ut
2088 1138 2200 1176 non
2229 1122 2470 1176 habeant
2522 1134 2741 1192 tempus
2785 1125 3006 1179 laxandi
3043 1141 3106 1180 os
3144 1137 3338 1181 contra
3384 1127 3577 1182 Eccle-

2004 1215 2178 1279 siam;
2215 1222 2271 1268 et
2297 1213 2444 1282 quod
2480 1214 2678 1268 melius
2710 1229 2775 1268 ac
2825 1216 3180 1283 praestantius
3205 1224 3321 1280 est,
3359 1217 3440 1271 uti
3479 1233 3580 1271 nos

2005 1306 2112 1376 ipsi
2172 1321 2571 1378 cognoscamus
2603 1316 2660 1361 et
2700 1316 2856 1361 certo
2905 1307 3168 1374 sciamus,
3221 1309 3274 1362 in
3316 1325 3425 1378 qua
3471 1310 3578 1364 ﬁde
3631 1351 3642 1361 .

2005 1409 2236 1463 stemus,
2270 1407 2326 1453 et.
2349 1398 2650 1469 gloriemur
2673 1414 2792 1453 eam
2826 1399 3179 1454 conﬁtentes.
3208 1401 3286 1454 Ex
3313 1417 3424 1470 quo
3460 1402 3576 1465 ﬁat,

2005 1499 2066 1542 ut
2089 1503 2185 1544 eos
2219 1488 2314 1559 qui
2339 1489 2746 1553 contradicunt,
2781 1490 3145 1544 declinemus.
3188 1489 3580 1561 Conjecturam

2005 1595 2142 1634 vero
2188 1580 2356 1644 facio,
2400 1597 2524 1635 cum
2571 1581 2750 1636 aderit
2808 1590 3023 1651 tempus
3071 1583 3577 1648 remunerationis,

2007 1672 2288 1740 copiosius
2339 1687 2460 1727 esse
2509 1673 2948 1727 remunerandos
2980 1689 3096 1736 eos,
3151 1674 3248 1743 qui
3317 1677 3577 1741 scienter,

2006 1765 2164 1818 ﬁrme
2200 1779 2266 1819 ac
2295 1772 2620 1819 constanter
2643 1764 2903 1834 pietatem
2945 1765 3001 1819 in
3050 1767 3220 1821 Deum
3262 1768 3578 1833 coluerunt,

2004 1875 2169 1929 quam
2191 1843 2288 1928 qui
2325 1859 2672 1928 simpliciter,
2692 1870 2749 1914 et
2784 1874 3010 1930 propter
3047 1878 3256 1917 morem
3287 1879 3318 1917 a
3357 1863 3583 1933 majori-

2004 1945 2110 2001 bus
2140 1948 2256 2002 suis
2291 1948 2552 2002 traditum
2608 1948 2663 2002 in
2718 1949 2912 2004 eadem
2971 1950 3076 2006 [ide
3124 1963 3272 2006 sunt.
3316 1953 3399 2006 llli
3432 1953 3581 2007 enim

2007 2037 2202 2093 ﬁdeles
2243 2048 2626 2103 numerantur,
2663 2040 2794 2108 quia
2833 2055 2963 2095 casu
3005 2042 3186 2096 solum
3226 2043 3417 2099 ﬁdeles
3460 2061 3582 2100 esse

2006 2138 2452 2200 cognoscuntur;
2485 2130 2708 2195 hivero,
2747 2147 2871 2186 cum
2925 2131 3289 2203 intelligentia
3331 2145 3388 2190 et
3429 2136 3583 2206 judi-

2007 2221 2135 2274 cio:
2172 2229 2231 2274 ut
2268 2222 2379 2291 jam
2414 2221 2460 2276 si
2491 2222 2562 2276 ita
2586 2223 2885 2304 evenisset,
2914 2234 2974 2278 ut
3003 2225 3081 2279 illi
3118 2226 3359 2292 desides,
3408 2237 3464 2284 et
3489 2231 3583 2301 qui

2007 2315 2146 2370 nihil
2168 2315 2476 2384 inquirunt,
2503 2331 2570 2369 ex
2593 2316 2867 2371 haareticis
2894 2319 3217 2386 parentibus
3239 2321 3351 2374 nati
3374 2313 3582 2385 essent.

2006 2408 2148 2463 nihil
2176 2416 2465 2463 curassent
2517 2417 2804 2479 paternam
2848 2409 3189 2480 impietatem
3216 2429 3460 2480 exuere;
3495 2433 3586 2470 us-

2007 2517 2115 2570 que
2165 2501 2304 2556 adeo
2349 2511 2406 2556 et
2451 2501 2820 2571 vituperabile
2871 2510 2956 2557 est
3011 2503 3287 2573 ignorare,
3341 2515 3398 2559 et
3440 2507 3584 2560 nolle

2007 2593 2246 2656 discere,
2285 2593 2494 2648 idcirco
2545 2594 2682 2648 dicit
2717 2593 3005 2663 Scriptura
3043 2612 3056 2648 :
3105 2594 3206 2660 Qui
3264 2599 3585 2668 sapientiam

2007 2693 2057 2737 et
2079 2684 2413 2756 disciplinam
2438 2687 2659 2754 spernit,
2695 2687 2885 2749 miser;
2941 2687 3030 2756 qui
3060 2703 3182 2740 vero
3231 2683 3379 2741 amat
3423 2689 3584 2743 disci-

2009 2774 2235 2844 plinam,
2299 2776 2524 2828 inveniet
2585 2777 2931 2845 cognitionem
2982 2794 3099 2830 cum
3149 2778 3364 2847 justitia
3399 2779 3441 2832 ί.
3512 2779 3585 2836 Ut

2007 2874 2192 2920 autem
2220 2865 2559 2942 facilia-ﬁant
2589 2866 2784 2920 lectori
2808 2867 2972 2937 hujus
3004 2867 3129 2921 libri
3151 2883 3215 2922 ea
3243 2885 3364 2938 qua:
3389 2878 3586 2925 contra

2008 2955 2356 3011 adversarios
2381 2955 2662 3020 dicuntur,
2696 2957 2874 3011 visum
2895 2965 2979 3012 est
3009 2961 3384 3014 necessarium
3411 2977 3585 3030 pauca

332 3046 710 3112 ταλαίπωρος
732 3061 749 3078 ·
795 3048 828 3098 ό
882 3043 951 3097 δὲ
997 3042 1246 3111 ἀγαπῶν
1295 3043 1594 3107 παιδείαν,
1659 3041 1905 3111 εὑρήσει

2012 3047 2258 3116 quasdam
2320 3047 2387 3101 ad
2444 3048 2806 3117 aperiendum
2854 3049 3065 3104 aditum
3120 3051 3402 3117 scribere,
3457 3053 3587 3106 inde

331 3135 559 3204 γνῶσιν
590 3135 742 3203 μετὰ
788 3134 1202 3199 δικαιοσύνης.
1255 3134 1372 3186 Ἵνα
1417 3134 1474 3187 δὲ
1523 3133 1770 3203 εὔληπτα
1808 3134 1904 3202 γέ-

2015 3138 2290 3208 principio
2324 3147 2542 3210 sumpto
2581 3158 2595 3193 :

332 3244 490 3297 νηται
522 3227 687 3279 παντὶ
715 3225 793 3296 τῷ
813 3226 1196 3294 ἐντυγχάνοντι
1240 3223 1318 3294 τῷ
1358 3225 1704 3295 προκειμένῳ
1762 3229 2036 3298 πονήματι
2077 3229 2146 3281 τὰ
2193 3230 2330 3300 πρὸς
2373 3231 2499 3293 τοὺς
2527 3228 2596 3282 δι’
2626 3230 2878 3310 ἐναντίας
2939 3231 3227 3303 λεγόμενα,
3261 3209 3434 3303 μικρά
3466 3248 3587 3284 τινα

332 3317 467 3390 πρὸς
511 3316 824 3385 εἰσαγωγὴν
877 3314 1133 3379 συντάξαι
1190 3316 1486 3383 ἀναγκαῖον
1533 3315 1761 3384 ἐνόμισα
1789 3357 1804 3382 ,
1830 3311 1900 3387 ἦς
1937 3320 2032 3370 καὶ
2059 3319 2387 3390 ἀρχόμενος,
2414 3319 2558 3374 οὕτω
2585 3321 2730 3391 φημί
2761 3337 2776 3350 -

855 3434 1011 3496 Δόξα
1051 3431 1377 3496 Μάνεντος.

400 3550 592 3619 Μάνης
624 3551 652 3601 ό
683 3547 778 3600 τοῦ
813 3547 1093 3600 ἀντιθέτου
1126 3534 1352 3609 σκότους
1398 3548 1696 3619 ἐφευρετὴς
1722 3588 1737 3612 ,
1772 3547 1909 3618 μᾶλα

331 3643 422 3696 λον
453 3643 510 3695 δὲ
540 3643 638 3711 τῆς
669 3639 920 3705 ἐξουσίας
970 3637 1066 3690 τοῦ
1115 3638 1340 3701 σκότους
1385 3623 1736 3709 ἀνάπλασμα,
1773 3655 1908 3706 φαν-

331 3731 495 3802 τασίᾳ
521 3731 653 3800 ψιλῇ
687 3729 779 3781 καὶ
811 3729 1048 3797 σχήματι
1084 3728 1315 3797 διακένῳ
1347 3726 1599 3797 σώματος
1626 3727 1911 3798 ἀνθρωπί-

331 3843 422 3877 νου
442 3865 457 3889 ,
487 3819 907 3890 πεφανερῶσθαι
955 3819 1045 3870 τὸν
1074 3817 1281 3888 Κύριον
1315 3817 1626 3887 ἐφαντάσθη
1654 3817 1730 3880 ὡς
1779 3817 1912 3888 ἀλη-

333 3915 442 3977 θῶς
481 3915 575 3968 καὶ
626 3909 961 3982 ὠνείρωξεν,
1003 3909 1165 3974 ὥστε,
1206 3911 1358 3979 φησὶ,
1395 3910 1489 3962 καὶ
1543 3910 1773 3979 πάσχειν
1823 3910 1911 3962 δο-

334 4009 450 4061 κεῖν
495 4006 657 4059 αὑτὸν
708 4004 802 4056 καὶ
851 4001 1148 4072 πράττειν,
1194 4001 1337 4071 άπερ
1373 4001 1501 4070 ἕδρα
1551 4002 1644 4054 καὶ
1675 4001 1910 4054 πέπονθε

336 4098 642 4168 καθ’ἡμᾶς,
667 4095 830 4166 μηδὲν
868 4095 924 4147 δὲ
978 4093 1181 4146 τούτων
1225 4094 1510 4164 πράγματι
1548 4093 1642 4146 καὶ¹
1686 4093 1911 4164 ἀληθείᾳ

333 4193 592 4264 ὑπάρξαι,
619 4189 753 4243 ἀλλά
767 4189 983 4256 δοκήσει
1011 4186 1170 4257 μόνον
1198 4187 1289 4239 καὶ
1311 4187 1494 4257 ἀπάτῃ
1531 4185 1916 4239 ἀποϐουκολεῖν

332 4287 459 4348 τοὺς
512 4283 865 4353 ἀνθρώπους,
901 4276 984 4344 οἷς
1037 4281 1129 4334 καὶ
1181 4278 1648 4348 συνανεστράφθαι
1703 4278 1915 4347 νενόμι-

337 4395 478 4430 σται.
511 4375 606 4427 Διά
623 4374 778 4427 τοῦτο
802 4372 1003 4425 καὶδύο
1032 4371 1219 4439 φύσεις
1247 4371 1586 4440 παραιτεῖται
1612 4367 1789 4436 λέγειν
1824 4367 1914 4420 ἐπὶ

2548 3436 2735 3506 Opinio
2764 3437 3062 3492 Manicltwi.

2085 3546 2416 3602 Manichacus
2467 3547 2724 3601 inventor
2765 3547 3118 3602 tenebrarum
3159 3551 3584 3618 contrariarum,

2017 3638 2128 3692 imo
2159 3647 2479 3708 apotestate
2523 3639 2880 3693 tenebrarum
2914 3640 3242 3704 instructus,
3295 3643 3452 3697 ﬁnxit
3492 3655 3588 3700 aut

1999 3729 2336 3804 somniavit,
2363 3729 2683 3799 apparuisse
2711 3729 3006 3784 Dominum
3035 3732 3378 3801 phantastice
3409 3736 3588 3790 solum

2018 3831 2074 3875 et
2105 3821 2254 3875 inani
2297 3822 2468 3891 ﬁgura
2501 3822 2752 3890 corporis
2783 3823 3008 3876 humani
3038 3841 3053 3886 ;
3085 3803 3166 3878 ita.
3193 3834 3254 3879 ut
3285 3825 3586 3891 videretur,

2019 3913 2222 3982 inquit,
2259 3913 2392 3981 pati,
2423 3922 2479 3967 et
2507 3928 2668 3982 agere
2695 3928 2818 3982 quae
2849 3913 3065 3982 agebat,
3117 3920 3172 3967 et
3205 3929 3401 3984 passus
3441 3921 3586 3980 eSse,

2016 4007 2161 4060 sicut
2189 4021 2322 4072 nos;
2345 4005 2486 4060 nihil
2510 4013 2693 4060 tamen
2730 4005 2912 4074 reipsa
2934 4013 2989 4059 et
3015 4007 3250 4061 veritate
3277 4008 3584 4072 exstitisse,

2023 4098 2120 4154 sed
2154 4099 2334 4152 visum
2367 4114 2490 4154 esse
2522 4106 2756 4163 tantum,
2783 4107 2841 4154 et
2862 4099 2944 4154 sic
2971 4098 3102 4153 falsa
3136 4101 3320 4169 specie
3351 4100 3589 4156 illusisse

2021 4191 2360 4255 hominibus,
2386 4207 2511 4245 cum
2542 4191 2744 4261 quibus
2780 4191 2988 4247 versari
3025 4192 3342 4261 putabatur.
3380 4192 3592 4248 Idcirco

2022 4297 2132 4336 non
2157 4282 2273 4336 vult
2297 4281 2480 4336 dicere
2504 4280 2560 4334 in
2594 4273 2826 4336 Domino
2842 4281 2978 4335 duas
3000 4289 3248 4342 naturas.
3270 4281 3363 4336 sed
3403 4296 3591 4346 unam,

2024 4373 2236 4428 scilicet
2259 4373 2598 4438 divinitatis;
2623 4373 2750 4442 quia
2775 4372 2946 4442 ﬁgura
2974 4372 3065 4427 illa
3100 4375 3166 4427 ad
3187 4361 3483 4427 fallendum
3513 4374 3589 4428 si-

333 4469 427 4521 τοῦ
489 4467 714 4537 Κυρίου,
745 4449 752 4454 ’
779 4465 912 4518 ἀλλὰ
967 4464 1096 4532 μίαν
1128 4463 1224 4534 τὴν
1269 4464 1367 4533 τῆς
1421 4462 1688 4531 θεότητος,
1719 4461 1794 4523 ώς
1826 4461 1907 4513 ἆτε

2026 4466 2250 4527 mulata,
2277 4464 2500 4534 indigna
2526 4464 2809 4518 videretur
2831 4464 3289 4518 nomine'natura:
3314 4464 3587 4519 humanas.

334 4561 428 4612 τοῦ
456 4557 924 4627 πεφενακισμένου
957 4554 1188 4626 [ἐκείνου
1221 4555 1516 4624 σχήματος,
1535 4553 1625 4622 ,μὴ
1657 4550 1911 4620 ἀξιουμέ-

334 4648 449 4720 νου]
485 4650 614 4718 παρ’
640 4647 805 4701 αὑτοῦ
864 4646 1174 4716 ἀνθρωπίνη
1228 4643 1388 4713 φύσις
1428 4640 1911 4712 κατονομάζεσθαι.

678 4763 834 4826 Δόξα
864 4762 1108 4815 Παύλου
1149 4757 1563 4829 Σαμοσατέως.

406 4877 616 4939 Παῦλος
662 4877 718 4930 δέ
753 4893 839 4938 τις
873 4875 1049 4943 τούτῳ
1086 4873 1162 4942 τῷ
1199 4873 1438 4927 Μάνεντι
1471 4871 1768 4942 σύγχρονος
1819 4886 1911 4938 γε-

333 4967 543 5034 γονὼς,
581 4967 932 5035 Σαμοσατεῦς
989 4965 1088 5033 μὲν
1134 4962 1194 5014 τὸ
1238 4963 1417 5030 γένος,
1467 4961 1799 5030 Ἀντιοχείας
1855 4959 1912 5012 δὲ

334 5062 434 5130 τῆς
468 5060 670 5130 Συρίας
699 5057 981 5127 πρόεδρος,
1009 5054 1163 5125 aestv
1189 5054 1475 5124 ἄνθρωπον
1501 5050 1636 5106 εἶναι
1676 5054 1768 5105 τὸν
1800 5051 1913 5104 Κύ-

339 5169 454 5220 ριον
487 5150 872 5218 ἐδυσφήμησεν
907 5163 922 5179 ο
971 5145 1160 5216 ὥσπερ
1181 5145 1238 5198 δὲ
1279 5147 1358 5207 είς
1387 5145 1617 5197 ἕκαστον
1646 5143 1756 5195 τῶν
1785 5160 1914 5213 προ-

337 5245 544 5316 φητών,
575 5241 717 5297 οὕτω
744 5242 837 5294 καὶ
865 5241 922 5292 ἐν
953 5239 1101 5308 αὐτῴ
1125 5237 1381 5305 γενέσθαι
1425 5237 1520 5290 τοῦ
1563 5235 1702 5288 Θεοῦ
1734 5235 1908 5303 Λόγου

334 5335 436 5406 τὴν
461 5333 676 5404 οίκησιν
694 5349 707 5361 °
744 5331 898 5384 ἐνθεν
916 5332 1011 5384 καὶ
1043 5330 1138 5382 δύο
1165 5329 1357 5398 φύσεις
1391 5326 1737 5398 διῃρημένως
1752 5323 1909 5394 ἐχού-

339 5445 438 5490 σας
483 5427 577 5479 καὶ
622 5423 1016 5494 ἀκοινωνήτους
1072 5421 1208 5492 πρὸς
1263 5419 1463 5482 ἐαυτάς
1522 5415 1662 5471 εἶναι
1710 5416 1912 5469 παντά-

339 5536 506 5574 πασιν
541 5521 598 5570 ἐν
638 5516 716 5588 τῷ
742 5513 982 5585 Χριστῷ,
1019 5513 1178 5567 ἀλλον
1227 5512 1379 5574 ὄντος
1425 5511 1594 5563 αὑτοῦ
1648 5507 1742 5560 τοῦ
1781 5510 1914 5576 Χρι-

412 5677 491 5733 ει
531 5676 678 5732 Pctr.
715 5689 795 5738 ιιι,
849 5674 935 5739 15,
981 5671 1065 5725 16.
1143 5671 1167 5710 δ
1199 5669 1324 5724 Jud.
1361 5669 1446 5722 19.
1533 5670 1543 5705 ξ
1580 5664 1706 5734 Sap.
1749 5679 1829 5727 ιιι,
1865 5663 1944 5720 Η,

2359 4748 2552 4820 Opinio
2572 4747 2734 4804 Pauli
2754 4746 3164 4803 Samosatensis.

2091 4863 2295 4918 Paulus
2324 4861 2573 4932 quidam,
2609 4861 2703 4931 qui
2737 4860 2843 4915 fuit
2864 4869 3022 4915 aetate
3051 4858 3355 4922 Manichmi,
3390 4873 3593 4928 genere

2016 4955 2442 5019 Samosatensis,
2468 4955 2762 5024 episcopus
2789 4962 2972 5007 autem
2997 4951 3306 5007 Antiochia
3329 4950 3382 5004 in
3409 4949 3590 5022 Syria.

2010 5048 2331 5116 blaspheme
2377 5047 2699 5116 praedicavit
2765 5058 2884 5099 esse
2939 5044 3232 5097 Dominum
3307 5042 3592 5095 hominem

2013 5141 2253 5203 tantum,
2281 5148 2337 5194 et
2366 5139 2645 5193 habitasse
2669 5136 2911 5192 Verbum
2944 5137 2999 5189 in
3021 5151 3088 5190 eo
3111 5134 3320 5189 sicutin
3341 5133 3592 5202 quolibet

2009 5247 2076 5287 ex
2097 5245 2330 5284 numero
2367 5230 2803 5299 prophetarum:
2842 5227 2990 5281 unde
3019 5226 3204 5280 aiebat
3252 5225 3390 5279 duas
3430 5232 3593 5277 natu-

2018 5338 2106 5375 ras
2129 5336 2250 5376 esse
2278 5321 2335 5374 in
2366 5309 2590 5375 Christo
2623 5319 2850 5383 divisas,
2900 5318 2986 5371 vel
3042 5317 3162 5371 sine
3212 5316 3321 5369 ulla
3368 5313 3592 5383 penitus

2019 5413 2164 5466 inter
2184 5426 2242 5465 se
2276 5409 2665 5466 communione
2691 5426 2706 5473 ;
2767 5417 3024 5476 tanquam
3055 5407 3197 5460 alius
3221 5413 3368 5458 esset
3419 5401 3588 5458 Chri-

2021 5512 2160 5569 stus,
2193 5509 2248 5556 et
2279 5501 2418 5555 alius
2448 5499 2544 5569 qui
2595 5499 2650 5553 in
2693 5499 2812 5568 ipso
2837 5498 3118 5554 habitabat
3157 5497 3301 5551 Deus
3329 5493 3597 5550 Verbum.
