3946 6206
387 229 519 294 1487

1520 227 1909 290 ΤΗΕυουὶὶί
1951 228 2473 291 RHAITUENSIS

3494 233 3660 300 ’Κῶ

383 350 477 405 liae
506 348 698 421 prima:
726 346 969 418 origines
1001 360 1189 411 unam,
1210 356 1271 401 et
1299 345 1439 401 duas
1473 355 1698 401 naturas
1745 347 1802 400 in
1838 347 1955 401 Sal-

2066 345 2214 412 στοῦ,
2252 350 2350 401 καὶ
2398 347 2565 401 ἄλλου
2614 347 2710 401 τοῦ
2758 348 2819 402 ἐν
2867 348 3022 418 αὐτῷ
3070 347 3459 414 κατοικοῦντος
3502 350 3658 405 Θεοῦ

384 450 575 495 vatore
594 439 819 495 Christo
843 453 1014 508 prave
1048 445 1106 492 et
1145 436 1466 508 blaspheme
1491 435 1812 507 proﬁtendi.
1862 437 1955 494 Illa

2066 437 2262 505 Λόγου.
2298 434 2469 493 Δῖιται
2500 439 2600 509 μὲν
2626 435 2722 493 οὖν
2746 441 2806 494 αἱ
2839 440 3059 509 πρῶται
3087 443 3221 508 φυαὶ
3254 440 3351 494 τοῦ
3374 444 3475 513 τήν
3510 445 3661 513 μίαν

383 532 789 588 humanitatem
815 530 1068 596 tollebat,
1098 529 1218 585 haec
1241 528 1613 585 divinitatem.

887 816 1080 886 Opinio
1108 814 1453 888 Apollinarii.

449 938 572 993 Non
591 933 790 1005 exiguo
811 938 937 1001 post
961 939 1210 999 tempore
1236 929 1437 998 praesul
1472 927 1759 983 Laodicea:
1786 926 1958 999 Syrize

2062 529 2226 595 φύσιν
2252 568 2267 593 ,
2292 530 2389 583 καὶ¹
2417 531 2519 593 τὰς
2560 529 2658 584 δύο
2685 531 2875 593 κακῶς
2909 532 3005 584 καὶ⁵
3030 531 3336 603 δυσφήμως
3382 532 3659 602 λέγεσθαι

2061 623 2157 675 ἐπὶ
2209 621 2305 675 τοῦ
2350 622 2607 694 Σωτῆρος
2649 622 2890 694 Χριστοῦ
2929 638 2945 652 ·
2987 622 3048 676 τὸ
3088 623 3192 692 μὲν
3236 625 3325 677 ἐπ’
3353 626 3655 697 ἀναιρέσει

2059 713 2159 785 τῆς
2188 714 2633 784 ἀνθρωπότητος,
2655 713 2719 766 τὸ
2739 713 2796 766 δὲ
2816 713 2916 783 τῆς
2938 713 3214 784 θεότητος.

2530 823 2690 888 Δόξα
2740 824 3175 893 Ἅπολιναρίου.

2131 937 2342 1008 Χρόνου
2387 938 2443 991 δὲ
2472 939 2534 991 ού
2579 936 2780 1009 μικροῦ
2812 938 3097 1008 προῖόντος
3141 939 3519 1008 ’Λπολινάριός
3560 956 3653 1003 τις

380 1030 674 1087 maritima:
724 1022 1102 1096 Apollinarius
1161 1021 1237 1094 (6)
1288 1021 1518 1075 alterius
1576 1019 1801 1075 insania:
1847 1019 1955 1074 fuit

2066 1026 2327 1098 πρόεδρος
2384 1028 2678 1097 γενόμενος
2739 1025 3064 1090 Λαοδικείας
3105 1027 3208 1097 τῆς
3257 1029 3478 1099 Συρίας,
3546 1029 3660 1097 τῆς

380 1132 597 1177 auctor.
634 1118 773 1175 Cum
816 1115 966 1171 enim
1002 1113 1193 1169 Ariani
1221 1128 1451 1177 carnem.
1477 1110 1682 1166 Christi
1729 1111 1955 1166 omnino

2070 1121 2338 1191 παράλου,
2363 1121 2557 1190 ἐτέρας
2585 1118 3061 1190 ματαιοςρροσύνης
3096 1120 3365 1192 ἡγήσατο.
3392 1121 3515 1173 Τῶν
3535 1124 3659 1191 γὰρ

381 1214 737 1271 inanimatam
769 1224 891 1265 esse
915 1208 1185 1270 dicerent,
1232 1204 1415 1259 aiebat
1450 1204 1824 1274 Apollinarius
1868 1218 1955 1257 as-

2072 1211 2367 1281 ’Λρειανῶν
2424 1211 2772 1265 παντάπασιν
2824 1210 3035 1280 ἄψυχον
3090 1209 3362 1278 λεγόντων
3406 1214 3505 1282 τήν
3549 1209 3653 1263 τοῦ

380 1306 682 1376 sumpsisse
736 1301 961 1372 quidem
1011 1297 1306 1353 Dominum
1358 1310 1580 1349 carnem
1634 1294 1955 1358 animatam,

2066 1303 2272 1374 Κυρίου
2302 1302 2504 1373 σάρκα,
2530 1302 2694 1366 αὐτὸς
2722 1302 2751 1354 δ
2783 1301 3163 1372 ’Λπολινάριος
3195 1301 3324 1372 ἔφη,
3349 1304 3433 1356 ὅτι
3459 1303 3653 1373 σάρκα

382 1405 623 1452 mentem
650 1407 785 1448 vero
814 1398 1057 1445 nostram
1083 1402 1195 1442 non
1223 1385 1584 1455 assumpsisse
1621 1400 1635 1438 :
1672 1399 1775 1439 nec
1806 1384 1955 1438 enim

2066 1396 2163 1465 μὲν
2233 1394 2595 1465 ἐψυχωμὲνην
2628 1393 2775 1464 ψυχῇ
2804 1386 3010 1465 ζωτικῇ
3058 1394 3324 1448 ἀνέλαῦεν
3347 1396 3377 1447 δ
3409 1394 3651 1465 Κύριος,

380 1511 604 1551 carnem
625 1492 778 1546 illam
798 1495 982 1544 mente
1006 1486 1245 1540 humana
1269 1483 1594 1553 indiguisse,
1611 1481 1759 1552 quod
1807 1481 1954 1535 illam

2066 1486 2181 1540 νοῦν
2206 1486 2263 1539 δὲ
2295 1486 2386 1539 τὸν
2421 1485 2688 1556 ἡμέτερον
2723 1487 2785 1539 οὑ
2817 1486 3138 1556 προσήκατο
3159 1500 3174 1515 ⁸
3209 1486 3349 1556 μηδὲ
3368 1486 3481 1558 γὰρ
3509 1486 3651 1555 δεη-

378 1587 525 1642 Deus
548 1584 789 1641 Verbum
819 1582 913 1651 qui
957 1594 1080 1634 eam
1111 1576 1406 1654 induerat,
1443 1574 1815 1645 gubernaret;
1861 1588 1957 1627 ne-

2066 1578 2229 1649 θῆναι
2282 1578 2404 1641 νοὸς
2443 1577 2789 1646 ἀνθρωπίνου
2814 1577 3031 1648 ἐκείνην
3063 1577 3163 1648 τὴν
3193 1578 3398 1648 σάρκα,
3434 1580 3649 1648 inepto-

377 1694 485 1749 que
510 1690 709 1746 capere
726 1689 847 1728 eam
872 1672 1037 1727 aliam
1069 1669 1178 1722 vim
1209 1666 1609 1738 intelligentem
1643 1671 1844 1735 praeter
1869 1663 1955 1717 di-

2066 1671 2355 1742 νευομένην
2382 1670 2486 1723 ὑπὸ
2525 1668 2621 1723 τοῦ
2653 1670 2823 1753 αὐτὴν
2853 1668 3197 1733 ἐνδεδυκότος
3242 1670 3380 1723 Θεοῦ
3408 1670 3590 1737 Λόγου
3624 1690 3645 1702 ο

377 1770 560 1823 vinam
595 1784 609 1820 :
642 1780 757 1819 non
789 1762 941 1818 enim
987 1760 1159 1831 ipsam
1188 1758 1485 1813 humanam
1519 1762 1757 1809 mentem
1791 1768 1956 1823 posse

376 1858 672 1922 sustinere,
707 1864 767 1910 ut
796 1869 923 1909 cum
956 1850 1269 1923 potentiore
1303 1858 1359 1904 et
1396 1847 1632 1902 Domino
1660 1845 1955 1900 habitaret.

377 1952 474 2007 His
492 1948 711 2021 positis,
752 1944 988 2001 aliirmat
1025 1957 1189 1997 unam
1230 1948 1484 1993 naturam
1529 1952 1651 1993 esse
1695 1935 1862 1992 Verbi
1902 1944 1959 1991 et

376 2046 580 2109 carnis,
604 2042 808 2112 quippe
845 2054 970 2093 cum
993 2050 1123 2091 caro
1157 2033 1482 2103 imperfecta
1505 2031 1579 2085 sit
1611 2038 1670 2084 ut
1706 2031 1779 2085 sit
1811 2037 1958 2085 totus

379 2136 568 2199 homo,
607 2142 664 2188 et
695 2130 966 2186 obibanc
1016 2142 1261 2192 causam,
1289 2124 1512 2191 indigna
1563 2136 1686 2187 quae
1721 2130 1957 2176 vocetur

377 2236 506 2282 natu
517 2242 595 2280 ra.

753 2507 943 2577 Opinio
974 2503 1230 2560 Theodori
1259 2500 1611 2573 Mopsuestia.

456 2621 578 2685 Post
607 2624 758 2681 hunc
785 2621 1188 2695 Apollinarium
1238 2618 1425 2674 statim
1458 2616 1671 2673 exstitit
1702 2613 1958 2670 Theodo-

373 2736 474 2776 rus
510 2718 734 2789 quidam
783 2711 1135 2784 Mopsuestia:
1176 2709 1419 2766 civitatis
1444 2708 1524 2763 sic
1556 2707 1854 2762 nominatae
1899 2705 1956 2759 in

374 2809 568 2866 Cilicia
597 2806 913 2877 episcopus,
947 2802 1043 2871 qui
1080 2816 1149 2855 ex
1192 2808 1307 2854 toto
1346 2797 1736 2854 contradicens
1783 2795 1953 2866 Apol-

374 2899 596 2964 linario,
648 2893 1017 2952 contumelias
1067 2907 1178 2945 non
1223 2889 1374 2945 leves
1416 2886 1610 2943 audaci
1657 2886 1842 2942 animo
1899 2894 1958 2942 et

374 2990 543 3049 corde
572 2985 951 3059 imperterrita
982 2982 1208 3039 Christo
1235 2979 1403 3035 infert
1421 3020 1436 3041 ,
1468 2980 1599 3033 dum
1624 2994 1753 3034 eum
1781 2993 1956 3033 unum

2057 1762 2194 1817 ἀλλά
2227 1762 2364 1833 μηδὲ
2393 1764 2592 1833 χωρεῖν
2612 1750 2782 1831 αὐτὴν
2811 1761 2980 1832 ἄλλην
3002 1761 3196 1832 γοερὰν
3224 1762 3458 1832 δύναμιν
3484 1763 3648 1834 παρὰ

2056 1853 2157 1925 τὴν
2207 1853 2407 1907 θείανέ
2446 1853 2581 1923 μηδὲ
2620 1853 2729 1926 γάρ
2778 1853 2943 1907 αὐτὸν
2990 1854 3081 1906 τὸν
3122 1853 3466 1925 ἀνθρώπινον
3512 1852 3645 1908 νοῦν

2060 1944 2361 2012 ὑποστῆναι
2416 1941 2679 1997 δύνασθαι
2716 1943 2818 2013 τήν
2856 1943 2998 2013 μετά
3042 1943 3138 1996 τοῦ
3189 1943 3504 2015 κρείττονος
3543 1945 3643 1996 καὶ

2060 2033 2337 2087 Δεσπότου
2360 2033 2656 2105 ἐνοίκησιν.
2687 2033 2876 2088 Ταῦτα
2917 2032 3255 2103 ὑποθέμενος
3302 2034 3637 2087 διατείνεται

2063 2126 2193 2194 μίαν
2217 2120 2357 2180 εἶναι
2388 2127 2551 2195 φύσιν
2573 2126 2668 2179 τοῦ
2690 2127 2889 2194 Λόγου,
2912 2126 3006 2179 καὶ
3041 2129 3140 2195 τῆς
3175 2127 3403 2198 σαρκὸς,
3430 2127 3507 2190 ὼς
3538 2126 3639 2180 ﬁt:

2056 2218 2155 2286 τῆς
2188 2218 2393 2288 σαρκὸς
2429 2217 2654 2281 ἀτελοῦς
2699 2216 2868 2287 οὔσης
2918 2218 3001 2280 εἰς
3052 2218 3113 2270 τὸ
3161 2213 3299 2271 εἶναι
3350 2218 3637 2289 ἄνθρωπον

2056 2309 2200 2374 ὅλον,
2250 2312 2344 2363 καὶ⁵
2387 2310 2474 2364 διὰ
2527 2309 2687 2364 τοῦτο
2737 2310 2873 2382 μηδὲ
2920 2309 3100 2376 ἀξίαν,
3148 2314 3309 2379 φύσιν
3367 2327 3641 2381 προσαγο-

2059 2402 2335 2473 ρεύεσθαι.

2359 2512 2517 2577 Δόξα
2547 2511 2852 2580 Θεοδώρου
2880 2511 3328 2581 Μοψουεστίας.

2130 2621 2291 2677 Μετά
2329 2621 2522 2677 τοῦτον
2569 2622 2630 2676 δὲ
2683 2621 2779 2675 τὸν
2819 2620 3227 2692 ’Λπολινάριον,
3258 2619 3469 2684 εὐθέως
3512 2622 3644 2676 ἀνα·

2058 2713 2314 2781 φαίνεταί
2344 2730 2431 2777 τις
2457 2713 2736 2783 Θεόδωρος
2772 2716 2872 2785 τῆς
2898 2714 3280 2784 Μοψουεστίας
3303 2715 3453 2769 οῦτω
3482 2715 3645 2784 λεγο-

2061 2803 2235 2873 μένης
2268 2806 2327 2858 ἑν
2352 2807 2416 2874 τῇ
2447 2806 2519 2873 γῇ
2548 2805 2659 2857 τῶν
2695 2804 2938 2858 Κιλίκων
2959 2804 3060 2876 τὴν
3086 2806 3385 2876 ἠγεμονίαν
3406 2804 3598 2876 λαχών
3621 2823 3641 2838 ο

2058 2893 2116 2957 ὃς
2154 2895 2219 2947 ὲκ
2250 2894 2548 2965 διαμέτρου
2572 2892 2652 2962 τῷ
2690 2893 3056 2962 ’Δπολιναρίῳ
3083 2893 3420 2965 φερόμενος,
3448 2892 3641 2965 ῦὸρεις

2058 2985 2120 3039 οὐ
2152 2986 2251 3048 τὰς
2279 2984 2551 3054 τυχούσας
2602 2982 2856 3055 τολμηρᾷ
2895 2985 3046 3055 ψυχῇ
3071 2985 3165 3037 καὶ
3196 2984 3388 3054 ἀφόδῳ
3437 2985 3637 3054 καρδίᾳ

376 3082 657 3137 hominem
688 3094 719 3133 e
745 3086 936 3132 nostro
982 3088 1217 3129 numero
1242 3080 1298 3127 et
1344 3072 1510 3141 vulgo
1548 3070 1837 3126 hominum
1865 3086 1954 3125 vo-

2066 3045 2323 3146 KGTGiEEt
2350 3045 2445 3129 τοῦ
2475 3045 2747 3128 Δεσπότου
2767 3045 3055 3145 ’ἐξίοιέτέὸῖ
3088 3045 3379 3146 ἄνθρωπον
3405 3075 3502 3129 ἕνα

374 3181 483 3237 cat,
520 3169 616 3240 qui
647 3184 746 3239 per
777 3180 1131 3237 progressum
1173 3170 1400 3237 accepta
1432 3162 1528 3216 Dei
1551 3162 1749 3231 gratia,
1779 3162 1958 3216 nomi-

374 3274 540 3320 natus
562 3261 729 3316 fuerit
763 3260 909 3314 Deus
933 3297 949 3322 ,
976 3266 1033 3311 et
1058 3272 1127 3311 ex
1165 3255 1441 3325 baptismo
1470 3254 1526 3307 in
1549 3253 1810 3319 Jordane,
1856 3254 1955 3309 ba-

374 3356 618 3426 ptizatus
657 3352 713 3405 in
756 3350 983 3405 nomine
1041 3347 1249 3419 Patris,
1298 3354 1355 3401 et
1395 3344 1561 3411 Filii,
1612 3354 1669 3400 et
1715 3344 1957 3416 Spiritus

374 3444 552 3503 sancti
581 3485 596 3508 ,
624 3451 733 3498 etc.
757 3482 773 3505 ,
800 3439 1026 3494 habitus
1055 3438 1128 3493 sit
1156 3437 1357 3508 dignus
1397 3436 1543 3490 inter
1574 3437 1784 3507 primos
1810 3437 1957 3492 dono

376 3535 620 3606 Spiritus
637 3530 835 3588 sancti.
857 3531 1030 3586 Deum
1054 3536 1239 3585 autem
1260 3527 1506 3585 Verbum
1528 3537 1757 3599 propter
1776 3528 1958 3583 excel-

376 3626 585 3682 lentem
611 3623 877 3678 virtutem
912 3622 1052 3692 cjus,
1104 3620 1160 3675 in
1191 3634 1258 3674 co
1292 3618 1632 3674 habitantem
1663 3662 1678 3686 ,
1722 3636 1824 3690 pro
1853 3620 1955 3675 bo-

375 3734 446 3775 na
485 3733 586 3773 sua
610 3717 893 3771 voluntate
928 3714 1340 3769 communicare
1374 3729 1500 3768 cum
1531 3714 1728 3768 eodem
1764 3726 1955 3784 postea

376 3810 447 3866 ad
475 3806 1013 3864 consummationem
1036 3845 1051 3869 ,
1087 3804 1336 3859 divinam
1380 3803 1701 3874 dignitatem
1730 3814 1786 3859 et
1826 3806 1957 3860 ado-

376 3903 674 3958 rationem.
720 3897 847 3954 Haec
879 3910 937 3953 et
979 3897 1083 3952 alia
1120 3896 1394 3965 ejusmodi
1439 3896 1757 3966 blaspheme
1800 3912 1956 3951 eom-

376 4002 600 4050 mentus
635 3991 774 4046 duas
800 3999 1027 4044 naturas
1050 3988 1331 4058 sigillatim
1367 3988 1611 4058 signatas
1644 3986 1783 4043 dicit
1809 4003 1867 4043 se
1898 3990 1955 4042 in

373 4087 599 4144 Christo
629 4098 929 4155 agnoscere
952 4122 967 4146 ,
999 4081 1180 4136 solum
1215 4079 1543 4135 habitudine
1584 4079 1728 4135 inter
1759 4096 1818 4136 se
1843 4081 1957 4153 eol-

375 4180 534 4234 latas.
565 4175 693 4230 Hzec
720 4182 808 4229 est
833 4173 1075 4227 secunda
1102 4171 1349 4236 lueresis,
1388 4186 1511 4241 qua
1553 4180 1677 4240 post
1725 4172 1954 4227 Paulum

376 4271 822 4327 Samosatcnsem
850 4279 1016 4321 unam
1048 4271 1323 4327 naturam,
1350 4271 1407 4317 et
1448 4263 1587 4318 duas
1632 4275 1858 4318 naturas
1884 4265 1956 4319 si-

376 4361 609 4435 gillatim
630 4362 872 4431 signatas
900 4355 975 4430 (7)
1002 4371 1170 4428 prave
1196 4355 1252 4409 in
1281 4354 1506 4411 Christo
1525 4357 1845 4412 comitetur.

948 4554 1136 4628 Opinio
1167 4553 1415 4609 Nectarii.

449 4657 584 4712 Post
608 4654 712 4709 hos
735 4651 840 4707 fuit
865 4649 1091 4722 quidam
1116 4645 1341 4700 nomine
1363 4644 1654 4703 Nestorius
1682 4647 1955 4703 oriundus

379 4766 447 4805 ex
476 4744 827 4803 Cermanicia
856 4742 912 4797 in
946 4741 1122 4814 Syria.
1160 4741 1363 4796 Factus
1381 4747 1467 4795 est
1498 4739 1739 4794 clericus
1760 4738 1957 4795 Antio-

374 4842 534 4906 cbim,
553 4855 677 4910 quae
692 4838 797 4895 sita
814 4838 1061 4908 estjuxta
1075 4836 1338 4891 Orontem
1359 4833 1608 4900 ﬂuvium,
1622 4842 1680 4887 et
1697 4833 1957 4889 Ecclesia:

374 4928 1002 4999 Constantinopolitanae
1024 4925 1265 4996 praefuit.
1300 4923 1402 4979 Hic
1434 4938 1631 4978 rursus
1659 4938 1794 4978 voce
1816 4922 1955 4977 dua-

376 5039 500 5080 rum
536 5031 858 5076 naturarum
885 5019 940 5074 in
974 5017 1198 5074 Christo
1236 5015 1407 5087 prave
1440 5015 1653 5070 abusus
1675 5022 1781 5079 est,
1814 5015 1957 5069 sicut

377 5118 616 5189 majores
631 5116 752 5186 ejus
778 5112 984 5168 Paulus
997 5119 1053 5166 et
1072 5108 1399 5163 Theodorus
1427 5123 1567 5162 :non
1583 5108 1731 5162 enim
1761 5092 1956 5162 nume-

376 5225 498 5264 rum
521 5209 756 5265 duarum
778 5214 1104 5260 naturarum
1127 5200 1382 5268 aﬂirmat,
1413 5209 1475 5255 ut
1505 5201 1797 5256 veritatem
1813 5201 1955 5255 divi.-

379 5301 566 5359 nitatis
611 5309 668 5358 et
721 5296 1083 5355 humanitatis
1123 5296 1180 5351 in
1227 5293 1451 5351 Christo
1485 5293 1605 5349 sine
1645 5298 1951 5352 mutatione

2059 3167 2184 3220 καθ’
2216 3167 2363 3237 ἡμᾶς
2389 3166 2572 3221 κοινὸν
2592 3166 2905 3225 ἀποκαλῶν.
2931 3168 3027 3221 καὶ
3051 3168 3115 3220 ὲκ
3138 3168 3422 3237 προκοπῆς
3445 3166 3639 3220 Inﬁdu-

2059 3276 2127 3312 τα
2176 3260 2278 3328 τὴν
2333 3259 2497 3330 χάριν
2532 3258 2629 3311 τοῦ
2653 3258 2814 3324 Θεοῦ,
2843 3259 2977 3312 Θεὸν
2999 3258 3365 3329 ὀνομάζεσθαι
3392 3277 3409 3290 ’
3442 3261 3534 3314 καὶ
3562 3261 3637 3313 ἐκ

2054 3348 2150 3403 τοῦ
2182 3352 2241 3403 ὲν
2273 3348 2352 3419 τῷ
2392 3349 2633 3421 Ἰορδάνῃ
2659 3349 3035 3420 βαπτίσματος
3067 3348 3366 3418 ἀξιωθῆναι
3386 3350 3441 3401 ὲν
3467 3349 3623 3421 1:96)-

2055 3459 2170 3505 τοις
2200 3441 2302 3511 τῆς
2355 3440 2450 3494 τοῦ
2502 3442 2660 3510 ἁγίου
2695 3441 3015 3512 Πνεύματος
3059 3443 3303 3513 δωρεᾶς,
3336 3444 3417 3504 είς
3451 3442 3631 3513 δνομα

2056 3532 2300 3605 Πατέρος
2324 3534 2417 3587 καὶ
2443 3534 2574 3587 Υίοῦ
2594 3535 2689 3587 καὶ⁸
2710 3534 2867 3603 ἁγίου
2895 3535 3212 3605 Πνεύματος
3242 3535 3627 3606 βαπτισθέντα,

2058 3622 2163 3680 Τὸν
2205 3627 2262 3680 δὲ
2308 3627 2441 3679 Θεὸν
2469 3628 2643 3694 Λόγον
2694 3626 2781 3679 διὰ
2820 3628 2922 3697 τὴν
2962 3626 3411 3699 ὑπερϐάλλουσαν
3457 3627 3626 3681 αὐτοῦ

2057 3719 2261 3790 ἀρετὴν
2293 3719 2415 3772 κατ’
2440 3718 2691 3771 εὐδοκίαν
2733 3718 2791 3770 ὲν
2818 3717 2971 3788 αὐτῷ
2998 3719 3425 3789 κατοικήσαντα,
3467 3736 3628 3788 μετα-

2056 3810 2244 3863 δοῦναι
2276 3809 2429 3881 αὐτῷ
2458 3813 2556 3881 τῆς
2583 3808 2773 3878 θεῖκῆς
2799 3808 2958 3875 ἀξίας
2982 3809 3075 3861 καὶ
3103 3811 3531 3881 προσκυνήσεως
3546 3813 3629 3881 εἰς

2056 3901 2286 3973 ὓστερον
2347 3901 2490 3974 μετὰ
2530 3899 2629 3972 τὴν
2675 3899 2955 3953 τελείωσιν
2980 3915 2995 3929 ⁸
3030 3899 3205 3954 ταῦτά
3247 3918 3307 3953 τε
3342 3900 3439 3954 καὶ
3470 3901 3630 3969 ἕτερα

2056 3994 2230 4048 πολλὰ
2261 3994 2626 4064 δυσφημήσας
2655 3993 2904 4058 τοιαῦτα,
2932 3992 3028 4046 δύο
3060 3992 3252 4061 φύσεις
3281 3992 3632 4063 ίδιοπεριορί-

2058 4104 2217 4152 στους
2264 4088 2428 4157 φησὶν
2476 4085 2672 4139 εξδέναι
2714 4086 2806 4140 ἐπὶ
2857 4083 3122 4157 Χριστοῦ,
3152 4086 3339 4155 σχέσει
3383 4086 3493 4139 τινὶ
3528 4085 3623 4137 καὶ

2061 4178 2221 4249 μόνον
2253 4177 2513 4248 ἀλλήλαις
2547 4177 2923 4250 ᾠκειωμένας.
2948 4177 3185 4248 Δευτέρα
3206 4178 3301 4230 καὶ
3326 4176 3464 4249 αῦτη
3492 4176 3627 4230 πὶά-

2058 4286 2122 4341 νη
2152 4267 2248 4320 τοῦ
2287 4269 2417 4338 μίαν
2436 4266 2598 4336 φύσιν
2622 4268 2716 4322 καὶ
2741 4265 2836 4321 δύο
2867 4266 3057 4336 φύσεις
3076 4267 3625 4338 ἱδιοπεριορίστους.

1981 4371 2026 4426 ι)
2060 4360 2136 4432 μὴ
2170 4360 2315 4415 κατά
2352 4359 2444 4413 τὸν
2479 4358 2642 4431 ὀρθὸν
2683 4359 2844 4427 λόγον
2891 4358 3275 4431 ὁμολογεῖσθαι
3314 4362 3374 4415 ἐν
3397 4359 3472 4430 τῷ
3497 4361 3622 4431 Χρι-

2058 4469 2185 4524 στῳ.

2574 4564 2729 4629 Δόξα
2772 4566 3142 4648 χΝεστορίου.

2126 4658 2281 4713 Μετὰ
2314 4655 2540 4721 τούτους
2587 4657 2644 4711 δὲ
2704 4656 2913 4722 γίνεται
2943 4674 3027 4721 τις
3066 4658 3357 4727 Νεπόριος
3387 4657 3622 4729 ὀνόματι,

2056 4750 2115 4815 ὃς
2142 4750 2370 4819 ὡρμᾶτο
2414 4749 2518 4818 μὲν
2570 4748 2681 4802 ἀπὸ
2727 4749 3129 4818 Γερμανικείας
3182 4748 3281 4818 τῆς
3323 4752 3380 4802 ὲν
3409 4750 3574 4820 Συρίᾳ
3607 4769 3620 4780 ο

2058 4842 2359 4913 κληροῦται
2386 4842 2443 4895 δὲ
2467 4844 2527 4896 ἐν
2564 4841 2836 4913 ’Λντιοχίᾳ
2859 4844 2926 4911 τῇ
2964 4840 3118 4913 παρά
3155 4841 3419 4912 Ὀρόντην
3463 4858 3622 4896 ποταυ

2062 4931 2184 5003 μὸν,
2208 4931 2834 4995 Κωνσταντινουπὸλεως
2869 4931 2928 4985 δὲ
2970 4932 3063 4985 τὸν
3115 4931 3307 5002 θρόνον
3343 4932 3624 5002 λαμϐάνει.

2060 5020 2228 5089 Οὗτος
2271 5025 2433 5078 πάλιν
2454 5027 2520 5097 τῇ
2552 5027 2705 5095 φωνῇ
2742 5024 2855 5078 τῶν
2885 5024 2978 5078 δύο
3011 5025 3227 5094 φύσεων
3255 5024 3367 5079 τῶν
3405 5027 3462 5077 ὲν
3493 5026 3620 5094 Χρι·

2064 5117 2195 5187 στῷ,
2247 5117 2542 5186 κακοφυῶς
2592 5116 2970 5188 ἀποκέχρηται
3020 5116 3227 5187 ὁμοίως
3283 5116 3483 5185 Παύλῳ
3535 5115 3624 5169 καὶ

2056 5210 2317 5281 Θεοδώρῳ
2337 5212 2448 5274 τοῖς
2482 5209 2673 5263 ἑαυτοῦ
2704 5210 3007 5280 προγόνοις.
3033 5208 3109 5262 (ὶῦ
3135 5208 3242 5279 γὰρ
3262 5209 3350 5261 ἴνα
3378 5210 3476 5277 τὴν
3501 5207 3623 5276 ἁληο

2059 5304 2260 5374 θότητα
2302 5303 2402 5374 τῆς
2446 5302 2591 5356 κατά
2634 5302 2870 5373 Χριστὸν
2910 5302 3165 5372 σεότητός
3189 5318 3249 5354 τε
3288 5302 3383 5354 καὶ
3424 5301 3622 5372 ἀνθρω-

1868 5416 2101 5472 NOTAE.

446 5516 522 5583 (6)
550 5513 675 5570 llazc
710 5522 768 5568 et
826 5527 949 5583 qua:
1000 5518 1310 5583 sequuntur
1346 5505 1949 5583 descripsitﬂsuidas'v.

391 5580 813 5653 'Aizoi.).wdpto;,
847 5580 920 5635 ἰιι
966 5581 1208 5653 advertit
1235 5580 1502 5635 Kusterus
1535 5580 1601 5634 ad
1637 5580 1820 5637 Suida:
1849 5582 1951 5638 Le-

378 5655 558 5720 xicon,
606 5651 741 5709 tom.
772 5652 814 5719 ι,
855 5667 979 5723 pag.
1023 5651 1129 5705 280

2131 5513 2208 5580 (7)
2268 5513 2789 5583 ἰδιοπεριορίστους,
2832 5521 2986 5568 verte
3012 5513 3121 5566 suis
3150 5527 3415 5583 quamque
3437 5510 3623 5577 ﬁnibus

2061 5585 2426 5647 terminatam,
2460 5581 2583 5639 jhoc
2631 5592 2737 5650 est,
2775 5598 2884 5639 non
2933 5581 3272 5655 hypostatice
3321 5581 3529 5637 unitas.
